<?xml version="1.0" encoding="UTF-8"?>
<alto xmlns="http://www.loc.gov/standards/alto/ns-v3#" xmlns:xlink="http://www.w3.org/1999/xlink" xmlns:xsi="http://www.w3.org/2001/XMLSchema-instance" xsi:schemaLocation="http://www.loc.gov/standards/alto/ns-v3# http://www.loc.gov/alto/v3/alto-3-0.xsd">
	<Description>
		<MeasurementUnit>pixel</MeasurementUnit>
		<sourceImageInformation>
			<fileName>/tmp/tess_77549tg__input.PNG</fileName>
		</sourceImageInformation>
		<OCRProcessing ID="OCR_0">
			<ocrProcessingStep>
				<processingSoftware>
					<softwareName>tesseract 5.3.4</softwareName>
				</processingSoftware>
			</ocrProcessingStep>
		</OCRProcessing>
	</Description>
	<Layout>
		<Page WIDTH="1100" HEIGHT="1800" PHYSICAL_IMG_NR="0" ID="page_0">
			<PrintSpace HPOS="0" VPOS="0" WIDTH="1100" HEIGHT="1800">
				<ComposedBlock ID="cblock_0" HPOS="180" VPOS="164" WIDTH="834" HEIGHT="28">
					<TextBlock ID="block_0" HPOS="180" VPOS="164" WIDTH="834" HEIGHT="28">
						<TextLine ID="line_0" HPOS="180" VPOS="164" WIDTH="834" HEIGHT="28">
							<String ID="string_0" HPOS="180" VPOS="164" WIDTH="42" HEIGHT="22" WC="0.95" CONTENT="966"/><SP WIDTH="257" VPOS="164" HPOS="222"/>
							<String ID="string_1" HPOS="479" VPOS="170" WIDTH="45" HEIGHT="20" WC="0.96" CONTENT="Lag"/><SP WIDTH="12" VPOS="170" HPOS="524"/>
							<String ID="string_2" HPOS="536" VPOS="174" WIDTH="34" HEIGHT="12" WC="0.95" CONTENT="om"/><SP WIDTH="12" VPOS="174" HPOS="570"/>
							<String ID="string_3" HPOS="582" VPOS="170" WIDTH="126" HEIGHT="20" WC="0.96" CONTENT="föreningar."/><SP WIDTH="152" VPOS="170" HPOS="708"/>
							<String ID="string_4" HPOS="860" VPOS="170" WIDTH="13" HEIGHT="17" WC="0.92" CONTENT="3"/><SP WIDTH="13" VPOS="170" HPOS="873"/>
							<String ID="string_5" HPOS="886" VPOS="172" WIDTH="128" HEIGHT="20" WC="0.90" CONTENT="september:"/>
						</TextLine>
					</TextBlock>
				</ComposedBlock>
				<GraphicalElement ID="cblock_1" HPOS="186" VPOS="199" WIDTH="826" HEIGHT="2"></GraphicalElement >
				<ComposedBlock ID="cblock_2" HPOS="178" VPOS="237" WIDTH="834" HEIGHT="87">
					<TextBlock ID="block_1" HPOS="178" VPOS="237" WIDTH="834" HEIGHT="87">
						<TextLine ID="line_1" HPOS="250" VPOS="237" WIDTH="762" HEIGHT="29">
							<String ID="string_6" HPOS="250" VPOS="239" WIDTH="19" HEIGHT="26" WC="0.96" CONTENT="1)"/><SP WIDTH="24" VPOS="239" HPOS="269"/>
							<String ID="string_7" HPOS="293" VPOS="238" WIDTH="40" HEIGHT="27" WC="0.95" CONTENT="De,"/><SP WIDTH="24" VPOS="238" HPOS="333"/>
							<String ID="string_8" HPOS="357" VPOS="238" WIDTH="75" HEIGHT="21" WC="0.95" CONTENT="hvilka"/><SP WIDTH="16" VPOS="238" HPOS="432"/>
							<String ID="string_9" HPOS="448" VPOS="238" WIDTH="35" HEIGHT="21" WC="0.93" CONTENT="till"/><SP WIDTH="15" VPOS="238" HPOS="483"/>
							<String ID="string_10" HPOS="498" VPOS="237" WIDTH="214" HEIGHT="29" WC="0.85" CONTENT="kontraproposition"/><SP WIDTH="16" VPOS="237" HPOS="712"/>
							<String ID="string_11" HPOS="728" VPOS="239" WIDTH="57" HEIGHT="19" WC="0.96" CONTENT="emot"/><SP WIDTH="14" VPOS="239" HPOS="785"/>
							<String ID="string_12" HPOS="799" VPOS="238" WIDTH="115" HEIGHT="22" WC="0.96" CONTENT="utskottets"/><SP WIDTH="14" VPOS="238" HPOS="914"/>
							<String ID="string_13" HPOS="928" VPOS="239" WIDTH="84" HEIGHT="27" WC="0.96" CONTENT="förslag"/>
						</TextLine>
						<TextLine ID="line_2" HPOS="181" VPOS="266" WIDTH="831" HEIGHT="29">
							<String ID="string_14" HPOS="181" VPOS="268" WIDTH="36" HEIGHT="22" WC="0.87" CONTENT="tll"/><SP WIDTH="23" VPOS="268" HPOS="217"/>
							<String ID="string_15" HPOS="240" VPOS="268" WIDTH="80" HEIGHT="27" WC="0.93" CONTENT="lydelse"/><SP WIDTH="16" VPOS="268" HPOS="320"/>
							<String ID="string_16" HPOS="336" VPOS="268" WIDTH="38" HEIGHT="26" WC="0.93" CONTENT="för"/><SP WIDTH="14" VPOS="268" HPOS="374"/>
							<String ID="string_17" HPOS="388" VPOS="268" WIDTH="14" HEIGHT="25" WC="0.93" CONTENT="$"/><SP WIDTH="16" VPOS="268" HPOS="402"/>
							<String ID="string_18" HPOS="418" VPOS="268" WIDTH="10" HEIGHT="20" WC="0.96" CONTENT="1"/><SP WIDTH="15" VPOS="268" HPOS="428"/>
							<String ID="string_19" HPOS="443" VPOS="268" WIDTH="83" HEIGHT="26" WC="0.96" CONTENT="antaga"/><SP WIDTH="15" VPOS="268" HPOS="526"/>
							<String ID="string_20" HPOS="541" VPOS="266" WIDTH="104" HEIGHT="28" WC="0.96" CONTENT="förslaget"/><SP WIDTH="14" VPOS="266" HPOS="645"/>
							<String ID="string_21" HPOS="659" VPOS="266" WIDTH="10" HEIGHT="20" WC="0.96" CONTENT="i"/><SP WIDTH="14" VPOS="266" HPOS="669"/>
							<String ID="string_22" HPOS="683" VPOS="266" WIDTH="71" HEIGHT="27" WC="0.95" CONTENT="första"/><SP WIDTH="15" VPOS="266" HPOS="754"/>
							<String ID="string_23" HPOS="769" VPOS="267" WIDTH="169" HEIGHT="26" WC="0.95" CONTENT="reservationen,"/><SP WIDTH="16" VPOS="267" HPOS="938"/>
							<String ID="string_24" HPOS="954" VPOS="269" WIDTH="58" HEIGHT="19" WC="0.96" CONTENT="rösta"/>
						</TextLine>
						<TextLine ID="line_3" HPOS="178" VPOS="295" WIDTH="408" HEIGHT="29">
							<String ID="string_25" HPOS="178" VPOS="296" WIDTH="38" HEIGHT="28" WC="0.96" CONTENT="ja;"/><SP WIDTH="16" VPOS="296" HPOS="216"/>
							<String ID="string_26" HPOS="232" VPOS="296" WIDTH="32" HEIGHT="26" WC="0.96" CONTENT="de,"/><SP WIDTH="12" VPOS="296" HPOS="264"/>
							<String ID="string_27" HPOS="276" VPOS="296" WIDTH="36" HEIGHT="21" WC="0.96" CONTENT="det"/><SP WIDTH="14" VPOS="296" HPOS="312"/>
							<String ID="string_28" HPOS="326" VPOS="296" WIDTH="48" HEIGHT="20" WC="0.96" CONTENT="icke"/><SP WIDTH="13" VPOS="296" HPOS="374"/>
							<String ID="string_29" HPOS="387" VPOS="297" WIDTH="60" HEIGHT="25" WC="0.95" CONTENT="göra,"/><SP WIDTH="15" VPOS="297" HPOS="447"/>
							<String ID="string_30" HPOS="462" VPOS="296" WIDTH="60" HEIGHT="20" WC="0.96" CONTENT="rösta"/><SP WIDTH="14" VPOS="296" HPOS="522"/>
							<String ID="string_31" HPOS="536" VPOS="295" WIDTH="50" HEIGHT="27" WC="0.96" CONTENT="nej;"/>
						</TextLine>
					</TextBlock>
				</ComposedBlock>
				<ComposedBlock ID="cblock_3" HPOS="181" VPOS="352" WIDTH="829" HEIGHT="57">
					<TextBlock ID="block_2" HPOS="181" VPOS="352" WIDTH="829" HEIGHT="57">
						<TextLine ID="line_4" HPOS="249" VPOS="352" WIDTH="761" HEIGHT="28">
							<String ID="string_32" HPOS="249" VPOS="353" WIDTH="81" HEIGHT="21" WC="0.96" CONTENT="vinner"/><SP WIDTH="16" VPOS="353" HPOS="330"/>
							<String ID="string_33" HPOS="346" VPOS="352" WIDTH="42" HEIGHT="26" WC="0.96" CONTENT="nej,"/><SP WIDTH="17" VPOS="352" HPOS="388"/>
							<String ID="string_34" HPOS="405" VPOS="352" WIDTH="41" HEIGHT="21" WC="0.96" CONTENT="har"/><SP WIDTH="14" VPOS="352" HPOS="446"/>
							<String ID="string_35" HPOS="460" VPOS="352" WIDTH="87" HEIGHT="21" WC="0.82" CONTENT="ståndet"/><SP WIDTH="15" VPOS="352" HPOS="547"/>
							<String ID="string_36" HPOS="562" VPOS="352" WIDTH="9" HEIGHT="20" WC="0.96" CONTENT="i"/><SP WIDTH="14" VPOS="352" HPOS="571"/>
							<String ID="string_37" HPOS="585" VPOS="352" WIDTH="81" HEIGHT="21" WC="0.96" CONTENT="sådant"/><SP WIDTH="14" VPOS="352" HPOS="666"/>
							<String ID="string_38" HPOS="680" VPOS="352" WIDTH="100" HEIGHT="27" WC="0.95" CONTENT="afseende"/><SP WIDTH="15" VPOS="352" HPOS="780"/>
							<String ID="string_39" HPOS="795" VPOS="352" WIDTH="123" HEIGHT="28" WC="0.95" CONTENT="föredragit"/><SP WIDTH="14" VPOS="352" HPOS="918"/>
							<String ID="string_40" HPOS="932" VPOS="353" WIDTH="28" HEIGHT="21" WC="0.93" CONTENT="hr"/><SP WIDTH="12" VPOS="353" HPOS="960"/>
							<String ID="string_41" HPOS="972" VPOS="352" WIDTH="38" HEIGHT="22" WC="0.89" CONTENT="Se-"/>
						</TextLine>
						<TextLine ID="line_5" HPOS="181" VPOS="381" WIDTH="217" HEIGHT="28">
							<String ID="string_42" HPOS="181" VPOS="382" WIDTH="110" HEIGHT="21" WC="0.90" CONTENT="derholms"/><SP WIDTH="14" VPOS="382" HPOS="291"/>
							<String ID="string_43" HPOS="305" VPOS="381" WIDTH="93" HEIGHT="28" WC="0.96" CONTENT="förslag."/>
						</TextLine>
					</TextBlock>
				</ComposedBlock>
				<ComposedBlock ID="cblock_4" HPOS="250" VPOS="436" WIDTH="590" HEIGHT="30">
					<TextBlock ID="block_3" HPOS="250" VPOS="436" WIDTH="590" HEIGHT="30">
						<TextLine ID="line_6" HPOS="250" VPOS="436" WIDTH="590" HEIGHT="30">
							<String ID="string_44" HPOS="250" VPOS="438" WIDTH="168" HEIGHT="28" WC="0.96" CONTENT="Propositionen"/><SP WIDTH="16" VPOS="438" HPOS="418"/>
							<String ID="string_45" HPOS="434" VPOS="438" WIDTH="129" HEIGHT="21" WC="0.96" CONTENT="besvarades"/><SP WIDTH="17" VPOS="438" HPOS="563"/>
							<String ID="string_46" HPOS="580" VPOS="438" WIDTH="48" HEIGHT="21" WC="0.93" CONTENT="med"/><SP WIDTH="15" VPOS="438" HPOS="628"/>
							<String ID="string_47" HPOS="643" VPOS="436" WIDTH="156" HEIGHT="29" WC="0.92" CONTENT="öfvervägande"/><SP WIDTH="12" VPOS="436" HPOS="799"/>
							<String ID="string_48" HPOS="811" VPOS="438" WIDTH="29" HEIGHT="27" WC="0.96" CONTENT="ja."/>
						</TextLine>
					</TextBlock>
				</ComposedBlock>
				<ComposedBlock ID="cblock_5" HPOS="182" VPOS="495" WIDTH="829" HEIGHT="171">
					<TextBlock ID="block_4" HPOS="182" VPOS="495" WIDTH="828" HEIGHT="86">
						<TextLine ID="line_7" HPOS="250" VPOS="495" WIDTH="760" HEIGHT="28">
							<String ID="string_49" HPOS="250" VPOS="497" WIDTH="22" HEIGHT="26" WC="0.94" CONTENT="2)"/><SP WIDTH="24" VPOS="497" HPOS="272"/>
							<String ID="string_50" HPOS="296" VPOS="496" WIDTH="40" HEIGHT="27" WC="0.95" CONTENT="De,"/><SP WIDTH="25" VPOS="496" HPOS="336"/>
							<String ID="string_51" HPOS="361" VPOS="495" WIDTH="74" HEIGHT="22" WC="0.96" CONTENT="hvilka"/><SP WIDTH="22" VPOS="495" HPOS="435"/>
							<String ID="string_52" HPOS="457" VPOS="495" WIDTH="35" HEIGHT="21" WC="0.93" CONTENT="till"/><SP WIDTH="15" VPOS="495" HPOS="492"/>
							<String ID="string_53" HPOS="507" VPOS="495" WIDTH="215" HEIGHT="28" WC="0.91" CONTENT="kontraproposition"/><SP WIDTH="16" VPOS="495" HPOS="722"/>
							<String ID="string_54" HPOS="738" VPOS="497" WIDTH="45" HEIGHT="19" WC="0.95" CONTENT="mot"/><SP WIDTH="14" VPOS="497" HPOS="783"/>
							<String ID="string_55" HPOS="797" VPOS="495" WIDTH="115" HEIGHT="21" WC="0.96" CONTENT="utskottets"/><SP WIDTH="14" VPOS="495" HPOS="912"/>
							<String ID="string_56" HPOS="926" VPOS="496" WIDTH="84" HEIGHT="27" WC="0.95" CONTENT="förslag"/>
						</TextLine>
						<TextLine ID="line_8" HPOS="182" VPOS="523" WIDTH="828" HEIGHT="30">
							<String ID="string_57" HPOS="182" VPOS="525" WIDTH="36" HEIGHT="22" WC="0.96" CONTENT="till"/><SP WIDTH="23" VPOS="525" HPOS="218"/>
							<String ID="string_58" HPOS="241" VPOS="525" WIDTH="79" HEIGHT="28" WC="0.96" CONTENT="lydelse"/><SP WIDTH="23" VPOS="525" HPOS="320"/>
							<String ID="string_59" HPOS="343" VPOS="524" WIDTH="37" HEIGHT="28" WC="0.93" CONTENT="för"/><SP WIDTH="22" VPOS="524" HPOS="380"/>
							<String ID="string_60" HPOS="402" VPOS="524" WIDTH="15" HEIGHT="27" WC="0.93" CONTENT="$"/><SP WIDTH="21" VPOS="524" HPOS="417"/>
							<String ID="string_61" HPOS="438" VPOS="525" WIDTH="12" HEIGHT="20" WC="0.92" CONTENT="1"/><SP WIDTH="17" VPOS="525" HPOS="450"/>
							<String ID="string_62" HPOS="467" VPOS="523" WIDTH="115" HEIGHT="28" WC="0.92" CONTENT="föredraga"/><SP WIDTH="15" VPOS="523" HPOS="582"/>
							<String ID="string_63" HPOS="597" VPOS="523" WIDTH="105" HEIGHT="28" WC="0.96" CONTENT="förslaget"/><SP WIDTH="14" VPOS="523" HPOS="702"/>
							<String ID="string_64" HPOS="716" VPOS="523" WIDTH="9" HEIGHT="20" WC="0.95" CONTENT="i"/><SP WIDTH="15" VPOS="523" HPOS="725"/>
							<String ID="string_65" HPOS="740" VPOS="523" WIDTH="41" HEIGHT="21" WC="0.96" CONTENT="den"/><SP WIDTH="15" VPOS="523" HPOS="781"/>
							<String ID="string_66" HPOS="796" VPOS="523" WIDTH="72" HEIGHT="28" WC="0.93" CONTENT="första"/><SP WIDTH="14" VPOS="523" HPOS="868"/>
							<String ID="string_67" HPOS="882" VPOS="524" WIDTH="128" HEIGHT="21" WC="0.91" CONTENT="reservatio-"/>
						</TextLine>
						<TextLine ID="line_9" HPOS="182" VPOS="552" WIDTH="721" HEIGHT="29">
							<String ID="string_68" HPOS="182" VPOS="561" WIDTH="50" HEIGHT="18" WC="0.95" CONTENT="nen,"/><SP WIDTH="15" VPOS="561" HPOS="232"/>
							<String ID="string_69" HPOS="247" VPOS="556" WIDTH="58" HEIGHT="19" WC="0.95" CONTENT="rösta"/><SP WIDTH="10" VPOS="556" HPOS="305"/>
							<String ID="string_70" HPOS="315" VPOS="553" WIDTH="42" HEIGHT="28" WC="0.95" CONTENT="ja;"/><SP WIDTH="17" VPOS="553" HPOS="357"/>
							<String ID="string_71" HPOS="374" VPOS="553" WIDTH="30" HEIGHT="26" WC="0.96" CONTENT="de,"/><SP WIDTH="16" VPOS="553" HPOS="404"/>
							<String ID="string_72" HPOS="420" VPOS="553" WIDTH="34" HEIGHT="20" WC="0.96" CONTENT="det"/><SP WIDTH="16" VPOS="553" HPOS="454"/>
							<String ID="string_73" HPOS="470" VPOS="552" WIDTH="45" HEIGHT="21" WC="0.96" CONTENT="icke"/><SP WIDTH="13" VPOS="552" HPOS="515"/>
							<String ID="string_74" HPOS="528" VPOS="554" WIDTH="61" HEIGHT="25" WC="0.96" CONTENT="göra,"/><SP WIDTH="16" VPOS="554" HPOS="589"/>
							<String ID="string_75" HPOS="605" VPOS="553" WIDTH="60" HEIGHT="20" WC="0.96" CONTENT="rösta"/><SP WIDTH="15" VPOS="553" HPOS="665"/>
							<String ID="string_76" HPOS="680" VPOS="552" WIDTH="48" HEIGHT="26" WC="0.96" CONTENT="nej;"/><SP WIDTH="173" VPOS="552" HPOS="728"/>
							<String ID="string_77" HPOS="901" VPOS="557" WIDTH="2" HEIGHT="2" WC="0.57" CONTENT="N"/>
						</TextLine>
					</TextBlock>
					<TextBlock ID="block_5" HPOS="185" VPOS="608" WIDTH="826" HEIGHT="58">
						<TextLine ID="line_10" HPOS="250" VPOS="608" WIDTH="761" HEIGHT="29">
							<String ID="string_78" HPOS="250" VPOS="611" WIDTH="81" HEIGHT="21" WC="0.95" CONTENT="vinner"/><SP WIDTH="24" VPOS="611" HPOS="331"/>
							<String ID="string_79" HPOS="355" VPOS="610" WIDTH="41" HEIGHT="26" WC="0.94" CONTENT="nej,"/><SP WIDTH="28" VPOS="610" HPOS="396"/>
							<String ID="string_80" HPOS="424" VPOS="609" WIDTH="42" HEIGHT="21" WC="0.92" CONTENT="har"/><SP WIDTH="21" VPOS="609" HPOS="466"/>
							<String ID="string_81" HPOS="487" VPOS="609" WIDTH="87" HEIGHT="21" WC="0.96" CONTENT="ståndet"/><SP WIDTH="29" VPOS="609" HPOS="574"/>
							<String ID="string_82" HPOS="603" VPOS="609" WIDTH="10" HEIGHT="21" WC="0.93" CONTENT="i"/><SP WIDTH="24" VPOS="609" HPOS="613"/>
							<String ID="string_83" HPOS="637" VPOS="608" WIDTH="81" HEIGHT="22" WC="0.96" CONTENT="sådant"/><SP WIDTH="27" VPOS="608" HPOS="718"/>
							<String ID="string_84" HPOS="745" VPOS="608" WIDTH="101" HEIGHT="28" WC="0.53" CONTENT="afseende"/><SP WIDTH="25" VPOS="608" HPOS="846"/>
							<String ID="string_85" HPOS="871" VPOS="610" WIDTH="88" HEIGHT="27" WC="0.95" CONTENT="antagit"/><SP WIDTH="25" VPOS="610" HPOS="959"/>
							<String ID="string_86" HPOS="984" VPOS="610" WIDTH="27" HEIGHT="20" WC="0.96" CONTENT="hr"/>
						</TextLine>
						<TextLine ID="line_11" HPOS="185" VPOS="638" WIDTH="216" HEIGHT="28">
							<String ID="string_87" HPOS="185" VPOS="639" WIDTH="110" HEIGHT="21" WC="0.91" CONTENT="Walldéns"/><SP WIDTH="15" VPOS="639" HPOS="295"/>
							<String ID="string_88" HPOS="310" VPOS="638" WIDTH="91" HEIGHT="28" WC="0.96" CONTENT="förslag."/>
						</TextLine>
					</TextBlock>
				</ComposedBlock>
				<ComposedBlock ID="cblock_6" HPOS="180" VPOS="694" WIDTH="830" HEIGHT="58">
					<TextBlock ID="block_6" HPOS="180" VPOS="694" WIDTH="830" HEIGHT="58">
						<TextLine ID="line_12" HPOS="248" VPOS="694" WIDTH="762" HEIGHT="30">
							<String ID="string_89" HPOS="248" VPOS="696" WIDTH="169" HEIGHT="28" WC="0.96" CONTENT="Propositionen"/><SP WIDTH="22" VPOS="696" HPOS="417"/>
							<String ID="string_90" HPOS="439" VPOS="695" WIDTH="128" HEIGHT="21" WC="0.96" CONTENT="besvarades"/><SP WIDTH="17" VPOS="695" HPOS="567"/>
							<String ID="string_91" HPOS="584" VPOS="695" WIDTH="34" HEIGHT="21" WC="0.93" CONTENT="vid"/><SP WIDTH="20" VPOS="695" HPOS="618"/>
							<String ID="string_92" HPOS="638" VPOS="694" WIDTH="115" HEIGHT="22" WC="0.91" CONTENT="värkställd"/><SP WIDTH="17" VPOS="694" HPOS="753"/>
							<String ID="string_93" HPOS="770" VPOS="694" WIDTH="98" HEIGHT="28" WC="0.96" CONTENT="votering"/><SP WIDTH="15" VPOS="694" HPOS="868"/>
							<String ID="string_94" HPOS="883" VPOS="696" WIDTH="49" HEIGHT="21" WC="0.96" CONTENT="med"/><SP WIDTH="16" VPOS="696" HPOS="932"/>
							<String ID="string_95" HPOS="948" VPOS="696" WIDTH="27" HEIGHT="21" WC="0.96" CONTENT="33"/><SP WIDTH="12" VPOS="696" HPOS="975"/>
							<String ID="string_96" HPOS="987" VPOS="696" WIDTH="23" HEIGHT="26" WC="0.96" CONTENT="ja"/>
						</TextLine>
						<TextLine ID="line_13" HPOS="180" VPOS="725" WIDTH="139" HEIGHT="27">
							<String ID="string_97" HPOS="180" VPOS="725" WIDTH="40" HEIGHT="22" WC="0.96" CONTENT="och"/><SP WIDTH="15" VPOS="725" HPOS="220"/>
							<String ID="string_98" HPOS="235" VPOS="725" WIDTH="27" HEIGHT="21" WC="0.96" CONTENT="29"/><SP WIDTH="16" VPOS="725" HPOS="262"/>
							<String ID="string_99" HPOS="278" VPOS="725" WIDTH="41" HEIGHT="27" WC="0.96" CONTENT="nej."/>
						</TextLine>
					</TextBlock>
				</ComposedBlock>
				<ComposedBlock ID="cblock_7" HPOS="178" VPOS="780" WIDTH="832" HEIGHT="58">
					<TextBlock ID="block_7" HPOS="178" VPOS="780" WIDTH="832" HEIGHT="58">
						<TextLine ID="line_14" HPOS="249" VPOS="780" WIDTH="761" HEIGHT="28">
							<String ID="string_100" HPOS="249" VPOS="782" WIDTH="22" HEIGHT="26" WC="0.95" CONTENT="3)"/><SP WIDTH="21" VPOS="782" HPOS="271"/>
							<String ID="string_101" HPOS="292" VPOS="781" WIDTH="40" HEIGHT="27" WC="0.95" CONTENT="De,"/><SP WIDTH="23" VPOS="781" HPOS="332"/>
							<String ID="string_102" HPOS="355" VPOS="781" WIDTH="73" HEIGHT="21" WC="0.96" CONTENT="hvilka"/><SP WIDTH="15" VPOS="781" HPOS="428"/>
							<String ID="string_103" HPOS="443" VPOS="780" WIDTH="118" HEIGHT="28" WC="0.96" CONTENT="godkänna"/><SP WIDTH="15" VPOS="780" HPOS="561"/>
							<String ID="string_104" HPOS="576" VPOS="780" WIDTH="112" HEIGHT="21" WC="0.96" CONTENT="utskottets"/><SP WIDTH="15" VPOS="780" HPOS="688"/>
							<String ID="string_105" HPOS="703" VPOS="780" WIDTH="84" HEIGHT="27" WC="0.96" CONTENT="förslag"/><SP WIDTH="16" VPOS="780" HPOS="787"/>
							<String ID="string_106" HPOS="803" VPOS="780" WIDTH="36" HEIGHT="21" WC="0.96" CONTENT="till"/><SP WIDTH="15" VPOS="780" HPOS="839"/>
							<String ID="string_107" HPOS="854" VPOS="780" WIDTH="79" HEIGHT="28" WC="0.95" CONTENT="lydelse"/><SP WIDTH="15" VPOS="780" HPOS="933"/>
							<String ID="string_108" HPOS="948" VPOS="781" WIDTH="36" HEIGHT="27" WC="0.96" CONTENT="för"/><SP WIDTH="15" VPOS="781" HPOS="984"/>
							<String ID="string_109" HPOS="999" VPOS="782" WIDTH="11" HEIGHT="20" WC="0.93" CONTENT="1"/>
						</TextLine>
						<TextLine ID="line_15" HPOS="178" VPOS="808" WIDTH="522" HEIGHT="30">
							<String ID="string_110" HPOS="178" VPOS="811" WIDTH="23" HEIGHT="27" WC="0.87" CONTENT="$,"/><SP WIDTH="15" VPOS="811" HPOS="201"/>
							<String ID="string_111" HPOS="216" VPOS="812" WIDTH="59" HEIGHT="20" WC="0.96" CONTENT="rösta"/><SP WIDTH="10" VPOS="812" HPOS="275"/>
							<String ID="string_112" HPOS="285" VPOS="810" WIDTH="43" HEIGHT="28" WC="0.96" CONTENT="ja;"/><SP WIDTH="17" VPOS="810" HPOS="328"/>
							<String ID="string_113" HPOS="345" VPOS="810" WIDTH="32" HEIGHT="26" WC="0.96" CONTENT="de,"/><SP WIDTH="16" VPOS="810" HPOS="377"/>
							<String ID="string_114" HPOS="393" VPOS="810" WIDTH="35" HEIGHT="20" WC="0.97" CONTENT="det"/><SP WIDTH="14" VPOS="810" HPOS="428"/>
							<String ID="string_115" HPOS="442" VPOS="809" WIDTH="44" HEIGHT="21" WC="0.96" CONTENT="icke"/><SP WIDTH="14" VPOS="809" HPOS="486"/>
							<String ID="string_116" HPOS="500" VPOS="811" WIDTH="60" HEIGHT="25" WC="0.96" CONTENT="göra,"/><SP WIDTH="16" VPOS="811" HPOS="560"/>
							<String ID="string_117" HPOS="576" VPOS="810" WIDTH="60" HEIGHT="20" WC="0.95" CONTENT="rösta"/><SP WIDTH="14" VPOS="810" HPOS="636"/>
							<String ID="string_118" HPOS="650" VPOS="808" WIDTH="50" HEIGHT="28" WC="0.96" CONTENT="nej;"/>
						</TextLine>
					</TextBlock>
				</ComposedBlock>
				<ComposedBlock ID="cblock_8" HPOS="179" VPOS="865" WIDTH="831" HEIGHT="59">
					<TextBlock ID="block_8" HPOS="179" VPOS="865" WIDTH="831" HEIGHT="59">
						<TextLine ID="line_16" HPOS="248" VPOS="865" WIDTH="762" HEIGHT="29">
							<String ID="string_119" HPOS="248" VPOS="868" WIDTH="81" HEIGHT="20" WC="0.95" CONTENT="vinner"/><SP WIDTH="15" VPOS="868" HPOS="329"/>
							<String ID="string_120" HPOS="344" VPOS="866" WIDTH="43" HEIGHT="28" WC="0.96" CONTENT="nej,"/><SP WIDTH="15" VPOS="866" HPOS="387"/>
							<String ID="string_121" HPOS="402" VPOS="866" WIDTH="42" HEIGHT="21" WC="0.96" CONTENT="har"/><SP WIDTH="14" VPOS="866" HPOS="444"/>
							<String ID="string_122" HPOS="458" VPOS="866" WIDTH="88" HEIGHT="21" WC="0.96" CONTENT="ståndet"/><SP WIDTH="14" VPOS="866" HPOS="546"/>
							<String ID="string_123" HPOS="560" VPOS="866" WIDTH="37" HEIGHT="27" WC="0.96" CONTENT="för"/><SP WIDTH="13" VPOS="866" HPOS="597"/>
							<String ID="string_124" HPOS="610" VPOS="865" WIDTH="137" HEIGHT="28" WC="0.95" CONTENT="paragrafen"/><SP WIDTH="16" VPOS="865" HPOS="747"/>
							<String ID="string_125" HPOS="763" VPOS="866" WIDTH="89" HEIGHT="27" WC="0.96" CONTENT="antagit"/><SP WIDTH="14" VPOS="866" HPOS="852"/>
							<String ID="string_126" HPOS="866" VPOS="866" WIDTH="42" HEIGHT="21" WC="0.95" CONTENT="den"/><SP WIDTH="16" VPOS="866" HPOS="908"/>
							<String ID="string_127" HPOS="924" VPOS="866" WIDTH="86" HEIGHT="28" WC="0.95" CONTENT="lydelse,"/>
						</TextLine>
						<TextLine ID="line_17" HPOS="179" VPOS="894" WIDTH="523" HEIGHT="30">
							<String ID="string_128" HPOS="179" VPOS="904" WIDTH="48" HEIGHT="14" WC="0.93" CONTENT="som"/><SP WIDTH="15" VPOS="904" HPOS="227"/>
							<String ID="string_129" HPOS="242" VPOS="896" WIDTH="111" HEIGHT="28" WC="0.90" CONTENT="förordats"/><SP WIDTH="16" VPOS="896" HPOS="353"/>
							<String ID="string_130" HPOS="369" VPOS="895" WIDTH="9" HEIGHT="21" WC="0.96" CONTENT="i"/><SP WIDTH="14" VPOS="895" HPOS="378"/>
							<String ID="string_131" HPOS="392" VPOS="895" WIDTH="42" HEIGHT="21" WC="0.96" CONTENT="den"/><SP WIDTH="14" VPOS="895" HPOS="434"/>
							<String ID="string_132" HPOS="448" VPOS="895" WIDTH="72" HEIGHT="27" WC="0.96" CONTENT="första"/><SP WIDTH="14" VPOS="895" HPOS="520"/>
							<String ID="string_133" HPOS="534" VPOS="894" WIDTH="168" HEIGHT="21" WC="0.96" CONTENT="reservationen."/>
						</TextLine>
					</TextBlock>
				</ComposedBlock>
				<ComposedBlock ID="cblock_9" HPOS="179" VPOS="949" WIDTH="832" HEIGHT="89">
					<TextBlock ID="block_9" HPOS="179" VPOS="949" WIDTH="832" HEIGHT="89">
						<TextLine ID="line_18" HPOS="249" VPOS="949" WIDTH="762" HEIGHT="30">
							<String ID="string_134" HPOS="249" VPOS="949" WIDTH="70" HEIGHT="25" WC="0.96" CONTENT="Äfven"/><SP WIDTH="24" VPOS="949" HPOS="319"/>
							<String ID="string_135" HPOS="343" VPOS="959" WIDTH="29" HEIGHT="15" WC="0.93" CONTENT="nu"/><SP WIDTH="16" VPOS="959" HPOS="372"/>
							<String ID="string_136" HPOS="388" VPOS="952" WIDTH="140" HEIGHT="21" WC="0.92" CONTENT="värkställdes"/><SP WIDTH="24" VPOS="952" HPOS="528"/>
							<String ID="string_137" HPOS="552" VPOS="952" WIDTH="103" HEIGHT="26" WC="0.96" CONTENT="votering,"/><SP WIDTH="21" VPOS="952" HPOS="655"/>
							<String ID="string_138" HPOS="676" VPOS="951" WIDTH="89" HEIGHT="21" WC="0.91" CONTENT="hvarvid"/><SP WIDTH="16" VPOS="951" HPOS="765"/>
							<String ID="string_139" HPOS="781" VPOS="951" WIDTH="97" HEIGHT="27" WC="0.91" CONTENT="afgåfvos"/><SP WIDTH="15" VPOS="951" HPOS="878"/>
							<String ID="string_140" HPOS="893" VPOS="952" WIDTH="29" HEIGHT="21" WC="0.96" CONTENT="50"/><SP WIDTH="11" VPOS="952" HPOS="922"/>
							<String ID="string_141" HPOS="933" VPOS="952" WIDTH="24" HEIGHT="27" WC="0.96" CONTENT="ja"/><SP WIDTH="15" VPOS="952" HPOS="957"/>
							<String ID="string_142" HPOS="972" VPOS="952" WIDTH="39" HEIGHT="22" WC="0.96" CONTENT="och"/>
						</TextLine>
						<TextLine ID="line_19" HPOS="182" VPOS="980" WIDTH="829" HEIGHT="29">
							<String ID="string_143" HPOS="182" VPOS="982" WIDTH="27" HEIGHT="22" WC="0.96" CONTENT="16"/><SP WIDTH="22" VPOS="982" HPOS="209"/>
							<String ID="string_144" HPOS="231" VPOS="982" WIDTH="40" HEIGHT="27" WC="0.96" CONTENT="nej,"/><SP WIDTH="24" VPOS="982" HPOS="271"/>
							<String ID="string_145" HPOS="295" VPOS="981" WIDTH="40" HEIGHT="22" WC="0.96" CONTENT="och"/><SP WIDTH="23" VPOS="981" HPOS="335"/>
							<String ID="string_146" HPOS="358" VPOS="981" WIDTH="55" HEIGHT="21" WC="0.96" CONTENT="hade"/><SP WIDTH="23" VPOS="981" HPOS="413"/>
							<String ID="string_147" HPOS="436" VPOS="980" WIDTH="86" HEIGHT="22" WC="0.96" CONTENT="ståndet"/><SP WIDTH="22" VPOS="980" HPOS="522"/>
							<String ID="string_148" HPOS="544" VPOS="980" WIDTH="84" HEIGHT="22" WC="0.96" CONTENT="således"/><SP WIDTH="16" VPOS="980" HPOS="628"/>
							<String ID="string_149" HPOS="644" VPOS="980" WIDTH="95" HEIGHT="27" WC="0.93" CONTENT="godkänt"/><SP WIDTH="16" VPOS="980" HPOS="739"/>
							<String ID="string_150" HPOS="755" VPOS="980" WIDTH="12" HEIGHT="28" WC="0.90" CONTENT="$"/><SP WIDTH="17" VPOS="980" HPOS="767"/>
							<String ID="string_151" HPOS="784" VPOS="980" WIDTH="9" HEIGHT="21" WC="0.96" CONTENT="1"/><SP WIDTH="18" VPOS="980" HPOS="793"/>
							<String ID="string_152" HPOS="811" VPOS="980" WIDTH="68" HEIGHT="28" WC="0.96" CONTENT="enligt"/><SP WIDTH="15" VPOS="980" HPOS="879"/>
							<String ID="string_153" HPOS="894" VPOS="980" WIDTH="117" HEIGHT="22" WC="0.96" CONTENT="utskottets"/>
						</TextLine>
						<TextLine ID="line_20" HPOS="179" VPOS="1010" WIDTH="87" HEIGHT="28">
							<String ID="string_154" HPOS="179" VPOS="1010" WIDTH="87" HEIGHT="28" WC="0.96" CONTENT="förslag."/>
						</TextLine>
					</TextBlock>
				</ComposedBlock>
				<ComposedBlock ID="cblock_10" HPOS="250" VPOS="1066" WIDTH="415" HEIGHT="84">
					<TextBlock ID="block_10" HPOS="250" VPOS="1066" WIDTH="415" HEIGHT="84">
						<TextLine ID="line_21" HPOS="250" VPOS="1066" WIDTH="415" HEIGHT="28">
							<String ID="string_155" HPOS="250" VPOS="1068" WIDTH="13" HEIGHT="26" WC="0.77" CONTENT="8"/><SP WIDTH="17" VPOS="1068" HPOS="263"/>
							<String ID="string_156" HPOS="280" VPOS="1068" WIDTH="13" HEIGHT="21" WC="0.96" CONTENT="2"/><SP WIDTH="17" VPOS="1068" HPOS="293"/>
							<String ID="string_157" HPOS="310" VPOS="1066" WIDTH="124" HEIGHT="28" WC="0.95" CONTENT="godkändes"/><SP WIDTH="16" VPOS="1066" HPOS="434"/>
							<String ID="string_158" HPOS="450" VPOS="1068" WIDTH="52" HEIGHT="20" WC="0.96" CONTENT="utan"/><SP WIDTH="16" VPOS="1068" HPOS="502"/>
							<String ID="string_159" HPOS="518" VPOS="1066" WIDTH="147" HEIGHT="27" WC="0.96" CONTENT="anmärkning."/>
						</TextLine>
						<TextLine ID="line_22" HPOS="250" VPOS="1123" WIDTH="281" HEIGHT="27">
							<String ID="string_160" HPOS="250" VPOS="1124" WIDTH="138" HEIGHT="22" WC="0.96" CONTENT="Beträffande"/><SP WIDTH="15" VPOS="1124" HPOS="388"/>
							<String ID="string_161" HPOS="403" VPOS="1124" WIDTH="13" HEIGHT="26" WC="0.95" CONTENT="8"/><SP WIDTH="15" VPOS="1124" HPOS="416"/>
							<String ID="string_162" HPOS="431" VPOS="1124" WIDTH="13" HEIGHT="21" WC="0.95" CONTENT="3"/><SP WIDTH="16" VPOS="1124" HPOS="444"/>
							<String ID="string_163" HPOS="460" VPOS="1123" WIDTH="71" HEIGHT="22" WC="0.95" CONTENT="anhöll"/>
						</TextLine>
					</TextBlock>
				</ComposedBlock>
				<ComposedBlock ID="cblock_11" HPOS="180" VPOS="1180" WIDTH="834" HEIGHT="404">
					<TextBlock ID="block_11" HPOS="180" VPOS="1180" WIDTH="834" HEIGHT="404">
						<TextLine ID="line_23" HPOS="250" VPOS="1180" WIDTH="762" HEIGHT="29">
							<String ID="string_164" HPOS="250" VPOS="1183" WIDTH="25" HEIGHT="22" WC="0.96" CONTENT="hr"/><SP WIDTH="24" VPOS="1183" HPOS="275"/>
							<String ID="string_165" HPOS="299" VPOS="1181" WIDTH="127" HEIGHT="26" WC="0.95" CONTENT="Heikel,"/><SP WIDTH="22" VPOS="1181" HPOS="426"/>
							<String ID="string_166" HPOS="448" VPOS="1181" WIDTH="126" HEIGHT="26" WC="0.95" CONTENT="Teodor,"/><SP WIDTH="17" VPOS="1181" HPOS="574"/>
							<String ID="string_167" HPOS="591" VPOS="1187" WIDTH="35" HEIGHT="16" WC="0.96" CONTENT="om"/><SP WIDTH="24" VPOS="1187" HPOS="626"/>
							<String ID="string_168" HPOS="650" VPOS="1180" WIDTH="61" HEIGHT="22" WC="0.96" CONTENT="ordet"/><SP WIDTH="16" VPOS="1180" HPOS="711"/>
							<String ID="string_169" HPOS="727" VPOS="1180" WIDTH="40" HEIGHT="22" WC="0.96" CONTENT="och"/><SP WIDTH="15" VPOS="1180" HPOS="767"/>
							<String ID="string_170" HPOS="782" VPOS="1181" WIDTH="93" HEIGHT="27" WC="0.96" CONTENT="yttrade:"/><SP WIDTH="15" VPOS="1181" HPOS="875"/>
							<String ID="string_171" HPOS="890" VPOS="1182" WIDTH="14" HEIGHT="26" WC="0.74" CONTENT="8"/><SP WIDTH="14" VPOS="1182" HPOS="904"/>
							<String ID="string_172" HPOS="918" VPOS="1181" WIDTH="14" HEIGHT="22" WC="0.96" CONTENT="3"/><SP WIDTH="15" VPOS="1181" HPOS="932"/>
							<String ID="string_173" HPOS="947" VPOS="1181" WIDTH="65" HEIGHT="28" WC="0.96" CONTENT="lyder:"/>
						</TextLine>
						<TextLine ID="line_24" HPOS="182" VPOS="1209" WIDTH="829" HEIGHT="28">
							<String ID="string_174" HPOS="182" VPOS="1212" WIDTH="137" HEIGHT="22" WC="0.91" CONTENT="»Militäriskt"/><SP WIDTH="16" VPOS="1212" HPOS="319"/>
							<String ID="string_175" HPOS="335" VPOS="1210" WIDTH="140" HEIGHT="27" WC="0.96" CONTENT="organiserad"/><SP WIDTH="16" VPOS="1210" HPOS="475"/>
							<String ID="string_176" HPOS="491" VPOS="1209" WIDTH="104" HEIGHT="28" WC="0.96" CONTENT="förening,"/><SP WIDTH="16" VPOS="1209" HPOS="595"/>
							<String ID="string_177" HPOS="611" VPOS="1209" WIDTH="65" HEIGHT="22" WC="0.96" CONTENT="hvars"/><SP WIDTH="15" VPOS="1209" HPOS="676"/>
							<String ID="string_178" HPOS="691" VPOS="1209" WIDTH="86" HEIGHT="27" WC="0.96" CONTENT="uppgift"/><SP WIDTH="14" VPOS="1209" HPOS="777"/>
							<String ID="string_179" HPOS="791" VPOS="1211" WIDTH="24" HEIGHT="20" WC="0.93" CONTENT="är"/><SP WIDTH="10" VPOS="1211" HPOS="815"/>
							<String ID="string_180" HPOS="825" VPOS="1209" WIDTH="91" HEIGHT="22" WC="0.92" CONTENT="öfvande"/><SP WIDTH="11" VPOS="1209" HPOS="916"/>
							<String ID="string_181" HPOS="927" VPOS="1211" WIDTH="6" HEIGHT="20" WC="0.93" CONTENT="i"/><SP WIDTH="11" VPOS="1211" HPOS="933"/>
							<String ID="string_182" HPOS="944" VPOS="1210" WIDTH="67" HEIGHT="27" WC="0.93" CONTENT="skjut-"/>
						</TextLine>
						<TextLine ID="line_25" HPOS="181" VPOS="1237" WIDTH="831" HEIGHT="31">
							<String ID="string_183" HPOS="181" VPOS="1247" WIDTH="97" HEIGHT="21" WC="0.92" CONTENT="vapnens"/><SP WIDTH="21" VPOS="1247" HPOS="278"/>
							<String ID="string_184" HPOS="299" VPOS="1239" WIDTH="62" HEIGHT="26" WC="0.96" CONTENT="bruk,"/><SP WIDTH="17" VPOS="1239" HPOS="361"/>
							<String ID="string_185" HPOS="378" VPOS="1239" WIDTH="42" HEIGHT="21" WC="0.96" CONTENT="kan"/><SP WIDTH="17" VPOS="1239" HPOS="420"/>
							<String ID="string_186" HPOS="437" VPOS="1239" WIDTH="68" HEIGHT="21" WC="0.96" CONTENT="bildas"/><SP WIDTH="23" VPOS="1239" HPOS="505"/>
							<String ID="string_187" HPOS="528" VPOS="1239" WIDTH="76" HEIGHT="20" WC="0.96" CONTENT="endast"/><SP WIDTH="16" VPOS="1239" HPOS="604"/>
							<String ID="string_188" HPOS="620" VPOS="1238" WIDTH="48" HEIGHT="21" WC="0.96" CONTENT="med"/><SP WIDTH="16" VPOS="1238" HPOS="668"/>
							<String ID="string_189" HPOS="684" VPOS="1238" WIDTH="96" HEIGHT="21" WC="0.96" CONTENT="tillstånd"/><SP WIDTH="15" VPOS="1238" HPOS="780"/>
							<String ID="string_190" HPOS="795" VPOS="1237" WIDTH="22" HEIGHT="22" WC="0.96" CONTENT="af"/><SP WIDTH="19" VPOS="1237" HPOS="817"/>
							<String ID="string_191" HPOS="836" VPOS="1241" WIDTH="107" HEIGHT="19" WC="0.51" CONTENT="senaten.»"/><SP WIDTH="33" VPOS="1241" HPOS="943"/>
							<String ID="string_192" HPOS="976" VPOS="1239" WIDTH="36" HEIGHT="22" WC="0.91" CONTENT="Sä-"/>
						</TextLine>
						<TextLine ID="line_26" HPOS="181" VPOS="1267" WIDTH="832" HEIGHT="30">
							<String ID="string_193" HPOS="181" VPOS="1276" WIDTH="47" HEIGHT="15" WC="0.96" CONTENT="som"/><SP WIDTH="22" VPOS="1276" HPOS="228"/>
							<String ID="string_194" HPOS="250" VPOS="1268" WIDTH="127" HEIGHT="29" WC="0.96" CONTENT="paragrafen"/><SP WIDTH="20" VPOS="1268" HPOS="377"/>
							<String ID="string_195" HPOS="397" VPOS="1274" WIDTH="29" HEIGHT="15" WC="0.96" CONTENT="nu"/><SP WIDTH="22" VPOS="1274" HPOS="426"/>
							<String ID="string_196" HPOS="448" VPOS="1269" WIDTH="24" HEIGHT="20" WC="0.96" CONTENT="är"/><SP WIDTH="25" VPOS="1269" HPOS="472"/>
							<String ID="string_197" HPOS="497" VPOS="1267" WIDTH="137" HEIGHT="25" WC="0.95" CONTENT="formulerad,"/><SP WIDTH="22" VPOS="1267" HPOS="634"/>
							<String ID="string_198" HPOS="656" VPOS="1267" WIDTH="89" HEIGHT="21" WC="0.96" CONTENT="innebär"/><SP WIDTH="23" VPOS="1267" HPOS="745"/>
							<String ID="string_199" HPOS="768" VPOS="1267" WIDTH="45" HEIGHT="26" WC="0.94" CONTENT="den,"/><SP WIDTH="26" VPOS="1267" HPOS="813"/>
							<String ID="string_200" HPOS="839" VPOS="1269" WIDTH="31" HEIGHT="19" WC="0.92" CONTENT="att"/><SP WIDTH="21" VPOS="1269" HPOS="870"/>
							<String ID="string_201" HPOS="891" VPOS="1267" WIDTH="122" HEIGHT="22" WC="0.92" CONTENT="militäriskt"/>
						</TextLine>
						<TextLine ID="line_27" HPOS="181" VPOS="1295" WIDTH="831" HEIGHT="30">
							<String ID="string_202" HPOS="181" VPOS="1297" WIDTH="139" HEIGHT="28" WC="0.96" CONTENT="organiserad"/><SP WIDTH="21" VPOS="1297" HPOS="320"/>
							<String ID="string_203" HPOS="341" VPOS="1296" WIDTH="105" HEIGHT="27" WC="0.96" CONTENT="förening,"/><SP WIDTH="16" VPOS="1296" HPOS="446"/>
							<String ID="string_204" HPOS="462" VPOS="1296" WIDTH="86" HEIGHT="21" WC="0.96" CONTENT="hvilken"/><SP WIDTH="16" VPOS="1296" HPOS="548"/>
							<String ID="string_205" HPOS="564" VPOS="1296" WIDTH="38" HEIGHT="21" WC="0.96" CONTENT="har"/><SP WIDTH="16" VPOS="1296" HPOS="602"/>
							<String ID="string_206" HPOS="618" VPOS="1295" WIDTH="32" HEIGHT="22" WC="0.96" CONTENT="till"/><SP WIDTH="16" VPOS="1295" HPOS="650"/>
							<String ID="string_207" HPOS="666" VPOS="1295" WIDTH="98" HEIGHT="22" WC="0.93" CONTENT="ändamål"/><SP WIDTH="15" VPOS="1295" HPOS="764"/>
							<String ID="string_208" HPOS="779" VPOS="1298" WIDTH="14" HEIGHT="19" WC="0.91" CONTENT="t."/><SP WIDTH="16" VPOS="1298" HPOS="793"/>
							<String ID="string_209" HPOS="809" VPOS="1302" WIDTH="31" HEIGHT="15" WC="0.93" CONTENT="ex."/><SP WIDTH="18" VPOS="1302" HPOS="840"/>
							<String ID="string_210" HPOS="858" VPOS="1296" WIDTH="154" HEIGHT="27" WC="0.92" CONTENT="vakttjänstgö-"/>
						</TextLine>
						<TextLine ID="line_28" HPOS="180" VPOS="1324" WIDTH="832" HEIGHT="30">
							<String ID="string_211" HPOS="180" VPOS="1327" WIDTH="56" HEIGHT="27" WC="0.96" CONTENT="ring,"/><SP WIDTH="15" VPOS="1327" HPOS="236"/>
							<String ID="string_212" HPOS="251" VPOS="1333" WIDTH="49" HEIGHT="15" WC="0.96" CONTENT="men"/><SP WIDTH="17" VPOS="1333" HPOS="300"/>
							<String ID="string_213" HPOS="317" VPOS="1326" WIDTH="64" HEIGHT="21" WC="0.93" CONTENT="hvars"/><SP WIDTH="16" VPOS="1326" HPOS="381"/>
							<String ID="string_214" HPOS="397" VPOS="1324" WIDTH="165" HEIGHT="27" WC="0.91" CONTENT="hufvudsakliga"/><SP WIDTH="15" VPOS="1324" HPOS="562"/>
							<String ID="string_215" HPOS="577" VPOS="1324" WIDTH="85" HEIGHT="27" WC="0.96" CONTENT="uppgift"/><SP WIDTH="15" VPOS="1324" HPOS="662"/>
							<String ID="string_216" HPOS="677" VPOS="1324" WIDTH="130" HEIGHT="21" WC="0.96" CONTENT="åtminstone"/><SP WIDTH="16" VPOS="1324" HPOS="807"/>
							<String ID="string_217" HPOS="823" VPOS="1324" WIDTH="46" HEIGHT="22" WC="0.96" CONTENT="icke"/><SP WIDTH="13" VPOS="1324" HPOS="869"/>
							<String ID="string_218" HPOS="882" VPOS="1326" WIDTH="23" HEIGHT="20" WC="0.93" CONTENT="är"/><SP WIDTH="11" VPOS="1326" HPOS="905"/>
							<String ID="string_219" HPOS="916" VPOS="1331" WIDTH="96" HEIGHT="21" WC="0.90" CONTENT="vapnens"/>
						</TextLine>
						<TextLine ID="line_29" HPOS="181" VPOS="1353" WIDTH="831" HEIGHT="29">
							<String ID="string_220" HPOS="181" VPOS="1356" WIDTH="62" HEIGHT="26" WC="0.96" CONTENT="bruk,"/><SP WIDTH="23" VPOS="1356" HPOS="243"/>
							<String ID="string_221" HPOS="266" VPOS="1356" WIDTH="41" HEIGHT="20" WC="0.96" CONTENT="kan"/><SP WIDTH="25" VPOS="1356" HPOS="307"/>
							<String ID="string_222" HPOS="332" VPOS="1353" WIDTH="68" HEIGHT="23" WC="0.96" CONTENT="bildas"/><SP WIDTH="22" VPOS="1353" HPOS="400"/>
							<String ID="string_223" HPOS="422" VPOS="1353" WIDTH="77" HEIGHT="22" WC="0.96" CONTENT="endast"/><SP WIDTH="19" VPOS="1353" HPOS="499"/>
							<String ID="string_224" HPOS="518" VPOS="1360" WIDTH="77" HEIGHT="20" WC="0.92" CONTENT="genom"/><SP WIDTH="16" VPOS="1360" HPOS="595"/>
							<String ID="string_225" HPOS="611" VPOS="1353" WIDTH="181" HEIGHT="27" WC="0.91" CONTENT="inregistrerande"/><SP WIDTH="15" VPOS="1353" HPOS="792"/>
							<String ID="string_226" HPOS="807" VPOS="1353" WIDTH="40" HEIGHT="22" WC="0.93" CONTENT="och"/><SP WIDTH="16" VPOS="1353" HPOS="847"/>
							<String ID="string_227" HPOS="863" VPOS="1353" WIDTH="101" HEIGHT="22" WC="0.91" CONTENT="behöfver"/><SP WIDTH="15" VPOS="1353" HPOS="964"/>
							<String ID="string_228" HPOS="979" VPOS="1354" WIDTH="33" HEIGHT="21" WC="0.91" CONTENT="så-"/>
						</TextLine>
						<TextLine ID="line_30" HPOS="181" VPOS="1381" WIDTH="831" HEIGHT="28">
							<String ID="string_229" HPOS="181" VPOS="1385" WIDTH="59" HEIGHT="21" WC="0.92" CONTENT="Jedes"/><SP WIDTH="16" VPOS="1385" HPOS="240"/>
							<String ID="string_230" HPOS="256" VPOS="1384" WIDTH="46" HEIGHT="22" WC="0.96" CONTENT="icke"/><SP WIDTH="23" VPOS="1384" HPOS="302"/>
							<String ID="string_231" HPOS="325" VPOS="1385" WIDTH="101" HEIGHT="20" WC="0.95" CONTENT="senatens"/><SP WIDTH="16" VPOS="1385" HPOS="426"/>
							<String ID="string_232" HPOS="442" VPOS="1382" WIDTH="102" HEIGHT="22" WC="0.94" CONTENT="tillstånd."/><SP WIDTH="30" VPOS="1382" HPOS="544"/>
							<String ID="string_233" HPOS="574" VPOS="1382" WIDTH="33" HEIGHT="21" WC="0.96" CONTENT="En"/><SP WIDTH="17" VPOS="1382" HPOS="607"/>
							<String ID="string_234" HPOS="624" VPOS="1382" WIDTH="66" HEIGHT="21" WC="0.96" CONTENT="sådan"/><SP WIDTH="23" VPOS="1382" HPOS="690"/>
							<String ID="string_235" HPOS="713" VPOS="1381" WIDTH="99" HEIGHT="28" WC="0.96" CONTENT="förening"/><SP WIDTH="20" VPOS="1381" HPOS="812"/>
							<String ID="string_236" HPOS="832" VPOS="1382" WIDTH="41" HEIGHT="21" WC="0.93" CONTENT="kan"/><SP WIDTH="17" VPOS="1382" HPOS="873"/>
							<String ID="string_237" HPOS="890" VPOS="1382" WIDTH="122" HEIGHT="22" WC="0.92" CONTENT="därutöfver"/>
						</TextLine>
						<TextLine ID="line_31" HPOS="181" VPOS="1410" WIDTH="831" HEIGHT="30">
							<String ID="string_238" HPOS="181" VPOS="1413" WIDTH="85" HEIGHT="27" WC="0.96" CONTENT="mycket"/><SP WIDTH="15" VPOS="1413" HPOS="266"/>
							<String ID="string_239" HPOS="281" VPOS="1412" WIDTH="34" HEIGHT="22" WC="0.96" CONTENT="väl"/><SP WIDTH="16" VPOS="1412" HPOS="315"/>
							<String ID="string_240" HPOS="331" VPOS="1412" WIDTH="7" HEIGHT="21" WC="0.96" CONTENT="i"/><SP WIDTH="15" VPOS="1412" HPOS="338"/>
							<String ID="string_241" HPOS="353" VPOS="1412" WIDTH="47" HEIGHT="21" WC="0.96" CONTENT="sina"/><SP WIDTH="16" VPOS="1412" HPOS="400"/>
							<String ID="string_242" HPOS="416" VPOS="1411" WIDTH="133" HEIGHT="27" WC="0.96" CONTENT="stadganden"/><SP WIDTH="16" VPOS="1411" HPOS="549"/>
							<String ID="string_243" HPOS="565" VPOS="1410" WIDTH="63" HEIGHT="22" WC="0.96" CONTENT="hafva"/><SP WIDTH="15" VPOS="1410" HPOS="628"/>
							<String ID="string_244" HPOS="643" VPOS="1416" WIDTH="26" HEIGHT="16" WC="0.96" CONTENT="en"/><SP WIDTH="17" VPOS="1416" HPOS="669"/>
							<String ID="string_245" HPOS="686" VPOS="1410" WIDTH="65" HEIGHT="22" WC="0.96" CONTENT="sådan"/><SP WIDTH="17" VPOS="1410" HPOS="751"/>
							<String ID="string_246" HPOS="768" VPOS="1410" WIDTH="141" HEIGHT="28" WC="0.96" CONTENT="bestämning,"/><SP WIDTH="11" VPOS="1410" HPOS="909"/>
							<String ID="string_247" HPOS="920" VPOS="1413" WIDTH="31" HEIGHT="19" WC="0.93" CONTENT="att"/><SP WIDTH="10" VPOS="1413" HPOS="951"/>
							<String ID="string_248" HPOS="961" VPOS="1411" WIDTH="51" HEIGHT="21" WC="0.93" CONTENT="mål-"/>
						</TextLine>
						<TextLine ID="line_32" HPOS="181" VPOS="1438" WIDTH="832" HEIGHT="31">
							<String ID="string_249" HPOS="181" VPOS="1442" WIDTH="113" HEIGHT="27" WC="0.96" CONTENT="skjutning"/><SP WIDTH="22" VPOS="1442" HPOS="294"/>
							<String ID="string_250" HPOS="316" VPOS="1441" WIDTH="41" HEIGHT="21" WC="0.96" CONTENT="kan"/><SP WIDTH="23" VPOS="1441" HPOS="357"/>
							<String ID="string_251" HPOS="380" VPOS="1440" WIDTH="133" HEIGHT="21" WC="0.96" CONTENT="förekomma"/><SP WIDTH="21" VPOS="1440" HPOS="513"/>
							<String ID="string_252" HPOS="534" VPOS="1439" WIDTH="31" HEIGHT="21" WC="0.96" CONTENT="till"/><SP WIDTH="23" VPOS="1439" HPOS="565"/>
							<String ID="string_253" HPOS="588" VPOS="1439" WIDTH="48" HEIGHT="27" WC="0.96" CONTENT="nöje"/><SP WIDTH="23" VPOS="1439" HPOS="636"/>
							<String ID="string_254" HPOS="659" VPOS="1438" WIDTH="32" HEIGHT="22" WC="0.93" CONTENT="för"/><SP WIDTH="15" VPOS="1438" HPOS="691"/>
							<String ID="string_255" HPOS="706" VPOS="1438" WIDTH="209" HEIGHT="28" WC="0.91" CONTENT="föreningsmännen,"/><SP WIDTH="16" VPOS="1438" HPOS="915"/>
							<String ID="string_256" HPOS="931" VPOS="1440" WIDTH="39" HEIGHT="21" WC="0.96" CONTENT="och"/><SP WIDTH="15" VPOS="1440" HPOS="970"/>
							<String ID="string_257" HPOS="985" VPOS="1440" WIDTH="28" HEIGHT="26" WC="0.96" CONTENT="på"/>
						</TextLine>
						<TextLine ID="line_33" HPOS="182" VPOS="1468" WIDTH="830" HEIGHT="27">
							<String ID="string_258" HPOS="182" VPOS="1471" WIDTH="36" HEIGHT="21" WC="0.96" CONTENT="det"/><SP WIDTH="20" VPOS="1471" HPOS="218"/>
							<String ID="string_259" HPOS="238" VPOS="1472" WIDTH="66" HEIGHT="20" WC="0.96" CONTENT="sättet"/><SP WIDTH="23" VPOS="1472" HPOS="304"/>
							<String ID="string_260" HPOS="327" VPOS="1469" WIDTH="40" HEIGHT="21" WC="0.96" CONTENT="kan"/><SP WIDTH="19" VPOS="1469" HPOS="367"/>
							<String ID="string_261" HPOS="386" VPOS="1475" WIDTH="48" HEIGHT="15" WC="0.95" CONTENT="man"/><SP WIDTH="17" VPOS="1475" HPOS="434"/>
							<String ID="string_262" HPOS="451" VPOS="1468" WIDTH="91" HEIGHT="27" WC="0.96" CONTENT="kringgå"/><SP WIDTH="15" VPOS="1468" HPOS="542"/>
							<String ID="string_263" HPOS="557" VPOS="1468" WIDTH="115" HEIGHT="26" WC="0.96" CONTENT="meningen"/><SP WIDTH="17" VPOS="1468" HPOS="672"/>
							<String ID="string_264" HPOS="689" VPOS="1468" WIDTH="48" HEIGHT="20" WC="0.93" CONTENT="med"/><SP WIDTH="16" VPOS="1468" HPOS="737"/>
							<String ID="string_265" HPOS="753" VPOS="1468" WIDTH="127" HEIGHT="26" WC="0.92" CONTENT="stadgandet"/><SP WIDTH="16" VPOS="1468" HPOS="880"/>
							<String ID="string_266" HPOS="896" VPOS="1468" WIDTH="31" HEIGHT="21" WC="0.96" CONTENT="uti"/><SP WIDTH="15" VPOS="1468" HPOS="927"/>
							<String ID="string_267" HPOS="942" VPOS="1468" WIDTH="70" HEIGHT="22" WC="0.96" CONTENT="denna"/>
						</TextLine>
						<TextLine ID="line_34" HPOS="181" VPOS="1496" WIDTH="832" HEIGHT="31">
							<String ID="string_268" HPOS="181" VPOS="1498" WIDTH="107" HEIGHT="29" WC="0.96" CONTENT="paragraf."/><SP WIDTH="31" VPOS="1498" HPOS="288"/>
							<String ID="string_269" HPOS="319" VPOS="1497" WIDTH="79" HEIGHT="22" WC="0.96" CONTENT="Därför"/><SP WIDTH="22" VPOS="1497" HPOS="398"/>
							<String ID="string_270" HPOS="420" VPOS="1497" WIDTH="69" HEIGHT="21" WC="0.96" CONTENT="skulle"/><SP WIDTH="20" VPOS="1497" HPOS="489"/>
							<String ID="string_271" HPOS="509" VPOS="1497" WIDTH="39" HEIGHT="27" WC="0.96" CONTENT="jag"/><SP WIDTH="20" VPOS="1497" HPOS="548"/>
							<String ID="string_272" HPOS="568" VPOS="1496" WIDTH="50" HEIGHT="28" WC="0.96" CONTENT="vilja"/><SP WIDTH="15" VPOS="1496" HPOS="618"/>
							<String ID="string_273" HPOS="633" VPOS="1496" WIDTH="79" HEIGHT="21" WC="0.96" CONTENT="föreslå"/><SP WIDTH="15" VPOS="1496" HPOS="712"/>
							<String ID="string_274" HPOS="727" VPOS="1502" WIDTH="26" HEIGHT="15" WC="0.96" CONTENT="en"/><SP WIDTH="16" VPOS="1502" HPOS="753"/>
							<String ID="string_275" HPOS="769" VPOS="1496" WIDTH="51" HEIGHT="22" WC="0.96" CONTENT="liten"/><SP WIDTH="16" VPOS="1496" HPOS="820"/>
							<String ID="string_276" HPOS="836" VPOS="1496" WIDTH="177" HEIGHT="28" WC="0.96" CONTENT="omformulering"/>
						</TextLine>
						<TextLine ID="line_35" HPOS="180" VPOS="1524" WIDTH="833" HEIGHT="31">
							<String ID="string_277" HPOS="180" VPOS="1528" WIDTH="24" HEIGHT="22" WC="0.96" CONTENT="af"/><SP WIDTH="22" VPOS="1528" HPOS="204"/>
							<String ID="string_278" HPOS="226" VPOS="1526" WIDTH="127" HEIGHT="29" WC="0.96" CONTENT="paragrafen"/><SP WIDTH="23" VPOS="1526" HPOS="353"/>
							<String ID="string_279" HPOS="376" VPOS="1526" WIDTH="8" HEIGHT="21" WC="0.96" CONTENT="i"/><SP WIDTH="21" VPOS="1526" HPOS="384"/>
							<String ID="string_280" HPOS="405" VPOS="1525" WIDTH="66" HEIGHT="27" WC="0.96" CONTENT="fråga,"/><SP WIDTH="23" VPOS="1525" HPOS="471"/>
							<String ID="string_281" HPOS="494" VPOS="1525" WIDTH="91" HEIGHT="21" WC="0.96" CONTENT="sålunda"/><SP WIDTH="19" VPOS="1525" HPOS="585"/>
							<String ID="string_282" HPOS="604" VPOS="1528" WIDTH="32" HEIGHT="18" WC="0.97" CONTENT="att"/><SP WIDTH="16" VPOS="1528" HPOS="636"/>
							<String ID="string_283" HPOS="652" VPOS="1525" WIDTH="35" HEIGHT="21" WC="0.96" CONTENT="det"/><SP WIDTH="16" VPOS="1525" HPOS="687"/>
							<String ID="string_284" HPOS="703" VPOS="1524" WIDTH="69" HEIGHT="22" WC="0.96" CONTENT="skulle"/><SP WIDTH="15" VPOS="1524" HPOS="772"/>
							<String ID="string_285" HPOS="787" VPOS="1525" WIDTH="77" HEIGHT="27" WC="0.96" CONTENT="tydligt"/><SP WIDTH="15" VPOS="1525" HPOS="864"/>
							<String ID="string_286" HPOS="879" VPOS="1524" WIDTH="87" HEIGHT="28" WC="0.95" CONTENT="framgå,"/><SP WIDTH="15" VPOS="1524" HPOS="966"/>
							<String ID="string_287" HPOS="981" VPOS="1528" WIDTH="32" HEIGHT="18" WC="0.96" CONTENT="att"/>
						</TextLine>
						<TextLine ID="line_36" HPOS="182" VPOS="1553" WIDTH="832" HEIGHT="31">
							<String ID="string_288" HPOS="182" VPOS="1556" WIDTH="74" HEIGHT="28" WC="0.92" CONTENT="hvarje"/><SP WIDTH="26" VPOS="1556" HPOS="256"/>
							<String ID="string_289" HPOS="282" VPOS="1554" WIDTH="123" HEIGHT="23" WC="0.89" CONTENT="militäriskt"/><SP WIDTH="27" VPOS="1554" HPOS="405"/>
							<String ID="string_290" HPOS="432" VPOS="1554" WIDTH="140" HEIGHT="28" WC="0.95" CONTENT="organiserad"/><SP WIDTH="24" VPOS="1554" HPOS="572"/>
							<String ID="string_291" HPOS="596" VPOS="1553" WIDTH="104" HEIGHT="27" WC="0.96" CONTENT="förening,"/><SP WIDTH="24" VPOS="1553" HPOS="700"/>
							<String ID="string_292" HPOS="724" VPOS="1560" WIDTH="46" HEIGHT="15" WC="0.93" CONTENT="som"/><SP WIDTH="24" VPOS="1560" HPOS="770"/>
							<String ID="string_293" HPOS="794" VPOS="1553" WIDTH="100" HEIGHT="22" WC="0.91" CONTENT="behöfver"/><SP WIDTH="22" VPOS="1553" HPOS="894"/>
							<String ID="string_294" HPOS="916" VPOS="1554" WIDTH="98" HEIGHT="21" WC="0.96" CONTENT="använda"/>
						</TextLine>
					</TextBlock>
				</ComposedBlock>
			</PrintSpace>
		</Page>
	</Layout>
</alto>
