1123 1773
187 119 17 21 si

206 119 11 20 jm

218 118 16 22 05

465 121 288 29 Kommnnikationefonden.
935 126 26 17 14
971 126 54 20 juni.

263 193 159 22 Diskussionen
436 192 132 22 förklarades
584 193 53 21 härä
651 193 98 26 afslutad,
764 193 107 22 hvarefter
887 194 86 22 ständet
989 194 36 22 be-

192 221 44 23 slöt
252 222 113 27 godkänna
381 222 116 21 utskottets
511 221 69 22 första
594 222 57 21 kläm
666 222 13 21 å
694 222 47 22 sida
757 222 32 22 12.

262 278 138 22 Beträffande
422 279 67 21 andra
510 278 108 22 klämmen
638 279 14 21 &
666 279 54 21 sidd.
736 279 85 21 12—13
841 278 134 23 framställde
998 279 27 21 hr

192 307 123 22 talmannen
331 307 94 27 följande
439 307 297 28 omröstningsproposition
725 303 15 36 :

262 364 39 27 De,
319 364 76 21 hvilka
411 364 118 27 godkänna
547 364 114 22 utskottets
679 364 58 21 kläm
752 364 15 22 å
781 364 55 22 sidd.
854 365 92 27 12—13,
962 366 61 20 rösta

185 393 46 27 ja;
247 393 32 25 de,
293 393 36 21 det
342 393 46 21 icke
401 395 61 25 göra,
477 395 60 19 rösta
552 393 52 27 nej;

261 449 79 21 vinner
360 449 43 28 nej,
421 449 42 21 har
481 449 177 28 borgareståndet
677 449 88 22 beslutit
783 449 95 28 omfatta
898 450 27 21 hr
946 450 77 21 Seder-

190 477 73 22 holms
278 478 91 27 förslag.

261 535 167 27 Propositionen
450 535 130 22 besvarades
602 535 50 21 med
675 535 155 27 öfvervägande
849 535 30 27 ja,
904 535 40 22 och
968 535 56 22 hade

191 563 88 22 ståndet
315 563 83 22 således
428 563 88 22 beslutit
546 564 115 27 godkänna
690 563 61 22 äfven
782 563 117 22 utskottets
926 564 57 21 kläm
1011 564 14 21 ä

192 592 56 21 sidd.
264 592 91 21 12—13.

260 649 146 22 Uttalandena
431 649 68 22 under
524 649 102 22 rubriken
655 649 249 28 »Bevillningsfonden>
928 650 7 21 i
958 649 66 28 öfrigt

190 677 112 22 äfvensom
323 677 104 28 förslaget
449 678 31 21 till
504 678 81 27 budget
605 678 34 21 för
662 678 209 27 hevillningsfonden
886 679 70 21 under
971 679 52 21 åren

189 707 142 21 1906—1907
349 707 123 26 godkändes
488 707 57 21 härä.

259 764 12 21 I
286 764 108 21 anseende
416 764 71 21 härtill
509 764 55 21 hade
587 764 86 21 ständet
695 763 61 22 äfven
778 764 106 21 definitivt
899 765 83 26 antagit
997 765 28 21 de

188 793 93 26 tidigare
295 793 118 21 eventuellt
427 793 100 21 beslutna
540 793 169 26 bevillningarna
724 793 33 21 för
773 793 96 27 spelkort
883 793 41 21 och
935 793 34 22 för
982 793 42 21 till-

190 821 107 28 värkning
311 821 24 22 af
348 821 141 27 maltdrycker
505 824 56 18 samt
577 821 241 28 stämpelbevillningen.

263 970 122 26 Föredrogs
407 970 26 21 hr
455 970 159 21 Mattssons
650 971 34 20 vid
700 973 86 18 senaste
801 970 88 27 plenum
906 970 118 27 bordlagda

192 998 106 28 skriftliga
313 999 99 21 anmälan
428 1005 33 15 om
479 999 101 22 utträde
596 1005 30 16 ur
642 999 211 27 borgareständet.

260 1056 33 21 Hr
314 1055 126 25 Heikel,
461 1055 98 24 Felix,
582 1055 71 22 anhöll
671 1062 33 15 om
721 1056 62 21 ordet
798 1056 40 21 och
852 1056 98 27 yttrade:
981 1057 42 21 Vid

189 1087 87 19 senaste
298 1085 157 21 sammanträde
471 1085 94 26 begärde
577 1085 39 26 jag
632 1085 70 20 denna
717 1084 124 22 skrifvelses
857 1085 165 27 bordläggning,

189 1113 91 22 emedan
295 1113 39 27 jag
353 1113 73 21 tänkte
443 1113 46 27 mig
507 1115 32 19 att
553 1113 37 21 det
606 1113 101 27 möjligen
723 1113 72 22 kunde
809 1113 66 22 blifva
890 1113 134 27 nödvändigt

188 1144 33 19 att
246 1141 132 22 öfverlämna
402 1141 32 22 till
459 1141 238 28 grundlagsutskottets
722 1141 122 28 afgörande,
865 1142 108 21 huruvida
997 1142 26 21 hr

181 1170 117 22 "Mattsson
321 1177 38 14 var
378 1169 124 22 förhindrad
518 1172 32 19 att
565 1170 88 22 kvarstå
667 1171 7 20 i
689 1171 184 26 borgareständet,
892 1171 67 21 sedan
974 1170 49 27 han,

189 1199 34 21 väl
239 1199 46 21 icke
300 1198 70 22 blifvit
384 1199 117 27 prästvigd,
521 1205 48 15 men
583 1199 105 21 utnämnd
703 1199 32 21 till
751 1199 76 22 docent
843 1199 36 22 vid
895 1199 127 22 universite-

188 1230 33 19 tet
248 1227 41 22 och
311 1227 90 22 sälunda
422 1227 107 28 öfvergätt
550 1227 32 22 till
597 1228 166 27 prästeständet.
793 1228 49 21 Men
862 1228 27 21 dä
904 1228 37 21 det
956 1228 67 27 enligt

189 1257 12 26 8
218 1257 26 21 17
261 1257 7 20 i
283 1256 235 27 landtdagsordningen
541 1256 126 21 ankommer
682 1257 12 20 ä
710 1257 85 21 ständet
818 1258 33 20 att
866 1257 115 26 godkänna
996 1257 27 20 de

189 1285 53 25 skäl,
261 1291 47 15 som
324 1284 85 22 anföras
425 1284 33 22 för
473 1285 106 27 afsägelse
594 1285 23 21 af
638 1285 293 27 landtdagsmannauppdrag
953 1285 70 21 under

187 1314 111 27 pägäende
328 1313 108 27 landtdag,
459 1313 40 22 och
522 1314 27 21 dä
572 1320 26 15 ur
620 1313 23 28 88
668 1314 26 21 12
717 1313 39 22 och
778 1314 27 21 14
827 1314 7 21 i
857 1314 165 27 landtdagsord-

188 1343 80 26 ningen
291 1342 78 27 tydligt
390 1342 100 27 framgär,
506 1344 30 19 att
557 1342 25 21 hr
597 1343 108 20 Mattsson
721 1349 89 14 numera
825 1342 96 22 hvarken
937 1344 24 19 är
978 1342 43 21 val-

187 1371 40 21 bar
242 1373 23 19 är
280 1371 156 26 valberättigad
451 1371 7 21 i
474 1371 59 21 detta
549 1371 69 26 ständ,
629 1371 40 21 och
685 1371 36 21 det
737 1371 204 27 öfverhufvudtaget
955 1371 67 27 gäller

188 1406 47 15 som
260 1399 78 22 allmän
358 1400 89 27 princip,
463 1402 32 19 att
509 1399 93 22 medlem
618 1399 23 22 af
654 1402 31 19 ett
701 1400 61 21 stånd
778 1399 46 22 icke
839 1399 42 22 kan
896 1399 64 22 hafva
976 1401 47 20 säte

187 1428 40 21 och
248 1430 92 19 stämma
355 1429 7 20 i
377 1430 32 19 ett
428 1430 71 24 annat,
520 1430 59 19 utom
596 1428 56 22 hvad
668 1428 101 21 beträffar
785 1428 116 26 adelsman,
917 1435 47 14 som
981 1428 41 21 till-

186 1457 41 21 hör
242 1457 165 27 prästeständet,
423 1457 24 21 sä
463 1457 36 21 vill
511 1457 39 27 jag
564 1457 34 21 för
613 1457 45 21 min
673 1457 34 21 del
723 1457 83 26 föreslä,
817 1459 32 19 att
859 1457 86 22 ständet
955 1457 68 21 mätte

187 1485 115 27 godkänna
321 1485 26 21 hr
368 1485 120 22 Mattssons
503 1485 107 27 afsägelse
626 1485 39 21 och
680 1486 7 20 i
703 1485 112 22 skrifvelse
830 1492 109 20 uppmana
955 1485 67 27 magi-

186 1516 83 19 straten
286 1514 7 21 i
310 1514 73 21 Kaskö
400 1516 31 20 att
447 1514 87 27 vidtaga
549 1514 77 27 ätgärd
641 1514 33 21 för
690 1514 133 22 anställande
838 1514 24 21 af
875 1516 47 25 nytt
937 1514 41 22 val.
