1123 1773
194 115 44 35 704
467 120 286 34 Kommunikationsfonden.
939 132 24 17 14
973 133 53 18 juni.

194 194 63 21 däraf
269 195 72 26 dragit
357 195 40 21 den
413 195 141 25 konsekvens,
565 199 32 19 att
612 203 34 15 om
663 199 126 26 regeringen
805 198 118 23 fastställer
933 201 93 21 beslutet

194 229 36 15 om
253 223 109 22 banornas
385 224 117 27 byggande,
519 231 47 15 men
590 231 25 15 en
636 226 106 21 blifvande
757 227 103 27 landtdag
875 227 46 22 icke
936 229 89 27 beviljar

194 252 125 26 penningar,
336 252 25 21 sä
383 254 23 19 är
429 253 36 20 det
481 253 78 27 troligt,
576 256 31 19 att
622 254 129 28 landtdagen
767 258 60 25 tager
843 257 31 20 ett
889 257 52 26 godt
957 264 67 21 grepp

193 280 8 21 i
216 281 142 26 regeringens
374 287 86 21 pengar,
476 281 81 22 hvilket
569 282 25 27 ju
610 283 69 21 mäste
693 290 64 15 anses
772 291 51 14 vara
839 286 31 19 ett
880 285 93 22 lofvärdt
985 287 40 21 och

193 309 54 26 godt
269 309 61 27 syfte.
360 309 34 21 Hr
416 310 91 21 Mauritz
531 311 105 27 Hallberg
655 312 77 27 drager
754 319 27 14 en
796 319 70 15 annan
883 314 141 25 konsekvens,

193 337 107 27 nämligen
323 338 48 25 den,
387 340 30 19 att
439 345 35 14 om
497 339 117 22 ständerna
636 340 115 27 tillvägagä
772 341 49 22 med
844 342 58 21 detta
917 343 61 27 syfte,
993 345 32 20 att

192 365 92 22 sålunda
306 367 100 26 begagna
425 367 191 28 järnvägsfrägans
641 369 130 27 behandling
792 369 32 22 till
845 377 26 14 en
893 371 50 21 liten
960 374 63 19 stats-

193 394 86 27 rättslig
297 395 67 26 kupp,
380 395 24 21 sä
426 395 40 22 blir
481 397 128 26 regeringen
624 397 58 22 nödd
698 398 39 21 och
752 401 95 24 tvungen
863 401 32 20 att
909 400 46 21 icke
971 400 52 22 fast-

192 423 64 20 ställa
271 423 96 22 beslutet
382 430 33 15 om
429 424 129 27 järnvägars
574 425 118 27 byggande.
716 426 68 22 Saken
800 427 41 21 kan
858 434 35 15 ses
904 428 47 21 från
962 429 61 21 hvar-

192 451 52 21 dera
260 451 67 22 sidan.
357 453 42 26 Jag
413 452 33 21 för
461 453 43 21 min
521 453 34 21 del
571 454 70 21 älskar
657 455 6 20 i
678 455 115 22 allmänhet
808 458 31 19 att
854 459 50 24 taga
919 457 52 22 hvar
985 458 39 21 sak

192 479 33 21 för
247 480 38 27 sig,
305 481 178 27 järnvägsfrägan
506 481 33 22 för
562 483 34 24 sig
618 483 39 21 och
679 483 75 27 frägan
778 491 34 14 om
828 485 139 28 regeringens
983 487 40 21 och

192 509 128 21 ständernas
337 509 119 27 penningar
471 509 32 22 för
520 511 39 26 sig.
588 511 42 27 Jag
645 513 24 19 är
684 511 123 28 öfvertygad
823 519 40 20 om,
875 516 32 19 att
922 515 41 20 den
976 515 47 21 blif-

192 537 69 21 vande
283 539 200 25 representationen
506 539 49 21 med
578 540 40 21 den
642 540 124 27 myndighet
787 542 40 21 den
844 542 97 21 kommer
955 545 32 20 att
1002 543 21 22 fä

192 567 110 24 gentemot
324 567 127 26 regeringen
468 567 53 22 skall
542 568 72 27 lyckas
637 569 28 20 nä
687 569 36 21 det
745 569 48 26 mäl,
816 577 46 14 som
886 571 25 21 hr
926 571 96 22 Neovius

191 593 67 28 syftar
274 595 31 20 till
321 595 50 21 med
387 595 37 21 sitt
433 595 86 28 förslag,
530 597 107 26 nämligen
649 600 32 19 att
691 599 92 26 gränsen
794 599 77 21 mellan
882 601 140 26 regeringens

190 622 41 21 och
247 623 142 27 landtdagens
404 625 119 26 penningar
538 625 54 21 skall
608 626 103 27 upphöra,
722 627 39 21 och
774 627 38 27 jag
826 627 75 27 finner,
912 631 32 18 att
959 629 64 22 dessa

191 651 37 21 tvä
251 651 68 27 saker,
335 652 94 21 beslutet
451 659 34 15 om
499 653 230 28 järnvägsbyggnader
744 655 39 22 och
798 656 97 27 anslaget
910 657 33 21 för
959 658 62 21 deras

191 679 119 28 utförande,
327 681 116 21 eventuellt
465 682 121 27 beviljande
601 683 23 21 af
643 683 71 22 kredit
735 683 32 22 för
789 685 126 26 ändamälet,
931 685 51 23 höra
998 687 25 21 sä

191 708 130 22 tillsamman
346 716 46 14 som
411 710 64 22 debet
490 711 39 21 och
545 711 70 22 kredit
629 712 8 21 i
652 712 85 28 vanliga
752 713 151 28 räkenskaper.
931 715 43 27 Jag
989 715 32 22 för

190 738 44 20 min
259 738 34 21 del
316 738 69 21 skulle
407 738 84 27 föreslä,
509 742 32 18 att
564 740 20 21 vi
600 740 55 22 hälla
671 747 36 15 oss
723 742 31 21 till
770 742 173 22 statsutskottets
958 744 63 26 kläm,

191 772 47 15 som
254 768 23 19 är
293 766 69 28 enligt
373 767 43 21 min
432 768 65 21 tanke
513 768 40 22 den
570 770 131 20 normalaste
711 769 40 22 och
761 770 98 22 klaraste.
881 772 33 20 Hr
924 772 97 22 Neovius

190 794 77 22 trodde
289 795 35 27 sig
346 795 71 22 kunna
434 796 87 26 förutse,
537 799 32 19 att
584 800 31 18 ett
630 798 90 21 statslän
735 799 46 21 icke
796 799 41 21 kan
853 799 32 22 fäs
901 800 27 27 pä
943 800 77 22 fördel-

188 822 73 28 aktiga
276 824 78 21 villkor
369 824 45 21 före
429 827 62 19 nästa
506 825 108 28 landtdag.
635 827 42 26 Jag
692 829 45 19 tror
755 828 41 20 han
813 828 36 26 gaf
863 829 34 26 sig
909 831 31 19 att
950 829 70 27 profe-

188 854 48 18 tera
258 858 45 15 mer
327 854 26 20 än
375 853 69 27 nägon
461 854 107 21 bankman
584 854 41 22 kan
642 857 57 25 göra,
715 858 22 25 ty
752 862 26 15 en
794 857 57 27 dälig
865 857 133 27 konjunktur
1013 859 8 21 i

189 880 43 27 dag
246 880 41 22 kan
303 880 63 28 följas
381 881 23 22 af
418 882 55 27 goda
489 889 34 15 om
541 883 65 27 nägra
621 884 107 26 mänader,
739 884 39 22 och
789 885 36 22 det
839 886 42 21 kan
897 886 77 26 hända,
989 889 32 20 att

189 909 21 21 vi
225 909 7 21 i
247 911 62 20 nästa
325 910 38 21 vär
379 912 36 20 äro
431 911 56 21 inför
503 917 25 16 en
545 912 66 21 sädan
627 913 138 27 konjunktur,
777 916 31 19 att
823 921 49 14 man
888 915 49 21 med
952 915 68 22 fördel

187 937 43 22 kan
254 941 95 24 upptaga
371 939 130 22 ätminstone
523 941 71 26 nägon
618 941 34 22 del
675 941 22 22 af
717 942 63 25 länet,
795 943 40 21 och
847 943 38 27 jag
900 950 69 20 anser,
987 947 32 18 att

189 965 150 23 hufvudsaken
363 968 7 20 i
391 968 69 21 denna
482 968 61 27 fräga
565 969 131 22 fortfarande
719 973 22 18 är
764 971 47 26 den,
831 974 31 19 att
885 972 133 22 statskassan

187 995 48 21 icke
258 995 54 22 skall
336 996 73 22 ställas
432 997 7 20 i
463 996 139 28 förlägenhet,
618 1001 51 19 utan
692 999 180 28 kassatillsängen
888 1000 67 22 hålles
971 1001 48 27 god,

187 1023 73 22 säsom
285 1024 42 21 den
351 1025 54 21 varit
428 1025 69 22 under
519 1027 26 20 de
568 1030 87 19 senaste
677 1028 146 26 decennierna,
839 1029 40 21 och
902 1029 47 21 tack
969 1036 50 15 vare

187 1051 82 22 hvilket
285 1052 133 23 förhällande
433 1054 21 21 vi
467 1054 64 21 hafva
547 1055 41 27 god
604 1055 71 22 kredit
689 1057 7 20 i
711 1057 96 21 utlandet
822 1057 40 22 och
873 1057 82 22 kunnat
965 1065 53 20 upp-

186 1081 115 26 negociera
325 1088 80 21 pengar
427 1083 32 20 till
478 1083 73 27 billiga
574 1084 74 21 vilkor.
678 1085 39 21 Låt
739 1091 36 16 oss
797 1086 46 21 icke
859 1086 77 22 blanda
951 1087 68 22 andra

187 1109 70 27 syften
273 1110 22 21 in
312 1110 6 21 i
334 1110 41 22 den
390 1111 66 27 fråga,
472 1118 47 15 som
536 1119 28 14 nu
580 1112 120 28 föreligger.

256 1167 34 21 Hr
305 1167 160 22 Pietinen:
489 1169 54 21 Olen
559 1169 142 28 mielihyvällä
720 1171 128 22 kuunnellut
869 1172 62 27 hrjen
954 1173 63 21 Aimo

187 1195 127 28 Hallbergin
336 1196 23 27 ja
379 1197 139 22 Neoviuksen
541 1198 130 27 lausuntoja,
687 1199 46 21 sillä
755 1200 83 21 useissa
853 1200 80 22 kohdin
949 1204 69 19 samat

185 1226 50 25 syyt
257 1224 66 22 olivat
344 1225 124 22 minullakin
492 1226 169 23 vaikuttamassa
677 1228 76 26 silloin,
769 1228 50 21 kuin
835 1229 181 22 lähetekeskuste-

186 1252 60 21 lussa
269 1253 119 22 armollista
410 1255 89 26 esitystä
521 1256 258 22 rautatierakennuksista
794 1257 149 22 valiokuntaan
960 1259 56 21 lähe-

186 1282 104 21 tettäessä
305 1283 89 26 toivoin,
410 1285 44 19 että
469 1283 145 27 käytettäisiin
630 1285 84 21 meidän
730 1285 125 27 kotimaisia,
866 1287 57 21 omia
938 1288 79 26 varoja,

182 1309 63 27 jotka
261 1313 38 24 nyt
314 1313 51 19 ovat
380 1312 105 27 sijoitetut
501 1312 143 22 ulkomaisille
659 1314 142 22 semmoisella
816 1315 83 26 tavalla,
911 1316 52 21 kuin
978 1316 39 22 hra

185 1338 64 22 Aimo
273 1339 106 28 Hallberg
398 1341 99 21 mainitsi.
527 1341 166 23 Puheenalaiset
707 1342 116 23 lausunnot
835 1344 73 21 voivat
923 1345 94 21 minusta

185 1367 43 21 olla
242 1367 85 27 hyvänä
343 1368 90 28 ohjeena
448 1369 144 22 hallitukselle
608 1371 77 25 silloin,
700 1371 44 21 kun
760 1372 73 27 varoja
847 1373 168 21 rautatieraken-

185 1396 87 21 nuksiin
289 1397 105 21 tarvitaan
411 1400 64 19 ottaa.
498 1398 71 22 Mutta
584 1399 85 21 toiselta
683 1400 79 26 puolen
773 1400 164 28 käytännölliset
948 1402 68 22 seikat

184 1424 96 22 minusta
303 1426 98 26 vaativat,
417 1427 98 21 niinkuin
540 1427 40 21 hra
596 1428 148 27 Schybergson
757 1429 24 27 jo
796 1430 100 26 mainitsi,
912 1432 45 19 että
971 1430 44 22 kun

184 1453 75 28 säädyt
282 1457 37 24 nyt
335 1454 77 22 kerran
428 1458 51 18 ovat
493 1457 124 25 päättäneet
632 1456 101 22 rakentaa
748 1458 43 20 niin
807 1458 73 27 paljon
895 1459 120 26 rautateitä,

183 1481 45 21 niin
251 1488 28 16 on
303 1484 60 26 myös
379 1484 128 21 osoitettava
522 1485 79 27 varoja,
617 1486 44 20 niin
677 1488 44 19 että
736 1492 27 15 ne
777 1487 101 21 riittävät.
908 1488 106 21 Hallituk-

183 1510 55 22 sella
260 1513 72 25 täytyy
353 1512 36 21 siis
406 1512 41 22 olla
463 1513 105 26 tilaisuus,
581 1513 36 27 jos
633 1514 77 22 kerran
727 1515 101 27 sopivalla
844 1516 78 21 tavalla
937 1516 78 28 lainoja
