1098 1756
88 129 14 17 3
114 127 91 21 augusti.
407 118 190 33 Tryckfrihetslag.
878 120 41 21 889

88 195 88 30 tystöllä
193 195 79 22 kutsua
293 194 67 21 muita
381 195 81 27 säätyjä
477 194 70 21 näihin
564 193 122 28 päätöksiin
702 194 120 27 yhtymään.
852 194 67 21 Lähe-

89 225 86 28 tystöön
192 223 87 22 valittiin
295 223 134 21 edusmiehet
444 222 109 26 Koskelin,
569 222 110 22 Snellman
692 223 24 26 ja
731 223 47 20 Nix.

159 253 64 20 Tästä
242 252 28 21 oli
291 251 51 22 tieto
357 251 221 27 pöytäkirjanotteella
592 253 118 19 annettava
725 251 78 21 toisille
818 251 102 27 säädyille

85 283 25 27 ja
125 280 118 22 mainitulle
258 279 164 23 valiokunnalle.

701 319 23 18 In
735 318 57 19 fidem
799 325 4 12 :

639 353 87 22 Kaarlo
741 353 109 28 Ignatius.

159 423 34 21 Då
207 421 156 22 ofvanberörda
377 421 79 22 ärende
472 421 52 22 härä
533 421 134 22 omedelbart
679 424 93 25 upptogs
784 422 31 21 till
826 422 94 22 behand-

88 453 50 26 ling,
155 451 104 27 begärdes
275 451 62 21 ordet
350 449 23 22 af

159 509 25 21 hr
200 508 184 26 Söderholm,
400 514 47 15 som
462 508 93 27 yttrade:
577 507 34 22 Dä
624 507 40 28 jag
679 508 33 21 uti
727 508 86 22 ständet
828 508 91 27 tidigare

90 539 40 21 har
141 538 49 21 hört
198 537 31 21 till
238 537 53 25 dem,
301 543 46 15 som
356 536 96 21 förordat
460 537 40 20 den
510 536 80 27 lydelse
606 537 37 20 det
651 537 154 27 ursprungliga
815 537 105 22 utskotts-

89 566 145 23 betänkandet
257 565 38 22 har
317 565 7 21 i
339 565 59 22 detta
420 564 106 27 afseende,
541 565 70 21 skulle
623 565 39 27 jag
677 565 65 22 ocksä
757 572 29 15 nu
802 565 118 27 hemställa,

90 598 32 19 att
136 594 169 22 bondeständets
320 593 129 28 inbjudning
468 596 89 24 antages
573 593 22 22 af
608 594 186 27 borgareständet.
824 595 42 26 Jag
882 594 38 21 har

90 624 92 27 tidigare
203 622 116 22 framhällit
341 623 26 20 de
387 622 51 25 skäl,
455 628 46 15 som
521 622 42 21 tala
578 621 33 22 för
626 629 26 14 en
670 623 66 21 sädan
752 623 61 26 äsikt,
829 623 40 21 och
884 623 37 21 vill

90 652 73 23 därför
178 651 46 22 icke
239 658 29 15 nu
284 657 97 21 upprepa
397 651 55 21 dem.

161 709 32 22 Hr
217 708 175 22 talmannen
417 708 103 25 erinrade,
535 711 32 18 att
581 708 151 28 ridderskapet
747 709 40 21 och
802 709 62 22 adeln
881 709 39 22 och

90 737 157 23 bondeståndet
271 737 94 27 godkänt
387 737 14 26 &
416 737 29 21 24
460 737 66 26 enligt
541 737 155 26 lagutskottets
712 738 152 27 ursprungliga
879 738 41 21 för-

91 767 52 27 slag,
164 766 111 22 hvaremot
296 767 83 25 präste-
402 765 40 22 och
465 765 182 27 borgareständen
672 766 89 22 beslutit
775 767 86 27 vidtaga
876 769 45 19 sär-

91 796 70 22 skilda
175 794 149 27 förändringar
339 795 7 20 i
362 794 66 27 sagda
443 794 105 27 paragraf.
572 794 128 22 Sedermera
715 795 54 21 hade
779 795 142 27 lagutskottet

90 824 116 26 föreslagit,
217 825 31 19 att
262 823 149 27 ridderskapet
426 823 40 21 och
476 823 61 21 adeln
549 822 40 22 och
600 823 158 22 bondeständet
769 824 68 21 skulle
847 824 74 22 förena

91 854 33 26 sig
139 859 34 15 om
197 854 81 25 präste-
298 852 40 21 och
358 852 196 26 borgareständens
576 852 78 25 beslut,
670 858 47 15 som
741 858 51 16 vore
808 855 112 19 samstäm-

91 882 63 26 miga.
184 881 10 21 I
217 881 70 21 denna
309 880 60 26 fråga
391 880 55 21 hade
466 880 159 21 bondeståndet
647 887 30 15 nu
693 881 81 21 lämnat
790 881 79 22 besked
884 888 36 15 om

91 917 35 15 om
143 910 37 21 sitt
195 909 76 25 beslut,
282 915 49 15 men
347 909 55 21 hvad
418 908 149 28 ridderskapet
583 908 39 22 och
633 909 62 21 adeln
707 909 63 27 gjort,
782 910 73 21 därom
866 910 55 22 hade

91 941 58 19 ännu
165 938 46 22 icke
227 938 94 21 erhällits
337 937 206 27 protokollsutdrag.

161 996 32 20 Hr
210 994 137 26 Castrén,
363 994 113 22 Kaarlo
491 994 97 28 yttrade:
613 994 118 22 Rohkenen
747 995 122 27 puolestani
885 996 36 21 eh-

91 1025 79 25 dottaa,
186 1026 44 19 että
245 1025 58 25 sääty
316 1024 20 20 ei
346 1023 122 27 hyväksyisi
479 1023 223 27 talonpoikaissäädyn
713 1024 144 26 kutsumusta,
866 1031 54 15 vaan

91 1053 80 27 pysyisi
187 1052 105 22 entisessä
306 1052 174 27 päätöksessään.
504 1051 56 26 Sille,
568 1052 52 26 joka
630 1052 74 21 tahtoo
718 1052 128 22 vastauksen
858 1059 63 15 sano-

91 1081 126 24 malehteen,
233 1087 27 15 on
276 1080 140 28 täydellisesti
430 1080 91 26 riittävä,
532 1082 45 20 että
591 1080 42 21 hän
649 1087 37 15 saa
698 1081 168 27 kirjoituksensa
876 1084 45 19 ote-

92 1110 58 22 tuksi
166 1110 76 21 lehden
258 1109 174 21 tekstiosastoon.
454 1109 26 21 Ja
496 1109 43 21 kun
556 1109 105 27 sitäpaitsi
672 1109 180 22 sanomalehdelle
864 1110 57 27 epäi-

92 1139 89 21 lemättä
195 1140 76 26 syntyy
292 1138 81 21 useasti
389 1138 74 21 suuria
479 1138 163 26 käytännöllisiä
657 1138 161 26 hankaluuksia,
830 1138 36 28 jos
883 1145 37 15 sen

92 1167 153 22 ehdottomasti
267 1173 27 15 on
310 1167 122 27 painettava
448 1168 86 20 vastaus
551 1172 87 16 samaan
653 1166 104 28 paikkaan
774 1167 51 21 kuin
841 1174 24 14 se
880 1167 42 21 kir-

89 1196 75 28 joitus,
177 1196 47 26 jota
246 1198 87 18 vastaus
357 1194 87 27 koskee,
459 1195 45 21 niin
527 1195 95 21 minusta
645 1196 19 20 ei
684 1195 34 22 ole
734 1197 60 26 syytä
809 1196 113 22 sellaisella

93 1224 153 28 määräyksellä
258 1224 118 27 joutavasti
392 1224 90 21 rasittaa
497 1223 159 22 sanomalehtiä.

160 1282 33 20 Hr
208 1282 194 20 Tötterman:
420 1280 75 22 Sävidt
510 1281 36 21 det
562 1280 65 28 gäller
643 1282 12 26 &
671 1281 34 26 24,
721 1281 49 22 ville
782 1282 39 26 jag
834 1281 86 27 föreslå,

92 1312 31 20 att
144 1310 177 27 borgareständet
336 1310 28 26 pä
379 1310 26 21 de
421 1309 52 26 skäl,
489 1316 47 15 som
551 1309 91 27 tidigare
657 1310 133 26 framhällits,
806 1310 48 21 ville
870 1310 52 27 god-

92 1339 71 21 känna
175 1339 40 21 den
231 1338 117 28 affattning,
365 1344 46 16 som
426 1338 143 27 lagutskottet
584 1338 89 22 föreslär
689 1339 7 21 i
711 1339 38 21 sitt
764 1339 66 21 andra
842 1338 81 28 förslag

93 1368 31 21 till
141 1367 213 27 sammanjämkning.

162 1425 33 21 Hr
211 1420 123 26 Öhman:
358 1424 34 21 Dä
406 1424 180 27 borgareständet
601 1425 58 20 ännu
674 1424 47 22 icke
736 1424 38 23 har
789 1425 33 28 sig
837 1425 85 27 bekant,

92 1453 81 22 hvilket
187 1453 72 22 beslut
273 1453 151 27 ridderskapet
439 1453 40 21 och
494 1453 62 21 adeln
572 1452 62 22 fattat
649 1453 49 21 med
712 1453 116 28 anledning
842 1453 23 22 af
878 1454 45 27 lag-

92 1482 118 22 utskottets
233 1488 74 15 senare
330 1481 309 28 sammanjämkningsförslag,
661 1488 63 21 synes
748 1482 36 21 det
806 1483 44 26 mig
872 1489 52 15 vara

93 1511 118 27 oegentligt
226 1512 32 20 att
272 1511 7 20 i
295 1511 42 26 dag
351 1510 97 27 företaga
463 1510 170 21 bondeständets
643 1510 104 27 inbjudan
758 1511 32 21 till
800 1511 122 27 afgörande.
