1100 1786
191 133 56 22 1102
490 136 27 17 H.
530 136 26 17 X.
568 135 50 18 Mite
630 135 85 18 trontal.
854 135 27 17 18
893 135 133 21 september.

286 239 145 33 Tisdagen
450 238 56 27 den
526 237 34 27 18
578 237 161 34 september
758 237 37 26 kl.
814 237 24 25 11
859 237 18 26 f.
895 245 36 18 m.

262 308 70 22 Sedan
349 307 97 22 ständets
462 306 138 22 medlemmar
616 306 26 21 kl.
660 306 53 21 10:45
728 305 14 21 f.
759 312 26 14 m.
801 305 89 22 sämlats
900 306 13 21 å
924 306 97 21 ständer-

192 338 70 25 huset,
284 336 100 28 aftågade
407 335 177 27 borgareståndet
599 335 6 21 i
621 334 124 28 procession
769 334 49 21 med
833 334 71 27 öfriga
918 334 64 22 stånd
990 335 31 21 till

194 365 167 28 Nikolaikyrkan
379 367 60 23 samt,
450 364 54 21 efter
518 366 32 19 att
565 362 62 22 hafva
642 362 115 22 öfvervarit
773 362 150 27 gudstjänsten
939 363 82 21 därstä-

194 396 44 24 des,
253 394 31 22 till
299 393 111 23 tronsalen
426 393 7 21 i
454 392 113 27 kejserliga
588 392 79 25 slottet,
682 391 89 21 hvarest
785 391 164 28 landtdagens
964 391 59 27 hög-

193 423 89 27 tidliga
297 421 144 23 afslutande
456 420 116 28 försiggick
586 420 67 27 enligt
667 419 118 22 fastställdt
800 420 135 21 ceremoniel.

262 472 61 29 Hans
348 478 120 27 Kejserliga
490 478 111 26 Majestäts
624 477 35 21 vid
680 476 128 22 nästnämda
823 477 82 21 tillfälle
921 477 101 27 upplästa

192 508 89 28 nådiga
297 508 34 22 tal
349 506 31 22 till
396 506 101 22 Finlands
513 506 87 21 ständer
616 512 37 15 var
668 505 23 21 af
704 505 93 27 följande
812 505 93 27 lydelse:

305 576 280 25 Representanter
606 573 48 22 för
676 574 105 21 finska
803 574 105 22 folket.

262 633 31 22 På
315 631 89 23 kallelse
424 631 76 22 hafven
524 631 10 21 I
550 631 155 21 sammanträdt
723 631 31 21 till
770 631 78 21 urtima
873 631 103 27 landtdag
990 631 34 21 för

193 662 130 26 behandling
346 660 23 22 af
387 660 81 27 förslag
483 660 31 21 till
530 660 258 26 grundlagsstadganden,
804 660 92 21 rörande
912 666 111 21 represen-

195 691 158 22 tationsrätten,
369 689 75 27 tryck-,
452 688 146 27 församlings-
606 688 39 21 och
656 688 202 27 föreningsfriheten
870 688 110 22 äfvensom
992 688 31 22 till

194 719 113 22 särskillda
322 718 66 27 lagar,
404 724 52 18 som,
478 717 69 21 ehuru
562 717 46 21 icke
623 717 94 21 varande
732 716 23 22 af
769 717 187 27 grundlagsnatur,
971 717 52 21 hän-

193 748 47 21 föra
255 748 32 26 sig
302 747 32 21 till
351 746 36 22 det
402 746 86 26 statliga
502 746 70 21 lifvets
584 745 113 27 viktigaste
708 745 108 25 områden,
828 746 71 21 såsom
911 746 31 20 till
953 752 69 15 exem-

194 777 35 27 pel
244 776 119 26 ordningen
379 774 33 22 för
428 774 33 22 val
476 774 23 21 af
512 776 173 25 representanter
701 774 31 21 till
748 774 135 27 landtdagen.

263 804 102 25 Numera,
385 803 53 21 efter
460 806 31 18 ett
510 803 120 26 långvarigt
645 803 35 20 nio
697 802 112 22 månaders
824 802 79 27 arbete,
919 802 77 22 hafven
1012 803 10 21 I

194 834 46 27 fyllt
255 834 40 21 den
311 833 52 21 eder
378 832 111 26 förelagda
504 830 91 28 uppgift,
610 831 39 21 och
665 831 39 21 har
719 832 43 26 Jag
777 831 47 21 med
835 831 187 22 tillfredsställelse

194 862 76 26 funnit,
292 864 32 19 att
346 861 7 21 i
376 860 98 22 omfattat
496 860 60 22 edert
578 860 74 21 arbete
674 860 49 21 med
747 860 40 21 den
804 860 166 25 sakkännedom,
986 860 36 22 det

194 891 52 26 lugn
269 890 39 21 och
333 890 40 20 den
397 888 139 27 opartiskhet,
559 895 46 14 som
624 891 32 18 ett
670 888 168 27 framgångsrikt
852 888 134 28 fullgörande
1001 888 24 21 af

195 920 118 21 detsamma
328 917 99 28 påkallat.
457 917 33 21 En
506 917 34 21 del
555 917 23 21 af
592 917 50 21 eder
658 917 121 27 handlagda
794 916 116 28 lagförslag
924 917 63 21 hafva
1001 917 25 21 af

194 948 46 27 Mig
255 947 66 22 redan
341 946 105 27 godkänts
462 946 40 21 och
518 945 53 22 skall
586 946 42 25 Jag
640 945 82 27 jämväl
737 948 50 24 taga
802 945 68 22 under
886 945 137 28 ompröfning

195 977 26 21 de
244 975 138 28 synpunkter,
408 981 46 15 som
478 975 35 21 vid
536 974 132 27 granskning
692 974 22 21 af
732 974 27 21 de
773 973 69 28 öfriga
856 973 23 22 af
892 974 51 21 eder
958 974 63 21 fram-

195 1005 77 21 hållits.

263 1033 41 27 Jag
327 1032 72 21 tackar
422 1032 51 21 eder
495 1031 33 22 för
551 1031 26 22 de
592 1031 88 21 känslor
696 1031 23 21 af
733 1031 134 28 undersåtlig
882 1031 71 22 trohet
967 1032 7 21 i
989 1031 34 22 för

196 1063 44 26 mig
262 1061 51 22 flere
336 1061 80 26 gånger
440 1061 68 21 under
531 1060 74 27 loppet
621 1059 23 22 af
658 1060 71 21 denna
752 1060 102 27 landtdag
869 1060 82 21 uttalat.
980 1061 43 26 Jag

195 1090 97 22 betviflar
307 1090 46 21 icke
369 1089 174 27 uppriktigheten
559 1088 23 22 af
595 1089 115 21 desamma.

264 1119 42 21 För
328 1118 53 21 sista
404 1118 83 27 gången
508 1117 38 22 har
562 1118 68 21 under
646 1117 70 22 denna
732 1118 79 21 urtima
834 1118 102 27 landtdag
951 1119 6 20 i
972 1119 49 21 Fin-

196 1148 50 22 land
266 1147 156 22 sammanträdt
437 1147 40 20 den
494 1146 248 27 ståndsrepresentation
761 1153 46 14 som
824 1147 65 21 sedan
906 1147 58 27 långt
979 1147 43 21 för-

196 1177 84 27 gångna
295 1176 54 21 tider
365 1175 23 21 af
401 1175 143 21 monarkerna
558 1175 76 21 kallats
650 1177 32 19 att
698 1175 115 21 medvärka
823 1175 35 21 vid
867 1175 155 27 lagstiftnings-

195 1205 89 22 arbetet.
314 1204 35 22 Nu
372 1203 89 22 afslutar
477 1203 70 21 denna
562 1203 171 27 representation
749 1204 33 20 sin
799 1204 141 26 värksamhet,
956 1204 65 22 sedan

196 1235 41 21 den
253 1233 108 21 utarbetat
377 1238 26 15 en
422 1238 28 21 ny
460 1232 210 26 landtdagsordning
680 1232 39 21 och
728 1232 75 27 vallag,
811 1232 49 22 med
872 1232 151 22 utsträckande

195 1262 23 22 af
231 1262 40 22 den
287 1261 101 28 politiska
411 1261 105 21 valrätten
541 1260 32 22 till
596 1260 99 27 samtliga
715 1260 83 22 landets
814 1261 141 27 medborgare
970 1264 52 19 utan

195 1292 71 26 någon
287 1290 23 22 af
331 1290 63 21 stånd
417 1290 51 20 eller
489 1290 67 21 andra
580 1289 76 21 villkor
677 1289 108 22 beroende
806 1290 119 22 åtskillnad.
955 1290 67 22 Måtte

196 1320 62 22 dessa
274 1320 59 26 lagar
348 1320 78 25 utgöra
440 1324 26 15 en
482 1318 117 22 bestående
614 1318 70 27 grund
700 1318 33 21 för
749 1318 83 22 landets
848 1319 72 21 vidare
935 1319 87 21 utveck-

195 1349 45 27 ling
255 1348 7 21 i
277 1350 43 19 rätt
335 1347 39 21 och
390 1347 79 21 kultur.

264 1376 154 27 Beklagligtvis
440 1376 38 21 har
494 1376 68 21 under
578 1378 86 19 senaste
680 1376 30 21 tid
725 1376 7 20 i
749 1376 104 21 särskilda
868 1376 58 21 delar
942 1376 22 21 af
977 1376 45 21 lan-

196 1406 36 22 det
254 1405 71 22 ibland
348 1405 98 21 arbetare
468 1404 54 27 röjts
544 1404 103 27 missnöje
668 1404 59 22 öfver
751 1404 62 22 deras
828 1405 139 21 ekonomiska
982 1404 40 22 och

195 1435 98 26 rättsliga
316 1433 108 27 ställning.
452 1434 43 27 Jag
518 1433 88 27 hoppas,
629 1435 32 19 att
676 1433 71 22 denna
762 1433 82 28 oroliga
860 1434 108 27 stämning
982 1433 40 22 och

193 1464 88 26 jäsning
296 1463 53 21 skall
365 1462 57 26 gitva
438 1462 53 26 vika,
508 1462 23 21 så
547 1465 60 18 snart
622 1461 67 22 folket
703 1461 72 22 funnit
790 1468 26 15 en
832 1462 121 27 lagbunden
964 1462 58 28 pröf-

196 1492 53 27 ning
264 1492 22 21 af
299 1492 131 20 detsammas
452 1490 162 26 önskningsmäl
636 1492 78 25 utgöra
738 1490 40 22 den
795 1490 96 22 säkraste
906 1493 67 25 vägen
991 1490 31 22 till

196 1520 127 28 uppnäende
339 1519 22 21 af
375 1519 49 21 dess
440 1518 52 22 kraf.
