1123 1775
187 137 44 21 788
514 131 186 33 Tryckfrihetslag.
940 137 25 17 14
974 136 47 21 juli.

258 211 28 22 Jo
310 208 251 28 evästyskeskustelussa
584 208 28 21 oli
634 206 89 22 minulla
743 206 81 21 kunnia
848 205 107 25 ehdottaa,
977 206 45 20 että

187 238 185 28 oikeudenkäynti
394 236 240 28 painovapausjutuissa
655 236 48 20 olisi
728 235 89 27 käytävä
836 233 186 28 juryoikeudessa.

191 268 49 22 Kun
257 266 227 23 lakivaliokunnankin
504 265 147 21 ehdotukseen
670 270 28 16 on
711 264 73 26 jäänyt
800 262 43 21 niin
860 265 74 19 monta
948 262 74 28 paino-

189 295 128 28 vapaudelle
340 294 116 22 haitallista
477 294 85 25 kohtaa,
576 293 54 27 joita
650 294 54 19 enää
718 292 68 21 lienee
800 291 74 21 vaikea
889 291 89 26 korjata,
994 296 28 15 on

190 324 90 22 minulla
295 325 42 20 sitä
352 323 111 26 suurempi
479 329 38 20 syy
533 323 37 26 nyt
580 321 106 25 ehdottaa,
697 322 43 19 että
750 319 206 28 painovapausjutut
967 318 55 21 käsi-

190 353 101 22 teltäisiin
312 351 181 28 juryoikeudessa
516 351 28 20 tai
568 349 228 24 sovinto-oikeudessa,
812 348 47 21 sillä
874 348 102 21 sellainen
993 347 30 21 oi-

191 381 160 27 keudenkäynti
366 380 49 21 olisi
430 380 83 21 omiaan
529 379 155 21 lieventämään
700 377 114 22 asetuksen
831 375 193 23 muodollisuuksia

188 411 25 26 ja
228 410 122 21 ehkäiseviä
370 409 77 21 kohtia.
478 408 80 21 Asetan
576 407 84 21 herrain
676 405 152 28 ajateltavaksi,
844 405 78 21 ovatko
939 404 84 21 meidän

191 438 263 22 Taastuvanoikeutemme
470 438 86 25 pätevät
571 435 161 22 käsittelemään
744 433 86 28 juttuja,
843 433 62 27 jotka
920 433 105 22 koskevat

191 468 61 21 esim.
260 467 85 27 jotakin
358 465 170 22 uusisuuntaista
538 463 228 28 näytelmäkappaletta
776 463 29 21 tai
812 462 84 27 jotakin
907 461 117 27 Frödingin

192 496 132 21 runoelmaa.

263 524 46 22 Sitä
329 522 180 24 tinkimiskantaa,
522 521 53 28 jolle
597 521 36 21 hrt
648 521 90 26 Ingman
752 520 24 27 ja
790 520 72 21 Ansas
878 521 51 20 ovat
944 520 80 20 asettu-

192 555 56 24 neet,
264 553 58 21 minä
337 551 122 28 puolestani
474 557 27 15 en
517 551 35 20 voi
567 549 112 28 hyväksyä.

264 610 33 22 Hr
320 608 223 26 Heimbärger:
567 608 33 20 Dä
616 606 78 27 nädiga
708 606 162 27 propositionen
887 612 36 14 om
938 604 36 28 lag
988 611 36 15 an-

194 639 83 27 gäende
306 638 115 28 yttrande-,
445 636 147 26 församlings-
621 635 39 21 och
689 634 175 26 föreningsfrihet
888 633 82 27 föreläg
994 632 31 22 till

194 668 137 26 behandling,
347 666 61 27 hyste
423 666 38 26 jag
481 666 59 20 vissa
561 664 170 26 betänkligheter
746 662 132 22 beträffande
893 668 26 15 en
935 661 91 28 lagstift-

195 695 142 28 ningsätgärd
358 694 22 22 af
393 693 162 28 ifrägavarande
572 693 52 27 slag.
654 693 65 20 Detta
734 692 48 20 mitt
797 691 99 27 yttrande
912 691 39 21 bör
967 690 59 27 själf-

194 725 60 21 fallet
268 724 47 22 icke
331 724 24 21 sä
370 723 83 25 förstäs,
464 725 32 19 att
508 722 38 27 jag
561 722 75 25 skulle,
651 721 83 21 mindre
750 722 26 19 än
788 720 70 26 nägon
869 726 71 14 annan
950 719 7 21 i
968 719 58 21 detta

194 754 71 25 ständ,
281 753 56 21 varit
356 751 155 28 genomträngd
526 750 23 22 af
562 750 186 26 nödvändigheten
764 748 40 22 och
819 748 129 27 riktigheten
964 747 23 22 af
1000 748 26 20 de

195 782 115 28 principer,
327 787 47 15 som
395 781 7 21 i
425 780 66 27 sagda
506 780 35 26 lag
560 779 87 21 komma
662 781 31 18 att
707 778 22 21 fä
744 778 38 20 sitt
797 777 89 27 uttryck.
916 777 59 21 Mina
989 776 37 21 be-

196 810 144 27 tänkligheter
364 816 52 14 voro
439 808 134 27 väsentligen
597 807 22 21 af
638 806 83 22 formell
744 808 40 19 art.
812 805 102 27 Märkligt
930 807 28 24 är,
974 805 53 21 att
1017 801 13 40 i

196 840 80 25 länder,
292 839 39 21 där
356 838 58 27 lagar
429 837 23 21 af
473 837 66 27 dylikt
555 838 49 20 rent
618 835 128 28 principiellt
761 834 93 22 innehåll
869 834 90 21 allmänt
972 833 55 21 före-

196 868 93 25 komma,
305 867 27 21 de
347 866 130 27 rättigheter,
493 872 47 14 som
557 866 63 20 dessa
636 864 58 27 lagar
709 863 45 21 afse
769 865 31 19 att
816 862 130 25 säkerställa,
962 862 66 21 minst

197 896 143 27 respekteras,
356 895 75 21 medan
455 894 97 21 däremot
575 893 7 21 i
597 893 79 25 länder,
692 898 47 15 som
755 892 7 20 i
777 891 100 22 afseende
892 891 13 21 å
920 890 108 22 folkfrihet

197 925 41 21 och
260 924 109 21 frisinthet
392 923 33 21 stå
445 923 71 21 såsom
540 921 110 22 föredöme
672 921 33 21 för
720 921 73 24 andra,
808 919 71 27 dylika
894 919 59 27 lagar
969 919 7 21 i
991 919 37 21 all-

197 953 89 22 mänhet
308 953 85 21 saknas.
423 952 111 26 Principer
559 950 23 21 af
604 950 41 21 den
668 951 38 24 art,
723 955 47 15 som
792 949 7 20 i
821 948 62 27 lagen
905 948 55 27 ingå,
976 947 53 22 böra

198 983 156 26 genomtränga
377 980 168 27 lagstiftningen,
568 982 50 23 taga
641 979 33 26 sig
696 977 85 28 uttryck
805 977 7 21 i
834 977 74 26 hvarje
924 971 104 37 paragraf,

198 1010 128 27 underligga
348 1009 73 27 hvarje
445 1008 135 27 bestämning
600 1008 6 20 i
622 1006 180 27 rättsordningen,
817 1011 49 16 men
882 1005 107 27 lösryckta
1004 1011 26 14 ur

198 1040 39 21 sitt
260 1038 156 26 sammanhang
438 1037 49 21 med
510 1037 41 21 den
567 1038 99 19 närmare
681 1034 161 27 lagstiftningen
859 1040 35 15 om
910 1034 27 21 de
952 1033 76 21 förhål-

198 1067 85 25 landen,
299 1073 47 15 som
370 1066 22 21 af
412 1065 163 28 ifrågavarande
591 1064 163 27 rättsprinciper
768 1063 152 21 företrädesvis
937 1062 93 25 beröras,

198 1098 80 25 antaga
298 1096 26 21 de
345 1095 158 27 proportioner,
520 1100 47 15 som
583 1093 96 21 medföra
694 1093 58 20 vissa
768 1091 74 22 vådor:
866 1091 26 21 de
908 1091 65 21 väcka
988 1089 42 22 för-

198 1125 143 27 hoppningar,
352 1130 46 15 som
414 1123 46 22 icke
476 1123 73 21 kunna
565 1122 117 23 realiseras,
692 1121 40 21 och
748 1122 31 20 ett
791 1120 109 27 missnöje,
912 1125 46 16 som
969 1119 7 21 i
986 1119 44 21 viss

199 1153 49 22 mån
265 1155 24 19 är
305 1152 137 27 berättigadt;
458 1151 40 22 och
514 1151 41 21 kan
572 1151 76 21 sådant
664 1150 34 21 vid
710 1149 92 27 antydda
811 1147 220 28 lagstiftningsmetod

198 1182 48 22 icke
268 1181 111 26 undvikas,
395 1181 87 26 sålänge
506 1186 49 15 man
578 1179 46 21 icke
647 1178 71 28 lyckas
742 1177 111 28 uppdraga
868 1177 71 27 någon
955 1176 22 22 af
990 1176 42 21 alla

199 1210 82 22 erkänd
305 1212 64 25 gräns
391 1210 76 20 mellan
491 1208 91 22 friheten
606 1208 12 21 å
640 1214 41 14 ena
696 1207 60 21 sidan
773 1208 56 20 samt
844 1205 133 28 själfsvåldet
992 1205 40 21 och

200 1240 82 21 brottet
305 1239 13 21 å
340 1239 40 21 den
403 1238 73 22 andra.
507 1237 43 21 Det
572 1238 23 20 är
611 1236 65 21 likväl
691 1236 61 24 klart,
768 1237 31 19 att
815 1234 68 22 under
898 1234 27 22 de
941 1236 91 24 säregna

199 1267 155 26 förhållanden,
365 1267 68 21 under
448 1266 72 22 hvilka
535 1266 21 21 vi
571 1265 70 25 lefvat,
653 1271 25 15 en
695 1264 57 27 dylik
767 1264 78 21 allmän
861 1263 35 27 lag
910 1263 55 21 varit
980 1262 52 22 nöd-

200 1296 86 28 vändig,
302 1296 40 22 och
357 1296 38 21 har
407 1295 39 27 jag
461 1294 72 22 därför
548 1294 47 21 icke
607 1294 83 21 kunnat
701 1293 51 21 eller
762 1292 57 22 velat
829 1292 36 21 vid
875 1291 157 27 behandlingen

200 1325 24 22 af
238 1325 67 27 sagda
320 1324 134 27 proposition
471 1323 68 21 uttala
553 1323 59 21 mina
626 1322 90 21 anförda
731 1320 177 28 betänkligheter.

271 1353 124 22 Emellertid
419 1352 62 22 torde
505 1352 36 21 det
564 1351 65 21 redan
650 1350 64 22 hafva
728 1350 106 26 framgått,
851 1351 31 19 att
898 1349 62 21 dessa
976 1348 58 21 mina

201 1382 171 27 betänkligheter
392 1382 47 20 icke
454 1381 56 21 varit
525 1380 87 22 alldeles
628 1379 132 27 ogrundade.
788 1378 42 27 Jag
846 1378 55 21 hade
916 1377 65 21 också
996 1378 38 20 ön-

201 1411 55 26 skat,
272 1412 36 24 att,
324 1410 27 22 då
366 1409 179 28 näringsfriheten
562 1415 29 15 nu
607 1408 115 27 kungjorts
737 1406 132 22 beträffande
882 1408 31 19 ett
924 1406 24 21 så
957 1405 77 27 viktigt

201 1440 89 21 område
306 1445 46 15 som
368 1438 195 28 tryckerirörelsen,
579 1438 71 20 denna
664 1436 83 28 princip
763 1436 55 21 hade
832 1434 72 22 funnit
920 1434 64 22 också
997 1434 38 21 sitt

201 1468 99 21 formella
315 1468 84 27 uttryck
414 1468 7 20 i
436 1466 169 27 lagstiftningen.
629 1466 43 20 Det
686 1465 55 20 hade
757 1464 55 21 varit
827 1463 101 26 önskligt,
943 1465 32 18 att
989 1462 45 27 lag-

201 1497 104 26 förslaget
320 1496 115 27 uppställts
447 1496 28 25 så,
487 1497 32 19 att
530 1495 120 20 detsamma
661 1493 61 27 gifvit
732 1493 22 21 ät
764 1492 151 27 näringslagen
926 1491 56 22 hvad
998 1493 36 18 nä-

202 1525 124 28 ringslagen
349 1525 77 25 tillhör,
442 1524 22 21 ät
486 1523 123 27 strafflagen
631 1523 56 20 hvad
704 1528 46 15 som
766 1521 130 22 tillkommer
911 1515 124 37 straffiagen
