1120 1773
199 121 13 21 co

215 122 10 20 2

227 121 15 21 O

462 136 10 7 N

473 136 8 7 E

481 136 11 7 Ko

493 137 14 9 kj

509 137 7 5 :

521 137 11 6 €

533 137 10 6 vt

545 131 11 12 KJ

557 131 14 11 3

572 128 23 15 ä

595 127 17 16 fi

615 139 8 3 |

626 139 14 3 f

641 131 9 11 5

652 140 7 1 i

664 125 23 14 2

686 130 11 10 5

698 130 11 10 3

710 129 20 12 E

732 129 11 12 o

744 129 20 12 8

461 127 81 9 Ropros
613 131 58 11 onsre
940 125 28 17 28
980 125 49 20 maj.

268 195 98 27 England
388 195 39 21 och
447 195 49 21 dess
514 195 94 26 mäktiga
623 194 39 21 och
677 193 87 28 lysande
779 193 121 21 dotterland
915 193 28 27 pä
958 193 68 21 andra

200 225 59 21 sidan
281 225 101 20 Atlanten
406 223 62 21 hafva
490 223 67 21 under
580 223 79 26 hägnet
674 222 23 21 af
710 221 88 22 anförda
813 222 108 26 principer
936 222 47 21 nätt
998 228 26 14 en

199 253 90 27 tidigare
304 253 46 21 icke
365 252 55 21 anad
436 251 49 27 höjd
500 251 23 22 af
536 251 59 27 lycka
611 251 39 21 och
660 251 103 21 välstånd.
784 250 50 21 Men
845 250 64 21 dessa
919 250 107 27 principer

200 283 76 25 utgöra
294 281 46 22 icke
360 281 70 26 nägon
447 280 88 27 panac6;
557 286 48 15 man
621 279 41 21 kan
678 279 45 21 icke
738 279 67 21 räkna
820 279 33 26 pä,
869 281 32 19 att
916 279 110 21 desamma

200 310 97 21 öfverallt
319 310 39 21 och
380 309 113 21 allestädes
517 309 60 21 skola
600 307 94 22 medföra
717 313 81 16 samma
819 307 91 27 lyckliga
928 307 96 21 resultat.

200 339 102 21 Tvärtom
317 339 38 20 bör
372 338 36 21 det
422 337 46 21 icke
481 337 130 21 försummas
626 338 31 19 att
672 337 37 20 här
725 336 84 25 betona,
821 337 31 20 att
866 336 74 21 länder
952 335 75 26 finnas,

201 367 91 26 hvarest,
308 367 88 21 oaktadt
410 365 121 22 införandet
545 365 23 21 af
581 365 77 21 allmän
674 365 39 21 och
728 365 43 20 lika
787 365 89 20 rösträtt
891 364 40 21 och
946 364 83 21 kanske

201 396 30 21 till
242 396 40 21 och
293 396 47 20 med
353 395 5 20 i
375 395 52 26 följd
443 394 64 25 däraf,
523 396 32 19 att
571 395 69 20 denna
656 395 88 19 rösträtt
759 392 76 21 införts
848 396 50 18 utan
915 395 32 19 att
960 392 67 21 folket

201 426 56 19 ännu
271 424 53 21 varit
332 423 49 22 fullt
388 425 72 25 moget
468 425 31 19 att
507 425 95 24 mottaga
613 423 128 24 densamma,
749 421 203 22 framätskridandet
962 423 67 19 störts

202 453 39 21 och
251 453 70 20 hållits
331 452 92 21 tillbaka.
439 452 42 20 Det
489 451 124 21 ankommer
622 451 13 20 ä
642 450 101 21 Finlands
754 449 49 25 folk,
812 450 166 27 enkannerligen
986 450 41 20 den

202 481 156 27 Ofvervägande
373 481 34 20 del
422 480 22 21 af
458 479 156 27 befolkningen,
630 485 46 15 som
695 479 74 20 hittills
787 479 54 20 varit
859 479 108 20 utesluten
979 478 46 21 från

202 509 87 28 politisk
304 511 94 23 rösträtt,
414 511 32 18 att
461 514 76 21 genom
554 510 31 19 ett
599 508 43 21 vist
652 507 39 21 och
702 507 175 26 besinningsfullt
887 507 142 21 användande

202 538 23 22 af
238 539 36 20 det
288 538 94 27 mäktiga
397 543 68 21 vapen
481 537 31 21 till
528 537 63 20 frihet
606 536 39 21 och
660 535 199 26 framätskridande,
871 542 46 14 som
934 535 40 22 den
990 535 37 21 all-

203 569 77 19 männä
302 568 115 19 rösträtten
440 566 95 25 innebär,
551 565 119 27 otvetydigt
693 565 51 24 visa,
759 564 32 21 till
813 564 85 21 hvilken
922 570 69 21 grupp
1007 563 24 21 af

202 595 92 27 folkslag
310 595 41 25 det,
367 594 53 22 efter
435 594 70 27 kynne
520 593 39 22 och
575 593 102 27 bildning,
692 593 111 26 rätteligen
819 593 45 20 hör.

271 625 42 26 Jag
332 623 55 22 hade
408 623 32 21 för
456 623 42 20 min
515 622 33 21 del
564 622 57 21 hälst
635 622 82 26 antagit
732 621 40 22 den
790 620 145 28 föreliggande
951 621 76 26 nädiga

203 653 162 26 propositionen
388 651 135 26 oförändrad,
538 657 49 15 men
604 651 35 20 vill
655 651 54 20 dock
724 650 46 21 icke
786 650 138 26 undandraga
938 649 45 27 mig
997 651 32 19 att

204 681 115 22 medvärka
333 681 32 21 till
380 681 27 20 de
420 679 155 28 jämförelsevis
591 679 83 21 mindre
687 678 118 27 väsentliga
814 677 154 27 förändringar,
982 684 46 15 som

205 709 223 28 grundlagsutskottet
442 708 116 27 föreslagit.
578 708 42 27 Jag
630 707 93 28 djärfves
733 707 65 21 likväl
807 707 46 21 icke
864 709 31 19 att
906 706 125 21 därutötver

204 739 86 26 vidtaga
304 738 67 27 nägra
389 737 120 28 betydande
523 737 149 26 förändringar
687 736 7 21 i
708 735 146 27 föreliggande
869 735 86 26 förslag,
971 735 58 20 med-

205 770 63 18 veten
291 773 46 15 som
358 766 38 28 jag
418 768 28 22 är,
462 768 31 19 att
508 765 70 27 dylika
592 765 148 27 förändringar
756 764 39 21 lätt
809 764 73 22 kunna
897 764 75 27 bringa
987 763 43 21 för-

205 796 68 27 slaget
288 798 32 19 att
334 795 95 21 stranda.

274 853 34 21 Hr
323 853 118 21 Luoma:
461 852 48 21 Kun
526 851 146 21 normaalinen
688 850 83 27 kehitys
786 850 44 21 niin
846 850 63 27 hyvin
924 850 107 21 ihmiselä-

206 884 71 19 mässä
292 882 50 21 kuin
358 881 96 21 luonnon
469 880 85 28 piirissä
568 880 126 27 ylimalkaan
710 879 62 27 käypi
788 880 47 20 vain
848 878 59 22 askel
917 878 115 22 askeleelta

206 911 122 27 orgaanista
346 910 126 25 kulkuansa,
488 911 69 19 mutta
577 909 71 21 meillä
663 908 50 21 tällä
727 907 74 22 kertaa
816 913 27 16 on
859 907 102 27 kyseessä
976 907 55 21 edis-

206 942 42 25 tys-
261 939 24 27 ja
306 938 143 27 kehitysaskel
472 938 139 25 semmoinen,
621 937 67 27 jonka
702 937 102 20 vertaista
819 936 19 21 ei
853 936 74 21 minun
944 935 88 22 tietääk-

206 968 46 21 seni
272 967 102 28 yksikään
396 967 73 25 kansa,
484 967 19 20 ei
521 966 103 27 yksikään
640 971 48 16 maa
703 965 33 21 ole
750 965 85 27 yhdellä
849 964 74 21 kertaa
937 965 96 24 astunut,

206 997 44 21 niin
266 997 19 20 ei
300 996 56 21 liene
366 995 198 26 kummeksittavaa,
572 995 36 26 jos
619 995 95 20 minussa
724 993 97 22 niinkuin
831 999 102 15 monessa
943 999 90 15 muussa

206 1024 197 23 varhemmassakin
418 1023 117 28 puhujassa
546 1030 27 15 on
584 1023 115 27 esiintynyt
709 1022 103 27 epäilystä
821 1021 64 22 tähän
896 1021 135 22 askeleeseen

206 1054 90 25 nähden,
312 1053 47 21 sillä
378 1053 75 20 minun
472 1054 72 25 täytyy
564 1051 115 22 todellakin
700 1057 72 19 sanoa,
787 1052 44 19 että
845 1050 44 21 kun
906 1057 27 14 on
949 1049 85 28 yhdellä

206 1083 74 21 kertaa
295 1082 122 27 siirryttävä
432 1081 19 21 ei
461 1081 124 21 ainoastaan
595 1080 93 27 yleiseen
696 1079 24 27 ja
729 1079 131 27 yhtäläiseen
871 1079 161 20 äänioikeuteen

204 1111 23 27 ja
248 1109 293 29 yksikamarijärjestelmään,
563 1109 83 21 naisten
670 1108 140 21 siirtämiseen
825 1107 208 22 tasa-arvoisuuteen

207 1140 90 21 miesten
312 1139 84 25 kanssa,
406 1145 54 14 vaan
475 1138 83 27 vieläpä
573 1137 147 22 suhteellisten
733 1136 81 21 vaalien
825 1135 208 26 soveltamiseenkin,

207 1169 43 20 niin
274 1174 27 15 en
323 1167 34 21 ole
379 1167 102 21 ainakaan
505 1167 63 25 minä,
584 1165 93 28 paraalla
699 1165 154 25 tahdollakaan,
869 1165 76 20 voinut
967 1163 65 22 luoda

207 1197 92 21 itselleni
314 1195 120 28 täydellistä
446 1195 23 27 ja
484 1195 165 27 selväpiirteistä
664 1194 106 21 kuvausta
782 1193 48 22 siitä
842 1193 192 23 tulevaisuudesta,

205 1225 47 28 jota
266 1227 39 25 nyt
319 1225 91 20 olemme
425 1224 115 21 luomassa.
564 1223 34 22 En
611 1223 65 21 tahdo
688 1222 121 27 puolestani
819 1221 131 22 kuitenkaan
960 1221 73 27 kajota

208 1253 82 22 muihin
305 1253 176 25 asianhaaroihin,
491 1253 54 26 joita
560 1251 97 22 edelliset
671 1251 91 27 puhujat
774 1250 24 27 jo
813 1252 50 19 ovat
878 1250 64 21 täällä
956 1249 77 22 koske-

208 1283 78 25 telleet,
301 1282 83 27 pyydän
404 1287 54 16 vaan
471 1281 112 21 kiinnittää
597 1280 111 21 huomiota
722 1279 98 22 viimeksi
835 1279 128 21 mainittuun
980 1277 56 22 seik-

208 1311 61 26 kaan,
284 1311 105 20 nimittäin
406 1309 140 22 suhteellisiin
561 1309 112 21 vaaleihin.

278 1339 217 26 Viidettäkymmentä
521 1339 75 20 vuotta
621 1344 29 15 on
672 1337 83 21 meidän
778 1342 141 15 maassamme
941 1335 95 27 käytetty

209 1367 213 27 enemmistövaaleja.
448 1359 11 39 —
462 1366 176 27 Sanottakoonpa
668 1366 64 21 niistä
760 1363 277 28 äänioikeusrajoituksista,

206 1397 62 26 jotka
283 1396 82 21 meidän
382 1395 177 22 vaalilaissamme
573 1395 105 27 nykyjään
694 1394 99 27 löytyvät,
809 1393 52 22 mitä
876 1393 99 27 hyvänsä,
990 1392 45 21 niin

209 1425 133 21 kumminkin
358 1426 71 26 täytyy
445 1425 104 26 myöntää,
565 1425 44 20 että
624 1422 197 26 enemmistövaalit,
833 1421 48 22 sillä
895 1421 78 22 tavalla
984 1420 52 21 kuin

209 1460 27 15 ne
259 1460 28 15 on
309 1454 116 20 toimitettu
447 1453 64 21 tähän
534 1453 46 25 asti,
601 1454 50 20 ovat
670 1452 65 21 olleet
754 1451 240 27 myötävaikuttamassa
1015 1449 22 27 ja

210 1482 156 22 erinomaisella
385 1482 77 21 tavalla
477 1481 240 27 myötävaikuttamassa
732 1480 67 21 siihen
815 1479 143 27 kehitykseen,
971 1478 66 27 joista

210 1518 34 14 me
259 1511 55 21 vielä
328 1511 74 27 nytkin
417 1510 139 28 ylpeilemme.
578 1510 34 21 Ne
627 1511 50 19 ovat
692 1508 106 28 sitäpaitsi
807 1508 132 21 kieltämättä
951 1507 88 21 tehneet
