1117 2339
194 426 56 22 1014
385 432 250 20 Styrelseledamöternas
647 432 187 22 ämbetsåtgärder.
857 434 25 16 10
896 434 123 21 september

296 591 160 34 Måndagen
474 591 25 26 d.
517 591 32 26 10
568 591 161 34 september
748 591 37 26 kl.
804 591 34 28 12
858 601 25 25 p.
902 593 25 26 d.

263 667 42 21 Vid
329 665 128 22 värkställdt
480 672 84 21 upprop
585 665 107 22 befunnos
716 667 188 26 borgareståndets
924 667 100 27 samtliga

195 695 138 22 medlemmar
350 695 139 20 närvarande.

263 844 118 27 Upplästes
397 843 31 21 till
441 844 109 26 justering
565 844 39 21 och
620 844 123 26 godkändes
754 846 31 19 ett
795 844 79 28 utdrag
884 851 26 15 ur
921 845 101 27 borgare-

194 873 97 22 ståndets
307 872 36 22 vid
360 874 85 19 senaste
460 872 86 27 plenum
562 872 61 22 förda
638 872 113 27 protokoll.

262 1026 159 26 Antecknades,
436 1028 32 20 att
483 1026 46 22 från
546 1026 139 22 medstånden
701 1027 112 21 inkommit
828 1028 105 21 särskilda
948 1030 72 25 proto-

193 1056 140 26 kollsutdrag.

263 1199 122 26 Föredrogs
409 1198 39 21 och
471 1198 124 27 godkändes
612 1200 52 19 utan
679 1198 123 21 diskussion
818 1199 202 27 grundlagsutskot-

194 1231 42 19 tets
252 1228 35 21 vid
303 1229 87 20 senaste
405 1227 88 27 plenum
509 1226 118 28 bordlagda
641 1226 80 27 förslag
736 1227 32 21 till
783 1228 207 26 sammanjämkning
1000 1227 23 22 af

194 1257 102 21 ståndens
319 1255 124 27 skiljaktiga
465 1255 72 21 beslut
556 1255 35 21 vid
607 1255 156 27 behandlingen
779 1255 22 21 af
814 1256 117 22 utskottets
947 1256 73 22 betän-

193 1285 71 21 kande
279 1291 34 14 n:o
329 1284 13 21 3
358 1284 7 21 i
380 1284 116 26 anledning
511 1283 22 22 af
547 1284 61 21 Hans
625 1283 120 27 Kejserliga
759 1284 112 27 Majestäts
884 1284 76 27 nådiga
971 1291 49 20 pro-

192 1313 94 28 position
310 1319 35 15 n:o
363 1313 26 20 16
404 1319 35 14 om
455 1312 42 27 lag
511 1311 126 28 angående
653 1312 51 22 rätt
723 1312 42 22 för
786 1313 234 22 storfurstendömet

194 1341 118 23 Finlands
333 1341 121 27 landtdag
468 1341 37 21 att
521 1341 105 26 granska
642 1340 149 28 lagligheten
807 1341 27 22 af
848 1341 171 28 styrelseleda-

192 1371 125 22 möternas
333 1369 218 28 ämbetsåtgärder.

263 1531 122 26 Föredrogs
401 1529 235 28 grunglagsutskottets
653 1529 35 22 vid
704 1531 85 20 senaste
804 1529 88 28 plenum
906 1529 33 22 för
954 1530 68 21 andra

196 1562 83 26 gången
302 1559 118 27 bordlagda
441 1559 136 21 betänkande
592 1565 34 15 n:o
641 1558 15 21 4
671 1558 7 21 i
693 1558 115 27 anledning
822 1558 23 22 af
858 1559 61 21 Hans
935 1559 86 27 Kejser-

195 1590 43 27 liga
258 1589 112 27 Majestäts
389 1588 78 26 nådiga
489 1587 134 27 proposition
639 1593 34 15 n:o
689 1587 26 21 18
730 1588 8 20 i
752 1586 61 28 fråga
827 1594 35 14 om
878 1588 27 20 de
920 1588 100 28 tjänste-

196 1620 64 23 män,
276 1617 84 22 hvilka
381 1616 84 22 blifvit
483 1616 58 22 från
557 1616 54 22 sina
627 1615 168 27 befattningar
809 1615 134 23 afskedade
959 1616 63 22 eller

196 1647 40 22 till
252 1647 105 27 tjänster
372 1644 119 23 utnämda
505 1644 56 22 med
577 1644 121 22 afvikelse
713 1644 55 22 från
782 1644 165 28 grundlagens
958 1644 62 22 stad-

196 1675 103 28 ganden.

265 1732 32 21 Hr
311 1730 150 26 Jusélius,
505 1732 100 25 August,
621 1730 71 21 anhöll
703 1736 34 15 om
750 1730 62 21 ordet
823 1730 40 22 och
872 1730 93 27 yttrade:
980 1731 42 26 Jag

196 1762 38 20 ber
256 1763 31 19 att
308 1760 21 22 få
352 1759 91 26 anmäla,
457 1761 32 19 att
505 1759 38 27 jag
558 1759 28 27 på
601 1758 110 22 enahanda
727 1758 51 27 skäl,
794 1765 46 15 som
856 1758 23 22 af
892 1758 25 22 hr
952 1759 70 21 Ålenius

197 1790 36 21 vid
255 1791 30 19 ett
307 1789 91 26 tidigare
413 1788 86 27 plenum
516 1788 120 26 åberopats,
652 1793 63 15 anser
731 1787 44 27 mig
789 1794 51 15 vara
852 1787 68 27 jäfvig
935 1789 32 20 att
981 1787 42 22 del-

197 1821 49 25 taga
260 1818 7 21 i
283 1816 156 28 behandlingen
455 1816 23 22 af
491 1816 58 22 detta
565 1816 83 21 ärende.
