1123 1773
202 122 43 33 590
470 125 304 33 Representationsreformen.
948 136 28 16 28
988 136 47 20 mai.

206 203 44 19 että
272 203 64 19 nämä
359 200 173 22 lakiehdotukset
554 202 96 21 tulisivat
672 202 112 27 hylätyiksi
804 203 131 27 vaalipiirien
951 204 85 27 pienen-

206 230 90 20 tämisen
318 229 110 27 johdosta,
441 229 35 27 jos
493 230 128 27 hallitsijalle
639 230 124 27 lojaalisesti
778 231 138 27 ilmoitetaan,
933 234 43 20 että
991 234 34 19 sää

206 258 43 27 dyt,
272 258 150 27 säilyttämällä
444 258 291 27 suhteellisuusperiaatteen,
751 262 50 18 ovat
823 260 105 22 lisänneet
943 261 94 26 vaalipii-

206 287 46 20 rien
268 286 72 26 lukua,
352 286 90 22 katsoen
459 286 147 22 olosuhteiden
622 288 71 20 meillä
708 288 98 21 vaativan
823 288 98 22 sellaisen
937 289 100 21 muutok-

206 321 38 15 sen
261 315 128 27 esitykseen.
419 316 39 20 Jos
474 316 101 20 sellainen
592 318 135 24 säätypäätös
743 317 108 21 saataisiin
868 318 80 26 aikaan,
964 318 71 21 luulen

204 343 83 21 kansan
303 344 74 26 paljon
400 344 152 21 suuremmalla
574 344 174 22 luottamuksella
768 348 87 18 ottavan
871 348 88 20 vastaan
975 348 63 19 nämä

206 372 67 21 uudet
288 372 44 21 lait.
362 372 83 21 Luulen
461 373 104 26 myöskin,
581 374 42 20 että
640 379 38 15 sen
694 373 74 21 kautta
783 380 27 15 ne
825 374 115 22 vaikeudet
948 375 24 27 ja
982 375 55 21 selk-

206 400 96 26 kaukset,
316 400 64 27 jotka
399 400 135 27 epäilemättä
550 404 49 18 ovat
619 402 146 21 seurauksena
780 403 92 21 uudesta
888 404 149 20 monimutkai-

206 431 59 19 sesta
280 429 228 27 vaalijärjestelmästä,
520 430 98 26 jossakin
634 430 81 21 määrin
731 431 139 21 vähenisivät.

274 486 34 21 Hr
331 486 161 22 Backman:
509 486 33 22 Dä
554 487 38 27 jag
611 494 29 14 nu
656 487 95 21 anhäller
766 494 34 15 om
817 489 67 26 ordet,
900 491 24 19 är
939 489 36 21 det
989 489 46 21 icke

205 514 34 22 för
254 517 32 19 att
309 514 131 22 underkasta
456 516 36 20 det
508 516 115 20 ständerna
637 515 110 27 förelagda
761 516 139 28 lagförslaget
915 518 69 26 nägon
1002 518 34 21 de-

206 543 90 27 taljerad
312 543 72 26 kritik,
396 543 38 27 jag
449 543 128 21 förbehäller
591 544 45 27 mig
651 544 106 27 nämligen
774 552 76 14 senare
862 548 32 19 att
906 546 132 22 äterkomma

205 572 32 21 till
260 572 68 26 nägra
349 572 151 27 detaljförslag,
516 575 52 18 utan
591 574 23 20 är
630 573 37 21 det
689 572 32 22 för
736 576 32 18 att
783 574 7 20 i
805 574 85 21 korthet
914 574 73 22 anföra
1010 575 27 21 de

206 601 72 25 motiv,
295 600 27 27 pä
346 601 70 26 grund
439 600 23 22 af
475 600 70 22 hvilka
565 601 38 27 jag
617 608 64 14 anser
704 602 44 26 mig
763 603 56 21 nödd
840 603 39 21 och
895 605 94 25 tvungen
1006 605 32 19 att

206 628 90 22 omfatta
319 629 67 21 basen
410 629 30 21 uti
464 629 40 21 den
527 629 121 27 föreslagna
670 630 240 28 landtdagsordningen,
930 632 106 27 nämligen

206 657 236 27 enkammarsystemet.
472 658 42 26 Jag
529 658 38 21 ber
586 658 75 22 härvid
683 659 140 27 uttryckligen
839 662 32 19 att
885 660 21 21 få
921 660 116 26 tramhälla,

205 688 32 19 att
254 686 36 21 det
312 686 47 21 icke
375 688 23 19 är
420 687 49 20 med
485 687 70 26 nägon
573 687 108 27 synnerlig
697 688 116 21 entusiasm
827 688 39 27 jag
882 689 37 26 gär
934 691 32 19 att
981 689 57 27 gifva

204 715 45 21 min
266 716 46 20 röst
328 714 33 22 för
384 715 58 21 detta
458 715 86 27 förslag.
575 716 42 20 Det
633 718 23 18 är
672 722 87 15 snarare
775 718 99 20 tvärtom.
903 718 42 26 Jag
960 718 77 20 räknar

205 744 46 26 mig
266 743 109 26 nämligen
392 744 30 20 till
438 744 54 24 dem,
509 744 71 21 hvilka
595 748 97 22 anse,att
707 748 31 18 ett
753 745 213 28 tvåkammarsystem
982 746 56 21 hade

206 772 56 21 varit
278 772 40 21 den
335 772 63 21 bästa
418 772 82 21 formen
516 772 33 22 för
565 773 40 21 den
621 780 42 20 nya
677 774 206 26 representationen,
899 774 39 22 och
951 775 24 27 ju
991 781 46 15 mer

202 800 40 27 jag
256 800 86 22 försökt
357 803 31 19 att
404 802 55 20 sätta
475 802 45 26 mig
533 801 21 21 in
571 802 6 20 i
592 802 304 26 representationsformernas
908 803 46 21 icke
964 804 23 20 sä
998 803 39 21 lätt

204 829 59 21 lösta
278 829 104 27 problem,
398 830 62 20 desto
476 829 78 22 fastare
570 830 37 21 har
623 831 44 20 min
683 830 55 22 åsikt
754 830 73 25 blifvit,
836 834 32 18 att
883 832 26 20 de
924 832 61 21 bästa
1000 838 36 20 ga-

204 858 110 21 rantierna
336 858 34 20 för
386 864 25 14 en
432 858 67 27 jämn,
515 858 52 27 lugn
590 858 39 22 och
652 858 43 22 fast
717 860 122 27 utveckling
863 860 59 21 säväl
940 861 7 20 i
963 860 75 22 socialt

205 893 47 15 som
275 886 100 27 politiskt
397 886 123 22 hänseende
542 887 54 22 hade
619 894 77 21 genom
713 889 70 20 denna
799 889 237 26 representationsform

205 915 84 21 kunnat
304 915 168 22 ästadkommas.
500 915 45 22 Och
561 922 34 15 om
612 917 59 20 detta
685 923 30 15 nu
731 923 51 15 vore
797 917 65 26 fallet,
877 924 63 15 anser
953 918 83 27 jag,att

202 945 7 20 i
226 950 26 15 en
275 943 94 26 framtid,
385 944 26 21 dä
434 945 48 21 med
498 945 28 20 all
546 945 135 21 sannolikhet
697 951 26 15 en
739 945 205 28 maktförskjutning
959 947 77 20 mellan

202 973 102 26 regering
319 972 40 21 och
374 973 104 26 landtdag
493 973 53 21 efter
563 973 161 28 utvecklingens
740 974 35 27 lag
791 975 68 20 mäste
875 981 39 20 ega
929 981 54 20 rum,
992 975 45 21 det-

204 1007 84 15 samma
310 1001 50 21 med
383 1003 57 19 ännu
464 1003 70 20 större
556 1002 46 21 skäl
623 1002 42 21 kan
686 1003 95 21 betonas.
813 1003 42 21 För
875 1005 31 19 att
922 1004 54 21 dock
991 1003 46 22 icke

203 1029 73 22 alltför
292 1029 63 27 djupt
370 1029 139 27 missförstäs,
526 1031 37 20 ber
575 1031 38 26 jag
629 1033 32 19 att
675 1031 21 21 fä
711 1031 117 26 framhälla,
843 1034 33 19 att
891 1032 36 21 det
943 1032 94 21 tväkam-

203 1060 137 25 marsystem,
364 1065 46 14 som
427 1058 131 22 föresväfvat
580 1060 44 26 mig
645 1066 46 15 som
707 1059 96 27 förebild,
819 1061 39 20 har
873 1061 55 21 varit
943 1060 93 22 hvarken

204 1087 102 25 Sveriges
322 1087 214 27 tvåkammarsystem
553 1088 48 20 med
617 1088 50 21 dess
682 1089 27 26 pä
725 1089 231 27 penningearistokrati
972 1096 65 20 grun-

203 1115 56 21 dade
274 1114 69 22 första
358 1115 115 27 kammare,
490 1116 18 26 ej
525 1116 67 21 häller
608 1116 27 21 de
651 1116 257 28 samhällsförfattningar,
920 1118 37 20 där
969 1118 68 20 första

205 1143 124 21 kammaren
346 1144 68 21 hvilar
429 1144 28 26 pä
473 1144 100 24 bördens,
588 1144 220 27 själfskrifvenhetens
824 1146 52 21 eller
888 1147 36 21 det
934 1146 103 27 kungliga

204 1172 162 27 maktspräkets
389 1173 76 26 grund.
496 1173 42 21 Det
560 1175 24 19 är
600 1174 129 21 Frankrikes
752 1174 39 21 och
814 1175 94 21 Förenta
930 1177 106 19 staternas

201 1200 41 22 fria
260 1201 40 21 och
316 1201 160 21 demokratiska
491 1201 157 27 författningar,
658 1208 46 15 som
721 1203 73 21 därvid
810 1203 58 27 legat
883 1210 46 15 som
940 1203 97 27 förebild,

202 1229 39 21 och
260 1232 47 18 tror
327 1229 44 27 jag,
386 1232 31 18 att
440 1230 103 21 historien
560 1230 55 22 visat
638 1237 45 15 mer
699 1233 26 19 än
749 1238 49 20 nog,
814 1234 32 19 att
860 1232 8 20 i
883 1233 63 21 dessa
970 1234 66 19 stater

203 1257 68 22 första
294 1258 124 21 kammaren
434 1258 7 21 i
456 1258 43 22 lika
520 1258 43 28 hög
579 1260 57 26 grad,
652 1259 33 21 för
700 1262 31 19 att
746 1260 46 21 icke
808 1262 52 25 säga
874 1261 8 21 i
897 1263 57 19 ännu
970 1260 67 27 högre

203 1286 52 27 grad
272 1288 26 19 än
314 1287 68 21 andra
396 1287 124 21 kammaren
536 1288 109 26 uppbäres
661 1288 22 21 af
696 1288 79 22 folkets
790 1288 130 23 förtroende.

273 1315 41 21 Om
335 1315 38 27 jag
396 1316 54 20 dock
465 1316 7 20 i
488 1316 59 21 detta
569 1323 29 14 nu
621 1319 54 19 trots
698 1318 70 20 denna
783 1318 44 20 min
843 1318 56 22 åsikt
913 1324 63 15 anser
992 1318 45 27 mig

203 1345 96 25 tvungen
315 1346 33 18 att
362 1344 49 21 med
427 1345 44 20 min
487 1346 45 20 röst
548 1345 131 21 understöda
689 1346 233 27 enkammarsystemet,
934 1346 48 22 sker
994 1346 42 26 det,

200 1372 77 21 säsom
293 1372 65 21 redan
375 1372 23 21 af
411 1373 67 21 andra
496 1372 133 25 framhällits,
648 1374 28 26 pä
687 1372 71 29 grund
769 1374 22 22 af
799 1374 172 23 förhällandenas
982 1374 53 22 kraf.

204 1401 44 21 Det
262 1403 24 19 är
299 1401 25 26 ju
341 1401 85 26 bekant,
442 1404 32 18 att
490 1402 40 21 den
546 1402 108 21 allmänna
669 1403 116 27 opinionen
801 1404 7 20 i
823 1404 59 21 detta
897 1404 100 21 afseende
1012 1405 24 19 är

204 1430 55 26 enig,
276 1432 39 18 och
331 1436 52 15 vore
398 1436 49 15 man
461 1430 25 27 ju
502 1437 45 14 mer
563 1432 27 19 än
607 1431 64 26 blind,
681 1438 35 14 om
733 1438 49 15 man
798 1432 46 21 icke
860 1432 80 27 insäge,
948 1434 36 23 att,
1000 1438 36 15 om

202 1458 143 27 landtdagens
368 1458 72 22 beslut
461 1459 47 21 icke
530 1459 69 21 skulle
623 1460 26 26 gä
664 1460 7 21 i
687 1466 82 15 samma
791 1461 95 27 riktning
902 1468 46 14 som
965 1461 71 21 denna

203 1487 101 27 opinions
320 1486 51 26 kraf,
388 1487 62 21 däraf
463 1488 49 21 med
528 1490 81 19 största
624 1489 136 21 sannolikhet
775 1496 44 20 oro,
836 1490 51 26 split
902 1490 39 21 och
951 1489 84 21 förbitt-

203 1515 49 27 ring
266 1516 8 20 i
289 1515 73 22 landet
378 1516 68 21 skulle
463 1517 84 26 uppstä,
563 1516 81 22 hvilket
657 1518 46 26 just
719 1524 29 14 nu
764 1524 51 15 vore
831 1518 33 21 för
878 1518 48 22 värt
940 1518 51 22 land
1003 1518 32 21 till
