1123 1773
95 121 29 17 29
136 122 48 19 maj.
361 112 304 33 Representationsreformen.
887 115 41 21 641

96 188 122 27 medgifven
240 188 39 22 och
294 188 140 22 förevarande
453 189 118 27 stadgande
589 189 42 21 kan
647 189 48 21 icke
709 189 67 21 häller
791 189 68 27 åsyfta
874 189 55 21 infö-

96 217 67 21 rande
178 217 23 21 af
210 217 56 27 dylik
277 217 108 27 rättighet.
407 217 267 27 Magistratsmedlemmar
685 218 108 21 erfordras
809 218 119 22 emellertid

95 246 47 21 icke
157 245 33 21 för
206 245 124 26 ändamålet,
347 248 51 19 utan
414 248 24 19 är
454 246 36 21 det
505 252 49 20 nog,
571 248 31 19 att
617 246 142 27 magistraten
775 246 89 22 inkallar
880 247 48 21 ord-

95 274 91 21 förande
208 274 40 21 och
270 274 116 22 ledamöter
405 274 31 21 till
452 275 117 21 nämderna
583 275 8 21 i
606 274 26 22 de
649 275 107 21 särskilda
771 276 157 26 omröstnings-

96 302 123 22 områdena.
248 303 42 27 Jag
304 302 38 22 har
358 302 74 22 härom
448 303 98 27 rådgjort
560 304 50 20 med
625 303 239 27 grundlagsutskottets
880 304 49 21 ord-

95 330 95 26 förande,
206 330 86 22 hvilken
314 333 73 25 syntes
410 331 72 27 hugad
503 334 31 19 att
553 331 70 22 införa
638 338 27 15 en
682 332 84 21 mindre
781 332 127 27 förändring
922 332 8 21 i

95 359 133 28 paragrafen,
251 359 33 22 för
306 360 41 21 den
370 360 102 22 händelse
497 362 31 20 att
553 360 126 22 densamma
702 361 167 21 äterremitteras
895 361 33 21 till

96 388 112 22 utskottet.

166 445 156 21 Diskussionen
342 445 132 22 förklarades
490 446 52 21 härä
556 446 101 26 afslutad,
673 446 110 22 hvarefter
798 446 25 22 hr
839 446 89 22 talman-

96 480 42 15 nen
154 474 32 21 till
202 474 96 21 ständets
319 474 135 22 besvarande
469 474 133 22 framställde
616 474 97 28 följande
729 475 200 27 omröstningspro-

94 502 105 28 position:

165 558 40 26 De,
220 558 75 22 hvilka
312 560 118 27 godkänna
446 560 114 21 utskottets
575 560 89 28 förslag
681 560 35 21 till
732 560 79 28 lydelse
826 560 36 28 för
876 562 14 25 $
907 562 21 25 5,

94 589 62 19 rösta
170 588 38 27 ja;
225 588 31 26 de,
271 588 36 21 det
321 588 45 21 icke
380 590 61 26 göra,
456 590 60 19 rösta
532 589 49 27 nej;

166 645 80 21 vinner
266 645 43 27 nej,
326 645 42 21 har
390 645 87 21 ståndet
497 646 89 27 beslutit
608 646 163 22 återremittera
790 646 139 28 paragrafen

95 673 37 25 för
147 675 33 19 att
194 674 133 28 förtydligas
341 674 11 20 i
366 674 35 22 det
415 674 29 28 af
456 674 27 21 hr
501 674 87 22 Öhman
604 675 100 27 antydda
719 675 64 28 syfte.

166 730 165 28 Propositionen
354 731 129 21 besvarades
509 732 48 21 med
580 731 159 28 öfvervägande
759 732 28 28 ja,
810 732 39 22 och
872 732 54 22 hade

96 759 178 27 borgareståndet
290 760 82 21 således
389 760 95 27 godkänt
498 761 13 25 $
526 760 14 21 5
554 760 136 22 oförändrad.

166 816 12 29 $
194 817 14 21 6
224 817 123 27 godkändes
363 819 51 19 utan
430 817 130 22 diskussion.

167 874 12 27 $
195 874 12 21 7
223 876 77 25 antogs
315 874 49 22 med
380 874 87 22 rättelse
482 874 23 22 af
518 874 62 22 ordet
597 874 123 29 »henkirja»
738 875 31 22 till
782 875 143 28 »henkikirja»

95 903 9 21 i
119 903 41 21 den
176 902 69 22 finska
260 903 113 27 lagtexten.

167 961 27 27 $$
209 961 69 21 8—17
295 960 124 27 godkändes
436 962 51 20 utan
502 961 149 28 anmärkning.

166 1017 136 23 Beträffande
317 1019 11 26 $
346 1019 26 20 18
388 1019 105 27 begärdes
509 1019 62 22 ordet
586 1019 23 21 af

167 1075 25 21 hr
207 1075 94 27 Hjelt,
318 1082 47 15 som
380 1076 92 27 yttrade:
488 1076 87 27 Pyydän
587 1077 65 21 saada
663 1077 90 27 lyhyesti
763 1077 109 26 ilmoittaa,
884 1079 44 20 että

96 1104 123 27 puolestani
234 1110 26 14 en
276 1104 62 21 katso
353 1104 86 21 voivani
454 1104 116 22 kannattaa
583 1105 41 21 sitä
634 1105 121 27 ehdotusta,
763 1106 52 26 joka
825 1108 38 25 nyt
873 1106 56 21 käsi-

96 1132 117 22 teltävässä
234 1132 97 22 vaalilain
354 1132 90 22 luvussa
465 1140 27 14 on
516 1133 59 27 tehty
597 1134 150 22 vaaliliitoista
781 1134 56 22 Yhtä
860 1134 68 21 vähän

96 1161 79 21 katson
190 1161 84 21 voivani
290 1161 116 21 kannattaa
421 1168 51 15 osaa
488 1162 51 21 niitä
554 1162 181 27 perusteitakaan,
746 1163 74 27 joiden
836 1163 92 21 mukaan

96 1191 64 20 äänet
183 1192 49 19 ovat
254 1190 134 21 laskettavat.
418 1190 33 21 En
468 1190 64 22 tahdo
548 1191 85 27 pitkälti
649 1192 102 26 viivyttää
767 1192 79 27 säädyn
863 1192 66 25 aikaa,

96 1218 70 22 koska
180 1218 48 22 olen
245 1219 69 27 täysin
330 1218 82 22 selvillä
427 1219 54 25 siitä,
492 1221 44 19 että
551 1221 60 26 sääty
622 1220 57 21 tulee
690 1220 169 27 puheenaolevat
872 1222 56 19 mää-

96 1247 88 26 räykset
194 1248 164 20 semmoisinaan
370 1248 165 27 hyväksymään.
558 1248 89 21 Tahdon
658 1255 55 15 vaan
725 1250 65 20 saada
800 1249 128 25 lausutuksi,

96 1277 46 19 että
166 1276 168 21 vakaumukseni
355 1276 93 22 mukaan
471 1276 178 22 koskettelemani
668 1278 99 21 vaalilain
783 1278 80 21 kohdat
878 1277 52 22 sekä

97 1304 83 21 samoin
204 1304 134 28 määräykset
357 1305 132 27 vaalipiirien
505 1305 87 21 luvusta
604 1306 23 26 ja
643 1306 136 27 laajuudesta
793 1306 136 27 epäilemättä

97 1335 51 19 ovat
170 1333 96 21 omiansa
289 1335 129 20 tuntuvassa
438 1336 110 19 määrässä
571 1334 150 22 ehkäisemään
743 1335 92 21 sellaisia
850 1335 79 21 oikeita

97 1361 155 26 vaalituloksia,
264 1362 56 26 joita
342 1362 148 22 suhteellisten
514 1362 81 22 vaalien
618 1363 75 21 kautta
717 1370 27 15 on
760 1364 106 21 tarkoitus
883 1370 46 15 saa-

96 1392 82 20 vuttaa.
204 1390 190 22 Koskettelemieni
407 1391 23 27 ja
446 1391 66 21 niihin
528 1391 103 27 liittyvien
647 1394 136 25 määräysten
798 1392 74 22 kautta
888 1392 41 22 tul-

97 1418 48 22 laan
162 1419 74 25 siihen,
251 1421 44 19 että
309 1420 117 21 verrattain
443 1420 161 22 harvalukuiset
622 1420 152 22 vähemmistöt
789 1421 81 21 tulevat
885 1420 44 22 hal-

95 1447 114 21 Jitsemaan
225 1448 81 26 vaaleja
321 1450 115 24 määrässä,
444 1448 52 27 joka
512 1449 19 21 ei
546 1449 35 21 ole
596 1450 173 26 sopusoinnussa
779 1450 77 21 heidän
867 1450 62 21 mies-

95 1476 117 22 lukuunsa.
242 1476 113 22 Vallankin
378 1477 58 21 tulee
458 1477 163 22 maalaisväestö
641 1478 105 21 vaaleissa
764 1479 23 26 ja
809 1479 36 21 siis
869 1480 61 25 myös

97 1504 143 22 eduskunnan
264 1505 235 27 kokoonpanemisessa
523 1506 150 27 syrjäytetyksi
696 1507 84 25 tavalla,
800 1507 52 27 joka
874 1507 57 22 tulee

839 1548 22 17 41.
