1123 1773
188 114 47 21 698
467 111 285 34 Kommunikationsfonden.
937 120 24 17 14
970 120 53 21 juni.

194 189 62 20 delen
287 189 137 25 småningom
452 187 53 22 efter
530 187 67 22 behof
619 188 52 21 böra
692 187 31 22 till
746 187 275 23 kommunikationsfonden

194 217 19 21 h.
230 223 19 15 o.
265 217 20 21 h.
301 216 125 26 öfverföras,
442 217 128 26 bemyndiga
585 223 19 14 o.
620 223 15 14 s.
651 223 18 14 v.

264 274 33 21 Hr
313 273 162 27 Hallberg,
491 273 143 21 Mauritz:
650 273 43 21 För
709 274 43 20 min
768 273 33 22 del
818 273 77 27 nödgas
908 274 34 27 jag
957 274 68 21 uttala

194 303 45 26 mig
254 304 59 19 emot
328 303 42 20 den
391 304 86 19 senaste
492 302 93 21 talarens
601 302 156 21 amandement.
787 302 42 21 Det
845 304 23 19 är
883 303 45 20 icke
944 303 6 20 i
966 303 59 21 detta

195 331 162 26 sammanhang,
369 337 46 14 som
432 331 19 20 vi
467 330 72 21 kunna
556 332 95 25 upptaga
665 330 73 27 frågan
755 337 34 15 om
806 331 219 27 statshushållningen

195 360 7 21 i
218 360 49 21 dess
283 359 79 21 helhet.
382 359 39 21 Att
435 359 42 21 löst
492 359 55 21 fästa
563 359 33 26 sig
611 359 35 21 vid
662 361 30 19 ett
707 359 84 27 belopp,
802 365 46 15 som
864 359 68 22 finnes
943 360 7 21 i
961 362 64 19 stats-

196 388 86 21 värkets
300 387 120 27 tillgångar,
431 387 39 22 och
485 390 34 19 tro
535 390 31 19 att
577 394 47 14 man
637 387 130 22 omedelbart
778 387 41 22 kan
830 388 115 27 disponera
955 390 71 19 större

196 417 51 21 eller
269 417 86 20 mindre
380 416 33 21 del
433 415 64 25 däraf,
514 416 37 27 går
567 416 53 21 dock
636 416 45 21 icke
696 416 33 21 för
745 417 38 26 sig.
814 417 27 20 Vi
857 417 73 25 skulle,
946 417 33 21 för
993 419 33 19 att

194 445 73 21 kunna
291 445 50 21 med
362 445 65 26 nödig
450 445 137 26 grundlighet
608 445 91 20 bedöma
721 445 56 21 huru
792 445 85 26 mycket
892 452 48 15 man
957 445 69 22 skulle

196 474 73 21 kunna
285 475 52 26 göra
353 473 94 27 anspråk
462 473 31 27 på,
510 473 90 21 behöfva
616 473 63 21 hafva
694 474 50 21 reda
754 474 27 26 på
791 473 48 22 hela
847 473 179 28 finanspolitiken,

197 503 65 20 sådan
286 503 41 20 den
351 502 96 21 kommer
464 504 37 19 att
523 502 91 26 gestalta
629 502 34 27 sig
677 501 32 22 för
725 502 41 21 den
782 504 109 19 närmaste
905 502 121 26 framtiden,

197 537 49 15 men
270 531 59 21 detta
352 530 137 27 underligger
512 530 45 21 icke
579 530 33 21 för
627 531 134 21 närvarande
777 531 69 21 denna
861 531 113 27 landtdags
990 531 36 21 be-

197 559 112 22 dömande.
340 559 27 21 Vi
390 559 62 21 hafva
474 559 76 21 endast
570 561 32 19 att
624 558 33 22 för
680 560 132 21 närvarande
830 559 81 22 befatta
925 566 37 15 oss
977 560 50 21 med

197 587 280 22 kommunikationsfonden
498 587 40 21 och
553 587 63 22 hafva
632 587 82 22 således
729 588 46 21 icke
790 588 82 21 kunnat
887 589 74 20 därvid
977 589 50 26 ingå

198 617 31 21 uti
251 616 110 27 pröfning,
377 615 22 22 af
412 616 71 21 hvilka
498 616 86 27 möjliga
599 616 68 21 andra
681 617 93 26 anspråk
790 623 46 15 som
852 617 73 21 kunna
940 617 87 21 komma

197 647 32 20 att
251 645 74 21 ställas
350 645 27 26 på
392 645 146 21 statsfondens
554 645 114 26 tillgångar
683 645 52 21 eller
749 645 28 27 på
791 645 69 27 öfriga
874 645 83 22 fonder.
985 646 42 27 Jag

197 674 39 22 ber
258 674 56 21 blott
336 673 7 22 i
358 673 138 27 förbigående
511 676 32 19 att
557 673 22 21 få
593 673 90 21 hänvisa
697 673 76 27 därtill,
788 676 31 19 att
838 674 3 21 i
856 674 40 22 den
912 674 53 21 allra
980 676 47 20 när-

197 705 70 19 maste
289 702 116 22 framtiden
428 702 122 27 antagligen
571 708 26 15 en
612 702 85 27 mycket
711 702 99 22 afsevärd
826 709 85 15 summa
926 702 101 22 behöfves

198 731 35 21 för
248 734 15 18 t.
278 738 31 14 ex.
325 731 42 21 den
383 730 107 22 blifvande
507 730 280 28 invaliditetsförsäkringen
803 732 40 21 och
858 731 51 21 flere
924 731 103 22 likartade

198 760 69 22 behof.
283 760 38 21 Att
332 760 115 21 ständerna
459 766 28 14 nu
496 759 63 21 hafva
570 760 34 26 sig
614 760 99 21 anvisadt
723 762 32 19 att
762 760 77 25 bevilja
849 760 69 21 medel
929 760 32 21 till
971 760 27 22 de
1007 760 24 22 af

198 788 118 22 ständerna
331 788 101 21 beslutna
444 788 261 27 järnvägsbyggnaderna,
717 790 23 20 är
753 788 24 27 ju
792 788 61 26 klart,
864 789 39 21 och
919 795 35 15 om
964 789 65 21 också

199 817 162 27 propositionen
385 817 84 21 anvisat
491 818 93 25 utvägen
606 819 33 19 att
661 817 31 21 till
707 823 26 15 en
750 817 75 27 början
841 817 79 21 erhålla
935 816 94 23 förskott

198 845 23 22 af
235 845 146 22 statsfondens
403 845 74 25 medel,
493 845 71 21 hvilka
580 845 122 21 sedermera
717 846 105 21 måhända
837 846 71 21 kunde
924 846 105 22 definitivt

197 874 119 22 öfverföras
332 874 31 21 till
378 873 283 27 kommunikationsfonden,
673 874 24 21 så
707 880 64 21 synes
787 874 36 22 det
837 875 44 26 mig
891 874 137 28 nödvändigt,

196 906 35 19 att
246 903 117 21 ständerna
378 902 91 22 likafullt
483 909 29 15 nu
528 903 78 26 bevilja
622 903 36 21 det
673 903 40 26 lån,
724 909 46 15 som
782 903 109 27 samtidigt
901 903 38 21 har
950 903 79 22 äskats.

199 932 50 21 Man
272 932 107 26 iakttager
401 931 124 27 därigenom
547 931 37 21 det
606 934 56 19 mest
682 931 63 27 lojala
767 931 121 22 förfarande
910 932 58 21 såväl
984 934 45 20 mot

200 960 116 22 ständerna
337 966 47 15 som
408 963 45 18 mot
475 960 134 27 regeringen.
639 960 34 21 Då
696 967 47 14 man
763 960 38 21 har
816 961 88 20 beslutit
916 961 112 26 järnvägs-

199 989 126 27 byggnader
345 988 33 21 för
401 989 64 26 351/,
486 989 99 26 miljoner
600 989 40 21 och
655 995 49 15 man
720 991 41 23 vet,
777 991 31 19 att
823 989 206 23 kommunikations-

199 1017 79 22 fonden
295 1017 138 22 därförinnan
449 1017 69 21 häftar
533 1017 49 21 med
598 1017 49 27 51/,
664 1017 109 27 miljoners
789 1017 62 22 skuld
863 1018 21 26 (3
894 1018 26 26 '/,
931 1017 98 28 miljoner

197 1045 72 22 finnas
285 1046 78 21 endast
378 1045 38 22 här
432 1048 115 25 upptagna,
564 1052 48 15 men
629 1046 36 21 det
680 1045 68 22 finnes
764 1046 111 21 dessutom
891 1053 27 14 en
929 1046 62 21 skuld
1002 1046 28 27 pä

199 1075 119 26 2,100,000,
333 1074 72 21 hvilka
429 1074 145 27 märkvärdigt
597 1081 43 20 nog
654 1075 46 20 icke
715 1075 51 26 ingå
780 1075 7 20 i
802 1075 187 27 räkenskaperna),
1005 1077 24 19 är

200 1103 37 21 det
252 1103 101 26 riktigast
367 1105 32 19 att
415 1103 110 26 samtidigt
540 1103 75 21 anvisa
627 1103 69 21 medel
709 1103 27 27 på
751 1103 36 21 det
798 1110 48 15 man
857 1103 46 22 icke
913 1104 35 21 må
958 1103 71 22 äfven-

200 1134 48 25 tyra
266 1131 195 27 sanktionsvägran
477 1131 33 22 för
525 1138 26 15 en
568 1131 50 22 eller
635 1138 68 15 annan
721 1132 33 21 del
770 1131 23 22 af
806 1132 26 21 de
847 1132 74 26 banor,
937 1139 47 14 som
1000 1139 29 14 nu

199 1160 108 21 beslutits.

270 1188 64 21 Hvad
354 1188 101 23 beträffar
473 1189 137 21 uteslutande
626 1189 52 20 eller
693 1189 151 21 kvarhållande
859 1189 23 21 af
896 1189 61 21 ordet
976 1189 53 21 »för-

199 1217 127 27 nämligast»
343 1217 8 20 i
367 1217 112 26 klämmen,
496 1217 24 21 så
535 1223 63 21 synes
614 1218 49 25 mig,
675 1219 31 19 att
721 1217 36 22 det
771 1224 44 20 nog
830 1217 34 21 väl
879 1217 54 22 hade
949 1217 82 22 kunnat

202 1252 50 15 vara
275 1246 66 25 borta,
357 1246 48 21 med
428 1252 35 15 om
486 1246 37 21 det
545 1252 29 15 nu
590 1246 111 25 uteslutes,
716 1246 71 21 kunde
803 1246 36 21 det
853 1246 22 21 få
889 1246 53 21 sken
957 1245 26 26 af,
999 1248 32 19 att

199 1281 50 15 man
273 1274 69 22 under
362 1275 51 26 inga
428 1274 183 28 omständigheter
626 1275 49 21 ville
691 1275 67 21 tillåta
772 1275 113 21 inhemska
899 1275 86 21 institut
999 1277 32 19 att

198 1310 53 15 vara
267 1303 49 21 med
331 1309 35 15 om
383 1303 42 21 det.
446 1304 42 26 Jag
503 1305 46 19 tror
564 1303 51 25 icke,
627 1306 32 18 att
674 1304 70 26 någon
759 1303 46 21 fara
819 1303 70 22 finnes
903 1303 128 27 förknippad

199 1332 50 21 med
265 1338 34 15 om
316 1332 61 21 ordet
392 1331 33 22 får
440 1332 92 21 kvarstå.

270 1389 33 21 Hr
326 1388 169 27 Wegelius:
521 1389 31 21 På
575 1390 43 20 sätt
641 1389 106 21 utskottet
768 1388 128 24 framhåller,
912 1390 68 20 måste
995 1390 36 21 det

199 1418 102 25 förutses,
317 1420 31 18 att
363 1418 36 20 det
414 1418 41 25 lån,
470 1417 64 21 hvars
550 1418 138 26 upptagande
704 1418 104 21 utskottet
823 1418 38 20 har
876 1417 110 28 föreslagit
1001 1420 31 19 att

200 1446 118 22 ständerna
339 1446 67 21 måtte
429 1446 128 27 bemyndiga
578 1446 128 27 regeringen
728 1449 31 19 att
774 1448 101 25 upptaga,
890 1446 46 22 icke
952 1446 41 22 kan
1009 1447 23 21 så

199 1474 89 22 alldeles
309 1477 60 19 snart
392 1474 119 22 realiseras.
541 1475 50 21 Man
609 1475 69 21 måste
693 1475 89 27 hoppas,
797 1477 31 19 att
843 1475 36 21 det
894 1475 41 21 blir
950 1475 83 27 möjligt

200 1503 34 21 för
258 1503 127 27 regeringen
410 1505 36 22 att,
462 1504 28 26 på
513 1505 43 19 sätt
578 1504 41 21 den
636 1503 61 21 äfven
713 1504 7 20 i
735 1504 162 26 propositionen
913 1503 120 26 framhållit,
