<?xml version="1.0" encoding="UTF-8"?>
<alto xmlns="http://www.loc.gov/standards/alto/ns-v3#" xmlns:xlink="http://www.w3.org/1999/xlink" xmlns:xsi="http://www.w3.org/2001/XMLSchema-instance" xsi:schemaLocation="http://www.loc.gov/standards/alto/ns-v3# http://www.loc.gov/alto/v3/alto-3-0.xsd">
	<Description>
		<MeasurementUnit>pixel</MeasurementUnit>
		<sourceImageInformation>
			<fileName>/tmp/tess_xw9v7v8a_input.PNG</fileName>
		</sourceImageInformation>
		<OCRProcessing ID="OCR_0">
			<ocrProcessingStep>
				<processingSoftware>
					<softwareName>tesseract 5.3.4</softwareName>
				</processingSoftware>
			</ocrProcessingStep>
		</OCRProcessing>
	</Description>
	<Layout>
		<Page WIDTH="1098" HEIGHT="1756" PHYSICAL_IMG_NR="0" ID="page_0">
			<PrintSpace HPOS="0" VPOS="0" WIDTH="1098" HEIGHT="1756">
				<ComposedBlock ID="cblock_0" HPOS="97" VPOS="136" WIDTH="831" HEIGHT="29">
					<TextBlock ID="block_0" HPOS="97" VPOS="136" WIDTH="831" HEIGHT="29">
						<TextLine ID="line_0" HPOS="97" VPOS="136" WIDTH="831" HEIGHT="29">
							<String ID="string_0" HPOS="97" VPOS="145" WIDTH="29" HEIGHT="17" WC="0.96" CONTENT="30"/><SP WIDTH="14" VPOS="145" HPOS="126"/>
							<String ID="string_1" HPOS="140" VPOS="144" WIDTH="88" HEIGHT="21" WC="0.96" CONTENT="augusti."/><SP WIDTH="60" VPOS="144" HPOS="228"/>
							<String ID="string_2" HPOS="288" VPOS="141" WIDTH="250" HEIGHT="22" WC="0.91" CONTENT="Styrelseledamöternas"/><SP WIDTH="14" VPOS="141" HPOS="538"/>
							<String ID="string_3" HPOS="552" VPOS="141" WIDTH="190" HEIGHT="22" WC="0.90" CONTENT="ämbetsåtgärder."/><SP WIDTH="145" VPOS="141" HPOS="742"/>
							<String ID="string_4" HPOS="887" VPOS="136" WIDTH="41" HEIGHT="21" WC="0.96" CONTENT="899"/>
						</TextLine>
					</TextBlock>
				</ComposedBlock>
				<GraphicalElement ID="cblock_1" HPOS="100" VPOS="165" WIDTH="828" HEIGHT="15"></GraphicalElement >
				<ComposedBlock ID="cblock_2" HPOS="99" VPOS="210" WIDTH="831" HEIGHT="87">
					<TextBlock ID="block_1" HPOS="99" VPOS="210" WIDTH="831" HEIGHT="87">
						<TextLine ID="line_1" HPOS="168" VPOS="210" WIDTH="762" HEIGHT="28">
							<String ID="string_5" HPOS="168" VPOS="213" WIDTH="40" HEIGHT="24" WC="0.89" CONTENT="2:0)"/><SP WIDTH="16" VPOS="213" HPOS="208"/>
							<String ID="string_6" HPOS="224" VPOS="213" WIDTH="37" HEIGHT="25" WC="0.96" CONTENT="De,"/><SP WIDTH="22" VPOS="213" HPOS="261"/>
							<String ID="string_7" HPOS="283" VPOS="211" WIDTH="74" HEIGHT="21" WC="0.95" CONTENT="hvilka"/><SP WIDTH="21" VPOS="211" HPOS="357"/>
							<String ID="string_8" HPOS="378" VPOS="211" WIDTH="117" HEIGHT="27" WC="0.95" CONTENT="godkänna"/><SP WIDTH="23" VPOS="211" HPOS="495"/>
							<String ID="string_9" HPOS="518" VPOS="211" WIDTH="115" HEIGHT="20" WC="0.81" CONTENT="utskottets"/><SP WIDTH="15" VPOS="211" HPOS="633"/>
							<String ID="string_10" HPOS="648" VPOS="211" WIDTH="84" HEIGHT="26" WC="0.96" CONTENT="förslag"/><SP WIDTH="16" VPOS="211" HPOS="732"/>
							<String ID="string_11" HPOS="748" VPOS="210" WIDTH="35" HEIGHT="21" WC="0.96" CONTENT="till"/><SP WIDTH="16" VPOS="210" HPOS="783"/>
							<String ID="string_12" HPOS="799" VPOS="210" WIDTH="79" HEIGHT="27" WC="0.96" CONTENT="lydelse"/><SP WIDTH="15" VPOS="210" HPOS="878"/>
							<String ID="string_13" HPOS="893" VPOS="210" WIDTH="37" HEIGHT="27" WC="0.96" CONTENT="för"/>
						</TextLine>
						<TextLine ID="line_2" HPOS="104" VPOS="239" WIDTH="825" HEIGHT="30">
							<String ID="string_14" HPOS="104" VPOS="243" WIDTH="10" HEIGHT="26" WC="0.91" CONTENT="7"/><SP WIDTH="16" VPOS="243" HPOS="114"/>
							<String ID="string_15" HPOS="130" VPOS="243" WIDTH="15" HEIGHT="24" WC="0.91" CONTENT="$"/><SP WIDTH="16" VPOS="243" HPOS="145"/>
							<String ID="string_16" HPOS="161" VPOS="241" WIDTH="15" HEIGHT="20" WC="0.96" CONTENT="2"/><SP WIDTH="15" VPOS="241" HPOS="176"/>
							<String ID="string_17" HPOS="191" VPOS="247" WIDTH="65" HEIGHT="14" WC="0.96" CONTENT="mom."/><SP WIDTH="17" VPOS="247" HPOS="256"/>
							<String ID="string_18" HPOS="273" VPOS="240" WIDTH="10" HEIGHT="20" WC="0.95" CONTENT="i"/><SP WIDTH="14" VPOS="240" HPOS="283"/>
							<String ID="string_19" HPOS="297" VPOS="240" WIDTH="42" HEIGHT="20" WC="0.96" CONTENT="den"/><SP WIDTH="20" VPOS="240" HPOS="339"/>
							<String ID="string_20" HPOS="359" VPOS="239" WIDTH="74" HEIGHT="28" WC="0.95" CONTENT="finska"/><SP WIDTH="23" VPOS="239" HPOS="433"/>
							<String ID="string_21" HPOS="456" VPOS="239" WIDTH="108" HEIGHT="27" WC="0.96" CONTENT="lagtexten"/><SP WIDTH="22" VPOS="239" HPOS="564"/>
							<String ID="string_22" HPOS="586" VPOS="239" WIDTH="56" HEIGHT="27" WC="0.96" CONTENT="från"/><SP WIDTH="19" VPOS="239" HPOS="642"/>
							<String ID="string_23" HPOS="661" VPOS="239" WIDTH="39" HEIGHT="20" WC="0.96" CONTENT="och"/><SP WIDTH="16" VPOS="239" HPOS="700"/>
							<String ID="string_24" HPOS="716" VPOS="239" WIDTH="49" HEIGHT="20" WC="0.96" CONTENT="med"/><SP WIDTH="15" VPOS="239" HPOS="765"/>
							<String ID="string_25" HPOS="780" VPOS="239" WIDTH="66" HEIGHT="20" WC="0.93" CONTENT="orden"/><SP WIDTH="18" VPOS="239" HPOS="846"/>
							<String ID="string_26" HPOS="864" VPOS="239" WIDTH="65" HEIGHT="20" WC="0.92" CONTENT="»niin"/>
						</TextLine>
						<TextLine ID="line_3" HPOS="99" VPOS="267" WIDTH="582" HEIGHT="30">
							<String ID="string_27" HPOS="99" VPOS="271" WIDTH="83" HEIGHT="26" WC="0.94" CONTENT="myös»,"/><SP WIDTH="16" VPOS="271" HPOS="182"/>
							<String ID="string_28" HPOS="198" VPOS="271" WIDTH="59" HEIGHT="18" WC="0.95" CONTENT="rösta"/><SP WIDTH="10" VPOS="271" HPOS="257"/>
							<String ID="string_29" HPOS="267" VPOS="269" WIDTH="40" HEIGHT="26" WC="0.95" CONTENT="ja;"/><SP WIDTH="16" VPOS="269" HPOS="307"/>
							<String ID="string_30" HPOS="323" VPOS="268" WIDTH="32" HEIGHT="26" WC="0.95" CONTENT="de,"/><SP WIDTH="16" VPOS="268" HPOS="355"/>
							<String ID="string_31" HPOS="371" VPOS="268" WIDTH="35" HEIGHT="21" WC="0.96" CONTENT="det"/><SP WIDTH="14" VPOS="268" HPOS="406"/>
							<String ID="string_32" HPOS="420" VPOS="268" WIDTH="45" HEIGHT="21" WC="0.96" CONTENT="icke"/><SP WIDTH="15" VPOS="268" HPOS="465"/>
							<String ID="string_33" HPOS="480" VPOS="270" WIDTH="58" HEIGHT="25" WC="0.96" CONTENT="göra,"/><SP WIDTH="17" VPOS="270" HPOS="538"/>
							<String ID="string_34" HPOS="555" VPOS="269" WIDTH="61" HEIGHT="19" WC="0.96" CONTENT="rösta"/><SP WIDTH="16" VPOS="269" HPOS="616"/>
							<String ID="string_35" HPOS="632" VPOS="267" WIDTH="49" HEIGHT="27" WC="0.95" CONTENT="nej;"/>
						</TextLine>
					</TextBlock>
				</ComposedBlock>
				<ComposedBlock ID="cblock_3" HPOS="101" VPOS="330" WIDTH="829" HEIGHT="58">
					<TextBlock ID="block_2" HPOS="101" VPOS="330" WIDTH="829" HEIGHT="58">
						<TextLine ID="line_4" HPOS="171" VPOS="330" WIDTH="759" HEIGHT="28">
							<String ID="string_36" HPOS="171" VPOS="331" WIDTH="78" HEIGHT="21" WC="0.96" CONTENT="vinner"/><SP WIDTH="22" VPOS="331" HPOS="249"/>
							<String ID="string_37" HPOS="271" VPOS="331" WIDTH="42" HEIGHT="27" WC="0.96" CONTENT="nej,"/><SP WIDTH="18" VPOS="331" HPOS="313"/>
							<String ID="string_38" HPOS="331" VPOS="331" WIDTH="41" HEIGHT="20" WC="0.96" CONTENT="har"/><SP WIDTH="14" VPOS="331" HPOS="372"/>
							<String ID="string_39" HPOS="386" VPOS="330" WIDTH="87" HEIGHT="21" WC="0.92" CONTENT="ståndet"/><SP WIDTH="16" VPOS="330" HPOS="473"/>
							<String ID="string_40" HPOS="489" VPOS="330" WIDTH="88" HEIGHT="21" WC="0.92" CONTENT="beslutit"/><SP WIDTH="15" VPOS="330" HPOS="577"/>
							<String ID="string_41" HPOS="592" VPOS="330" WIDTH="97" HEIGHT="27" WC="0.96" CONTENT="omfatta"/><SP WIDTH="15" VPOS="330" HPOS="689"/>
							<String ID="string_42" HPOS="704" VPOS="330" WIDTH="27" HEIGHT="21" WC="0.93" CONTENT="hr"/><SP WIDTH="20" VPOS="330" HPOS="731"/>
							<String ID="string_43" HPOS="751" VPOS="330" WIDTH="109" HEIGHT="21" WC="0.89" CONTENT="Walldéns"/><SP WIDTH="16" VPOS="330" HPOS="860"/>
							<String ID="string_44" HPOS="876" VPOS="331" WIDTH="54" HEIGHT="20" WC="0.92" CONTENT="änd-"/>
						</TextLine>
						<TextLine ID="line_5" HPOS="101" VPOS="360" WIDTH="152" HEIGHT="28">
							<String ID="string_45" HPOS="101" VPOS="360" WIDTH="152" HEIGHT="28" WC="0.92" CONTENT="ringsförslag."/>
						</TextLine>
					</TextBlock>
				</ComposedBlock>
				<ComposedBlock ID="cblock_4" HPOS="102" VPOS="421" WIDTH="831" HEIGHT="144">
					<TextBlock ID="block_3" HPOS="102" VPOS="421" WIDTH="831" HEIGHT="144">
						<TextLine ID="line_6" HPOS="170" VPOS="421" WIDTH="761" HEIGHT="28">
							<String ID="string_46" HPOS="170" VPOS="423" WIDTH="166" HEIGHT="26" WC="0.95" CONTENT="Propositionen"/><SP WIDTH="23" VPOS="423" HPOS="336"/>
							<String ID="string_47" HPOS="359" VPOS="422" WIDTH="129" HEIGHT="21" WC="0.96" CONTENT="besvarades"/><SP WIDTH="22" VPOS="422" HPOS="488"/>
							<String ID="string_48" HPOS="510" VPOS="422" WIDTH="35" HEIGHT="21" WC="0.93" CONTENT="vid"/><SP WIDTH="18" VPOS="422" HPOS="545"/>
							<String ID="string_49" HPOS="563" VPOS="421" WIDTH="110" HEIGHT="22" WC="0.92" CONTENT="värkstäld"/><SP WIDTH="17" VPOS="421" HPOS="673"/>
							<String ID="string_50" HPOS="690" VPOS="422" WIDTH="98" HEIGHT="27" WC="0.96" CONTENT="votering"/><SP WIDTH="15" VPOS="422" HPOS="788"/>
							<String ID="string_51" HPOS="803" VPOS="422" WIDTH="49" HEIGHT="21" WC="0.96" CONTENT="med"/><SP WIDTH="15" VPOS="422" HPOS="852"/>
							<String ID="string_52" HPOS="867" VPOS="422" WIDTH="29" HEIGHT="21" WC="0.96" CONTENT="44"/><SP WIDTH="12" VPOS="422" HPOS="896"/>
							<String ID="string_53" HPOS="908" VPOS="422" WIDTH="23" HEIGHT="27" WC="0.96" CONTENT="ja"/>
						</TextLine>
						<TextLine ID="line_7" HPOS="102" VPOS="450" WIDTH="830" HEIGHT="28">
							<String ID="string_54" HPOS="102" VPOS="452" WIDTH="39" HEIGHT="21" WC="0.96" CONTENT="och"/><SP WIDTH="23" VPOS="452" HPOS="141"/>
							<String ID="string_55" HPOS="164" VPOS="452" WIDTH="25" HEIGHT="21" WC="0.96" CONTENT="21"/><SP WIDTH="25" VPOS="452" HPOS="189"/>
							<String ID="string_56" HPOS="214" VPOS="451" WIDTH="40" HEIGHT="27" WC="0.96" CONTENT="nej,"/><SP WIDTH="23" VPOS="451" HPOS="254"/>
							<String ID="string_57" HPOS="277" VPOS="451" WIDTH="39" HEIGHT="21" WC="0.96" CONTENT="och"/><SP WIDTH="23" VPOS="451" HPOS="316"/>
							<String ID="string_58" HPOS="339" VPOS="451" WIDTH="54" HEIGHT="21" WC="0.96" CONTENT="hade"/><SP WIDTH="23" VPOS="451" HPOS="393"/>
							<String ID="string_59" HPOS="416" VPOS="451" WIDTH="86" HEIGHT="21" WC="0.96" CONTENT="ståndet"/><SP WIDTH="22" VPOS="451" HPOS="502"/>
							<String ID="string_60" HPOS="524" VPOS="450" WIDTH="82" HEIGHT="21" WC="0.93" CONTENT="således"/><SP WIDTH="23" VPOS="450" HPOS="606"/>
							<String ID="string_61" HPOS="629" VPOS="451" WIDTH="89" HEIGHT="20" WC="0.91" CONTENT="beslutit"/><SP WIDTH="15" VPOS="451" HPOS="718"/>
							<String ID="string_62" HPOS="733" VPOS="451" WIDTH="113" HEIGHT="26" WC="0.96" CONTENT="godkänna"/><SP WIDTH="16" VPOS="451" HPOS="846"/>
							<String ID="string_63" HPOS="862" VPOS="451" WIDTH="11" HEIGHT="21" WC="0.96" CONTENT="7"/><SP WIDTH="17" VPOS="451" HPOS="873"/>
							<String ID="string_64" HPOS="890" VPOS="451" WIDTH="13" HEIGHT="26" WC="0.64" CONTENT="8"/><SP WIDTH="15" VPOS="451" HPOS="903"/>
							<String ID="string_65" HPOS="918" VPOS="451" WIDTH="14" HEIGHT="21" WC="0.96" CONTENT="2"/>
						</TextLine>
						<TextLine ID="line_8" HPOS="102" VPOS="478" WIDTH="830" HEIGHT="27">
							<String ID="string_66" HPOS="102" VPOS="487" WIDTH="63" HEIGHT="15" WC="0.95" CONTENT="mom."/><SP WIDTH="23" VPOS="487" HPOS="165"/>
							<String ID="string_67" HPOS="188" VPOS="480" WIDTH="49" HEIGHT="21" WC="0.96" CONTENT="med"/><SP WIDTH="23" VPOS="480" HPOS="237"/>
							<String ID="string_68" HPOS="260" VPOS="479" WIDTH="65" HEIGHT="22" WC="0.96" CONTENT="sådan"/><SP WIDTH="24" VPOS="479" HPOS="325"/>
							<String ID="string_69" HPOS="349" VPOS="479" WIDTH="91" HEIGHT="26" WC="0.96" CONTENT="ändring"/><SP WIDTH="14" VPOS="479" HPOS="440"/>
							<String ID="string_70" HPOS="454" VPOS="479" WIDTH="7" HEIGHT="21" WC="0.96" CONTENT="i"/><SP WIDTH="15" VPOS="479" HPOS="461"/>
							<String ID="string_71" HPOS="476" VPOS="479" WIDTH="41" HEIGHT="21" WC="0.94" CONTENT="den"/><SP WIDTH="23" VPOS="479" HPOS="517"/>
							<String ID="string_72" HPOS="540" VPOS="478" WIDTH="69" HEIGHT="22" WC="0.94" CONTENT="finska"/><SP WIDTH="19" VPOS="478" HPOS="609"/>
							<String ID="string_73" HPOS="628" VPOS="482" WIDTH="78" HEIGHT="22" WC="0.95" CONTENT="texten,"/><SP WIDTH="16" VPOS="482" HPOS="706"/>
							<String ID="string_74" HPOS="722" VPOS="482" WIDTH="32" HEIGHT="17" WC="0.93" CONTENT="att"/><SP WIDTH="15" VPOS="482" HPOS="754"/>
							<String ID="string_75" HPOS="769" VPOS="479" WIDTH="163" HEIGHT="26" WC="0.92" CONTENT="uttryckssättet"/>
						</TextLine>
						<TextLine ID="line_9" HPOS="104" VPOS="507" WIDTH="829" HEIGHT="29">
							<String ID="string_76" HPOS="104" VPOS="509" WIDTH="70" HEIGHT="27" WC="0.91" CONTENT="»pitää"/><SP WIDTH="22" VPOS="509" HPOS="174"/>
							<String ID="string_77" HPOS="196" VPOS="508" WIDTH="177" HEIGHT="27" WC="0.90" CONTENT="puheenalaiseen"/><SP WIDTH="24" VPOS="508" HPOS="373"/>
							<String ID="string_78" HPOS="397" VPOS="508" WIDTH="112" HEIGHT="26" WC="0.91" CONTENT="erityiseen"/><SP WIDTH="24" VPOS="508" HPOS="509"/>
							<String ID="string_79" HPOS="533" VPOS="507" WIDTH="198" HEIGHT="21" WC="0.89" CONTENT="tuomioistuimeen"/><SP WIDTH="21" VPOS="507" HPOS="731"/>
							<String ID="string_80" HPOS="752" VPOS="507" WIDTH="93" HEIGHT="22" WC="0.91" CONTENT="kuulua»"/><SP WIDTH="18" VPOS="507" HPOS="845"/>
							<String ID="string_81" HPOS="863" VPOS="508" WIDTH="70" HEIGHT="21" WC="0.96" CONTENT="skulle"/>
						</TextLine>
						<TextLine ID="line_10" HPOS="103" VPOS="536" WIDTH="829" HEIGHT="29">
							<String ID="string_82" HPOS="103" VPOS="538" WIDTH="86" HEIGHT="27" WC="0.92" CONTENT="utbytas"/><SP WIDTH="16" VPOS="538" HPOS="189"/>
							<String ID="string_83" HPOS="205" VPOS="539" WIDTH="57" HEIGHT="19" WC="0.93" CONTENT="emot"/><SP WIDTH="17" VPOS="539" HPOS="262"/>
							<String ID="string_84" HPOS="279" VPOS="537" WIDTH="94" HEIGHT="20" WC="0.86" CONTENT="»kuuluu"/><SP WIDTH="17" VPOS="537" HPOS="373"/>
							<String ID="string_85" HPOS="390" VPOS="536" WIDTH="178" HEIGHT="27" WC="0.91" CONTENT="puheenalaiseen"/><SP WIDTH="17" VPOS="536" HPOS="568"/>
							<String ID="string_86" HPOS="585" VPOS="536" WIDTH="113" HEIGHT="27" WC="0.96" CONTENT="erityiseen"/><SP WIDTH="17" VPOS="536" HPOS="698"/>
							<String ID="string_87" HPOS="715" VPOS="537" WIDTH="217" HEIGHT="20" WC="0.93" CONTENT="tuomioistuimeen»."/>
						</TextLine>
					</TextBlock>
				</ComposedBlock>
				<ComposedBlock ID="cblock_5" HPOS="104" VPOS="599" WIDTH="830" HEIGHT="86">
					<TextBlock ID="block_4" HPOS="104" VPOS="599" WIDTH="830" HEIGHT="86">
						<TextLine ID="line_11" HPOS="173" VPOS="599" WIDTH="761" HEIGHT="27">
							<String ID="string_88" HPOS="173" VPOS="600" WIDTH="69" HEIGHT="21" WC="0.96" CONTENT="Sedan"/><SP WIDTH="23" VPOS="600" HPOS="242"/>
							<String ID="string_89" HPOS="265" VPOS="599" WIDTH="24" HEIGHT="21" WC="0.93" CONTENT="hr"/><SP WIDTH="24" VPOS="599" HPOS="289"/>
							<String ID="string_90" HPOS="313" VPOS="599" WIDTH="172" HEIGHT="27" WC="0.95" CONTENT="Björkstén"/><SP WIDTH="24" VPOS="599" HPOS="485"/>
							<String ID="string_91" HPOS="509" VPOS="599" WIDTH="49" HEIGHT="21" WC="0.90" CONTENT="med"/><SP WIDTH="23" VPOS="599" HPOS="558"/>
							<String ID="string_92" HPOS="581" VPOS="599" WIDTH="97" HEIGHT="21" WC="0.90" CONTENT="ständets"/><SP WIDTH="20" VPOS="599" HPOS="678"/>
							<String ID="string_93" HPOS="698" VPOS="599" WIDTH="125" HEIGHT="26" WC="0.92" CONTENT="begifvande"/><SP WIDTH="16" VPOS="599" HPOS="823"/>
							<String ID="string_94" HPOS="839" VPOS="599" WIDTH="95" HEIGHT="27" WC="0.91" CONTENT="frängätt"/>
						</TextLine>
						<TextLine ID="line_12" HPOS="104" VPOS="627" WIDTH="829" HEIGHT="28">
							<String ID="string_95" HPOS="104" VPOS="630" WIDTH="37" HEIGHT="21" WC="0.92" CONTENT="sitt"/><SP WIDTH="22" VPOS="630" HPOS="141"/>
							<String ID="string_96" HPOS="163" VPOS="627" WIDTH="183" HEIGHT="28" WC="0.90" CONTENT="ändringsförslag"/><SP WIDTH="15" VPOS="627" HPOS="346"/>
							<String ID="string_97" HPOS="361" VPOS="627" WIDTH="132" HEIGHT="22" WC="0.96" CONTENT="beträffande"/><SP WIDTH="16" VPOS="627" HPOS="493"/>
							<String ID="string_98" HPOS="509" VPOS="629" WIDTH="12" HEIGHT="19" WC="0.93" CONTENT="3"/><SP WIDTH="16" VPOS="629" HPOS="521"/>
							<String ID="string_99" HPOS="537" VPOS="634" WIDTH="70" HEIGHT="19" WC="0.92" CONTENT="mom.,"/><SP WIDTH="15" VPOS="634" HPOS="607"/>
							<String ID="string_100" HPOS="622" VPOS="628" WIDTH="132" HEIGHT="21" WC="0.91" CONTENT="framställde"/><SP WIDTH="16" VPOS="628" HPOS="754"/>
							<String ID="string_101" HPOS="770" VPOS="628" WIDTH="24" HEIGHT="21" WC="0.93" CONTENT="hr"/><SP WIDTH="17" VPOS="628" HPOS="794"/>
							<String ID="string_102" HPOS="811" VPOS="628" WIDTH="122" HEIGHT="21" WC="0.92" CONTENT="talmannen"/>
						</TextLine>
						<TextLine ID="line_13" HPOS="104" VPOS="656" WIDTH="689" HEIGHT="29">
							<String ID="string_103" HPOS="104" VPOS="657" WIDTH="110" HEIGHT="28" WC="0.92" CONTENT="angäende"/><SP WIDTH="16" VPOS="657" HPOS="214"/>
							<String ID="string_104" HPOS="230" VPOS="657" WIDTH="66" HEIGHT="26" WC="0.92" CONTENT="sagda"/><SP WIDTH="16" VPOS="657" HPOS="296"/>
							<String ID="string_105" HPOS="312" VPOS="663" WIDTH="63" HEIGHT="15" WC="0.96" CONTENT="mom."/><SP WIDTH="16" VPOS="663" HPOS="375"/>
							<String ID="string_106" HPOS="391" VPOS="656" WIDTH="93" HEIGHT="27" WC="0.93" CONTENT="följande"/><SP WIDTH="16" VPOS="656" HPOS="484"/>
							<String ID="string_107" HPOS="500" VPOS="657" WIDTH="293" HEIGHT="26" WC="0.92" CONTENT="omröstningsproposition"/><SP WIDTH="-9" VPOS="657" HPOS="793"/>
							<String ID="string_108" HPOS="784" VPOS="652" WIDTH="13" HEIGHT="37" WC="0.92" CONTENT=":"/>
						</TextLine>
					</TextBlock>
				</ComposedBlock>
				<ComposedBlock ID="cblock_6" HPOS="106" VPOS="719" WIDTH="830" HEIGHT="57">
					<TextBlock ID="block_5" HPOS="106" VPOS="719" WIDTH="830" HEIGHT="57">
						<TextLine ID="line_14" HPOS="174" VPOS="719" WIDTH="762" HEIGHT="28">
							<String ID="string_109" HPOS="174" VPOS="720" WIDTH="39" HEIGHT="27" WC="0.93" CONTENT="De,"/><SP WIDTH="23" VPOS="720" HPOS="213"/>
							<String ID="string_110" HPOS="236" VPOS="719" WIDTH="75" HEIGHT="22" WC="0.91" CONTENT="hvilka"/><SP WIDTH="18" VPOS="719" HPOS="311"/>
							<String ID="string_111" HPOS="329" VPOS="719" WIDTH="118" HEIGHT="28" WC="0.91" CONTENT="godkänna"/><SP WIDTH="15" VPOS="719" HPOS="447"/>
							<String ID="string_112" HPOS="462" VPOS="719" WIDTH="113" HEIGHT="21" WC="0.91" CONTENT="utskottets"/><SP WIDTH="15" VPOS="719" HPOS="575"/>
							<String ID="string_113" HPOS="590" VPOS="719" WIDTH="84" HEIGHT="28" WC="0.96" CONTENT="förslag"/><SP WIDTH="18" VPOS="719" HPOS="674"/>
							<String ID="string_114" HPOS="692" VPOS="719" WIDTH="36" HEIGHT="21" WC="0.93" CONTENT="till"/><SP WIDTH="16" VPOS="719" HPOS="728"/>
							<String ID="string_115" HPOS="744" VPOS="720" WIDTH="78" HEIGHT="27" WC="0.92" CONTENT="lydelse"/><SP WIDTH="15" VPOS="720" HPOS="822"/>
							<String ID="string_116" HPOS="837" VPOS="719" WIDTH="36" HEIGHT="28" WC="0.94" CONTENT="för"/><SP WIDTH="19" VPOS="719" HPOS="873"/>
							<String ID="string_117" HPOS="892" VPOS="721" WIDTH="12" HEIGHT="20" WC="0.93" CONTENT="7"/><SP WIDTH="15" VPOS="721" HPOS="904"/>
							<String ID="string_118" HPOS="919" VPOS="720" WIDTH="17" HEIGHT="27" WC="0.91" CONTENT="$"/>
						</TextLine>
						<TextLine ID="line_15" HPOS="106" VPOS="748" WIDTH="601" HEIGHT="28">
							<String ID="string_119" HPOS="106" VPOS="750" WIDTH="14" HEIGHT="21" WC="0.92" CONTENT="3"/><SP WIDTH="17" VPOS="750" HPOS="120"/>
							<String ID="string_120" HPOS="137" VPOS="756" WIDTH="73" HEIGHT="18" WC="0.90" CONTENT="mom.,"/><SP WIDTH="14" VPOS="756" HPOS="210"/>
							<String ID="string_121" HPOS="224" VPOS="750" WIDTH="59" HEIGHT="19" WC="0.91" CONTENT="rösta"/><SP WIDTH="10" VPOS="750" HPOS="283"/>
							<String ID="string_122" HPOS="293" VPOS="748" WIDTH="40" HEIGHT="28" WC="0.96" CONTENT="ja;"/><SP WIDTH="17" VPOS="748" HPOS="333"/>
							<String ID="string_123" HPOS="350" VPOS="748" WIDTH="31" HEIGHT="26" WC="0.96" CONTENT="de,"/><SP WIDTH="16" VPOS="748" HPOS="381"/>
							<String ID="string_124" HPOS="397" VPOS="748" WIDTH="35" HEIGHT="21" WC="0.93" CONTENT="det"/><SP WIDTH="15" VPOS="748" HPOS="432"/>
							<String ID="string_125" HPOS="447" VPOS="748" WIDTH="45" HEIGHT="21" WC="0.88" CONTENT="icke"/><SP WIDTH="14" VPOS="748" HPOS="492"/>
							<String ID="string_126" HPOS="506" VPOS="750" WIDTH="60" HEIGHT="25" WC="0.93" CONTENT="göra,"/><SP WIDTH="16" VPOS="750" HPOS="566"/>
							<String ID="string_127" HPOS="582" VPOS="750" WIDTH="61" HEIGHT="19" WC="0.91" CONTENT="rösta"/><SP WIDTH="16" VPOS="750" HPOS="643"/>
							<String ID="string_128" HPOS="659" VPOS="748" WIDTH="48" HEIGHT="27" WC="0.95" CONTENT="nej;"/>
						</TextLine>
					</TextBlock>
				</ComposedBlock>
				<ComposedBlock ID="cblock_7" HPOS="105" VPOS="811" WIDTH="831" HEIGHT="57">
					<TextBlock ID="block_6" HPOS="105" VPOS="811" WIDTH="831" HEIGHT="57">
						<TextLine ID="line_16" HPOS="175" VPOS="811" WIDTH="761" HEIGHT="28">
							<String ID="string_129" HPOS="175" VPOS="812" WIDTH="79" HEIGHT="20" WC="0.95" CONTENT="vinner"/><SP WIDTH="22" VPOS="812" HPOS="254"/>
							<String ID="string_130" HPOS="276" VPOS="812" WIDTH="41" HEIGHT="26" WC="0.93" CONTENT="nej,"/><SP WIDTH="24" VPOS="812" HPOS="317"/>
							<String ID="string_131" HPOS="341" VPOS="812" WIDTH="42" HEIGHT="20" WC="0.93" CONTENT="har"/><SP WIDTH="18" VPOS="812" HPOS="383"/>
							<String ID="string_132" HPOS="401" VPOS="812" WIDTH="88" HEIGHT="20" WC="0.93" CONTENT="ståndet"/><SP WIDTH="15" VPOS="812" HPOS="489"/>
							<String ID="string_133" HPOS="504" VPOS="811" WIDTH="89" HEIGHT="21" WC="0.92" CONTENT="beslutit"/><SP WIDTH="15" VPOS="811" HPOS="593"/>
							<String ID="string_134" HPOS="608" VPOS="813" WIDTH="33" HEIGHT="19" WC="0.96" CONTENT="att"/><SP WIDTH="15" VPOS="813" HPOS="641"/>
							<String ID="string_135" HPOS="656" VPOS="812" WIDTH="10" HEIGHT="20" WC="0.96" CONTENT="i"/><SP WIDTH="14" VPOS="812" HPOS="666"/>
							<String ID="string_136" HPOS="680" VPOS="812" WIDTH="42" HEIGHT="20" WC="0.96" CONTENT="den"/><SP WIDTH="16" VPOS="812" HPOS="722"/>
							<String ID="string_137" HPOS="738" VPOS="811" WIDTH="72" HEIGHT="27" WC="0.93" CONTENT="finska"/><SP WIDTH="17" VPOS="811" HPOS="810"/>
							<String ID="string_138" HPOS="827" VPOS="812" WIDTH="109" HEIGHT="27" WC="0.96" CONTENT="lagtexten"/>
						</TextLine>
						<TextLine ID="line_17" HPOS="105" VPOS="840" WIDTH="554" HEIGHT="28">
							<String ID="string_139" HPOS="105" VPOS="841" WIDTH="89" HEIGHT="27" WC="0.96" CONTENT="vidtaga"/><SP WIDTH="15" VPOS="841" HPOS="194"/>
							<String ID="string_140" HPOS="209" VPOS="840" WIDTH="41" HEIGHT="21" WC="0.96" CONTENT="den"/><SP WIDTH="15" VPOS="840" HPOS="250"/>
							<String ID="string_141" HPOS="265" VPOS="840" WIDTH="97" HEIGHT="28" WC="0.96" CONTENT="ändring"/><SP WIDTH="15" VPOS="840" HPOS="362"/>
							<String ID="string_142" HPOS="377" VPOS="840" WIDTH="28" HEIGHT="21" WC="0.92" CONTENT="hr"/><SP WIDTH="19" VPOS="840" HPOS="405"/>
							<String ID="string_143" HPOS="424" VPOS="840" WIDTH="98" HEIGHT="24" WC="0.73" CONTENT="Wallden"/><SP WIDTH="16" VPOS="840" HPOS="522"/>
							<String ID="string_144" HPOS="538" VPOS="840" WIDTH="121" HEIGHT="27" WC="0.76" CONTENT="föreslagit."/>
						</TextLine>
					</TextBlock>
				</ComposedBlock>
				<ComposedBlock ID="cblock_8" HPOS="176" VPOS="897" WIDTH="630" HEIGHT="27">
					<TextBlock ID="block_7" HPOS="176" VPOS="897" WIDTH="630" HEIGHT="27">
						<TextLine ID="line_18" HPOS="176" VPOS="897" WIDTH="630" HEIGHT="27">
							<String ID="string_145" HPOS="176" VPOS="898" WIDTH="48" HEIGHT="21" WC="0.93" CONTENT="Med"/><SP WIDTH="17" VPOS="898" HPOS="224"/>
							<String ID="string_146" HPOS="241" VPOS="898" WIDTH="156" HEIGHT="26" WC="0.92" CONTENT="öfvervägande"/><SP WIDTH="12" VPOS="898" HPOS="397"/>
							<String ID="string_147" HPOS="409" VPOS="898" WIDTH="24" HEIGHT="26" WC="0.93" CONTENT="ja"/><SP WIDTH="16" VPOS="898" HPOS="433"/>
							<String ID="string_148" HPOS="449" VPOS="898" WIDTH="124" HEIGHT="26" WC="0.92" CONTENT="godkändes"/><SP WIDTH="16" VPOS="898" HPOS="573"/>
							<String ID="string_149" HPOS="589" VPOS="897" WIDTH="117" HEIGHT="22" WC="0.92" CONTENT="utskottets"/><SP WIDTH="15" VPOS="897" HPOS="706"/>
							<String ID="string_150" HPOS="721" VPOS="897" WIDTH="85" HEIGHT="27" WC="0.96" CONTENT="förslag."/>
						</TextLine>
					</TextBlock>
				</ComposedBlock>
				<ComposedBlock ID="cblock_9" HPOS="108" VPOS="954" WIDTH="828" HEIGHT="57">
					<TextBlock ID="block_8" HPOS="108" VPOS="954" WIDTH="828" HEIGHT="57">
						<TextLine ID="line_19" HPOS="177" VPOS="954" WIDTH="759" HEIGHT="23">
							<String ID="string_151" HPOS="177" VPOS="955" WIDTH="134" HEIGHT="21" WC="0.88" CONTENT="Beträffande"/><SP WIDTH="18" VPOS="955" HPOS="311"/>
							<String ID="string_152" HPOS="329" VPOS="955" WIDTH="14" HEIGHT="21" WC="0.96" CONTENT="4"/><SP WIDTH="16" VPOS="955" HPOS="343"/>
							<String ID="string_153" HPOS="359" VPOS="961" WIDTH="64" HEIGHT="15" WC="0.93" CONTENT="mom."/><SP WIDTH="15" VPOS="961" HPOS="423"/>
							<String ID="string_154" HPOS="438" VPOS="954" WIDTH="159" HEIGHT="22" WC="0.92" CONTENT="öfverlämnade"/><SP WIDTH="15" VPOS="954" HPOS="597"/>
							<String ID="string_155" HPOS="612" VPOS="954" WIDTH="25" HEIGHT="22" WC="0.93" CONTENT="hr"/><SP WIDTH="16" VPOS="954" HPOS="637"/>
							<String ID="string_156" HPOS="653" VPOS="955" WIDTH="123" HEIGHT="21" WC="0.92" CONTENT="talmannen"/><SP WIDTH="16" VPOS="955" HPOS="776"/>
							<String ID="string_157" HPOS="792" VPOS="955" WIDTH="31" HEIGHT="21" WC="0.93" CONTENT="till"/><SP WIDTH="16" VPOS="955" HPOS="823"/>
							<String ID="string_158" HPOS="839" VPOS="955" WIDTH="97" HEIGHT="22" WC="0.91" CONTENT="ständets"/>
						</TextLine>
						<TextLine ID="line_20" HPOS="108" VPOS="984" WIDTH="549" HEIGHT="27">
							<String ID="string_159" HPOS="108" VPOS="984" WIDTH="132" HEIGHT="22" WC="0.92" CONTENT="besvarande"/><SP WIDTH="14" VPOS="984" HPOS="240"/>
							<String ID="string_160" HPOS="254" VPOS="984" WIDTH="94" HEIGHT="27" WC="0.93" CONTENT="följande"/><SP WIDTH="15" VPOS="984" HPOS="348"/>
							<String ID="string_161" HPOS="363" VPOS="984" WIDTH="294" HEIGHT="26" WC="0.92" CONTENT="omröstningsproposition"/><SP WIDTH="-8" VPOS="984" HPOS="657"/>
							<String ID="string_162" HPOS="649" VPOS="980" WIDTH="13" HEIGHT="35" WC="0.89" CONTENT=":"/>
						</TextLine>
					</TextBlock>
				</ComposedBlock>
				<ComposedBlock ID="cblock_10" HPOS="108" VPOS="1040" WIDTH="830" HEIGHT="57">
					<TextBlock ID="block_9" HPOS="108" VPOS="1040" WIDTH="830" HEIGHT="57">
						<TextLine ID="line_21" HPOS="177" VPOS="1040" WIDTH="761" HEIGHT="28">
							<String ID="string_163" HPOS="177" VPOS="1042" WIDTH="39" HEIGHT="26" WC="0.93" CONTENT="De,"/><SP WIDTH="22" VPOS="1042" HPOS="216"/>
							<String ID="string_164" HPOS="238" VPOS="1042" WIDTH="73" HEIGHT="20" WC="0.87" CONTENT="hvilka"/><SP WIDTH="22" VPOS="1042" HPOS="311"/>
							<String ID="string_165" HPOS="333" VPOS="1041" WIDTH="119" HEIGHT="27" WC="0.96" CONTENT="godkänna"/><SP WIDTH="15" VPOS="1041" HPOS="452"/>
							<String ID="string_166" HPOS="467" VPOS="1041" WIDTH="113" HEIGHT="21" WC="0.95" CONTENT="utskottets"/><SP WIDTH="15" VPOS="1041" HPOS="580"/>
							<String ID="string_167" HPOS="595" VPOS="1040" WIDTH="84" HEIGHT="28" WC="0.96" CONTENT="förslag"/><SP WIDTH="17" VPOS="1040" HPOS="679"/>
							<String ID="string_168" HPOS="696" VPOS="1040" WIDTH="36" HEIGHT="21" WC="0.93" CONTENT="till"/><SP WIDTH="16" VPOS="1040" HPOS="732"/>
							<String ID="string_169" HPOS="748" VPOS="1041" WIDTH="78" HEIGHT="27" WC="0.96" CONTENT="lydelse"/><SP WIDTH="14" VPOS="1041" HPOS="826"/>
							<String ID="string_170" HPOS="840" VPOS="1041" WIDTH="37" HEIGHT="27" WC="0.96" CONTENT="för"/><SP WIDTH="19" VPOS="1041" HPOS="877"/>
							<String ID="string_171" HPOS="896" VPOS="1042" WIDTH="12" HEIGHT="20" WC="0.93" CONTENT="7"/><SP WIDTH="14" VPOS="1042" HPOS="908"/>
							<String ID="string_172" HPOS="922" VPOS="1042" WIDTH="16" HEIGHT="26" WC="0.92" CONTENT="$"/>
						</TextLine>
						<TextLine ID="line_22" HPOS="108" VPOS="1069" WIDTH="598" HEIGHT="28">
							<String ID="string_173" HPOS="108" VPOS="1073" WIDTH="13" HEIGHT="19" WC="0.93" CONTENT="4"/><SP WIDTH="15" VPOS="1073" HPOS="121"/>
							<String ID="string_174" HPOS="136" VPOS="1077" WIDTH="72" HEIGHT="18" WC="0.84" CONTENT="mom.,"/><SP WIDTH="14" VPOS="1077" HPOS="208"/>
							<String ID="string_175" HPOS="222" VPOS="1072" WIDTH="59" HEIGHT="19" WC="0.96" CONTENT="rösta"/><SP WIDTH="10" VPOS="1072" HPOS="281"/>
							<String ID="string_176" HPOS="291" VPOS="1070" WIDTH="43" HEIGHT="27" WC="0.94" CONTENT="ja;"/><SP WIDTH="17" VPOS="1070" HPOS="334"/>
							<String ID="string_177" HPOS="351" VPOS="1070" WIDTH="31" HEIGHT="26" WC="0.97" CONTENT="de,"/><SP WIDTH="16" VPOS="1070" HPOS="382"/>
							<String ID="string_178" HPOS="398" VPOS="1070" WIDTH="35" HEIGHT="20" WC="0.93" CONTENT="det"/><SP WIDTH="14" VPOS="1070" HPOS="433"/>
							<String ID="string_179" HPOS="447" VPOS="1069" WIDTH="46" HEIGHT="21" WC="0.96" CONTENT="icke"/><SP WIDTH="13" VPOS="1069" HPOS="493"/>
							<String ID="string_180" HPOS="506" VPOS="1072" WIDTH="60" HEIGHT="24" WC="0.93" CONTENT="göra,"/><SP WIDTH="15" VPOS="1072" HPOS="566"/>
							<String ID="string_181" HPOS="581" VPOS="1070" WIDTH="60" HEIGHT="20" WC="0.96" CONTENT="rösta"/><SP WIDTH="15" VPOS="1070" HPOS="641"/>
							<String ID="string_182" HPOS="656" VPOS="1070" WIDTH="50" HEIGHT="26" WC="0.95" CONTENT="nej;"/>
						</TextLine>
					</TextBlock>
				</ComposedBlock>
				<ComposedBlock ID="cblock_11" HPOS="108" VPOS="1126" WIDTH="829" HEIGHT="58">
					<TextBlock ID="block_10" HPOS="108" VPOS="1126" WIDTH="829" HEIGHT="58">
						<TextLine ID="line_23" HPOS="177" VPOS="1126" WIDTH="760" HEIGHT="28">
							<String ID="string_183" HPOS="177" VPOS="1128" WIDTH="80" HEIGHT="20" WC="0.91" CONTENT="vinner"/><SP WIDTH="14" VPOS="1128" HPOS="257"/>
							<String ID="string_184" HPOS="271" VPOS="1127" WIDTH="42" HEIGHT="27" WC="0.96" CONTENT="nej,"/><SP WIDTH="16" VPOS="1127" HPOS="313"/>
							<String ID="string_185" HPOS="329" VPOS="1127" WIDTH="43" HEIGHT="21" WC="0.93" CONTENT="har"/><SP WIDTH="15" VPOS="1127" HPOS="372"/>
							<String ID="string_186" HPOS="387" VPOS="1127" WIDTH="87" HEIGHT="21" WC="0.93" CONTENT="ständet"/><SP WIDTH="14" VPOS="1127" HPOS="474"/>
							<String ID="string_187" HPOS="488" VPOS="1126" WIDTH="89" HEIGHT="28" WC="0.96" CONTENT="förenat"/><SP WIDTH="14" VPOS="1126" HPOS="577"/>
							<String ID="string_188" HPOS="591" VPOS="1126" WIDTH="34" HEIGHT="28" WC="0.96" CONTENT="sig"/><SP WIDTH="16" VPOS="1126" HPOS="625"/>
							<String ID="string_189" HPOS="641" VPOS="1134" WIDTH="35" HEIGHT="13" WC="0.96" CONTENT="om"/><SP WIDTH="16" VPOS="1134" HPOS="676"/>
							<String ID="string_190" HPOS="692" VPOS="1127" WIDTH="28" HEIGHT="20" WC="0.92" CONTENT="hr"/><SP WIDTH="18" VPOS="1127" HPOS="720"/>
							<String ID="string_191" HPOS="738" VPOS="1126" WIDTH="138" HEIGHT="22" WC="0.92" CONTENT="Söderholms"/><SP WIDTH="7" VPOS="1126" HPOS="876"/>
							<String ID="string_192" HPOS="883" VPOS="1127" WIDTH="54" HEIGHT="21" WC="0.93" CONTENT="änd-"/>
						</TextLine>
						<TextLine ID="line_24" HPOS="108" VPOS="1156" WIDTH="153" HEIGHT="28">
							<String ID="string_193" HPOS="108" VPOS="1156" WIDTH="153" HEIGHT="28" WC="0.86" CONTENT="ringsförslag."/>
						</TextLine>
					</TextBlock>
				</ComposedBlock>
				<ComposedBlock ID="cblock_12" HPOS="110" VPOS="1213" WIDTH="828" HEIGHT="80">
					<TextBlock ID="block_11" HPOS="110" VPOS="1213" WIDTH="828" HEIGHT="80">
						<TextLine ID="line_25" HPOS="178" VPOS="1213" WIDTH="760" HEIGHT="27">
							<String ID="string_194" HPOS="178" VPOS="1214" WIDTH="95" HEIGHT="21" WC="0.96" CONTENT="Emedan"/><SP WIDTH="17" VPOS="1214" HPOS="273"/>
							<String ID="string_195" HPOS="290" VPOS="1213" WIDTH="163" HEIGHT="27" WC="0.96" CONTENT="propositionen"/><SP WIDTH="14" VPOS="1213" HPOS="453"/>
							<String ID="string_196" HPOS="467" VPOS="1213" WIDTH="128" HEIGHT="21" WC="0.96" CONTENT="besvarades"/><SP WIDTH="12" VPOS="1213" HPOS="595"/>
							<String ID="string_197" HPOS="607" VPOS="1213" WIDTH="48" HEIGHT="21" WC="0.91" CONTENT="med"/><SP WIDTH="11" VPOS="1213" HPOS="655"/>
							<String ID="string_198" HPOS="666" VPOS="1213" WIDTH="156" HEIGHT="27" WC="0.91" CONTENT="öfvervägande"/><SP WIDTH="11" VPOS="1213" HPOS="822"/>
							<String ID="string_199" HPOS="833" VPOS="1214" WIDTH="41" HEIGHT="26" WC="0.96" CONTENT="nej,"/><SP WIDTH="10" VPOS="1214" HPOS="874"/>
							<String ID="string_200" HPOS="884" VPOS="1213" WIDTH="54" HEIGHT="21" WC="0.96" CONTENT="hade"/>
						</TextLine>
						<TextLine ID="line_26" HPOS="110" VPOS="1242" WIDTH="828" HEIGHT="27">
							<String ID="string_201" HPOS="110" VPOS="1243" WIDTH="85" HEIGHT="21" WC="0.92" CONTENT="ståndet"/><SP WIDTH="15" VPOS="1243" HPOS="195"/>
							<String ID="string_202" HPOS="210" VPOS="1242" WIDTH="88" HEIGHT="21" WC="0.91" CONTENT="beslutit"/><SP WIDTH="15" VPOS="1242" HPOS="298"/>
							<String ID="string_203" HPOS="313" VPOS="1244" WIDTH="32" HEIGHT="18" WC="0.96" CONTENT="att"/><SP WIDTH="14" VPOS="1244" HPOS="345"/>
							<String ID="string_204" HPOS="359" VPOS="1242" WIDTH="8" HEIGHT="20" WC="0.96" CONTENT="i"/><SP WIDTH="22" VPOS="1242" HPOS="367"/>
							<String ID="string_205" HPOS="389" VPOS="1242" WIDTH="4" HEIGHT="20" WC="0.92" CONTENT="7"/><SP WIDTH="25" VPOS="1242" HPOS="393"/>
							<String ID="string_206" HPOS="418" VPOS="1242" WIDTH="5" HEIGHT="26" WC="0.90" CONTENT="$"/><SP WIDTH="22" VPOS="1242" HPOS="423"/>
							<String ID="string_207" HPOS="445" VPOS="1242" WIDTH="7" HEIGHT="20" WC="0.96" CONTENT="4"/><SP WIDTH="16" VPOS="1242" HPOS="452"/>
							<String ID="string_208" HPOS="468" VPOS="1248" WIDTH="64" HEIGHT="14" WC="0.96" CONTENT="mom."/><SP WIDTH="15" VPOS="1248" HPOS="532"/>
							<String ID="string_209" HPOS="547" VPOS="1242" WIDTH="7" HEIGHT="20" WC="0.95" CONTENT="i"/><SP WIDTH="15" VPOS="1242" HPOS="554"/>
							<String ID="string_210" HPOS="569" VPOS="1242" WIDTH="41" HEIGHT="21" WC="0.96" CONTENT="den"/><SP WIDTH="17" VPOS="1242" HPOS="610"/>
							<String ID="string_211" HPOS="627" VPOS="1242" WIDTH="93" HEIGHT="21" WC="0.96" CONTENT="svenska"/><SP WIDTH="16" VPOS="1242" HPOS="720"/>
							<String ID="string_212" HPOS="736" VPOS="1244" WIDTH="69" HEIGHT="19" WC="0.96" CONTENT="texten"/><SP WIDTH="15" VPOS="1244" HPOS="805"/>
							<String ID="string_213" HPOS="820" VPOS="1242" WIDTH="74" HEIGHT="27" WC="0.93" CONTENT="utbyta"/><SP WIDTH="10" VPOS="1242" HPOS="894"/>
							<String ID="string_214" HPOS="904" VPOS="1248" WIDTH="34" HEIGHT="15" WC="0.92" CONTENT="or-"/>
						</TextLine>
						<TextLine ID="line_27" HPOS="110" VPOS="1270" WIDTH="485" HEIGHT="23">
							<String ID="string_215" HPOS="110" VPOS="1272" WIDTH="37" HEIGHT="21" WC="0.93" CONTENT="det"/><SP WIDTH="16" VPOS="1272" HPOS="147"/>
							<String ID="string_216" HPOS="163" VPOS="1272" WIDTH="74" HEIGHT="20" WC="0.90" CONTENT="»dess»"/><SP WIDTH="18" VPOS="1272" HPOS="237"/>
							<String ID="string_217" HPOS="255" VPOS="1271" WIDTH="12" HEIGHT="21" WC="0.93" CONTENT="å"/><SP WIDTH="15" VPOS="1271" HPOS="267"/>
							<String ID="string_218" HPOS="282" VPOS="1271" WIDTH="53" HEIGHT="21" WC="0.96" CONTENT="sista"/><SP WIDTH="16" VPOS="1271" HPOS="335"/>
							<String ID="string_219" HPOS="351" VPOS="1270" WIDTH="66" HEIGHT="21" WC="0.96" CONTENT="raden"/><SP WIDTH="16" VPOS="1270" HPOS="417"/>
							<String ID="string_220" HPOS="433" VPOS="1273" WIDTH="58" HEIGHT="18" WC="0.93" CONTENT="emot"/><SP WIDTH="17" VPOS="1273" HPOS="491"/>
							<String ID="string_221" HPOS="508" VPOS="1270" WIDTH="87" HEIGHT="21" WC="0.72" CONTENT="»hans»."/>
						</TextLine>
					</TextBlock>
				</ComposedBlock>
				<ComposedBlock ID="cblock_13" HPOS="111" VPOS="1327" WIDTH="828" HEIGHT="57">
					<TextBlock ID="block_12" HPOS="111" VPOS="1327" WIDTH="828" HEIGHT="57">
						<TextLine ID="line_28" HPOS="180" VPOS="1327" WIDTH="759" HEIGHT="28">
							<String ID="string_222" HPOS="180" VPOS="1328" WIDTH="169" HEIGHT="22" WC="0.91" CONTENT="Vidkommande"/><SP WIDTH="16" VPOS="1328" HPOS="349"/>
							<String ID="string_223" HPOS="365" VPOS="1328" WIDTH="14" HEIGHT="21" WC="0.96" CONTENT="5"/><SP WIDTH="15" VPOS="1328" HPOS="379"/>
							<String ID="string_224" HPOS="394" VPOS="1334" WIDTH="64" HEIGHT="15" WC="0.95" CONTENT="mom."/><SP WIDTH="16" VPOS="1334" HPOS="458"/>
							<String ID="string_225" HPOS="474" VPOS="1327" WIDTH="133" HEIGHT="21" WC="0.96" CONTENT="framställde"/><SP WIDTH="15" VPOS="1327" HPOS="607"/>
							<String ID="string_226" HPOS="622" VPOS="1328" WIDTH="25" HEIGHT="20" WC="0.96" CONTENT="hr"/><SP WIDTH="11" VPOS="1328" HPOS="647"/>
							<String ID="string_227" HPOS="658" VPOS="1328" WIDTH="122" HEIGHT="21" WC="0.96" CONTENT="talmannen"/><SP WIDTH="11" VPOS="1328" HPOS="780"/>
							<String ID="string_228" HPOS="791" VPOS="1328" WIDTH="93" HEIGHT="27" WC="0.93" CONTENT="följande"/><SP WIDTH="10" VPOS="1328" HPOS="884"/>
							<String ID="string_229" HPOS="894" VPOS="1334" WIDTH="45" HEIGHT="15" WC="0.92" CONTENT="om-"/>
						</TextLine>
						<TextLine ID="line_29" HPOS="111" VPOS="1357" WIDTH="256" HEIGHT="27">
							<String ID="string_230" HPOS="111" VPOS="1357" WIDTH="244" HEIGHT="27" WC="0.91" CONTENT="röstningsproposition"/><SP WIDTH="8" VPOS="1357" HPOS="355"/>
							<String ID="string_231" HPOS="363" VPOS="1364" WIDTH="4" HEIGHT="13" WC="0.92" CONTENT=":"/>
						</TextLine>
					</TextBlock>
				</ComposedBlock>
				<ComposedBlock ID="cblock_14" HPOS="113" VPOS="1414" WIDTH="828" HEIGHT="57">
					<TextBlock ID="block_13" HPOS="113" VPOS="1414" WIDTH="828" HEIGHT="57">
						<TextLine ID="line_30" HPOS="181" VPOS="1414" WIDTH="760" HEIGHT="28">
							<String ID="string_232" HPOS="181" VPOS="1415" WIDTH="38" HEIGHT="26" WC="0.93" CONTENT="De,"/><SP WIDTH="23" VPOS="1415" HPOS="219"/>
							<String ID="string_233" HPOS="242" VPOS="1414" WIDTH="75" HEIGHT="21" WC="0.88" CONTENT="hvilka"/><SP WIDTH="20" VPOS="1414" HPOS="317"/>
							<String ID="string_234" HPOS="337" VPOS="1414" WIDTH="120" HEIGHT="27" WC="0.96" CONTENT="godkänna"/><SP WIDTH="14" VPOS="1414" HPOS="457"/>
							<String ID="string_235" HPOS="471" VPOS="1414" WIDTH="114" HEIGHT="21" WC="0.95" CONTENT="utskottets"/><SP WIDTH="14" VPOS="1414" HPOS="585"/>
							<String ID="string_236" HPOS="599" VPOS="1414" WIDTH="84" HEIGHT="27" WC="0.96" CONTENT="förslag"/><SP WIDTH="17" VPOS="1414" HPOS="683"/>
							<String ID="string_237" HPOS="700" VPOS="1414" WIDTH="35" HEIGHT="21" WC="0.93" CONTENT="till"/><SP WIDTH="16" VPOS="1414" HPOS="735"/>
							<String ID="string_238" HPOS="751" VPOS="1414" WIDTH="78" HEIGHT="28" WC="0.96" CONTENT="lydelse"/><SP WIDTH="15" VPOS="1414" HPOS="829"/>
							<String ID="string_239" HPOS="844" VPOS="1414" WIDTH="36" HEIGHT="27" WC="0.96" CONTENT="för"/><SP WIDTH="18" VPOS="1414" HPOS="880"/>
							<String ID="string_240" HPOS="898" VPOS="1416" WIDTH="13" HEIGHT="20" WC="0.92" CONTENT="7"/><SP WIDTH="14" VPOS="1416" HPOS="911"/>
							<String ID="string_241" HPOS="925" VPOS="1414" WIDTH="16" HEIGHT="28" WC="0.75" CONTENT="$"/>
						</TextLine>
						<TextLine ID="line_31" HPOS="113" VPOS="1443" WIDTH="602" HEIGHT="28">
							<String ID="string_242" HPOS="113" VPOS="1446" WIDTH="13" HEIGHT="19" WC="0.95" CONTENT="5"/><SP WIDTH="17" VPOS="1446" HPOS="126"/>
							<String ID="string_243" HPOS="143" VPOS="1451" WIDTH="70" HEIGHT="20" WC="0.68" CONTENT="mom,"/><SP WIDTH="16" VPOS="1451" HPOS="213"/>
							<String ID="string_244" HPOS="229" VPOS="1445" WIDTH="60" HEIGHT="19" WC="0.96" CONTENT="rösta"/><SP WIDTH="9" VPOS="1445" HPOS="289"/>
							<String ID="string_245" HPOS="298" VPOS="1443" WIDTH="41" HEIGHT="26" WC="0.87" CONTENT="ja;"/><SP WIDTH="17" VPOS="1443" HPOS="339"/>
							<String ID="string_246" HPOS="356" VPOS="1443" WIDTH="31" HEIGHT="26" WC="0.96" CONTENT="de,"/><SP WIDTH="16" VPOS="1443" HPOS="387"/>
							<String ID="string_247" HPOS="403" VPOS="1443" WIDTH="36" HEIGHT="20" WC="0.93" CONTENT="det"/><SP WIDTH="15" VPOS="1443" HPOS="439"/>
							<String ID="string_248" HPOS="454" VPOS="1443" WIDTH="44" HEIGHT="20" WC="0.96" CONTENT="icke"/><SP WIDTH="15" VPOS="1443" HPOS="498"/>
							<String ID="string_249" HPOS="513" VPOS="1445" WIDTH="60" HEIGHT="25" WC="0.93" CONTENT="göra,"/><SP WIDTH="16" VPOS="1445" HPOS="573"/>
							<String ID="string_250" HPOS="589" VPOS="1444" WIDTH="60" HEIGHT="19" WC="0.96" CONTENT="rösta"/><SP WIDTH="17" VPOS="1444" HPOS="649"/>
							<String ID="string_251" HPOS="666" VPOS="1443" WIDTH="49" HEIGHT="27" WC="0.96" CONTENT="nej;"/>
						</TextLine>
					</TextBlock>
				</ComposedBlock>
				<ComposedBlock ID="cblock_15" HPOS="112" VPOS="1500" WIDTH="829" HEIGHT="57">
					<TextBlock ID="block_14" HPOS="112" VPOS="1500" WIDTH="829" HEIGHT="57">
						<TextLine ID="line_32" HPOS="181" VPOS="1500" WIDTH="760" HEIGHT="28">
							<String ID="string_252" HPOS="181" VPOS="1501" WIDTH="80" HEIGHT="21" WC="0.92" CONTENT="vinner"/><SP WIDTH="17" VPOS="1501" HPOS="261"/>
							<String ID="string_253" HPOS="278" VPOS="1501" WIDTH="41" HEIGHT="26" WC="0.96" CONTENT="nej,"/><SP WIDTH="16" VPOS="1501" HPOS="319"/>
							<String ID="string_254" HPOS="335" VPOS="1501" WIDTH="42" HEIGHT="20" WC="0.93" CONTENT="har"/><SP WIDTH="14" VPOS="1501" HPOS="377"/>
							<String ID="string_255" HPOS="391" VPOS="1500" WIDTH="87" HEIGHT="21" WC="0.92" CONTENT="ständet"/><SP WIDTH="15" VPOS="1500" HPOS="478"/>
							<String ID="string_256" HPOS="493" VPOS="1500" WIDTH="36" HEIGHT="27" WC="0.91" CONTENT="för"/><SP WIDTH="15" VPOS="1500" HPOS="529"/>
							<String ID="string_257" HPOS="544" VPOS="1500" WIDTH="58" HEIGHT="21" WC="0.96" CONTENT="detta"/><SP WIDTH="15" VPOS="1500" HPOS="602"/>
							<String ID="string_258" HPOS="617" VPOS="1507" WIDTH="66" HEIGHT="14" WC="0.93" CONTENT="mom."/><SP WIDTH="12" VPOS="1507" HPOS="683"/>
							<String ID="string_259" HPOS="695" VPOS="1500" WIDTH="95" HEIGHT="27" WC="0.92" CONTENT="godkänt"/><SP WIDTH="14" VPOS="1500" HPOS="790"/>
							<String ID="string_260" HPOS="804" VPOS="1501" WIDTH="42" HEIGHT="20" WC="0.93" CONTENT="den"/><SP WIDTH="16" VPOS="1501" HPOS="846"/>
							<String ID="string_261" HPOS="862" VPOS="1501" WIDTH="79" HEIGHT="27" WC="0.92" CONTENT="lydelse"/>
						</TextLine>
						<TextLine ID="line_33" HPOS="112" VPOS="1529" WIDTH="305" HEIGHT="28">
							<String ID="string_262" HPOS="112" VPOS="1531" WIDTH="28" HEIGHT="20" WC="0.95" CONTENT="hr"/><SP WIDTH="17" VPOS="1531" HPOS="140"/>
							<String ID="string_263" HPOS="157" VPOS="1530" WIDTH="126" HEIGHT="21" WC="0.93" CONTENT="Söderholm"/><SP WIDTH="15" VPOS="1530" HPOS="283"/>
							<String ID="string_264" HPOS="298" VPOS="1529" WIDTH="119" HEIGHT="28" WC="0.92" CONTENT="föreslagit."/>
						</TextLine>
					</TextBlock>
				</ComposedBlock>
			</PrintSpace>
		</Page>
	</Layout>
</alto>
