1100 1798
186 159 56 21 1076
372 164 250 20 Styrelseledamöternas
635 162 187 22 ämbetsåtgärder.
846 164 27 16 10
886 164 128 20 september.

184 234 50 21 tade
250 233 164 22 föreskrifterna
428 233 7 20 i
450 233 68 26 lagen,
534 234 23 19 är
572 232 22 21 af
603 238 45 15 mer
662 231 103 22 teoretisk
776 232 111 26 hetydelse
898 234 26 19 än
936 231 23 22 af
967 233 49 20 rent

184 262 104 27 praktisk.
318 262 44 26 Jag
385 263 44 19 tror
444 261 77 24 därför,
545 263 31 18 att
599 261 36 20 det
658 266 51 15 vore
727 260 101 27 riktigare
843 263 33 19 att
892 267 29 15 nu
936 262 80 25 antaga

183 291 63 27 lagen
264 291 6 20 i
286 291 59 20 detta
360 289 105 25 afseende,
482 289 65 22 sådan
564 289 40 21 den
616 288 85 21 blifvit
696 284 13 38 i
714 289 162 26 propositionen
889 289 127 24 framställd,

185 319 55 22 dock
264 318 48 22 med
336 318 97 27 tillägget
452 317 132 22 beträffande
599 317 150 27 prokuratorn,
766 317 70 21 såsom
853 317 161 22 reservationen

184 348 31 21 till
241 347 236 28 grundlagsutskottets
502 346 134 21 betänkande
658 345 123 22 innehåller,
799 347 26 19 än
841 348 33 19 att
890 352 78 21 genom
984 348 31 19 ett

185 377 75 26 längre
276 376 83 27 gående
374 375 94 27 yrkande
483 374 110 27 äfventyra
608 374 74 27 lagens
693 374 155 26 godkännande
860 374 23 21 af
892 374 123 21 monarken.

185 405 34 21 Då
242 404 70 21 därtill
334 404 102 25 kommer,
452 405 32 19 att
499 403 25 21 R.
539 409 19 15 o.
573 403 25 20 A.
614 402 71 21 beslut
700 402 23 21 af
737 403 68 20 denna
821 403 42 26 dag
878 403 90 21 innebär
984 405 31 18 ett

185 434 99 26 uppdrag
299 433 22 20 åt
338 431 224 28 grundlagsutskottet
584 433 31 19 att
635 431 118 20 framställa
768 431 99 21 anhållan
884 438 34 14 om
935 437 79 21 propo-

184 462 66 21 sition
267 461 31 21 till
321 463 63 19 nästa
406 461 102 25 landtdag
530 459 130 22 beträffande
684 459 177 27 ansvarighetens
878 459 136 28 tillämpning

181 490 82 27 jämväl
285 490 27 27 på
335 489 300 21 ministerstatssekreteraren
660 487 40 22 och
716 488 53 21 hans
785 488 87 27 adjoint,
890 489 24 20 så
929 495 35 14 ser
976 488 39 27 jag

184 519 47 20 häri
254 525 24 14 en
302 517 124 28 ytterligare
448 517 116 26 anledning
587 516 30 21 till
641 518 31 19 att
688 516 71 21 bifalla
774 516 25 21 R.
815 523 19 14 o.
850 517 38 21 A:s
904 517 110 26 inbjudan.

183 548 43 26 Jag
250 547 37 21 ber
303 546 73 22 därför
398 545 22 22 få
437 545 83 25 föreslå,
536 547 32 19 att
584 545 70 21 denna
668 545 102 26 inbjudan
787 545 22 20 af
823 545 87 21 ståndet
925 545 32 21 till
973 545 41 21 alla

184 576 60 21 delar
258 578 89 24 antages
372 576 55 19 samt
442 576 31 19 att
487 573 75 28 frågan
584 573 103 27 därjämte
702 573 121 21 remitteras
838 573 32 22 till
886 574 128 27 grundlags-

185 605 106 20 utskottet
313 603 49 21 med
386 603 98 26 uppdrag
506 605 31 18 att
559 601 118 22 framställa
692 601 81 27 förslag
787 602 111 26 angående
914 602 99 21 anhållan

184 639 35 15 om
237 633 64 26 nådig
316 631 133 28 proposition
466 631 7 21 i
488 631 75 26 antydt
578 630 54 27 syfte
648 630 31 21 till
695 632 61 19 nästa
771 630 109 27 landtdag.

254 691 33 20 Hr
303 689 109 22 Polön:
437 688 111 21 Edellinen
565 688 80 27 puhuja
660 694 27 15 on
698 688 24 26 jo
735 688 123 27 pääasiassa
870 688 82 27 ehtinyt
963 689 49 21 esit-

184 721 85 19 tämään
294 724 27 15 ne
344 720 53 24 syyt,
417 717 73 27 joiden
506 717 78 26 nojalla
600 717 43 20 olin
659 716 88 21 aikonut
763 716 101 22 kehottaa
879 719 73 25 säätyä
967 717 45 22 luo-

184 753 93 22 pumaan
293 747 103 20 entisestä
419 746 164 26 päätöksestään
597 745 23 27 ja
635 745 113 26 yhtymään
765 745 110 21 ritariston
889 745 23 26 ja
934 746 77 21 aatelin

184 775 161 25 kehoitukseen,
358 774 67 27 jonka
440 774 78 21 vuoksi
533 774 79 21 toistan
628 779 38 16 sen
683 780 73 14 saman
769 773 24 27 ja
803 774 90 27 pyydän,
909 776 44 19 että
964 774 48 21 kut-

184 811 57 15 suun
257 803 145 28 yhdyttäisiin.

254 861 33 22 Hr
303 859 256 28 Schybergson:I
577 861 91 19 motsats
684 859 31 21 till
731 859 26 21 de
772 859 130 27 föregående
917 860 95 21 talarena

183 897 65 15 anser
261 891 42 26 jag,
319 892 32 18 att
366 888 223 27 ansvarighetslagens
606 888 134 26 tillämpning
750 888 27 27 pä
787 888 225 22 ministerstatssekre-

184 922 85 18 teraren
293 918 116 27 ingalunda
434 923 50 21 eger
504 923 25 15 en
552 916 136 22 uteslutande
708 917 102 21 teoretisk
825 917 117 27 betydelse.
970 918 43 26 Jag

184 950 53 23 tror,
252 950 32 19 att
299 953 48 15 man
365 946 65 26 nägot
446 945 161 27 missuppfattat
623 945 315 22 ministerstatssekreterarens
954 946 58 21 ställ-

185 977 57 26 ning,
258 978 22 25 ty
295 975 42 21 han
353 976 23 19 är
391 974 46 21 icke
453 974 54 21 blott
522 974 136 26 föredragare
673 974 7 20 i
696 974 40 20 den
748 974 92 26 mening,
853 977 32 18 att
895 974 41 21 han
948 974 64 22 fram-

184 1005 79 21 ställer.
274 1003 114 28 kejserliga
404 1005 99 19 senatens
522 1002 39 22 och
572 1002 234 27 generalguvernörens
819 1002 82 28 förslag
909 1002 33 22 för
950 1003 62 21 Hans

184 1034 107 26 Majestät,
305 1034 53 19 utan
375 1032 26 20 de
416 1034 68 22 noter,
499 1031 72 21 hvilka
585 1030 33 22 för
634 1030 53 22 hans
703 1030 91 27 räkning
809 1031 110 21 utarbetas
935 1032 40 20 och
990 1032 24 20 af

186 1062 80 21 honom
288 1061 120 25 töreläggas
429 1060 123 25 monarken,
567 1059 106 21 innehälla
688 1059 131 21 ätminstone
833 1060 7 20 i
858 1060 103 25 viktigare
976 1060 36 21 fall

185 1090 124 22 uttalanden
325 1088 23 22 af
362 1088 314 22 ministerstatssekreterarens
692 1094 53 20 egen
759 1088 90 27 mening,
861 1088 39 22 och
916 1089 6 21 i
936 1088 76 28 själfva

184 1119 77 21 värket
275 1121 24 19 är
315 1118 36 21 det
370 1117 47 25 han,
440 1123 47 15 som
510 1117 90 21 sälunda
623 1116 40 21 blir
679 1117 102 24 minister,
797 1116 47 26 han,
861 1124 46 14 som
924 1116 87 22 framför

183 1148 40 21 allt
238 1148 67 20 borde
320 1152 52 15 vara
387 1146 40 21 den
443 1146 119 26 ansvariga.
591 1146 43 26 Jag
648 1145 33 21 för
697 1145 42 21 min
756 1145 39 25 del,
811 1146 72 21 säsom
896 1146 38 26 jag
949 1146 62 21 äfven

185 1176 93 27 antydde
293 1176 35 20 vid
344 1177 31 19 ett
393 1174 128 27 föregäende
542 1174 93 27 plenum,
658 1180 64 14 anser
738 1174 47 20 hela
800 1174 211 27 ansvarighetslagen

183 1205 82 21 förlora
280 1211 25 15 en
323 1203 106 27 väsentlig
448 1203 34 21 del
498 1202 22 22 af
534 1203 32 21 sin
583 1202 115 27 betydelse,
713 1202 7 21 i
735 1202 36 21 fall
787 1203 164 27 ansvarigheten
966 1203 46 21 icke

186 1233 120 22 utsträckes
329 1232 32 21 till
384 1231 300 21 ministerstatssekreteraren
700 1230 39 22 och
757 1231 53 21 hans
826 1231 88 27 adjoint,
926 1232 28 26 ja,
971 1232 40 20 den

185 1262 91 21 förlorar
291 1262 24 21 sä
330 1260 84 28 mycket
429 1260 23 21 af
465 1260 32 21 sin
514 1260 114 27 betydelse,
644 1261 32 20 att
684 1259 38 28 jag
732 1259 45 22 icke
787 1266 64 15 anser
862 1260 76 27 själfva
950 1260 61 27 lagen

184 1291 91 22 sälunda
299 1289 87 22 affattad
409 1295 45 15 mer
476 1288 63 22 hafva
563 1289 36 21 det
622 1289 70 27 värde,
708 1291 32 18 att
752 1288 38 27 jag
804 1291 23 18 är
842 1289 118 27 angelägen
977 1295 35 15 om

184 1322 34 19 att
240 1319 31 22 till
287 1319 124 22 densamma
429 1317 119 22 medvärka.
579 1317 33 22 Hr
628 1313 84 25 Öhman
728 1317 39 21 har
783 1320 52 24 sagt,
852 1320 31 19 att
898 1318 25 21 R.
939 1324 19 15 o.
973 1318 39 21 A:s

185 1348 81 27 förslag
288 1349 32 20 att
340 1347 126 21 kombinera
488 1346 50 21 dess
561 1346 71 21 beslut
648 1346 48 21 med
712 1345 97 22 anhällan
826 1353 34 14 om
876 1347 136 27 proposition

185 1377 33 22 till
233 1383 26 15 en
275 1375 93 28 följande
384 1375 100 26 landtdag
499 1375 110 27 angäende
624 1375 177 26 ansvarighetens
817 1375 149 27 utsträckning
981 1375 31 21 till

185 1403 303 30 ministerstatssekreteraren
505 1409 51 16 vore
572 1403 78 27 egnadt
661 1405 31 19 att
703 1403 115 21 medvärka
826 1403 38 26 till,
872 1405 32 20 att
912 1403 100 27 borgare-

184 1434 88 21 ständet
287 1440 29 15 nu
332 1432 69 21 skulle
416 1432 67 21 ändra
498 1432 34 21 sin
550 1431 61 22 äsikt.
632 1432 42 21 För
690 1432 42 21 min
749 1431 34 22 del
798 1432 40 21 kan
847 1432 39 27 jag
896 1432 46 21 icke
949 1431 64 27 finna,

186 1465 32 19 att
240 1463 59 21 detta
320 1460 168 28 tilläggsförslag
510 1461 41 21 kan
575 1460 65 21 värka
663 1460 70 21 säsom
750 1461 65 26 nägot
830 1461 182 26 samvetspläster.

187 1491 81 28 Själfva
289 1491 65 21 saken
378 1489 51 21 eller
450 1491 31 19 att
504 1492 33 18 tre
553 1489 61 21 ständ
632 1489 68 21 önska
715 1489 177 27 ansvarighetens
907 1489 106 22 utsträck-

186 1521 53 26 ning
253 1520 32 21 till
299 1518 303 22 ministerstatssekreteraren
624 1517 94 27 framgär
730 1518 25 27 ju
771 1524 77 21 genom
864 1519 27 20 de
906 1518 72 21 beslut
993 1518 21 21 vi

186 1549 66 21 redan
275 1548 68 21 fattat.
374 1547 41 20 Det
437 1546 93 27 framgär
559 1546 23 21 af
602 1547 24 21 R.
652 1553 19 14 o.
696 1546 36 21 A:s
758 1547 109 26 inbjudan,
893 1549 31 19 att
948 1547 66 21 ocksä
