1114 2339
201 426 41 21 910
388 430 249 21 Styrelseledamöternas
650 429 188 21 ämbetsåtgärder.
898 431 28 17 30
940 431 92 21 augusti.

201 500 143 22 omförmälda
367 499 93 27 lottning
482 499 68 21 skulle
573 498 37 22 ske
634 498 35 21 vid
689 498 40 22 den
746 498 104 22 domstols
867 500 166 25 sammanträde,

201 530 37 20 där
254 529 42 21 den
313 528 107 22 särskilda
435 528 131 20 domstolens
583 527 129 21 ordförande
728 527 51 27 eljes
795 528 143 26 presiderade.

271 602 72 21 Sedan
367 601 31 21 till
413 601 130 27 protokollet
558 601 131 26 antecknats,
705 603 32 19 att
751 601 25 21 hr
792 601 110 22 Walldéns
918 603 114 26 ändrings-

201 630 84 33 förslag
303 631 37 21 vid
364 631 69 20 denna
456 630 80 27 utgång
557 629 23 22 af
593 630 162 27 omröstningen
767 629 92 27 förfallit,
877 631 124 26 godkändes
1019 632 10 19 1

201 666 64 14 mom.
280 660 6 20 i
302 659 67 26 öfrigt
391 659 48 20 med
458 659 39 20 den
514 658 22 21 af
549 658 25 21 hr
590 658 89 21 Renvall
695 658 120 33 föreslagna
830 659 164 28 korrigeringen
1010 659 23 21 af

202 688 40 21 den
265 687 71 22 finska
358 690 76 21 texten,
456 690 31 18 att
503 687 73 26 början
592 686 23 21 af
628 687 52 20 sista
696 687 112 26 meningen
823 687 86 22 komme
925 691 32 19 att
972 688 58 27 lyda:

204 716 198 27 »Puheenjohtajan
418 715 56 21 tulee
490 715 82 21 kahden
586 715 153 26 jäävittömän»
757 721 17 15 o.
791 722 16 15 s.
823 723 18 14 v.

270 790 138 22 Beträffande
431 791 13 20 2
467 796 63 15 mom.
546 790 22 21 af
582 791 12 25 $
610 790 13 20 8
639 790 158 21 öfverlämnade
819 790 25 22 hr
860 791 123 22 talmannen
999 792 31 20 till

202 820 96 21 ständets
315 819 134 21 besvarande
464 818 92 27 följande
572 818 315 27 omröstningspropositioner
877 814 13 35 :

272 894 41 27 1:0)
330 893 40 25 De,
387 893 74 21 hvilka
477 893 35 21 till
527 892 216 28 kontraproposition
759 895 44 19 mot
818 894 113 21 utskottets
946 894 85 28 förslag

203 923 34 21 till
252 923 80 27 lydelse
356 922 36 27 för
412 923 14 19 8
446 922 15 26 $
483 922 15 20 2
517 928 65 14 mom.
604 921 55 27 vilja
676 923 82 25 antaga
773 922 42 20 den
831 922 84 32 lydelse,
931 930 48 14 som
994 923 38 32 för

202 952 89 20 berörda
314 958 66 13 mom.
401 950 124 27 föreslagits
542 950 10 20 i
569 950 42 20 den
632 950 83 27 nädiga
729 950 173 28 propositionen,
917 953 60 19 rösta
987 952 42 27 ja;

201 980 31 21 de.
246 980 35 21 det
296 980 46 20 icke
358 979 60 27 vilja,
434 980 59 20 rösta
508 978 47 28 nej;

271 1054 79 20 vinner
373 1053 42 27 nej,
439 1052 41 21 har
502 1052 86 22 ståndet
608 1052 9 21 i
632 1052 82 21 sådant
735 1052 100 28 afseende
858 1053 121 28 föredragit
1003 1054 27 21 hr

203 1083 139 21 Söderholms
357 1082 89 26 förslag.

270 1150 167 28 Propositionen
454 1150 127 21 besvarades
597 1150 49 20 med
662 1149 155 27 öfvervägande
829 1150 28 27 ja.

270 1220 42 26 2:0)
329 1219 39 25 De,
387 1219 73 21 hvilka
480 1219 118 27 godkänna
619 1219 113 21 utskottets
747 1219 82 27 förslag
846 1220 35 20 till
897 1220 79 28 lydelse
991 1222 37 26 för

203 1250 14 20 8
232 1249 14 27 $
262 1249 16 20 2
293 1255 75 18 mom.,
384 1249 59 19 rösta
457 1248 35 26 ja;
508 1248 32 26 de,
554 1248 36 20 det
604 1247 46 21 icke
664 1250 60 24 göra,
740 1250 58 18 rösta
813 1248 48 27 nej;

268 1323 80 20 vinner
370 1322 41 27 nej,
432 1321 43 21 har
488 1321 88 21 ståndet
590 1321 36 33 för
641 1329 65 14 mom.
721 1322 86 27 antagit
822 1323 43 20 den
881 1323 85 28 lydelse,
982 1331 49 14 som

200 1351 123 28 föreslagits
338 1350 10 21 i
363 1351 41 20 den
420 1350 83 27 nådiga
516 1350 174 28 propositionen.

270 1427 41 21 Vid
333 1425 117 22 värkställd
466 1426 99 26 votering
580 1425 129 22 besvarades
725 1427 160 26 propositionen
901 1427 50 21 med
966 1428 27 21 28
1006 1428 24 26 ja

202 1457 37 21 och
264 1456 26 21 41
313 1455 42 27 nej,
378 1455 39 20 och
438 1454 54 21 hade
514 1455 86 20 ståndet
615 1454 83 21 således
713 1454 32 21 för
768 1455 5 20 2
789 1461 63 15 mom.
867 1456 7 20 i
890 1456 12 27 8
918 1456 13 21 8
947 1457 82 26 antagit

202 1485 40 22 den
258 1485 87 27 lydelse,
361 1489 46 15 som
423 1483 121 27 föreslagits
559 1483 7 21 i
582 1483 77 28 nådiga
674 1484 167 26 propositionen.

270 1555 27 25 88
312 1553 19 26 9,
349 1553 33 26 10,
400 1553 24 20 11
441 1552 39 22 och
497 1552 27 21 12
540 1554 55 20 samt
610 1552 149 27 lagförslagets
774 1553 75 21 rubrik
864 1553 110 22 äfvensom
988 1554 40 21 den

202 1583 60 26 kläm,
279 1589 45 15 som
341 1581 94 27 föregick
450 1581 109 26 rubriken,
575 1581 124 27 godkändes
717 1584 49 18 utan
783 1582 128 21 diskussion.

271 1755 121 26 Föredrogs
415 1754 152 27 lagutskottets
590 1754 36 21 vid
650 1756 85 19 senaste
757 1754 86 27 plenum
861 1755 116 27 bordlagda
993 1756 36 20 be-

202 1784 106 22 tänkande
330 1789 36 15 n:o
381 1783 13 21 3
410 1783 6 21 i
432 1783 116 27 anledning
570 1782 22 22 af
613 1783 61 21 Hans
691 1783 119 27 Kejserliga
825 1784 111 26 Majestäts
952 1784 78 27 nådiga

202 1813 133 27 proposition
351 1818 35 14 n:o
400 1812 27 20 15
438 1818 34 15 om
484 1811 40 28 lag
534 1811 126 28 angående
669 1811 125 22 allmänna
802 1812 227 23 sammankomster.
