1123 1773
96 123 25 17 14
130 123 53 20 juni,
369 114 286 33 Kommunikationsfonden.
885 117 42 21 697

96 191 66 28 tryck,
178 191 71 21 hvilka
269 190 105 22 hvardera
388 190 55 21 varit
458 190 81 26 egnade
554 192 32 19 att
603 190 3 20 i
623 190 72 26 grund
710 191 69 21 rubba
794 191 37 21 det
847 191 80 21 ekono-

97 220 69 22 miska
180 219 59 22 lifvet
255 219 39 21 och
309 218 90 22 sålunda
414 218 83 27 påkalla
511 218 148 27 tillgripandet
674 218 22 22 af
705 225 103 20 reserver,
819 219 38 21 har
867 220 61 21 detta

96 248 46 22 icke
157 248 90 21 allenast
262 248 18 26 ej
297 247 55 21 varit
366 246 63 26 fallet,
446 249 50 19 utan
512 247 27 21 ha
554 249 94 19 tvärtom
660 248 141 21 statsvärkets
813 248 114 27 tillgångar

97 276 61 22 äfven
174 276 69 21 under
258 276 123 22 ofärdsåren
397 276 65 20 vuxit.
488 276 74 21 Under
572 276 81 20 sådana
664 276 183 27 omständigheter
857 277 70 21 måste

97 312 47 14 man
169 304 146 27 ovillkorligen
331 304 60 27 fråga
405 304 39 26 sig,
460 304 105 21 huruvida
581 304 36 21 det
632 310 91 16 numera
739 304 41 22 kan
795 311 64 15 anses
875 312 52 14 vara

96 334 49 21 med
161 339 26 15 en
203 333 49 21 klok
267 332 145 28 finanspolitik
426 332 101 27 förenligt
542 334 32 20 att
588 332 86 28 placera
685 333 23 21 så
719 337 59 18 stora
788 334 77 27 belopp
878 340 47 15 som

96 363 29 21 50
139 362 99 26 miljoner
254 362 59 21 mark
328 362 6 20 i
351 361 113 21 utländska
480 362 151 26 värdepapper,
643 364 22 24 ty
681 362 64 22 dessa
760 362 68 21 medel
841 363 83 21 undan-

95 391 67 21 hållas
177 390 89 22 faktiskt
280 390 77 23 landet,
368 396 46 15 som
430 390 76 21 endast
521 390 93 26 åtnjuter
630 396 27 15 en
669 390 36 27 låg
714 393 62 19 ränta
786 391 12 21 å
811 391 115 26 desamma,

96 420 38 20 och
150 419 77 24 därtill,
237 425 62 20 synes
315 419 36 21 det
366 419 49 26 mig,
431 418 27 21 ha
473 418 20 21 vi
509 418 17 27 ej
544 418 44 21 råd.
612 419 74 26 Lägga
701 420 21 20 vi
733 419 75 26 härtill,
819 422 32 19 att
861 422 64 19 stats-

96 447 76 21 värket
194 447 110 27 samtidigt
326 448 7 20 i
352 447 95 21 utlandet
463 447 99 26 upptagit
576 447 34 20 lån
626 447 33 21 till
675 450 31 18 ett
722 448 77 26 belopp
815 447 22 22 af
851 454 16 15 c.
884 448 42 21 140

96 476 98 27 miljoner
210 476 60 21 mark
285 477 46 20 mot
345 475 130 21 åtminstone
490 475 45 22 icke
550 475 59 27 lägre
624 477 69 24 ränta,
704 476 106 21 förefaller
826 477 36 20 det
878 477 47 20 hela

95 511 90 14 numera
204 505 95 20 absurdt.
325 504 70 21 Dessa
409 504 28 21 50
452 504 98 27 miljoner
566 505 52 20 böra
633 505 150 26 ovillkorligen
799 505 73 21 kunna
887 511 37 15 an-

95 533 81 21 vändas
198 533 28 26 på
248 535 31 19 ett
301 533 32 20 för
356 533 71 21 landet
450 539 59 14 mera
528 532 126 27 produktivt
676 535 49 24 sätt,
741 533 38 22 och
802 540 63 20 synes
880 534 46 27 mig

95 561 41 21 den
152 562 61 20 bästa
228 561 163 27 användningen
406 561 33 21 för
455 561 47 21 dem
518 568 57 19 vara,
590 563 32 19 att
637 561 27 22 de
679 562 72 21 anslås
767 562 31 21 till
811 562 114 27 järnvägs-

94 590 105 21 ändamål.

164 619 10 20 I
190 619 77 26 nådiga
283 619 160 26 propositionen
459 619 111 26 angående
580 618 278 22 kommunikationsfonden
869 619 55 21 före-

94 647 49 26 slås,
159 649 31 19 att
213 647 116 21 ständerna
350 647 33 21 för
405 647 108 27 reglering
536 647 22 21 af
580 647 108 27 budgeten
713 647 66 22 måtte
797 648 128 27 bemyndiga

93 676 127 26 regeringen
233 678 31 19 att
275 676 68 21 under
353 675 179 27 finansperioden,
543 677 39 19 när
595 682 104 21 gynnsam
712 676 101 27 tidpunkt
823 676 101 26 inträffar,

93 703 33 22 för
138 704 203 27 järnvägsändamål
357 707 94 24 upptaga
467 707 31 18 ett
513 705 41 20 lån.
584 705 11 20 I
611 705 156 26 sammanhang
782 705 88 21 härmed
885 705 40 21 har

94 733 61 21 Hans
178 733 105 26 Majestät,
299 733 68 21 under
381 733 156 26 förutsättning
551 735 33 19 att
598 739 26 15 en
641 733 30 21 tid
687 733 84 21 förflöte
785 734 65 21 innan
866 733 59 22 lånet

93 761 73 21 kunde
189 761 173 27 uppnegocieras,
386 761 135 28 bemyndigat
543 765 89 18 senaten
654 764 33 19 att
707 761 47 22 från
778 762 147 21 statsfondens

94 790 121 27 disponibla
230 790 113 27 tillgångar
359 790 30 21 till
405 789 277 22 kommunikationsfonden
699 790 106 22 öfverföra
817 791 107 21 erforder-

93 818 43 27 liga
158 819 77 26 belopp
259 819 70 21 såsom
354 819 98 24 förskott,
475 819 71 21 hvilka
571 819 54 21 dock
651 819 54 21 efter
727 819 102 27 pröfning
851 819 74 22 kunde

92 847 102 26 antingen
216 847 67 21 delvis
303 847 51 21 eller
369 847 44 21 helt
429 847 39 22 och
484 847 64 22 hället
563 847 31 21 till
610 848 109 26 sistsagda
734 847 51 22 fond
801 848 122 21 öfverföras.

94 875 50 21 Man
168 875 72 28 tyckes
256 876 89 21 sålunda
361 875 61 22 äfven
438 876 58 21 inom
512 876 128 27 regeringen
657 883 51 15 vara
723 876 22 22 af
759 877 40 21 den
815 877 61 25 åsikt,
891 879 32 19 att

94 904 160 22 statsfonderna
276 904 73 22 kunna
370 904 33 22 för
415 905 203 27 järnvägsändamäl
634 905 69 21 delvis
718 906 110 26 tilleripas,
844 906 40 21 och
899 908 24 19 är

94 933 36 21 det
152 933 33 21 väl
208 933 113 27 själffallet,
337 935 31 19 att
390 934 58 20 detta
468 934 38 20 bör
522 934 37 20 ske
576 940 77 20 genom
669 934 126 27 realisering
809 934 23 22 af
845 941 27 15 en
888 934 34 22 del

94 962 114 21 utländska
223 962 147 27 obligationer.
393 962 45 27 Mig
453 968 70 21 synes,
533 965 32 18 att
581 962 70 21 denna
666 963 126 26 realisering
807 963 67 21 borde
889 965 34 19 ut-

94 990 96 21 sträckas
212 991 55 20 ända
288 990 87 26 därhän,
390 993 31 18 att
443 991 98 26 samtltga
561 991 51 20 eller
628 991 131 22 åtminstone
775 993 70 20 större
860 992 62 21 delen

93 1018 23 21 af
129 1019 115 21 utländska
259 1019 142 26 obligationer
416 1019 117 22 öfverföras
549 1019 32 21 till
596 1019 277 22 kommunikationsfonden
889 1020 35 21 för

93 1049 31 19 att
140 1047 133 27 smäningom
289 1048 7 20 i
313 1048 47 21 män
376 1047 23 22 af
407 1048 66 21 behof
481 1048 52 21 eller
543 1048 35 21 vid
594 1048 52 27 eljes
663 1055 103 20 gynnsam
779 1049 101 27 tidpunkt
889 1048 34 22 för

90 1075 203 27 järnvägsändamäl
309 1077 119 20 realiseras.

163 1104 83 21 Genom
269 1107 31 19 att
321 1105 63 21 dessa
405 1105 142 22 statsvärkets
563 1105 114 27 tillgångar
693 1106 90 21 sålunda
799 1106 124 27 placerades

92 1133 7 21 i
114 1133 52 21 vära
178 1133 117 27 järnvägar
316 1133 73 22 kunna
407 1134 51 21 vära
473 1133 94 22 finanser
583 1135 27 26 pä
624 1135 55 20 intet
695 1137 43 18 sätt
753 1141 64 15 anses
833 1135 89 22 försäm-

92 1161 57 26 rade,
170 1164 51 19 utan
237 1162 52 21 böra
305 1163 128 26 exempelvis
449 1169 41 20 nya
505 1163 89 21 statslän
611 1163 27 21 ha
653 1163 42 21 lika
711 1166 59 19 stora
785 1164 90 21 utsikter
891 1166 32 19 att

91 1190 79 27 lyckas,
184 1197 46 14 som
253 1197 34 14 om
309 1191 84 21 medlen
409 1191 117 21 bibehällas
541 1191 123 22 fonderade.
695 1192 45 27 Mig
755 1199 63 20 synes
834 1193 32 21 till
882 1193 39 21 och

92 1219 54 26 med,
162 1221 31 19 att
208 1219 64 22 dessa
287 1219 69 22 medel
371 1221 37 20 äro
425 1220 88 21 säkrare
528 1220 112 27 placerade
655 1221 7 20 i
677 1221 51 21 vära
741 1221 115 27 järnvägar
872 1223 26 19 än
914 1222 7 20 i

91 1247 40 21 lätt
150 1247 140 22 realiserbara
312 1248 39 21 och
374 1249 90 20 sälunda
487 1248 62 21 äfven
572 1249 40 21 lätt
634 1249 116 27 ätkomliga
774 1250 147 27 obligationer,

90 1275 88 22 hvarför
200 1276 62 21 äfven
280 1276 162 28 försiktigheten
459 1277 62 27 bjöde
538 1280 31 18 ett
585 1277 170 22 säkerställande
770 1278 23 21 af
806 1279 115 21 desamma.

161 1305 34 21 Dä
210 1311 28 15 nu
255 1306 116 21 ständerna
386 1306 118 21 emellertid
520 1306 17 26 ej
555 1312 41 21 ega
611 1307 186 26 dispositionsrätt
811 1307 32 22 till
859 1308 64 21 dessa

91 1333 142 22 statsvärkets
249 1334 118 27 tillgängar,
378 1335 62 20 torde
456 1335 26 20 de
498 1335 17 26 ej
533 1334 73 21 kunna
621 1337 65 20 annat
701 1337 27 20 än
744 1336 67 21 uttala
821 1337 33 20 sin
866 1336 56 21 äsikt

91 1368 35 15 om
142 1362 62 21 deras
221 1363 144 25 användande,
377 1363 39 21 och
431 1363 78 21 tilläter
523 1363 38 27 jag
574 1364 45 26 mig
629 1363 76 27 därför,
716 1364 28 27 pä
755 1365 69 26 grund
835 1365 20 21 af
865 1365 57 21 hvad

88 1391 38 26 jag
142 1391 39 20 här
196 1391 45 21 haft
257 1393 50 19 äran
323 1391 116 26 framhälla,
455 1391 33 22 för
504 1392 179 27 borgareständet
698 1393 84 25 föreslä,
793 1395 31 20 att
835 1394 86 21 ständet

90 1419 50 21 ville
155 1419 84 22 besluta
255 1422 32 19 att
301 1420 32 21 till
350 1421 115 20 utskottets
481 1421 57 20 kläm
553 1427 35 14 n:o
605 1422 10 19 1
633 1423 52 25 göra
699 1421 94 28 följande
808 1422 85 27 tillägg:

160 1451 32 18 att
207 1449 68 20 under
291 1449 109 21 uttalande
415 1449 23 21 af
451 1449 33 21 sin
498 1449 61 22 äsikt.
570 1451 32 20 att
616 1451 128 26 regeringen
760 1451 38 20 bör
813 1451 7 20 i
832 1450 89 22 främsta

90 1480 94 17 rummet
198 1476 33 21 för
244 1477 201 26 järnvägsändamäl
461 1478 98 21 använda
575 1478 6 21 i
598 1479 141 21 statsvärkets
754 1479 76 22 fonder
847 1479 74 21 befint-

89 1505 43 26 liga
147 1505 7 21 i
170 1505 114 21 utländska
299 1506 142 26 obligationer
452 1506 112 27 placerade
575 1506 74 26 medel,
660 1506 22 22 af
691 1507 70 21 hvilka
772 1508 70 21 därför
853 1510 69 19 större
