1123 1775
80 134 29 18 20
118 134 54 20 juni.
339 134 151 21 Laglighetens
503 133 159 19 återställande.
874 131 42 22 753

152 230 57 22 Från
226 230 143 28 lagutskottet
384 231 55 22 hade
454 232 89 22 anländt
558 238 26 16 en
601 232 118 28 sålydande
734 233 123 23 skrifvelse:

165 304 117 20 FINLANDS
295 301 120 24 STÄNDERS

145 344 288 52 LAGUTSKOTT.

226 373 40 37 —
279 373 63 37 ne

195 405 178 37 HELSINGFORS,
519 409 39 22 Till
574 409 107 28 vällofliga
697 410 183 28 borgareståndet.

182 451 35 18 den
228 452 27 17 26
266 452 47 23 juni
330 452 56 18 1906.

249 492 36 18 N:o
299 492 27 18 19.

147 572 86 23 Härhos
249 572 32 23 får
296 574 107 22 utskottet
417 575 112 22 vördsamt
544 576 103 27 meddela,
663 579 32 20 att
710 577 34 22 vid
757 577 153 30 föredragning

76 601 8 22 i
100 601 90 22 stånden
213 601 23 22 af
256 602 153 27 lagutskottets
431 604 136 22 betänkande
588 611 34 16 n:o
647 606 11 20 1
678 607 111 26 angående
805 608 104 22 särskilda

75 630 60 21 inom
151 630 149 28 ridderskapet
315 631 39 22 och
369 632 63 21 adeln
448 636 57 18 samt
515 633 158 22 bondeståndet
683 635 76 21 väckta
769 635 81 28 förslag
860 637 49 22 med

75 659 119 27 anledning
209 659 24 21 af
245 659 32 21 till
293 661 116 20 ständerna
424 661 108 22 ankomna
547 662 148 23 skrifvelser
710 663 31 28 på
756 664 75 27 ryska
841 665 67 28 språ-

76 687 42 22 ket
134 687 46 22 och
196 688 133 22 ständerna
345 688 130 29 förelagda
489 690 93 28 nådiga
598 692 193 27 propositioner,
808 693 99 22 kontra-

75 715 131 28 signerade
228 717 28 21 af
276 717 55 22 icke
352 717 64 22 finsk
431 724 65 21 man,
508 719 80 28 jämte
603 719 100 23 andra
696 711 16 41 i
719 721 117 22 samband
852 722 55 22 där-

75 744 57 22 med
154 744 101 23 stående
278 745 237 24 missförhållanden
545 748 152 27 ridderskapet
717 749 40 21 och
772 750 62 21 adeln
851 753 56 20 samt

75 772 180 27 borgareståndet
268 774 94 27 beslutit,
377 777 32 19 att
424 775 141 22 omförmälda
580 777 135 22 betänkande
730 778 46 21 icke
791 779 69 21 skulle
876 779 31 22 till

74 801 77 27 åtgärd
172 801 110 22 föranleda
302 805 56 19 samt
380 803 123 22 talmännen
519 805 7 20 i
541 807 83 25 präste-
640 806 40 21 och
696 806 168 28 bondestånden,
880 808 27 27 på

75 829 105 28 uppgifna
202 831 99 26 grunder,
320 833 72 20 ansett
407 832 33 27 sig
455 833 46 21 icke
516 833 74 22 kunna
605 834 68 21 tillåta
689 835 163 28 öfverläggning
867 837 40 21 och

73 858 98 22 fattande
190 859 23 21 af
230 859 69 22 beslut
320 861 49 20 med
384 861 117 27 anledning
515 861 24 22 af
552 862 26 21 de
593 863 7 20 i
616 863 145 22 betänkandet
775 863 132 24 framställda

73 886 93 28 förslag;
182 887 40 22 och
237 888 38 22 har
290 888 31 22 till
336 888 53 28 följd
404 889 62 22 häraf
479 890 28 22 all
523 891 75 27 åtgärd
613 891 7 22 i
636 891 66 23 saken
718 891 93 23 förfallit.

335 952 32 21 På
382 952 153 27 lagutskottets
550 956 93 25 vägnar:

373 1008 28 22 P.
414 1009 25 21 E.
457 1009 151 29 Svinhufvud.

675 1068 47 18 Axel
736 1069 100 23 Cederberg.

143 1191 47 22 Den
214 1192 35 21 vid
272 1192 80 27 dagens
375 1193 88 27 plenum
486 1194 31 21 till
541 1195 86 22 ständet
647 1195 160 23 öfverlämnade
826 1197 77 28 nädiga

72 1220 166 27 propositionen
261 1227 34 14 n:o
320 1221 26 21 13
365 1228 35 15 om
416 1222 35 27 lag
465 1223 112 26 angäende
588 1224 135 27 yttrande-,
734 1224 169 29 församlings-

72 1248 41 21 och
121 1248 208 28 föreningsfrihet
344 1251 149 21 remitterades
505 1251 102 28 enhälligt
617 1253 7 20 i
635 1253 94 28 enlighet
740 1254 48 21 med
801 1255 101 21 talmans-

72 1276 155 23 konferensens
243 1277 80 28 förslag
338 1279 32 21 till
385 1279 231 28 grundlagsutskottet.

142 1392 48 21 Den
205 1393 36 20 vid
257 1393 80 26 dagens
353 1393 87 27 plenum
452 1395 82 26 jämväl
549 1395 32 22 till
597 1396 85 21 ständet
698 1396 157 24 öfverlämnade
866 1399 37 21 nä-

71 1419 50 28 diga
142 1421 162 26 propositionen
327 1428 34 15 n:o
386 1423 27 20 14
435 1424 111 26 angäende
567 1424 207 29 tryckfrihetslag
790 1427 112 22 bordlades

71 1448 31 21 till
118 1451 62 20 nästa
195 1450 93 26 plenum.
