1098 1756
192 122 42 21 866
510 119 192 33 Tryckfrihetslag.
944 128 22 17 17
977 128 46 20 juli.

260 196 25 21 hr
302 195 183 23 Söderholm
501 201 36 15 om
553 195 61 22 ordet
629 195 39 21 och
683 195 94 27 yttrade:
792 195 41 26 Jag
845 194 39 22 ber
894 197 32 20 att
935 195 22 22 fä
967 195 57 22 fästa

192 224 218 29 uppmärksamheten
425 224 42 26 vid,
483 225 31 20 att
528 224 7 21 i
548 224 75 27 början
634 223 22 22 af
664 223 127 28 paragrafen
801 223 66 22 ocksä
877 225 24 20 är
911 226 31 19 ett
952 224 71 27 tryck-

191 253 34 22 fel,
254 253 43 22 Det
313 253 56 22 skall
383 252 46 22 icke
444 252 50 21 heta
510 252 119 21 »tidskrift>
647 254 51 19 utan
716 251 156 28 »tryckskrift».

260 310 33 21 Hr
308 309 164 24 Lavonius,
523 309 118 21 Wilhelm:
664 309 137 21 Nähdäkseni
818 315 27 15 on
863 309 160 22 esilläolevassa

191 339 113 27 pykälässä
327 338 165 22 suomalaisessa
515 337 103 22 tekstissä
640 339 60 25 myös
723 337 130 27 painovirhe,
873 338 43 21 kun
930 338 91 27 pykälän

191 367 76 22 3:nella
290 367 71 21 rivillä
383 366 86 27 lopusta
491 366 71 21 lukien
586 368 114 19 sanotaan:
725 366 193 22 »mieskohtaisesti
934 373 89 20 vapaa»,

191 402 50 21 pro:
262 401 130 22 »vapaana».
421 395 132 21 Edellisessä
567 394 107 21 kohdassa
689 394 111 27 käytetään
816 401 66 15 sanaa
899 401 120 21 »vapaana»

191 424 166 21 merkitsemään
371 429 72 16 samaa
455 423 64 22 asiaa.
535 423 83 21 Saanee
628 423 34 21 kai
672 423 109 21 tämänkin
792 423 85 22 kohdan
888 423 135 22 oikaistuksi.

259 481 34 22 Hr
314 481 139 26 Ingman:
477 480 96 21 Minusta
588 486 27 15 on
631 479 136 22 esilläolevan
783 480 90 27 pykälän
890 481 70 20 toisen
976 487 45 15 mo-

191 510 79 21 mentin
293 509 91 22 alkuosa
402 509 167 21 suomalaisessa
584 508 102 21 tekstissä
700 508 68 21 vähän
784 509 88 21 kankea.
904 509 117 22 Sanotaan:

192 538 123 25 »Jokainen,
328 537 53 28 joka
396 537 19 21 ei
431 537 33 21 ole
480 537 94 21 Suomen
590 537 150 21 kansalainen»
755 537 15 27 j.
785 543 20 15 n.
821 543 17 15 e.
862 537 100 28 Parempi
973 538 48 21 olisi

192 573 75 15 sanoa:
286 575 8 11 »
298 566 100 26 Henkilö,
411 565 52 28 joka
478 565 19 22 ei
513 565 34 22 ole
563 565 94 22 Suomen
673 565 158 22 kansalainen».

261 623 69 22 Sedan
347 623 151 21 diskussionen
514 622 114 21 förklarats
644 621 98 28 afslutad,
753 622 132 22 framställde
895 623 26 21 hr
931 623 90 22 talman-

191 658 42 15 nen
248 652 93 27 följande
357 651 293 27 omröstningsproposition:

259 708 38 28 De,
307 708 76 22 hvilka
396 708 119 28 godkänna
531 708 114 21 utskottets
659 708 84 28 förslag
759 708 36 21 till
810 708 79 28 lydelse
903 708 37 28 för
955 709 15 27 $
986 710 34 26 21,

191 740 59 20 rösta
260 738 41 28 ja;
317 738 32 26 de,
365 737 35 21 det
415 737 45 21 icke
474 739 61 25 göra,
550 738 61 20 rösta
626 737 49 27 nej;

259 795 82 21 vinner
359 794 42 28 nej,
416 794 42 21 har
472 794 88 21 ständet
575 793 88 22 beslutit
677 794 72 21 ändra
763 794 10 21 i
786 794 74 27 finska
875 796 71 20 texten
961 795 60 21 ordet

193 824 127 27 jokainen»
339 822 36 22 till
391 822 120 22 henkilö».

259 880 49 22 Med
324 880 157 26 öfvervägande
493 879 24 27 ja
532 879 70 22 beslöt
618 880 177 26 borgareständet
810 880 114 27 godkänna
937 881 83 21 utskot-

191 912 42 19 tets
247 909 82 27 förslag
344 908 31 22 till
391 908 80 28 lydelse
485 908 34 22 för
534 908 11 28 $
561 908 34 21 21.

261 967 13 26 8
289 966 28 22 23
334 965 123 28 godkändes
473 967 52 20 utan
541 965 131 22 diskussion.

258 1022 137 23 Beträffande
411 1022 117 22 utskottets
544 1022 111 22 uttalande
670 1023 109 27 angäende
795 1024 12 26 &
823 1023 28 21 24
865 1024 84 26 yttrade

257 1081 26 21 hr
307 1076 124 26 Öhman:
454 1080 42 22 Vid
519 1080 235 28 sammanjämkningen
771 1080 24 22 af
807 1080 26 22 de
849 1080 56 22 olika
919 1081 99 22 besluten

190 1109 165 23 vidkommande
378 1109 70 21 denna
469 1108 103 28 paragraf
592 1108 38 22 har
648 1109 105 21 utskottet
768 1108 83 22 förfarit
865 1110 28 26 pä
907 1110 112 22 enahanda

190 1141 42 20 sätt
254 1144 47 16 som
324 1137 131 22 beträffande
479 1137 11 28 $
514 1138 27 20 13
567 1137 51 22 eller
636 1137 83 22 säledes
742 1138 65 27 enligt
822 1138 43 21 min
882 1138 137 28 uppfattning

190 1168 93 26 oriktigt.
311 1166 84 22 Endast
415 1168 79 20 tvänne
509 1166 70 26 stånd,
594 1166 108 27 nämligen
717 1166 24 22 R.
758 1173 19 15 0.
793 1167 25 21 A.
834 1166 39 22 och
888 1167 129 21 bondestän-

190 1196 42 25 det,
247 1195 64 22 hafva
326 1195 95 27 godkänt
436 1195 146 21 betänkandet
597 1194 67 28 enligt
679 1195 116 21 utskottets
806 1194 145 29 formulering.
966 1196 51 21 Prä-

190 1224 107 22 stetändet
312 1224 38 21 har
366 1224 94 24 beslutit,
476 1226 32 19 att
523 1224 108 26 genmälet
647 1223 53 22 skall
715 1223 80 22 införas
810 1224 7 21 i
832 1224 185 27 texiafdelningen,

189 1254 39 21 och
251 1252 178 29 borgareständet
451 1252 38 22 har
512 1252 32 22 uti
562 1258 20 21 p.
597 1252 13 22 3
626 1252 65 22 bland
706 1252 49 22 dess
771 1252 164 28 anmärkningar
949 1253 68 28 yrkat,

188 1284 32 20 att
233 1283 70 21 denna
312 1281 138 28 bestämning
460 1281 70 22 skulle
545 1281 84 22 affattas
644 1281 8 21 i
667 1281 222 22 öfverensstämmelse
902 1282 48 21 med
962 1285 54 18 mot-

189 1311 104 22 svarande
316 1310 137 27 bestämning
473 1310 6 21 i
495 1310 41 21 den
553 1310 77 27 nädiga
646 1310 167 27 propositionen.
843 1311 174 21 Prästeständets

189 1340 39 21 och
238 1339 191 28 borgareständets
440 1339 71 21 beslut
521 1338 193 22 öfverensstämma
729 1339 82 21 säledes
829 1339 48 22 med
887 1340 129 27 propositio-

189 1375 47 15 nen.
265 1368 50 21 Med
335 1367 82 28 hänsyn
434 1367 70 22 härtill
519 1367 56 22 hade
590 1367 37 22 det
642 1367 69 27 älegat
725 1367 142 28 lagutskottet
882 1370 32 19 att
928 1368 89 27 inbjuda

189 1397 25 22 R.
229 1403 19 16 o.
263 1397 26 21 A.
305 1396 39 21 och
367 1396 158 21 bondeståndet
547 1398 33 19 att
598 1395 77 28 frångå
689 1396 46 21 sina
751 1396 71 21 beslut
837 1397 38 21 och
890 1396 69 22 införa
974 1397 40 22 den

188 1425 23 22 af
223 1425 161 28 prästeständet
399 1425 39 21 och
453 1425 180 26 borgareständet
647 1425 79 26 yrkade
741 1424 151 29 förändringen
908 1426 31 21 uti
955 1432 60 21 para-

188 1454 79 27 grafen.
284 1455 42 26 Jag
341 1459 64 16 anser
420 1453 45 28 mig
479 1453 73 22 därför
568 1453 52 22 böra
635 1453 82 26 föreslä,
733 1456 32 19 att
775 1454 181 27 borgareständet,
967 1455 48 20 med

187 1483 138 22 förkastande
347 1481 24 22 af
391 1481 329 28 sammanjämkningsförslaget,
743 1482 112 22 vidblifver
873 1483 38 21 sitt
925 1483 91 27 tidigare

188 1511 71 22 beslut
273 1512 7 21 i
295 1511 94 22 ärendet.
