1100 1792
188 140 46 34 906
379 148 250 21 Styrelseledamöternas
642 148 188 22 ämbetsåtgärder.
893 150 29 16 30
935 150 89 21 augusti.

192 218 141 22 förevarande
350 218 40 26 lag,
406 219 49 19 utan
472 218 6 20 i
493 216 100 22 afseende
608 217 13 21 å
636 217 40 21 den
692 217 39 21 bör
747 220 30 18 ett
791 219 49 19 rent
855 217 118 23 kriminellt
989 219 35 20 be-

192 247 147 22 traktelsesätt
364 248 51 24 göra
437 247 33 25 sig
485 248 103 24 gällande.
618 246 62 20 Hvad
697 246 65 21 sedan
778 245 134 23 vidkommer
928 248 25 20 hr
969 249 55 19 Neo-

193 275 55 22 vius”
269 274 102 29 yttrande
394 275 78 25 därom,
495 276 32 19 att
548 274 61 27 lagen
622 274 24 26 ju
663 274 7 20 i
685 274 40 21 alla
741 274 49 22 dess
807 274 59 21 delar
881 275 63 21 berör
960 276 64 27 maje-

194 307 76 19 stätets
291 303 129 28 prerogativ,
437 303 23 21 så
475 303 38 21 har
528 303 41 21 han
585 305 43 19 rätt
644 303 50 24 däri,
710 309 48 15 men
775 303 26 25 vi,
817 309 47 15 som
880 304 45 21 afse
940 307 84 18 textens

193 333 159 24 återställande,
376 332 64 21 sådan
464 332 40 21 den
527 331 69 21 finnes
620 331 30 21 uti
673 332 168 26 propositionen,
864 333 67 21 önska
954 333 70 21 lämna

194 362 58 21 detta
272 360 100 28 urgamla
387 360 126 27 prerogativ,
531 360 210 26 benådningsrätten,
757 360 70 21 såsom
844 361 46 21 icke
906 362 48 21 med
970 361 54 22 före-

194 390 93 21 varande
303 389 119 27 lagförslag
436 389 69 20 direkt
520 388 216 27 sammanhängande,
751 389 113 21 orubbadt.

262 419 33 20 Hr
318 418 86 21 Teodor
420 417 75 21 Heikel
511 417 38 21 har
565 417 52 21 talat
632 423 35 14 om
684 417 40 20 den
741 417 80 27 period,
838 424 47 15 som
903 419 21 20 vi
937 425 87 20 genom-

192 447 66 21 lefvat
281 447 39 21 och
342 446 34 21 för
399 446 84 21 hvilken
506 445 40 21 han
570 445 109 22 använder
694 445 36 21 det
747 446 134 27 småningom
897 449 77 19 nästan
990 449 34 19 ut-

194 476 64 21 slitna
272 475 74 21 ordet:
363 474 129 21 ofärdsåren.
522 474 33 21 Då
570 474 122 26 trampades
709 474 58 27 lagar
783 475 68 20 under
866 475 100 26 fötterna,
978 482 45 15 som

193 504 55 21 hade
270 504 59 26 längt
354 503 96 21 starkare
469 504 67 19 rötter
551 504 26 19 än
594 503 40 20 den
651 503 20 20 vi
687 503 33 20 stå
735 503 7 20 i
758 503 64 20 beråd
838 505 32 19 att
885 507 84 24 antaga,
985 504 39 21 och

194 539 33 14 om
252 533 40 20 den
316 531 146 22 bobrikoffska
485 532 95 25 regimen
599 537 113 20 upprepas,
728 531 61 21 torde
804 531 36 22 det
856 539 51 14 vara
922 533 101 26 tämligen

193 561 106 27 likgiltigt,
323 561 57 20 huru
403 560 160 25 ifrågavarande
586 559 35 27 lag
643 561 23 19 är
682 560 116 26 redigerad.
832 560 42 21 Det
890 561 41 21 kan
948 561 76 26 hända,

194 592 31 19 att
248 590 40 21 den
312 589 108 21 blifvande
443 588 197 27 representationen
665 588 34 20 vill
720 589 27 26 gå
769 588 73 27 längre
859 591 26 19 än
902 590 20 20 vi
938 590 39 21 och
993 592 31 19 att

194 625 25 14 en
242 618 65 27 kamp
331 617 77 21 mellan
432 617 196 26 regeringsmakten
652 616 39 21 och
715 617 41 20 den
772 617 96 21 kommer
884 621 31 18 att
930 619 94 20 etablera

194 647 39 26 sig,
256 653 48 14 men
328 645 34 22 för
378 651 36 15 oss
430 645 72 26 ligger,
519 651 63 21 synes
598 645 36 21 det
650 645 49 26 mig,
714 645 128 21 hufvudvikt
857 646 72 27 därpå,
944 649 32 19 att
992 650 32 18 ut-

194 675 124 26 vecklingen
344 674 38 26 går
404 675 80 26 stegvis
507 673 39 22 och
569 676 31 18 att
624 674 36 21 det
682 677 53 23 steg,
754 680 45 15 som
823 681 29 14 nu
869 675 66 21 håller
951 676 27 26 på
993 678 31 19 att

194 706 91 25 uttagas,
309 703 47 21 icke
378 709 76 20 genom
470 708 25 15 en
513 702 64 21 sådan
594 701 141 28 formulering
750 709 46 14 som
812 703 70 21 denna
898 703 40 21 blir
954 706 70 19 outta-

194 735 36 24 get
252 733 38 20 och
310 731 88 22 därmed
421 737 25 14 en
463 731 105 26 väsentlig
583 731 62 20 lucka
661 731 88 26 uppstår
765 731 6 20 i
787 731 25 21 de
828 731 109 27 reformer,
954 733 70 20 hvilka

194 761 21 21 vi
230 761 36 21 vid
282 761 71 21 denna
367 760 102 26 landtdag
484 759 126 21 medvärkat
625 759 37 21 till.

263 819 33 20 Hr
320 817 140 23 Castrén,
484 816 125 21 Kaarlo:
640 817 46 20 Hra
701 817 96 21 Neovius
812 823 28 15 on
856 817 108 27 lausunut,
980 820 44 19 että

194 853 32 19 ne,
247 847 62 26 jotka
332 848 50 19 ovat
403 847 120 19 asettuneet
538 845 220 21 armahdusoikeuden
776 846 148 26 supistamista
939 849 84 19 vastus-

195 878 90 23 tamaan,
301 877 52 19 ovat
368 876 92 25 panneet
474 873 111 22 huomiota
600 873 74 26 siihen,
691 874 51 21 mitä
757 874 98 27 pidetään
872 875 102 21 tärkeänä
984 876 39 21 toi-

195 904 52 22 sella
270 903 85 26 taholla,
379 905 68 19 mutta
467 903 57 21 eivät
540 902 33 22 ole
589 905 95 19 ottaneet
699 902 141 22 huomioonsa
856 904 46 25 sitä,
918 902 52 23 mitä
984 905 39 20 toi-

196 933 52 21 selta
271 932 86 27 puolen,
380 932 104 20 nimittäin
508 931 141 21 eduskunnan
670 931 100 27 puolelta,
786 938 27 14 on
830 932 122 22 katsottava
967 935 56 19 mää-

194 961 98 21 rääväksi
315 960 88 22 asiassa.
432 960 58 21 Minä
511 960 121 26 puolestani
648 960 48 20 olen
712 960 109 21 kuitenkin
839 963 112 19 asettunut
964 961 59 27 juuri

195 990 140 21 eduskunnan
360 988 103 22 kannalle.
492 988 97 21 Minusta
606 988 106 21 nimittäin
727 988 56 22 koko
799 989 49 21 uusi
864 989 158 22 eduskuntalai-

194 1022 34 18 tos
245 1020 107 19 menettää
367 1017 151 21 huomattavan
535 1023 52 15 osan
604 1017 196 27 merkityksestään,
813 1018 36 26 jos
865 1018 19 21 ei
900 1018 67 21 siihen
978 1019 45 27 liity

195 1047 129 21 hallituksen
345 1046 99 26 jäsenten
467 1046 189 21 vastuunalaisuus
680 1046 138 21 eduskunnan
836 1047 83 21 edessä.
949 1047 74 21 Minun

195 1075 153 22 käsittääkseni
372 1076 58 20 tämä
451 1074 141 26 lakiehdotus,
616 1074 130 21 vaikkakaan
770 1075 212 22 armahdusoikeutta
1005 1076 19 21 ei

196 1104 148 27 supistettaisi,
361 1110 27 14 on
405 1103 52 21 siksi
472 1103 134 25 kelvollinen,
622 1105 44 19 että
681 1103 67 21 siihen
765 1104 106 20 voitaisiin
888 1104 50 21 tällä
950 1104 74 22 kertaa

195 1135 77 25 tyytyä,
294 1132 110 21 varsinkin
422 1132 50 22 kun.
488 1132 96 20 niinkuin
601 1132 143 20 valiokunnan
761 1132 132 22 ehdotuksen
910 1133 114 27 puoltajat-

194 1162 36 21 kin
246 1162 39 20 hra
300 1160 90 22 Renvall
406 1167 18 20 y.
440 1167 26 14 m.
482 1163 51 18 ovat
548 1162 142 25 myöntäneet,
706 1160 167 27 puheenalainen
890 1161 65 21 kohta
970 1162 54 21 voisi

195 1190 42 22 olla
252 1189 205 27 kompastuskivenä
472 1189 41 21 lain
530 1189 185 21 vahvistamiselle.
740 1189 94 21 Minusta
850 1196 28 14 on
891 1190 59 26 juuri
961 1191 63 21 edus-

194 1220 87 20 kunnan
305 1218 101 21 kannalta
420 1218 126 20 katsottuna
561 1224 79 20 sangen
658 1218 78 25 tärkeä,
752 1220 43 19 että
811 1218 41 21 laki
867 1221 38 24 nyt
921 1218 102 28 hyväksy-

195 1250 55 19 tään.
279 1247 97 22 Jääköön
393 1247 70 21 uuden
480 1246 142 21 eduskunnan
638 1246 78 21 asiaksi
731 1246 87 22 koettaa
833 1247 189 22 armahdusoikeu-

195 1277 41 21 den
252 1276 90 21 suhteen
359 1276 65 20 saada
439 1278 93 21 muutos,
545 1275 36 27 jos
597 1281 24 15 se
636 1281 38 15 sen
691 1275 154 27 tarpeelliseksi
861 1276 73 21 näkee.

264 1305 90 21 Muuten
368 1304 57 20 minä
440 1304 102 21 tahtoisin
558 1304 54 20 vielä
628 1304 145 20 toistamiseen
784 1304 80 26 lausua,
876 1307 44 19 että
931 1305 93 21 minusta

196 1334 84 21 nähden
303 1333 19 21 ei
345 1333 35 21 voi
403 1332 89 27 ajatella,
510 1334 44 19 että
569 1332 129 21 hallituksen
712 1332 67 27 jäsen,
793 1332 67 27 jonka
875 1334 148 21 tuomioistuin

196 1369 27 15 on
242 1362 116 27 julistanut
381 1361 180 21 mahdottomaksi
582 1368 61 14 maan
660 1361 156 27 palvelukseen,
832 1364 54 18 enää
900 1362 54 21 voisi
970 1363 54 21 siinä

196 1393 70 25 pysyä,
288 1390 111 22 vaikkakin
416 1390 68 20 hänen
501 1390 105 21 osakseen
622 1389 58 21 tulisi
696 1390 115 21 armahdus
827 1403 27 3 —
870 1391 43 20 niin
930 1391 93 21 ankaran

196 1420 120 21 siveellisen
332 1419 97 21 tuomion
444 1418 94 22 alaisena
553 1418 41 21 hän
610 1418 111 21 kuitenkin
737 1418 53 22 olisi.

265 1477 33 21 Hr
314 1476 219 27 Heimbärger:
550 1476 47 21 Den
613 1476 98 26 lottning,
728 1482 76 21 genom
820 1476 85 21 hvilken
922 1479 30 19 ett
966 1477 58 22 antal

196 1506 139 21 medlemmar
350 1504 22 22 af
386 1505 41 21 den
442 1505 38 20 här
496 1504 163 27 ifrägavarande
675 1505 120 21 domstolen
811 1505 85 21 komme
912 1508 32 19 att
958 1509 65 23 utses,

197 1535 69 21 skulle
288 1534 66 27 enligt
378 1534 4 21 8
405 1534 5 27 $
426 1533 86 22 komma
527 1536 32 18 att
574 1533 127 21 värkställas
716 1533 23 21 af
753 1533 142 22 ordföranden
911 1534 6 21 i
933 1537 91 19 pärvaro
