1100 1761
176 107 43 22 974
456 111 44 20 Lag
513 115 34 12 om
558 110 127 21 föreningar.
858 111 13 17 8
883 112 129 20 september.

177 181 68 21 liseen
261 180 136 21 toimintaan.
419 179 112 21 Näinollen
542 179 106 27 pyytäisin
660 178 116 22 kannattaa
789 179 145 22 valiokunnan
946 179 65 22 ehdo-

178 211 59 20 tusta
252 210 61 20 tässä
329 207 119 22 suhteessa.

248 266 34 21 Hr
306 264 193 23 Söderholm:
529 264 42 21 För
594 264 43 21 min
657 264 33 21 del
706 264 95 21 biträder
813 264 39 27 jag
867 265 27 21 de
910 265 101 27 grunder,

178 295 28 27 pä
228 294 72 21 hvilka
322 293 118 21 utskottets
462 292 81 27 förslag
564 292 68 21 hvilar
648 292 39 21 och
704 298 46 15 som
766 293 73 21 vidare
855 293 120 21 utvecklats
990 293 24 21 af

178 324 25 20 hr
212 322 103 26 Jus6lius,
325 322 93 26 August.
433 321 43 27 Jag
490 320 152 22 underskattar
653 321 46 21 icke
712 321 67 21 häller
789 321 27 21 de
827 321 53 27 skäl,
894 328 46 15 som
952 321 59 27 ligga

179 352 32 20 till
234 351 71 27 grund
321 350 34 21 för
370 350 26 20 hr
411 349 101 21 Renvalls
534 349 86 27 förslag,
636 355 48 15 men
701 349 38 27 jag
755 349 89 27 befarar,
860 352 32 19 att
907 352 31 20 ett
954 351 56 21 stad-

179 380 70 26 gande
270 380 25 20 sä
317 378 126 26 beskaffadt,
466 384 46 15 som
531 377 23 22 af
574 378 79 20 honom
669 377 114 28 förslagits,
799 378 39 21 lätt
854 378 69 22 skulle
938 378 74 22 kunna

179 408 111 22 föranleda
305 407 148 27 kringgäende
468 406 23 21 af
504 406 48 25 den,
568 412 46 15 som
630 406 71 21 därtill
717 406 69 21 skulle
799 406 64 22 hafva
873 407 50 21 lust.
940 408 70 20 Emel-

180 437 63 22 lertid
266 436 71 21 mäste
353 435 37 28 jag
406 435 103 27 därjämte
524 434 101 26 erkänna,
640 437 32 19 att
687 435 65 21 innan
767 441 105 21 personer
889 435 40 28 fylt
944 436 25 21 21
986 436 26 21 är

179 473 50 14 man
244 465 42 22 kan
302 465 41 21 hos
360 464 47 21 dem
424 466 63 19 vänta
502 463 24 22 sä
542 465 55 20 stort
612 463 92 22 intresse
718 463 33 22 för
767 464 101 27 politiska
882 465 129 27 angelägen-

180 495 61 21 heter
256 493 40 22 och
313 493 25 22 sä
353 499 51 20 pass
420 492 82 27 mycket
517 491 97 28 förmäga
629 494 32 19 att
675 492 66 21 ocksä
751 492 91 22 bedöma
852 493 55 26 dem,
918 495 32 20 att
960 500 49 15 man

179 523 46 22 icke
240 523 40 21 bör
296 522 45 21 helt
357 521 39 21 och
412 521 64 21 hället
492 522 113 25 utestänga
621 520 80 21 sädana
711 527 104 20 personer
825 522 47 20 trän
883 524 32 19 att
925 522 86 21 tillhöra

179 551 124 27 föreningar
320 550 50 21 med
386 549 130 27 väsentligen
533 549 97 26 politiskt
644 549 61 27 syfte.
726 549 43 27 Jag
784 549 69 22 skulle
868 549 34 22 för
916 551 44 20 min
976 551 34 21 del

180 586 58 19 anse,
253 582 32 18 att
301 585 27 15 en
344 578 136 26 äldersgräns
496 577 23 21 af
534 577 26 21 18
571 577 23 21 är
606 583 51 15 vore
668 577 46 26 den,
728 584 45 14 som
789 578 39 21 här
846 579 68 21 borde
924 578 87 22 komma

180 608 7 22 i
203 608 66 27 fräga,
286 607 41 21 och
343 606 32 21 fär
391 606 71 21 därför
477 606 83 25 föreslä,
576 608 32 18 att
622 606 73 20 äldern
711 606 26 20 21
749 606 24 21 är
784 606 69 21 skulle
863 607 87 27 utbytas
966 609 45 19 mot

180 637 26 21 18
228 637 30 21 är.
288 635 65 22 Hvad
374 634 100 22 beträffar
496 634 36 22 det
546 634 23 21 af
582 634 25 21 hr
623 634 171 22 Groundstroem
811 635 75 21 väckta
901 635 109 27 förslaget,

180 672 45 15 som
249 664 66 22 också
338 664 76 21 vunnit
435 663 123 25 understöd,
574 668 63 21 synes
661 663 49 27 mig,
725 665 36 23 att,
778 663 27 21 dä
821 664 113 27 utländing
949 664 38 21 här
1002 664 8 21 i

179 694 73 21 landet
266 693 47 21 icke
328 692 94 27 ätnjuter
437 691 101 27 politiska
552 691 132 26 rättigheter,
700 692 35 20 det
749 692 46 20 icke
810 692 67 21 häller
892 694 24 19 är
929 692 81 28 riktigt,

180 724 32 20 att
227 722 41 21 han
285 721 56 22 skall
355 720 22 22 fä
392 726 50 15 vara
457 720 91 21 medlem
564 719 23 21 af
600 719 98 27 förening
709 720 47 21 med
768 720 133 28 väsentligen
912 721 98 27 politiskt

180 757 101 21 program
298 750 40 21 och
351 755 46 15 som
416 748 100 28 fullföljer
526 748 101 27 politiska
634 748 76 27 syften.
724 748 43 27 Jag
774 748 41 22 kan
823 748 34 22 för
865 750 44 20 min
918 750 34 21 del
964 750 47 21 icke

181 780 83 21 biträda
280 779 60 21 detta
355 777 85 27 förslag.

248 836 34 21 Hr
298 835 154 21 Alkunen:
474 834 27 21 Ei
517 834 84 21 voitane
616 834 82 26 kieltää,
714 836 45 19 että
769 834 135 22 esimerkiksi
914 835 94 22 raittius-

179 864 134 29 yhdistykset
329 865 51 20 ovat
395 863 121 21 valtiollisia
530 862 138 27 yhdistyksiä,
684 862 47 21 sillä
746 862 78 27 yhtenä
839 864 71 20 niiden
927 870 81 20 sangen

181 894 101 21 tärkeänä
305 893 95 20 toimena
422 898 27 14 on
470 891 60 27 juuri
552 891 168 21 vaikuttaminen
737 891 130 22 valtiollisiin
882 892 90 21 asioihin
986 892 24 27 ja

180 922 183 23 lainsäädäntöön,
380 920 55 27 jotta
458 919 268 28 väkijuomalainsäädäntö
747 920 107 21 saataisiin
876 921 133 21 muutetuksi

180 951 81 22 toiseen
283 951 114 20 suuntaan.
426 948 72 21 Tähän
520 948 42 21 asti
577 954 27 15 on
621 947 226 29 raittiusyhdistyksiin
864 951 76 19 saanut
955 949 53 22 kuu-

180 980 36 21 lua
230 979 123 25 henkilöitä,
366 978 62 26 jotka
442 980 50 18 ovat
508 978 116 26 täyttäneet
641 977 26 21 16
681 979 85 24 vuotta;
777 978 231 27 raittiusyhdistyksien

180 1010 92 20 säännöt
287 1009 52 19 ovat
354 1008 136 25 myöntäneet
505 1008 71 19 tämän
593 1005 64 21 tähän
673 1006 47 20 asti.
743 1006 86 21 Niinkin
846 1008 78 20 nuoret
935 1006 74 22 henki-

180 1038 30 20 löt
226 1037 37 21 siis
279 1038 51 19 ovat
346 1035 94 21 osallisia
454 1034 147 26 toiminnassa,
617 1034 55 21 enkä
686 1034 58 21 minä
759 1034 62 26 luule,
838 1036 44 20 että
897 1035 48 21 olisi
960 1036 50 20 siitä

180 1066 113 21 huomattu
313 1064 80 21 mitään
413 1064 79 20 haittaa
507 1062 172 28 yhteiskunnalle
693 1062 108 27 koituvan,
817 1065 45 19 että
876 1064 44 20 niin
931 1066 79 19 nuoret

180 1094 95 22 henkilöt
291 1096 50 18 ovat
359 1092 196 21 raittiusseuroihin
575 1091 123 21 kuuluneet.
729 1092 193 27 Vastedeskinpäin
938 1094 71 26 täytyy

180 1124 74 20 minun
277 1121 181 28 ymmärtääkseni
480 1120 172 22 raittiusseurain
666 1120 73 26 jatkaa
754 1120 152 22 toimintaansa
921 1128 86 15 samaan

180 1154 83 25 tapaan,
279 1152 70 20 mutta
361 1149 36 27 jos
413 1150 102 20 sellainen
530 1151 98 24 määräys
644 1148 48 22 olisi
707 1149 70 25 laissa,
792 1149 43 21 kun
849 1156 28 14 on
890 1150 119 25 ehdotettu,

180 1181 44 21 niin
245 1178 177 23 raittiusliikkeen
439 1177 84 28 täytyisi
543 1177 117 27 jakaantua
682 1177 90 21 kahteen
798 1180 112 24 osastoon;
935 1178 73 21 toinen

180 1209 58 21 tulisi
262 1208 70 21 silloin
355 1207 141 21 käsittämään
518 1207 26 20 21
566 1208 74 19 vuotta
656 1208 141 23 nuoremmat,
812 1207 72 20 toinen
901 1207 41 21 sitä
957 1213 51 15 van-

180 1237 99 22 hemmat.
310 1235 89 26 Luulen,
422 1237 43 19 että
487 1237 58 19 tämä
567 1235 19 21 ei
609 1235 48 20 olisi
673 1234 90 21 onneksi
778 1235 105 21 liikkeelle
898 1235 48 21 eikä
960 1235 49 22 sille

180 1265 123 25 nuorisolle,
324 1264 52 27 joka
397 1265 70 20 tämän
487 1263 75 22 kautta
576 1263 146 21 koetettaisiin
738 1265 59 19 estää
812 1264 140 21 valtiolliseen
969 1265 38 20 toi-

180 1295 93 21 mintaan
290 1293 172 22 vaikuttamasta.
488 1292 54 21 Olen
559 1292 53 21 ollut
623 1291 152 22 tilaisuudessa
788 1298 138 16 seuraamaan
938 1295 71 19 erästä

179 1323 125 28 yhdistystä,
325 1321 52 28 joka
400 1321 28 21 oli
450 1321 86 21 kokoon
560 1323 66 24 pantu
650 1321 60 20 aivan
727 1321 96 21 nuorista
839 1321 132 26 henkilöistä,
984 1322 24 26 ja

180 1359 38 14 sen
234 1351 99 22 toiminta
352 1351 19 20 ei
389 1353 90 24 pysynyt
494 1349 104 22 suinkaan
615 1349 84 21 millään
717 1349 77 21 tavalla
809 1350 47 27 pois
872 1350 137 27 politiikasta.

179 1381 84 21 Nuoret
278 1379 101 26 henkilöt,
395 1379 43 20 kun
449 1379 50 20 sitte
512 1378 156 21 keskustelivat
678 1377 59 22 siellä
749 1378 130 27 politiikasta
888 1379 120 27 yksikseen,

180 1409 50 22 ettei
245 1408 128 27 vanhempia
389 1407 115 21 henkilöitä
519 1407 55 21 ollut
588 1407 133 26 mielipiteitä
737 1407 147 26 vaihtamassa,
896 1407 75 21 tulivat
981 1413 28 15 ne

180 1438 80 21 useasti
276 1443 81 20 sangen
378 1435 166 22 hullunkurisiin
561 1435 109 21 tuloksiin.
701 1435 121 22 Sentähden
839 1442 27 15 on
882 1436 61 21 aivan
959 1438 48 19 vää-

179 1467 33 21 rin
226 1467 103 20 nuorison
346 1465 106 25 kannalta,
468 1466 44 19 että
527 1465 89 20 nuoriso
627 1464 154 20 määrättäisiin
793 1467 115 25 pysymään
920 1465 87 20 erillään

180 1495 147 22 valtiollisesta
343 1493 144 22 toiminnasta.
513 1493 33 21 En
562 1492 50 27 pidä
622 1493 159 21 onnistuneena
791 1492 39 23 hra
841 1493 166 22 Renvallinkaan
