1098 1792
176 147 46 32 808
498 149 191 32 Tryckfrihetslag.
930 158 25 18 14
964 159 49 20 juli.

180 226 52 25 ning
246 225 23 21 af
282 224 149 28 tryckskrifter
451 224 61 22 idkas
530 224 108 28 nämligen
653 225 8 21 i
677 225 81 26 ganska
773 228 46 18 stor
835 225 60 22 skala
910 226 23 21 af
946 227 68 26 ryska

180 254 222 27 gärdfarihandlande.
431 254 30 25 Ty
477 253 67 27 enligt
559 254 13 26 &
588 254 12 20 2
615 253 79 21 förstäs
707 253 25 27 ju
749 254 47 20 med
812 254 125 26 tryckskrift
947 254 64 22 äfven

179 282 88 27 bildliga
281 282 189 26 framställningar.
499 282 61 20 Hvar
575 282 40 21 och
630 288 33 18 en,
679 288 45 14 som
741 282 76 21 besökt
831 282 119 27 allmogens
967 286 46 19 stu-

180 317 39 20 gor
240 310 97 21 öfverallt
352 310 7 21 i
374 310 48 21 värt
444 310 56 26 land,
523 309 54 22 skall
599 309 62 22 hafva
683 309 78 26 funnit,
783 312 30 19 att
834 309 92 23 flertalet
947 311 23 22 af
984 312 29 21 de

180 339 74 26 bilder,
278 345 47 15 som
347 339 67 26 pryda
429 338 60 27 (eller
504 338 131 27 misspryda)
651 340 113 25 väggarna,
780 339 90 21 kommit
885 339 31 21 dit
932 346 78 20 genom

180 367 129 27 förmedling
324 367 22 21 af
360 367 64 27 ryska
440 366 219 27 gärdfarihandlande,
675 367 39 21 och
731 373 25 15 en
773 367 76 21 handel
865 368 49 21 med
929 369 83 20 sådana

179 396 97 21 kommer
297 395 45 22 helt
365 395 72 21 säkert
458 397 32 19 att
512 395 62 21 äfven
597 395 114 21 framdeles
732 395 67 22 idkas.
827 396 44 27 Jag
885 396 37 21 vill
938 397 74 21 därför

181 424 131 21 understöda
328 424 26 21 hr
369 423 107 22 Kurkelas
491 423 87 27 förslag,
593 425 32 19 att
640 423 126 27 paragrafen
783 424 69 21 skulle
867 425 145 21 äterremitte-

179 459 36 15 ras
230 453 33 20 för
278 455 32 18 att
330 452 96 27 undergå
447 452 66 21 sådan
533 452 128 25 omändring
675 452 7 21 i
698 452 138 21 konformitet
852 453 48 21 med
915 454 13 25 $
943 454 19 25 5,
979 456 34 19 att

180 481 263 27 kolportörsvärksamhet
465 481 68 20 skulle
556 480 21 21 få
599 480 107 21 bedritvas
729 481 28 26 pä
777 481 7 21 i
803 481 155 28 förordningen
974 488 37 15 om

181 509 186 27 gärdfarihandeln
384 509 86 27 angifna
485 509 82 21 villkor.

249 573 33 20 Hr
305 572 142 26 Castrén,
471 571 124 22 Kaarlo:
625 571 96 22 Minusta
739 572 82 21 nähden
838 572 19 21 ei
872 573 139 27 painokirjoi-

181 601 85 21 tuksien
288 601 186 26 kauppaileminen
493 600 33 21 ole
541 600 140 27 yksinomaan
701 601 130 26 pidätettävä
846 601 96 21 Suomen
959 601 51 21 kan-

180 629 105 23 salaisille,
307 635 54 15 vaan
376 631 80 18 tuntuu
472 629 54 24 siltä,
542 630 45 19 että
603 628 116 22 Suomessa
734 635 65 15 asuva
815 629 92 22 henkilö,
923 629 88 22 vaikka-

180 658 54 21 kaan
250 657 42 22 hän
308 657 19 22 ei
343 657 33 21 ole
392 657 94 21 Suomen
497 657 144 25 kansalainen,
653 663 33 20 on,
697 657 64 21 luvan
775 657 66 22 siihen
851 657 160 28 hankittuansa,

180 687 146 20 oikeutettava
349 685 162 27 harjoittamaan
535 687 44 20 tätä
602 685 125 22 elinkeinoa.
762 686 109 21 Katsoisin
895 686 116 22 luonnolli-

181 715 115 25 simmaksi,
312 716 45 19 että
372 714 95 21 tällaisen
484 714 173 21 ei-suomalaisen
674 721 84 14 maassa
772 715 75 26 asujan
863 721 28 15 on
903 717 43 19 tätä
957 715 54 21 elin-

180 743 77 22 keinoa
272 746 74 18 varten
363 743 122 21 hankittava
496 743 138 21 samallainen
646 743 51 26 lupa
704 743 23 26 ja
739 749 95 15 samassa
843 743 168 27 järjestyksessä

181 772 52 21 kuin
256 771 152 27 kulkukaupan
432 771 181 27 harjoittamiseen
636 771 87 27 yleensä
745 772 94 26 säätyjen
864 772 146 27 hyväksymän

181 801 43 20 lain
239 800 98 21 mukaan.
368 799 118 22 Rohkenen
502 799 106 25 ehdottaa,
621 801 44 19 että
684 800 120 21 esilläoleva
819 800 77 27 pykälä
911 800 99 27 lykätään

181 829 91 21 takaisin
302 828 157 25 valiokuntaan,
486 828 58 27 jotta
573 834 24 15 se
626 828 193 21 muodostettaisiin
851 829 160 21 ehdottamaani

182 859 113 20 suuntaan.

250 936 158 21 Diskussionen
429 935 132 21 förklarades
576 935 53 21 härä
643 935 98 26 afslutad,
757 936 106 21 hvarefter
879 936 25 22 hr
919 937 91 22 talman-

181 971 42 15 nen
239 964 31 22 till
285 965 97 21 ständets
405 964 132 22 besvarande
555 963 133 22 framställde
703 964 92 27 följande
810 965 199 28 omröstningspro-

180 994 128 27 positioner:

251 1057 19 24 1)
293 1056 39 26 De,
356 1056 74 21 hvilka
452 1056 73 20 såsom
543 1056 217 27 kontraproposition
775 1058 45 19 mot
835 1056 114 22 utskottets
963 1057 47 27 för-

179 1085 48 27 slag
250 1084 36 22 till
308 1084 79 28 lydelse
409 1084 37 28 för
460 1085 28 20 16
502 1084 16 28 $
532 1084 57 27 vilja
611 1086 82 26 antaga
716 1084 27 22 hr
767 1084 136 22 Töttermans
917 1085 93 28 förslag,

180 1115 61 20 rösta
254 1114 36 27 ja;
306 1114 32 26 de,
354 1113 35 21 det
403 1113 45 21 icke
464 1113 61 27 vilja,
542 1114 61 20 rösta
619 1113 44 27 nej;

249 1170 80 22 vinner
351 1170 42 28 nej,
416 1170 43 21 har
480 1170 88 21 sländet
588 1170 10 20 i
612 1170 82 21 sådant
715 1170 100 28 afseende
837 1170 122 28 föredragit
981 1172 29 20 hr

180 1199 85 21 Kaarlo
283 1198 101 22 Castréns
399 1199 87 27 förslag.

249 1256 166 28 Propositionen
432 1256 129 21 besvarades
577 1256 49 20 med
642 1255 156 28 öfvervägande
811 1256 29 27 ja.

249 1338 21 26 2)
287 1336 38 28 De,
349 1336 75 22 hvilka
444 1336 119 28 godkänna
586 1336 113 21 utskottets
721 1336 82 28 förslag
827 1336 36 22 till
878 1337 79 28 lydelse
972 1338 38 27 för

178 1366 18 28 $
210 1367 28 20 16
251 1366 10 20 i
275 1366 35 20 det
325 1365 29 28 af
365 1365 27 21 hr
409 1364 125 22 Tötterman
549 1364 119 21 anmärkta
683 1364 106 28 afseende,
805 1367 61 19 rösta
875 1366 40 27 ja;
931 1366 32 27 de,
974 1367 36 21 det

178 1395 47 21 icke
238 1397 59 25 göra,
313 1396 61 19 rösta
388 1394 48 27 nej;

248 1452 79 20 vinner
350 1451 42 27 nej,
413 1451 42 21 har
476 1450 89 21 ståndet
588 1450 89 21 beslutit
698 1450 159 22 återremittera
872 1452 138 28 paragrafen

179 1480 37 22 till
231 1480 138 27 lagutskottet
384 1480 9 20 i
408 1480 35 20 det
458 1479 101 27 afseende
574 1479 27 20 hr
616 1478 124 21 Tötterman
751 1479 119 28 föreslagit.

248 1537 167 28 Propositionen
430 1537 131 21 besvarades
577 1537 49 21 med
642 1536 156 28 öfvervägande
807 1537 29 27 ja.
