1120 1764
187 117 43 21 668
446 117 302 34 Representationsreformen.
946 127 11 17 1
968 127 55 20 juni.

254 191 45 22 Hrr
344 192 101 21 Jämsön
469 193 39 21 och
523 193 98 21 Wolff
634 193 54 22 hade
703 193 88 22 anhållit
806 201 35 14 om
857 195 98 26 ledighet
969 195 49 22 från

184 221 176 26 morgondagens
376 221 92 26 plenum,
484 221 39 21 och
538 221 46 22 blef
597 222 69 21 denna
681 222 98 22 anhållan
794 222 24 22 af
826 223 87 22 ståndet
923 224 95 22 bifallen.

261 363 70 22 Bland
354 363 96 22 ståndets
472 365 139 21 medlemmar
626 365 54 22 hade
695 366 93 21 utdelats
803 366 40 21 och
858 366 114 22 bordlades
988 367 32 21 till

190 392 176 27 morgondagens
377 392 86 27 plenum
475 393 235 27 grundlagsutskottets
720 395 301 28 sammanjämkningsförslag

191 420 36 21 vid
251 420 157 28 behandlingen
432 421 22 21 af
475 422 117 21 utskottets
615 423 134 22 betänkande
766 429 36 16 n:o
819 424 10 20 1
846 424 7 21 i
868 423 117 28 anledning
999 423 24 22 af

192 448 63 22 Hans
271 449 121 27 Kejserliga
407 449 111 28 Majestäts
534 451 78 27 nådiga
626 452 134 27 proposition
776 458 34 15 n:o
823 453 25 20 11
860 452 110 27 angående
985 458 35 22 ny

192 477 241 28 landtdagsordning
444 480 62 21 samt
516 479 82 28 vallag
607 479 41 22 för
658 480 236 23 storfurstendömet
904 480 115 23 Finland.

260 621 91 22 Plenum
368 620 116 24 afslutades
499 623 28 21 kl.
543 623 27 21 10
585 629 18 15 e.
618 630 26 15 m.

796 675 23 18 In
831 675 66 18 fidem:

742 710 26 21 A.
791 709 22 22 V.
829 709 118 28 Lindberg.

344 914 145 34 Fredagen
509 914 55 27 den
584 915 10 26 1
615 915 64 34 juni
698 915 38 26 kl.
754 915 27 27 11
799 916 18 26 1.
835 924 35 18 m.

262 1018 43 21 Vid
321 1017 127 22 värkställät
463 1024 84 21 upprop
563 1018 107 22 befunnos
685 1019 142 22 frånvarande
842 1019 38 22 hrr
894 1019 129 27 Jämsön,

194 1046 110 26 Wolff,
325 1046 86 21 Sikio
434 1047 40 21 och
494 1047 148 26 Mäkelin,
664 1047 28 27 pä
707 1048 70 27 grund
792 1047 23 22 af
827 1047 59 22 förut
901 1049 122 21 meddeladt

193 1075 102 26 tillständ,
317 1075 25 21 hr
362 1075 187 27 Björkstön,
582 1075 31 22 till
636 1075 52 28 följd
712 1075 24 22 af
758 1076 106 27 sjukdom,
894 1077 26 21 hr
941 1077 81 22 Bois-

192 1109 75 18 man,
289 1110 47 15 som
355 1103 80 22 anmält
450 1103 81 27 hinder,
554 1107 55 18 samt
628 1104 36 22 hrr
680 1105 142 21 Killinen
838 1105 40 22 och
893 1105 129 28 Magnus

191 1132 166 21 Lavonius.

263 1252 118 27 Upplästes
402 1252 31 21 till
454 1252 109 27 justering
585 1253 39 21 och
645 1253 123 27 godkändes
784 1254 106 21 särskilda
905 1255 79 26 utdrag
998 1261 26 15 ur

196 1281 191 27 borgareständets
403 1281 35 21 vid
454 1283 85 20 senaste
555 1281 86 27 plenum
657 1281 61 22 förda
732 1282 115 27 protokoll.

262 1412 157 27 Antecknades,
439 1415 32 19 att
491 1412 47 22 frän
561 1413 140 22 medständen
725 1414 113 22 inkommit
855 1415 105 22 särskilda
975 1421 49 21 pro-

192 1441 164 27 tokollsutdrag.
