1100 1786
202 120 63 38 1090
384 133 250 20 Styrelseledamöternas
646 133 190 20 ämbetsätgärder.
872 135 24 16 12
909 135 130 20 september.

277 202 80 21 vinner
382 201 41 28 nej,
446 201 41 21 har
508 201 86 21 ständet
615 201 88 21 beslutit
717 199 158 24 äterremittera
892 203 146 21 betänkandet

203 232 11 20 i
228 231 73 22 denna
316 230 35 21 del
366 231 37 26 för
418 230 181 27 omformulering
614 230 10 20 i
633 230 35 21 det
677 230 58 27 syfte
753 231 27 20 hr
798 231 98 26 Ingman
914 231 124 28 föreslagit.

274 289 34 19 Då
331 287 63 21 äfven
416 287 69 21 denna
507 287 133 26 proposition
663 287 130 21 besvarades
809 288 49 20 med
875 288 159 26 öfvervägande

202 318 28 26 ja,
254 316 55 22 hade
331 315 88 22 ståndet
442 315 81 21 således
547 315 94 27 godkänt
662 316 326 27 sammanjämkningsförslaget
1003 317 34 21 till

204 345 42 21 alla
262 345 64 21 delar.

273 464 125 26 Föredrogs
430 464 232 26 —grundlagsutskottets
696 464 34 20 vid
759 463 159 28 förmiddagens
945 466 88 26 plenum

204 493 119 27 bordlagda
345 492 82 27 förslag
449 492 31 21 till
504 492 206 26 sammanjämkning
730 492 23 21 af
775 493 25 20 de
820 493 68 21 delvis
912 494 123 27 skiljaktiga

204 522 77 25 beslut,
297 522 7 20 i
319 521 73 21 hvilka
414 520 89 22 stånden
527 523 85 19 stannat
634 520 35 21 vid
693 520 157 28 behandlingen
874 522 23 20 af
916 522 118 22 utskottets

204 550 135 22 betänkande
356 556 34 14 n:o
406 550 14 20 4
435 550 6 20 i
456 549 115 27 anledning
586 549 22 21 af
622 549 61 21 Hans
699 549 120 27 Kejserliga
832 550 112 27 Majestäts
956 551 76 27 nådiga

203 579 135 27 proposition
355 584 34 15 n:o
406 578 25 20 18
447 578 7 20 i
469 577 59 27 fråga
543 584 34 14 om
593 578 159 26 tjänstemän.
769 578 85 21 hvilka
871 579 85 21 blifvit
973 580 60 21 från

203 607 53 22 sina
284 606 168 27 befattningar
476 605 133 22 afskedade
631 605 62 22 eller
716 606 40 21 till
781 607 107 27 tjänster
914 608 118 21 utnämda

203 635 54 22 med
274 635 121 22 afvikelse
411 634 58 22 från
486 634 164 27 grundlagens
666 634 159 27 stadganden.

271 693 34 21 Hr
320 692 118 25 Heikel,
463 691 125 26 Teodor,
610 691 71 21 anhöll
698 698 33 14 om
749 692 61 21 ordet
825 693 40 20 och
880 693 93 26 yttrade:
988 694 45 27 Jag

202 721 35 22 vill
252 721 91 25 anmäla,
355 723 31 18 att
402 721 27 26 på
445 720 66 27 tredje
526 720 66 21 raden
607 720 22 21 af
643 720 67 21 andra
725 721 82 26 stycket
819 721 60 21 heter
892 721 36 22 det
940 722 92 27 »skäligt

202 750 139 25 understöd»,
358 749 36 21 det
409 749 38 21 bör
463 749 53 21 dock
532 755 50 14 vara
602 749 106 26 »ständigt
724 749 138 22 understöd».
886 750 65 21 Detta
967 751 63 20 beror

202 779 28 26 på
244 785 27 14 en
288 777 153 28 misskrifning,
457 777 84 21 hvilken
554 777 38 27 jag
606 777 88 21 härmed
710 777 36 21 vill
762 779 60 20 rätta.

270 836 34 21 Hr
319 835 145 21 Mikkola:
487 834 129 22 Valiokunta
631 841 27 14 on
670 835 83 21 toisella
764 835 76 22 sivulla
850 835 182 22 kursiveerannut

202 866 58 25 myös
277 866 64 19 erään
358 863 91 26 kohdan,
462 863 52 27 joka
528 863 60 21 alkaa
604 863 97 21 sanoilla:
720 865 56 20 »että
788 863 130 22 ehdotukset
928 865 100 27 erityisen

201 893 107 27 lisäyksen
325 892 133 21 ottamisesta
474 892 126 20 alamaiseen
617 891 154 21 vastaukseen»
786 892 15 26 j.
817 898 21 15 n.
854 898 23 20 e.,
893 893 49 21 siitä
952 895 78 25 syystä,

200 923 44 20 että
260 921 168 21 valiokunnassa
442 920 29 21 oli
482 920 84 27 jonkun
591 926 76 15 verran
684 920 164 27 erimielisyyttä,
865 922 99 26 pitäisikö
979 928 49 20 por-

200 950 139 26 varissäädyn
363 949 114 27 erityisesti
499 948 107 28 hyväksyä
626 950 58 19 tämä
707 949 170 27 menettelytapa.
907 950 61 22 Jotta
989 953 40 18 tuo

200 978 156 28 epätietoisuus
372 978 105 20 voitaisiin
493 978 89 26 poistaa,
598 977 128 21 ehdottaisin
740 978 62 25 minä,
813 980 45 19 että
868 979 161 27 porvarissääty

200 1008 150 20 nimenomaan
366 1006 86 21 tahtoisi
466 1006 108 27 hyväksyä
588 1006 144 21 valiokunnan
745 1006 145 27 käsitystavan
904 1009 59 19 tässä
975 1008 53 20 koh-

200 1036 47 22 den.
279 1035 26 22 Se
331 1035 19 21 ei
373 1034 77 26 sisällä,
476 1036 42 20 että
543 1034 157 27 porvarissääty
725 1034 93 28 luopuisi
844 1035 184 27 mielipiteestään,

200 1071 53 15 vaan
269 1064 125 21 valiokunta
408 1063 83 26 lausuu,
506 1065 50 24 että,
571 1063 67 21 koska
653 1064 177 26 porvarissäädyn
841 1064 112 22 edustama
962 1064 66 22 kanta

198 1093 19 21 ei
234 1093 33 21 ole
283 1094 139 20 saavuttanut
437 1095 74 18 muuta
526 1092 50 21 kuin
588 1092 86 20 osittain
686 1092 82 21 kahden
781 1092 80 28 säädyn
872 1092 156 27 kannatuksen,

198 1122 107 27 lisäyksen
319 1121 114 21 ottamisen
444 1120 127 22 alamaiseen
582 1120 143 21 vastaukseen
736 1121 49 21 näin
797 1121 55 21 ollen
864 1123 72 25 täytyy
946 1125 81 18 raueta.

267 1179 33 21 Hr
317 1174 124 25 Öhman:
471 1178 42 21 För
529 1180 31 19 att
576 1178 94 21 undvika
680 1178 149 21 missförständ
841 1181 45 18 tror
894 1179 38 26 jag
939 1180 88 25 jämväl,

197 1210 33 19 att
245 1208 36 21 det
297 1209 23 19 är
336 1207 80 26 nödigt,
432 1209 31 18 att
482 1206 180 27 borgareständet
677 1207 139 26 uttryckligen
833 1207 79 21 uttalar
928 1210 30 19 ett
974 1208 51 27 god-

197 1237 114 20 kännande
326 1235 23 22 af
362 1235 26 22 de
404 1235 41 21 fem
462 1236 52 20 sista
529 1235 91 21 raderna
635 1235 6 20 i
657 1234 68 22 första
741 1235 81 27 stycket
837 1236 29 27 pä
880 1236 67 21 andra
958 1237 68 20 sidan.

266 1294 33 21 Hr
315 1293 161 24 Lavonius,
500 1292 153 21 Wilhelm:
684 1292 71 21 Kuten
771 1293 39 21 hra
825 1293 95 22 Mikkola
932 1294 23 27 jo
972 1294 54 21 huo-

196 1323 82 25 mautti,
295 1323 18 20 ei
329 1321 269 28 perustuslakivaliokunta
614 1321 34 21 ole
663 1321 145 26 tarkoittanut,
824 1324 45 19 että
879 1323 146 26 porvarissää-

196 1352 42 27 dyn
261 1351 66 21 kanta
349 1350 84 21 millään
452 1350 78 21 tavalla
545 1349 47 22 olisi
608 1351 133 20 muuttunut.
773 1350 83 22 Katson
872 1351 75 21 olevan
964 1353 61 26 syytä

196 1379 163 22 keskustelussa
374 1379 119 21 alleviivata
509 1379 41 20 sitä
566 1378 91 22 seikkaa.

266 1436 157 22 Diskussionen
445 1435 132 22 förklarades
598 1435 88 22 härmed
702 1435 97 28 afslutad,
815 1436 108 22 hvarefter
938 1437 86 22 ständet

196 1466 70 21 beslöt
283 1465 113 27 godkänna
412 1464 326 27 sammanjämkningstörslaget.
