1123 1773
190 120 43 21 574
443 119 307 33 Representationsreformen.
930 129 27 17 28
969 128 52 21 maj.

258 194 33 22 Hr
307 194 117 26 Heikel,
440 194 94 22 Felix:
554 196 34 20 Hr
604 195 89 21 talman!
710 196 43 21 Det
767 198 24 19 är
807 198 50 18 utan
874 196 83 22 tvekan
968 202 47 16 men

188 222 47 22 icke
250 225 51 19 utan
318 223 77 21 vemod
407 223 38 27 jag
461 223 37 27 går
514 224 31 20 till
560 223 127 27 afgörandet
701 224 20 21 af
737 224 69 21 denna
821 224 114 28 allvarliga,
948 226 7 20 i
970 225 47 22 vårt

189 251 55 21 folks
267 252 47 20 hela
336 251 26 21 lif
383 251 61 27 djupt
465 252 127 27 ingripande
612 252 66 27 fråga,
694 259 46 15 som
759 259 29 15 nu
803 252 114 28 föreligger
933 254 31 21 till
980 254 35 21 be-

189 280 108 27 handling.
326 280 43 26 Jag
387 282 24 19 är
427 280 91 26 gammal
534 281 101 27 borgare;
655 281 38 27 jag
707 281 38 21 har
761 281 65 21 sedan
843 282 55 21 1882
914 282 45 21 haft
974 282 43 21 den

189 310 50 19 äran
261 311 32 19 att
312 315 51 15 vara
378 308 90 22 medlem
484 308 23 22 af
521 309 59 21 detta
596 309 62 21 såtnd
675 310 38 20 och
729 310 84 26 deltaga
827 310 7 20 i
849 310 50 22 dess
915 310 100 22 förhand-

189 336 68 28 lingar
279 337 39 21 och
338 337 39 27 jag
398 337 38 21 har
452 337 137 22 därförinnan
606 344 47 15 som
669 338 130 22 intresserad
815 338 89 22 åhörare
920 339 39 21 och
976 340 39 21 tid-

189 365 158 27 ningsreferent
361 365 47 27 följt
423 366 49 21 med
487 366 59 21 detta
561 366 75 22 stånds
648 367 140 21 värksamhet.
806 367 42 27 Jag
858 367 39 21 har
907 368 108 21 därunder

188 394 87 26 intagits
291 394 24 21 af
328 394 51 27 djup
395 394 73 21 kärlek
484 394 39 22 och
539 395 111 21 beundran
666 394 33 22 för
715 396 58 20 detta
789 396 62 21 stånd
865 396 40 21 och
920 396 32 21 till
967 396 48 22 hela

189 422 37 21 vår
245 423 81 27 åldriga
353 423 252 27 ståndsrepresentation,
628 423 33 21 för
677 424 40 21 den
734 424 108 27 upphöjda
857 424 158 22 fosterländska

188 451 61 26 anda,
261 458 45 14 som
323 451 73 21 städse
411 452 89 26 besjälat
511 452 126 21 densamma
647 452 39 22 och
697 452 92 22 dikterat
799 453 49 21 dess
858 453 79 21 beslut.
959 454 58 21 Dess.

188 479 109 27 betydelse
312 479 33 22 för
361 480 40 21 den
417 480 122 27 utveckling
554 481 48 21 vårt
617 480 45 22 folk
677 481 114 27 undergått
804 482 68 20 under
883 482 36 20 det
930 485 88 18 senaste

188 508 113 21 halfseklet
324 508 41 21 kan
387 508 47 21 icke
453 508 81 22 skattas
553 515 45 21 nog
616 509 59 27 högt.
705 510 206 26 Representationen
928 510 39 22 har
983 512 32 20 ut-

188 536 73 27 vidgat
283 536 40 28 och
345 536 70 22 befäst
438 537 40 21 den
501 538 174 27 medborgerliga
696 537 90 22 friheten
808 538 7 21 i
837 538 58 22 detta
910 539 49 21 land
975 539 41 21 och

188 565 88 21 bevarat
298 565 40 21 och
361 568 85 24 tryggat
467 566 84 21 landets
574 568 117 20 autonoma
713 566 100 28 politiska
831 567 108 27 ställning.
969 567 45 22 Och

188 594 69 20 under
275 594 41 21 den
332 594 66 21 hårda
412 594 37 26 tid,
465 600 46 15 som
527 595 21 21 vi
564 595 85 27 nyligen
666 595 147 27 genomlefvat,
829 595 38 21 har
883 596 41 21 den
941 598 74 20 värnat

188 622 82 21 landets
286 624 43 20 rätt
343 623 29 26 på
386 625 31 19 ett
433 624 47 24 sätt,
491 629 47 15 som
555 624 109 20 tillvunnit
679 624 41 21 den
735 624 48 21 hela
797 623 78 23 folkets
887 624 40 22 och
935 625 79 27 jämväl

188 650 109 22 utlandets
312 650 52 22 fulla
379 651 142 21 erkännande.
543 652 77 21 Denna
630 652 214 27 folkrepresentation
856 652 38 22 har
906 653 109 22 värksamt

188 679 83 21 arbetat
293 679 34 21 för
350 680 36 21 det
408 680 139 22 ekonomiska
570 680 71 22 lifvets
665 681 121 27 utveckling
805 681 7 21 i
827 681 56 21 olika
895 682 120 27 riktningar

188 708 40 21 och
242 708 33 21 för
290 708 102 27 höjandet
406 708 23 21 af
443 708 36 22 det
493 708 140 22 ekonomiska
649 709 120 22 välståndet
783 710 7 20 i
805 710 77 21 landet.
913 710 45 22 Och
974 711 41 21 den

188 736 38 21 har
247 736 59 22 alltid
328 736 109 28 frikostigt
457 738 127 21 understödt
602 738 40 21 och
663 738 112 27 befrämjat
793 738 221 22 folkskoleväsendets.

188 765 123 27 utveckling
329 766 39 21 och
383 765 216 28 folkupplysningens
615 767 116 27 spridande
746 766 32 22 till
793 767 40 21 alla
848 767 59 27 lager
922 767 23 21 af
958 774 55 15 sam-

188 793 70 22 hället.
281 794 122 22 Resultatet
417 794 40 22 och
469 794 39 28 jag
523 795 35 21 må
574 797 51 25 säga
641 795 36 21 det
693 795 88 21 afsedda
791 796 112 21 resultatet
914 796 23 21 af
945 796 70 22 denna

188 822 137 22 värksamhet
339 822 38 22 har
392 829 29 15 nu
437 823 55 21 visat
507 823 38 27 sig.
576 824 71 21 Breda
661 824 58 27 lager
731 824 23 21 af
767 824 47 21 vårt
828 824 50 26 folk,
893 825 72 21 hvilka
979 825 35 21 vid

188 851 126 27 tidpunkten
333 851 34 21 för
382 852 36 20 det
433 852 169 26 representativa
618 854 115 25 systemets
747 852 184 28 återupplifvande
946 854 7 21 i
968 854 48 20 vårt

187 879 49 22 land
252 879 48 28 lägo
315 880 7 21 i
338 880 99 27 djupaste
453 880 103 22 slummer
572 881 39 22 och
626 880 50 28 föga
691 881 50 22 eller
757 881 40 22 alls
812 882 45 21 icke
870 882 144 22 intresserade

188 909 34 26 sig
240 907 33 22 för
289 908 108 27 offentliga
411 908 79 28 frågor,
506 909 64 22 hafva
584 916 30 15 nu
629 910 78 21 vaknat
722 910 32 21 till
769 911 140 21 medvetande
925 917 34 15 om
976 911 37 21 sitt

188 937 185 26 menniskovärde,
383 937 32 22 till
430 938 65 21 insikt
511 944 34 15 om
562 938 46 21 sina
620 939 170 27 medborgerliga
801 939 125 27 rättigheter
936 939 40 22 och
988 940 30 21 de

187 965 52 27 yrka
260 972 36 19 nu,
311 968 32 19 att
363 965 22 22 få
404 966 84 27 deltaga
502 967 7 20 i
527 967 210 26 representationens
753 967 78 26 arbete,
849 970 32 19 att
897 975 52 14 vara
966 968 49 21 med

188 1000 35 15 om
246 993 136 28 lagstiftning
403 995 40 21 och
465 995 145 28 beskattning.
640 995 43 22 Det
705 997 23 20 är
745 996 7 21 i
768 996 88 21 främsta
871 999 92 19 rummet
979 997 36 21 det

188 1029 16 14 s.
220 1022 20 21 k.
254 1022 66 22 femte
336 1023 91 26 ståndet,
442 1023 186 22 arbetareklassen
645 1026 55 19 samt
714 1024 48 21 hela
777 1025 40 21 den
829 1025 95 27 kvinliga
934 1025 79 22 hälften

188 1051 22 21 af
224 1051 47 21 vårt
285 1051 50 26 folk,
351 1058 47 15 som
413 1059 29 14 nu
457 1052 53 27 yrka
526 1053 27 26 på
565 1052 80 22 reform
658 1053 23 21 af
688 1053 47 21 vårt
745 1054 273 27 representationssystem,.

188 1080 25 21 så
227 1081 32 20 att
270 1080 81 26 jämväl
367 1081 26 20 de
408 1081 35 20 må
458 1081 79 21 erhålla
553 1081 101 27 politiska
664 1081 125 27 rättigheter
799 1082 40 21 och
849 1081 21 22 få
880 1082 73 21 utöfva
961 1083 53 26 poli-

187 1108 56 21 tiska
257 1108 130 22 funktioner.
410 1109 67 27 Ingen
493 1109 40 21 har
547 1109 68 21 häller
630 1110 62 21 tänkt
707 1110 27 26 på
749 1112 31 19 att
795 1112 102 20 motsätta
907 1111 34 27 sig
951 1111 64 21 dessa

187 1136 134 22 reformkrat.
346 1137 50 21 Men
411 1138 8 20 i
434 1138 39 21 och
489 1138 48 21 med
553 1138 120 21 detsamma
687 1140 24 19 är
727 1139 36 21 det
777 1138 61 22 äfven
850 1139 71 27 gifvet,
931 1141 32 19 att
973 1140 41 20 den

188 1165 70 27 gamla
281 1165 274 28 ståndsrepresentationen
579 1166 70 22 måste
668 1167 49 21 vika
735 1167 40 21 och
789 1168 71 21 lämna
875 1174 47 15 rum
938 1168 34 21 för
987 1174 26 15 en

187 1200 29 20 ny
237 1194 101 26 tidsenlig
361 1195 193 27 sammansättning
576 1195 23 21 af
620 1195 51 21 våra
693 1196 131 26 landtdagar.
855 1196 45 22 Och
915 1196 100 22 liksom
999 1190 19 36 i

187 1222 108 22 forntiden
311 1223 251 27 nordmannahöfdingen
579 1224 52 21 stolt
646 1224 79 22 ristade
741 1224 32 22 sin
785 1225 100 27 geirsodd
897 1225 68 21 under
975 1224 40 22 lof-

187 1251 100 27 prisande
303 1251 23 21 af
339 1252 27 20 de
380 1251 56 27 höga
451 1252 74 26 gudar,
536 1258 46 15 som
600 1252 61 27 gifvit
675 1253 79 21 honom
769 1253 57 21 kraft
836 1255 31 19 att
878 1253 70 22 utföra
957 1256 64 18 stora.

188 1280 96 26 bragder,
295 1280 25 21 så
335 1280 38 26 går
388 1280 40 21 ock
443 1280 179 27 borgareståndet
637 1281 39 22 och
692 1282 39 20 den
748 1281 69 22 finska
827 1282 187 27 ståndsrepresen-

188 1308 95 21 tationen
299 1308 52 22 stolt
367 1308 39 22 och
425 1308 157 28 själfmedvetet
596 1309 24 21 af
633 1316 52 20 egen
701 1310 27 21 fri
743 1310 50 27 vilja
809 1311 68 21 döden
893 1311 31 21 till
940 1312 75 20 mötes.

257 1336 63 22 Olika
334 1338 111 26 meningar
460 1338 59 20 inom
534 1338 48 21 vårt
596 1338 45 21 folk
657 1338 62 22 hafva
733 1339 46 21 icke
794 1340 47 20 rådt
857 1340 91 21 rörande
963 1339 52 21 nöd-

187 1365 143 27 vändigheten
353 1369 32 18 att
400 1366 120 22 reformera
535 1367 38 20 vår
588 1368 178 26 representation.
796 1368 182 27 Utsträckningen
994 1367 23 22 af

187 1394 71 21 denna
279 1394 81 21 reform
382 1394 39 21 har
433 1394 81 27 jämväl
532 1395 104 21 dikterats
651 1396 23 21 af
686 1395 171 23 förhållandenas
873 1397 64 21 makt.
967 1397 48 21 Den

187 1422 106 21 allmänna
309 1423 40 21 och
365 1423 40 21 den
416 1423 43 21 lika
469 1425 116 19 rösträtten
596 1424 34 21 för
641 1424 40 21 alla
694 1424 183 22 samhällsklasser
889 1425 38 21 och
940 1426 75 20 obero-

187 1451 54 21 ende
257 1451 23 21 af
292 1451 43 21 kön
351 1451 38 21 har
405 1452 55 21 varit
475 1452 39 21 och
530 1454 23 19 är
570 1452 70 22 tidens
655 1453 66 21 lösen.
744 1454 43 20 Det
802 1455 23 19 är
840 1454 76 21 endast
925 1454 92 21 rörande

186 1479 82 21 formen
290 1479 33 21 för
343 1480 41 21 den
400 1487 41 20 nya
455 1482 212 25 representatiorens
683 1482 198 27 sammansättning,
897 1488 47 16 som
960 1482 56 21 olika

187 1509 110 26 meningar
309 1508 66 22 delvis
387 1509 54 21 varit
451 1509 100 21 rådande.
573 1510 49 20 Man
635 1510 38 21 har
684 1510 27 27 på
721 1517 26 15 en
759 1511 33 21 del
803 1511 42 21 håll
856 1513 75 24 ansett,
943 1513 31 19 att
985 1513 30 19 ett
