1100 1756
72 98 26 18 81
111 96 91 22 augusti.
322 94 115 18 Allmänna
449 94 200 18 sammankomster.
865 89 42 22 957

145 164 156 22 Diskussionen
324 169 38 15 var
384 163 88 21 härmed
487 162 98 27 afslutad,
599 163 111 22 hvarefter
727 163 85 22 ståndet
827 164 77 26 beslöt,

74 195 7 22 i
96 191 223 25 öfverensstämmelse
341 191 48 22 med
404 191 26 22 hr
445 191 160 27 Schybergsons
631 191 86 28 förslag,
734 191 132 22 öfverlämna
882 193 23 21 ät

75 223 106 22 utskottet
199 223 32 19 att
252 220 86 27 vidtaga
353 220 27 21 de
395 220 115 26 ändringar
526 219 133 22 beträffande
674 220 164 27 paragrafernas
854 221 50 21 ord-

74 249 118 29 ningsföljd
214 249 40 22 och
275 248 159 27 hänvisningar,
457 255 46 15 som
525 249 128 26 betingades
674 248 24 22 af
713 249 191 27 borgareständets

74 279 80 22 beslut.

146 335 147 26 Inledningen,
316 333 101 22 rubriken
441 333 39 22 och
502 329 109 26 klämmen
634 334 13 21 ä
670 334 47 21 sida
736 335 28 20 36
783 334 125 27 godkändes

76 367 54 20 utan
145 363 147 27 anmärkning.
644 364 2 2 :

148 507 44 21 Hrr
216 506 110 25 Idman,
353 505 152 26 Pietinen,
535 505 161 22 Salminen
721 505 41 22 och
791 506 117 22 Kaarlo

78 535 133 24 Castrén
229 535 54 21 hade
298 534 88 22 anhållit
401 540 35 15 om
451 533 94 28 ledighet
559 533 46 22 från
621 534 90 27 plenum
727 534 180 23 nästkommande

78 565 98 26 måndag,
192 563 40 22 och
247 563 44 22 blef
304 563 71 21 denna
389 562 98 22 anhållan
503 562 22 22 af
539 562 85 22 ståndet
640 562 93 22 bifallen.

148 593 76 21 Likaså
238 591 70 23 bifölls
324 591 26 22 hr
389 591 163 22 Söderholms
586 591 100 22 anhållan
702 593 32 20 att
748 591 21 22 få
784 598 51 15 vara
850 591 57 22 frän-

78 621 95 22 varande
187 621 47 21 från
249 621 87 27 plenum
352 620 179 22 nästkommande
546 619 90 28 onsdag.

150 776 34 21 Hr
205 775 184 22 talmannen
412 774 130 27 meddelade,
564 777 31 19 att
618 775 89 27 plenum
722 776 86 22 komme
823 777 33 20 att
871 782 41 20 ega

80 811 49 16 rum
145 804 119 28 måndagen
282 804 41 22 den
342 804 13 21 3
378 804 177 21 nästkommande
574 805 124 25 september
721 805 28 21 kl.
764 805 12 21 7
792 810 18 16 e.
825 810 27 16 m.
870 804 40 22 och

80 833 161 28 därpåföljande
262 833 87 27 plenum
372 832 110 28 onsdagen
502 832 41 22 den
558 832 14 21 5
587 832 82 23 dennes
682 833 82 27 jämväl
778 833 28 21 kl.
821 833 12 21 7
850 839 18 15 e.
883 839 27 15 m.

154 982 90 22 Plenum
260 981 117 23 afslutades
392 982 28 21 kl.
436 982 53 26 12,45
505 988 20 21 p.
542 988 21 15 n.

708 1045 23 17 In
743 1044 67 19 fidem:

654 1079 26 21 A.
700 1079 23 21 V.
738 1079 118 28 Lindberg.
