1098 1753
98 123 25 16 16
135 122 43 21 juli.
421 114 187 34 Tryckfrihetslag.
887 116 41 21 861

96 192 36 20 att
146 190 165 27 kejsaredömets
327 190 100 27 regering
441 190 38 21 har
495 189 41 22 den
549 192 60 19 stora
619 196 88 21 omsorg
718 197 35 14 om
764 190 163 27 tvistigheterna

99 218 77 22 mellan
199 219 26 20 de
247 218 69 21 skilda
335 219 190 24 nationaliteterna,
543 219 131 20 ätminstone
689 219 46 20 icke
749 218 34 21 för
798 219 35 20 det
849 220 76 20 närva-

96 247 75 25 rande,
193 249 31 18 att
239 247 46 21 icke
300 247 130 25 uttalanden,
447 253 46 15 som
509 247 71 20 kunde
595 246 112 22 framkalla
722 247 108 26 missämja
840 247 83 21 :mellan

98 276 56 25 dem,
170 275 79 21 saklöst
267 275 32 21 fär
314 281 93 21 passera,
422 281 49 15 men
487 275 98 21 däremot
600 277 24 19 är
640 275 40 21 den
696 282 43 20 nog
753 275 117 28 angelägen
887 282 34 15 om

98 306 33 20 att
146 303 80 27 skydda
241 303 47 22 sina
303 303 147 28 myndigheter
466 306 45 19 mot
526 303 96 22 klander.

168 360 34 21 Dä
223 360 64 27 ingen
310 366 69 16 annan
402 360 23 21 af
439 360 96 22 ständets
551 361 139 21 medlemmar
705 361 94 21 önskade
814 363 57 24 yttra
886 361 39 27 sig,

96 389 133 22 förklarades
252 388 151 22 diskussionen
423 388 98 27 afslutad,
536 389 108 21 hvarefter
660 390 134 26 omröstning
808 389 117 27 försiggick

99 418 69 26 enligt
182 417 92 27 följande
289 418 144 27 proposition:

170 474 38 33 De,
224 474 73 21 hvilka
311 474 118 34 godkänna
443 474 114 22 utskottets
565 474 91 33 förslag
669 475 34 21 till
717 475 79 27 lydelse
811 475 36 27 för
861 475 16 27 $
891 476 38 26 25,

99 505 61 19 rösta
169 503 39 27 ja;
224 503 31 26 de,
271 503 34 20 det
320 503 46 21 icke
379 505 61 25 göra,
456 505 60 19 rösta
532 503 48 28 nej;

170 560 79 21 vinner
269 560 43 27 nej,
333 560 42 21 har
391 560 177 27 borgareständet
581 560 37 27 för
630 560 137 28 paragrafen
783 560 86 28 antagit
885 561 42 21 den

99 589 87 28 lydelse,
200 596 47 14 som
262 589 125 27 föreslagits
402 588 29 28 af
443 589 27 21 hr
485 588 116 22 Boisman.

169 647 49 21 Med
234 645 156 28 öfvervägande
403 647 22 26 ja
440 647 70 21 beslöt
525 647 179 26 borgareständet
719 647 112 27 godkänna
842 647 86 21 utskot-

99 678 45 19 tets
160 675 85 27 förslag.

172 732 57 21 Utan
252 732 243 27 meningsskiljaktighet
518 732 124 26 godkändes
664 732 51 21 härä
736 732 136 27 inledningen
889 732 40 22 och

101 760 102 22 rubriken
219 760 30 22 till
265 760 137 28 lagförslaget
417 760 110 22 äfvensom
542 760 118 22 utskottets
676 760 55 22 kläm
747 761 12 21 ä
775 761 45 21 sida
834 761 34 21 47.

173 893 43 21 Hrr
235 892 134 21 Mauritz
389 892 172 27 Hallbergs
577 892 39 22 och
632 893 121 27 August
771 892 156 22 Jusélius”

102 918 99 25 anhållan
212 928 35 14 om
257 921 94 27 ledighet
360 921 48 21 från
419 921 110 27 tisdagens
540 921 39 21 och
590 921 122 27 onsdagens
723 922 62 26 plena
795 921 133 27 godkändes.

173 1059 89 21 Plenum
278 1058 74 21 afslöts
368 1058 27 21 kl.
410 1058 48 21 4.45
473 1064 18 15 e.
507 1065 26 14 m.

712 1121 23 18 In
747 1121 64 18 fidem:

659 1161 25 22 A.
707 1161 22 22 V.
747 1161 116 28 Lindberg.
