1100 1753
79 121 24 17 16
113 121 47 20 juli.
402 111 188 33 Tryckfrihetslag.
870 114 42 21 819

151 188 32 21 Hr
198 187 120 25 Heikel,
333 187 96 21 Felix:
452 187 42 27 Jag
508 187 93 26 begärde
616 187 64 21 ordet
694 187 34 22 för
743 190 32 19 att
790 187 68 22 uttala
868 188 44 27 mig

80 217 112 26 angående
207 223 82 14 samma
303 216 167 26 omständighet,
486 222 45 15 som
548 215 64 21 redan
629 215 104 22 berördes
747 215 22 22 af
777 216 25 21 hr
813 216 98 27 Ingman,

80 246 20 21 d.
117 251 19 15 v.
154 251 16 15 s.
186 244 165 27 olämpligheten
372 243 23 22 af
408 244 118 21 utskottets
540 243 81 27 törslag
636 244 7 21 i
659 244 42 21 den
717 244 40 25 del,
769 247 32 18 att
813 245 98 26 genmäle

80 273 55 22 skall
150 273 80 21 införas
245 273 6 21 i
267 279 82 15 samma
365 272 34 21 del
414 272 23 21 af
451 273 116 26 tidningen,
582 272 8 21 i
605 272 86 21 hvilken
708 273 149 21 meddelandet
872 273 38 21 har

80 302 76 27 ingått.
177 302 42 25 Jag
233 301 36 21 vill
285 301 76 21 endast
376 301 88 26 påpeka,
480 303 32 19 att
526 307 42 18 om,
583 301 72 20 såsom
671 301 95 21 inträffat
781 301 6 21 i
803 301 51 21 våra
870 301 40 22 tid-

81 331 83 26 ningar,
186 330 68 21 under
277 329 168 27 »hvarjehanda»
468 335 26 15 en
510 329 118 27 personligt
643 329 162 27 förolämpande
821 330 42 21 vits
879 331 31 20 in-

80 358 66 25 föres,
166 358 22 21 så
212 358 68 21 skulle
303 358 67 26 enligt
392 358 153 26 lagutskottets
568 356 81 28 förslag
669 358 80 26 jämväl
773 358 139 21 bemötandet

80 387 63 21 däraf
156 387 69 20 måsta
239 386 50 26 ingå
305 386 68 21 under
388 386 103 21 rubriken
508 386 178 26 »hvarjehanda».
706 386 43 27 Jag
763 389 45 18 tror
817 386 51 25 icke,
879 388 33 20 att

80 416 78 26 någon,
182 421 45 15 som
251 415 52 21 känt
325 415 32 21 sin
382 414 64 22 heder
470 414 76 22 kränkt
569 420 77 21 genom
669 417 32 18 ett
716 415 110 21 uttalande
842 415 69 21 under

80 445 72 21 denna
166 444 79 25 rubrik,
262 443 69 21 skulle
351 442 20 22 få
388 443 31 21 sin
436 443 66 21 heder
516 442 110 22 återställd
643 449 77 20 genom
737 446 31 18 ett
783 444 129 20 bemötande

81 473 69 21 under
166 478 80 15 samma
268 472 80 24 rubrik,
364 474 52 18 utan
440 472 68 20 skulle
524 472 41 20 han
582 474 93 18 tvärtom
692 472 123 26 därigenom
832 472 79 27 ådraga

81 501 34 27 sig
130 501 69 26 åtlöje.
222 500 42 21 Det
284 506 81 15 samma
386 500 71 21 blefve
472 500 64 26 fallet,
552 500 44 21 ifall
611 500 37 21 det
663 500 124 22 kränkande
802 501 111 26 yttrandet

80 530 71 26 ingått
174 529 67 21 under
264 528 120 26 sträcket,
382 524 12 36 i
408 529 41 21 den
472 535 16 15 s.
504 529 20 20 k.
539 528 182 27 källarvåningen.
751 529 103 21 Däremot
869 529 42 21 kan

77 558 39 27 jag
131 558 46 21 icke
192 557 73 21 förena
281 558 44 26 mig
340 558 48 20 med
404 557 27 21 de
447 558 89 26 tidigare
547 557 94 21 talarena
652 557 81 26 därom,
743 560 32 18 att
785 557 126 27 paragrafen

80 587 7 21 i
102 586 65 26 öfrigt
182 586 68 21 skulle
266 586 110 26 redigeras
391 586 7 20 i
414 585 223 22 öfverensstämmelse
653 586 49 21 med
718 586 39 21 den
775 586 77 27 nådiga
862 592 49 21 pro-

80 615 128 27 positionen.
240 615 43 21 Det
303 616 24 19 är
350 614 76 27 nödigt
448 617 32 18 att
503 615 70 20 lämna
595 614 50 21 bort
668 615 62 21 ordet
748 615 100 26 »saklig»,
864 621 46 15 som

80 644 62 26 ingår
165 644 30 20 uti
218 644 39 20 den
281 643 78 27 nådiga
382 643 169 27 propositionen,
567 646 22 23 ty
604 643 62 26 ingår
687 643 65 26 detta,
768 644 23 20 så
807 643 40 21 blir
863 644 48 25 den,

81 678 47 16 som
151 672 7 21 i
180 672 136 26 tidningarna
336 671 69 21 blifvit
426 672 83 21 kränkt,
525 672 100 26 tämligen
641 672 89 20 rättslös
747 674 108 25 gentemot
870 672 40 21 tid-

80 700 209 27 ningsredaktionen.
321 700 49 21 Han
394 700 41 21 blir
458 702 67 19 utsatt
547 700 33 21 för
602 702 32 19 att
656 700 47 21 icke
725 700 22 21 få
761 701 38 20 sitt
813 700 97 27 genmäle

80 729 81 21 infördt
175 729 39 20 och
229 729 41 20 kan
286 731 67 18 värna
368 728 32 21 sin
417 730 43 19 rätt
476 729 76 20 endast
567 735 77 20 genom
661 731 32 18 att
706 729 59 26 börja
775 735 26 15 en
813 729 44 20 ofta
866 735 44 20 nog

80 757 101 27 förhatlig
196 757 119 27 rättegång.

150 815 32 20 Hr
198 814 109 21 Ansas:
323 814 127 21 Minullakin
467 814 28 21 oli
506 814 71 25 äsken,
585 815 53 26 jopa
648 815 171 25 ensimmäisenä,
830 814 81 21 kunnia

80 845 78 25 pyytää
178 843 166 26 puheenvuoroa
366 843 202 21 huomauttaakseni
591 843 105 21 samoista
718 843 106 26 seikoista,
844 843 67 27 joista

81 871 64 22 täällä
160 875 37 23 nyt
212 877 26 15 on
255 871 157 21 huomautettu.
444 871 34 21 On
494 871 135 27 epäilemättä
644 872 81 24 väärin,
738 872 35 26 jos
789 872 120 26 poistetaan

80 907 53 14 sana
150 900 142 25 »asiallinen»,
303 900 47 21 sillä
365 900 70 21 silloin
447 901 34 20 voi
493 900 57 21 kuka
559 900 90 21 tahansa
659 900 59 21 mille
727 900 84 21 loruille
821 900 91 21 tahansa

80 929 70 21 vaatia
173 929 49 20 tilaa
244 928 167 21 sanomalehden
428 929 112 26 palstoilla.
571 929 87 21 Samoin
674 935 28 15 on
718 929 127 21 kerrassaan
861 931 49 24 epä-

80 957 163 28 käytännöllistä
255 957 24 26 ja
294 957 72 21 väärin
384 957 75 26 vaatia,
470 959 44 19 että
529 961 86 18 vastaus
631 957 49 22 olisi
690 958 121 26 painettava
823 964 86 15 samaan

81 989 102 18 osastoon
199 985 75 26 lehteä,
290 985 51 21 kuin
357 986 68 21 missä
440 992 28 15 on
484 986 54 21 ollut
554 992 23 15 se
592 986 106 27 kirjoitus,
706 987 47 26 jota
762 986 149 21 tarkoitetaan.

80 1015 50 20 Kun
155 1016 70 19 tämän
248 1014 89 27 pykälän
361 1014 107 21 tarkoitus
492 1021 26 14 on
540 1017 84 19 turvata
643 1015 81 26 yleisöä
740 1015 170 20 väärämielisiltä

80 1043 142 26 toimittajilta,
239 1043 43 20 niin
306 1043 43 20 silti
372 1043 18 20 ei
414 1049 37 15 saa
474 1043 62 21 laatia
558 1043 89 27 pykälää
662 1043 51 25 niin,
729 1045 44 19 että
788 1043 123 27 toimittajat

80 1071 82 21 tulevat
182 1071 159 21 turvattomiksi
361 1072 161 20 väärämielisen
544 1072 80 26 yleisön
641 1072 83 21 edessä.
753 1072 59 20 Minä
826 1072 84 26 pyydän

79 1100 115 21 kannattaa
210 1100 58 20 näitä
282 1100 65 21 kahta
361 1100 81 21 kohtaa
457 1100 143 26 semmoisina,
609 1100 51 21 kuin
675 1106 27 15 ne
713 1102 50 19 ovat
773 1100 137 27 esityksessä.

150 1157 32 21 Hr
196 1157 111 21 Erkko:
331 1156 49 22 Olin
396 1159 103 25 pyytänyt
514 1158 169 26 puheenvuoroa
698 1157 125 21 tehdäkseni
834 1157 76 21 samal-

80 1186 66 21 laisen
170 1186 139 26 ehdotuksen,
325 1186 52 20 kuin
393 1186 35 21 hrt
444 1186 90 27 Ingman
548 1186 23 27 ja
587 1186 71 21 Ansas
674 1188 51 19 ovat
741 1186 62 21 täällä
818 1186 93 21 tehneet.

80 1214 88 26 Luulen,
184 1216 44 19 että
251 1215 48 20 siitä
321 1214 48 21 olisi
392 1214 166 27 käytännöllistä
578 1215 78 27 hyötyä
678 1215 53 21 sekä
752 1215 94 27 yleisölle
867 1216 44 20 että

80 1243 167 21 sanomalehtien
260 1243 143 27 toimittajille.
422 1244 126 21 Puolestani
560 1250 24 14 en
599 1244 61 25 usko,
671 1246 49 22 että,
728 1244 36 27 jos
775 1244 20 20 ei
805 1246 37 18 tuo
854 1245 56 19 mää-

80 1274 55 25 räys,
150 1273 44 20 että
209 1272 110 21 vastineen
340 1272 57 26 pitää
414 1272 42 21 olla
471 1272 117 25 asiallinen,
604 1272 34 21 ole
653 1272 144 25 asetuksessa,
813 1273 41 20 sitä
868 1272 41 21 tul-

80 1300 71 22 taisiin
166 1300 72 21 väärin
254 1300 135 27 käyttämään
405 1301 81 27 yleisöä
501 1304 94 21 vastaan,
611 1303 70 19 mutta
696 1307 24 15 se
735 1301 48 21 olisi
798 1300 111 22 kuitenkin

77 1329 181 27 jonkunmoisena
281 1331 91 19 turvana
396 1330 41 20 sitä
462 1330 172 27 väärinkäytöstä
657 1332 96 23 vastaan,
771 1330 48 26 jota
843 1329 68 27 yleisö

80 1358 86 27 käyttää
181 1357 291 28 sanomalehdentoimittajia
487 1358 99 22 kohtaan.

149 1415 33 21 Hr
197 1415 191 20 Tötterman:
411 1414 32 21 På
458 1415 26 20 de
500 1415 51 25 skäl,
564 1421 46 15 som
622 1415 24 21 af
654 1415 26 21 hr
690 1415 77 21 Heikel
777 1415 134 25 framhäliits,

80 1443 38 22 ber
138 1443 38 27 jag
197 1443 21 21 fä
240 1443 133 21 understöda
394 1443 37 21 det
446 1443 23 21 af
483 1443 78 21 honom
578 1444 76 26 gjorda
668 1444 111 27 yrkandet.
810 1444 43 21 Det
867 1443 42 21 kan

81 1471 69 28 gifvas
165 1471 42 27 fall,
223 1472 27 21 dä
264 1472 37 21 det
316 1473 23 20 är
355 1471 45 22 helt
414 1472 40 21 och
470 1472 66 21 hället
551 1472 93 27 ogörligt
659 1474 32 19 att
707 1472 95 27 uppfylla
816 1473 93 20 bestäm-

80 1501 80 26 ningen
183 1507 34 14 om
240 1502 32 19 att
295 1500 108 27 genmälet
418 1500 55 21 skall
488 1501 21 20 fä
524 1507 81 15 samma
620 1501 64 27 plats.
701 1507 47 16 som
763 1501 26 21 de
805 1501 39 21 ord
860 1500 50 27 hatt,
