1100 1798
176 158 56 21 1110
476 157 227 32 Afskedshälsningar.
839 164 25 17 18
877 164 127 20 september.

176 233 48 21 dom
242 234 26 19 än
285 233 33 20 må
334 231 80 25 utfalla,
430 231 69 27 aldrig
515 232 53 21 skall
583 232 36 21 det
628 231 73 22 kunna
711 231 106 26 förnekas,
828 235 33 18 att
871 233 46 21 icke
927 232 77 22 foster-

175 261 135 21 landskärlek
333 260 41 21 och
397 260 88 21 känslan
508 260 23 21 af
544 260 52 27 plikt
620 263 44 18 mot
679 260 50 21 land
745 260 39 21 och
800 260 44 21 folk
861 261 73 21 städse
950 262 55 21 varit

174 289 133 27 ledstjärnan
324 289 35 21 vid
376 289 188 26 borgareståndets
580 289 186 26 öfverläggningar
781 289 39 21 och
836 289 78 22 beslut.

244 317 78 22 Därför
345 317 73 21 kunde
440 317 45 21 icke
507 317 65 21 häller
595 317 40 21 den
658 318 80 20 minsta
759 317 77 21 tvekan
853 318 57 24 råda,
926 318 27 21 då
968 319 36 20 det

175 346 33 22 för
224 346 36 21 det
279 353 28 14 nu
323 345 129 22 församlade
467 345 177 27 borgareståndet
655 345 70 27 gällde
743 348 31 19 att
791 346 49 21 med
862 346 142 27 uppoffrande

174 374 24 22 af
210 375 42 20 alla
274 374 139 21 individuella
436 374 87 27 hänsyn,
542 374 23 21 af
578 374 72 27 hvarje
665 374 64 21 tanke
745 375 27 26 på
787 375 65 26 parti-
869 375 51 21 eller
936 375 68 21 klass-

175 403 113 24 intressen,
303 403 86 20 afkläda
400 403 39 20 den
452 403 80 26 åldriga
544 403 285 26 ständerrepresentationen
841 403 50 21 dess
902 403 102 27 befogen-

175 431 61 22 heter
251 431 39 22 och
306 430 107 22 öfverföra
429 431 46 21 dem
493 431 28 26 pä
536 431 40 21 den
592 437 40 21 nya
642 431 252 26 folkrepresentationen.
924 432 31 27 Ty
968 432 36 21 det

175 462 73 25 syntes
264 459 133 27 nödvändigt
412 461 36 22 att,
463 459 33 21 för
511 459 108 21 kufvande
634 459 22 21 af
670 459 40 21 den
728 459 143 27 söndringens
884 461 60 25 ande,
956 467 47 15 som

174 489 79 20 hotade
268 490 31 19 att
315 488 86 27 splittra
417 488 46 21 värt
478 487 50 26 folk,
544 488 66 21 samla
631 487 40 22 alla
688 488 146 27 medborgare,
851 489 25 21 sä
891 491 48 18 män
956 495 47 15 som

175 517 97 25 kvinnor,
295 517 65 26 kring
382 523 26 14 en
424 517 128 24 institution,
576 523 45 14 som
642 516 72 21 kunde
730 517 108 26 uppbäras
854 517 23 21 af
890 517 113 22 nationens

174 545 52 22 fulla
241 545 72 21 kärlek
329 545 40 21 och
386 545 46 20 med
449 545 50 21 dess
515 545 47 20 hela
578 545 55 20 kraft
649 547 65 18 värna
729 545 83 21 landets
830 547 42 20 rätt
883 545 39 22 och
935 546 67 21 bästa.

244 573 43 22 För
303 576 31 19 att
350 573 71 21 denna
440 574 170 26 representation
631 573 53 21 skall
700 574 65 20 varda
785 579 25 16 en
826 574 100 21 lefvande
941 574 61 21 värk-

174 602 67 27 lighet
256 603 48 20 med
320 602 41 21 den
379 602 107 27 betydelse
501 602 41 21 den
559 601 37 22 bör
612 608 44 20 ega,
672 601 85 22 fordras
773 602 53 21 dock
843 603 87 26 mycken
945 603 57 21 med-

175 631 109 26 borgerlig
300 630 142 21 värksamhet.
472 631 43 20 Det
530 630 83 21 fordras
629 632 31 19 att
676 630 90 27 upplysa
781 630 67 22 folket
864 637 34 15 om
910 631 40 21 den
962 638 41 20 nya

174 660 74 26 lagens
272 659 55 21 anda
350 659 40 21 och
411 659 99 24 innehäll,
534 661 30 19 att
579 659 44 20 lära
638 659 36 20 det
689 659 116 26 uppskatta
821 659 39 21 och
876 661 43 20 rätt
934 660 69 21 bruka

174 688 42 21 den
240 687 64 26 makt,
320 693 47 16 som
384 687 55 27 lagts
454 687 7 21 i
477 687 50 21 dess
543 687 62 25 hand,
621 687 39 21 och
675 687 89 21 framför
779 687 38 22 allt
832 690 32 19 att
879 688 46 21 äter
940 688 63 27 vänja

175 717 37 20 det
227 717 34 20 vid
276 718 31 19 att
323 716 6 21 i
345 718 31 19 ett
391 715 181 22 konstitutionellt
587 715 102 22 samhälle
704 716 36 26 lag
751 716 40 21 och
801 716 49 27 laga
860 717 80 20 tormer
951 717 51 20 böra

174 745 52 21 räda
248 745 59 20 öfver
331 744 104 27 godtycke
458 744 38 21 och
519 744 54 21 väld.
588 757 28 2 —
632 745 38 20 Att
688 744 74 21 arbeta
776 744 33 21 för
825 745 140 27 spridningen
981 745 24 21 af

175 774 69 21 denna
267 773 131 27 upplysning
420 775 24 18 är
456 779 26 14 en
498 775 46 19 stor
563 772 95 28 uppgift,
668 779 47 14 som
732 773 114 27 föreligger
862 773 73 27 hvarje
950 775 52 20 rätt-

172 802 79 21 sinnad
274 801 142 26 medborgare
431 802 7 20 i
454 801 47 21 vårt
524 801 48 21 land
596 801 38 21 och
657 801 53 21 allra
733 801 66 22 minst
817 802 39 21 bör
873 809 50 14 vara
937 801 64 22 främ-

175 831 77 21 mande
268 830 33 21 för
316 830 60 21 detta
391 830 74 21 ständs
483 830 144 21 medlemmar.

244 859 59 21 Mina
317 859 81 24 herrar,
414 859 27 20 dä
452 858 39 27 jag
506 865 29 14 nu
551 859 115 26 nedlägger
682 858 69 21 denna
764 858 178 26 talmansklubba,
955 865 45 15 som

175 887 33 23 för
224 890 59 19 snart
298 888 36 20 nio
350 887 102 22 mänader
468 887 66 21 sedan
550 887 58 21 lades
624 887 6 21 i
647 887 43 21 min
706 887 103 27 ovärdiga
824 887 62 26 hand,
903 887 49 22 sker
967 888 36 21 det

175 917 69 21 under
259 916 62 27 litligt
342 916 140 21 medvetande
501 916 27 26 af,
544 918 31 19 att
587 916 37 26 jag
639 916 7 20 i
662 916 77 26 många
754 915 116 22 afseenden
886 916 18 27 ej
921 916 83 22 kunnat

172 945 54 27 fylla
240 945 27 21 de
289 944 101 27 anspråk,
406 950 46 16 som
474 944 49 21 bort
538 944 72 21 ställas
626 944 27 27 pä
669 944 40 21 den
726 944 52 21 siste
793 944 123 22 talmannen
932 946 7 20 i
954 945 48 21 bor-

173 974 146 26 gareständet.
349 972 50 22 Men
418 973 38 27 jag
478 973 124 27 uppehälles
625 972 23 22 af
662 973 155 23 medvetandet,
833 976 32 18 att
877 973 38 27 jag
930 974 73 21 städse

176 1002 115 27 uppbjudit
311 1002 28 21 all
363 1002 43 20 min
429 1001 107 27 förmäga;
560 1002 38 20 och
621 1002 27 20 dä
668 1001 38 27 jag
721 1001 23 21 af
757 1001 40 21 alla
812 1002 190 27 borgareständets

177 1031 138 21 medlemmar
330 1032 50 20 rönt
395 1030 24 21 sä
434 1030 77 21 mända
526 1030 60 21 bevis
601 1030 27 27 pä
640 1030 139 21 öfverseende
792 1030 48 22 med
853 1031 56 21 mina
919 1030 84 24 brister,

177 1060 24 21 sä
216 1060 88 26 mycken
328 1059 112 27 personlig
461 1059 95 27 vänskap
573 1058 39 22 och
628 1058 90 27 välvilja,
734 1058 68 22 mäste
817 1059 71 21 denna
903 1059 101 27 landtdag

176 1088 33 21 för
224 1088 44 27 mig
283 1088 90 21 framstä
386 1088 71 20 säsom
472 1088 48 20 mitt
532 1087 84 21 käraste
628 1087 38 21 och
679 1087 124 27 dyrbaraste
814 1088 72 20 minne
896 1088 33 20 för
939 1088 65 21 lifvet.

177 1118 42 20 För
234 1117 28 21 all
285 1117 70 21 denna
378 1116 95 27 vänskap
496 1116 40 21 och
559 1116 84 27 välvilja
658 1116 72 21 tackar
743 1116 38 26 jag
795 1116 58 21 Eder
868 1116 23 21 af
904 1116 37 21 allt
956 1116 48 22 mitt

175 1146 75 26 hjärta.

245 1174 77 21 Likaså
337 1173 39 21 ber
388 1173 39 27 jag
441 1175 32 19 att
487 1172 21 22 få
523 1173 31 21 till
570 1173 97 21 ståndets
680 1173 138 26 sekreterare,
830 1173 45 21 tolk
886 1173 39 21 och
936 1173 68 27 öfriga

176 1202 171 28 kanslipersonal
370 1202 107 21 frambära
500 1202 43 20 min
569 1201 133 27 tacksägelse
723 1201 32 22 för
778 1202 36 21 det
831 1202 109 21 utmärkta
954 1204 49 23 sätt,

177 1231 80 27 hvarpå
272 1232 25 20 de
313 1230 47 28 fyllt
375 1231 47 21 sina
436 1230 134 27 åligganden,
586 1230 39 21 och
640 1230 102 22 särskildt
753 1232 22 20 är
783 1230 38 28 jag
832 1231 96 21 ståndets
940 1231 64 21 ärade

178 1260 132 21 sekreterare
327 1259 84 28 skyldig
426 1262 31 19 ett
469 1262 75 23 varmt,
554 1258 119 28 broderligt
684 1259 47 22 tack
741 1259 33 22 för
787 1260 40 21 den
838 1260 166 21 ensamstående

176 1289 128 26 skicklighet
325 1288 39 21 och
388 1288 207 27 samvetsgrannhet,
618 1287 101 22 hvarmed
743 1288 41 21 han
801 1288 103 21 handhaft
919 1289 33 20 sin
967 1289 36 20 be-

177 1317 93 26 fattning
285 1317 39 22 och
341 1317 87 21 därmed
445 1317 131 20 underlättat
591 1316 60 21 äfven
668 1317 48 20 mitt
730 1317 80 21 arbete.

246 1347 42 26 Jag
304 1347 36 20 ber
353 1345 80 27 jämväl
449 1347 31 19 att
495 1345 21 21 få
532 1345 27 27 på
574 1345 36 21 det
625 1345 134 26 hjärtligaste
774 1345 60 22 tacka
850 1345 98 27 samtliga
964 1346 40 21 tid-

177 1375 120 26 ningsmän,
313 1381 77 20 genom
407 1374 82 21 hvilkas
505 1373 128 27 förmedling
648 1373 50 22 våra
712 1373 161 28 förhandlingar
889 1374 68 27 gjorts
968 1374 35 21 be-

178 1403 64 22 kanta
257 1403 32 22 för
304 1403 149 21 allmänheten.

246 1432 59 21 Mina
320 1431 79 26 herrar,
415 1433 29 20 ett
460 1431 53 21 sista
528 1431 47 21 tack
591 1431 38 21 och
645 1430 67 21 farväl
728 1431 31 21 till
775 1431 57 21 Eder
847 1431 47 22 alla.

247 1489 193 27 Borgareståndets
466 1488 181 27 ålderspresident
673 1488 25 21 hr
714 1488 151 21 Sundvall
888 1488 116 22 besvarade

178 1517 52 22 talet
246 1518 47 21 med
309 1517 93 27 följande
418 1517 48 22 ord:
