1123 1761
182 97 51 34 638
453 103 304 29 Representationsreformen.
936 108 28 17 28
976 109 50 20 maj.

256 175 159 22 Diskussionen
430 161 132 36 förklarades
578 182 28 15 nu
623 175 99 27 afslutad,
733 175 107 22 hvarefter
858 176 87 21 ståndet
954 177 71 21 beslöt

187 204 116 27 godkänna
318 204 12 27 $
346 203 28 22 57
391 206 55 19 samt
462 203 67 22 tillika
551 204 113 27 uppdraga
687 204 22 21 åt
730 204 241 27 expeditionsutskottet
993 207 33 19 att

186 233 88 26 vidtaga
289 233 27 20 de
331 232 150 27 förändringar
496 232 7 21 i
519 233 157 26 motiveringen
692 233 25 20 hr
733 233 108 21 Lavonius
856 232 117 29 föreslagit.

256 290 27 26 $$
298 289 87 22 58—73
401 289 125 27 godkändes
542 291 51 19 utan
609 289 150 27 anmärkning.

257 346 41 21 Vid
313 345 156 28 föredragning
483 345 23 22 af
520 346 27 21 74
564 347 12 26 &
592 346 72 21 anhöll

258 403 25 21 hr
299 402 162 28 Wegelius
477 409 34 15 om
527 403 63 21 ordet
605 403 40 21 och
661 404 91 26 yttrade:
782 403 43 27 Jag
840 403 37 22 ber
892 405 32 20 att
936 403 21 22 få
967 403 56 23 före-

189 431 33 22 slå
245 437 26 16 en
294 431 98 27 ändring,
415 438 46 15 som
483 431 47 22 icke
546 433 24 20 är
585 431 72 28 någon
678 432 68 27 saklig
761 432 92 27 ändring
868 432 39 22 och
922 432 47 22 icke
985 438 38 16 ens

190 460 67 27 gäller
276 463 30 18 ett
322 460 91 27 uttryck,
434 462 51 19 utan
501 461 78 20 endast
593 460 58 21 afser
667 467 25 14 en
708 460 133 28 typografisk
856 461 93 22 rättelse.
980 461 44 21 Det

189 491 25 19 är
230 489 107 27 nämligen
354 489 155 26 beteckningen
525 489 23 21 af
560 488 105 23 Finlands
682 489 72 22 Banks
769 489 69 22 firma.
869 489 38 22 Uti
925 490 41 21 den
983 496 39 15 nu-

188 517 97 22 varande
309 517 233 27 landtdagsordningen
569 517 91 22 skrifves
686 518 69 21 denna
779 518 63 21 firma
867 518 96 24 sålunda,
991 521 32 18 att

187 546 107 21 hvardera
314 546 68 21 orden
397 546 7 21 i
418 545 89 22 firmans
529 552 65 15 namn
610 546 73 27 börjas
698 547 48 20 med
763 548 44 19 stor
824 546 90 22 bokstaf.
945 547 78 21 Denna

188 575 131 26 beteckning
333 574 24 22 af
370 574 77 21 firman
463 574 70 21 finnes
549 575 65 21 också
629 575 7 20 i
652 575 26 21 de
693 575 151 26 reglementen,
860 581 47 15 som
923 575 24 21 af
959 575 63 21 Hans

188 603 103 27 Majestät
306 602 71 22 blifvit
391 602 121 22 fastställda
527 602 33 22 för
576 602 91 27 banken,
680 603 39 21 och
735 603 36 21 det
786 605 24 19 är
825 603 34 21 väl
875 610 44 20 nog
934 603 89 22 oafsikt-

188 632 45 26 ligt,
259 638 46 14 som
321 632 7 20 i
344 633 102 19 senatens
465 631 82 27 förslag
561 632 59 20 detta
635 631 89 28 tryckfel
739 632 38 21 har
792 632 105 27 insmugit
912 632 39 27 sig.
980 632 43 27 Jag

187 660 81 21 tillåter
284 661 44 26 mig
347 659 84 27 föreslå,
446 662 32 19 att
493 660 180 27 borgareståndet
688 660 49 22 ville
752 660 85 22 besluta
852 662 32 20 att
899 661 22 21 åt
936 661 85 27 expedi-

189 688 168 22 tionsutskottet
371 688 131 22 öfverlämna
517 691 31 19 att
564 688 62 24 tillse,
643 690 31 20 att
689 689 118 21 detsamma
820 689 41 21 blir
871 690 81 20 rättadt
962 690 7 20 i
979 690 42 20 den

186 717 87 27 slutliga
288 717 147 21 redaktionen.

257 774 158 22 Diskussionen
431 774 76 22 afslöts
522 775 94 26 härmed,
632 775 66 21 hvarå
713 775 179 27 borgareståndet
908 775 114 27 godkände

187 804 12 26 $
216 803 33 26 74,
267 803 119 27 hvarjämte
409 803 86 21 ståndet
510 804 101 26 uppdrog
633 804 23 21 åt
677 804 242 26 expeditionsutskottet
941 806 33 19 att
989 804 32 21 uti

187 832 108 27 lagtexten
323 832 74 26 utbyta
423 832 207 26 beteckningssättet
655 832 114 22 »Finlands
791 832 70 22 bank»
888 835 46 19 mot
958 833 63 21 >Fin-

185 860 62 22 lands
263 860 82 22 Bank».

257 917 25 28 85
299 917 90 26 75—80,
412 916 253 28 författningsförslagets
687 917 74 21 rubrik
784 917 39 21 och
846 917 107 22 klämmen
973 917 48 22 före

185 946 103 21 rubriken
305 945 124 28 godkändes
445 948 52 18 utan
512 945 173 28 anmärkningar.

255 1003 163 27 Behandlingen
433 1002 23 22 af
470 1002 238 28 grundlagsutskottets
724 1003 135 22 betänkande
875 1004 82 22 afbröts
967 1004 53 22 härä

182 1031 35 22 för
232 1034 32 19 att
278 1031 112 22 fortsättas
406 1032 35 21 vid
457 1031 174 27 morgondagens
646 1031 94 27 plenum.

253 1163 33 21 Hr
302 1163 158 21 talmannen
495 1162 146 27 tillkännagaf,
657 1166 31 18 att
699 1164 97 21 ständets
807 1164 211 27 diskussionsproto-

183 1191 44 22 koll
243 1191 33 21 för
291 1191 64 27 plena
371 1191 39 22 den
427 1192 19 25 3,
461 1191 20 26 4,
497 1191 13 22 9
525 1191 41 22 och
583 1192 25 20 11
621 1192 146 21 innevarande
777 1193 41 26 maj
829 1199 53 15 voro
893 1193 83 27 färdiga
986 1193 32 22 till

180 1220 116 27 justering,
321 1219 40 22 och
387 1220 64 27 utsåg
472 1220 26 21 hr
521 1220 124 21 talmannen
670 1220 37 21 hrr
728 1221 119 22 Arthur
872 1221 146 26 Castrén,

182 1249 125 21 Jämsön
323 1248 40 22 och
379 1249 172 21 Parviainen
589 1251 32 19 att
633 1249 85 26 justera
733 1250 78 21 nämda
826 1250 115 27 protokoll.

251 1380 92 22 Plenum
359 1380 117 22 afslutades
491 1381 28 21 kl.
535 1381 41 26 8,10
591 1387 17 15 e.
624 1387 27 15 m.

811 1416 22 17 In
846 1416 65 19 fidem:

753 1451 26 20 A.
800 1451 22 21 V.
839 1451 119 27 Lindberg.
