1092 1753
74 124 24 17 16
107 123 47 20 juli.
391 113 191 34 Tryckfrihetslag.
865 114 43 22 819

144 190 33 22 Hr
192 190 119 25 Heikel,
327 190 95 20 Felix:
444 190 42 26 Jag
500 188 94 27 begärde
610 188 65 22 ordet
689 188 33 22 för
738 190 32 20 att
785 188 68 22 uttala
863 188 45 28 mig

75 219 110 27 angående
200 225 82 15 samma
297 218 165 26 omständighet,
478 224 45 15 som
540 217 65 21 redan
623 217 104 21 berördes
741 216 23 22 af
772 217 25 21 hr
809 217 98 27 Ingman,

76 249 18 21 d.
112 254 18 15 v.
148 254 16 14 s.
180 247 165 27 olämpligheten
365 246 23 21 af
401 246 117 22 utskottets
533 245 82 27 förslag
629 246 8 20 i
653 246 42 21 den
711 246 40 24 del,
764 248 32 19 att
809 246 98 26 genmäle

75 276 54 22 skall
144 275 80 22 införas
239 276 7 21 i
261 282 82 15 samma
358 275 34 21 del
407 274 23 22 af
444 275 115 26 tidningen,
575 274 7 21 i
597 274 88 21 hvilken
702 274 150 22 meddelandet
867 274 39 21 har

74 305 76 27 ingått.
171 304 42 26 Jag
227 304 36 21 vill
279 304 75 21 endast
369 304 87 26 påpeka,
472 305 32 19 att
518 309 42 18 om,
575 303 73 21 såsom
665 302 95 22 inträffat
776 303 6 21 i
798 303 51 21 våra
865 303 41 21 tid-

76 334 81 26 ningar,
180 333 68 20 under
271 332 167 27 »hvarjehanda»
460 338 26 15 en
502 331 119 27 personligt
636 331 165 26 förolämpande
816 332 42 20 vits
873 332 32 20 in-

75 362 64 24 föres,
159 361 23 21 så
205 361 69 21 skulle
296 361 68 26 enligt
386 360 152 27 lagutskottets
560 359 82 27 förslag
662 359 81 27 jämväl
767 360 141 21 bemötandet

75 390 62 22 däraf
150 390 69 21 måsta
233 390 50 25 ingå
299 389 67 21 under
382 389 101 21 rubriken
501 387 178 28 »hvarjehanda».
700 388 43 27 Jag
757 391 46 18 tror
812 388 51 25 icke,
874 390 34 19 att

75 419 77 27 någon,
176 424 45 15 som
245 418 52 21 känt
319 418 32 21 sin
375 417 64 22 heder
462 417 77 21 kränkt
561 423 77 20 genom
663 419 32 18 ett
710 417 111 21 uttalande
836 417 71 20 under

75 448 71 21 denna
160 447 80 25 rubrik,
256 446 68 21 skulle
344 446 21 21 få
381 446 32 21 sin
429 446 65 21 heder
509 445 110 21 återställd
636 451 78 20 genom
731 448 31 19 ett
777 445 130 21 bemötande

75 476 69 21 under
159 481 82 15 samma
262 475 80 25 rubrik,
358 478 51 17 utan
432 474 69 21 skulle
516 474 41 21 han
575 475 93 20 tvärtom
685 474 125 26 därigenom
826 474 81 26 ådraga

76 505 33 26 sig
124 504 68 27 åtlöje.
216 504 42 21 Det
278 510 81 15 samma
380 503 70 21 blefve
464 503 64 25 fallet,
545 502 43 21 ifall
604 503 37 20 det
656 502 125 21 kränkande
796 503 113 26 yttrandet

74 533 70 26 ingått
168 532 67 21 under
258 532 120 25 sträcket,
373 527 15 36 i
402 532 40 21 den
464 538 16 14 s.
497 531 20 21 k.
532 531 182 26 källarvåningen.
744 531 104 21 Däremot
864 531 42 21 kan

72 561 38 27 jag
124 561 46 22 icke
186 561 74 20 förena
275 561 43 26 mig
333 561 49 20 med
398 561 26 20 de
440 560 89 26 tidigare
540 559 93 22 talarena
644 559 83 26 därom,
737 562 32 19 att
779 559 126 27 paragrafen

74 590 7 21 i
97 589 64 27 öfrigt
176 589 69 22 skulle
260 590 110 25 redigeras
385 589 7 20 i
407 588 222 22 öfverensstämmelse
646 588 49 21 med
711 589 40 20 den
768 588 78 27 nådiga
856 594 49 21 pro-

74 619 129 26 positionen.
234 618 43 21 Det
298 619 23 20 är
344 617 75 27 nödigt
441 620 31 18 att
496 617 70 21 lämna
588 617 49 20 bort
661 617 63 21 ordet
742 617 100 26 »saklig»,
858 623 47 14 som

74 647 62 27 ingår
158 647 31 21 uti
212 647 40 20 den
276 647 77 26 nådiga
376 646 168 27 propositionen,
560 649 23 22 ty
597 645 62 26 ingår
679 645 66 26 detta,
762 645 23 21 så
801 645 40 21 blir
857 645 48 26 den,

75 682 47 15 som
145 676 7 21 i
174 675 136 27 tidningarna
330 675 68 20 blifvit
420 675 82 22 kränkt,
519 674 99 27 tämligen
634 674 89 21 rättslös
739 676 110 25 gentemot
865 673 40 22 tid-

74 703 209 27 ningsredaktionen.
315 704 49 20 Han
388 703 40 21 blir
451 705 67 19 utsatt
540 702 33 21 för
595 704 32 19 att
648 702 47 21 icke
718 702 22 21 få
755 703 37 20 sitt
808 702 97 26 genmäle

74 732 80 21 infördt
169 732 39 21 och
224 732 41 21 kan
280 734 67 18 värna
362 732 32 20 sin
410 733 44 19 rätt
468 732 77 20 endast
560 737 76 21 genom
653 733 32 19 att
698 731 61 27 börja
769 737 25 15 en
807 730 44 21 ofta
861 736 44 21 nog

74 760 101 27 förhatlig
190 760 120 27 rättegång.

144 818 32 20 Hr
192 817 110 21 Ansas:
317 817 126 21 Minullakin
460 817 28 21 oli
499 817 72 24 äsken,
578 817 53 26 jopa
641 816 172 26 ensimmäisenä,
823 816 82 21 kunnia

74 848 78 26 pyytää
171 846 167 27 puheenvuoroa
360 846 201 21 huomauttaakseni
585 846 102 20 samoista
711 845 107 25 seikoista,
837 845 68 27 joista

74 875 64 21 täällä
154 878 37 24 nyt
206 881 27 14 on
249 874 157 22 huomautettu.
438 874 33 21 On
487 874 136 27 epäilemättä
637 874 80 24 väärin,
731 874 36 26 jos
782 874 121 26 poistetaan

74 910 53 15 sana
143 903 143 25 »asiallineno,
298 903 46 21 sillä
360 903 69 21 silloin
441 903 35 21 voi
486 903 57 21 kuka
553 902 89 22 tahansa
652 902 58 21 mille
720 902 85 21 loruille
815 902 91 21 tahansa

74 932 70 21 vaatia
166 932 50 20 tilaa
239 931 166 21 sanomalehden
421 932 113 26 palstoilla.
565 931 86 21 Samoin
667 938 27 14 on
711 931 127 21 kerrassaan
855 932 49 25 epä-

74 960 164 28 käytännöllistä
250 960 23 27 ja
288 960 72 21 väärin
378 960 74 26 vaatia,
463 962 44 19 että
522 964 87 17 vastaus
625 960 47 20 olisi
682 960 123 26 painettava
816 965 87 17 samaan

74 992 103 18 osastoon
193 989 76 25 lehteä,
284 989 52 21 kuin
352 989 67 21 missä
434 995 28 15 on
478 989 54 21 ollut
547 995 24 15 se
585 988 105 27 kirjoitus,
699 988 47 27 jota
755 988 150 21 tarkoitetaan.

74 1018 50 21 Kun
148 1020 71 18 tämän
242 1018 90 26 pykälän
356 1017 106 21 tarkoitus
485 1024 27 14 on
533 1020 85 18 turvata
637 1017 80 27 yleisöä
732 1016 172 22 väärämielisiltä

74 1046 143 27 toimittajilta,
233 1047 43 20 niin
300 1046 43 21 silti
366 1046 19 20 ei
408 1052 37 15 saa
467 1046 63 21 laatia
551 1046 90 26 pykälää
656 1046 49 25 niin,
722 1048 44 18 että
781 1045 125 26 toimittajat

74 1075 80 21 tulevat
176 1075 160 20 turvattomiksi
356 1075 160 20 väärämielisen
538 1074 80 27 yleisön
635 1074 82 21 edessä.
746 1074 59 21 Minä
820 1073 84 28 pyydän

73 1103 115 22 kannattaa
204 1103 58 21 näitä
276 1103 66 21 kahta
356 1103 79 21 kohtaa
451 1103 143 26 semmoisina,
603 1103 51 20 kuin
668 1108 27 15 ne
705 1104 51 19 ovat
767 1102 137 27 esityksessä.

143 1161 33 20 Hr
191 1160 110 21 Erkko:
325 1160 49 21 Olin
391 1162 102 25 pyytänyt
509 1160 167 27 puheenvuoroa
690 1159 127 22 tehdäkseni
827 1159 76 21 samal-

74 1189 66 22 laisen
164 1189 140 26 ehdotuksen,
320 1189 51 21 kuin
387 1189 35 21 hrt
438 1189 90 27 Ingman
542 1189 23 26 ja
581 1189 71 20 Ansas
668 1191 49 18 ovat
733 1188 64 21 täällä
812 1188 92 21 tehneet.

74 1218 88 25 Luulen,
178 1220 44 19 että
246 1218 48 20 siitä
316 1217 47 21 olisi
386 1218 165 26 käytännöllistä
572 1217 78 27 hyötyä
672 1217 51 21 sekä
745 1217 94 27 yleisölle
860 1218 45 19 että

74 1246 167 22 sanomalehtien
255 1246 142 26 toimittajille.
417 1246 125 21 Puolestani
553 1252 26 15 en
592 1246 61 25 usko,
664 1247 49 23 että,
721 1245 36 27 jos
768 1246 20 20 ei
798 1248 37 18 tuo
847 1246 57 20 mää-

73 1276 55 26 räys,
144 1276 45 20 että
204 1275 110 21 vastineen
334 1274 58 27 pitää
408 1275 42 21 olla
465 1275 117 24 asiallinen,
598 1274 33 21 ole
647 1274 143 23 asetuksessa,
806 1274 41 21 sitä
861 1273 42 21 tul-

73 1304 72 21 taisiin
160 1304 73 20 väärin
249 1303 134 27 käyttämään
399 1304 81 26 yleisöä
495 1306 94 21 vastaan,
606 1305 69 19 mutta
689 1308 24 16 se
728 1302 48 22 olisi
791 1302 111 21 kuitenkin

70 1332 183 27 jonkunmoisena
276 1334 91 19 turvana
390 1333 41 21 sitä
456 1332 173 27 väärinkäytöstä
650 1333 95 24 vastaan,
764 1331 48 27 jota
836 1331 68 27 yleisö

73 1361 87 27 käyttää
175 1360 291 28 sanomalehdentoimittajia
481 1361 100 21 kohtaan.

143 1418 33 21 Hr
191 1418 191 21 Tötterman:
405 1417 32 21 Pä
452 1417 26 21 de
494 1417 51 26 skäl,
559 1423 46 15 som
616 1417 24 21 af
648 1417 25 20 hr
683 1416 77 22 Heikel
770 1416 134 26 framhäliits,

73 1446 38 21 ber
131 1447 39 26 jag
192 1445 21 22 fä
235 1446 132 21 understöda
389 1446 36 21 det
440 1445 23 22 af
476 1445 79 22 honom
572 1446 76 26 gjorda
662 1445 110 28 yrkandet.
803 1445 43 21 Det
860 1445 42 21 kan

74 1475 69 26 gifvas
159 1475 42 26 fall,
217 1475 27 21 dä
259 1475 37 21 det
310 1477 24 18 är
349 1475 45 20 helt
408 1475 40 20 och
465 1474 65 21 hållet
545 1474 94 27 ogörligt
653 1476 32 19 att
700 1473 95 28 uppfylla
809 1474 94 21 bestäm-

73 1503 81 28 ningen
177 1510 35 15 om
235 1505 32 20 att
289 1503 108 27 genmälet
412 1503 55 21 skall
482 1503 21 21 fä
519 1509 81 15 samma
615 1503 62 27 plats,
694 1509 47 15 som
757 1502 26 22 de
798 1503 39 21 ord
853 1502 51 26 hatt,
