1098 1753
80 114 23 18 17
112 113 47 20 juli.
396 104 192 33 Tryckfrihetslag.
870 106 44 22 875

151 181 33 21 Hr
200 180 189 22 Söderholm:
411 181 43 26 Jag
468 180 39 21 ber
522 181 32 20 att
568 179 21 22 få
604 180 70 21 uttala
689 180 43 21 min
743 180 126 27 anslutning
879 181 34 21 till

80 211 38 22 det
130 209 105 28 yttrande,
251 215 47 15 som
313 207 68 28 afgafs
397 208 23 22 af
433 209 26 21 hr
474 208 110 22 Lundson.
871 233 3 6 ,

151 266 33 21 Hr
207 265 224 28 Schybergson:
454 265 43 22 Det
519 267 24 19 är
565 271 25 15 en
611 265 67 27 högst
698 263 135 29 egendomlig
849 265 63 22 efter-

80 295 132 25 diskussion,
230 300 46 16 som
292 294 43 25 här,
351 293 48 22 tack
421 300 51 15 vare
487 294 25 21 hr
527 293 107 22 Mäkelins
650 293 67 22 behof
729 293 24 22 af
765 296 32 19 att
812 294 57 27 gäng
884 295 29 26 pä

81 325 58 27 gäng
162 324 52 25 göra
235 322 145 27 försäkringar
403 323 92 21 rörande
514 322 32 21 sin
562 328 54 21 egen
633 328 80 21 person
729 322 40 22 och
784 322 53 22 hans
853 323 60 21 ställ-

80 354 54 25 ning
156 351 31 21 till
208 351 81 27 frägan,
304 353 36 25 egt
359 356 54 16 rum.
443 351 50 21 Men
510 351 27 21 dä
552 350 25 21 hr
592 350 96 22 Mäkelin
704 351 82 21 tillätits
801 353 57 25 yttra
873 352 40 26 sig,

80 382 26 21 sä
128 380 69 21 mäste
219 379 34 23 väl
275 378 62 22 äfven
353 379 67 21 andra
435 379 85 27 deltaga
534 379 7 21 i
558 378 109 27 debatten,
682 379 40 21 och
735 379 38 27 jag
787 379 38 21 ber
840 379 73 22 därför

80 412 33 20 att
128 408 21 22 fä
161 408 91 28 upplysa
271 408 24 21 hr
315 408 92 21 Mäkelin
424 408 81 26 därom,
520 409 32 19 att
568 407 109 27 ätskilliga
691 409 76 25 röster,
782 408 132 21 ätminstone

80 439 8 21 i
104 439 32 20 ett
150 444 38 20 par
204 436 164 28 omröstningar,
384 436 107 22 saknades
507 435 77 27 därför,
600 437 33 20 att
648 442 27 15 en
692 436 33 22 del
741 436 138 22 medlemmar
892 436 24 22 af

81 467 60 21 detta
163 466 67 25 ständ,
244 465 38 27 jag
303 467 46 19 tror
369 465 21 21 vi
405 471 53 15 voro
473 464 52 28 fyra,
540 470 53 16 voro
609 466 99 25 tvungna
723 467 32 19 att
769 464 96 28 aflägsna
880 465 35 27 sig

80 495 34 22 för
130 496 31 20 ett
175 493 275 26 kommittesammanträde,
462 493 32 21 till
507 492 81 22 hvilket
598 493 109 27 åtskilliga
718 493 138 22 medlemmar
865 493 48 22 från

81 523 126 22 landsorten
223 522 92 22 infunnit
330 522 39 27 sig.
389 522 80 22 Vidare
484 522 38 21 har
535 522 39 26 jag
588 522 46 26 mig
648 522 85 26 bekant,
744 524 32 19 att
783 522 131 27 justerings-

81 552 107 22 utskottet
209 551 68 21 under
300 557 27 15 en
349 550 34 22 del
401 550 23 22 af
437 550 102 22 debatten
554 550 55 21 hade
624 550 166 22 sammanträde.
820 551 42 27 Jag
877 552 37 20 vet

80 580 54 26 icke,
150 586 34 16 on
206 580 26 21 hr
252 579 93 21 Mäkelin
365 578 49 22 hört
429 579 37 21 det
481 578 119 28 bevingade
616 579 64 21 ordet
697 586 61 14 »man
773 578 64 22 fattar
853 580 18 26 ej
888 580 25 21 sä

81 611 67 22 snart,
164 614 48 16 men
228 608 134 27 smäningom
377 607 42 22 blir
434 608 37 21 det
486 607 54 22 dock
556 607 76 21 klart».
656 608 42 21 Vill
714 607 41 22 han
771 608 95 27 tillämpa
876 608 37 22 det

81 638 28 28 pä
124 638 34 27 sig
173 637 53 28 själf,
241 637 25 22 sä
281 637 43 22 stär
341 637 35 21 det
391 636 80 22 honom
486 636 53 21 fritt.
562 636 49 21 Men
628 637 38 21 det
681 638 24 19 är
720 637 66 26 nägot
800 636 33 22 för
843 637 70 21 starkt

81 669 32 20 att
135 666 95 27 tillämpa
251 666 36 21 det
309 665 28 28 pä
359 665 74 22 andra.
463 665 42 21 För
526 665 44 21 min
593 665 35 21 del
651 665 69 21 skulle
732 665 39 27 jag
785 665 46 22 icke
845 665 68 22 häller

81 695 52 27 vilja
154 695 95 26 tillämpa
271 694 36 21 det
327 694 28 26 pä
377 693 26 21 hr
424 693 99 26 Mäkelin,
543 696 23 24 ty
578 693 38 27 jag
640 694 81 25 tänker,
737 696 31 18 att
783 693 41 22 han
840 694 73 21 säsom

81 723 93 28 gammal
188 723 145 27 tidningsman
349 722 40 22 och
404 722 101 27 politiker
519 721 70 22 blifvit
604 728 41 15 van
662 725 29 18 att
707 722 74 27 intaga
795 722 33 21 sin
839 722 74 22 ständ-

81 752 71 28 punkt
166 752 8 21 i
187 751 72 27 frågor
274 750 62 22 äfven
351 752 52 20 utan
419 751 25 21 sä
459 756 51 22 pass
525 750 84 27 mycket
620 750 82 22 tillfälle
717 750 32 22 till
767 750 146 22 förberedelse

81 787 48 15 som
135 774 13 37 i
168 780 57 22 detta
239 779 42 27 fall,
296 780 28 20 dä
339 779 170 27 propositionen,
519 778 85 22 hvilken
620 778 24 22 af
658 779 106 21 utskottet
774 780 7 20 i
791 779 123 22 hufvudsak

82 809 112 27 godkänts,
216 808 51 22 flere
289 808 78 22 veckor
389 808 56 21 varit
463 808 125 26 tillgänglig.
618 808 43 26 Jag
676 808 41 21 kan
733 808 46 21 icke
802 808 112 22 underläta

81 840 33 20 att
136 837 75 22 härvid
232 837 100 27 päminna
355 843 35 15 om
411 836 37 22 det
463 838 49 24 sätt,
528 842 47 15 som
591 836 32 21 uti
638 836 275 27 representationsreform-

81 866 127 22 kommittén
219 866 92 26 iakttogs
322 865 23 21 af
353 871 26 15 en
391 865 25 21 hr
427 865 106 21 Mäkelins
544 864 142 28 partikamrat
696 865 20 21 hr
724 865 85 27 Valpas,
821 865 94 26 hvilken,

82 895 27 22 dä
124 895 42 21 han
181 894 26 22 de
226 893 21 22 fä
258 894 79 27 gänger
347 894 42 21 han
399 893 144 22 öfverhufvud
555 900 37 14 var
602 894 107 21 tillstädes
720 894 27 26 pä
757 893 157 23 ordförandens

81 924 66 26 fråga,
162 923 84 21 hvilken
263 922 55 22 åsikt
339 922 41 22 han
396 922 61 27 intog
472 922 7 21 i
493 922 83 26 frågan,
592 922 38 21 allt
645 922 114 22 emellanåt
774 923 90 21 svarade
881 923 33 21 >ei

82 954 107 20 äänestä».
207 952 64 20 Detta
287 953 42 19 sätt
344 953 32 19 att
386 951 53 21 söka
454 951 87 21 komma
556 950 54 22 ifrån
627 950 143 22 ansvarsfulla
785 951 129 22 situationer

82 987 65 21 synes
162 980 44 27 mig
221 986 51 15 vara
286 980 101 26 tämligen
403 979 153 27 underhaltigt.

152 1038 32 21 Hr
210 1037 164 25 Lavonius,
399 1036 153 21 Wilhelm:
584 1037 88 26 Pyydän
694 1037 65 27 yhtyä
784 1037 38 21 hra
842 1038 72 20 Lund-

82 1066 63 22 sonin
161 1066 129 21 lausuntoon
303 1065 23 27 ja
341 1065 108 21 niinikään
465 1065 40 21 hra
521 1065 172 27 Schybergsonin
708 1065 207 28 loppulausuntoon.

152 1123 32 21 Hr
200 1122 148 22 Killinen:
364 1122 88 27 Pyydän
469 1122 66 21 saada
550 1122 64 27 yhtyä
630 1122 61 28 hrjen
708 1123 171 27 Schybergsonin
891 1123 25 27 ja

83 1152 126 22 Lundsonin
235 1151 153 21 lausuntoihin.
417 1151 107 22 Jokainen
547 1151 115 27 ajatteleva
684 1151 137 22 kansalainen
845 1158 27 15 on
891 1152 24 27 jo

82 1180 118 27 ihmetellyt
222 1180 41 21 sitä
285 1179 134 28 menettelyä,
435 1179 48 28 jota
506 1182 120 19 muutamat
641 1180 275 22 eduskuntalakikomitean

80 1210 86 27 jäsenet
176 1211 50 19 ovat
235 1209 154 21 noudattaneet
394 1208 23 27 ja
425 1208 59 27 josta
494 1208 39 21 hra
541 1208 151 27 Schybergson
701 1209 99 22 mainitsi.
815 1209 100 27 Myöskin

83 1239 39 20 hra
136 1237 115 22 Mäkelinin
267 1237 115 27 menettely
397 1237 138 21 esilläolevan
546 1237 59 21 asian
618 1237 191 22 käsittelemisessä
820 1238 28 21 oli
861 1238 54 21 omi-

85 1267 81 26 tuinen,
181 1268 68 19 mutta
264 1272 23 15 se
303 1265 191 27 suvaitsevaisuus,
506 1265 48 28 jota
569 1266 160 27 porvarissääty
743 1266 49 21 aina
804 1266 23 27 ja
843 1266 74 21 näillä-

84 1296 36 21 kin
143 1294 152 27 valtiopäivillä
317 1300 27 15 on
368 1295 147 20 noudattanut
534 1294 65 21 toisin
622 1294 122 27 ajattelevia
766 1295 97 26 kohtaan,
887 1301 29 15 on

84 1323 109 22 tämänkin
214 1323 129 27 menettelyn
365 1323 118 21 vaitiololla
498 1323 144 21 sivuuttanut.
671 1323 71 22 Mutta
757 1323 43 22 kun
816 1323 39 22 hra
870 1323 45 22 Mä-

84 1352 56 22 kelin
156 1352 48 21 näin
220 1357 69 16 ennen
305 1351 202 22 kuulumattomalla
523 1351 79 22 tavalla
616 1351 97 27 hyökkää
727 1352 78 27 säädyn
815 1352 100 27 jäsenten

84 1381 65 22 muka
170 1380 262 28 ymmärtämättömyyden
454 1380 127 27 kimppuun,
597 1386 28 16 on
649 1381 41 21 sitä
712 1383 88 19 vastaan
823 1383 94 25 pantava

85 1410 81 21 vakava
180 1409 126 22 vastalause.

154 1467 33 21 Hr
203 1465 150 22 Alkunen:
379 1465 84 22 Vaikka
479 1465 57 22 minä
552 1465 48 22 olen
617 1465 90 22 ollutkin
724 1466 41 21 sitä
780 1466 77 26 mieltä,
873 1467 44 20 että

86 1495 121 21 esilläoleva
229 1495 45 21 asia
298 1500 27 15 on
350 1494 79 21 hiukan
453 1494 175 27 tarpeettomalla
642 1494 94 21 kiireellä
752 1495 104 27 käsitelty,
872 1495 44 21 niin
