1125 1773
108 129 30 16 33
150 129 48 20 maj.
417 127 234 21 Järnvägsbyggnader.
898 121 40 22 541

109 197 60 21 inom
185 195 178 28 borgareständet
378 195 23 22 af
413 196 154 27 inbjudningen
584 196 22 21 är
623 196 63 25 1900,
702 196 46 21 däri
763 195 28 22 bl.
805 202 18 15 a.
839 195 25 22 hr
875 195 64 28 Schy-

111 225 94 27 bergson
227 224 79 27 deltog,
320 224 143 21 framställdes
478 225 63 26 ingen
558 224 91 27 antydan
667 224 81 25 därom,
764 226 32 19 att
810 225 129 25 densamma,

111 254 68 21 ehuru
203 253 89 20 likasom
315 259 29 14 nu
364 252 139 22 inskridande
516 252 46 21 före
577 253 35 20 det
626 253 70 21 andra
711 253 228 26 sammanjämknings-

108 282 110 27 förslaget,
235 281 69 21 skulle
318 281 28 27 pä
361 281 66 26 nägot
443 283 42 19 sätt
499 281 109 21 inneburit
622 287 26 15 en
664 281 104 21 afvikelse
782 281 47 21 frän
839 281 100 22 ärendets

110 310 98 22 normala
223 309 134 28 behandling.

182 338 63 22 Hvad
268 339 64 20 sedan
356 338 37 21 det
415 337 109 28 praktiska
547 338 73 21 värdet
635 337 23 22 af
672 345 28 14 en
715 338 103 27 inbjudan
834 337 105 27 beträffar,

110 368 70 21 mäste
199 367 44 27 jag,
266 367 66 21 ehuru
356 367 27 26 pä
399 368 42 20 sätt
455 366 40 22 och
511 367 31 20 vis
555 366 68 27 jäfvig
639 369 32 19 att
693 366 96 27 utförligt
809 367 66 20 utläta
895 367 45 27 mig

109 397 84 24 därom,
215 395 84 26 betona,
321 397 31 19 att
375 395 36 21 det
434 401 63 21 synes
518 395 44 26 mig
576 395 111 22 afsevärdt
701 395 49 21 med
765 395 82 27 hänsyn
863 395 76 26 därtill,

109 427 34 19 att
159 424 177 27 borgareständet
355 423 55 22 först
425 430 47 15 som
488 423 40 22 sist
543 423 88 22 beslutit
646 426 32 19 att
694 423 90 22 omfatta
799 424 40 21 den
855 424 84 27 tvägre-

111 453 51 27 niga
183 453 77 21 banan.
289 452 158 27 Ridderskapet
468 452 39 21 och
529 452 63 21 adeln
613 452 38 21 har
667 453 127 26 visserligen
809 452 88 21 beslutit
912 459 26 14 en

111 482 56 21 bana
182 481 32 22 till
229 481 151 26 Kristinestad,
396 487 48 15 men
460 480 38 21 har
513 481 67 21 tillika
591 481 35 21 vid
637 483 87 19 senaste
734 481 88 27 plenum
833 481 49 21 med
893 484 46 18 stor

111 510 115 27 majoritet,
241 510 27 21 66
284 511 70 20 röster
369 512 46 19 mot
429 509 34 26 21,
478 508 69 27 afböjt
557 511 30 19 ett
597 509 58 22 inom
666 509 151 28 ridderskapet
827 509 38 22 och
876 509 62 22 adeln

108 538 132 22 framställdt
255 537 81 28 förslag
351 544 41 20 om,
408 540 31 19 att
457 537 59 22 detta
531 538 62 21 stånd
609 538 70 21 skulle
695 538 88 27 inbjuda
798 538 140 21 medständen

110 569 32 19 att
158 567 88 21 omfatta
261 567 93 21 beslutet
369 573 34 14 om
420 573 26 14 en
461 566 56 21 bana
532 567 76 20 endast
622 567 32 20 till
666 567 152 21 Kristinestad.
840 567 53 20 Däri
903 573 35 15 ser

105 595 41 28 jag
161 598 31 19 ett
206 595 76 28 tydligt
296 595 60 22 bevis
372 595 33 27 pä,
415 597 32 19 att
462 595 40 21 den
519 595 158 26 öfvervägande
692 595 114 27 opinionen
821 595 58 21 inom
895 595 42 22 rid-

111 624 115 27 derskapet
241 624 39 21 och
295 623 62 22 adeln
373 625 24 20 är
412 623 33 21 för
460 629 26 15 en
502 623 112 28 tvägrenig
628 624 63 25 bana,
707 630 34 15 om
758 624 55 21 blott
827 625 31 20 ett
867 624 70 21 initia-

110 653 30 21 tiv
156 653 7 20 i
178 653 66 21 sädan
264 653 96 26 riktning
377 652 41 21 kan
434 652 86 21 komma
535 652 58 21 detta
608 652 64 21 ständ
688 652 32 21 till
736 652 40 21 del.
805 653 11 20 I
832 659 105 14 samman-

109 681 58 27 hang
190 681 88 22 härmed
300 681 32 21 fär
345 681 39 27 jag
398 680 88 28 päpeka,
501 682 32 20 att
548 682 70 20 röster
632 681 8 21 i
655 681 151 27 ridderskapet
820 681 40 21 och
875 681 62 21 adeln

110 710 103 22 likaledes
233 710 63 27 höjde
315 710 33 26 sig
362 709 39 27 för,
417 712 32 18 att
463 716 49 14 man
528 710 67 21 borde
610 709 86 22 afvakta
711 716 26 14 en
753 710 66 21 sådan
835 710 102 26 inbjudan

108 744 49 16 som
174 739 40 21 den
229 738 23 22 af
265 739 44 26 mig
323 745 30 14 nu
368 738 120 21 förordade.
518 738 63 21 Hvad
602 738 66 21 sedan
685 738 160 27 prästeständet
859 738 78 22 beträf-

108 767 40 26 far,
172 767 38 21 har
233 768 119 20 detsamma
374 766 125 27 visserligen
520 766 88 22 beslutit
623 767 34 27 sig
672 766 34 22 för
721 767 150 25 Kristinestad,
887 773 50 15 men

108 796 82 21 skedde
212 796 63 25 detta,
291 796 71 20 säsom
379 795 105 21 särskilda
499 795 137 21 medlemmar
651 796 7 20 i
675 796 158 26 prästeständet
849 795 88 27 medgif-

112 824 36 26 vit,
164 824 69 21 under
248 824 36 21 det
299 824 101 27 psykiska
415 823 82 27 trycket
512 823 23 21 af
548 826 31 19 ett
594 824 122 27 upprepadt
734 824 87 21 »endast
832 824 104 21 Kristine-

108 853 73 21 stad!»
206 852 39 22 och
268 853 75 21 dubier
364 852 92 21 rörande
478 852 82 21 banans
582 852 193 22 ästadkommande
789 852 147 27 öfverhufvud,

109 881 44 21 ifall
170 888 48 15 man
233 881 46 22 icke
294 883 66 25 antog
376 881 59 21 detta
449 880 309 29 sammanjämkningsförslag.
779 881 62 21 Inom
857 881 79 22 bonde-

108 911 87 20 ständet
210 910 38 21 har
263 910 73 21 Kaskö
352 912 72 25 segrat
439 910 47 21 med
503 916 25 15 en
545 909 98 22 afsevärd
659 910 110 21 minoritet
787 909 33 22 för
832 910 104 21 Kristine-

107 939 56 21 stad.
193 939 65 21 Detta
282 939 61 27 tyder
365 939 32 26 pä,
420 940 32 19 att
473 938 103 27 förslaget
598 945 34 15 om
649 939 38 21 tvä
702 945 77 20 grenar
794 939 38 20 har
847 939 89 22 chancer

109 967 62 21 äfven
188 967 43 22 där.
260 967 50 22 Med
328 967 82 27 hänsyn
427 967 69 21 därtill
512 967 69 21 måste
592 967 39 27 jag
646 973 54 15 anse
714 967 39 21 vär
768 967 102 27 inbjudan
885 974 51 15 vara

108 996 42 21 den
166 996 100 21 bredaste
281 996 39 21 och
336 996 96 21 säkraste
447 995 67 22 basen
529 995 33 22 för
578 1002 25 15 en
616 995 215 28 sammanjämkning,
842 996 51 21 eller
903 996 33 21 för

107 1026 33 20 att
155 1025 97 26 begagna
267 1027 30 19 ett
311 1024 23 21 af
347 1024 25 21 hr
389 1024 148 27 Schybergson
553 1024 34 21 vid
604 1025 56 20 1900
676 1025 35 20 års
727 1024 102 27 landtdag
843 1025 94 21 användt

108 1053 105 21 träffande
229 1053 83 28 uttryck
337 1059 38 15 »en
391 1053 70 26 saklig
478 1053 220 27 sammanjämkning»
723 1053 7 21 i
746 1055 89 19 motsats
851 1053 31 21 till
895 1053 41 22 den

107 1081 99 22 formella
222 1081 50 22 eller
288 1084 60 19 snart
364 1082 63 26 sagdt
441 1081 153 22 formalistiska
610 1081 215 27 sammanjämkning,
841 1088 46 15 som
903 1083 33 20 ut-

109 1110 81 21 skottet
205 1110 39 21 här
259 1110 33 21 för
307 1111 67 20 andra
395 1110 83 27 gången
494 1112 111 25 presterat.
634 1111 45 26 Jag
698 1110 38 21 ber
751 1109 21 22 få
787 1110 55 22 hålla
857 1111 32 26 på,
905 1113 32 19 att

108 1139 22 21 vi
142 1139 48 27 just
206 1139 7 21 i
228 1139 42 27 dag
286 1138 105 22 definitivt
405 1139 106 21 behandla
525 1138 75 28 frågan
616 1145 34 15 om
668 1139 70 21 denna
753 1139 108 26 inbjudan.
888 1139 47 21 Den

108 1167 72 22 kunde
196 1169 76 26 utgöra
287 1174 25 15 en
329 1167 38 22 bas
383 1167 33 22 för
432 1167 162 22 diskuterandet
608 1167 24 21 af
640 1167 295 28 sammanjämkningsförsla-

107 1199 37 24 get
159 1197 7 20 i
180 1197 80 26 fredag.
288 1197 42 26 Jag
345 1196 38 26 får,
399 1196 47 21 med
461 1195 100 22 afseende
577 1196 13 21 å
605 1196 56 21 hvad
674 1196 38 27 jag
727 1196 38 21 här
781 1196 74 26 anfört,
870 1196 65 27 fråga,

107 1224 107 22 huruvida
234 1225 27 21 de
276 1225 64 22 ärade
355 1225 80 25 herrar,
451 1231 46 15 som
513 1225 61 27 yrkat
588 1225 27 27 på
631 1225 165 26 bordläggning,
811 1227 56 19 ännu
883 1225 52 21 fort-

105 1253 90 22 farande
210 1255 52 26 göra
278 1254 40 21 det.

177 1312 32 20 Hr
233 1311 236 28 Schybergson:
499 1311 83 27 Frågan
604 1313 23 19 är
651 1310 33 26 fri,
700 1313 73 19 svaret
788 1310 69 22 också.
886 1311 50 21 Mitt

106 1346 52 15 svar
174 1340 27 27 på
216 1340 25 21 hr
256 1340 120 22 Mattssons
391 1340 60 27 fråga
465 1342 24 19 är
504 1339 119 28 afböjande.
648 1340 74 21 Skulle
737 1340 37 20 det
789 1340 44 26 gått
849 1340 28 25 så,
888 1346 47 14 som

102 1369 42 27 jag
158 1369 7 21 i
177 1369 211 27 järnvägsutskottet
408 1368 101 27 föreslog,
531 1368 51 22 eller
604 1370 32 20 att
656 1368 211 27 järnvägsutskottet
886 1368 50 22 med

107 1396 101 22 afseende
218 1398 12 20 å
241 1398 148 20 kännedomen
401 1398 80 25 därom,
492 1400 31 18 att
533 1397 26 21 hr
568 1397 122 21 Mattssons
705 1397 81 27 förslag
801 1403 34 15 om
851 1397 84 27 inbjud-

106 1426 53 27 ning
181 1432 37 15 var
241 1426 67 26 väckt,
331 1426 69 21 skulle
422 1426 121 27 uppskjutit
565 1426 49 21 med
634 1425 133 27 afgifvandet
781 1425 22 21 af
817 1426 37 21 sitt
869 1426 66 20 andra

105 1454 307 28 sammanjämkningsförslag,
435 1454 26 22 då
483 1454 55 22 hade
557 1454 39 27 jag
616 1454 46 22 icke
678 1454 46 22 haft
739 1454 118 27 någonting
871 1456 63 24 emot,

104 1486 34 18 att
154 1483 24 21 hr
194 1483 118 21 Mattssons
328 1483 81 27 förslag
423 1483 31 21 till
469 1483 103 27 inbjudan
588 1483 38 21 här
642 1483 71 21 skulle
728 1482 69 22 blifvit
808 1482 127 22 behandladt

104 1512 68 21 redan
188 1512 6 21 i
210 1512 46 26 dag.
289 1512 50 21 Men
362 1512 72 21 såsom
457 1512 72 21 landet
548 1518 28 15 nu
592 1512 76 27 ligger,
684 1512 26 21 då
725 1513 32 19 ett
772 1511 162 27 sammanjämk-
