1120 1773
214 112 43 22 566
466 119 122 21 Bevillning
599 120 33 16 för
643 120 150 20 maltdrycker.
954 121 27 17 25
993 121 46 21 maj.

286 187 81 21 vinner
381 187 43 27 nej,
439 187 41 21 har
495 188 87 21 ständet
596 188 10 20 i
620 188 73 20 denna
708 188 34 21 del
756 188 37 28 för
806 188 68 28 sagda
881 189 114 27 paragraf
1001 196 40 14 an-

217 216 59 28 tagit
290 216 41 21 den
348 216 85 27 lydelse,
447 222 47 15 som
509 216 127 28 föreslagits
650 216 10 21 i
673 217 41 20 den
729 216 83 28 nädiga
826 218 172 27 propositionen.

286 273 166 27 Propositionen
477 273 127 22 besvarades
620 273 35 21 vid
670 273 117 22 värkställd
801 274 100 27 votering
915 274 48 22 med
979 274 27 22 38
1018 274 24 27 ja

217 301 40 22 och
272 302 28 21 26
312 302 41 27 nej.

288 359 21 24 2)
325 358 39 27 De,
381 358 75 21 hvilka
477 358 73 22 såsom
566 358 214 28 kontraproposition
795 362 57 18 emot
866 360 113 22 utskottets
993 360 46 28 för-

218 387 48 27 slag
283 387 35 21 till
333 371 80 48 lydelse
427 387 36 32 för
478 388 15 25 $
509 388 15 20 2
539 387 55 27 vilja
609 389 82 33 antaga
706 388 104 27 förslaget
824 388 10 20 i
848 388 42 21 den
900 389 83 27 nådiga
990 396 51 20 pro-

214 416 133 27 positionen,
363 417 59 20 rösta
432 416 41 27 ja;
489 416 31 25 de,
536 416 35 21 det
585 416 45 21 icke
643 418 60 25 göra,
719 418 58 19 rösta
793 416 47 27 nej;

288 472 81 21 vinner
383 473 42 26 nej,
441 472 42 21 har
498 472 175 27 borgareståndet
687 473 10 20 i
711 473 80 21 sådant
806 473 105 33 afseende
922 473 120 29 föredragit

220 501 106 27 förslaget
340 501 10 20 i
364 501 41 21 den
420 501 70 27 första
506 501 35 21 till
557 501 142 21 betänkandet
713 502 78 27 fogade
805 502 168 22 reservationen.

289 558 166 27 Propositionen
472 558 128 22 besvarades
616 559 48 21 med
679 558 156 27 öfvervägande
850 559 41 28 nej.

287 615 22 27 3)
325 615 40 32 De,
379 615 76 21 hvilka
476 615 119 35 godkänna
610 615 113 22 utskottets
737 616 83 27 förslag
836 616 36 21 till
887 617 78 27 lydelse
979 616 36 28 för
1029 617 14 27 $

218 644 23 26 2,
258 645 59 20 rösta
330 644 36 27 ja;
385 644 31 26 de,
432 644 35 21 det
480 644 46 21 icke
540 646 60 25 göra,
616 646 59 19 rösta
690 644 47 27 nej;

287 701 80 21 vinner
383 701 42 32 nej,
441 701 41 21 har
497 701 87 21 ståndet
598 701 37 28 för
646 701 137 33 paragrafen
798 702 88 28 antagit
900 702 42 21 den
957 702 84 28 lydelse,

216 737 48 14 som
282 729 110 28 förordats
407 730 10 20 i
431 730 41 20 den
487 729 71 28 första
573 730 168 22 reservationen.

289 787 40 21 Vid
352 787 115 21 värkställd
482 787 100 27 votering
596 787 128 22 besvarades
739 788 161 27 propositionen
917 788 48 21 med
981 788 27 21 35
1020 788 23 27 ja

219 815 43 22 och
277 815 27 22 28
320 816 40 27 nej,
376 815 38 22 och
430 815 54 21 hade
506 815 179 28 borgareståndet
705 816 89 22 sålunda
817 816 95 27 godkänt
926 816 117 22 utskottets

219 843 83 28 förslag
316 844 31 21 till
362 844 80 27 lydelse
457 843 32 22 för
506 845 12 26 $
533 844 14 21 2
562 844 143 22 oförändradt.

287 902 25 28 88
329 902 71 21 3—15
415 902 125 27 godkändes
557 904 50 19 utan
624 901 128 22 diskussion.

287 959 60 21 Härå
361 958 71 22 anhöll

291 1016 180 21 hr,Renvall
494 1022 34 15 om
552 1016 62 21 ordet
636 1016 39 21 och
697 1017 92 26 yttrade:
819 1016 50 21 Kun
887 1017 158 27 porvarissääty

219 1045 73 21 toisen
309 1045 90 27 pykälän
415 1045 90 21 suhteen
521 1044 43 22 teki
579 1045 115 21 erotuksen
710 1044 70 28 kaljan
789 1045 23 26 ja
822 1045 63 21 oluen
896 1045 85 22 toiselta
991 1051 54 22 puo-

218 1073 36 21 len
268 1073 24 27 ja
308 1073 85 22 toiselta
412 1073 78 27 puolen
512 1073 63 22 oluen
588 1073 24 27 ja
627 1073 104 28 portterin
748 1073 69 22 välillä
831 1073 65 22 ilman
912 1075 44 20 että
968 1074 77 27 esityk-

218 1104 63 19 sessä
296 1108 28 15 on
339 1102 79 21 mitään
435 1102 71 21 selvää
522 1103 119 26 määräystä
657 1102 53 26 siitä,
725 1102 57 21 mikä
793 1102 76 27 juoma
884 1102 117 21 kulloinkin
1017 1109 27 14 on

222 1131 100 21 miksikin
345 1130 100 25 luettava,
466 1130 128 21 ehdottaisin
610 1132 45 20 että
669 1131 96 20 mietintö
788 1131 152 21 lähetettäisiin
955 1131 90 21 takaisin

219 1159 161 25 valiokuntaan,
401 1159 57 27 jotta
484 1159 124 21 valiokunta
634 1161 59 20 tässä
718 1159 83 22 kohden
829 1159 126 28 täydentäisi
981 1159 64 22 ehdo-

218 1187 110 22 tuksensa.

290 1245 33 21 Då
345 1246 64 26 ingen
433 1251 69 16 annan
518 1245 23 21 af
554 1245 96 22 ståndets
671 1245 137 22 medlemmar
826 1245 96 22 önskade
936 1247 57 26 yttra
1007 1246 38 26 sig,

221 1273 133 22 förklarades
377 1273 151 22 diskussionen
544 1273 98 27 afslutad,
657 1273 66 22 hvarå
737 1273 26 22 hr
777 1273 122 22 talmannen
915 1273 132 22 framställde

218 1301 95 28 följande
328 1302 290 27 omröstningsproposition:

290 1359 39 27 De,
349 1359 75 21 hvilka
444 1359 118 32 godkänna
576 1359 113 22 utskottets
703 1359 82 35 förslag
799 1359 10 21 i
824 1359 35 21 det
873 1359 29 28 af
913 1359 28 22 hr
955 1359 92 22 Renvall

219 1376 121 33 anmärkta
355 1388 108 27 afseende,
478 1389 59 20 rösta
547 1395 41 20 ja;
607 1387 32 28 de,
654 1388 34 21 det
703 1388 45 21 icke
761 1390 60 25 göra,
837 1390 60 19 rösta
913 1388 48 28 nej;

290 1445 81 21 vinner
393 1445 42 28 nej,
455 1445 43 21 har
518 1445 86 21 ståndet
624 1445 87 21 beslutit
726 1444 160 22 återremittera
903 1445 145 21 betänkandet

218 1473 10 21 i
244 1473 36 22 det
294 1473 29 28 af
334 1473 28 22 hr
377 1473 94 22 Renvall
484 1473 126 28 föreslagna
625 1473 73 28 syftet.
