1100 1756
67 121 14 17 8
94 119 127 22 september.
363 118 46 20 Lag
421 122 33 12 om
466 117 127 20 föreningar.
840 111 54 21 1011

167 254 147 33 Lördagen
333 254 55 26 den
407 253 19 26 8
444 252 162 34 september
624 252 39 27 kl.
681 252 31 27 12
733 260 24 26 p.
775 252 26 27 d.

139 325 41 21 Vid
195 323 127 22 värkställdt
344 329 84 20 upprop
446 321 89 22 befanns
557 321 143 22 frånvarande
722 322 25 21 hr
771 322 126 27 August

68 353 146 24 Jusélius
230 352 27 27 på
273 351 70 27 grund
357 351 22 21 af
392 350 58 21 förut
466 350 120 21 meddeladt
600 350 104 21 tillstånd.

141 490 116 27 Upplästes
273 488 31 21 till
317 488 108 27 justering
440 487 37 22 och
494 487 124 27 godkändes
630 489 30 20 ett
671 487 78 27 utdrag
760 493 25 15 ur
797 487 100 28 borgare-

72 519 97 22 ståndets
184 518 35 21 vid
236 519 85 20 senaste
335 517 86 27 plenum
438 516 61 21 förda
513 516 115 27 protokoll.

142 649 155 26 Antecknades,
313 650 31 19 att
359 648 46 21 från
422 648 139 21 medstånden
576 647 114 22 inkommit
706 648 104 21 särskilda
824 650 73 25 proto-

72 679 140 26 kollsutdrag.

143 787 119 27 Föredrogs
278 786 153 27 lagutskottets
447 786 35 21 vid
495 789 85 18 senaste
592 786 87 26 plenum
692 786 117 27 bordlagda
819 786 81 28 förslag

74 816 31 22 till
127 815 207 27 sammanjämkning
349 814 23 22 af
385 815 27 21 de
432 814 120 27 skiljaktiga
567 814 77 26 beslut,
660 815 60 21 hvari
736 815 89 21 stånden
842 817 57 19 stan-

74 847 38 19 nat
131 845 35 21 vid
186 844 156 26 behandlingen
357 843 24 21 af
394 843 117 21 utskottets
533 843 135 21 betänkande
683 850 35 14 n:o
733 843 14 21 4
762 844 7 20 i
784 844 116 26 anledning

74 874 23 21 af
110 874 62 21 Hans
188 872 119 27 Kejserliga
326 872 112 26 Majestäts
454 872 76 27 nådiga
545 872 135 26 proposition
696 878 34 15 n:o
747 872 25 21 17
789 872 110 27 angående

74 902 41 28 lag
130 908 39 16 om
185 901 151 27 föreningar.

144 958 135 22 Beträffande
295 958 117 21 utskottets
428 957 80 27 förslag
524 963 34 15 om
574 958 12 26 $
602 957 14 21 4
631 958 84 26 yttrade

145 1016 25 20 hr
186 1014 144 22 Kurkela:
350 1014 58 21 Minä
424 1020 26 15 en
461 1014 35 21 voi
510 1014 64 27 yhtyä
589 1014 143 21 valiokunnan
749 1014 152 26 ehdotukseen,

76 1046 44 20 että
134 1046 58 19 tämä
206 1044 84 21 kolmen
307 1043 79 27 säädyn
403 1043 130 27 hyväksymä
547 1042 157 22 tarkoitustaan
719 1044 71 20 varsin
801 1046 101 18 vastaava

78 1074 157 21 »säätiö»-sana
250 1072 155 21 muutettaisiin
417 1071 156 27 pappissäädyn
584 1071 117 27 päätöksen
713 1072 92 20 mukaan
816 1072 85 20 vähem-

76 1104 49 19 män
148 1101 108 27 sopivaksi
279 1100 193 21 »sääde»-sanaksi.
504 1100 172 21 »Sääde»-sanan
692 1100 102 27 merkitys
810 1106 26 15 on
853 1106 49 15 san-

77 1136 40 22 gen
126 1130 76 21 lähellä
215 1129 184 25 »säädös»-sanaa,
407 1129 47 27 jota
465 1128 83 22 vastoin
562 1128 92 21 säätiö»
670 1135 26 15 on
708 1129 101 27 erityisen
820 1135 82 15 varma-

76 1158 167 28 merkityksinen
260 1164 57 19 sana,
329 1157 53 27 joka
397 1157 114 21 merkitsee
524 1157 59 27 juuri
599 1157 47 25 sitä,
658 1158 52 20 mitä
721 1159 58 19 tässä
789 1157 114 27 pykälässä

77 1188 147 21 tarkoitetaan.
239 1187 80 21 Tämän
336 1186 76 21 vuoksi
428 1186 83 27 pyydän
522 1186 209 21 kunnioittavimmin
743 1186 104 26 ehdottaa,
858 1188 46 19 että

77 1216 158 28 porvarissääty
256 1214 89 28 hylkäisi
364 1214 223 22 muutosehdotuksen
601 1214 23 27 ja
639 1215 79 27 pysyisi
734 1215 104 21 entisessä
853 1216 49 26 pää-

77 1245 132 21 töksessään.

147 1302 33 21 Hr
205 1301 219 26 Heimbärger:
456 1301 50 20 Med
531 1301 115 26 anledning
661 1300 23 22 af
706 1301 41 21 den
772 1301 132 21 framställda

78 1331 168 26 anmärkningen
263 1330 37 21 ber
313 1329 38 27 jag
366 1332 31 19 att
407 1329 21 21 få
439 1329 95 27 upplysa,
545 1331 31 19 att
588 1329 103 27 förslaget
704 1330 87 27 gjordes
804 1329 7 21 i
821 1331 83 26 präste-

79 1359 86 22 ständet
186 1359 22 21 af
229 1358 124 27 professorn
378 1358 71 21 Setälä
472 1358 40 21 och
534 1360 32 19 att
585 1358 111 26 utskottet,
717 1358 91 27 böjande
823 1359 33 26 sig
870 1357 34 22 för

79 1388 124 27 professorn
215 1387 81 22 Setäläs
307 1387 123 25 auktoritet,
441 1386 23 21 af
472 1387 66 21 sädan
551 1387 115 26 anledning
677 1387 110 26 föreslagit
797 1387 107 21 rättelsen.

149 1446 33 20 Hr
197 1444 158 22 Brofeldt:
387 1444 115 21 Luettuani
518 1450 26 15 ne
561 1444 145 26 perustelmat,
715 1444 101 27 joidenka
827 1444 78 27 nojalla

80 1473 117 28 professori
214 1473 69 22 Setälä
298 1473 115 26 puolustaa
425 1473 169 22 »sääde»-sanaa
606 1473 68 20 edellä
689 1473 122 26 »säätiötä»,
821 1473 83 28 pyydän

80 1503 65 21 saada
160 1503 115 20 kannattaa
289 1501 145 22 valiokunnan
450 1502 136 21 ehdottamaa
602 1503 116 20 muutosta.
