1070 1825
191 197 54 32 1086
369 206 253 20 Styrelseledamöternas
634 206 188 22 ämbetsåtgärder.
852 208 24 16 19
888 208 132 20 september.

281 354 155 34 Onsdagen
456 354 55 27 den
529 353 32 27 12
581 354 161 34 september
760 354 38 26 kl.
817 354 17 27 2
854 363 25 26 p.
898 355 25 26 d.

255 424 42 21 Vid
319 423 130 22 värkställdt
471 429 84 21 upprop
580 422 107 23 befunnos
709 423 143 22 frånvarande
868 423 37 22 hrr
927 425 90 21 Felix

186 452 120 26 Heikel,
354 458 116 15 Jansson
492 452 40 21 och
549 451 182 26 Carlström,
747 451 41 22 alla
802 452 28 27 på
846 453 69 26 grund
924 447 23 36 af
957 453 60 22 förut

186 481 122 21 meddeladt
322 480 106 22 tillstånd.

255 601 119 27 Upplästes
396 600 33 22 till
448 600 109 28 justering
578 600 39 22 och
633 600 124 28 godkändes
773 600 105 22 särskilda
894 601 78 28 utdrag
987 608 28 15 ur

186 629 190 28 borgareståndets
391 629 36 21 vid
443 631 85 19 senaste
543 629 87 27 plenum
646 628 61 22 förda
721 629 114 27 protokoll.

253 772 157 26 Antecknades,
426 774 32 19 att
472 772 46 21 från
534 772 140 21 medstånden
691 771 113 22 inkommit
819 772 105 22 särskilda
939 775 74 25 proto-

183 801 141 27 kollsutdrag.

253 922 69 21 Bland
344 922 98 21 ståndets
461 921 139 22 medlemmar
615 921 54 21 hade
685 921 93 22 utdelats
794 921 39 22 och
849 922 114 22 bordlades
979 923 31 21 till

182 951 182 26 eftermiddagens
379 950 96 27 plenum:

252 1007 236 28 grundlagsutskottets
513 1007 68 21 andra
601 1006 82 27 förslag
705 1007 31 21 till
759 1008 208 27 sammanjämkning
989 1007 24 22 af

182 1037 104 21 ståndens
307 1036 123 27 skiljaktiga
450 1035 71 22 beslut
543 1035 36 22 vid
593 1035 158 27 behandlingen
767 1035 23 22 af
803 1036 117 22 utskottets
936 1037 73 21 betän-

180 1065 71 22 kande
274 1071 34 15 n:o
328 1065 13 20 3
363 1065 8 20 i
390 1064 115 27 anledning
526 1063 23 22 af
569 1064 62 21 Hans
655 1063 122 28 Kejserliga
798 1064 112 28 Majestäts
932 1065 78 27 nådiga

180 1093 135 28 proposition
338 1099 35 16 n:o
394 1093 27 21 16
438 1093 111 27 angående
568 1093 52 21 rätt
636 1091 41 23 för
694 1093 236 23 storfurstendömet
950 1093 59 22 Fin-

180 1123 72 22 lands
271 1121 119 28 landtdag
410 1122 37 21 att
465 1121 106 28 granska
591 1120 151 28 lagligheten
758 1121 27 22 af
798 1122 210 27 styrelseledamö-

179 1153 86 21 ternas
281 1150 223 27 ämbetsåtgärder;

251 1207 235 29 grundlagsutskottets
501 1206 82 28 förslag
597 1206 31 22 till
644 1207 210 28 sammanjämkning
868 1208 21 21 at
904 1208 26 22 de
940 1207 68 23 delvis

180 1237 123 27 skiljaktiga
324 1236 79 26 beslut,
417 1236 7 22 i
440 1236 71 22 hvilka
534 1236 90 21 stånden
648 1238 87 19 stannat
757 1236 35 22 vid
811 1236 156 27 behandlingen
987 1236 23 22 af

179 1266 119 22 utskottets
320 1265 135 21 betänkande
475 1270 34 16 n:o
525 1264 14 21 4
557 1264 7 21 i
579 1264 116 27 anledning
709 1264 24 22 af
746 1264 60 22 Hans
828 1265 120 27 Kejserliga
962 1265 45 21 Ma-

177 1295 80 27 jestäts
282 1294 78 27 nådiga
384 1294 135 27 proposition
542 1299 35 15 n:o
601 1293 25 21 18
642 1292 7 22 i
663 1292 61 28 fråga
746 1299 33 15 om
804 1294 26 21 de
850 1294 157 28 tjänstemän,

178 1323 88 23 hvilka
287 1322 89 23 blifvit
397 1322 59 22 från
476 1322 53 22 sina
549 1321 172 28 befattningar
739 1322 134 22 afskedade
889 1322 62 22 eller
965 1322 42 22 till

178 1352 108 28 tjänster
306 1351 118 22 utnämda
444 1350 56 22 med
519 1350 118 22 afvikelse
657 1350 58 22 från
732 1350 195 28 grundlagarnas
943 1350 64 23 stad-

178 1380 111 28 ganden;
305 1382 57 20 samt

247 1437 154 27 lagutskottets
416 1436 68 22 andra
498 1436 83 27 förslag
595 1436 32 21 till
643 1436 210 28 sammanjämkning
868 1436 22 22 af
904 1436 102 22 ståndens

178 1466 123 28 skiljaktiga
315 1466 73 21 beslut
402 1466 36 21 vid
453 1464 156 28 behandlingen
626 1464 23 22 af
662 1464 118 22 utskottets
795 1465 134 21 betänkande
944 1471 35 15 n:o
993 1465 14 21 3

177 1496 7 21 i
199 1495 117 27 anledning
331 1495 23 21 af
367 1495 61 21 Hans
444 1493 122 28 Kejserliga
575 1493 113 27 Majestäts
700 1494 77 26 nådiga
788 1494 134 27 proposition
933 1500 35 15 n:o
979 1494 28 21 15

176 1524 113 27 angående
304 1524 40 27 lag
361 1529 38 17 om
416 1522 125 23 allmänna
557 1522 226 23 sammankomster.
