1123 1773
89 126 24 17 12
123 126 53 20 juni.
351 125 150 20 Laglighetens
515 124 159 17 återställande.
877 118 41 22 681

90 194 64 28 ryska
177 194 87 26 språket
287 192 39 22 och
349 193 67 21 likaså
440 195 31 19 att
495 192 224 33 generalguvernören
741 192 41 22 kan
804 199 49 15 vara
869 192 50 27 rysk

92 229 55 15 man.
177 222 112 21 Utskottet
309 221 38 21 har
368 221 47 21 icke
437 221 67 21 häller
527 221 58 27 gjort
599 221 72 27 någon
687 221 141 27 anmärkning
842 227 35 15 om
893 222 27 20 de

92 250 140 28 stadganden,
248 256 46 16 som
310 249 89 22 hänföra
415 250 33 26 sig
463 250 31 20 till
510 250 64 20 dessa
589 250 189 26 omständigheter,
789 250 70 20 hvilka
870 250 51 26 ingå

90 280 7 21 i
114 281 10 19 1
141 279 76 27 Siden
233 278 162 27 ifrågavarande
412 278 160 26 författningen.
603 278 43 21 Det
662 280 23 19 är
701 278 139 27 stadganden,
849 278 70 21 hvilka

90 308 51 26 ingå
156 308 7 20 i
176 308 26 20 de
219 313 75 15 senare
309 306 158 28 paragraferna,
482 306 71 22 hvilka
576 307 103 26 tilldragit
695 307 32 27 sig
743 306 116 22 utskottets
875 308 44 20 sär-

91 336 69 22 skilda
176 335 195 27 uppmärksamhet.
402 336 49 20 Med
467 335 82 27 hänsyn
565 335 31 21 till
612 336 231 26 stadgandenaidessa
859 342 60 20 para-

92 364 70 28 grafer
178 364 39 21 har
231 364 106 21 utskottet
352 366 73 19 ansett
440 364 33 26 sig
488 364 53 21 böra
555 364 63 21 häfda
637 364 40 21 den
693 363 226 28 rättsuppfattningen,

90 397 32 18 att
144 392 232 28 lagstiftningsmakten
393 392 28 27 pä
437 393 57 21 detta
516 392 87 21 område
625 392 47 21 icke
691 392 128 22 tillkommer
834 398 85 15 monar-

90 422 41 21 ken
148 428 80 19 ensam,
244 423 50 19 utan
311 421 38 21 bör
365 421 38 21 ske
418 421 49 21 med
483 421 127 21 ständernas
633 421 134 21 samvärkan.
796 421 40 21 Att
851 420 68 28 lagut-

91 451 81 21 skottet
186 450 39 21 här
240 450 38 21 har
293 449 103 21 företrädt
413 450 41 20 den
471 450 77 26 riktiga
561 449 171 27 uppfattningen,
748 450 61 20 torde
824 450 34 20 väl
873 450 46 20 icke

90 479 24 21 af
127 479 71 27 nägon
214 478 106 21 förnekas.

160 508 42 26 Jag
217 507 53 21 skall
286 506 61 22 äfven
365 507 26 21 be
407 509 31 19 att
453 506 21 22 fä
489 506 72 22 vidare
577 507 76 21 beröra
675 507 68 27 nägra
761 506 158 28 omständighe-

90 538 32 20 ter
138 536 8 21 i
161 535 60 27 fräga
237 542 34 14 om
287 536 26 20 de
328 535 93 27 olagliga
435 535 179 27 tjänstemännen.

157 564 154 22 Betecknande
332 564 33 21 för
389 564 40 21 den
452 564 158 26 framställning
632 564 33 21 uti
680 564 239 32 tjänstemannafrägan,

92 600 46 14 som
155 593 67 27 enligt
237 592 104 22 kritikens
353 592 57 22 äsikt
425 594 23 19 är
465 592 40 21 den
522 592 78 27 riktiga
615 592 40 22 och
671 599 47 15 som
739 595 84 19 ensamt
837 592 34 22 för
887 593 34 27 sig

92 624 22 19 är
130 622 70 26 egnad
223 623 32 19 att
277 621 47 21 leda
346 621 32 21 till
394 627 26 15 en
437 621 64 27 riktig
523 620 139 28 uppfattning
677 622 6 20 i
699 621 71 26 saken,
787 623 23 19 är
826 624 31 18 ett
872 621 48 21 full-

90 650 92 27 komligt
203 649 127 22 fränseende
353 649 22 22 af
395 650 40 20 den
459 650 203 26 olaglighetsregim,
679 656 46 15 som
743 650 8 20 i
771 650 73 21 landet
865 650 56 21 varit

91 679 95 21 rädande
202 679 69 21 under
286 678 58 21 tiden
362 678 33 21 för
411 678 27 21 de
453 678 150 27 öfverklagade
625 678 225 22 missförhällandenas
866 685 54 20 upp-

91 708 79 20 komst.
200 707 112 21 Utskottet
334 707 38 21 har
396 706 119 22 emellertid
538 706 67 28 härpä
626 707 45 27 lagt
694 713 26 15 en
744 707 177 27 grundväsentlig

91 736 46 21 vikt
152 736 40 21 och
207 736 28 26 pä
246 736 53 20 sidd.
311 735 85 21 11—14
408 735 81 21 lämnat
505 742 26 14 en
546 735 159 27 framställning
719 735 24 21 af
756 735 163 27 hufvuddragen

91 764 23 22 af
126 764 143 22 händelserna
292 764 68 21 under
382 764 163 26 väldsregimen,
561 764 70 21 sävidt
647 764 26 21 de
689 764 48 22 med
752 764 167 27 tjänstemanna-

92 793 180 26 utnämningarna
293 792 63 22 hafva
379 792 110 22 samband.
520 792 128 28 Uppenbart
663 795 30 23 är,
708 795 31 19 att
755 792 164 28 uppfattningen

91 822 23 21 af
126 821 75 27 frägan
218 822 68 20 mäste
300 821 65 21 blifva
381 821 52 26 skef,
449 827 34 15 om
500 828 48 14 man
564 821 36 21 vid
615 821 96 21 försöket
726 824 31 18 att
772 823 43 19 rätt
830 821 91 21 bedöma

91 851 126 21 densamma
232 850 86 21 alldeles
334 850 83 21 fränser
434 850 41 20 den
490 849 93 21 faktiska
599 850 76 26 grund,
691 850 79 21 hvarur
789 850 130 21 missförhäl-

90 879 92 22 landena
196 878 141 27 uppkommit.
367 878 66 21 Detta
448 878 38 21 har
502 878 118 22 emellertid
637 879 32 20 uti
684 879 40 21 den
738 878 70 26 kritik,
819 885 46 15 som
877 881 43 19 sett

91 908 75 27 dagen,
182 907 99 26 inträffat,
297 907 39 21 och
351 907 80 27 följden
447 909 29 24 är,
491 910 32 18 att
533 907 108 22 äsikterna
653 908 68 21 mäste
731 908 117 26 divergera.
869 907 50 22 Man

90 937 38 20 har
144 936 40 21 fätt
199 936 46 21 läsa
259 942 26 15 en
302 936 24 21 sä
341 936 83 21 menlös
440 936 144 27 uppfattning,
600 942 46 15 som
663 938 14 19 t.
693 942 30 15 ex.
740 938 31 19 att
787 936 26 21 de
828 936 92 27 olagliga

90 965 341 27 tjänstemannautnämningarna
446 965 57 21 skett
518 965 56 20 blott
589 965 49 21 med
653 971 26 14 en
696 965 78 26 oriktig
785 965 136 27 tillämpning

90 993 23 22 af
126 993 262 27 befordringsgrunderna
411 993 39 21 och
473 995 31 19 att
520 993 104 21 utskottet
640 993 76 21 endast
731 993 22 22 af
767 993 65 22 sädan
847 993 72 22 anled-

91 1023 53 26 ning
164 1024 72 19 ansett
258 1022 181 27 utnämningarna
462 1028 50 15 vara
528 1022 97 27 olagliga.
656 1022 33 21 En
712 1022 131 27 granskning
858 1022 23 21 af
894 1022 26 21 de

91 1051 79 21 nämda
186 1051 86 21 sidorna
289 1051 84 20 11—14
387 1051 7 20 i
410 1050 241 21 utskottsbetänkandet
667 1051 54 20 skall
739 1050 83 21 frikalla
837 1051 83 21 utskot-

91 1082 31 19 tet
137 1079 47 22 från
200 1081 31 19 att
247 1082 89 24 antagas
352 1079 53 26 hysa
421 1085 26 15 en
464 1079 65 21 sådan
545 1079 144 27 uppfattning.

161 1108 43 21 För
220 1108 115 20 bevisande
351 1107 22 21 af
387 1108 26 20 de
429 1108 106 26 olagligen
556 1108 115 20 utnämdas
686 1109 43 19 rätt
744 1109 31 19 att
789 1107 22 21 fä
826 1107 95 21 bibehäl-

90 1136 32 22 las
138 1136 6 21 i
160 1136 94 27 tjänsten
271 1136 62 26 utgär
349 1142 48 15 man
414 1136 102 21 likaledes
527 1136 47 21 frän
586 1136 138 27 synpunkter,
736 1142 46 15 som
793 1136 33 21 för
837 1138 83 19 utnäm-

90 1166 117 26 ningarnas
230 1165 105 21 tillkomst
357 1166 37 20 äro
417 1164 138 22 främmande.
586 1165 49 21 Man
660 1165 62 27 utgär
737 1164 47 22 frän
800 1167 31 19 ett
845 1164 75 22 erkän-

90 1194 77 26 nande,
182 1196 32 18 att
229 1194 181 26 utnämningarna
425 1193 34 21 väl
475 1193 95 21 vidlädas
587 1193 23 21 af
622 1193 29 21 fel
666 1194 7 20 i
688 1194 94 26 rättsligt
793 1193 128 25 hänseende,

90 1228 50 15 men
165 1222 63 21 dessa
249 1221 28 22 fel
301 1222 140 26 undandraga
455 1222 34 27 sig
503 1222 155 21 allmänhetens
675 1222 138 26 bedömande,
828 1222 26 21 de
870 1223 51 25 göra

90 1251 46 21 icke
158 1251 180 26 utnämningarna
353 1251 8 20 i
376 1250 40 22 och
438 1250 33 22 för
494 1251 34 27 sig
550 1251 95 27 ogiltiga,
661 1251 39 21 och
716 1251 27 21 dä
757 1251 41 21 den
818 1250 103 22 utnämda

90 1279 42 21 kan
148 1280 92 26 uppvisa
254 1279 104 26 fullmakt,
374 1285 46 15 som
437 1281 24 19 är
477 1279 98 21 utfärdad
590 1279 23 21 af
624 1279 89 27 behörig
723 1286 84 20 person,
818 1280 25 20 sä
853 1279 68 21 mäste

91 1308 40 21 den
146 1308 115 21 utnämdas
277 1310 42 19 rätt
333 1308 32 21 till
380 1308 95 26 tjänsten
491 1308 137 27 respekteras
645 1308 40 21 och
701 1308 41 21 alla
757 1308 53 21 hans
821 1308 100 26 ätgärder

90 1343 65 15 anses
171 1336 83 27 lagliga.
285 1336 152 26 Lagutskottet
452 1336 73 22 ställer
541 1337 33 26 sig
590 1343 29 15 nu
636 1336 204 27 grundväsentligen
856 1337 28 26 pä
894 1342 27 15 en

90 1365 44 21 helt
158 1372 71 14 annan
252 1364 139 28 uppfattning
410 1365 23 21 af
454 1365 72 21 saken.
556 1366 42 20 För
620 1365 144 27 lagutskottet
784 1367 23 19 är
827 1365 37 21 det
886 1365 35 21 vid

91 1394 144 21 bedömandet
250 1394 23 21 af
287 1394 26 21 de
328 1394 107 26 olagligen
451 1394 114 21 utnämdas
582 1394 103 27 ställning
708 1394 167 26 bestämmande,
890 1396 33 18 att

91 1423 182 26 utnämningarna
295 1422 81 22 skedde
397 1422 32 22 för
453 1422 206 27 statshvälfningens
681 1422 172 27 genomförande.
889 1422 33 21 De

92 1452 102 20 utnämda
209 1452 92 20 insattes
316 1451 7 21 i
339 1451 47 21 sina
407 1452 99 20 ämbeten
527 1452 48 20 med
591 1454 31 18 ett
637 1451 50 21 fullt
701 1452 108 20 medvetet
823 1450 98 22 förtram-

90 1480 72 26 pande
177 1479 23 22 af
213 1480 145 26 grundlagens
375 1480 53 26 bud;
444 1480 48 21 med
509 1480 62 21 deras
582 1480 258 21 insättande
713 1475 12 35 i
736 1480 100 21 ämbetena
850 1479 72 27 afsägs

91 1511 31 18 att
137 1508 78 27 främja
230 1510 57 19 orätt
303 1508 38 21 och
358 1514 70 21 gagna
444 1508 35 22 det
495 1508 92 27 olagliga
608 1508 163 27 styrelsesättet.
802 1508 32 21 De
850 1508 71 22 blefvo
