1103 1803
228 140 42 20 874
448 144 163 18 Presteståndet
622 145 59 17 1882.
706 145 24 17 21
743 144 63 21 april.

199 213 172 27 obligationerna
392 214 38 26 går
453 214 19 27 ej
495 220 33 15 an.
559 213 151 22 Hufvudsaken
727 216 24 18 är
766 216 33 19 att
814 220 22 15 se
852 213 32 22 till
900 216 32 19 att
948 212 82 28 obliga-

200 243 69 21 tioner
284 242 75 25 finnas,
375 242 71 22 hvilka
462 249 62 15 svara
540 245 44 19 mot
600 243 80 21 saldots
695 242 133 22 slutsumma.

270 299 149 21 Öfverläraren
436 300 152 20 Kihlman:
618 299 45 22 Det
678 301 24 19 är
718 299 104 27 naturligt
837 302 33 18 att
885 300 36 20 det
931 299 42 21 här
983 299 45 21 icke

199 328 69 27 gäller
283 330 66 19 annat
365 330 26 18 än
407 331 32 18 att
453 328 113 27 godkänna
582 330 31 19 ett
628 328 134 21 förhållande
778 334 45 15 som
840 328 101 22 existerat
955 328 74 21 ultimo

201 357 49 20 Dec.
270 357 52 20 1881
341 357 39 20 och
395 356 55 27 gifva
467 357 153 26 förvaltningen
637 356 110 27 décharge.
777 356 10 21 I
804 357 58 20 detta
878 356 100 21 afseende
991 356 39 21 har

200 385 164 21 bankutskottet
379 385 77 21 uttalat
472 386 32 26 sig
519 385 27 27 på
561 385 35 21 det
612 385 52 22 allra
680 385 146 21 bestämdaste
842 385 12 21 å
870 385 76 27 pagina
962 387 13 20 6
990 384 38 22 och

201 414 19 25 7,
236 413 38 22 der
290 413 36 22 det
342 415 59 25 säges
417 416 31 19 att
464 414 182 25 ,bankutskottet,
658 420 44 15 som
714 414 35 20 vid
760 414 157 27 granskningen
927 413 24 21 af
961 414 68 21 denna

200 443 117 20 berättelse
340 442 45 21 icke
409 442 37 21 har
465 443 64 26 något
544 445 32 18 att
592 442 96 22 deremot
703 442 109 27 anmärka,
827 443 7 20 i
850 442 41 21 allo
906 443 123 26 godkänner

200 470 102 27 förslaget
325 470 31 21 till
380 471 118 26 fördelning
517 471 21 22 af
553 471 88 21 fondens
657 471 115 27 tillgångar
787 471 27 26 på
830 471 102 21 fonderna
947 471 42 21 Lit.
1003 471 25 20 A.

201 499 38 22 och
264 499 40 21 Lit.
327 499 35 21 B.*
393 499 166 22 Bankutskottet
579 500 39 21 har
633 499 89 22 sålunda
738 499 96 28 fullgjort
850 499 43 24 allt,
909 499 54 21 hvad
981 505 47 15 man

200 529 22 20 af
244 528 163 21 bankutskottet
425 529 87 25 fordrat,
530 529 35 20 det
582 529 35 20 vill
632 530 57 25 säga,
706 529 36 20 det
758 528 40 21 har
813 529 84 26 upplyst
913 529 115 20 ständerna

201 563 40 19 om,
263 559 32 18 att
315 557 39 21 den
374 557 74 26 gjorda
463 557 145 25 fördelningen
624 557 41 21 kan
681 563 62 15 anses
759 563 52 14 vara
826 557 69 26 rigtig.
926 556 48 22 Och
991 558 38 19 när

200 585 165 21 bankutskottet
381 585 39 21 har
435 586 75 21 sådant
526 585 84 25 uttalat,
626 585 73 21 tillhör
715 585 116 21 ständerna
846 585 19 27 ej
881 587 32 19 att
927 587 53 25 göra
991 591 38 15 an-

201 616 37 18 nat
253 615 27 19 än
296 614 113 26 godkänna
425 614 55 21 hvad
496 614 165 21 bankutskottet
675 614 111 27 tillstyrkt.

271 665 110 21 Professor
403 666 178 26 Runeberg:
613 666 41 20 Det
677 668 24 18 är
717 666 32 20 väl
767 666 18 26 ej
802 665 65 27 något
881 671 46 15 som
943 665 86 21 hindrar

201 695 31 19 att
255 693 114 26 godkänna
392 694 104 21 klämmen
520 694 64 21 sådan
601 694 40 21 den
657 696 29 21 är,
703 700 55 21 men,
774 694 68 21 såsom
857 694 36 27 jag
909 694 65 21 redan
991 694 39 21 har

200 722 100 26 påpekat,
317 724 24 19 är
356 722 36 21 det
408 725 31 18 ett
454 723 46 20 litet
514 722 134 22 förbiseende
664 723 22 20 af
700 723 106 20 utskottet
822 724 32 19 att
869 722 18 27 ej
902 722 6 21 i
923 722 105 21 klämmen

201 750 108 21 bestämdt
327 751 69 20 uttala
414 751 37 26 sig,
468 751 27 21 då
510 751 36 21 det
561 751 64 21 likväl
642 752 26 25 på
684 751 60 21 sidan
762 753 11 18 7
790 753 24 18 är
829 751 104 25 anmärkt,
949 753 32 19 att
997 753 32 18 ut-

201 779 82 21 skottet
306 779 123 27 godkänner
452 780 202 27 bankfullmäktiges
670 779 79 27 förslag
765 779 32 22 till
814 779 119 27 fördelning
948 780 24 21 af
985 779 44 21 fon-

201 803 46 58 FAT
278 808 37 21 Att
331 814 25 15 en
373 808 65 21 sådan
454 809 84 26 delning
553 808 23 21 af
590 809 141 26 tillgångarne
747 808 55 21 låter
818 809 31 25 sig
864 810 57 25 göra,
937 809 24 20 är
974 807 55 28 själf-

209 838 56 19 allet.

271 882 69 21 Sedan
357 881 145 22 diskussionen
519 883 72 21 härvid
608 883 115 25 afstannat,
739 882 114 27 uppstälde
869 882 48 21 herr
931 882 97 21 Talman-

201 917 40 14 nen
258 910 92 27 följande
366 911 283 27 omröstningsproposition:

275 961 130 22 Godkänner
427 963 35 20 det
484 962 132 29 högvördiga
638 962 87 21 ståndet
747 962 112 28 ingressen
880 962 148 27 oförändrad?

201 990 41 21 den
259 990 35 21 det
307 992 40 25 gör
361 997 78 14 svarar
448 991 41 28 ja;

271 1041 79 22 vinner
371 1042 38 27 nej
429 1043 42 20 har
492 1043 85 20 ståndet
597 1043 95 27 godkänt
712 1043 41 21 den
770 1043 49 21 med
833 1043 34 20 det
882 1043 25 26 af
919 1043 112 27 professor

201 1069 115 28 Runeberg
331 1070 125 27 föreslagna
472 1071 101 28 tillägget.

271 1121 33 21 Då
320 1121 69 21 denna
404 1122 130 27 proposition
550 1123 127 21 besvarades
693 1123 47 21 med
759 1123 26 21 18
798 1123 24 26 ja
832 1122 39 21 och
884 1123 23 20 11
921 1122 41 27 nej,
976 1122 53 21 hade

201 1150 91 21 sålunda
315 1150 92 26 ståndet,
428 1151 46 21 med
492 1151 136 22 förkastande
644 1151 23 21 af
681 1151 108 28 professor
805 1151 124 26 Runebergs
944 1151 85 26 förslag,

201 1178 96 27 godkänt
312 1179 108 26 ingressen
438 1179 30 22 till
484 1179 144 22 betänkandet
644 1180 136 21 oförändrad.

271 1230 134 22 Beträffande
421 1237 62 15 mom.
500 1233 18 24 a)
534 1231 86 27 frågade

271 1282 126 27 Vicepastor
413 1283 105 25 Lilius,
535 1283 98 21 hvarföre
649 1289 46 15 man
711 1283 35 21 vid
757 1283 146 26 fördelningen
914 1283 23 20 af
947 1283 82 22 medlen

201 1311 19 26 ej
237 1310 140 28 ihågkommit
392 1311 79 22 Finska
485 1311 133 27 Vetenskaps
634 1311 120 23 Societeten
771 1311 39 22 och
826 1311 80 22 Finska
921 1311 110 22 Literatur

201 1339 127 28 Sällskapet.

271 1385 77 22 Härtill
364 1386 106 26 genmälte
485 1386 111 21 Professor
611 1386 153 26 Forsman,
781 1385 25 22 G.
822 1386 29 21 Z:
878 1385 152 22 Muistaakseni

201 1415 73 26 löytyy
287 1414 57 27 juuri
361 1414 254 27 pankkivaltuusmiesten
630 1415 129 26 esityksessä
770 1415 127 20 mainittuna
908 1420 37 21 syy
957 1414 73 24 siihen,

201 1443 108 21 nimittäin
331 1444 45 19 että
399 1443 42 21 niin
463 1443 62 27 hyvin
550 1443 91 21 Suomen
658 1442 144 22 Tiede-Seura
817 1442 51 22 kuin
883 1442 146 22 Suomalaisen

200 1471 167 27 Kirjallisuuden
384 1471 72 25 Seura,
472 1472 60 26 jotka
548 1472 54 21 tosin
619 1472 89 21 voisivat
724 1471 137 21 testamentin
877 1471 79 26 tekijän
973 1472 58 20 mää-

200 1500 92 27 räyksen
314 1500 93 20 mukaan
423 1500 53 21 tulla
491 1501 161 27 kysymykseen,
668 1500 106 21 nauttivat
790 1500 109 26 kumpikin
913 1499 118 27 joltisiakin

200 1528 118 27 apurahoja
333 1528 96 27 yleisistä
444 1529 100 21 varoista.
575 1529 92 21 Suomen
683 1528 175 22 Tiede-Seuralla
874 1534 26 16 on
917 1528 114 22 muistaak-
