1103 1803
313 135 161 18 Presteståndet
486 137 59 17 1882.
570 136 26 17 29
609 136 60 20 april.
840 130 41 21 983

79 205 41 22 och
143 204 67 22 hållet
230 205 66 21 måtte
312 205 57 26 utgå.
399 205 41 26 Jag
455 204 41 22 kan
512 204 106 27 nämligen
635 205 19 27 ej
669 205 46 21 inse
731 206 32 20 att
779 204 42 21 den
837 204 72 21 vidare

79 234 43 21 kan
145 240 50 14 vara
217 233 31 21 till
271 234 68 26 någon
362 236 61 24 nytta
445 233 26 21 då
487 234 80 26 borgen
584 233 45 21 icke
645 239 59 15 mera
719 235 24 19 är
759 233 150 27 obligatorisk.

79 262 43 21 Det
144 264 25 18 är
191 262 86 21 alldeles
301 268 26 15 en
348 262 48 20 klar
415 262 45 25 sak,
482 264 32 19 att
537 268 34 15 om
592 262 16 25 ej
626 264 139 25 entreprenör
780 261 81 26 fullgör
877 261 32 21 sin

81 290 126 28 skyldighet,
231 290 74 22 blifver
320 291 128 21 kommunen
464 290 5 21 i
486 291 52 21 sista
553 290 57 22 hand
626 290 133 27 borgesman.
790 290 44 21 För
850 290 59 21 detta

80 319 38 21 sitt
139 319 104 27 åtagande
266 321 31 19 att
319 326 52 14 vara
385 319 126 27 borgesman
528 319 39 21 har
583 319 127 21 kommunen
726 320 47 20 icke
787 318 70 27 någon
874 324 36 15 an-

81 354 41 14 nan
144 348 105 26 säkerhet,
265 350 26 18 än
307 348 40 20 den
363 354 45 14 som
424 350 167 24 entreprenören
607 348 73 20 ställer
695 348 34 20 för
744 348 33 26 sig
793 348 39 20 och
850 347 59 21 detta

79 375 134 22 förhållande
228 375 102 22 behöfver
345 377 34 20 väl
395 376 18 27 ej
430 378 125 19 omnämnas
570 376 7 21 i
593 382 25 15 en
634 376 92 21 särskild
742 375 108 28 paragraf.

149 433 89 21 Prosten
254 433 86 26 Hjelt
355 433 92 26 föreslog
465 435 32 19 att
512 432 127 27 paragrafen
656 433 68 21 skulle
740 433 169 21 återremitteras

80 461 33 22 till
137 462 105 21 utskottet
265 461 32 21 för
318 464 32 19 att
365 462 163 21 omformuleras
545 462 5 21 i
567 461 220 22 öfverensstämmelse
804 462 48 21 med
869 462 40 21 den

81 491 138 26 bestämning,
236 497 45 14 som
297 490 86 27 intagits
399 491 6 20 i
421 490 14 27 $
452 491 18 20 9.

150 547 147 22 Ofverläraren
340 547 127 22 Kihlman:
499 548 129 26 Paragrafen
644 547 70 22 kunde
725 547 66 27 enligt
802 548 43 21 min
856 553 53 21 upp-

80 576 91 26 fattning
187 576 85 27 qvarstå
287 578 50 19 utan
354 578 32 19 att
401 576 93 21 behöfva
510 576 134 28 synnerligen
655 579 44 18 stor
711 575 128 28 förändring.
862 576 47 21 Den

81 605 72 21 kunde
173 605 21 21 få
217 604 92 28 följande
327 604 92 28 lydelse:
444 621 7 8 ,
457 605 83 21 Brister
556 606 137 25 entreprenör
707 604 7 21 i
730 604 128 27 åtagandets
874 604 35 21 be-

80 633 76 27 höriga
177 633 131 27 fullgörande
331 633 52 21 eller
403 633 76 21 blifver
494 634 47 21 från
557 634 31 21 sin
606 633 118 26 befattning
739 633 56 21 skild
810 633 53 21 eller
879 633 30 21 af-

81 662 61 24 lider,
164 662 54 21 skall
240 662 159 21 vederbörande
422 662 134 27 kronofogde
578 662 125 27 skyndsamt
718 662 50 27 foga
782 662 79 21 anstalt
877 663 32 20 att

80 692 124 20 densamma
225 690 102 27 fullgöres
343 691 27 26 på
386 692 151 25 entreprenörs
552 691 119 21 bekostnad
686 690 55 21 intill
758 691 152 26 entreprenad-

82 719 70 22 tidens
174 720 85 25 utgång.
290 719 47 21 Kan
359 719 76 21 sådant
452 719 33 21 för
502 721 148 25 entreprenörs
666 719 140 21 medellöshet
821 719 52 21 eller
888 718 23 22 af

80 754 71 15 annan
167 748 63 21 orsak
245 747 46 22 icke
306 748 44 26 ske,
366 748 54 21 skall
437 747 117 28 åtagandet
569 747 21 22 af
604 748 128 21 kommunen
748 747 119 27 fullgöras”.

151 805 124 27 Vicepastor
298 805 116 21 Lilius:
445 805 11 21 I
480 805 63 26 öfrigt
566 805 123 27 godkänner
709 805 37 26 jag
765 804 144 22 öfverläraren

82 833 111 22 Kihlmans
215 833 144 27 formulering,
382 840 47 15 men
453 833 37 22 vill
514 834 76 21 endast
605 834 98 27 påminna
720 835 32 19 att
767 833 81 26 borgen
863 833 46 21 icke

81 862 46 22 helt
143 862 39 22 och
198 862 65 21 hållet
278 863 89 20 uteslöts
382 862 46 21 från
444 863 49 20 9:de
509 862 40 28 &n,
565 865 52 18 utan
633 862 138 21 förändrades
787 861 32 22 till
835 864 74 25 antag-

82 891 29 26 lig
127 891 105 21 säkerhet.
264 891 68 21 Alltså
347 891 41 21 kan
404 897 25 15 en
446 893 141 25 entreprenör
602 891 63 20 hafva
680 891 86 26 borgen,
783 890 39 21 och
838 890 72 21 derför

81 926 51 15 vore
157 919 35 22 det
209 919 46 22 skäl
271 921 33 20 att
318 921 57 26 säga,
391 922 32 19 att
439 919 5 20 i
461 920 77 21 sådant
554 919 37 22 fall
606 921 36 20 äro
658 919 193 26 borgesmännerne
868 919 43 20 för-

81 948 116 27 pligtigade
219 951 32 18 att
273 948 120 27 ombesörja
413 948 193 27 skjutshållningen
623 948 27 27 på
666 949 176 26 entreprenörens
858 947 52 22 eller

81 977 32 21 sin
130 983 52 20 egen
198 977 124 21 bekostnad.

151 1034 142 27 Domprosten
312 1034 131 21 Renvall
460 1034 103 22 förenade
580 1034 31 27 sig
626 1034 48 21 med
690 1034 143 21 öfverläraren
849 1033 60 21 Kihl-

82 1068 49 15 man
147 1062 45 21 deri
208 1064 38 24 att,
261 1063 27 20 då
303 1063 6 20 i
325 1063 127 26 paragrafen
468 1063 82 26 borgen
566 1063 124 20 förutsättes
706 1063 60 20 äfven
782 1063 7 20 i
806 1063 35 20 det
852 1061 58 21 fallet

82 1092 33 19 att
130 1093 137 24 entreprenör
283 1090 78 26 aflider,
377 1091 76 21 orden:
471 1092 42 26 ,,på
528 1092 177 25 entreprenörens
716 1091 52 21 eller
778 1090 53 21 hans
842 1090 67 21 sterb-

82 1119 39 21 hus
138 1119 139 27 bekostnad",
293 1119 66 22 borde
375 1119 107 27 tilläggas.

151 1175 147 23 Öfverläraren
343 1176 115 22 Kihlman
475 1176 93 28 föreslog
579 1176 47 22 med
637 1176 113 26 anledning
760 1176 23 21 af
793 1175 118 27 vicepastor

82 1203 50 22 Lilii
155 1205 105 26 yttrande,
276 1207 32 19 att
323 1205 90 22 Ståndet
428 1205 70 22 skulle
515 1205 157 22 återremittera
687 1204 126 28 paragrafen
829 1203 32 22 till
877 1207 33 18 ut-

82 1233 88 26 skottet,
193 1233 32 22 för
247 1236 32 19 att
301 1234 105 21 utskottet
427 1235 69 20 måtte
515 1234 76 21 affatta
606 1239 146 22 noggrannare
767 1232 144 27 formulering,

81 1263 29 19 än
125 1262 6 21 i
148 1261 90 22 Ståndet
253 1263 71 20 kunde
339 1263 168 22 åstadkommas.

152 1319 61 21 Efter
228 1320 70 21 slutad
314 1320 120 21 diskussion
452 1320 72 21 beslöt
539 1320 89 21 Ståndet
644 1322 31 19 att
688 1319 157 22 återremittera
860 1317 12 29 &
886 1318 25 21 14

81 1348 34 21 för
137 1349 32 20 att
185 1348 160 22 omformuleras
360 1349 6 20 i
382 1349 77 21 sådant
474 1349 62 26 syfte,
552 1355 45 15 som
613 1348 23 21 af
650 1348 100 22 Ståndets
765 1347 91 22 rörande
871 1346 11 28 $
898 1349 12 19 9

82 1376 83 22 fattade
187 1376 70 22 beslut
273 1383 36 15 var
325 1377 116 27 betingadt,
458 1377 6 21 i
481 1377 53 27 följd
551 1377 74 22 hvaraf
639 1376 125 27 paragrafen
780 1377 84 20 komme
880 1377 31 20 att

81 1405 82 22 erhålla
179 1405 88 26 ungefär
282 1406 93 27 följande
390 1405 93 28 lydelse:
502 1423 8 11 ,
515 1406 83 21 Brister
613 1407 136 25 entreprenör
763 1405 7 21 i
786 1404 125 27 ätagandets

82 1433 102 27 behöriga
206 1434 134 27 fullgörande
363 1435 51 21 eller
438 1434 77 21 blifver
538 1434 48 21 från
606 1434 32 21 sin
654 1433 119 27 befattning
788 1433 55 21 skild
860 1433 51 21 eller

81 1462 83 26 aflider,
180 1462 54 22 skall
254 1463 157 21 vederbörande
427 1462 135 28 kronofogde
578 1462 124 28 skyndsamt
718 1462 48 26 foga
782 1460 80 22 anstalt
877 1466 34 15 om

81 1490 127 27 åtagandets
224 1491 133 27 fullgörande
373 1492 28 26 på
416 1493 152 25 entreprenörs
584 1491 52 21 eller
646 1491 53 21 hans
709 1490 105 22 sterbhus'
826 1489 85 22 bekost-

81 1520 42 20 nad
139 1518 52 22 eller
206 1520 47 21 med
269 1520 107 21 anlitande
392 1520 21 21 af
428 1520 41 21 den
486 1520 125 27 presterade
626 1520 146 20 säkerheten".
