1103 1803
239 128 40 21 722
451 133 163 18 Presteståndet
627 134 56 17 1882.
707 134 13 16 3
733 134 59 20 april.

279 202 121 26 Föredrogs
417 202 37 20 och
466 202 59 21 lades
536 202 32 20 till
580 202 101 21 Ständets
691 202 128 26 handlingar
829 202 210 27 protokollsutdrag:

281 260 57 20 Från
354 259 157 27 Ridderskapet
530 259 39 21 och
585 259 62 21 adeln
664 260 48 20 med
727 260 156 21 underrättelse

279 318 32 20 att
327 316 106 21 allmänna
450 316 204 22 besvärsutskottets
670 316 136 22 betänkande
821 317 39 20 N:o
878 318 11 20 8
906 317 6 21 i
926 317 113 26 anledning

209 345 23 20 af
246 347 79 18 tvänne
341 345 56 20 inom
414 345 160 20 Bondeståndet
590 345 76 20 väckta
682 345 182 26 petitionsförslag
876 352 33 14 om
923 346 84 25 delning
1018 345 22 21 af

209 373 121 26 Uleåborgs
345 373 39 21 och
401 373 82 21 Torneå
499 373 161 21 läkaredistrikt
675 374 23 21 af
712 373 90 22 Ståndet
817 374 117 26 godkänts;

278 430 47 21 från
343 430 178 26 Borgareståndet
537 431 48 20 med
600 431 157 21 underrättelse

279 489 32 20 att
327 490 152 19 sammansatta
495 488 43 27 lag-
556 487 39 22 och
611 488 217 21 ekonomiutskottets
844 488 98 21 anhållan
959 495 32 15 om
1009 491 31 18 att

209 516 21 21 få
247 517 49 20 dela
311 516 32 26 sig
358 517 27 26 på
401 518 77 19 tvänne
502 516 138 27 afdelningar,
665 519 51 18 utan
740 519 32 18 att
788 517 54 21 dock
863 517 47 21 med
927 518 112 25 anledning

209 545 63 21 deraf
287 545 48 20 dess
350 544 129 22 ledamöters
498 545 59 20 antal
573 545 69 21 blefve
659 546 71 25 ökadt,
747 545 69 21 blifvit
835 545 23 21 af
872 545 89 22 Ståndet
976 546 63 21 afsla-

209 579 40 20 gen
264 578 55 16 samt
336 575 32 19 att
383 573 89 21 Ståndet
489 573 87 21 beslutit
591 574 110 26 uppdraga
716 574 22 21 åt
754 574 47 20 sina
817 574 106 21 elektorer
938 576 32 19 att
981 574 58 21 såväl

209 602 32 20 till
259 602 44 26 lag-
319 608 44 14 som
381 602 205 21 ekonomiutskottet
608 602 55 26 välja
676 604 78 19 tvänne
771 609 40 20 nya
827 602 118 22 ledamöter
961 604 26 25 på
1003 604 37 20 det

209 630 100 21 bemälde
330 631 83 20 utskott
435 630 68 21 blefve
519 631 5 20 i
542 630 82 22 tillfälle
640 633 32 19 att
688 631 99 26 delegera
802 632 36 20 två
854 632 137 20 medlemmar
1007 632 31 20 till

209 661 156 19 sammansatta
381 660 43 25 lag-
441 660 39 20 och
496 659 212 25 ekonomiutskottet,
725 660 81 20 hvilket
822 660 50 21 derä
888 660 70 21 kunde
974 660 5 20 i
993 661 46 25 laga

210 688 91 26 ordning
324 688 81 20 fördela
428 688 30 26 sig
474 688 28 26 på
525 690 77 18 tvänne
626 688 134 26 afdelningar
776 689 5 19 i
799 688 39 22 och
861 688 32 21 för
911 688 128 22 ärendernas

209 716 175 26 skyndsammare
400 716 182 27 slutbehandling;

280 775 32 19 att
336 773 100 21 Ståndets
458 773 106 21 elektorer
586 773 31 21 till
634 774 65 20 andre
721 774 113 26 suppleant
850 774 6 20 i
872 774 167 26 expeditionsut-

210 802 82 21 skottet
309 802 5 20 i
331 802 70 21 stället
417 804 31 18 för
464 802 49 21 herr
530 802 116 26 Malmgrén
663 809 44 14 som
724 803 24 20 af
762 802 89 21 Ståndet
868 803 92 20 derifrån
976 803 63 20 befri-

210 833 41 21 ats,
268 831 48 20 med
333 831 11 20 9
361 831 22 20 af
397 831 73 20 inalles
486 831 80 26 afgifna
584 832 24 19 16
625 833 68 19 röster
709 834 66 18 utsett
792 831 48 21 herr
856 831 132 24 Liukkonen;

279 890 33 19 att
327 887 106 22 allmänna
449 888 205 21 besvärsutskottets
671 889 135 20 betänkande
822 888 40 21 N:o
878 889 13 20 8
907 889 5 20 i
924 888 114 26 anledning

209 917 23 21 af
249 919 76 19 tvänne
342 917 55 20 inom
414 917 159 21 Bondeståndet
589 917 76 20 väckta
681 917 180 27 petitionsförslag
876 923 34 15 om
922 917 84 26 delning
1017 917 22 21 af

209 946 120 26 Uleåborgs
353 945 39 21 och
414 945 82 21 Torneå
520 945 160 21 läkaredistrikt
705 945 23 21 af
750 946 90 21 Ständet
862 945 102 27 enhälligt
987 946 51 25 god-

208 975 75 26 känts;
466 987 4 4 :

279 1033 46 20 från
341 1021 222 32 Bondeståndet
519 1017 45 44 med
580 1031 156 21 underrättelse

279 1091 33 18 att
327 1088 107 21 allmänna
449 1088 205 21 besvärsutskottets
670 1088 135 21 betänkande
820 1088 40 21 N:o
877 1088 12 20 8
906 1088 5 20 i
925 1088 113 25 anledning

208 1117 23 21 af
254 1119 78 19 tvänne
355 1117 55 20 inom
435 1117 89 20 Ståndet
549 1117 74 20 väckta
646 1117 182 26 petitionsförslag
851 1123 33 14 om
909 1117 84 26 delning
1016 1116 23 21 af

210 1146 119 26 Uleåborgs
345 1145 39 21 och
400 1145 82 21 Torneå
498 1145 159 21 läkaredistrikt
673 1146 22 20 af
707 1145 89 21 Ståndet
808 1145 102 26 enhälligt
920 1145 116 26 godkänts;

279 1206 32 18 att
334 1202 89 22 Ståndet
439 1203 77 20 bifallit
536 1204 153 19 sammansatta
705 1203 43 26 lag-
765 1203 39 20 och
821 1202 216 21 ekonomiutskottets

208 1232 103 21 anhållan
332 1234 31 18 att
379 1231 82 21 fördela
483 1231 31 26 sig
530 1231 28 26 på
573 1233 78 19 tvänne
672 1231 108 21 sektioner
799 1233 51 19 utan
866 1233 31 19 att
913 1231 72 21 derför
1001 1231 34 22 nå-

208 1267 42 20 gon
267 1260 144 27 förstärkning
427 1260 5 20 i
448 1259 157 22 ledamöternas
621 1260 58 20 antal
696 1259 90 21 behöfde
803 1260 84 21 komma
903 1260 6 20 i
925 1259 68 28 fråga;

277 1320 32 18 att
325 1319 35 19 det
376 1318 5 19 i
399 1317 106 21 allmänna
521 1317 205 21 besvärsutskottets
743 1317 134 20 betänkande
893 1317 40 21 N:o
950 1318 10 19 7
978 1318 58 26 ingå-

208 1347 54 20 ende
277 1346 101 25 förslaget
401 1346 108 26 angående
525 1346 103 20 Finlands
650 1346 125 27 geologiska
791 1345 182 28 undersökningar
990 1347 45 20 blif-

207 1375 29 20 vit
253 1375 24 20 af
291 1375 88 21 Ståndet
402 1375 120 20 förkastadt
538 1374 39 21 och
594 1374 144 21 betänkandet
760 1374 181 21 återremitteradt
957 1375 31 20 till
1004 1378 31 17 ut-

207 1404 83 21 skottet
314 1403 31 21 för
360 1405 33 19 att
415 1403 162 21 omformuleras
592 1403 6 20 i
615 1403 36 20 det
674 1403 54 26 syfte
744 1405 32 18 att
798 1403 125 21 hädanefter
938 1403 45 21 icke
999 1404 36 19 nå-

206 1439 43 19 gon
267 1433 32 19 må
315 1432 62 20 vinna
393 1432 127 26 anställning
536 1431 69 21 såsom
622 1432 151 26 läneagronom
790 1433 5 19 i
813 1432 71 20 landet
895 1432 48 20 med
954 1432 82 20 mindre

206 1460 43 21 han
266 1460 62 21 äfven
344 1462 51 25 äger
411 1460 63 27 insigt
489 1460 6 20 i
512 1460 222 26 agrikulturgeologie.
