<?xml version="1.0" encoding="UTF-8"?>
<alto xmlns="http://www.loc.gov/standards/alto/ns-v3#" xmlns:xlink="http://www.w3.org/1999/xlink" xmlns:xsi="http://www.w3.org/2001/XMLSchema-instance" xsi:schemaLocation="http://www.loc.gov/standards/alto/ns-v3# http://www.loc.gov/alto/v3/alto-3-0.xsd">
	<Description>
		<MeasurementUnit>pixel</MeasurementUnit>
		<sourceImageInformation>
			<fileName>/tmp/tess_snvxhrzb_input.PNG</fileName>
		</sourceImageInformation>
		<OCRProcessing ID="OCR_0">
			<ocrProcessingStep>
				<processingSoftware>
					<softwareName>tesseract 5.3.4</softwareName>
				</processingSoftware>
			</ocrProcessingStep>
		</OCRProcessing>
	</Description>
	<Layout>
		<Page WIDTH="1103" HEIGHT="1803" PHYSICAL_IMG_NR="0" ID="page_0">
			<PrintSpace HPOS="0" VPOS="0" WIDTH="1103" HEIGHT="1803">
				<GraphicalElement ID="cblock_0" HPOS="0" VPOS="790" WIDTH="16" HEIGHT="993"></GraphicalElement >
				<ComposedBlock ID="cblock_1" HPOS="226" VPOS="130" WIDTH="557" HEIGHT="21">
					<TextBlock ID="block_0" HPOS="226" VPOS="130" WIDTH="557" HEIGHT="21">
						<TextLine ID="line_0" HPOS="226" VPOS="130" WIDTH="557" HEIGHT="21">
							<String ID="string_0" HPOS="226" VPOS="130" WIDTH="42" HEIGHT="20" WC="0.96" CONTENT="702"/><SP WIDTH="159" VPOS="130" HPOS="268"/>
							<String ID="string_1" HPOS="427" VPOS="134" WIDTH="163" HEIGHT="17" WC="0.91" CONTENT="Presteständet"/><SP WIDTH="12" VPOS="134" HPOS="590"/>
							<String ID="string_2" HPOS="602" VPOS="134" WIDTH="58" HEIGHT="17" WC="0.91" CONTENT="1582."/><SP WIDTH="24" VPOS="134" HPOS="660"/>
							<String ID="string_3" HPOS="684" VPOS="134" WIDTH="23" HEIGHT="16" WC="0.92" CONTENT="31"/><SP WIDTH="13" VPOS="134" HPOS="707"/>
							<String ID="string_4" HPOS="720" VPOS="138" WIDTH="63" HEIGHT="13" WC="0.96" CONTENT="mars."/>
						</TextLine>
					</TextBlock>
				</ComposedBlock>
				<GraphicalElement ID="cblock_2" HPOS="430" VPOS="162" WIDTH="563" HEIGHT="5"></GraphicalElement >
				<ComposedBlock ID="cblock_3" HPOS="197" VPOS="202" WIDTH="832" HEIGHT="422">
					<TextBlock ID="block_1" HPOS="197" VPOS="202" WIDTH="832" HEIGHT="422">
						<TextLine ID="line_1" HPOS="198" VPOS="202" WIDTH="830" HEIGHT="28">
							<String ID="string_5" HPOS="198" VPOS="202" WIDTH="81" HEIGHT="27" WC="0.96" CONTENT="epäile;"/><SP WIDTH="24" VPOS="202" HPOS="279"/>
							<String ID="string_6" HPOS="303" VPOS="209" WIDTH="26" HEIGHT="15" WC="0.95" CONTENT="ne"/><SP WIDTH="23" VPOS="209" HPOS="329"/>
							<String ID="string_7" HPOS="352" VPOS="203" WIDTH="49" HEIGHT="26" WC="0.95" CONTENT="päin"/><SP WIDTH="24" VPOS="203" HPOS="401"/>
							<String ID="string_8" HPOS="425" VPOS="203" WIDTH="81" HEIGHT="21" WC="0.95" CONTENT="vastoin"/><SP WIDTH="24" VPOS="203" HPOS="506"/>
							<String ID="string_9" HPOS="530" VPOS="206" WIDTH="50" HEIGHT="18" WC="0.95" CONTENT="ovat"/><SP WIDTH="23" VPOS="206" HPOS="580"/>
							<String ID="string_10" HPOS="603" VPOS="203" WIDTH="146" HEIGHT="21" WC="0.93" CONTENT="kokemuksen"/><SP WIDTH="21" VPOS="203" HPOS="749"/>
							<String ID="string_11" HPOS="770" VPOS="203" WIDTH="120" HEIGHT="21" WC="0.92" CONTENT="hedelminä"/><SP WIDTH="15" VPOS="203" HPOS="890"/>
							<String ID="string_12" HPOS="905" VPOS="204" WIDTH="123" HEIGHT="26" WC="0.96" CONTENT="pidettävät."/>
						</TextLine>
						<TextLine ID="line_2" HPOS="199" VPOS="231" WIDTH="830" HEIGHT="27">
							<String ID="string_13" HPOS="199" VPOS="231" WIDTH="54" HEIGHT="21" WC="0.96" CONTENT="Mitä"/><SP WIDTH="24" VPOS="231" HPOS="253"/>
							<String ID="string_14" HPOS="277" VPOS="234" WIDTH="48" HEIGHT="19" WC="0.93" CONTENT="taas"/><SP WIDTH="23" VPOS="234" HPOS="325"/>
							<String ID="string_15" HPOS="348" VPOS="232" WIDTH="92" HEIGHT="26" WC="0.92" CONTENT="provasti"/><SP WIDTH="20" VPOS="232" HPOS="440"/>
							<String ID="string_16" HPOS="460" VPOS="232" WIDTH="146" HEIGHT="26" WC="0.88" CONTENT="Rosengrenin"/><SP WIDTH="17" VPOS="232" HPOS="606"/>
							<String ID="string_17" HPOS="623" VPOS="232" WIDTH="62" HEIGHT="20" WC="0.96" CONTENT="viime"/><SP WIDTH="16" VPOS="232" HPOS="685"/>
							<String ID="string_18" HPOS="701" VPOS="232" WIDTH="128" HEIGHT="20" WC="0.96" CONTENT="lausuntoon"/><SP WIDTH="17" VPOS="232" HPOS="829"/>
							<String ID="string_19" HPOS="846" VPOS="232" WIDTH="62" HEIGHT="25" WC="0.96" CONTENT="tulee,"/><SP WIDTH="17" VPOS="232" HPOS="908"/>
							<String ID="string_20" HPOS="925" VPOS="232" WIDTH="42" HEIGHT="21" WC="0.93" CONTENT="niin"/><SP WIDTH="15" VPOS="232" HPOS="967"/>
							<String ID="string_21" HPOS="982" VPOS="231" WIDTH="47" HEIGHT="21" WC="0.90" CONTENT="tah-"/>
						</TextLine>
						<TextLine ID="line_3" HPOS="199" VPOS="260" WIDTH="830" HEIGHT="26">
							<String ID="string_22" HPOS="199" VPOS="260" WIDTH="42" HEIGHT="20" WC="0.96" CONTENT="don"/><SP WIDTH="23" VPOS="260" HPOS="241"/>
							<String ID="string_23" HPOS="264" VPOS="266" WIDTH="37" HEIGHT="15" WC="0.96" CONTENT="sen"/><SP WIDTH="22" VPOS="266" HPOS="301"/>
							<String ID="string_24" HPOS="323" VPOS="260" WIDTH="106" HEIGHT="26" WC="0.96" CONTENT="johdosta,"/><SP WIDTH="23" VPOS="260" HPOS="429"/>
							<String ID="string_25" HPOS="452" VPOS="260" WIDTH="54" HEIGHT="21" WC="0.95" CONTENT="mitä"/><SP WIDTH="22" VPOS="260" HPOS="506"/>
							<String ID="string_26" HPOS="528" VPOS="260" WIDTH="40" HEIGHT="21" WC="0.96" CONTENT="hän"/><SP WIDTH="22" VPOS="260" HPOS="568"/>
							<String ID="string_27" HPOS="590" VPOS="260" WIDTH="83" HEIGHT="20" WC="0.96" CONTENT="koirien"/><SP WIDTH="16" VPOS="260" HPOS="673"/>
							<String ID="string_28" HPOS="689" VPOS="260" WIDTH="154" HEIGHT="26" WC="0.96" CONTENT="tappamisesta"/><SP WIDTH="17" VPOS="260" HPOS="843"/>
							<String ID="string_29" HPOS="860" VPOS="260" WIDTH="73" HEIGHT="25" WC="0.96" CONTENT="lausui,"/><SP WIDTH="23" VPOS="260" HPOS="933"/>
							<String ID="string_30" HPOS="956" VPOS="261" WIDTH="73" HEIGHT="21" WC="0.96" CONTENT="viitata"/>
						</TextLine>
						<TextLine ID="line_4" HPOS="199" VPOS="288" WIDTH="830" HEIGHT="27">
							<String ID="string_31" HPOS="199" VPOS="289" WIDTH="82" HEIGHT="26" WC="0.96" CONTENT="pastori"/><SP WIDTH="17" VPOS="289" HPOS="281"/>
							<String ID="string_32" HPOS="298" VPOS="288" WIDTH="157" HEIGHT="22" WC="0.96" CONTENT="Westerlundin"/><SP WIDTH="16" VPOS="288" HPOS="455"/>
							<String ID="string_33" HPOS="471" VPOS="289" WIDTH="52" HEIGHT="26" WC="0.93" CONTENT="yhtä"/><SP WIDTH="15" VPOS="289" HPOS="523"/>
							<String ID="string_34" HPOS="538" VPOS="289" WIDTH="118" HEIGHT="21" WC="0.92" CONTENT="sukkelaan"/><SP WIDTH="15" VPOS="289" HPOS="656"/>
							<String ID="string_35" HPOS="671" VPOS="289" WIDTH="52" HEIGHT="21" WC="0.96" CONTENT="kuin"/><SP WIDTH="17" VPOS="289" HPOS="723"/>
							<String ID="string_36" HPOS="740" VPOS="290" WIDTH="100" HEIGHT="20" WC="0.93" CONTENT="terävään"/><SP WIDTH="17" VPOS="290" HPOS="840"/>
							<String ID="string_37" HPOS="857" VPOS="289" WIDTH="172" HEIGHT="26" WC="0.92" CONTENT="parannusehdo-"/>
						</TextLine>
						<TextLine ID="line_5" HPOS="199" VPOS="317" WIDTH="830" HEIGHT="27">
							<String ID="string_38" HPOS="199" VPOS="318" WIDTH="97" HEIGHT="20" WC="0.93" CONTENT="tukseen."/><SP WIDTH="39" VPOS="318" HPOS="296"/>
							<String ID="string_39" HPOS="335" VPOS="318" WIDTH="47" HEIGHT="20" WC="0.80" CONTENT="Hän"/><SP WIDTH="23" VPOS="318" HPOS="382"/>
							<String ID="string_40" HPOS="405" VPOS="317" WIDTH="102" HEIGHT="21" WC="0.96" CONTENT="ehdottaa"/><SP WIDTH="23" VPOS="317" HPOS="507"/>
							<String ID="string_41" HPOS="530" VPOS="317" WIDTH="106" HEIGHT="21" WC="0.93" CONTENT="nimittäin"/><SP WIDTH="24" VPOS="317" HPOS="636"/>
							<String ID="string_42" HPOS="660" VPOS="317" WIDTH="217" HEIGHT="21" WC="0.92" CONTENT="reservatioonissaan"/><SP WIDTH="17" VPOS="317" HPOS="877"/>
							<String ID="string_43" HPOS="894" VPOS="318" WIDTH="11" HEIGHT="20" WC="0.93" CONTENT="7"/><SP WIDTH="16" VPOS="318" HPOS="905"/>
							<String ID="string_44" HPOS="921" VPOS="318" WIDTH="32" HEIGHT="26" WC="0.51" CONTENT="&amp;:n"/><SP WIDTH="13" VPOS="318" HPOS="953"/>
							<String ID="string_45" HPOS="966" VPOS="318" WIDTH="63" HEIGHT="26" WC="0.93" CONTENT="jälki-"/>
						</TextLine>
						<TextLine ID="line_6" HPOS="200" VPOS="346" WIDTH="828" HEIGHT="26">
							<String ID="string_46" HPOS="200" VPOS="346" WIDTH="81" HEIGHT="21" WC="0.92" CONTENT="mäisen"/><SP WIDTH="24" VPOS="346" HPOS="281"/>
							<String ID="string_47" HPOS="305" VPOS="346" WIDTH="86" HEIGHT="21" WC="0.96" CONTENT="kohdan"/><SP WIDTH="24" VPOS="346" HPOS="391"/>
							<String ID="string_48" HPOS="415" VPOS="346" WIDTH="176" HEIGHT="21" WC="0.96" CONTENT="muodostamista"/><SP WIDTH="23" VPOS="346" HPOS="591"/>
							<String ID="string_49" HPOS="614" VPOS="346" WIDTH="49" HEIGHT="20" WC="0.93" CONTENT="näin"/><SP WIDTH="23" VPOS="346" HPOS="663"/>
							<String ID="string_50" HPOS="686" VPOS="346" WIDTH="138" HEIGHT="21" WC="0.96" CONTENT="kuuluvaksi:"/><SP WIDTH="19" VPOS="346" HPOS="824"/>
							<String ID="string_51" HPOS="843" VPOS="346" WIDTH="68" HEIGHT="26" WC="0.92" CONTENT=",kissa"/><SP WIDTH="13" VPOS="346" HPOS="911"/>
							<String ID="string_52" HPOS="924" VPOS="346" WIDTH="23" HEIGHT="26" WC="0.96" CONTENT="ja"/><SP WIDTH="15" VPOS="346" HPOS="947"/>
							<String ID="string_53" HPOS="962" VPOS="346" WIDTH="66" HEIGHT="23" WC="0.96" CONTENT="koira,"/>
						</TextLine>
						<TextLine ID="line_7" HPOS="197" VPOS="373" WIDTH="832" HEIGHT="28">
							<String ID="string_54" HPOS="197" VPOS="374" WIDTH="53" HEIGHT="27" WC="0.96" CONTENT="joka"/><SP WIDTH="17" VPOS="374" HPOS="250"/>
							<String ID="string_55" HPOS="267" VPOS="377" WIDTH="100" HEIGHT="18" WC="0.95" CONTENT="tavataan"/><SP WIDTH="20" VPOS="377" HPOS="367"/>
							<String ID="string_56" HPOS="387" VPOS="376" WIDTH="103" HEIGHT="19" WC="0.96" CONTENT="metsässä"/><SP WIDTH="15" VPOS="376" HPOS="490"/>
							<String ID="string_57" HPOS="505" VPOS="374" WIDTH="45" HEIGHT="21" WC="0.93" CONTENT="tahi"/><SP WIDTH="16" VPOS="374" HPOS="550"/>
							<String ID="string_58" HPOS="566" VPOS="373" WIDTH="89" HEIGHT="26" WC="0.86" CONTENT="ha&#39;assa,"/><SP WIDTH="16" VPOS="373" HPOS="655"/>
							<String ID="string_59" HPOS="671" VPOS="375" WIDTH="118" HEIGHT="20" WC="0.92" CONTENT="saatakoon"/><SP WIDTH="17" VPOS="375" HPOS="789"/>
							<String ID="string_60" HPOS="806" VPOS="375" WIDTH="79" HEIGHT="26" WC="0.96" CONTENT="syyhyn"/><SP WIDTH="14" VPOS="375" HPOS="885"/>
							<String ID="string_61" HPOS="899" VPOS="375" WIDTH="130" HEIGHT="26" WC="0.96" CONTENT="joutumatta"/>
						</TextLine>
						<TextLine ID="line_8" HPOS="200" VPOS="403" WIDTH="829" HEIGHT="27">
							<String ID="string_62" HPOS="200" VPOS="405" WIDTH="101" HEIGHT="24" WC="0.79" CONTENT="tappaa*."/><SP WIDTH="40" VPOS="405" HPOS="301"/>
							<String ID="string_63" HPOS="341" VPOS="403" WIDTH="55" HEIGHT="20" WC="0.95" CONTENT="Mitä"/><SP WIDTH="26" VPOS="403" HPOS="396"/>
							<String ID="string_64" HPOS="422" VPOS="405" WIDTH="46" HEIGHT="18" WC="0.96" CONTENT="taas"/><SP WIDTH="28" VPOS="405" HPOS="468"/>
							<String ID="string_65" HPOS="496" VPOS="403" WIDTH="56" HEIGHT="20" WC="0.96" CONTENT="tulee"/><SP WIDTH="24" VPOS="403" HPOS="552"/>
							<String ID="string_66" HPOS="576" VPOS="403" WIDTH="74" HEIGHT="24" WC="0.96" CONTENT="siihen,"/><SP WIDTH="24" VPOS="403" HPOS="650"/>
							<String ID="string_67" HPOS="674" VPOS="405" WIDTH="45" HEIGHT="18" WC="0.96" CONTENT="että"/><SP WIDTH="23" VPOS="405" HPOS="719"/>
							<String ID="string_68" HPOS="742" VPOS="409" WIDTH="23" HEIGHT="14" WC="0.96" CONTENT="se"/><SP WIDTH="14" VPOS="409" HPOS="765"/>
							<String ID="string_69" HPOS="779" VPOS="403" WIDTH="101" HEIGHT="26" WC="0.84" CONTENT="julmuus."/><SP WIDTH="15" VPOS="403" HPOS="880"/>
							<String ID="string_70" HPOS="895" VPOS="403" WIDTH="46" HEIGHT="26" WC="0.96" CONTENT="jota"/><SP WIDTH="15" VPOS="403" HPOS="941"/>
							<String ID="string_71" HPOS="956" VPOS="403" WIDTH="73" HEIGHT="27" WC="0.96" CONTENT="ansoja"/>
						</TextLine>
						<TextLine ID="line_9" HPOS="199" VPOS="431" WIDTH="830" HEIGHT="27">
							<String ID="string_72" HPOS="199" VPOS="431" WIDTH="142" HEIGHT="27" WC="0.93" CONTENT="käyttämällä"/><SP WIDTH="16" VPOS="431" HPOS="341"/>
							<String ID="string_73" HPOS="357" VPOS="434" WIDTH="111" HEIGHT="19" WC="0.91" CONTENT="osotetaan"/><SP WIDTH="16" VPOS="434" HPOS="468"/>
							<String ID="string_74" HPOS="484" VPOS="432" WIDTH="111" HEIGHT="20" WC="0.96" CONTENT="viattomia"/><SP WIDTH="16" VPOS="432" HPOS="595"/>
							<String ID="string_75" HPOS="611" VPOS="431" WIDTH="75" HEIGHT="27" WC="0.96" CONTENT="lintuja"/><SP WIDTH="16" VPOS="431" HPOS="686"/>
							<String ID="string_76" HPOS="702" VPOS="427" WIDTH="88" HEIGHT="35" WC="0.96" CONTENT="vastaan,"/><SP WIDTH="11" VPOS="427" HPOS="790"/>
							<String ID="string_77" HPOS="801" VPOS="427" WIDTH="52" HEIGHT="35" WC="0.92" CONTENT="olisi"/><SP WIDTH="11" VPOS="427" HPOS="853"/>
							<String ID="string_78" HPOS="864" VPOS="432" WIDTH="89" HEIGHT="21" WC="0.92" CONTENT="ilkeintä"/><SP WIDTH="11" VPOS="432" HPOS="953"/>
							<String ID="string_79" HPOS="964" VPOS="432" WIDTH="65" HEIGHT="21" WC="0.91" CONTENT="eläin-"/>
						</TextLine>
						<TextLine ID="line_10" HPOS="200" VPOS="460" WIDTH="829" HEIGHT="27">
							<String ID="string_80" HPOS="200" VPOS="460" WIDTH="137" HEIGHT="27" WC="0.92" CONTENT="rääkkäystä,"/><SP WIDTH="16" VPOS="460" HPOS="337"/>
							<String ID="string_81" HPOS="353" VPOS="460" WIDTH="42" HEIGHT="21" WC="0.96" CONTENT="niin"/><SP WIDTH="12" VPOS="460" HPOS="395"/>
							<String ID="string_82" HPOS="407" VPOS="460" WIDTH="56" HEIGHT="21" WC="0.96" CONTENT="minä"/><SP WIDTH="11" VPOS="460" HPOS="463"/>
							<String ID="string_83" HPOS="474" VPOS="460" WIDTH="55" HEIGHT="21" WC="0.96" CONTENT="tosin"/><SP WIDTH="17" VPOS="460" HPOS="529"/>
							<String ID="string_84" HPOS="546" VPOS="462" WIDTH="112" HEIGHT="25" WC="0.96" CONTENT="myönnän,"/><SP WIDTH="13" VPOS="462" HPOS="658"/>
							<String ID="string_85" HPOS="671" VPOS="462" WIDTH="44" HEIGHT="19" WC="0.96" CONTENT="että"/><SP WIDTH="11" VPOS="462" HPOS="715"/>
							<String ID="string_86" HPOS="726" VPOS="467" WIDTH="22" HEIGHT="14" WC="0.96" CONTENT="se"/><SP WIDTH="12" VPOS="467" HPOS="748"/>
							<String ID="string_87" HPOS="760" VPOS="466" WIDTH="26" HEIGHT="15" WC="0.93" CONTENT="on"/><SP WIDTH="12" VPOS="466" HPOS="786"/>
							<String ID="string_88" HPOS="798" VPOS="460" WIDTH="135" HEIGHT="27" WC="0.92" CONTENT="rääkkäystä."/><SP WIDTH="26" VPOS="460" HPOS="933"/>
							<String ID="string_89" HPOS="959" VPOS="461" WIDTH="70" HEIGHT="20" WC="0.95" CONTENT="Mutta"/>
						</TextLine>
						<TextLine ID="line_11" HPOS="197" VPOS="489" WIDTH="832" HEIGHT="26">
							<String ID="string_90" HPOS="197" VPOS="489" WIDTH="34" HEIGHT="25" WC="0.96" CONTENT="jos"/><SP WIDTH="18" VPOS="489" HPOS="231"/>
							<String ID="string_91" HPOS="249" VPOS="489" WIDTH="122" HEIGHT="21" WC="0.95" CONTENT="valiokunta"/><SP WIDTH="16" VPOS="489" HPOS="371"/>
							<String ID="string_92" HPOS="387" VPOS="489" WIDTH="48" HEIGHT="20" WC="0.97" CONTENT="siitä"/><SP WIDTH="16" VPOS="489" HPOS="435"/>
							<String ID="string_93" HPOS="451" VPOS="491" WIDTH="72" HEIGHT="24" WC="0.97" CONTENT="syystä"/><SP WIDTH="16" VPOS="491" HPOS="523"/>
							<String ID="string_94" HPOS="539" VPOS="489" WIDTH="45" HEIGHT="21" WC="0.97" CONTENT="olisi"/><SP WIDTH="13" VPOS="489" HPOS="584"/>
							<String ID="string_95" HPOS="597" VPOS="489" WIDTH="100" HEIGHT="20" WC="0.95" CONTENT="tahtonut"/><SP WIDTH="11" VPOS="489" HPOS="697"/>
							<String ID="string_96" HPOS="708" VPOS="489" WIDTH="83" HEIGHT="26" WC="0.97" CONTENT="poistaa"/><SP WIDTH="9" VPOS="489" HPOS="791"/>
							<String ID="string_97" HPOS="800" VPOS="491" WIDTH="68" HEIGHT="22" WC="0.96" CONTENT="ansat,"/><SP WIDTH="13" VPOS="491" HPOS="868"/>
							<String ID="string_98" HPOS="881" VPOS="489" WIDTH="43" HEIGHT="21" WC="0.97" CONTENT="niin"/><SP WIDTH="11" VPOS="489" HPOS="924"/>
							<String ID="string_99" HPOS="935" VPOS="495" WIDTH="26" HEIGHT="15" WC="0.93" CONTENT="en"/><SP WIDTH="10" VPOS="495" HPOS="961"/>
							<String ID="string_100" HPOS="971" VPOS="489" WIDTH="58" HEIGHT="21" WC="0.92" CONTENT="aina-"/>
						</TextLine>
						<TextLine ID="line_12" HPOS="200" VPOS="517" WIDTH="829" HEIGHT="27">
							<String ID="string_101" HPOS="200" VPOS="517" WIDTH="56" HEIGHT="21" WC="0.96" CONTENT="kaan"/><SP WIDTH="17" VPOS="517" HPOS="256"/>
							<String ID="string_102" HPOS="273" VPOS="518" WIDTH="57" HEIGHT="20" WC="0.95" CONTENT="minä"/><SP WIDTH="19" VPOS="518" HPOS="330"/>
							<String ID="string_103" HPOS="349" VPOS="519" WIDTH="113" HEIGHT="25" WC="0.96" CONTENT="ymmärrä,"/><SP WIDTH="16" VPOS="519" HPOS="462"/>
							<String ID="string_104" HPOS="478" VPOS="517" WIDTH="80" HEIGHT="21" WC="0.93" CONTENT="kuinka"/><SP WIDTH="16" VPOS="517" HPOS="558"/>
							<String ID="string_105" HPOS="574" VPOS="517" WIDTH="149" HEIGHT="21" WC="0.91" CONTENT="humaniteetti"/><SP WIDTH="17" VPOS="517" HPOS="723"/>
							<String ID="string_106" HPOS="740" VPOS="517" WIDTH="108" HEIGHT="21" WC="0.93" CONTENT="suvaitsisi"/><SP WIDTH="16" VPOS="517" HPOS="848"/>
							<String ID="string_107" HPOS="864" VPOS="517" WIDTH="88" HEIGHT="27" WC="0.93" CONTENT="lintujen"/><SP WIDTH="54" VPOS="517" HPOS="952"/>
							<String ID="string_108" HPOS="1006" VPOS="518" WIDTH="23" HEIGHT="20" WC="0.92" CONTENT="rääk-"/>
						</TextLine>
						<TextLine ID="line_13" HPOS="199" VPOS="546" WIDTH="828" HEIGHT="26">
							<String ID="string_109" HPOS="199" VPOS="546" WIDTH="107" HEIGHT="21" WC="0.92" CONTENT="käämistä"/><SP WIDTH="15" VPOS="546" HPOS="306"/>
							<String ID="string_110" HPOS="321" VPOS="546" WIDTH="153" HEIGHT="26" WC="0.92" CONTENT="Lapinmaalla,"/><SP WIDTH="12" VPOS="546" HPOS="474"/>
							<String ID="string_111" HPOS="486" VPOS="549" WIDTH="68" HEIGHT="18" WC="0.96" CONTENT="mutta"/><SP WIDTH="13" VPOS="549" HPOS="554"/>
							<String ID="string_112" HPOS="567" VPOS="546" WIDTH="19" HEIGHT="21" WC="0.93" CONTENT="ei"/><SP WIDTH="12" VPOS="546" HPOS="586"/>
							<String ID="string_113" HPOS="598" VPOS="547" WIDTH="92" HEIGHT="20" WC="0.92" CONTENT="suvaitse"/><SP WIDTH="13" VPOS="547" HPOS="690"/>
							<String ID="string_114" HPOS="703" VPOS="546" WIDTH="71" HEIGHT="21" WC="0.93" CONTENT="niiden"/><SP WIDTH="11" VPOS="546" HPOS="774"/>
							<String ID="string_115" HPOS="785" VPOS="546" WIDTH="158" HEIGHT="21" WC="0.91" CONTENT="rääkkäämistä"/><SP WIDTH="10" VPOS="546" HPOS="943"/>
							<String ID="string_116" HPOS="953" VPOS="547" WIDTH="74" HEIGHT="25" WC="0.94" CONTENT="täällä;"/>
						</TextLine>
						<TextLine ID="line_14" HPOS="200" VPOS="574" WIDTH="828" HEIGHT="27">
							<String ID="string_117" HPOS="200" VPOS="574" WIDTH="33" HEIGHT="21" WC="0.92" CONTENT="kai"/><SP WIDTH="21" VPOS="574" HPOS="233"/>
							<String ID="string_118" HPOS="254" VPOS="574" WIDTH="106" HEIGHT="27" WC="0.92" CONTENT="rääkkäys"/><SP WIDTH="16" VPOS="574" HPOS="360"/>
							<String ID="string_119" HPOS="376" VPOS="575" WIDTH="166" HEIGHT="21" WC="0.92" CONTENT="semmoisenaan"/><SP WIDTH="17" VPOS="575" HPOS="542"/>
							<String ID="string_120" HPOS="559" VPOS="581" WIDTH="26" HEIGHT="14" WC="0.96" CONTENT="on"/><SP WIDTH="17" VPOS="581" HPOS="585"/>
							<String ID="string_121" HPOS="602" VPOS="574" WIDTH="51" HEIGHT="26" WC="0.96" CONTENT="yhtä"/><SP WIDTH="15" VPOS="574" HPOS="653"/>
							<String ID="string_122" HPOS="668" VPOS="575" WIDTH="57" HEIGHT="20" WC="0.96" CONTENT="suuri"/><SP WIDTH="17" VPOS="575" HPOS="725"/>
							<String ID="string_123" HPOS="742" VPOS="574" WIDTH="58" HEIGHT="21" WC="0.96" CONTENT="rikos"/><SP WIDTH="16" VPOS="574" HPOS="800"/>
							<String ID="string_124" HPOS="816" VPOS="574" WIDTH="157" HEIGHT="22" WC="0.93" CONTENT="kummassakin"/><SP WIDTH="11" VPOS="574" HPOS="973"/>
							<String ID="string_125" HPOS="984" VPOS="575" WIDTH="44" HEIGHT="26" WC="0.92" CONTENT="pai-"/>
						</TextLine>
						<TextLine ID="line_15" HPOS="197" VPOS="603" WIDTH="71" HEIGHT="21">
							<String ID="string_126" HPOS="197" VPOS="603" WIDTH="71" HEIGHT="21" WC="0.96" CONTENT="kassa."/>
						</TextLine>
					</TextBlock>
				</ComposedBlock>
				<Illustration ID="cblock_4" HPOS="970" VPOS="519" WIDTH="36" HEIGHT="20"></Illustration>
				<ComposedBlock ID="cblock_5" HPOS="198" VPOS="660" WIDTH="830" HEIGHT="227">
					<TextBlock ID="block_2" HPOS="198" VPOS="660" WIDTH="830" HEIGHT="227">
						<TextLine ID="line_16" HPOS="268" VPOS="660" WIDTH="759" HEIGHT="27">
							<String ID="string_127" HPOS="268" VPOS="660" WIDTH="50" HEIGHT="21" WC="0.87" CONTENT="Med"/><SP WIDTH="23" VPOS="660" HPOS="318"/>
							<String ID="string_128" HPOS="341" VPOS="660" WIDTH="113" HEIGHT="26" WC="0.96" CONTENT="anledning"/><SP WIDTH="24" VPOS="660" HPOS="454"/>
							<String ID="string_129" HPOS="478" VPOS="660" WIDTH="23" HEIGHT="20" WC="0.96" CONTENT="af"/><SP WIDTH="21" VPOS="660" HPOS="501"/>
							<String ID="string_130" HPOS="522" VPOS="660" WIDTH="40" HEIGHT="21" WC="0.92" CONTENT="den"/><SP WIDTH="24" VPOS="660" HPOS="562"/>
							<String ID="string_131" HPOS="586" VPOS="660" WIDTH="251" HEIGHT="27" WC="0.91" CONTENT="meningsskiljaktighet,"/><SP WIDTH="17" VPOS="660" HPOS="837"/>
							<String ID="string_132" HPOS="854" VPOS="667" WIDTH="44" HEIGHT="15" WC="0.93" CONTENT="som"/><SP WIDTH="16" VPOS="667" HPOS="898"/>
							<String ID="string_133" HPOS="914" VPOS="661" WIDTH="53" HEIGHT="25" WC="0.91" CONTENT="egde"/><SP WIDTH="14" VPOS="661" HPOS="967"/>
							<String ID="string_134" HPOS="981" VPOS="667" WIDTH="46" HEIGHT="14" WC="0.95" CONTENT="rum"/>
						</TextLine>
						<TextLine ID="line_17" HPOS="199" VPOS="688" WIDTH="829" HEIGHT="27">
							<String ID="string_135" HPOS="199" VPOS="688" WIDTH="91" HEIGHT="22" WC="0.92" CONTENT="emellan"/><SP WIDTH="25" VPOS="688" HPOS="290"/>
							<String ID="string_136" HPOS="315" VPOS="688" WIDTH="107" HEIGHT="27" WC="0.95" CONTENT="professor"/><SP WIDTH="23" VPOS="688" HPOS="422"/>
							<String ID="string_137" HPOS="445" VPOS="689" WIDTH="114" HEIGHT="26" WC="0.96" CONTENT="Runeberg"/><SP WIDTH="16" VPOS="689" HPOS="559"/>
							<String ID="string_138" HPOS="575" VPOS="689" WIDTH="38" HEIGHT="21" WC="0.96" CONTENT="och"/><SP WIDTH="18" VPOS="689" HPOS="613"/>
							<String ID="string_139" HPOS="631" VPOS="689" WIDTH="78" HEIGHT="21" WC="0.93" CONTENT="doktor"/><SP WIDTH="17" VPOS="689" HPOS="709"/>
							<String ID="string_140" HPOS="726" VPOS="689" WIDTH="79" HEIGHT="21" WC="0.93" CONTENT="Geitlin"/><SP WIDTH="17" VPOS="689" HPOS="805"/>
							<String ID="string_141" HPOS="822" VPOS="690" WIDTH="89" HEIGHT="20" WC="0.92" CONTENT="rörande"/><SP WIDTH="17" VPOS="690" HPOS="911"/>
							<String ID="string_142" HPOS="928" VPOS="689" WIDTH="100" HEIGHT="21" WC="0.92" CONTENT="Ständets"/>
						</TextLine>
						<TextLine ID="line_18" HPOS="200" VPOS="717" WIDTH="828" HEIGHT="27">
							<String ID="string_143" HPOS="200" VPOS="717" WIDTH="127" HEIGHT="26" WC="0.92" CONTENT="befogenhet"/><SP WIDTH="23" VPOS="717" HPOS="327"/>
							<String ID="string_144" HPOS="350" VPOS="720" WIDTH="33" HEIGHT="18" WC="0.93" CONTENT="att"/><SP WIDTH="23" VPOS="720" HPOS="383"/>
							<String ID="string_145" HPOS="406" VPOS="717" WIDTH="81" HEIGHT="21" WC="0.91" CONTENT="besluta"/><SP WIDTH="17" VPOS="717" HPOS="487"/>
							<String ID="string_146" HPOS="504" VPOS="724" WIDTH="33" HEIGHT="14" WC="0.96" CONTENT="om"/><SP WIDTH="17" VPOS="724" HPOS="537"/>
							<String ID="string_147" HPOS="554" VPOS="718" WIDTH="36" HEIGHT="20" WC="0.96" CONTENT="det"/><SP WIDTH="16" VPOS="718" HPOS="590"/>
							<String ID="string_148" HPOS="606" VPOS="718" WIDTH="23" HEIGHT="19" WC="0.96" CONTENT="af"/><SP WIDTH="15" VPOS="718" HPOS="629"/>
							<String ID="string_149" HPOS="644" VPOS="718" WIDTH="39" HEIGHT="19" WC="0.96" CONTENT="den"/><SP WIDTH="16" VPOS="718" HPOS="683"/>
							<String ID="string_150" HPOS="699" VPOS="723" WIDTH="77" HEIGHT="15" WC="0.96" CONTENT="senare"/><SP WIDTH="16" VPOS="723" HPOS="776"/>
							<String ID="string_151" HPOS="792" VPOS="718" WIDTH="119" HEIGHT="26" WC="0.93" CONTENT="föreslagna"/><SP WIDTH="16" VPOS="718" HPOS="911"/>
							<String ID="string_152" HPOS="927" VPOS="718" WIDTH="101" HEIGHT="25" WC="0.93" CONTENT="tillägget,"/>
						</TextLine>
						<TextLine ID="line_19" HPOS="198" VPOS="745" WIDTH="829" HEIGHT="28">
							<String ID="string_153" HPOS="198" VPOS="745" WIDTH="100" HEIGHT="27" WC="0.90" CONTENT="upplyste"/><SP WIDTH="23" VPOS="745" HPOS="298"/>
							<String ID="string_154" HPOS="321" VPOS="746" WIDTH="49" HEIGHT="21" WC="0.90" CONTENT="herr"/><SP WIDTH="23" VPOS="746" HPOS="370"/>
							<String ID="string_155" HPOS="393" VPOS="745" WIDTH="177" HEIGHT="26" WC="0.91" CONTENT="Talmannen,"/><SP WIDTH="23" VPOS="745" HPOS="570"/>
							<String ID="string_156" HPOS="593" VPOS="749" WIDTH="32" HEIGHT="17" WC="0.95" CONTENT="att"/><SP WIDTH="22" VPOS="749" HPOS="625"/>
							<String ID="string_157" HPOS="647" VPOS="753" WIDTH="26" HEIGHT="14" WC="0.93" CONTENT="en"/><SP WIDTH="15" VPOS="753" HPOS="673"/>
							<String ID="string_158" HPOS="688" VPOS="745" WIDTH="100" HEIGHT="22" WC="0.92" CONTENT="liknande"/><SP WIDTH="16" VPOS="745" HPOS="788"/>
							<String ID="string_159" HPOS="804" VPOS="746" WIDTH="59" HEIGHT="27" WC="0.92" CONTENT="fräga"/><SP WIDTH="17" VPOS="746" HPOS="863"/>
							<String ID="string_160" HPOS="880" VPOS="746" WIDTH="125" HEIGHT="21" WC="0.93" CONTENT="diskuterats"/><SP WIDTH="17" VPOS="746" HPOS="1005"/>
							<String ID="string_161" HPOS="1022" VPOS="747" WIDTH="5" HEIGHT="20" WC="0.96" CONTENT="i"/>
						</TextLine>
						<TextLine ID="line_20" HPOS="198" VPOS="774" WIDTH="830" HEIGHT="27">
							<String ID="string_162" HPOS="198" VPOS="774" WIDTH="162" HEIGHT="21" WC="0.92" CONTENT="Presteständet"/><SP WIDTH="11" VPOS="774" HPOS="360"/>
							<String ID="string_163" HPOS="371" VPOS="775" WIDTH="34" HEIGHT="20" WC="0.96" CONTENT="vid"/><SP WIDTH="14" VPOS="775" HPOS="405"/>
							<String ID="string_164" HPOS="419" VPOS="775" WIDTH="53" HEIGHT="20" WC="0.93" CONTENT="1877"/><SP WIDTH="18" VPOS="775" HPOS="472"/>
							<String ID="string_165" HPOS="490" VPOS="774" WIDTH="34" HEIGHT="21" WC="0.91" CONTENT="ärs"/><SP WIDTH="16" VPOS="774" HPOS="524"/>
							<String ID="string_166" HPOS="540" VPOS="775" WIDTH="102" HEIGHT="26" WC="0.92" CONTENT="landtdag"/><SP WIDTH="15" VPOS="775" HPOS="642"/>
							<String ID="string_167" HPOS="657" VPOS="774" WIDTH="39" HEIGHT="21" WC="0.93" CONTENT="och"/><SP WIDTH="16" VPOS="774" HPOS="696"/>
							<String ID="string_168" HPOS="712" VPOS="774" WIDTH="67" HEIGHT="27" WC="0.92" CONTENT="ansäg"/><SP WIDTH="16" VPOS="774" HPOS="779"/>
							<String ID="string_169" HPOS="795" VPOS="774" WIDTH="90" HEIGHT="21" WC="0.92" CONTENT="Ständet"/><SP WIDTH="16" VPOS="774" HPOS="885"/>
							<String ID="string_170" HPOS="901" VPOS="775" WIDTH="33" HEIGHT="26" WC="0.95" CONTENT="dä,"/><SP WIDTH="16" VPOS="775" HPOS="934"/>
							<String ID="string_171" HPOS="950" VPOS="777" WIDTH="31" HEIGHT="18" WC="0.96" CONTENT="att"/><SP WIDTH="16" VPOS="777" HPOS="981"/>
							<String ID="string_172" HPOS="997" VPOS="777" WIDTH="31" HEIGHT="18" WC="0.97" CONTENT="ett"/>
						</TextLine>
						<TextLine ID="line_21" HPOS="198" VPOS="803" WIDTH="830" HEIGHT="21">
							<String ID="string_173" HPOS="198" VPOS="803" WIDTH="36" HEIGHT="20" WC="0.93" CONTENT="fall"/><SP WIDTH="17" VPOS="803" HPOS="234"/>
							<String ID="string_174" HPOS="251" VPOS="803" WIDTH="77" HEIGHT="21" WC="0.92" CONTENT="sädant"/><SP WIDTH="15" VPOS="803" HPOS="328"/>
							<String ID="string_175" HPOS="343" VPOS="809" WIDTH="46" HEIGHT="14" WC="0.96" CONTENT="som"/><SP WIDTH="16" VPOS="809" HPOS="389"/>
							<String ID="string_176" HPOS="405" VPOS="804" WIDTH="59" HEIGHT="20" WC="0.92" CONTENT="detta"/><SP WIDTH="16" VPOS="804" HPOS="464"/>
							<String ID="string_177" HPOS="480" VPOS="803" WIDTH="46" HEIGHT="21" WC="0.92" CONTENT="icke"/><SP WIDTH="16" VPOS="803" HPOS="526"/>
							<String ID="string_178" HPOS="542" VPOS="803" WIDTH="70" HEIGHT="21" WC="0.91" CONTENT="kunde"/><SP WIDTH="17" VPOS="803" HPOS="612"/>
							<String ID="string_179" HPOS="629" VPOS="803" WIDTH="99" HEIGHT="21" WC="0.91" CONTENT="hänföras"/><SP WIDTH="16" VPOS="803" HPOS="728"/>
							<String ID="string_180" HPOS="744" VPOS="803" WIDTH="33" HEIGHT="20" WC="0.93" CONTENT="till"/><SP WIDTH="15" VPOS="803" HPOS="777"/>
							<String ID="string_181" HPOS="792" VPOS="803" WIDTH="80" HEIGHT="21" WC="0.92" CONTENT="sädana"/><SP WIDTH="11" VPOS="803" HPOS="872"/>
							<String ID="string_182" HPOS="883" VPOS="804" WIDTH="66" HEIGHT="20" WC="0.93" CONTENT="under"/><SP WIDTH="9" VPOS="804" HPOS="949"/>
							<String ID="string_183" HPOS="958" VPOS="803" WIDTH="70" HEIGHT="20" WC="0.92" CONTENT="landt-"/>
						</TextLine>
						<TextLine ID="line_22" HPOS="199" VPOS="831" WIDTH="828" HEIGHT="28">
							<String ID="string_184" HPOS="199" VPOS="832" WIDTH="68" HEIGHT="26" WC="0.88" CONTENT="dagen"/><SP WIDTH="24" VPOS="832" HPOS="267"/>
							<String ID="string_185" HPOS="291" VPOS="831" WIDTH="112" HEIGHT="22" WC="0.88" CONTENT="inträffade"/><SP WIDTH="22" VPOS="831" HPOS="403"/>
							<String ID="string_186" HPOS="425" VPOS="831" WIDTH="119" HEIGHT="24" WC="0.89" CONTENT="händelser,"/><SP WIDTH="24" VPOS="831" HPOS="544"/>
							<String ID="string_187" HPOS="568" VPOS="838" WIDTH="45" HEIGHT="15" WC="0.96" CONTENT="som"/><SP WIDTH="24" VPOS="838" HPOS="613"/>
							<String ID="string_188" HPOS="637" VPOS="832" WIDTH="70" HEIGHT="20" WC="0.92" CONTENT="kunde"/><SP WIDTH="21" VPOS="832" HPOS="707"/>
							<String ID="string_189" HPOS="728" VPOS="832" WIDTH="106" HEIGHT="26" WC="0.92" CONTENT="berättiga"/><SP WIDTH="15" VPOS="832" HPOS="834"/>
							<String ID="string_190" HPOS="849" VPOS="832" WIDTH="32" HEIGHT="21" WC="0.96" CONTENT="till"/><SP WIDTH="16" VPOS="832" HPOS="881"/>
							<String ID="string_191" HPOS="897" VPOS="839" WIDTH="26" HEIGHT="14" WC="0.93" CONTENT="en"/><SP WIDTH="15" VPOS="839" HPOS="923"/>
							<String ID="string_192" HPOS="938" VPOS="832" WIDTH="89" HEIGHT="27" WC="0.92" CONTENT="petition"/>
						</TextLine>
						<TextLine ID="line_23" HPOS="199" VPOS="860" WIDTH="342" HEIGHT="27">
							<String ID="string_193" HPOS="199" VPOS="860" WIDTH="55" HEIGHT="21" WC="0.93" CONTENT="efter"/><SP WIDTH="15" VPOS="860" HPOS="254"/>
							<String ID="string_194" HPOS="269" VPOS="861" WIDTH="172" HEIGHT="26" WC="0.91" CONTENT="petitionstidens"/><SP WIDTH="15" VPOS="861" HPOS="441"/>
							<String ID="string_195" HPOS="456" VPOS="861" WIDTH="85" HEIGHT="26" WC="0.91" CONTENT="utgäng."/>
						</TextLine>
					</TextBlock>
				</ComposedBlock>
				<ComposedBlock ID="cblock_6" HPOS="193" VPOS="917" WIDTH="834" HEIGHT="570">
					<TextBlock ID="block_3" HPOS="193" VPOS="917" WIDTH="834" HEIGHT="570">
						<TextLine ID="line_24" HPOS="267" VPOS="917" WIDTH="760" HEIGHT="26">
							<String ID="string_196" HPOS="267" VPOS="918" WIDTH="91" HEIGHT="21" WC="0.96" CONTENT="Prosten"/><SP WIDTH="24" VPOS="918" HPOS="358"/>
							<String ID="string_197" HPOS="382" VPOS="917" WIDTH="92" HEIGHT="26" WC="0.88" CONTENT="Hjelt:"/><SP WIDTH="32" VPOS="917" HPOS="474"/>
							<String ID="string_198" HPOS="506" VPOS="917" WIDTH="93" HEIGHT="21" WC="0.78" CONTENT="Motiven"/><SP WIDTH="18" VPOS="917" HPOS="599"/>
							<String ID="string_199" HPOS="617" VPOS="917" WIDTH="31" HEIGHT="21" WC="0.96" CONTENT="till"/><SP WIDTH="17" VPOS="917" HPOS="648"/>
							<String ID="string_200" HPOS="665" VPOS="917" WIDTH="38" HEIGHT="21" WC="0.93" CONTENT="den"/><SP WIDTH="18" VPOS="917" HPOS="703"/>
							<String ID="string_201" HPOS="721" VPOS="918" WIDTH="48" HEIGHT="21" WC="0.92" CONTENT="9:de"/><SP WIDTH="16" VPOS="918" HPOS="769"/>
							<String ID="string_202" HPOS="785" VPOS="919" WIDTH="13" HEIGHT="24" WC="0.80" CONTENT="$"/><SP WIDTH="16" VPOS="919" HPOS="798"/>
							<String ID="string_203" HPOS="814" VPOS="917" WIDTH="131" HEIGHT="21" WC="0.96" CONTENT="förekomma"/><SP WIDTH="16" VPOS="917" HPOS="945"/>
							<String ID="string_204" HPOS="961" VPOS="918" WIDTH="6" HEIGHT="20" WC="0.93" CONTENT="i"/><SP WIDTH="16" VPOS="918" HPOS="967"/>
							<String ID="string_205" HPOS="983" VPOS="918" WIDTH="44" HEIGHT="20" WC="0.91" CONTENT="slu-"/>
						</TextLine>
						<TextLine ID="line_25" HPOS="198" VPOS="946" WIDTH="828" HEIGHT="27">
							<String ID="string_206" HPOS="198" VPOS="948" WIDTH="30" HEIGHT="19" WC="0.94" CONTENT="tet"/><SP WIDTH="25" VPOS="948" HPOS="228"/>
							<String ID="string_207" HPOS="253" VPOS="946" WIDTH="23" HEIGHT="21" WC="0.92" CONTENT="af"/><SP WIDTH="20" VPOS="946" HPOS="276"/>
							<String ID="string_208" HPOS="296" VPOS="947" WIDTH="13" HEIGHT="26" WC="0.90" CONTENT="$"/><SP WIDTH="26" VPOS="947" HPOS="309"/>
							<String ID="string_209" HPOS="335" VPOS="947" WIDTH="8" HEIGHT="20" WC="0.91" CONTENT="1"/><SP WIDTH="26" VPOS="947" HPOS="343"/>
							<String ID="string_210" HPOS="369" VPOS="946" WIDTH="38" HEIGHT="21" WC="0.96" CONTENT="och"/><SP WIDTH="20" VPOS="946" HPOS="407"/>
							<String ID="string_211" HPOS="427" VPOS="946" WIDTH="73" HEIGHT="26" WC="0.96" CONTENT="början"/><SP WIDTH="17" VPOS="946" HPOS="500"/>
							<String ID="string_212" HPOS="517" VPOS="946" WIDTH="23" HEIGHT="21" WC="0.93" CONTENT="af"/><SP WIDTH="14" VPOS="946" HPOS="540"/>
							<String ID="string_213" HPOS="554" VPOS="947" WIDTH="12" HEIGHT="26" WC="0.93" CONTENT="$"/><SP WIDTH="16" VPOS="947" HPOS="566"/>
							<String ID="string_214" HPOS="582" VPOS="947" WIDTH="25" HEIGHT="24" WC="0.96" CONTENT="2;"/><SP WIDTH="16" VPOS="947" HPOS="607"/>
							<String ID="string_215" HPOS="623" VPOS="946" WIDTH="39" HEIGHT="21" WC="0.93" CONTENT="här"/><SP WIDTH="16" VPOS="946" HPOS="662"/>
							<String ID="string_216" HPOS="678" VPOS="948" WIDTH="71" HEIGHT="25" WC="0.93" CONTENT="säges:"/><SP WIDTH="20" VPOS="948" HPOS="749"/>
							<String ID="string_217" HPOS="769" VPOS="946" WIDTH="18" HEIGHT="27" WC="0.85" CONTENT=",i"/><SP WIDTH="17" VPOS="946" HPOS="787"/>
							<String ID="string_218" HPOS="804" VPOS="946" WIDTH="97" HEIGHT="21" WC="0.92" CONTENT="afseende"/><SP WIDTH="16" VPOS="946" HPOS="901"/>
							<String ID="string_219" HPOS="917" VPOS="947" WIDTH="12" HEIGHT="20" WC="0.89" CONTENT="&amp;"/><SP WIDTH="16" VPOS="947" HPOS="929"/>
							<String ID="string_220" HPOS="945" VPOS="946" WIDTH="81" HEIGHT="27" WC="0.90" CONTENT="lämpli-"/>
						</TextLine>
						<TextLine ID="line_26" HPOS="197" VPOS="975" WIDTH="830" HEIGHT="26">
							<String ID="string_221" HPOS="197" VPOS="977" WIDTH="61" HEIGHT="24" WC="0.92" CONTENT="gaste"/><SP WIDTH="24" VPOS="977" HPOS="258"/>
							<String ID="string_222" HPOS="282" VPOS="977" WIDTH="65" HEIGHT="19" WC="0.96" CONTENT="sättet"/><SP WIDTH="23" VPOS="977" HPOS="347"/>
							<String ID="string_223" HPOS="370" VPOS="977" WIDTH="32" HEIGHT="18" WC="0.92" CONTENT="att"/><SP WIDTH="23" VPOS="977" HPOS="402"/>
							<String ID="string_224" HPOS="425" VPOS="975" WIDTH="99" HEIGHT="21" WC="0.93" CONTENT="befordra"/><SP WIDTH="15" VPOS="975" HPOS="524"/>
							<String ID="string_225" HPOS="539" VPOS="975" WIDTH="120" HEIGHT="26" WC="0.92" CONTENT="rofdjurens"/><SP WIDTH="16" VPOS="975" HPOS="659"/>
							<String ID="string_226" HPOS="675" VPOS="975" WIDTH="115" HEIGHT="26" WC="0.92" CONTENT="utödande,"/><SP WIDTH="17" VPOS="975" HPOS="790"/>
							<String ID="string_227" HPOS="807" VPOS="975" WIDTH="5" HEIGHT="20" WC="0.93" CONTENT="i"/><SP WIDTH="17" VPOS="975" HPOS="812"/>
							<String ID="string_228" HPOS="829" VPOS="975" WIDTH="98" HEIGHT="20" WC="0.96" CONTENT="ändamål"/><SP WIDTH="16" VPOS="975" HPOS="927"/>
							<String ID="string_229" HPOS="943" VPOS="975" WIDTH="18" HEIGHT="26" WC="0.93" CONTENT="ej"/><SP WIDTH="13" VPOS="975" HPOS="961"/>
							<String ID="string_230" HPOS="974" VPOS="975" WIDTH="53" HEIGHT="20" WC="0.91" CONTENT="min-"/>
						</TextLine>
						<TextLine ID="line_27" HPOS="197" VPOS="1003" WIDTH="830" HEIGHT="26">
							<String ID="string_231" HPOS="197" VPOS="1005" WIDTH="37" HEIGHT="19" WC="0.94" CONTENT="dre"/><SP WIDTH="24" VPOS="1005" HPOS="234"/>
							<String ID="string_232" HPOS="258" VPOS="1006" WIDTH="32" HEIGHT="19" WC="0.92" CONTENT="att"/><SP WIDTH="24" VPOS="1006" HPOS="290"/>
							<String ID="string_233" HPOS="314" VPOS="1003" WIDTH="120" HEIGHT="26" WC="0.89" CONTENT="derisenom"/><SP WIDTH="25" VPOS="1003" HPOS="434"/>
							<String ID="string_234" HPOS="459" VPOS="1004" WIDTH="77" HEIGHT="20" WC="0.91" CONTENT="bereda"/><SP WIDTH="23" VPOS="1004" HPOS="536"/>
							<String ID="string_235" HPOS="559" VPOS="1003" WIDTH="137" HEIGHT="21" WC="0.91" CONTENT="villebrädets"/><SP WIDTH="22" VPOS="1003" HPOS="696"/>
							<String ID="string_236" HPOS="718" VPOS="1004" WIDTH="84" HEIGHT="20" WC="0.91" CONTENT="tillväxt"/><SP WIDTH="15" VPOS="1004" HPOS="802"/>
							<String ID="string_237" HPOS="817" VPOS="1005" WIDTH="26" HEIGHT="19" WC="0.93" CONTENT="än"/><SP WIDTH="17" VPOS="1005" HPOS="843"/>
							<String ID="string_238" HPOS="860" VPOS="1003" WIDTH="60" HEIGHT="21" WC="0.92" CONTENT="äfven"/><SP WIDTH="16" VPOS="1003" HPOS="920"/>
							<String ID="string_239" HPOS="936" VPOS="1006" WIDTH="31" HEIGHT="18" WC="0.96" CONTENT="att"/><SP WIDTH="15" VPOS="1006" HPOS="967"/>
							<String ID="string_240" HPOS="982" VPOS="1006" WIDTH="45" HEIGHT="18" WC="0.96" CONTENT="mot"/>
						</TextLine>
						<TextLine ID="line_28" HPOS="198" VPOS="1032" WIDTH="829" HEIGHT="27">
							<String ID="string_241" HPOS="198" VPOS="1032" WIDTH="121" HEIGHT="27" WC="0.92" CONTENT="rofdjurens"/><SP WIDTH="24" VPOS="1032" HPOS="319"/>
							<String ID="string_242" HPOS="343" VPOS="1032" WIDTH="64" HEIGHT="21" WC="0.95" CONTENT="anfall"/><SP WIDTH="24" VPOS="1032" HPOS="407"/>
							<String ID="string_243" HPOS="431" VPOS="1032" WIDTH="81" HEIGHT="27" WC="0.93" CONTENT="skydda"/><SP WIDTH="22" VPOS="1032" HPOS="512"/>
							<String ID="string_244" HPOS="534" VPOS="1032" WIDTH="123" HEIGHT="26" WC="0.96" CONTENT="husdjuren,"/><SP WIDTH="16" VPOS="1032" HPOS="657"/>
							<String ID="string_245" HPOS="673" VPOS="1032" WIDTH="64" HEIGHT="21" WC="0.93" CONTENT="hafva"/><SP WIDTH="16" VPOS="1032" HPOS="737"/>
							<String ID="string_246" HPOS="753" VPOS="1032" WIDTH="184" HEIGHT="26" WC="0.90" CONTENT="hufvudsakligast"/><SP WIDTH="13" VPOS="1032" HPOS="937"/>
							<String ID="string_247" HPOS="950" VPOS="1033" WIDTH="77" HEIGHT="20" WC="0.96" CONTENT="tvänne"/>
						</TextLine>
						<TextLine ID="line_29" HPOS="197" VPOS="1060" WIDTH="829" HEIGHT="27">
							<String ID="string_248" HPOS="197" VPOS="1061" WIDTH="104" HEIGHT="21" WC="0.92" CONTENT="anstalter"/><SP WIDTH="23" VPOS="1061" HPOS="301"/>
							<String ID="string_249" HPOS="324" VPOS="1061" WIDTH="105" HEIGHT="20" WC="0.92" CONTENT="härintills"/><SP WIDTH="22" VPOS="1061" HPOS="429"/>
							<String ID="string_250" HPOS="451" VPOS="1061" WIDTH="105" HEIGHT="25" WC="0.95" CONTENT="vidtagits,"/><SP WIDTH="17" VPOS="1061" HPOS="556"/>
							<String ID="string_251" HPOS="573" VPOS="1061" WIDTH="106" HEIGHT="26" WC="0.96" CONTENT="nämligen"/><SP WIDTH="16" VPOS="1061" HPOS="679"/>
							<String ID="string_252" HPOS="695" VPOS="1061" WIDTH="45" HEIGHT="21" WC="0.93" CONTENT="dels"/><SP WIDTH="16" VPOS="1061" HPOS="740"/>
							<String ID="string_253" HPOS="756" VPOS="1061" WIDTH="124" HEIGHT="20" WC="0.91" CONTENT="utdelandet"/><SP WIDTH="15" VPOS="1061" HPOS="880"/>
							<String ID="string_254" HPOS="895" VPOS="1060" WIDTH="22" HEIGHT="21" WC="0.93" CONTENT="af"/><SP WIDTH="15" VPOS="1060" HPOS="917"/>
							<String ID="string_255" HPOS="932" VPOS="1060" WIDTH="94" HEIGHT="21" WC="0.91" CONTENT="belönin-"/>
						</TextLine>
						<TextLine ID="line_30" HPOS="197" VPOS="1089" WIDTH="829" HEIGHT="26">
							<String ID="string_256" HPOS="197" VPOS="1095" WIDTH="38" HEIGHT="20" WC="0.95" CONTENT="gar"/><SP WIDTH="24" VPOS="1095" HPOS="235"/>
							<String ID="string_257" HPOS="259" VPOS="1089" WIDTH="34" HEIGHT="20" WC="0.93" CONTENT="för"/><SP WIDTH="23" VPOS="1089" HPOS="293"/>
							<String ID="string_258" HPOS="316" VPOS="1089" WIDTH="120" HEIGHT="26" WC="0.92" CONTENT="rofdjurens"/><SP WIDTH="23" VPOS="1089" HPOS="436"/>
							<String ID="string_259" HPOS="459" VPOS="1089" WIDTH="103" HEIGHT="26" WC="0.95" CONTENT="dödande,"/><SP WIDTH="24" VPOS="1089" HPOS="562"/>
							<String ID="string_260" HPOS="586" VPOS="1089" WIDTH="44" HEIGHT="20" WC="0.96" CONTENT="dels"/><SP WIDTH="19" VPOS="1089" HPOS="630"/>
							<String ID="string_261" HPOS="649" VPOS="1089" WIDTH="171" HEIGHT="20" WC="0.93" CONTENT="vederbörandes"/><SP WIDTH="16" VPOS="1089" HPOS="820"/>
							<String ID="string_262" HPOS="836" VPOS="1089" WIDTH="142" HEIGHT="26" WC="0.93" CONTENT="förpliktande"/><SP WIDTH="16" VPOS="1089" HPOS="978"/>
							<String ID="string_263" HPOS="994" VPOS="1091" WIDTH="32" HEIGHT="18" WC="0.96" CONTENT="att"/>
						</TextLine>
						<TextLine ID="line_31" HPOS="198" VPOS="1117" WIDTH="828" HEIGHT="27">
							<String ID="string_264" HPOS="198" VPOS="1117" WIDTH="85" HEIGHT="27" WC="0.96" CONTENT="deltaga"/><SP WIDTH="16" VPOS="1117" HPOS="283"/>
							<String ID="string_265" HPOS="299" VPOS="1118" WIDTH="6" HEIGHT="19" WC="0.93" CONTENT="i"/><SP WIDTH="16" VPOS="1118" HPOS="305"/>
							<String ID="string_266" HPOS="321" VPOS="1117" WIDTH="110" HEIGHT="26" WC="0.91" CONTENT="skallgång"/><SP WIDTH="15" VPOS="1117" HPOS="431"/>
							<String ID="string_267" HPOS="446" VPOS="1122" WIDTH="56" HEIGHT="16" WC="0.96" CONTENT="samt"/><SP WIDTH="13" VPOS="1122" HPOS="502"/>
							<String ID="string_268" HPOS="515" VPOS="1121" WIDTH="32" HEIGHT="17" WC="0.96" CONTENT="att"/><SP WIDTH="12" VPOS="1121" HPOS="547"/>
							<String ID="string_269" HPOS="559" VPOS="1117" WIDTH="95" HEIGHT="22" WC="0.96" CONTENT="anskaffa"/><SP WIDTH="14" VPOS="1117" HPOS="654"/>
							<String ID="string_270" HPOS="668" VPOS="1117" WIDTH="55" HEIGHT="22" WC="0.93" CONTENT="vissa"/><SP WIDTH="9" VPOS="1117" HPOS="723"/>
							<String ID="string_271" HPOS="732" VPOS="1117" WIDTH="146" HEIGHT="27" WC="0.91" CONTENT="jagtverktyg;"/><SP WIDTH="12" VPOS="1117" HPOS="878"/>
							<String ID="string_272" HPOS="890" VPOS="1117" WIDTH="39" HEIGHT="21" WC="0.96" CONTENT="och"/><SP WIDTH="11" VPOS="1117" HPOS="929"/>
							<String ID="string_273" HPOS="940" VPOS="1117" WIDTH="6" HEIGHT="20" WC="0.96" CONTENT="i"/><SP WIDTH="12" VPOS="1117" HPOS="946"/>
							<String ID="string_274" HPOS="958" VPOS="1117" WIDTH="68" HEIGHT="26" WC="0.96" CONTENT="bägge"/>
						</TextLine>
						<TextLine ID="line_32" HPOS="198" VPOS="1145" WIDTH="829" HEIGHT="28">
							<String ID="string_275" HPOS="198" VPOS="1147" WIDTH="62" HEIGHT="20" WC="0.95" CONTENT="dessa"/><SP WIDTH="21" VPOS="1147" HPOS="260"/>
							<String ID="string_276" HPOS="281" VPOS="1145" WIDTH="37" HEIGHT="22" WC="0.95" CONTENT="fall"/><SP WIDTH="23" VPOS="1145" HPOS="318"/>
							<String ID="string_277" HPOS="341" VPOS="1146" WIDTH="38" HEIGHT="21" WC="0.96" CONTENT="har"/><SP WIDTH="23" VPOS="1146" HPOS="379"/>
							<String ID="string_278" HPOS="402" VPOS="1146" WIDTH="64" HEIGHT="21" WC="0.96" CONTENT="saken"/><SP WIDTH="24" VPOS="1146" HPOS="466"/>
							<String ID="string_279" HPOS="490" VPOS="1147" WIDTH="66" HEIGHT="26" WC="0.96" CONTENT="gjorts"/><SP WIDTH="17" VPOS="1147" HPOS="556"/>
							<String ID="string_280" HPOS="573" VPOS="1147" WIDTH="31" HEIGHT="20" WC="0.93" CONTENT="till"/><SP WIDTH="16" VPOS="1147" HPOS="604"/>
							<String ID="string_281" HPOS="620" VPOS="1146" WIDTH="296" HEIGHT="26" WC="0.85" CONTENT="kommunalangelägenhet*."/><SP WIDTH="29" VPOS="1146" HPOS="916"/>
							<String ID="string_282" HPOS="945" VPOS="1146" WIDTH="42" HEIGHT="21" WC="0.96" CONTENT="Det"/><SP WIDTH="16" VPOS="1146" HPOS="987"/>
							<String ID="string_283" HPOS="1003" VPOS="1147" WIDTH="24" HEIGHT="19" WC="0.97" CONTENT="är"/>
						</TextLine>
						<TextLine ID="line_33" HPOS="197" VPOS="1174" WIDTH="829" HEIGHT="27">
							<String ID="string_284" HPOS="197" VPOS="1175" WIDTH="124" HEIGHT="26" WC="0.91" CONTENT="nägonting,"/><SP WIDTH="24" VPOS="1175" HPOS="321"/>
							<String ID="string_285" HPOS="345" VPOS="1181" WIDTH="45" HEIGHT="14" WC="0.93" CONTENT="som"/><SP WIDTH="17" VPOS="1181" HPOS="390"/>
							<String ID="string_286" HPOS="407" VPOS="1175" WIDTH="43" HEIGHT="20" WC="0.90" CONTENT="stär"/><SP WIDTH="16" VPOS="1175" HPOS="450"/>
							<String ID="string_287" HPOS="466" VPOS="1175" WIDTH="129" HEIGHT="26" WC="0.92" CONTENT="fullkomligt"/><SP WIDTH="16" VPOS="1175" HPOS="595"/>
							<String ID="string_288" HPOS="611" VPOS="1175" WIDTH="5" HEIGHT="20" WC="0.93" CONTENT="i"/><SP WIDTH="17" VPOS="1175" HPOS="616"/>
							<String ID="string_289" HPOS="633" VPOS="1175" WIDTH="219" HEIGHT="21" WC="0.90" CONTENT="öfverensstämmelse"/><SP WIDTH="16" VPOS="1175" HPOS="852"/>
							<String ID="string_290" HPOS="868" VPOS="1175" WIDTH="47" HEIGHT="20" WC="0.96" CONTENT="med"/><SP WIDTH="17" VPOS="1175" HPOS="915"/>
							<String ID="string_291" HPOS="932" VPOS="1175" WIDTH="35" HEIGHT="20" WC="0.96" CONTENT="det"/><SP WIDTH="15" VPOS="1175" HPOS="967"/>
							<String ID="string_292" HPOS="982" VPOS="1174" WIDTH="44" HEIGHT="21" WC="0.96" CONTENT="ofta"/>
						</TextLine>
						<TextLine ID="line_34" HPOS="197" VPOS="1203" WIDTH="829" HEIGHT="27">
							<String ID="string_293" HPOS="197" VPOS="1203" WIDTH="123" HEIGHT="27" WC="0.91" CONTENT="äberopade"/><SP WIDTH="22" VPOS="1203" HPOS="320"/>
							<String ID="string_294" HPOS="342" VPOS="1203" WIDTH="91" HEIGHT="26" WC="0.89" CONTENT="kapitlet"/><SP WIDTH="25" VPOS="1203" HPOS="433"/>
							<String ID="string_295" HPOS="458" VPOS="1205" WIDTH="3" HEIGHT="19" WC="0.93" CONTENT="i"/><SP WIDTH="20" VPOS="1205" HPOS="461"/>
							<String ID="string_296" HPOS="481" VPOS="1204" WIDTH="23" HEIGHT="20" WC="0.91" CONTENT="B."/><SP WIDTH="17" VPOS="1204" HPOS="504"/>
							<String ID="string_297" HPOS="521" VPOS="1203" WIDTH="24" HEIGHT="21" WC="0.92" CONTENT="B."/><SP WIDTH="31" VPOS="1203" HPOS="545"/>
							<String ID="string_298" HPOS="576" VPOS="1204" WIDTH="42" HEIGHT="20" WC="0.96" CONTENT="Det"/><SP WIDTH="16" VPOS="1204" HPOS="618"/>
							<String ID="string_299" HPOS="634" VPOS="1203" WIDTH="38" HEIGHT="21" WC="0.96" CONTENT="har"/><SP WIDTH="15" VPOS="1203" HPOS="672"/>
							<String ID="string_300" HPOS="687" VPOS="1204" WIDTH="55" HEIGHT="20" WC="0.96" CONTENT="varit"/><SP WIDTH="16" VPOS="1204" HPOS="742"/>
							<String ID="string_301" HPOS="758" VPOS="1203" WIDTH="139" HEIGHT="21" WC="0.93" CONTENT="kommunens"/><SP WIDTH="16" VPOS="1203" HPOS="897"/>
							<String ID="string_302" HPOS="913" VPOS="1203" WIDTH="65" HEIGHT="21" WC="0.92" CONTENT="ensak"/><SP WIDTH="15" VPOS="1203" HPOS="978"/>
							<String ID="string_303" HPOS="993" VPOS="1206" WIDTH="33" HEIGHT="17" WC="0.96" CONTENT="att"/>
						</TextLine>
						<TextLine ID="line_35" HPOS="197" VPOS="1231" WIDTH="828" HEIGHT="28">
							<String ID="string_304" HPOS="197" VPOS="1232" WIDTH="83" HEIGHT="26" WC="0.95" CONTENT="skydda"/><SP WIDTH="23" VPOS="1232" HPOS="280"/>
							<String ID="string_305" HPOS="303" VPOS="1232" WIDTH="32" HEIGHT="26" WC="0.95" CONTENT="sig"/><SP WIDTH="20" VPOS="1232" HPOS="335"/>
							<String ID="string_306" HPOS="355" VPOS="1231" WIDTH="40" HEIGHT="22" WC="0.95" CONTENT="och"/><SP WIDTH="16" VPOS="1231" HPOS="395"/>
							<String ID="string_307" HPOS="411" VPOS="1232" WIDTH="45" HEIGHT="21" WC="0.93" CONTENT="sina"/><SP WIDTH="16" VPOS="1232" HPOS="456"/>
							<String ID="string_308" HPOS="472" VPOS="1232" WIDTH="88" HEIGHT="27" WC="0.92" CONTENT="husdjur"/><SP WIDTH="16" VPOS="1232" HPOS="560"/>
							<String ID="string_309" HPOS="576" VPOS="1235" WIDTH="58" HEIGHT="18" WC="0.93" CONTENT="emot"/><SP WIDTH="16" VPOS="1235" HPOS="634"/>
							<String ID="string_310" HPOS="650" VPOS="1232" WIDTH="120" HEIGHT="27" WC="0.90" CONTENT="rofdjurens"/><SP WIDTH="16" VPOS="1232" HPOS="770"/>
							<String ID="string_311" HPOS="786" VPOS="1232" WIDTH="72" HEIGHT="25" WC="0.89" CONTENT="anfall,"/><SP WIDTH="16" VPOS="1232" HPOS="858"/>
							<String ID="string_312" HPOS="874" VPOS="1238" WIDTH="47" HEIGHT="15" WC="0.93" CONTENT="men"/><SP WIDTH="16" VPOS="1238" HPOS="921"/>
							<String ID="string_313" HPOS="937" VPOS="1232" WIDTH="88" HEIGHT="21" WC="0.92" CONTENT="emedan"/>
						</TextLine>
						<TextLine ID="line_36" HPOS="197" VPOS="1260" WIDTH="829" HEIGHT="27">
							<String ID="string_314" HPOS="197" VPOS="1261" WIDTH="154" HEIGHT="20" WC="0.93" CONTENT="kommunerna"/><SP WIDTH="16" VPOS="1261" HPOS="351"/>
							<String ID="string_315" HPOS="367" VPOS="1260" WIDTH="62" HEIGHT="21" WC="0.92" CONTENT="hafva"/><SP WIDTH="15" VPOS="1260" HPOS="429"/>
							<String ID="string_316" HPOS="444" VPOS="1261" WIDTH="88" HEIGHT="20" WC="0.92" CONTENT="förbiset"/><SP WIDTH="16" VPOS="1261" HPOS="532"/>
							<String ID="string_317" HPOS="548" VPOS="1261" WIDTH="66" HEIGHT="26" WC="0.96" CONTENT="detta,"/><SP WIDTH="17" VPOS="1261" HPOS="614"/>
							<String ID="string_318" HPOS="631" VPOS="1261" WIDTH="38" HEIGHT="20" WC="0.96" CONTENT="har"/><SP WIDTH="17" VPOS="1261" HPOS="669"/>
							<String ID="string_319" HPOS="686" VPOS="1261" WIDTH="132" HEIGHT="26" WC="0.96" CONTENT="regeringen,"/><SP WIDTH="16" VPOS="1261" HPOS="818"/>
							<String ID="string_320" HPOS="834" VPOS="1261" WIDTH="32" HEIGHT="20" WC="0.96" CONTENT="för"/><SP WIDTH="11" VPOS="1261" HPOS="866"/>
							<String ID="string_321" HPOS="877" VPOS="1263" WIDTH="32" HEIGHT="18" WC="0.93" CONTENT="att"/><SP WIDTH="10" VPOS="1263" HPOS="909"/>
							<String ID="string_322" HPOS="919" VPOS="1266" WIDTH="107" HEIGHT="21" WC="0.91" CONTENT="uppmana"/>
						</TextLine>
						<TextLine ID="line_37" HPOS="197" VPOS="1289" WIDTH="829" HEIGHT="27">
							<String ID="string_323" HPOS="197" VPOS="1289" WIDTH="41" HEIGHT="21" WC="0.95" CONTENT="den"/><SP WIDTH="23" VPOS="1289" HPOS="238"/>
							<String ID="string_324" HPOS="261" VPOS="1289" WIDTH="101" HEIGHT="26" WC="0.93" CONTENT="frivilliga"/><SP WIDTH="21" VPOS="1289" HPOS="362"/>
							<String ID="string_325" HPOS="383" VPOS="1289" WIDTH="72" HEIGHT="26" WC="0.92" CONTENT="jagten"/><SP WIDTH="25" VPOS="1289" HPOS="455"/>
							<String ID="string_326" HPOS="480" VPOS="1289" WIDTH="54" HEIGHT="21" WC="0.93" CONTENT="efter"/><SP WIDTH="15" VPOS="1289" HPOS="534"/>
							<String ID="string_327" HPOS="549" VPOS="1289" WIDTH="88" HEIGHT="27" WC="0.92" CONTENT="rofdjur,"/><SP WIDTH="16" VPOS="1289" HPOS="637"/>
							<String ID="string_328" HPOS="653" VPOS="1290" WIDTH="56" HEIGHT="20" WC="0.96" CONTENT="velat"/><SP WIDTH="16" VPOS="1290" HPOS="709"/>
							<String ID="string_329" HPOS="725" VPOS="1290" WIDTH="48" HEIGHT="20" WC="0.96" CONTENT="med"/><SP WIDTH="17" VPOS="1290" HPOS="773"/>
							<String ID="string_330" HPOS="790" VPOS="1292" WIDTH="30" HEIGHT="18" WC="0.93" CONTENT="ett"/><SP WIDTH="16" VPOS="1292" HPOS="820"/>
							<String ID="string_331" HPOS="836" VPOS="1289" WIDTH="91" HEIGHT="21" WC="0.93" CONTENT="tillskott"/><SP WIDTH="16" VPOS="1289" HPOS="927"/>
							<String ID="string_332" HPOS="943" VPOS="1289" WIDTH="83" HEIGHT="26" WC="0.92" CONTENT="förhöja"/>
						</TextLine>
						<TextLine ID="line_38" HPOS="196" VPOS="1317" WIDTH="829" HEIGHT="27">
							<String ID="string_333" HPOS="196" VPOS="1319" WIDTH="41" HEIGHT="20" WC="0.92" CONTENT="den"/><SP WIDTH="23" VPOS="1319" HPOS="237"/>
							<String ID="string_334" HPOS="260" VPOS="1319" WIDTH="86" HEIGHT="25" WC="0.92" CONTENT="premie,"/><SP WIDTH="17" VPOS="1319" HPOS="346"/>
							<String ID="string_335" HPOS="363" VPOS="1324" WIDTH="44" HEIGHT="14" WC="0.96" CONTENT="som"/><SP WIDTH="17" VPOS="1324" HPOS="407"/>
							<String ID="string_336" HPOS="424" VPOS="1318" WIDTH="152" HEIGHT="21" WC="0.93" CONTENT="kommunerna"/><SP WIDTH="16" VPOS="1318" HPOS="576"/>
							<String ID="string_337" HPOS="592" VPOS="1318" WIDTH="73" HEIGHT="26" WC="0.92" CONTENT="sjelfva"/><SP WIDTH="17" VPOS="1318" HPOS="665"/>
							<String ID="string_338" HPOS="682" VPOS="1318" WIDTH="66" HEIGHT="21" WC="0.91" CONTENT="utfäst"/><SP WIDTH="16" VPOS="1318" HPOS="748"/>
							<String ID="string_339" HPOS="764" VPOS="1318" WIDTH="33" HEIGHT="21" WC="0.93" CONTENT="för"/><SP WIDTH="15" VPOS="1318" HPOS="797"/>
							<String ID="string_340" HPOS="812" VPOS="1317" WIDTH="93" HEIGHT="27" WC="0.91" CONTENT="rofdjurs"/><SP WIDTH="16" VPOS="1317" HPOS="905"/>
							<String ID="string_341" HPOS="921" VPOS="1318" WIDTH="104" HEIGHT="21" WC="0.91" CONTENT="dödande."/>
						</TextLine>
						<TextLine ID="line_39" HPOS="197" VPOS="1346" WIDTH="828" HEIGHT="27">
							<String ID="string_342" HPOS="197" VPOS="1347" WIDTH="84" HEIGHT="20" WC="0.96" CONTENT="Endast"/><SP WIDTH="22" VPOS="1347" HPOS="281"/>
							<String ID="string_343" HPOS="303" VPOS="1347" WIDTH="26" HEIGHT="20" WC="0.96" CONTENT="de"/><SP WIDTH="23" VPOS="1347" HPOS="329"/>
							<String ID="string_344" HPOS="352" VPOS="1346" WIDTH="106" HEIGHT="21" WC="0.73" CONTENT="allmänna"/><SP WIDTH="24" VPOS="1346" HPOS="458"/>
							<String ID="string_345" HPOS="482" VPOS="1347" WIDTH="185" HEIGHT="26" WC="0.80" CONTENT="bestämningarna"/><SP WIDTH="24" VPOS="1347" HPOS="667"/>
							<String ID="string_346" HPOS="691" VPOS="1347" WIDTH="51" HEIGHT="20" WC="0.96" CONTENT="böra"/><SP WIDTH="21" VPOS="1347" HPOS="742"/>
							<String ID="string_347" HPOS="763" VPOS="1347" WIDTH="39" HEIGHT="20" WC="0.93" CONTENT="här"/><SP WIDTH="16" VPOS="1347" HPOS="802"/>
							<String ID="string_348" HPOS="818" VPOS="1347" WIDTH="54" HEIGHT="26" WC="0.96" CONTENT="ingå,"/><SP WIDTH="17" VPOS="1347" HPOS="872"/>
							<String ID="string_349" HPOS="889" VPOS="1353" WIDTH="48" HEIGHT="14" WC="0.93" CONTENT="men"/><SP WIDTH="15" VPOS="1353" HPOS="937"/>
							<String ID="string_350" HPOS="952" VPOS="1347" WIDTH="73" HEIGHT="25" WC="0.96" CONTENT="frågan"/>
						</TextLine>
						<TextLine ID="line_40" HPOS="197" VPOS="1375" WIDTH="828" HEIGHT="26">
							<String ID="string_351" HPOS="197" VPOS="1381" WIDTH="33" HEIGHT="15" WC="0.95" CONTENT="om"/><SP WIDTH="25" VPOS="1381" HPOS="230"/>
							<String ID="string_352" HPOS="255" VPOS="1382" WIDTH="26" HEIGHT="14" WC="0.92" CONTENT="en"/><SP WIDTH="22" VPOS="1382" HPOS="281"/>
							<String ID="string_353" HPOS="303" VPOS="1375" WIDTH="112" HEIGHT="26" WC="0.92" CONTENT="jägeristat"/><SP WIDTH="16" VPOS="1375" HPOS="415"/>
							<String ID="string_354" HPOS="431" VPOS="1375" WIDTH="38" HEIGHT="21" WC="0.92" CONTENT="och"/><SP WIDTH="14" VPOS="1375" HPOS="469"/>
							<String ID="string_355" HPOS="483" VPOS="1375" WIDTH="141" HEIGHT="26" WC="0.89" CONTENT="jägmästares"/><SP WIDTH="16" VPOS="1375" HPOS="624"/>
							<String ID="string_356" HPOS="640" VPOS="1375" WIDTH="134" HEIGHT="21" WC="0.90" CONTENT="tillsättande"/><SP WIDTH="16" VPOS="1375" HPOS="774"/>
							<String ID="string_357" HPOS="790" VPOS="1377" WIDTH="54" HEIGHT="19" WC="0.96" CONTENT="samt"/><SP WIDTH="17" VPOS="1377" HPOS="844"/>
							<String ID="string_358" HPOS="861" VPOS="1375" WIDTH="61" HEIGHT="21" WC="0.93" CONTENT="deras"/><SP WIDTH="15" VPOS="1375" HPOS="922"/>
							<String ID="string_359" HPOS="937" VPOS="1375" WIDTH="88" HEIGHT="21" WC="0.93" CONTENT="berätti-"/>
						</TextLine>
						<TextLine ID="line_41" HPOS="196" VPOS="1403" WIDTH="829" HEIGHT="28">
							<String ID="string_360" HPOS="196" VPOS="1404" WIDTH="71" HEIGHT="27" WC="0.92" CONTENT="gande"/><SP WIDTH="16" VPOS="1404" HPOS="267"/>
							<String ID="string_361" HPOS="283" VPOS="1407" WIDTH="32" HEIGHT="17" WC="0.93" CONTENT="att"/><SP WIDTH="16" VPOS="1407" HPOS="315"/>
							<String ID="string_362" HPOS="331" VPOS="1403" WIDTH="82" HEIGHT="22" WC="0.92" CONTENT="erhälla"/><SP WIDTH="15" VPOS="1403" HPOS="413"/>
							<String ID="string_363" HPOS="428" VPOS="1404" WIDTH="116" HEIGHT="21" WC="0.96" CONTENT="understöd"/><SP WIDTH="17" VPOS="1404" HPOS="544"/>
							<String ID="string_364" HPOS="561" VPOS="1403" WIDTH="21" HEIGHT="22" WC="0.96" CONTENT="af"/><SP WIDTH="15" VPOS="1403" HPOS="582"/>
							<String ID="string_365" HPOS="597" VPOS="1404" WIDTH="154" HEIGHT="21" WC="0.96" CONTENT="kommunerna"/><SP WIDTH="16" VPOS="1404" HPOS="751"/>
							<String ID="string_366" HPOS="767" VPOS="1404" WIDTH="34" HEIGHT="21" WC="0.96" CONTENT="vid"/><SP WIDTH="17" VPOS="1404" HPOS="801"/>
							<String ID="string_367" HPOS="818" VPOS="1404" WIDTH="30" HEIGHT="21" WC="0.92" CONTENT="sin"/><SP WIDTH="14" VPOS="1404" HPOS="848"/>
							<String ID="string_368" HPOS="862" VPOS="1404" WIDTH="54" HEIGHT="26" WC="0.91" CONTENT="jagt,"/><SP WIDTH="11" VPOS="1404" HPOS="916"/>
							<String ID="string_369" HPOS="927" VPOS="1405" WIDTH="24" HEIGHT="19" WC="0.91" CONTENT="är"/><SP WIDTH="10" VPOS="1405" HPOS="951"/>
							<String ID="string_370" HPOS="961" VPOS="1404" WIDTH="64" HEIGHT="25" WC="0.93" CONTENT="nägot"/>
						</TextLine>
						<TextLine ID="line_42" HPOS="197" VPOS="1432" WIDTH="828" HEIGHT="27">
							<String ID="string_371" HPOS="197" VPOS="1439" WIDTH="45" HEIGHT="14" WC="0.92" CONTENT="som"/><SP WIDTH="25" VPOS="1439" HPOS="242"/>
							<String ID="string_372" HPOS="267" VPOS="1433" WIDTH="18" HEIGHT="26" WC="0.90" CONTENT="ej"/><SP WIDTH="17" VPOS="1433" HPOS="285"/>
							<String ID="string_373" HPOS="302" VPOS="1432" WIDTH="40" HEIGHT="21" WC="0.96" CONTENT="hör"/><SP WIDTH="16" VPOS="1432" HPOS="342"/>
							<String ID="string_374" HPOS="358" VPOS="1433" WIDTH="32" HEIGHT="19" WC="0.96" CONTENT="till"/><SP WIDTH="17" VPOS="1433" HPOS="390"/>
							<String ID="string_375" HPOS="407" VPOS="1433" WIDTH="68" HEIGHT="20" WC="0.93" CONTENT="denna"/><SP WIDTH="13" VPOS="1433" HPOS="475"/>
							<String ID="string_376" HPOS="488" VPOS="1433" WIDTH="124" HEIGHT="25" WC="0.91" CONTENT="jagtstadga"/><SP WIDTH="15" VPOS="1433" HPOS="612"/>
							<String ID="string_377" HPOS="627" VPOS="1435" WIDTH="51" HEIGHT="18" WC="0.96" CONTENT="utan"/><SP WIDTH="17" VPOS="1435" HPOS="678"/>
							<String ID="string_378" HPOS="695" VPOS="1433" WIDTH="32" HEIGHT="20" WC="0.97" CONTENT="till"/><SP WIDTH="17" VPOS="1433" HPOS="727"/>
							<String ID="string_379" HPOS="744" VPOS="1435" WIDTH="31" HEIGHT="18" WC="0.93" CONTENT="ett"/><SP WIDTH="16" VPOS="1435" HPOS="775"/>
							<String ID="string_380" HPOS="791" VPOS="1432" WIDTH="128" HEIGHT="27" WC="0.92" CONTENT="reglemente"/><SP WIDTH="16" VPOS="1432" HPOS="919"/>
							<String ID="string_381" HPOS="935" VPOS="1432" WIDTH="90" HEIGHT="20" WC="0.91" CONTENT="rörande"/>
						</TextLine>
						<TextLine ID="line_43" HPOS="193" VPOS="1461" WIDTH="148" HEIGHT="26">
							<String ID="string_382" HPOS="193" VPOS="1461" WIDTH="148" HEIGHT="26" WC="0.91" CONTENT="jägeristaten."/>
						</TextLine>
					</TextBlock>
				</ComposedBlock>
			</PrintSpace>
		</Page>
	</Layout>
</alto>
