1103 1803
269 136 162 19 Presteständet
442 138 60 17 1882.
528 138 26 16 23
566 142 64 12 mars.
824 132 40 20 671

133 207 120 27 Föredrogs
274 206 96 22 enskilda
390 206 205 22 besvärsutskottets
611 205 79 28 förslag
705 205 32 21 till
753 206 90 26 petition
859 212 35 15 om

63 236 70 21 finska
157 235 83 22 skolors
265 234 152 27 öfvertagande
446 235 24 21 af
498 236 69 19 staten
598 234 45 21 från
669 234 38 22 och
743 234 48 21 med
818 234 76 22 hösten

65 265 62 21 1882.
158 264 49 22 Som
230 264 40 21 den
293 264 89 21 svenska
405 264 113 21 versionen
534 262 23 22 af
572 263 58 21 detta
653 263 80 26 förslag
754 262 56 22 hade
826 262 69 22 blifvit

65 292 146 27 omredigerad
234 292 39 22 och
290 293 70 21 säsom
382 292 72 26 sädan,
472 294 56 19 ännu
544 292 47 20 icke
611 292 56 26 legat
683 292 27 26 pä
727 291 82 27 bordet,
826 292 69 20 beslöt

65 322 90 22 Ständet
177 323 33 19 att
233 322 54 26 ånyo
310 321 119 27 bordlägga
451 320 105 27 förslaget
579 320 31 21 till
626 320 67 22 första
708 320 86 27 plenum
810 321 7 20 i
833 322 62 19 nästa

64 350 71 21 vecka.

135 504 120 27 Föredrogs
270 504 39 21 och
325 504 114 21 bordlades
455 505 33 20 till
504 505 62 20 nästa
578 504 85 26 plenum
675 504 175 21 bankutskottets
861 503 35 22 be-

67 533 106 21 tänkande
189 533 40 21 N:o
247 534 8 19 1
274 533 109 26 angäende
398 533 102 21 Finlands
516 533 68 20 banks
599 533 154 26 odisponerade
768 532 128 21 vinstmedel

66 564 56 19 samt
137 561 108 21 allmänna
260 561 205 21 besvärsutskottets
482 561 135 21 betänkande
632 561 39 21 N:o
688 562 19 25 8,
723 561 48 21 med
782 561 114 26 anledning

67 590 21 20 af
103 592 76 19 tvänne
195 590 56 21 inom
267 590 159 21 Bondeständet
442 590 77 21 väckta
532 589 189 27 petitionsförslag,
734 596 33 14 om
779 590 86 26 delning
876 589 23 21 af

68 618 119 28 Uleäborgs
202 618 39 22 och
257 618 261 22 Torneä-läkaredistrikt.

137 773 120 27 Föredrogs
279 773 39 21 och
341 774 58 20 lades
422 773 32 21 till
471 773 101 22 Ständets
595 772 133 28 handlingar,
750 774 77 19 tvänne
847 779 48 20 pro-

69 801 158 28 tokollsutdrag
243 801 45 22 frän
304 802 166 25 Bondeständet,
482 802 48 21 med
546 801 155 22 underrättelse
716 803 32 19 att
763 801 90 22 Ständet
864 801 31 21 till

69 830 159 21 statsutskottet
244 831 119 21 remitterat
379 831 59 20 Hans
453 831 121 26 Kejserliga
589 830 111 27 Majestäts
711 830 77 26 nådiga
799 830 96 26 proposi-

69 859 72 21 tionen
153 859 40 21 N:o
205 860 34 22 40,
250 865 33 15 om
295 859 114 22 anvisande
420 859 23 21 af
452 859 69 21 medel
532 859 33 21 till
576 859 135 21 bestridande
722 858 22 22 af
752 859 144 21 kostnaderna

68 887 33 21 för
116 887 69 22 finska
201 888 111 26 militären,
329 888 38 21 och
384 887 40 22 N:o
440 889 26 20 41
484 888 109 26 angående
609 889 26 20 de
650 888 35 20 vid
701 888 127 26 landtdagen
842 888 53 21 1882

69 916 33 21 för
118 916 145 21 folkskolorna
279 917 39 21 och
335 917 92 20 militära
443 917 65 21 behof
522 919 56 19 samt
593 917 32 20 till
640 916 136 21 bestridande
792 916 21 21 af
828 916 68 21 landt-

69 945 196 26 dagskostnaderna
281 945 92 22 önskade
389 945 85 27 anslag;

136 1010 31 19 att
183 1008 35 21 vid
234 1008 127 27 behandling
377 1008 21 21 af
413 1010 154 19 sammansatta
582 1008 35 26 lag
630 1008 39 21 och
680 1008 216 21 ekonomiutskottets

68 1036 135 21 betänkande
225 1037 41 21 N:o
283 1037 18 26 2,
318 1037 6 20 i
340 1037 114 26 anledning
470 1037 22 21 af
506 1037 60 21 Hans
589 1037 119 26 Kejserliga
730 1037 110 26 Majestäts
858 1036 38 21 nå-

69 1065 48 26 diga
133 1065 138 26 proposition,
287 1065 148 21 innefattande
450 1066 81 25 förslag
546 1065 34 21 till
592 1065 124 26 förordning
726 1064 110 27 angående
846 1070 49 21 ego-

69 1093 111 27 styckning
203 1093 38 21 och
263 1094 171 26 jordafsöndring
456 1095 14 20 &
492 1093 76 22 frälse-
584 1093 39 22 och
646 1093 176 24 skattehemman,
841 1095 56 19 samt

68 1121 100 26 legoaftal
185 1128 33 15 om
234 1122 69 27 någon
320 1123 34 20 del
369 1122 24 22 af
407 1122 73 27 dylika
495 1122 124 27 lägenheter
635 1121 26 29 $$
680 1124 16 22 1,
712 1124 20 24 4,
748 1123 19 24 8,
783 1123 19 26 9,
820 1122 26 21 10
857 1121 39 21 och

69 1151 25 20 12
111 1150 6 21 i
133 1151 101 26 förslaget
256 1157 74 20 genom
355 1151 105 22 särskilda
480 1151 128 26 voteringar,
625 1153 54 18 samt
694 1151 115 26 ingressen,
824 1150 71 21 äfven-

67 1185 45 15 som
129 1179 25 27 $$
171 1181 19 23 2,
207 1181 18 24 3,
241 1181 20 24 5,
277 1180 19 23 7,
314 1181 31 24 11,
363 1180 31 27 13,
411 1181 32 24 14,
463 1181 31 24 15,
512 1181 26 20 16
554 1180 39 21 och
610 1180 26 21 17
652 1179 23 21 af
689 1179 90 22 Ståndet
794 1181 51 19 utan
855 1179 40 20 dis-

67 1207 87 21 kussion
170 1208 112 27 godkänts,
298 1215 48 14 men
363 1209 11 27 &
390 1209 12 20 6
419 1208 54 22 efter
490 1208 132 27 omröstning
636 1209 146 25 utmönstrats,
796 1210 55 19 samt
862 1209 32 19 ut-

68 1235 91 22 skottets
185 1236 78 27 förslag
285 1237 32 20 till
332 1237 124 26 förordning
480 1237 110 27 angående
611 1237 81 21 ändrad
712 1237 80 26 lydelse
807 1236 22 21 af
843 1236 24 27 $$
883 1237 12 20 2

68 1264 39 21 och
123 1265 12 20 3
152 1265 6 20 i
173 1265 152 28 förordningen
347 1272 34 15 om
397 1266 124 26 inteckning
536 1266 8 20 i
560 1265 42 22 fast
617 1266 103 26 egendom
736 1265 24 21 af
774 1265 40 21 den
831 1265 12 21 9
859 1271 37 15 no-

67 1293 86 21 vember
177 1294 54 21 1868
247 1294 22 21 af
283 1294 90 21 Ständet
396 1294 32 21 till
451 1294 42 21 alla
516 1295 60 20 delar
600 1294 99 27 antagits,
720 1294 61 21 äfven
802 1299 46 16 som
864 1295 33 20 att

69 1322 88 21 ärendet
179 1322 178 22 äterremittörats
376 1323 32 21 till
424 1324 107 20 utskottet
546 1323 32 21 för
594 1325 32 19 att
642 1323 58 21 detta
722 1322 68 22 skulle
809 1322 87 26 vidtaga

68 1351 26 20 de
109 1351 115 26 ändringar
245 1357 44 16 som
305 1358 50 15 vore
371 1351 113 27 päkallade
506 1352 33 21 till
555 1352 49 27 följe
619 1351 24 22 af
657 1352 42 21 6:te
715 1352 57 25 S:ens
791 1353 104 19 utmönst-

67 1379 53 27 ring,
137 1379 38 22 och
193 1380 107 21 dessutom
316 1381 98 27 utstryka
433 1381 62 21 ordet
510 1381 73 26 ,siitä*
600 1381 12 20 &
628 1380 67 27 tredje
711 1380 65 21 raden
792 1379 24 22 af
829 1379 68 22 andra

67 1414 64 15 mom.
155 1409 12 20 9
183 1408 34 27 $i
238 1409 40 22 den
301 1409 68 22 finska
384 1411 78 20 texten.
