1103 1803
289 136 163 19 Presteståndet
463 137 59 17 1882.
546 136 28 17 29
587 136 61 20 april
814 134 42 20 963

125 207 90 21 Prosten
237 206 101 27 Hjelt:
369 205 40 27 Jag
432 205 74 21 tänkte
529 206 59 26 -yttra
610 205 43 26 mig
668 205 7 21 i
690 212 82 15 samma
793 207 94 26 riktning

57 242 44 15 som
125 235 199 27 kontraktsprosten
347 234 108 21 Stenbäck
478 233 40 22 och
536 233 112 21 framhålla
664 235 32 19 att
712 234 40 21 den
769 235 118 27 förklaring

56 267 73 24 pastor
145 264 83 21 Eklund
245 263 57 27 afgaf
317 263 18 26 ej
351 264 24 19 är
391 262 202 22 tiilfredsställande.
619 262 38 21 Uti
668 263 90 21 sednare
770 266 117 19 momentet

57 294 22 20 af
100 293 11 27 8
136 295 10 19 1
171 292 6 21 i
199 292 240 22 utskottsbetänkandet
462 292 54 20 talas
539 291 106 25 nämligen
668 297 34 15 om
724 292 62 21 hvem
802 298 44 16 som
863 294 24 19 är

57 322 82 27 skyldig
163 323 32 19 att
217 320 130 22 underkasta
368 320 32 26 sig
415 319 163 27 ifrågavarande
594 322 66 24 tunga
675 320 39 21 och
730 321 13 27 $
759 323 13 19 4
788 321 5 20 i
809 321 78 27 nådiga

56 350 159 27 propositionen
239 349 45 21 åter
306 348 90 21 handlar
419 354 34 15 om
476 348 62 21 hvem
565 348 36 21 det
624 348 129 22 tillkommer
776 352 31 18 att
830 350 56 21 inom

57 379 212 21 stadskommunerna
285 377 66 22 ordna
366 376 198 27 skjutshållningen.

126 436 135 26 Fältprosten
304 437 158 18 Petterson:
491 434 73 26 Enligt
578 434 117 21 utskottets
711 435 136 21 betänkande
863 437 24 18 är

58 465 113 26 köpingars
195 463 188 28 skjutsskyldighet
406 462 88 22 likstäld
518 463 48 20 med
589 463 117 21 städernas.
738 463 64 22 Detta
822 465 24 20 är
862 470 24 15 en

59 493 101 22 afvikelse
184 493 45 21 från
253 493 76 26 nådiga
352 491 161 28 propositionen
537 491 39 21 och
591 491 36 27 jag
643 494 44 19 tror
703 492 46 21 icke
765 494 32 19 att
812 493 36 20 det
864 494 23 19 är

58 521 33 22 väl
110 521 96 26 betänkt,
222 523 31 19 att
269 520 94 22 likställa
379 520 72 21 städer
467 520 39 21 och
523 520 112 27 köpingar,
652 521 88 21 emedan
757 521 131 26 köpingarna

57 551 7 20 i
81 551 25 20 de
121 550 62 21 flesta
201 550 35 21 fall
253 549 18 27 ej
287 549 64 21 hafva
367 555 52 20 egen
435 549 182 23 administration,
632 552 51 18 utan
699 549 54 21 höra
768 550 68 21 under
852 549 35 21 hä-

59 579 72 21 radets
146 578 176 21 administration.
353 577 40 27 Jag
409 583 63 15 anser
487 580 33 18 att
535 577 133 27 köpingarna
683 578 67 21 borde
766 578 21 21 få
803 578 84 26 deltaga

59 608 6 20 i
81 607 255 27 skjutshållningstungan
360 606 140 21 tillsammans
523 606 48 21 med
594 606 26 21 de
644 606 68 27 öfriga
734 607 153 21 kommunerna

59 636 39 21 och
113 636 19 26 ej
148 637 76 25 utgöra
240 642 53 20 egna
308 635 109 27 skjutslag.

128 694 141 25 Domprosten
285 692 144 22 Renvall:
456 691 51 22 Utaf
522 692 43 21 alla
580 692 39 21 här
635 692 119 27 föreslagna
770 693 118 21 förändrin-

59 728 38 20 gar
120 722 69 21 skulle
209 722 36 25 jag
265 721 32 20 för
313 722 42 20 min
371 721 34 20 del
421 721 18 26 ej
456 720 115 26 godkänna
586 721 67 20 andra
669 723 26 18 än
712 722 31 25 de,
758 727 45 16 som
819 722 69 21 blifvit

59 751 24 20 af
97 751 117 20 utskottets
229 750 137 21 medlemmar
381 749 121 21 förklarade
519 749 33 21 för
568 749 141 21 korrekturfel
726 750 38 21 och
775 750 68 21 skulle
852 750 36 27 jag

60 779 81 22 således
162 779 53 26 yrka
230 779 27 26 pä
273 781 31 18 att
319 778 65 21 orden
400 778 38 27 ,på
453 778 86 21 landet"
556 778 69 21 skulle
640 778 98 27 tilläggas
754 779 39 20 och
809 781 32 19 att
856 779 32 20 uti

60 808 66 21 andra
148 809 116 20 momentet
286 807 81 26 ,stads*
386 806 68 21 skulle
471 807 104 20 uteslutas
590 807 47 20 från
654 807 60 21 ordet
731 807 157 24 ,,stadsinnevå-

60 838 70 20 nare".
161 836 33 21 Då
217 836 18 27 ej
259 836 68 26 någon
344 841 68 16 annan
428 835 84 21 bemött
528 835 143 22 öfverläraren
687 836 111 21 Kihlmans
815 835 73 22 fortfa-

60 866 66 20 rande
147 865 67 26 yrkan
236 865 34 26 på,
292 866 33 19 att
347 864 65 21 orden
429 864 69 26 ,,efter
514 864 48 21 dess
577 871 76 20 genom
669 865 153 26 uppskattning
838 864 51 21 eller

60 893 126 27 förmedling
201 893 112 21 tillkomna
328 899 41 20 nya
384 892 94 21 mantal"
494 893 68 20 skulle
578 893 86 27 utbytas
681 896 44 18 mot
741 894 64 21 orden
822 893 67 26 ,,efter

61 923 48 21 dess
131 928 76 20 genom
231 922 88 27 behörig
342 921 159 27 skattläggning
524 921 112 21 tillkomna
660 922 101 26 mantal",
777 928 63 21 anser
852 922 37 27 jag

61 951 42 26 mig
126 951 84 26 skyldig
232 953 32 18 att
287 950 84 27 inlägga
387 950 41 21 min
444 956 94 21 gensaga
554 953 58 18 emot
628 951 122 21 detsamma.
779 951 68 21 Äfven
863 951 26 20 de

61 980 70 27 gamla
154 979 106 21 mantalen
282 979 64 21 hafva
369 979 135 26 uppkommit
524 985 75 20 genom
620 979 87 27 behörig
723 979 165 27 skattläggning.

62 1009 39 21 Om
118 1014 48 15 man
182 1008 124 26 godkänner
321 1007 142 21 öfverläraren
480 1007 113 21 Kihlmans
606 1008 144 27 formulering,
762 1008 68 21 skulle
840 1014 49 15 man

62 1037 18 27 ej
104 1037 85 21 komma
209 1038 32 19 att
260 1037 53 26 yrka
328 1036 33 27 pä,
378 1036 55 21 hvad
450 1036 54 21 dock
520 1036 240 22 utskottsbetänkandet
775 1037 35 20 vill
826 1037 63 20 fram-

61 1065 64 25 hälla,
148 1067 32 18 att
203 1065 25 20 de
252 1072 41 19 nya
315 1064 112 26 mantalen,
451 1064 39 21 der
505 1065 80 20 sädana
601 1065 135 26 uppkomma,
751 1065 60 21 skola
826 1065 64 21 blifva

62 1094 68 26 grund
153 1093 32 21 för
202 1093 161 26 ifrägavarande
379 1093 132 26 skyldighets
526 1093 124 27 utgörande.
683 1093 73 22 Säsom
772 1094 118 25 vicepastor

62 1122 66 21 Lilius
143 1122 40 21 här
198 1121 197 22 tillfredsställande
410 1121 110 26 förklarat,
536 1122 129 26 uppkomma
681 1129 40 20 nya
736 1122 80 21 mantal
828 1121 61 22 äfven

62 1157 75 21 genom
154 1150 66 21 skedd
236 1151 157 26 uppskattning.

130 1207 126 27 Vicepastor
277 1207 133 21 Eklund:
442 1207 206 27 Kontraktsprosten
665 1207 105 22 Stenbäck
786 1207 39 22 och
841 1213 49 21 pro-

61 1239 48 18 sten
132 1236 59 27 Hjelt
207 1236 61 21 hafva
283 1237 56 20 velat
355 1238 52 25 göra
421 1236 105 21 kraftlösa
542 1237 26 20 de
584 1237 169 26 anmärkningar,
766 1236 36 27 jag
816 1235 74 28 gjorde

61 1267 44 19 mot
130 1265 61 21 deras
208 1264 126 27 föregäende
350 1265 143 26 andragande,
509 1265 83 21 derföre
608 1267 32 19 att
656 1265 31 21 uti
702 1265 48 21 4:de
765 1264 125 27 paragrafen

61 1293 55 22 talas
139 1299 33 15 om
195 1293 108 22 ordnande
326 1293 22 21 af
369 1293 192 27 skjutshällningen
584 1294 6 20 i
610 1294 46 21 stad
673 1294 51 21 eller
739 1294 87 26 köping;
843 1299 47 15 men

61 1323 59 20 detta
143 1322 109 22 ordnande
273 1322 42 21 kan
337 1323 18 26 ej
379 1322 93 27 försiggä
495 1322 134 21 annorlunda
648 1324 26 19 än
690 1322 70 21 säsom
776 1322 114 26 ordalagen

61 1351 60 26 lyda:
145 1351 20 26 i
189 1351 48 26 laga
260 1351 103 26 ordning"
385 1351 39 21 och
448 1351 60 21 detta
530 1351 88 21 innebär
635 1351 32 21 väl
682 1351 70 25 också,
766 1353 32 19 att
814 1351 77 26 skjuts-

61 1379 209 27 ningsskyldigheten
287 1379 18 26 ej
322 1379 33 22 fär
370 1379 102 27 päläggas
488 1379 79 22 sädana
578 1386 45 15 som
636 1381 37 20 äro
685 1379 93 22 derifrän
790 1379 100 22 befriade.

61 1408 46 21 Den
130 1407 68 22 första
220 1408 137 26 paragrafens
381 1409 66 20 andra
471 1411 95 19 moment
588 1408 117 21 innehäller
725 1409 25 26 ju
767 1408 125 26 tillräckligt

61 1437 81 26 tydliga
167 1437 141 26 anvisningar,
332 1437 27 21 dä
382 1437 36 21 det
443 1437 71 20 heter:
538 1453 4 9 ,
545 1437 85 26 skjuts-
652 1437 39 21 och
714 1437 177 26 gästgifverihäll-

61 1465 77 26 ningen
161 1465 6 20 i
190 1465 47 21 stad
260 1465 51 21 eller
333 1465 78 27 köping
427 1465 105 21 bestrides
548 1465 23 21 af
585 1465 26 21 de
626 1465 128 27 gärdsegare
770 1465 39 21 och
825 1464 67 26 öfriga

61 1493 194 25 stadsinnevänare,
279 1493 72 22 hvilka
375 1494 18 26 ej
416 1500 78 20 genom
516 1494 106 26 grundlag
637 1494 52 21 eller
704 1494 66 21 andra
785 1494 106 21 öfverhet-

61 1522 42 27 liga
126 1522 132 26 stadganden
282 1524 36 19 äro
341 1522 92 22 derifrän
455 1522 119 22 befriade".
604 1522 42 22 Det
667 1524 24 20 är
706 1522 82 22 således
804 1521 89 27 onödigt
