1103 1803
219 127 42 21 976
436 132 162 18 Presteståndet
609 133 59 17 1882.
693 133 27 17 29
734 132 61 21 april.

191 201 40 21 den
254 200 107 22 sanvolikt
385 201 95 21 kommer
501 203 33 20 att
554 202 145 27 omintetgöra
721 201 204 27 skjutshållningens
945 201 75 21 bestri-

191 229 70 22 dande
281 236 76 20 genom
374 230 148 26 entreprenad,
539 232 21 25 ty
576 230 105 26 svårligen
697 230 42 21 kan
755 230 70 26 någon
841 229 71 22 ikläda
927 229 32 27 sig
974 230 47 21 bor-

190 258 171 26 gesförbindelse
383 258 7 21 i
406 258 66 22 sådan
488 258 66 22 skala.
584 258 50 22 Icke
649 259 56 21 inser
719 259 37 26 jag
772 258 74 26 häller,
862 260 33 19 att
909 258 112 21 samhället

191 287 41 21 kan
249 286 73 22 fordra
338 293 26 15 en
379 287 66 21 sådan
461 287 131 22 förbindelse
608 290 32 18 att
655 287 91 27 fullgöra
757 293 27 15 en
796 286 87 22 aflidens
893 286 127 28 skyldighet,

192 318 22 24 ty
229 316 7 20 i
253 315 39 22 och
309 315 48 22 med
373 316 120 21 detsamma
508 322 26 15 en
549 322 76 21 person
642 315 74 25 aflidit,
732 316 40 20 har
782 315 54 21 hans
850 315 128 21 förbindelse
989 315 31 21 till

191 344 112 21 samhället
319 344 100 27 upphört.
442 344 42 26 Jag
500 344 89 21 föreslår
604 345 77 23 derför,
698 347 33 18 att
746 344 127 27 paragrafen
883 344 69 21 skulle
964 344 57 21 åter-

191 372 122 22 remitteras
329 372 32 21 för
376 375 33 19 att
424 372 162 22 omformuleras
601 373 7 20 i
625 373 35 21 det
675 373 57 27 syfte
748 375 38 24 att,
797 374 39 19 när
847 379 26 14 en
884 373 137 26 entreprenör

191 401 80 26 atlider,
287 401 52 21 hans
355 401 191 22 rättsinnehafvare
561 401 55 28 finge
633 401 110 27 öfvertaga
762 401 40 21 den
818 401 23 22 af
853 401 77 21 honom
943 401 78 26 ätagna

191 429 158 28 skyldigheten;
370 436 47 15 men
432 436 34 15 om
482 429 60 22 desse
558 430 46 21 icke
620 436 50 15 vore
686 429 72 28 villiga
773 429 79 27 dertill,
869 430 127 21 kommunen
1013 429 6 20 i

192 459 77 21 sädant
285 458 35 21 fall
337 459 69 20 skulle
421 465 91 15 ansvara
527 459 33 20 för
576 459 48 21 dess
640 459 138 27 fullgörande.

260 515 127 27 Vicepastor
409 515 115 22 Lilius:
555 516 33 21 Dä
612 518 86 25 prosten
721 515 109 28 Dahlberg
853 515 19 28 ej
888 515 85 27 ätnöjde
989 515 31 26 sig

192 545 48 20 med
263 544 108 27 professor
393 544 73 22 Cleves
488 545 123 26 förklaring,
635 545 36 20 vill
694 545 63 20 äfven
774 544 37 27 jag
826 546 52 25 säga
893 544 65 27 några
974 543 45 22 ord.

191 573 32 21 De
239 573 165 25 anmärkningar
419 579 45 15 som
481 573 200 26 kontraktsprosten
697 572 111 28 Dahlberg
824 572 39 22 och
879 574 84 25 prosten
979 572 41 21 Ro-

191 607 89 21 sengren
303 601 56 27 gjort
382 604 44 18 mot
452 602 26 20 de
504 602 38 20 här
567 601 159 27 ifrägavarande
754 601 265 27 borgesbestämmelserna

191 630 69 21 mäste
279 630 105 21 erkännas
400 636 49 15 vara
464 630 84 27 mycket
563 630 141 26 berättigade,
720 636 49 15 men
785 630 105 21 utskottet
905 630 37 26 säg
957 629 62 27 ingen

191 664 69 16 annan
277 660 64 25 utväg
356 660 27 20 än
399 659 40 21 den
454 658 40 22 här
508 658 126 28 föreslagna,
646 659 88 21 emedan
746 658 37 22 det
794 660 24 19 är
828 658 62 26 klart,
901 661 32 18 att
942 658 77 26 skjuts-

191 687 122 26 hällningen
336 687 67 21 mäste
419 687 161 27 upprätthällas.
612 687 39 21 Om
668 686 93 22 dödsfall
777 686 103 25 inträffar,
896 689 24 19 är
935 687 36 21 det
986 686 33 21 väl

191 716 65 20 ocksä
279 716 66 26 enligt
367 716 115 21 utskottets
505 716 78 26 förslag
606 716 122 21 sterbhuset
752 716 100 26 obetaget
875 718 32 19 att
929 715 90 27 fullgöra

191 744 200 27 skjutshällningen,
414 744 23 21 sä
459 744 45 21 vidt
526 745 35 20 det
584 745 85 20 förmär.
701 744 48 21 Men
770 744 6 20 i
793 744 100 21 händelse
909 745 110 26 prostarne

191 773 123 26 Rosengren
338 773 40 21 och
401 773 108 26 Dahlberg
527 773 69 21 skulle
612 773 71 21 kunna
698 773 121 21 framställa
834 773 65 26 nägot
914 771 105 28 praktiskt

191 801 92 27 projekt,
298 801 137 26 hvarigenom
451 801 39 22 den
506 801 120 27 föreslagna
641 802 79 27 borgen
737 801 69 22 blefve
817 801 111 27 obehöflig,
939 801 24 21 sä
970 800 48 21 ville

189 830 37 27 jag
241 836 66 20 gerna
322 830 86 21 förorda
423 830 129 26 antagandet
568 830 22 21 af
604 831 123 20 detsamma.

261 887 90 22 Prosten
373 887 98 27 Hjelt:
502 887 112 22 Utskottet
635 888 39 21 har
697 887 49 27 själf
761 888 6 20 i
783 888 15 26 &
815 888 26 20 14
856 887 59 26 gifvit
930 889 31 18 ett
977 886 41 21 för-

191 916 45 26 slag
259 922 34 15 om
311 916 56 21 huru
383 916 88 21 förfaras
486 916 54 21 skall
556 923 34 14 om
606 917 94 20 hvarken
716 918 167 25 entreprenören
899 915 52 22 eller
966 915 53 21 hans

192 945 126 26 borgesmän
342 945 46 20 icke
410 945 71 20 kunna
503 945 95 27 uppfylla
620 945 31 21 sin
674 945 137 21 förbindelse.
850 944 56 22 Sista
927 950 62 15 mom.
1012 944 6 20 i

191 973 92 22 nämnde
304 973 102 27 paragraf
421 973 68 27 lyder:
507 973 58 25 ,Kan
581 973 76 22 sädant
672 973 32 22 för
720 975 177 25 entreprenörens
913 973 38 21 och
967 973 52 20 hans

191 1001 125 22 löftesmäns
339 1002 138 21 medellöshet
500 1002 51 21 eller
574 1003 22 20 af
616 1009 68 14 annan
701 1002 64 21 orsak
781 1002 47 21 icke
844 1002 44 24 ske,
904 1001 54 22 skall
973 1001 46 21 äta-

191 1031 80 26 gandet
292 1030 22 21 af
335 1030 127 21 kommunen
485 1030 122 27 fullgöras*.
638 1031 42 21 Det
702 1033 24 18 är
746 1031 111 27 ingenting
872 1037 45 14 som
933 1030 87 21 hindrar

191 1059 130 21 kommunen
337 1061 32 19 att
383 1059 97 21 använda
496 1060 39 20 den
551 1059 97 21 lemnade
660 1060 58 20 reala
730 1059 127 21 säkerheten
868 1059 33 21 till
910 1058 109 21 drifvande

191 1087 23 21 af
226 1087 77 26 själfva
318 1087 215 26 gästgifverirörelsen
550 1088 38 21 och
604 1087 198 27 skjutshällningen,
819 1087 28 21 dä
862 1087 95 21 deremot
972 1087 47 20 bor-

191 1118 128 23 gesmännen
336 1117 71 20 kunna
423 1115 83 22 befinna
521 1116 31 27 sig
568 1116 27 27 pä
610 1116 59 27 längt
684 1116 85 21 afständ
784 1115 40 22 och
840 1116 46 21 icke
897 1118 50 18 utan
959 1115 60 21 hvar-

189 1145 94 26 jehanda
306 1145 116 26 omgängar
442 1145 72 21 kunna
536 1145 30 21 fäs
590 1147 31 19 att
643 1145 6 20 i
665 1151 26 14 en
707 1145 49 21 hast
772 1145 111 26 öfvertaga
898 1143 122 27 skjutshäll-

191 1179 84 20 ningen.

261 1231 207 26 Kontraktsprosten
491 1230 160 28 Grönberg
671 1231 67 26 ansäg
760 1230 69 21 likasä
844 1231 40 20 den
901 1229 119 27 föreslagna

192 1259 79 26 borgen
295 1259 161 27 mängenstädes
479 1259 138 27 omöjliggöra
638 1259 28 21 all
681 1259 220 27 gästgifverihällning
917 1258 38 22 och
971 1258 49 21 ville

192 1287 85 22 talaren
291 1287 33 22 för
339 1288 31 21 sin
388 1287 33 22 del
436 1288 78 21 föreslä
530 1290 31 19 att
576 1288 64 27 ingen
656 1288 80 26 borgen
752 1287 68 22 mätte
835 1287 85 21 komma
926 1283 12 36 i
955 1287 66 26 fräga,

192 1316 90 21 emedan
298 1317 40 20 den
354 1316 71 21 kunde
441 1323 50 15 vara
506 1317 84 26 mycket
604 1317 49 21 svär
668 1319 32 19 att
715 1316 154 22 ästadkomma.

261 1373 156 28 Kyrkoherden
439 1373 156 22 Törnudd:
626 1374 71 26 Tietty
712 1380 34 19 on,
764 1373 52 22 ettei
831 1373 138 27 kyydinpitoa
984 1378 37 15 saa

192 1402 154 21 ainoaksikaan
369 1402 96 27 päiväksi
487 1403 132 26 keskeyttää.
649 1402 38 21 Jos
708 1404 38 25 nyt
761 1401 91 26 sattuisi,
869 1404 45 19 että
929 1401 92 21 urakka-

192 1432 53 19 mies
268 1431 29 21 tai
319 1437 29 19 se,
368 1431 52 26 joka
442 1431 149 21 kestikievaria
613 1431 65 26 pitää,
701 1431 78 21 kuolisi
798 1430 24 26 ja
840 1430 85 21 hänellä
940 1430 18 21 ei
974 1429 46 21 olisi

192 1459 111 26 perillisiä,
325 1459 44 21 niin
384 1459 58 21 kuka
456 1459 77 27 silloin,
546 1460 35 26 jos
597 1459 143 21 takuumiestä
756 1459 20 21 ei
792 1459 54 25 olisi,
862 1459 70 26 pitäisi
948 1458 74 21 huolta

191 1487 57 26 siitä,
273 1488 51 21 ettei
347 1488 56 21 koko
427 1490 57 19 tämä
506 1488 60 21 toimi
590 1488 140 27 lyhemmäksi
753 1488 31 20 tai
803 1488 135 26 pitemmäksi
953 1486 68 27 ajaksi

192 1516 99 22 lakkaisi.
318 1516 61 22 Juuri
395 1523 36 15 sen
447 1516 78 22 tähden
541 1523 27 15 on
584 1518 58 20 tämä
658 1518 97 26 määräys
768 1516 177 22 takausmiehistä
956 1515 65 21 tähän
