1103 1803
224 130 43 21 676
433 134 162 19 Presteståndet
608 135 57 17 1882.
689 135 28 17 28
728 139 62 13 mars.

266 204 62 21 Huru
351 205 26 19 än
401 203 36 21 det
458 204 132 27 högvördiga
611 203 101 21 Ståndets
728 204 70 20 beslut
814 203 48 21 med
877 203 115 27 anledning
1007 202 23 22 af

197 233 69 21 denna
282 232 127 27 inbjudning
424 232 33 20 må
472 232 82 26 utfalla,
570 232 55 21 skall
644 232 181 27 Borgareståndet
840 234 49 18 veta
904 232 124 26 respektera

197 262 118 20 detsamma
338 260 40 22 och
400 261 37 21 ber
459 260 183 27 Borgareståndet
665 263 32 19 att
709 260 23 22 få
747 266 51 15 vara
813 260 116 21 inneslutet
945 261 31 20 uti
992 260 36 21 det

196 290 132 26 högvördiga
351 289 100 21 Ståndets
474 290 39 20 och
535 289 130 27 högvördige
688 289 50 21 herr
760 289 177 21 Talmannens
953 288 75 22 fortfa-

197 318 66 22 rande
279 318 95 26 vänskap
390 318 38 21 och
444 318 106 26 välvilja".

267 375 50 21 Med
340 375 113 26 anledning
476 375 22 20 af
520 374 69 22 denna
612 374 124 27 inbjudning
755 374 125 21 meddelade
895 374 50 21 herr
959 374 69 21 Tal-

197 409 127 16 mannen
348 404 152 26 deputationen
523 405 33 19 att
579 403 65 21 sedan
667 403 37 21 det
723 403 117 21 dokument
858 403 123 21 densamma
996 402 32 21 till

197 432 162 21 Presteståndet
382 432 105 25 aflemnat,
511 432 57 26 legat
591 431 88 28 behörig
700 432 31 20 tid
748 432 27 26 på
791 431 76 22 bordet
882 431 39 21 och
938 431 90 22 Ståndet

197 460 91 22 betänkt
311 462 32 26 sig
365 461 28 26 på
415 461 71 24 saken,
503 460 69 21 skulle
587 461 89 20 ärendet
691 460 33 21 till
741 460 121 21 diskussion
878 461 39 20 och
934 460 94 21 definitiv

197 489 160 27 handläggning
379 489 121 27 föredragas
524 489 40 21 och
582 489 55 21 huru
653 491 27 19 än
696 489 94 20 beslutet
806 489 66 21 måtte
887 489 76 21 utfalla
978 495 50 14 vore

195 517 24 27 ju
236 518 55 21 dock
307 518 36 21 det
359 524 156 19 gemensamma
531 518 65 21 målet
610 517 152 22 fosterlandets
774 517 41 24 väl,
823 517 32 21 till
865 517 82 21 hvilket
955 517 73 27 hvarje

198 546 67 21 Stånd
289 549 24 19 är
328 547 93 26 skyldigt
439 549 32 18 att
487 546 114 21 medverka
617 547 54 20 efter
685 546 32 21 sin
734 546 62 21 bästa
811 546 55 26 åsigt
881 546 40 21 och
937 545 90 27 öfverty-

197 575 66 26 gelse,
280 578 55 18 samt
351 575 72 21 anhöll
439 574 49 22 herr
503 574 183 22 Talmannen
703 576 33 19 att
752 574 154 26 deputationen
923 574 64 21 måtte
996 574 31 21 till

199 603 36 21 det
251 604 106 26 vällofliga
372 604 180 26 Borgareständet
567 602 101 22 framföra
683 603 61 21 detta
759 602 109 22 äfvensom
885 603 112 27 uttrycken
1008 602 23 22 af

198 632 175 21 Presteståndets
395 632 87 27 aktning
506 632 38 21 och
561 632 81 21 önskan
661 634 33 18 att
709 632 73 20 städse
798 631 22 21 få
834 631 84 27 åtnjuta
934 632 35 20 det
985 631 44 21 väl-

199 660 71 28 lofliga
286 661 191 27 Borgareståndets
492 660 94 27 vänskap
602 660 40 21 och
657 660 128 21 förtroende.

269 718 156 27 Deputationen
442 717 97 22 afträdde
555 718 59 20 härå.

270 860 99 21 Härefter
391 861 138 26 återupptogs
543 861 132 26 justeringen
691 861 23 20 af
728 860 224 27 protokollsutdragen
969 861 60 20 öfver

200 889 174 22 Presteståndets
389 889 75 26 beslut,
480 889 70 22 hvilka
565 889 199 27 protokollsutdrag
773 889 22 21 af
802 889 89 22 Ståndet
899 889 130 26 godkändes.

270 1033 49 21 Med
343 1033 112 26 anledning
478 1033 22 21 af
520 1033 203 27 kontraktsprosten
740 1033 125 26 Wegelii
880 1033 99 21 anmälan
995 1039 34 15 om

200 1061 101 21 behofvet
323 1061 22 21 af
367 1067 25 15 en
415 1062 111 26 suppleant
541 1062 124 26 ytterligare
681 1061 33 21 till
730 1061 213 26 ekonomiutskottet,
960 1061 70 21 beslöt

200 1089 92 22 Ståndet
314 1089 91 21 tillsätta
427 1096 25 15 en
476 1090 56 26 dylik
556 1090 39 21 och
619 1090 49 21 herr
690 1090 190 21 Talmannen
895 1089 134 28 uppmanade

200 1117 101 22 Ståndets
317 1118 106 21 elektorer
435 1121 32 18 att
483 1118 47 21 med
546 1118 36 21 det
602 1120 96 19 snaraste
714 1118 88 27 möjliga
816 1118 7 21 i
838 1118 77 21 sådant
929 1118 100 21 afseende

199 1147 74 21 skrida
289 1147 32 20 till
337 1147 39 20 val.

271 1289 80 22 Härvid
374 1289 98 22 inträdde
488 1297 25 14 en
530 1291 125 26 deputation
671 1290 46 21 från
733 1290 166 25 Bondeståndet,
916 1289 75 22 anförd
1008 1290 23 21 af

200 1318 186 21 kommunalrådet
402 1319 18 20 A
429 1318 116 27 vellan,
561 1325 46 15 som
622 1319 95 26 vttrade:

230 1404 204 25 «Korkea-arvoisin
449 1404 63 21 herra
528 1405 82 26 Piispa!
635 1405 197 20 Korkea-arvoinen
848 1405 151 26 Pappissääty!

271 1461 140 21 Esiintuoden
427 1461 232 27 Talonpoikaissäädyn
680 1463 76 25 nöyrät
769 1462 24 26 ja
807 1461 132 27 ystävälliset
954 1461 75 21 tervei-

201 1491 38 24 set,
257 1490 83 20 meidän
357 1496 27 14 on
400 1490 74 20 asiana
490 1490 187 21 korkea-arvoisen
692 1490 160 27 Pappissäädyn
865 1490 91 21 tiedoksi
972 1492 57 19 saat-

200 1520 37 18 taa
253 1518 116 21 muutamia
385 1518 230 27 Talonpoikaissäädyn
632 1519 92 21 tekemiä
738 1519 114 26 päätöksiä
860 1518 169 22 rokotusasiassa
