1103 1803
227 122 42 21 666
441 128 164 18 Presteständet
616 130 59 16 1882.
699 131 27 16 23
738 135 65 12 mars.

198 198 38 20 het
252 198 48 21 med
324 197 55 21 hvad
396 198 67 26 tredje
479 198 66 21 budet
561 198 82 26 bjuder,
660 205 47 15 men
729 199 27 21 de
771 199 133 27 svärigheter
919 206 62 16 anser
993 200 38 27 jag

198 226 84 22 ändock
294 227 47 21 icke
351 233 51 14 vara
413 226 195 27 oöfvervinnerliga,
620 227 129 22 åtminstone
761 228 67 21 borde
840 228 108 28 sämycket
959 230 72 20 kunna

198 256 168 24 ästadkommas,
390 257 32 19 att
437 255 73 27 hvarje
532 258 50 18 sön-
603 255 39 21 och
665 256 129 27 högtidsdag
816 257 67 21 under
897 258 49 26 inga
961 258 70 21 vilkor

198 284 93 28 godståg
306 284 69 21 skulle
390 284 21 21 få
427 286 105 24 mottagas
548 284 39 21 och
604 284 131 26 expedieras.
758 285 42 27 Jag
815 285 56 21 inser
887 286 18 26 ej
919 286 68 21 heller
997 288 33 19 att

199 314 36 20 det
251 313 69 21 skulle
344 319 52 15 vara
410 312 23 22 sä
453 312 72 22 alltför
540 313 88 27 menligt
644 313 33 21 för
692 313 99 25 trafiken,
808 320 34 15 om
858 321 49 14 man
922 315 34 21 vid
971 315 58 26 järn-

199 344 68 25 vägen
284 342 27 26 pä
333 343 47 19 sön-
397 341 38 21 och
452 341 151 27 högtidsdagar
624 342 68 20 skulle
711 342 117 21 inskränka
843 343 89 21 trafiken
949 344 80 19 därhän

199 373 32 19 att
247 371 82 24 endast,
353 369 69 22 säsom
444 370 142 26 petitionären
610 370 71 27 begär,
705 371 101 25 antingen
826 373 30 19 ett
871 371 89 27 godstäg
982 371 47 21 frän

198 399 106 22 hvardera
321 399 136 26 ändpunkten
474 399 67 20 skulle
557 398 100 22 afsändas
673 399 51 21 eller
740 400 66 21 också
821 402 32 18 att
866 400 48 26 inga
925 400 104 21 blandade

199 429 37 25 täg
252 427 53 22 efter
324 427 28 21 kl.
375 428 6 20 9
397 427 28 27 pä
439 433 115 20 morgonen
570 427 70 22 skulle
655 428 131 26 expedieras.
810 428 71 21 Skulle
898 429 58 21 detta
971 430 58 20 möta

199 456 182 25 oöfvervinneliga
404 456 74 21 hinder
498 456 22 21 sä
536 457 23 20 är
576 457 32 20 väl
625 457 71 20 derom
714 457 110 26 ingenting
840 457 70 21 vidare
925 460 33 19 att
973 459 56 26 säga.

199 486 40 26 Jag
256 485 39 21 har
310 485 117 21 emellertid
443 484 57 21 velat
515 485 69 20 uttala
600 485 42 26 mig
658 485 22 21 ät
696 485 36 21 det
748 485 72 22 hället.

269 513 135 22 Beträffande
427 519 43 15 vice
493 516 72 23 pastor
580 513 113 22 Lindstedt
714 515 108 25 yttrande,
838 516 32 19 att
886 521 80 14 samma
982 514 53 21 hin-:

199 543 38 20 der
253 542 33 21 för
301 542 92 21 firandet
408 542 21 21 af
444 542 110 24 sabbaten,
570 549 46 14 som
635 542 113 27 föreligger
764 543 34 20 för
810 543 218 26 jernvägsarbetarne,

199 571 66 21 ocksä
288 577 49 20 eger
354 577 45 14 rum
422 571 48 20 med
486 571 97 20 arbetare
607 571 34 20 vid
658 571 104 26 ängbätar
779 571 38 21 och
835 572 46 20 med
897 572 131 26 postiljoner,

199 599 36 21 vill
256 599 38 27 jag
316 598 112 22 framhålla
451 601 32 19 att
499 599 35 21 det
557 599 55 21 dock
635 599 114 22 förefinnes
766 606 25 14 en
809 600 93 26 betydlig
924 600 105 21 skilnad
1018 594 14 36 i

199 628 60 21 detta
275 628 108 25 afseende,
399 631 22 23 ty
437 628 54 20 först
506 628 39 20 och
561 628 76 21 främst
649 630 24 19 är
689 628 36 21 det
740 628 22 24 ju
778 628 59 22 fallet
854 629 45 20 med
916 628 51 22 våra
978 629 51 27 äng-

199 656 204 26 bätsbesättningar,
425 659 32 18 att
473 656 25 21 de
514 658 36 19 äro
566 659 109 24 upptagna
691 657 76 21 endast
784 664 25 14 en
826 658 48 20 kort
890 657 33 21 del
939 657 22 21 af
975 658 53 25 året,

200 685 27 21 dä
241 685 213 27 jernvägsarbetarna
478 685 95 21 deremot
588 685 57 21 hälla
661 688 24 18 ut
700 686 46 20 frän
769 686 57 21 ärets
842 686 73 26 början
932 686 31 20 till
981 686 48 21 dess

199 714 53 21 sista
269 714 46 26 dag,
333 714 38 21 och
388 714 107 20 dessutom
514 716 23 18 är
552 714 36 20 det
604 714 59 21 fallet
679 714 47 21 med
743 714 148 26 besättningen
907 714 28 27 pä
949 714 78 27 ängbä-

199 744 41 24 tar,
257 742 129 22 ätminstone
401 742 27 27 pä
444 742 25 21 de
485 744 68 19 större
568 743 161 25 trafiklinierna,
740 745 33 18 att
784 743 26 20 de
822 743 32 20 vid
866 743 162 26 ändpunkterna

199 771 22 21 få
237 771 114 26 uppehålla
366 771 31 26 sig
413 771 49 20 flere
478 771 66 26 dagar
558 771 13 21 å
587 771 37 21 rad
640 772 6 20 i
662 772 107 23 städerna,
787 771 37 21 der
840 771 25 21 de
876 772 54 20 äro
919 767 11 35 i
944 771 83 22 tillfälle

199 802 33 19 att
249 799 55 22 både
320 799 80 22 besöka
415 799 81 27 kyrkan
512 799 38 22 och
567 806 50 15 vara
633 801 133 20 närvarande
783 800 33 21 vid
828 800 96 21 enskilda
934 801 93 26 uppbyg-

199 828 164 27 gelsetillfällen.
393 828 41 27 Jag
456 828 68 21 skulle
547 828 73 21 derför
642 829 91 24 anhålla,
750 831 33 18 att
799 829 89 20 Ståndet
910 829 69 26 skulle
995 831 32 19 ut-

199 857 45 21 tala
259 857 32 26 sig
310 857 3 20 i
330 863 81 15 samma
432 857 93 26 riktning
543 863 45 15 som
605 858 142 25 petitionären
763 857 6 20 i
786 857 32 21 sin
834 858 95 26 petition.
959 857 68 21 Önsk-

200 885 39 27 ligt
254 885 55 22 hade
325 886 54 21 varit
395 888 32 19 att
442 885 104 22 utskottet
562 886 54 21 hade
632 886 82 21 kunnat
729 886 90 21 uttänka
835 888 31 19 ett
881 885 74 26 medel,
966 886 62 21 hvar-

199 914 84 27 igenom
300 914 128 21 åtminstone
443 915 28 26 på
486 915 26 20 de
527 916 69 19 större
608 914 242 27 jernvägsstationerna,
862 914 27 21 då
900 915 60 20 dessa
971 915 56 26 ligga

199 943 28 26 på
243 943 74 26 längre
342 943 84 21 afstånd
449 943 45 21 från
512 943 88 26 kyrkan,
616 949 76 21 genom
712 943 216 27 jernvägsstyrelsens
944 943 83 26 försorg

199 972 121 27 gudstjenst
343 972 70 20 kunde
435 971 68 22 hållas
518 978 34 15 om
569 972 83 27 möjligt
675 972 73 27 hvarje
764 972 53 21 eller
832 972 127 21 åtminstone
975 972 52 21 hvar

199 1000 70 27 tredje
284 1001 52 20 eller
351 1000 66 27 fjerde
432 1001 85 26 söndag.
548 1001 41 20 Det
605 1001 70 21 kunde
691 1001 52 21 visst
759 1001 64 20 hafva
838 1000 45 21 sina
897 1000 130 27 svårigheter

200 1029 48 20 med
271 1029 98 21 afseende
386 1029 50 21 derå
452 1032 31 17 att
506 1029 159 27 presterskapet
687 1029 57 21 inom
761 1029 26 21 de
802 1029 97 24 socknar,
915 1029 38 21 der
968 1029 59 21 desse

199 1059 70 19 större
282 1057 203 27 jernvägsstationer
500 1059 36 19 äro
550 1057 96 27 belägna,
658 1058 40 20 kan
711 1058 63 20 hafva
785 1058 31 20 sin
828 1058 31 20 tid
871 1058 63 25 något
945 1059 83 25 strängt

199 1088 109 24 upptagen
330 1087 27 25 på
373 1087 137 25 söndagarne,
535 1093 46 14 men
596 1086 36 27 jag
648 1089 45 18 tror
709 1089 33 18 att
763 1092 55 19 man,
834 1086 129 21 åtminstone
982 1085 46 21 ofta

199 1120 49 20 nog,
264 1114 68 21 skulle
348 1115 71 20 kunna
435 1115 21 20 få
471 1114 31 21 till
518 1115 62 20 stånd
596 1115 119 26 gudstjenst
731 1114 35 21 vid
782 1115 79 20 sådana
872 1116 69 19 större
952 1114 75 21 statio-

199 1150 44 19 ner,
259 1143 72 22 hvilka
347 1144 84 21 befinna
449 1144 31 25 sig
495 1143 27 27 på
538 1143 62 26 långa
616 1143 84 21 afstånd
717 1143 47 21 från
780 1143 88 27 kyrkan,
884 1143 39 20 och
939 1143 38 21 der
993 1143 34 20 det

200 1172 83 22 således
299 1173 18 26 ej
333 1179 66 20 gerna
414 1173 40 20 kan
471 1173 85 20 komma
571 1172 74 26 ifråga,
661 1175 33 18 att
710 1173 40 20 den
768 1172 78 21 talrika
858 1172 170 26 arbetareperso-

199 1201 63 21 nalen
279 1201 67 22 skulle
362 1202 71 20 kunna
447 1201 85 21 komma
548 1201 32 20 till
596 1201 89 26 kyrkan.

269 1259 205 26 Kontraktsprosten
496 1258 64 21 Sten
575 1258 80 21 bäck:
678 1258 67 21 Tässä
768 1264 26 15 on
819 1259 94 23 sanottu,
936 1259 45 18 että
993 1257 35 26 jos

200 1288 142 21 valiokunnan
367 1289 97 20 esittämä
485 1287 140 26 loppupäätös
641 1286 187 27 hyväksyttäisiin,
845 1286 41 21 niin
903 1286 75 27 säädyt
993 1293 34 13 sa-

199 1317 66 20 malla
278 1317 137 26 julistaisivat
432 1322 138 15 maassamme
588 1316 99 26 löytyvän
701 1315 91 25 ihmisiä,
802 1315 72 26 joiden
885 1314 142 27 edellytetään

200 1346 130 21 tarvitsevan
346 1345 96 27 pyhittää
458 1345 110 26 lepopäivä
584 1345 124 20 ainoastaan
719 1344 78 21 kerran
809 1343 159 21 kuukaudessa.
986 1343 41 21 Va-

199 1374 116 21 liokunnan
333 1374 139 26 loppupäätös
495 1373 90 21 kuuluu:
610 1375 59 22 ,että
684 1372 148 21 Keisarillinen
850 1371 129 27 Majesteetti
994 1377 34 15 ar-

200 1409 71 14 mossa
294 1403 87 20 tahtoisi
401 1404 101 23 määrätä,
518 1404 45 19 että
579 1401 94 22 kullekin
689 1401 161 21 virkamiehelle
862 1401 23 26 ja
901 1399 126 28 palvelijalle

199 1431 80 21 valtion
295 1431 122 21 rautateillä
433 1431 178 26 myönnettäköön
626 1431 51 25 joka
693 1429 83 21 kolmas
792 1429 44 21 tahi
852 1428 66 26 neljäs
933 1434 94 14 sunnun-

199 1460 30 20 tai
246 1460 121 26 vapaaksi.*
399 1459 73 21 Minun
488 1466 26 14 on
530 1458 116 22 mahdoton
663 1458 100 23 käsittää,
777 1458 66 20 miten
854 1458 69 20 näistä
933 1456 95 21 sanoista

199 1488 34 21 voi
249 1488 54 21 tulla
325 1488 66 21 siiken
416 1488 134 26 päätökseen,
566 1488 52 20 ettei
641 1486 180 28 puheinaolevilla
837 1484 156 22 virkamiehillä
1005 1485 23 27 ja

199 1516 138 28 palvelijoilla
352 1516 47 21 olisi
415 1517 119 21 tilaisuutta
549 1516 71 21 muina
635 1516 142 26 pyhäpäivinä
792 1515 80 21 viettää
885 1513 144 27 jumalanpal-
