1103 1803
228 128 55 21 1086
448 133 162 18 Presteståndet
622 135 59 17 1882.
705 135 14 16 4
731 134 47 20 maj.

198 202 85 27 tavalla,
305 202 40 21 sitä
368 204 74 25 täytyy
465 205 123 18 suorastaan
612 202 75 28 epäillä
707 203 22 27 ja
747 202 76 27 epäillä
839 203 96 26 täydestä
950 204 77 24 syystä,

198 231 67 20 koska
287 231 97 27 säätyjen
406 231 96 21 edellistä
523 231 87 27 esitystä
632 232 20 20 ei
675 231 32 21 ole
729 231 135 27 hyväksytty.
895 231 26 21 Se
937 231 91 27 korjaus,

199 259 56 20 mikä
279 266 27 14 on
329 259 133 27 tarpeellista,
486 266 26 14 on
529 260 84 20 tehtävä
628 260 121 20 ainoastaan
767 260 77 20 uusilla
860 259 167 28 veroparseelien

198 288 140 20 sovituksilla.
364 288 49 20 Että
424 290 59 18 verot
493 290 70 18 tämän
575 288 104 27 nykyis:n
692 288 139 20 maksutavan
842 288 92 21 mukaan
946 288 82 20 olisivat

198 319 125 18 suorastaan
340 322 143 21 nousemassa,
498 323 22 14 se
537 323 27 14 on
580 317 118 26 erehdystä.
729 316 38 21 Jos
783 316 125 27 nykyisessä
924 318 105 19 määrässä

198 344 47 21 olisi
261 345 80 26 jotakin
358 344 69 26 liikaa,
441 345 49 26 joka
506 345 66 24 tekee,
588 347 42 18 että
644 346 82 26 jonkun:
742 347 86 18 tavaran
845 345 58 20 hinta
920 352 26 13 on
959 345 69 20 liiaksi

198 375 97 24 noussut,
317 373 44 20 niin
385 379 22 15 se
430 373 112 21 merkitsee
566 373 132 21 kumminkin
725 374 39 20 itse
787 374 78 20 asiassa
888 374 61 20 aivan
966 373 59 20 vähä.

198 401 111 21 Vuodesta
332 402 55 20 1840
411 402 110 27 verorupla
544 402 54 20 tosin
621 409 26 14 on
670 405 90 18 noussut
776 402 26 20 50
818 402 127 27 prosentilla,
961 404 67 18 mutta

198 436 22 15 se
242 436 26 14 on
294 430 44 20 niin
361 430 61 21 aivan
445 430 173 27 yksinkertainen
641 431 49 26 asia,
706 431 50 20 ettei
777 431 39 20 sitä
839 431 70 20 tuskin
929 430 99 21 tarvitsisi

198 458 118 21 miksikään
339 459 118 20 kummaksi
482 459 91 20 mainita.
603 459 105 21 Jokainen
725 460 68 24 tietää,
809 459 78 20 kuinka
903 461 125 18 suunnatto-

198 487 62 20 masti
277 487 45 20 sinä
338 487 75 21 aikana
429 489 80 19 tavarat
525 490 49 18 ovat
589 490 99 19 nousseet
704 488 100 20 hinnassa
818 487 22 27 ja
855 488 36 20 siis
902 488 65 20 rahan
978 493 49 14 arvo

199 521 27 14 on
249 515 106 27 laskenut,
377 516 64 27 jonka
462 516 110 27 maksajat,
586 517 50 26 jopa
651 516 208 27 talonpoikainenkin
877 517 65 20 kansa
959 515 68 21 vallan

200 544 83 26 hyvästi
299 546 123 25 ymmärtää.

267 572 60 21 Tuon
343 574 90 24 säästön,
448 573 48 27 joka
513 573 64 20 muka
592 573 58 21 tulisi
667 573 93 21 valtiolle
776 579 36 14 sen
830 573 78 26 kautta,
925 572 48 21 ettei
989 578 38 15 sen

199 601 100 20 tarvitsisi
322 601 56 27 pitää
402 602 78 20 mitään
505 602 196 20 makasiiniväestöä
723 602 57 26 jyviä
797 602 133 24 hoitamassa,
946 607 36 15 sen
999 607 27 14 on

199 629 124 21 valiokunta
345 630 39 20 itse
407 630 82 27 pitänyt
511 630 147 27 tarpeellisena
681 630 63 21 tehdä
767 630 175 25 olemattomaksi,
963 630 64 20 koska

199 658 124 20 valiokunta
347 658 109 21 kuitenkin
481 659 68 25 vaatii,
572 660 42 19 että
633 659 85 20 kruunu
733 659 78 26 jättäisi
828 659 79 20 useissa
923 658 104 27 paikoissa

199 686 119 27 maksajille
340 686 70 21 vallan
426 687 100 21 suorittaa
541 687 116 21 luonnossa
673 687 143 21 kohtuullisen
833 687 80 21 hinnan
929 686 98 26 mukaan,

197 715 58 26 joten
273 715 36 20 siis
324 715 138 27 makasiineja
476 716 20 26 ja
512 716 139 20 makasiinien
667 716 85 27 hoitajia
768 716 135 19 kumminkin
919 716 108 19 tarvitaan.

198 743 131 22 Valiokunta
353 750 26 14 on
403 746 55 18 tässä
481 744 89 27 kohden,
592 745 130 20 saadakseen
738 744 45 20 niin
799 746 71 18 monta
885 744 75 20 miestä
976 744 51 20 kuin

198 771 136 21 mahdollista
359 773 162 20 kannattamaan
539 773 146 26 ehdotustaan,
701 773 121 20 kumonnut
837 779 62 14 oman
915 772 112 27 perustuk-

198 806 68 15 sensa.
292 801 27 20 Ja
335 801 43 20 kun
396 801 120 20 valiokunta
532 807 71 20 sanoo,
619 803 42 19 että
677 808 43 14 nuo
735 801 116 20 luonnossa
866 801 103 26 maksajat
981 807 46 14 saa-

199 831 34 18 vat
249 829 102 21 suorittaa
367 836 88 14 veronsa
471 845 9 10 ,
484 829 141 22 kohtuullisen
642 830 80 21 hinnan
739 830 103 20 mukaan"
859 842 26 2 —
901 835 23 15 se
935 829 19 21 ei
965 835 60 14 sano:

199 857 131 21 verohinnan
355 858 91 20 mukaan
471 871 26 2 —
520 859 43 19 niin
587 859 105 20 tokkohan
715 859 47 20 sitte
783 858 102 27 maksajat
901 860 71 18 saavat
988 858 39 20 itse

198 886 65 20 tehdä
286 886 142 26 arviolaskun,
451 889 66 18 mutta
536 893 22 14 se
581 887 19 20 ei
623 887 48 20 aina
685 887 57 21 liene
759 887 87 20 korkein
862 887 92 20 kohtuus
970 893 57 14 maa-

197 914 92 21 ilmassa.
315 914 88 21 Muuten
421 922 25 13 on
463 915 91 27 provasti
570 915 60 28 Hjelt
644 916 20 27 jo
681 916 57 20 asian
756 915 43 20 niin
816 915 85 21 tarkasti
913 915 114 26 selittänyt,

198 943 49 20 ettei
265 943 73 20 minun
355 944 85 20 tarvitse
456 944 66 20 siihen
539 944 77 21 mitään
633 947 73 18 muuta
722 945 66 20 lisätä.

267 1001 89 20 Prosten
377 1000 189 27 Rosengren:
597 1001 41 21 Det
654 1003 22 18 är
693 1001 123 26 visserligen
832 1001 66 27 enligt
913 1001 44 20 min
974 1007 52 21 upp-

197 1029 92 26 fattning
315 1029 35 20 det
372 1029 148 27 rationellaste,
543 1033 29 17 att
590 1030 82 21 skatten
689 1030 80 21 botalas
785 1030 6 19 i
807 1030 118 27 penningar
942 1029 39 21 och
997 1032 30 18 att

197 1057 100 27 beloppet
319 1059 23 19 är
363 1057 91 21 fixeradt
475 1058 31 20 för
528 1058 70 25 nägon
622 1059 41 19 viss
687 1058 115 27 tidsperiod
825 1058 6 20 i
854 1058 82 25 sender,
951 1060 23 23 ty
990 1058 35 20 det

197 1085 70 21 skulle
283 1085 144 21 åstadkomma
444 1086 88 26 mycken
550 1087 50 20 reda
615 1087 6 20 i
634 1089 80 18 statens
729 1086 143 27 räkenskaper
881 1088 30 19 att
922 1086 104 20 bestämdt

198 1116 53 23 veta,
267 1115 55 20 huru
337 1117 44 18 stor
396 1121 82 14 summa
493 1117 67 18 staten
577 1115 41 20 kan
634 1115 93 27 påräkna
742 1115 46 20 från
805 1114 35 21 det
855 1115 39 20 och
910 1114 35 21 det
962 1114 63 21 hållet

197 1143 39 20 och
263 1143 123 26 derigenom
409 1143 68 21 skulle
497 1143 62 21 äfven
582 1144 125 27 regeringen
731 1143 77 21 befrias
829 1143 47 20 från
892 1143 31 20 sin
941 1143 85 26 mycket

197 1171 121 28 oegentliga
341 1171 100 27 ställning
456 1175 30 18 att
496 1179 49 14 vara
556 1172 230 27 spannmålshandlare.
816 1171 49 21 Men
883 1172 68 20 under
966 1172 59 20 miss-

197 1200 76 20 växtår
288 1200 69 21 skulle
374 1200 45 21 vårt
433 1200 49 21 land
498 1201 65 20 likväl
578 1201 50 20 råka
644 1201 6 20 i
661 1207 25 14 en
698 1201 81 27 ganska
790 1200 93 27 olycklig
894 1200 131 27 belägenhet,

197 1235 33 13 om
256 1229 125 26 regeringen
406 1229 18 27 ej
448 1229 68 20 skulle
539 1229 71 21 kunna
634 1229 136 27 understödja
786 1229 26 20 de
828 1229 85 25 trakter,
928 1235 45 14 som
989 1231 36 18 äro

197 1257 74 26 bragta
286 1257 7 20 i
309 1257 48 25 nöd,
373 1264 76 20 genom
465 1260 29 18 att
510 1258 6 20 i
529 1258 45 20 sina
590 1258 119 27 magasiner
725 1258 63 21 hafva
803 1257 111 27 spannmål
930 1257 32 20 för
978 1257 47 21 dess

197 1285 70 21 bebof.
299 1285 42 27 Jag
362 1292 62 15 anser
439 1289 29 18 att
484 1286 68 21 denna
568 1287 156 26 omständighet
739 1288 23 19 är
778 1286 119 27 egentligen
915 1286 40 21 den
973 1289 52 18 mest

197 1313 128 27 betydande,
347 1315 39 20 och
408 1315 44 26 just
473 1315 32 20 för
528 1315 44 21 den
590 1315 56 20 skull
667 1315 41 21 kan
731 1315 36 27 jag
787 1315 18 27 ej
822 1317 65 18 annat
901 1316 26 19 än
945 1314 80 21 biträda

197 1345 166 18 reservanterna.
393 1343 42 21 Det
456 1343 67 28 ligger
545 1344 7 19 i
574 1344 76 20 sakens
671 1346 69 23 natur,
762 1345 30 19 att
813 1343 43 21 förr
878 1343 52 20 eller
951 1349 74 15 senare

197 1371 67 21 mäste
280 1371 63 21 ocksä
359 1371 69 21 denna
444 1372 58 27 fräga
518 1372 71 21 ställas
604 1372 25 27 pä
645 1379 26 14 en
687 1372 87 21 enklare
790 1371 39 22 och
846 1371 127 27 naturligare
989 1372 36 25 fot,

197 1399 35 21 det
254 1400 37 20 vill
307 1402 56 25 säga,
378 1400 106 21 skatterna
500 1401 64 20 blifva
581 1401 107 21 bestämda
704 1401 6 20 i
726 1401 124 27 penningar,
866 1402 21 25 ty
903 1401 121 26 penningen

197 1431 158 24 representerar
369 1429 28 20 all
413 1429 55 27 slags
483 1429 151 27 förmögenhet,
650 1430 38 20 och
704 1431 24 19 är
743 1429 136 26 begvämaste
891 1429 39 20 och
942 1429 82 20 lättaste

197 1463 65 14 varan
284 1459 30 18 att
337 1456 52 22 bäde
413 1459 104 25 emottaga
537 1458 39 20 och
598 1458 61 26 gifva.
690 1458 89 20 Prosten
795 1457 60 27 Hjelt
870 1457 109 21 anmärkte
995 1459 30 17 att

196 1485 164 27 konsegvensen
377 1486 20 20 af
410 1486 56 20 detta
482 1486 88 27 förslags
586 1487 118 27 antagande
720 1486 76 24 blefve,
812 1488 30 18 att
857 1486 61 20 äfven
935 1487 90 30 prester-

196 1512 76 28 skapet
295 1514 39 20 och
357 1514 101 21 domarne
482 1514 64 22 borde
568 1498 131 49 förpliktigas
714 1518 30 18 att
760 1517 105 25 emottaga
881 1514 46 21 sina
942 1514 60 20 löner
1018 1514 6 19 i
