1103 1803
231 128 43 21 724
454 134 163 17 Presteständet
630 134 57 16 1882.
712 134 12 16 3
738 134 60 20 april.

272 202 145 27 Domprosten
441 202 143 21 Renvall:
608 202 45 27 Mig
675 202 110 22 förefaller
806 202 36 22 det
863 202 46 22 litet
931 203 58 21 svårt
1003 204 32 20 att

201 232 75 20 bifalla
293 232 40 20 den
356 231 24 21 af
393 230 49 22 herr
458 230 131 22 Talmannen
611 231 127 21 framstälda
753 231 168 27 propositionen.
951 231 40 22 Om
1007 236 28 16 nu

202 260 32 27 nej
252 260 69 21 skulle
337 266 68 20 segra,
421 260 36 20 det
472 260 36 20 vill
524 261 57 25 säga,
598 266 34 14 om
648 259 91 22 Ståndet
754 260 48 20 icke
825 260 68 21 skulle
916 260 73 21 bifalla
1002 258 33 23 till

200 290 43 20 den
259 288 24 22 af
297 289 160 25 borgmästaren
474 288 80 27 Nystén
576 288 119 26 framlagda
709 288 153 27 förändringea
878 288 23 21 af
915 288 118 27 Kejserliga

200 318 170 26 propositionen,
395 316 85 22 hvilken
500 317 181 27 Borgareståndet
697 317 40 21 har
753 317 107 25 omfattat,
877 318 23 20 så
916 318 67 20 skulle
1000 323 35 15 en-

202 346 39 25 ligt
258 346 70 21 denna
344 345 22 21 af
380 345 49 21 herr
450 345 132 21 Talmannen
599 345 125 21 framstälda
742 346 141 25 proposition,
899 346 68 20 såsom
984 346 51 20 kon-

201 374 170 27 traproposition
394 376 44 19 mot
453 374 51 20 herr
519 374 91 26 Nysténs
631 375 131 20 reservation
784 376 112 24 uppsättas
912 374 122 26 någonting,

202 409 46 15 som
264 404 66 20 redan
351 403 39 20 har
406 403 70 20 blifvit
492 402 126 26 förkastadt,
635 403 26 20 då
677 402 73 25 frågan
764 402 68 21 första
842 403 82 26 gången
936 409 37 14 var
983 403 52 20 före.

203 432 42 21 Det
261 431 24 22 af
306 431 144 21 öfverläraren
472 431 101 21 Kihlman
597 431 64 21 redan
685 431 35 20 vid
736 433 31 19 ett
788 431 127 26 föregående
930 437 105 16 samman-

202 460 63 21 träde
286 460 75 27 gjorda
384 460 107 27 förslaget,
514 460 79 20 hvilket
616 463 91 23 upptogs
730 460 71 21 såsom
826 460 209 27 kontraproposition

203 492 45 17 mot
273 489 117 21 utskottets
407 489 140 23 betänkande,
574 495 47 14 men
647 488 44 21 blef
715 488 27 21 då
764 488 122 22 förkastadt
913 489 68 21 skulle
1007 495 28 15 nu

202 518 88 20 komma
305 523 46 16 som
373 517 210 27 kontraproposition
608 521 44 17 mot
668 517 50 21 herr
734 516 92 27 Nysténs
850 517 130 21 reservation
995 517 40 22 och

203 546 193 26 Borgareståndets
417 546 77 21 beslut.
525 546 65 20 Detta
614 546 69 21 skulle
705 545 57 27 gifva
779 545 114 27 anledning
908 546 33 21 till
957 548 32 19 att
1004 546 31 21 äf-

203 581 39 14 ven
258 574 68 21 andra
347 574 171 21 modifikationer
533 573 21 21 af
568 574 192 26 Borgareståndets
778 574 70 21 beslut
864 574 70 21 kunde
950 575 86 21 komma

204 603 68 21 under
288 602 127 22 diskussion.

273 660 43 21 För
332 662 33 19 att
380 660 92 21 undvika
488 660 155 24 missförstånd,
660 659 48 21 ville
725 660 50 23 herr
796 660 185 21 Talmannen
1003 662 30 25 yt:

203 689 102 25 terligare
327 689 118 23 framhålla,
467 690 32 20 att
514 689 36 20 det
566 688 114 26 ingalunda
702 694 37 15 var
756 688 52 21 hans
832 689 55 26 åsigt
903 690 32 19 att
950 688 84 27 inbjud-

203 719 76 24 ningar
295 718 6 19 i
317 717 117 21 allmänhet
451 718 47 20 icke
513 717 70 20 kunde
599 717 66 20 delvis
680 716 92 27 bifallas,
789 717 27 20 dä
832 717 26 21 de
868 717 107 21 innehålla
985 717 50 21 flere

204 748 101 23 moment,
322 745 22 22 af
358 745 71 22 hvilka
445 745 65 27 något
526 745 52 21 eller
593 746 67 26 några
676 751 51 15 vore
743 745 21 21 af
780 746 40 21 den
836 745 152 26 beskaffenhet,
1004 748 31 19 att

204 775 26 20 de
247 775 71 20 kunde
334 775 73 26 läggas
423 774 33 21 till
472 773 67 28 grund
555 773 33 22 för
604 776 31 19 ett
651 774 75 21 beslut.

275 832 83 21 Doktor
383 831 193 22 Nordström:
604 831 71 26 Enligt
700 831 43 20 min
770 831 134 27 uppfattning
927 837 37 15 var
986 831 50 21 herr

203 860 133 21 Talmannen
352 861 5 20 i
375 860 30 21 sin
429 860 55 27 goda
509 862 49 23 rätt,
583 860 27 21 då
627 859 40 21 han
690 859 28 27 på
733 860 71 26 grund
820 860 23 21 af
857 860 39 20 den
916 859 119 28 åberopade

203 889 131 26 paragrafen
351 889 7 20 i
373 889 24 21 L.
414 889 25 21 O.
455 891 101 18 motsatte
572 889 32 24 sig
621 889 145 26 upptagaudet
782 889 23 20 af
819 895 25 14 en
860 888 66 27 fråga,
942 895 45 14 som
1003 895 33 14 re-

204 919 41 20 den
263 918 24 21 af
301 917 90 22 Ståndet
414 917 38 21 har
468 917 70 21 blifvit
560 917 116 21 förkastad.
707 917 42 27 Jag
768 917 70 21 skulle
864 917 71 21 derför
951 917 84 22 föreslå.

203 949 33 18 att
252 947 133 26 proposition
402 947 74 20 endast
489 946 68 21 skulle
568 945 128 21 framställas
707 946 111 25 angående
830 945 57 22 bifall
899 946 32 20 till
943 946 52 21 eller
1005 946 31 21 af-

205 976 46 25 slag
267 976 27 25 pä
309 975 192 26 Borgareständets
522 974 145 21 framkastade
686 974 86 27 förslag.
802 975 45 20 Den
861 974 48 21 utaf
923 975 112 20 öfverlära-

204 1010 38 15 ren
259 1003 100 22 Kihlman
377 1003 33 21 vid
426 1010 25 14 en
468 1003 127 27 föregäende
616 1003 79 21 session
712 1003 126 21 framstälda
853 1003 81 26 äsigten
951 1005 24 19 är
990 1003 46 21 icke

205 1033 66 26 något
287 1032 185 25 tillmötesgående
488 1032 21 21 af
524 1032 191 26 Borgareständets
730 1032 97 21 uttalade
840 1031 86 22 önskan.
949 1032 38 21 Ett
1000 1032 33 21 nä-

204 1061 107 25 gorlunda
335 1061 111 20 enahanda
469 1061 79 25 förslag
566 1067 45 14 som
632 1060 143 21 öfveriäraren
792 1060 111 21 Kihlmans
919 1060 38 21 har
973 1060 64 21 också

205 1089 71 21 blifvit
299 1089 69 26 afböjt
388 1089 57 20 inom
468 1088 186 27 Borgareständet.
685 1088 73 26 Några
780 1089 67 20 andra
863 1088 79 27 förslag
957 1088 32 21 till
1005 1090 31 19 ett

204 1118 89 26 partielt
314 1117 58 21 bifall
395 1117 32 21 till
450 1117 191 26 Borgareständets
665 1117 80 26 förslag
768 1117 62 20 hafva
854 1117 46 21 icke
924 1117 38 21 här
978 1117 57 21 inom

205 1147 92 20 Ständet
313 1146 69 21 blifvit
404 1145 132 22 framhällna.
567 1146 40 25 Jag
623 1145 67 21 skulle
706 1145 86 22 derföre
808 1146 7 20 i
831 1146 66 21 likhet
914 1147 46 20 med
976 1146 59 21 dom-

203 1178 90 23 prosten
309 1174 89 21 Renvall
415 1175 84 24 föreslä,
516 1177 32 18 att
564 1174 159 27 propositionen
740 1174 18 27 ej
772 1175 69 20 skulle
856 1175 56 26 gälla
927 1175 66 20 annat
1008 1177 27 18 än

203 1203 60 22 bifall
281 1203 31 22 till
329 1204 52 20 eller
396 1203 68 26 afslag
480 1203 27 26 pä
522 1203 192 27 Borgareständets
730 1203 107 21 anhållan.

276 1261 88 21 Prosten
386 1261 98 25 Hjelt:
510 1260 181 27 Borgareständet
712 1260 39 21 har
766 1260 92 26 inbjudit
876 1260 159 22 Presteständet

204 1292 33 19 att
253 1289 74 26 frångå
343 1289 36 21 det
395 1289 76 23 beslut,
487 1295 45 15 som
548 1289 90 21 Ständet
654 1289 63 20 fattat
732 1289 6 20 i
755 1288 74 27 frågan
841 1295 34 15 om
887 1289 162 21 ränteaftalets
1041 1284 12 36 -

205 1317 65 22 frihet
286 1318 39 21 och
341 1317 79 22 uttalat
441 1318 40 21 den
500 1318 87 25 önskan,
604 1320 32 19 att
651 1317 163 22 Presteständet
829 1317 49 21 ville
893 1317 92 22 omfatta
1000 1318 34 21 det

205 1347 78 24 beslut,
299 1347 7 20 i
322 1347 81 20 hvilket
419 1347 35 20 det
470 1346 39 21 har
530 1349 92 18 stannat.
652 1346 46 21 Här
714 1346 67 26 gäller
796 1346 82 21 således
894 1346 19 27 ej
929 1349 64 18 annat
1009 1349 25 18 än

206 1379 32 18 att
254 1375 101 26 antingen
379 1377 76 24 antaga
479 1375 150 26 inbjudoingen
653 1375 51 20 eller
720 1375 72 26 afböja
809 1375 122 20 densamma
946 1375 38 21 och
1000 1381 36 20 ge-

206 1411 49 14 nom
272 1405 59 20 detta
347 1403 113 27 afböjande
476 1404 98 24 förklara,
592 1406 32 18 att
640 1403 162 21 Presteständet
817 1403 104 21 vidblifvit
931 1403 38 22 sitt
979 1404 56 20 förra

205 1433 77 20 beslut.
314 1433 48 20 Men
379 1435 32 17 att
426 1433 70 20 säsom
512 1432 143 21 öfverläraren
669 1432 100 20 Kihlman
781 1431 110 27 föreslagit
902 1434 56 18 sätta
971 1432 64 25 nägot

205 1464 48 23 nytt
269 1462 6 20 i
292 1461 71 21 stället
387 1460 34 21 för
437 1461 35 20 det
492 1460 76 25 beslut,
584 1461 5 20 i
606 1460 81 21 hvilket
702 1460 163 21 Presteständet
888 1462 92 23 stannat,
996 1460 39 20 och

205 1490 89 26 inbjuda
318 1490 180 26 Borgareständet
522 1492 32 18 att
570 1491 77 24 antaga
665 1489 61 21 detta
742 1495 50 15 vore
809 1488 32 22 väl
858 1495 33 15 om
907 1489 65 27 nägot
987 1489 48 21 stri-
