1103 1803
232 130 41 22 848
448 135 162 17 Presteståndet
622 136 59 17 1882.
705 136 25 17 21
742 136 63 20 april.

203 204 24 21 så
250 204 63 22 berör
336 204 59 21 detta
414 204 63 27 ingen
493 205 73 20 vidare
581 206 27 20 än
624 204 26 21 de
665 210 111 22 personer,
797 210 39 16 som
849 204 36 28 för
902 203 133 27 ögonblicket

204 232 22 22 få
247 233 20 21 af
287 232 156 28 billighetsskäl
466 233 68 21 denna
554 239 83 15 summa
652 234 31 26 sig
699 233 105 21 tilldelad.
834 233 63 21 Ännu
912 232 123 28 ytterligare

204 262 39 21 har
263 268 49 14 man
328 261 116 22 framhållit
458 264 32 18 att
506 262 118 21 rusthållen
641 262 46 20 icke
703 262 69 21 skulle
789 262 71 20 kunna
875 262 33 21 för
922 260 113 23 framtiden

205 290 52 21 bära
280 290 40 22 den
343 290 65 26 skatt,
430 296 45 15 som
499 290 47 21 dem
568 290 79 22 ålades.
678 290 46 21 Den
748 290 128 26 föregående
897 290 82 22 talaren
998 290 38 20 har

204 318 66 22 redan
294 318 93 27 påpekat
409 321 32 19 att
462 319 6 21 i
491 318 37 22 bra
549 320 77 26 många
646 318 36 22 fall
699 319 158 21 rusthållarene
873 318 68 22 skulle
956 318 32 22 stå
1004 318 31 26 sig

204 348 82 25 ganska
309 348 40 25 väl,
370 347 39 21 och
425 354 50 14 vore
492 348 35 20 det
542 347 46 21 icke
604 348 60 20 fallet
680 348 48 20 med
744 348 101 20 afseende
861 347 12 21 å
889 348 39 20 den
945 348 46 20 dem
1007 353 28 15 nu

205 375 106 21 bokförda
326 377 82 22 räntan,
423 375 23 21 så
462 375 68 22 skulle
542 376 151 26 förmedlingen
705 375 65 22 ställa
782 376 46 21 dem
840 376 6 21 i
857 375 88 27 ungefär
955 381 80 15 samma

205 404 102 27 ställning
321 410 45 15 som
383 405 84 25 vanliga
483 405 176 20 skattehemman.
683 404 133 27 Ytterligare
831 404 39 21 har
885 411 48 14 man
944 404 93 27 påpekat

204 434 35 19 att
259 439 76 20 genom
356 433 41 21 den
419 433 39 21 här
476 433 126 26 ifrågasatta
617 433 103 27 åtgärden
737 433 168 27 grundskattens
920 432 115 28 aflyftande

206 467 57 20 vore,
284 467 35 15 om
339 461 46 22 icke
401 461 153 28 omöjliggjord,
571 461 23 22 så
609 461 130 22 åtminstone
755 462 7 20 i
778 461 66 25 högre
860 462 52 26 grad
927 461 108 21 försvårad

206 490 40 21 och
266 490 103 27 derjemte
385 490 60 21 äfven
462 490 141 27 öfvergången
620 490 32 21 till
668 497 26 14 en
710 490 219 26 förmögenhetsskatt
945 490 5 21 i
966 489 71 22 stället

205 518 34 21 för
260 519 135 26 grundskatt.
425 519 43 20 Det
491 519 60 21 torde
570 525 26 15 nu
614 525 50 15 vara
679 521 76 18 nästan
772 519 79 25 säkert,
868 521 31 19 att
914 519 72 26 frågan
1003 524 34 15 om

208 547 167 25 grundskattens
396 546 114 28 aflyftande
534 547 38 21 hos
594 554 34 15 oss
648 547 45 21 icke
714 547 28 27 på
761 547 49 26 lång
828 548 31 21 tid
875 547 41 21 kan
931 547 84 21 komma
1031 547 6 20 i

206 575 66 27 fråga.
296 576 43 20 För
353 582 53 20 egen
417 576 33 20 del
462 576 42 20 kan
514 576 35 26 jag
560 576 45 21 icke
616 576 40 21 alls
666 576 116 20 instämma
794 576 6 20 i
811 577 65 26 något
885 576 94 26 yrkande
991 575 45 21 der-

207 603 42 25 för;
267 610 46 14 men
330 604 61 21 äfven
409 610 32 15 om
458 605 36 20 det
509 611 50 14 vore
576 604 82 27 möjligt
671 607 32 18 att
714 604 56 21 efter
781 610 25 15 en
818 604 73 26 längre
902 604 42 21 tids
955 604 82 26 förlopp

207 632 74 26 aflyfta
305 632 69 22 denna
393 633 135 27 grundskatt,
549 633 22 21 så
593 634 61 20 torde
676 633 36 21 det
728 639 52 15 vara
795 634 78 25 säkert,
889 635 32 19 att
936 633 39 21 den
991 632 46 21 icke

207 660 85 22 komme
313 663 32 19 att
360 661 120 21 förvandlas
496 662 32 20 till
544 668 25 14 en
585 662 153 20 inkomstskatt
755 664 52 18 utan
823 662 44 21 helt
882 662 72 20 säkert
970 660 66 22 skulle

208 690 141 20 statsmakten
365 696 22 15 se
403 690 32 27 sig
450 693 92 24 tvungen
558 692 32 19 att
606 693 50 23 taga
671 690 40 21 den
728 689 92 22 tillbaka
835 691 5 20 i
857 690 52 21 form
926 690 22 21 af
961 690 76 21 förmö-

208 718 155 26 genhetsskatt,
386 718 39 21 och
448 725 25 14 en
496 719 66 20 sådan
584 719 58 20 skatt
661 718 69 21 skulle
747 719 28 20 dä
791 719 33 20 vid
841 718 140 27 öfvergången
998 718 39 21 alls

208 747 46 20 icke
270 753 51 14 vara
337 747 85 21 svårare
437 749 32 19 att
484 748 148 20 åstadkomma
647 746 46 22 från
710 747 119 21 rusthållen
845 749 27 18 än
887 747 45 21 från
949 747 25 20 de
989 753 48 14 van-

208 775 43 26 liga
266 775 204 22 skattehemmanen.
501 776 67 21 Dessa
584 777 77 20 tvänne
672 782 27 14 nu
711 775 70 21 skilda
790 775 169 27 jordkategorier
971 775 67 21 skulle

209 803 89 26 ungefär
320 805 33 20 stå
369 804 5 20 i
390 810 81 15 samma
487 804 133 21 förhållande
636 805 31 20 till
684 805 40 20 den
740 805 73 26 gamla
828 804 154 27 grundskatten
999 803 38 22 och

209 833 39 20 den
273 839 42 20 nya
337 833 250 26 förmögenhetsskatten.
618 833 53 21 Hela
693 833 105 26 åtgärden
821 839 60 21 synes
903 833 43 26 mig
969 832 69 21 derför

209 860 103 21 innebära
335 867 24 15 en
382 861 131 21 allmännare
532 862 106 25 reglering
654 861 50 22 eller
720 861 128 26 förmedling
863 861 22 21 af
897 861 140 26 jordskatten,

208 889 67 21 sådan
291 889 39 21 den
347 896 29 14 nu
392 889 89 22 faktiskt
496 892 24 19 är
536 890 38 21 och
591 893 30 18 ett
637 890 123 21 sträfvande
776 892 32 19 att
823 892 52 25 göra
890 890 40 21 den
943 890 95 26 jemnare

208 917 97 22 fördelad
320 918 89 26 ungefär
424 919 26 26 på
467 919 40 21 den
522 919 110 27 grundval,
649 925 44 15 som
710 919 105 21 användts
832 919 32 20 för
880 919 119 20 tvåhundra
1014 918 24 21 år

209 946 72 27 sedan,
305 946 70 21 förrän
400 947 25 22 de
448 948 122 21 nuvarande
590 947 116 21 rusthållen
726 947 112 26 skapades.
870 947 30 21 På
916 947 60 21 dessa
992 947 46 20 skäl

209 981 62 20 synes
294 975 35 21 det
352 976 43 26 mig
417 982 49 15 vara
484 976 24 21 af
521 978 45 19 stor
581 977 49 26 vigt,
646 978 31 19 att
693 977 41 20 den
750 976 145 26 föreliggande
911 975 101 27 paragraf
1026 977 12 19 7

210 1003 47 22 icke
277 1004 123 25 godkännes
420 1005 6 20 i
448 1005 40 20 den
509 1005 52 21 form
578 1005 40 21 den
634 1011 28 14 nu
678 1005 45 24 har,
739 1007 51 18 utan
808 1007 32 18 att
856 1004 90 21 derifrån
963 1004 76 21 åtmin-

207 1034 64 19 stone
288 1033 108 26 borttagas
412 1033 159 26 bestämningen
588 1039 33 16 om
638 1036 31 19 att
683 1033 37 21 det
732 1033 136 22 återstående
879 1033 160 27 räntebeloppet

210 1060 132 22 fortfarande
363 1061 124 21 oafkortadt
509 1062 68 21 skulle
599 1061 161 27 tillgodonjutas
782 1062 22 20 af
821 1061 117 21 rusthållen
954 1061 38 21 och
1008 1063 31 19 att

210 1089 161 21 statsutskottet
391 1089 67 22 skulle
480 1090 80 21 erhålla
580 1091 5 20 i
604 1090 95 27 uppdrag
715 1092 33 19 att
764 1091 98 20 närmare
878 1089 73 28 pröfva
966 1089 73 27 frågan

210 1117 40 21 och
271 1117 118 28 framlägga
411 1119 65 26 något
497 1118 79 27 förslag
599 1119 30 20 till
651 1119 123 25 ständerna,
789 1119 82 20 hvilket
886 1118 67 21 måste
968 1118 71 21 kunna

209 1145 120 28 föreläggas
352 1147 59 20 Ians
435 1147 107 26 Majestät,
564 1147 68 22 såsom
656 1147 100 22 anhållan
780 1153 33 15 om
834 1153 26 15 en
875 1147 164 26 undersökning,

209 1174 40 21 och
267 1175 68 21 såsom
347 1175 102 27 grundval
462 1175 34 22 för
506 1178 31 19 ett
548 1176 78 27 förslag
638 1176 32 21 för
683 1175 252 22 nästsammanträdande
947 1175 92 22 ständer.

280 1233 143 26 Domprosten
445 1233 145 21 Renvall:
620 1233 44 21 Min
687 1233 55 26 åsigt
766 1235 24 19 är
809 1233 86 21 alldeles
911 1234 88 19 motsatt
1015 1233 26 20 de

210 1262 79 19 tvänne
311 1261 129 26 föregående
462 1262 64 21 ärade
549 1262 110 21 talarenes.
694 1261 44 27 Mig
762 1268 63 20 synes
848 1268 43 15 som
915 1267 34 15 om
972 1261 69 21 denna

210 1289 102 26 paragraf
331 1295 50 16 vore
403 1290 40 21 den
465 1290 61 21 bästa
548 1290 83 26 lösning
652 1291 23 20 af
693 1291 26 20 de
735 1293 46 18 mot
796 1290 121 21 hvarandra
933 1289 108 22 stridande

211 1318 104 21 intressen
338 1324 45 15 som
407 1320 69 20 staten
500 1319 38 21 och
560 1319 194 26 rusthållsegarene
770 1325 62 15 anses
848 1318 67 21 hafva.
947 1319 41 20 Det
1004 1319 38 20 har

210 1347 79 26 yttrats
312 1346 61 22 äfven
390 1347 6 20 i
413 1347 59 21 detta
488 1347 67 22 Stånd
570 1347 45 22 dels
632 1350 100 24 öppnare,
748 1347 47 22 dels
810 1348 6 20 i
832 1347 107 22 förtäckta
955 1347 87 26 ordalag

211 1377 33 18 att
265 1375 118 21 rusthållen
403 1376 69 21 skulle
487 1376 87 21 alldeles
591 1377 115 26 obefogadt
722 1376 90 27 åtnjutit
827 1377 26 20 de
868 1375 112 27 förmåner,
996 1382 45 15 som

211 1403 26 21 de
261 1403 76 22 hittills
357 1404 46 21 haft
425 1405 39 20 och
487 1405 31 21 uti
540 1405 40 21 den
600 1405 156 27 stormlöpning
780 1411 48 15 man
850 1406 57 20 emot
925 1404 117 21 rusthållen

211 1432 62 26 gjort,
295 1434 34 19 vet
347 1439 50 14 man
419 1433 18 27 ej
455 1433 55 21 huru
526 1439 48 15 man
592 1439 27 15 nu
634 1433 54 21 skall
703 1433 75 21 kunna
793 1433 86 21 komma
895 1433 22 21 åt
932 1433 54 21 både
1003 1433 40 20 den

211 1466 41 15 ena
268 1461 39 21 och
323 1461 67 21 andra
405 1461 23 21 af
442 1462 61 21 dessa
518 1461 114 22 förmåner.
656 1462 41 20 Det
713 1464 25 19 är
754 1462 84 21 således
854 1462 18 26 ej
888 1467 42 21 nog
945 1463 31 19 att
987 1463 56 19 rust-

211 1488 72 22 hållen
305 1496 28 14 nu
356 1489 61 22 skola
439 1490 48 21 fullt
510 1490 71 22 betala
601 1491 41 21 den
660 1490 233 28 rustningsskyldighet
909 1490 25 21 de
949 1490 58 20 förut
1021 1489 22 21 in

211 1518 78 21 natura
304 1518 88 27 utgjort,
409 1524 47 16 man
473 1519 81 21 erinrar
570 1519 31 26 sig
616 1521 32 19 att
663 1519 37 21 det
716 1519 57 21 ändå
789 1519 67 21 finnes
870 1520 65 25 några
947 1517 97 22 kvarstå-
