1103 1803
281 140 162 18 Presteståndet
454 142 59 17 1882.
537 142 27 16 29
578 142 60 20 april.
812 136 42 21 989

123 209 40 21 Vid
186 210 65 21 skedd
273 210 98 26 votering
393 210 134 22 förkastades
543 210 201 26 kontraktsprosten
760 209 121 21 Helanders

54 238 81 26 förslag
150 238 47 21 med
216 240 24 19 14
253 239 23 26 ja
293 240 44 20 mot
355 240 24 19 12
396 239 41 26 nej,
452 238 40 22 och
507 238 55 22 hade
578 238 89 22 Ståndet
683 238 89 21 sålunda
784 238 96 27 godkänt

53 267 14 27 $
83 267 26 20 25
127 266 126 22 oförändrad
269 267 66 27 enligt
350 268 117 20 utskottets
484 267 84 27 förslag.

125 324 11 28 $
152 324 25 20 26
189 324 122 27 godkändes
327 324 110 22 likaledes.

435 410 11 27 $
462 411 33 20 27.

129 469 50 19 1:sta
195 473 62 15 mom.
273 467 123 27 godkändes
413 467 145 21 oförändradt.

125 524 83 21 Doktor
222 524 111 21 Geitlin
350 524 93 27 föreslog
459 526 32 19 att
506 524 66 21 orden
589 525 41 26 ,,på
645 524 92 26 landet',
753 524 70 21 såsom
836 523 49 22 full-

56 551 90 27 komligt
161 553 136 26 öfverHödiga
313 553 68 21 skulle
398 553 115 27 utstrykas.

127 609 82 21 Doktor
231 609 146 22 Lindelöf
398 610 81 26 yrkade
498 610 26 26 pä
540 612 32 18 att
588 609 60 21 ordet
663 625 4 9 ,
671 608 125 28 förbjudet"
814 608 68 22 skulle

57 638 85 27 utbytas
158 640 57 19 emot
230 638 65 21 orden
311 638 32 27 ,,ej
361 638 149 27 berättigadt''.
542 638 42 21 För
600 638 63 26 öfrigt
679 638 70 21 kunde
765 638 82 21 talaren
864 638 18 26 ej

57 666 45 22 inse
117 666 86 22 hvarför
222 668 187 20 stadsinnevånare
423 667 68 21 skulle
506 674 52 14 vara
573 673 59 15 mera
646 666 137 22 förhindrade
799 669 32 18 att
847 666 36 21 be-

57 701 68 20 gagna
147 695 31 27 sig
194 696 21 21 af
228 696 117 26 skjutshäst
361 698 26 18 än
404 696 108 20 landsbor.
544 696 116 21 Momentet
675 695 66 21 borde
757 695 126 21 formuleras

58 723 7 21 i
81 723 67 21 likhet
161 724 47 21 med
224 724 127 27 föregående
368 727 98 18 moment.

127 781 204 26 Kontraktsprosten
348 781 156 26 Wegelius
520 781 66 26 ansåg
601 781 36 21 det
652 787 51 14 vara
717 781 81 26 ganska
810 780 73 22 behöf-

59 809 38 27 ligt
119 811 32 19 att
166 810 40 21 den
222 809 162 27 ifrågavarande
399 810 158 21 inskränkande
573 809 159 26 bestämningen
748 809 61 22 stode
825 815 59 21 qvar,

59 838 88 21 emedan
163 839 137 20 stadsboerne
316 839 44 20 ofta
375 838 97 27 företaga
488 839 92 26 onödiga
596 845 64 18 resor,
669 838 126 27 slädpartier
811 845 26 14 m.
850 844 34 19 m.,

59 867 136 27 hvarigenom
211 867 25 21 de
252 873 45 15 som
313 867 107 26 verkligen
437 867 90 21 behöfva
542 867 46 21 icke
605 867 69 20 kunna
689 866 20 21 få
726 867 47 20 häst
788 867 28 26 på
827 869 56 25 gäst-

58 895 154 27 gifvargården.
228 895 101 22 Deremot
341 896 70 21 kunde
423 896 65 21 orden
501 895 40 28 ,,på
552 895 86 22 landet'*
650 897 50 20 utan
712 895 102 22 afsaknad
827 896 58 25 utgå.

129 953 145 21 Kirkkoherra
296 953 144 21 Törnudd
464 953 121 22 huomautti
601 955 45 19 että
659 953 51 26 joku
726 955 82 18 saattaa
824 954 60 19 ottaa

59 981 121 26 kaupungin
196 981 185 28 kyytilaitoksesta
396 981 100 26 hevosen,
514 982 198 21 matkustaaksensa
728 981 75 21 maalle
815 981 69 21 huvit-

60 1010 113 21 teleimaan
185 1010 24 27 ja
224 1009 52 22 tulla
295 1011 90 20 takaisin
402 1017 87 14 samaan
505 1010 121 27 kaupungin
642 1010 176 27 kyytilaitokseen
834 1009 52 22 sekä

61 1039 85 25 väittää,
163 1039 58 21 ett'ei
237 1039 40 20 hän
293 1039 33 21 ole
342 1039 57 21 lakia
411 1039 108 22 rikkonut.
542 1039 67 22 Sanat
620 1055 11 10 ,
634 1039 77 26 maalla
722 1039 101 21 olevaan*
838 1041 49 18 ovat

61 1067 91 20 minusta
167 1067 116 21 sentähden
299 1067 114 26 pykälässä
429 1068 139 25 tarpeelliset.

129 1124 84 21 Doktor
228 1123 156 22 Lindelöf:
415 1123 151 28 Gästgifvaren
582 1124 5 21 i
604 1124 48 21 stad
667 1125 23 20 är
706 1124 33 21 väl
755 1123 83 28 skyldig
854 1125 33 19 att

61 1152 57 22 hålla
133 1152 33 21 för
181 1153 99 21 resandes
297 1152 66 22 behof
375 1153 36 21 det
426 1153 59 21 antal
502 1153 72 21 hästar
590 1153 42 20 han
647 1153 66 26 åtagit
729 1152 37 27 sig.
798 1151 30 22 Ar
845 1151 41 21 han

60 1182 6 20 i
83 1181 82 21 tillfälle
181 1183 33 19 att
229 1181 32 21 för
276 1181 80 21 hvilket
371 1181 99 21 ändamäl
486 1187 45 16 som
548 1181 56 21 helst
619 1181 27 27 pä
661 1181 93 27 begäran
770 1180 117 21 tillhanda-

61 1209 57 22 hålla
140 1210 187 21 stadsinnevänare
342 1209 49 22 häst
406 1213 53 18 utan
475 1213 33 18 att
524 1210 66 21 brista
605 1210 7 21 i
628 1210 32 20 sin
676 1209 127 28 skyldighet,
820 1208 67 21 borde

61 1239 36 20 det
120 1239 17 26 ej
161 1245 50 14 vara
230 1239 77 21 honom
331 1238 129 26 förmenadt,
483 1239 39 21 och
538 1238 70 21 derför
624 1238 103 21 vidhäller
739 1238 37 27 jag
791 1237 47 21 mitt
853 1243 35 21 yr-

61 1267 68 21 kande
152 1269 32 19 att
203 1269 116 19 momentet
334 1267 134 22 beträffande
484 1269 101 19 städerna
600 1267 65 21 borde
681 1266 126 22 formuleras
825 1266 6 21 i
847 1265 41 22 lik-

62 1296 36 21 het
113 1296 48 21 med
177 1302 61 15 mom.
255 1295 131 22 beträffande
402 1295 154 28 landsbygden.

129 1353 88 21 Tohtori
239 1353 123 21 Geitlin
385 1353 18 21 ei
426 1356 78 18 saanut
526 1355 176 25 ymmärtävänsä,
718 1355 44 20 että
776 1359 29 19 se,
820 1352 66 21 kuten

62 1381 112 28 pykälässä
197 1385 110 23 sanotaan,
327 1381 72 22 lähtisi
423 1382 172 27 ,,kaupungista'
615 1381 52 28 joka
679 1382 57 27 juuri
752 1381 69 22 lähtee
837 1381 50 21 kau-

63 1410 78 27 pungin
157 1409 183 28 kyytilaitokseen.

131 1467 143 27 Domprosten
297 1467 132 22 Renvall
453 1467 114 22 förordade
590 1470 33 18 att
646 1468 66 20 orden
735 1468 39 26 ,pä
797 1466 92 26 landet,

64 1496 67 22 skulle
153 1496 70 21 säsom
247 1496 97 27 onödiga,
364 1496 58 26 utgä,
446 1502 49 15 men
520 1498 32 20 att
577 1498 117 20 momentet
718 1496 6 20 i
743 1496 64 26 öfrigt
823 1494 67 22 skulle

61 1525 130 27 godkännas.
