<?xml version="1.0" encoding="UTF-8"?>
<alto xmlns="http://www.loc.gov/standards/alto/ns-v3#" xmlns:xlink="http://www.w3.org/1999/xlink" xmlns:xsi="http://www.w3.org/2001/XMLSchema-instance" xsi:schemaLocation="http://www.loc.gov/standards/alto/ns-v3# http://www.loc.gov/alto/v3/alto-3-0.xsd">
	<Description>
		<MeasurementUnit>pixel</MeasurementUnit>
		<sourceImageInformation>
			<fileName>/tmp/tess_k2mt1t0c_input.PNG</fileName>
		</sourceImageInformation>
		<OCRProcessing ID="OCR_0">
			<ocrProcessingStep>
				<processingSoftware>
					<softwareName>tesseract 5.3.4</softwareName>
				</processingSoftware>
			</ocrProcessingStep>
		</OCRProcessing>
	</Description>
	<Layout>
		<Page WIDTH="1103" HEIGHT="1803" PHYSICAL_IMG_NR="0" ID="page_0">
			<PrintSpace HPOS="0" VPOS="0" WIDTH="1103" HEIGHT="1803">
				<ComposedBlock ID="cblock_0" HPOS="306" VPOS="132" WIDTH="569" HEIGHT="27">
					<TextBlock ID="block_0" HPOS="306" VPOS="132" WIDTH="569" HEIGHT="27">
						<TextLine ID="line_0" HPOS="306" VPOS="132" WIDTH="569" HEIGHT="27">
							<String ID="string_0" HPOS="306" VPOS="138" WIDTH="163" HEIGHT="18" WC="0.89" CONTENT="Presteståndet"/><SP WIDTH="11" VPOS="138" HPOS="469"/>
							<String ID="string_1" HPOS="480" VPOS="139" WIDTH="60" HEIGHT="17" WC="0.96" CONTENT="1882."/><SP WIDTH="27" VPOS="139" HPOS="540"/>
							<String ID="string_2" HPOS="567" VPOS="139" WIDTH="24" HEIGHT="17" WC="0.96" CONTENT="18"/><SP WIDTH="13" VPOS="139" HPOS="591"/>
							<String ID="string_3" HPOS="604" VPOS="138" WIDTH="61" HEIGHT="21" WC="0.95" CONTENT="april"/><SP WIDTH="169" VPOS="138" HPOS="665"/>
							<String ID="string_4" HPOS="834" VPOS="132" WIDTH="41" HEIGHT="21" WC="0.96" CONTENT="801"/>
						</TextLine>
					</TextBlock>
				</ComposedBlock>
				<GraphicalElement ID="cblock_1" HPOS="276" VPOS="167" WIDTH="433" HEIGHT="4"></GraphicalElement >
				<ComposedBlock ID="cblock_2" HPOS="69" VPOS="206" WIDTH="844" HEIGHT="1345">
					<TextBlock ID="block_1" HPOS="69" VPOS="206" WIDTH="839" HEIGHT="285">
						<TextLine ID="line_1" HPOS="69" VPOS="206" WIDTH="839" HEIGHT="29">
							<String ID="string_5" HPOS="69" VPOS="208" WIDTH="99" HEIGHT="27" WC="0.92" CONTENT="åtnjutna"/><SP WIDTH="22" VPOS="208" HPOS="168"/>
							<String ID="string_6" HPOS="190" VPOS="207" WIDTH="139" HEIGHT="21" WC="0.95" CONTENT="förmånerna."/><SP WIDTH="30" VPOS="207" HPOS="329"/>
							<String ID="string_7" HPOS="359" VPOS="207" WIDTH="42" HEIGHT="21" WC="0.96" CONTENT="Det"/><SP WIDTH="16" VPOS="207" HPOS="401"/>
							<String ID="string_8" HPOS="417" VPOS="209" WIDTH="24" HEIGHT="19" WC="0.96" CONTENT="är"/><SP WIDTH="16" VPOS="209" HPOS="441"/>
							<String ID="string_9" HPOS="457" VPOS="207" WIDTH="105" HEIGHT="26" WC="0.96" CONTENT="naturligt"/><SP WIDTH="14" VPOS="207" HPOS="562"/>
							<String ID="string_10" HPOS="576" VPOS="209" WIDTH="32" HEIGHT="19" WC="0.96" CONTENT="att"/><SP WIDTH="16" VPOS="209" HPOS="608"/>
							<String ID="string_11" HPOS="624" VPOS="213" WIDTH="25" HEIGHT="15" WC="0.96" CONTENT="en"/><SP WIDTH="17" VPOS="213" HPOS="649"/>
							<String ID="string_12" HPOS="666" VPOS="206" WIDTH="33" HEIGHT="22" WC="0.96" CONTENT="del"/><SP WIDTH="16" VPOS="206" HPOS="699"/>
							<String ID="string_13" HPOS="715" VPOS="206" WIDTH="23" HEIGHT="21" WC="0.96" CONTENT="af"/><SP WIDTH="13" VPOS="206" HPOS="738"/>
							<String ID="string_14" HPOS="751" VPOS="206" WIDTH="61" HEIGHT="21" WC="0.93" CONTENT="dessa"/><SP WIDTH="16" VPOS="206" HPOS="812"/>
							<String ID="string_15" HPOS="828" VPOS="206" WIDTH="80" HEIGHT="21" WC="0.92" CONTENT="förmå-"/>
						</TextLine>
						<TextLine ID="line_2" HPOS="69" VPOS="234" WIDTH="838" HEIGHT="28">
							<String ID="string_16" HPOS="69" VPOS="244" WIDTH="39" HEIGHT="14" WC="0.96" CONTENT="ner"/><SP WIDTH="22" VPOS="244" HPOS="108"/>
							<String ID="string_17" HPOS="130" VPOS="236" WIDTH="104" HEIGHT="21" WC="0.96" CONTENT="användts"/><SP WIDTH="22" VPOS="236" HPOS="234"/>
							<String ID="string_18" HPOS="256" VPOS="236" WIDTH="32" HEIGHT="21" WC="0.96" CONTENT="till"/><SP WIDTH="21" VPOS="236" HPOS="288"/>
							<String ID="string_19" HPOS="309" VPOS="236" WIDTH="138" HEIGHT="26" WC="0.93" CONTENT="jordbrukets"/><SP WIDTH="16" VPOS="236" HPOS="447"/>
							<String ID="string_20" HPOS="463" VPOS="236" WIDTH="136" HEIGHT="26" WC="0.91" CONTENT="utvidgande,"/><SP WIDTH="16" VPOS="236" HPOS="599"/>
							<String ID="string_21" HPOS="615" VPOS="242" WIDTH="47" HEIGHT="14" WC="0.96" CONTENT="men"/><SP WIDTH="16" VPOS="242" HPOS="662"/>
							<String ID="string_22" HPOS="678" VPOS="235" WIDTH="104" HEIGHT="26" WC="0.96" CONTENT="åtskilligt"/><SP WIDTH="15" VPOS="235" HPOS="782"/>
							<String ID="string_23" HPOS="797" VPOS="234" WIDTH="39" HEIGHT="21" WC="0.96" CONTENT="har"/><SP WIDTH="16" VPOS="234" HPOS="836"/>
							<String ID="string_24" HPOS="852" VPOS="235" WIDTH="55" HEIGHT="21" WC="0.96" CONTENT="dock"/>
						</TextLine>
						<TextLine ID="line_3" HPOS="70" VPOS="263" WIDTH="837" HEIGHT="29">
							<String ID="string_25" HPOS="70" VPOS="266" WIDTH="47" HEIGHT="26" WC="0.95" CONTENT="gått"/><SP WIDTH="16" VPOS="266" HPOS="117"/>
							<String ID="string_26" HPOS="133" VPOS="265" WIDTH="69" HEIGHT="20" WC="0.96" CONTENT="såsom"/><SP WIDTH="17" VPOS="265" HPOS="202"/>
							<String ID="string_27" HPOS="219" VPOS="264" WIDTH="135" HEIGHT="27" WC="0.95" CONTENT="lösegendom"/><SP WIDTH="17" VPOS="264" HPOS="354"/>
							<String ID="string_28" HPOS="371" VPOS="264" WIDTH="6" HEIGHT="21" WC="0.93" CONTENT="i"/><SP WIDTH="16" VPOS="264" HPOS="377"/>
							<String ID="string_29" HPOS="393" VPOS="264" WIDTH="34" HEIGHT="21" WC="0.91" CONTENT="arf"/><SP WIDTH="15" VPOS="264" HPOS="427"/>
							<String ID="string_30" HPOS="442" VPOS="264" WIDTH="40" HEIGHT="22" WC="0.93" CONTENT="och"/><SP WIDTH="17" VPOS="264" HPOS="482"/>
							<String ID="string_31" HPOS="499" VPOS="264" WIDTH="134" HEIGHT="26" WC="0.91" CONTENT="disponerats"/><SP WIDTH="16" VPOS="264" HPOS="633"/>
							<String ID="string_32" HPOS="649" VPOS="264" WIDTH="31" HEIGHT="21" WC="0.96" CONTENT="till"/><SP WIDTH="16" VPOS="264" HPOS="680"/>
							<String ID="string_33" HPOS="696" VPOS="264" WIDTH="46" HEIGHT="20" WC="0.96" CONTENT="helt"/><SP WIDTH="15" VPOS="264" HPOS="742"/>
							<String ID="string_34" HPOS="757" VPOS="263" WIDTH="67" HEIGHT="21" WC="0.93" CONTENT="andra"/><SP WIDTH="15" VPOS="263" HPOS="824"/>
							<String ID="string_35" HPOS="839" VPOS="264" WIDTH="68" HEIGHT="20" WC="0.91" CONTENT="ända-"/>
						</TextLine>
						<TextLine ID="line_4" HPOS="69" VPOS="292" WIDTH="838" HEIGHT="23">
							<String ID="string_36" HPOS="69" VPOS="294" WIDTH="44" HEIGHT="21" WC="0.95" CONTENT="mål"/><SP WIDTH="23" VPOS="294" HPOS="113"/>
							<String ID="string_37" HPOS="136" VPOS="295" WIDTH="27" HEIGHT="19" WC="0.93" CONTENT="än"/><SP WIDTH="21" VPOS="295" HPOS="163"/>
							<String ID="string_38" HPOS="184" VPOS="292" WIDTH="128" HEIGHT="22" WC="0.92" CONTENT="rusthällens"/><SP WIDTH="15" VPOS="292" HPOS="312"/>
							<String ID="string_39" HPOS="327" VPOS="293" WIDTH="155" HEIGHT="21" WC="0.96" CONTENT="förbättrande."/><SP WIDTH="32" VPOS="293" HPOS="482"/>
							<String ID="string_40" HPOS="514" VPOS="293" WIDTH="70" HEIGHT="21" WC="0.96" CONTENT="Också"/><SP WIDTH="15" VPOS="293" HPOS="584"/>
							<String ID="string_41" HPOS="599" VPOS="292" WIDTH="68" HEIGHT="22" WC="0.95" CONTENT="finnes"/><SP WIDTH="15" VPOS="292" HPOS="667"/>
							<String ID="string_42" HPOS="682" VPOS="292" WIDTH="36" HEIGHT="21" WC="0.93" CONTENT="det"/><SP WIDTH="15" VPOS="292" HPOS="718"/>
							<String ID="string_43" HPOS="733" VPOS="292" WIDTH="89" HEIGHT="21" WC="0.93" CONTENT="rusthäll"/><SP WIDTH="17" VPOS="292" HPOS="822"/>
							<String ID="string_44" HPOS="839" VPOS="292" WIDTH="7" HEIGHT="20" WC="0.93" CONTENT="i"/><SP WIDTH="17" VPOS="292" HPOS="846"/>
							<String ID="string_45" HPOS="863" VPOS="292" WIDTH="44" HEIGHT="21" WC="0.91" CONTENT="lan-"/>
						</TextLine>
						<TextLine ID="line_5" HPOS="71" VPOS="321" WIDTH="836" HEIGHT="27">
							<String ID="string_46" HPOS="71" VPOS="323" WIDTH="37" HEIGHT="20" WC="0.93" CONTENT="det"/><SP WIDTH="22" VPOS="323" HPOS="108"/>
							<String ID="string_47" HPOS="130" VPOS="321" WIDTH="83" HEIGHT="21" WC="0.92" CONTENT="hvilkas"/><SP WIDTH="17" VPOS="321" HPOS="213"/>
							<String ID="string_48" HPOS="230" VPOS="322" WIDTH="104" HEIGHT="26" WC="0.93" CONTENT="jordbruk"/><SP WIDTH="15" VPOS="322" HPOS="334"/>
							<String ID="string_49" HPOS="349" VPOS="322" WIDTH="47" HEIGHT="20" WC="0.92" CONTENT="icke"/><SP WIDTH="15" VPOS="322" HPOS="396"/>
							<String ID="string_50" HPOS="411" VPOS="322" WIDTH="39" HEIGHT="20" WC="0.96" CONTENT="har"/><SP WIDTH="16" VPOS="322" HPOS="450"/>
							<String ID="string_51" HPOS="466" VPOS="322" WIDTH="82" HEIGHT="20" WC="0.91" CONTENT="kunnat"/><SP WIDTH="14" VPOS="322" HPOS="548"/>
							<String ID="string_52" HPOS="562" VPOS="322" WIDTH="28" HEIGHT="26" WC="0.93" CONTENT="pä"/><SP WIDTH="16" VPOS="322" HPOS="590"/>
							<String ID="string_53" HPOS="606" VPOS="322" WIDTH="65" HEIGHT="26" WC="0.91" CONTENT="nägot"/><SP WIDTH="15" VPOS="322" HPOS="671"/>
							<String ID="string_54" HPOS="686" VPOS="321" WIDTH="113" HEIGHT="21" WC="0.90" CONTENT="nämvärdt"/><SP WIDTH="15" VPOS="321" HPOS="799"/>
							<String ID="string_55" HPOS="814" VPOS="322" WIDTH="43" HEIGHT="19" WC="0.93" CONTENT="sätt"/><SP WIDTH="15" VPOS="322" HPOS="857"/>
							<String ID="string_56" HPOS="872" VPOS="323" WIDTH="35" HEIGHT="19" WC="0.92" CONTENT="ut-"/>
						</TextLine>
						<TextLine ID="line_6" HPOS="69" VPOS="349" WIDTH="838" HEIGHT="27">
							<String ID="string_57" HPOS="69" VPOS="350" WIDTH="81" HEIGHT="26" WC="0.93" CONTENT="vidgas."/><SP WIDTH="51" VPOS="350" HPOS="150"/>
							<String ID="string_58" HPOS="201" VPOS="350" WIDTH="94" HEIGHT="26" WC="0.93" CONTENT="Åtskilliga"/><SP WIDTH="23" VPOS="350" HPOS="295"/>
							<String ID="string_59" HPOS="318" VPOS="350" WIDTH="90" HEIGHT="21" WC="0.92" CONTENT="rusthäll"/><SP WIDTH="23" VPOS="350" HPOS="408"/>
							<String ID="string_60" HPOS="431" VPOS="350" WIDTH="65" HEIGHT="21" WC="0.95" CONTENT="hafva"/><SP WIDTH="22" VPOS="350" HPOS="496"/>
							<String ID="string_61" HPOS="518" VPOS="350" WIDTH="108" HEIGHT="21" WC="0.95" CONTENT="dessutom"/><SP WIDTH="23" VPOS="350" HPOS="626"/>
							<String ID="string_62" HPOS="649" VPOS="350" WIDTH="68" HEIGHT="21" WC="0.92" CONTENT="under"/><SP WIDTH="22" VPOS="350" HPOS="717"/>
							<String ID="string_63" HPOS="739" VPOS="350" WIDTH="95" HEIGHT="20" WC="0.96" CONTENT="tidernas"/><SP WIDTH="23" VPOS="350" HPOS="834"/>
							<String ID="string_64" HPOS="857" VPOS="349" WIDTH="50" HEIGHT="26" WC="0.96" CONTENT="lopp"/>
						</TextLine>
						<TextLine ID="line_7" HPOS="70" VPOS="377" WIDTH="838" HEIGHT="28">
							<String ID="string_65" HPOS="70" VPOS="379" WIDTH="91" HEIGHT="21" WC="0.92" CONTENT="förlorat"/><SP WIDTH="22" VPOS="379" HPOS="161"/>
							<String ID="string_66" HPOS="183" VPOS="379" WIDTH="46" HEIGHT="20" WC="0.96" CONTENT="sina"/><SP WIDTH="22" VPOS="379" HPOS="229"/>
							<String ID="string_67" HPOS="251" VPOS="379" WIDTH="78" HEIGHT="26" WC="0.96" CONTENT="skogar"/><SP WIDTH="22" VPOS="379" HPOS="329"/>
							<String ID="string_68" HPOS="351" VPOS="379" WIDTH="52" HEIGHT="21" WC="0.93" CONTENT="eller"/><SP WIDTH="23" VPOS="379" HPOS="403"/>
							<String ID="string_69" HPOS="426" VPOS="378" WIDTH="72" HEIGHT="21" WC="0.92" CONTENT="blifvit"/><SP WIDTH="16" VPOS="378" HPOS="498"/>
							<String ID="string_70" HPOS="514" VPOS="378" WIDTH="61" HEIGHT="26" WC="0.93" CONTENT="eljest"/><SP WIDTH="15" VPOS="378" HPOS="575"/>
							<String ID="string_71" HPOS="590" VPOS="378" WIDTH="129" HEIGHT="22" WC="0.91" CONTENT="utblottade."/><SP WIDTH="31" VPOS="378" HPOS="719"/>
							<String ID="string_72" HPOS="750" VPOS="377" WIDTH="50" HEIGHT="22" WC="0.96" CONTENT="Man"/><SP WIDTH="16" VPOS="377" HPOS="800"/>
							<String ID="string_73" HPOS="816" VPOS="377" WIDTH="42" HEIGHT="21" WC="0.93" CONTENT="kan"/><SP WIDTH="17" VPOS="377" HPOS="858"/>
							<String ID="string_74" HPOS="875" VPOS="377" WIDTH="33" HEIGHT="22" WC="0.92" CONTENT="sä-"/>
						</TextLine>
						<TextLine ID="line_8" HPOS="70" VPOS="406" WIDTH="837" HEIGHT="27">
							<String ID="string_75" HPOS="70" VPOS="407" WIDTH="67" HEIGHT="21" WC="0.84" CONTENT="lunda"/><SP WIDTH="21" VPOS="407" HPOS="137"/>
							<String ID="string_76" HPOS="158" VPOS="407" WIDTH="47" HEIGHT="22" WC="0.93" CONTENT="icke"/><SP WIDTH="23" VPOS="407" HPOS="205"/>
							<String ID="string_77" HPOS="228" VPOS="407" WIDTH="139" HEIGHT="21" WC="0.92" CONTENT="öfverhufvud"/><SP WIDTH="23" VPOS="407" HPOS="367"/>
							<String ID="string_78" HPOS="390" VPOS="413" WIDTH="51" HEIGHT="15" WC="0.90" CONTENT="anse"/><SP WIDTH="24" VPOS="413" HPOS="441"/>
							<String ID="string_79" HPOS="465" VPOS="407" WIDTH="119" HEIGHT="22" WC="0.92" CONTENT="rusthällen"/><SP WIDTH="22" VPOS="407" HPOS="584"/>
							<String ID="string_80" HPOS="606" VPOS="407" WIDTH="63" HEIGHT="21" WC="0.93" CONTENT="hafva"/><SP WIDTH="16" VPOS="407" HPOS="669"/>
							<String ID="string_81" HPOS="685" VPOS="407" WIDTH="87" HEIGHT="26" WC="0.93" CONTENT="ätnjutit"/><SP WIDTH="14" VPOS="407" HPOS="772"/>
							<String ID="string_82" HPOS="786" VPOS="406" WIDTH="121" HEIGHT="27" WC="0.96" CONTENT="synnerliga"/>
						</TextLine>
						<TextLine ID="line_9" HPOS="71" VPOS="435" WIDTH="837" HEIGHT="28">
							<String ID="string_83" HPOS="71" VPOS="436" WIDTH="114" HEIGHT="24" WC="0.92" CONTENT="förmäner,"/><SP WIDTH="23" VPOS="436" HPOS="185"/>
							<String ID="string_84" HPOS="208" VPOS="442" WIDTH="45" HEIGHT="15" WC="0.96" CONTENT="som"/><SP WIDTH="23" VPOS="442" HPOS="253"/>
							<String ID="string_85" HPOS="276" VPOS="436" WIDTH="67" HEIGHT="21" WC="0.90" CONTENT="skulle"/><SP WIDTH="25" VPOS="436" HPOS="343"/>
							<String ID="string_86" HPOS="368" VPOS="436" WIDTH="107" HEIGHT="27" WC="0.90" CONTENT="berättiga"/><SP WIDTH="23" VPOS="436" HPOS="475"/>
							<String ID="string_87" HPOS="498" VPOS="436" WIDTH="33" HEIGHT="21" WC="0.96" CONTENT="till"/><SP WIDTH="23" VPOS="436" HPOS="531"/>
							<String ID="string_88" HPOS="554" VPOS="439" WIDTH="33" HEIGHT="18" WC="0.96" CONTENT="att"/><SP WIDTH="22" VPOS="439" HPOS="587"/>
							<String ID="string_89" HPOS="609" VPOS="436" WIDTH="33" HEIGHT="21" WC="0.93" CONTENT="till"/><SP WIDTH="16" VPOS="436" HPOS="642"/>
							<String ID="string_90" HPOS="658" VPOS="435" WIDTH="124" HEIGHT="28" WC="0.93" CONTENT="ytterlighet"/><SP WIDTH="14" VPOS="435" HPOS="782"/>
							<String ID="string_91" HPOS="796" VPOS="441" WIDTH="29" HEIGHT="15" WC="0.93" CONTENT="nu"/><SP WIDTH="15" VPOS="441" HPOS="825"/>
							<String ID="string_92" HPOS="840" VPOS="435" WIDTH="68" HEIGHT="21" WC="0.92" CONTENT="skatt-"/>
						</TextLine>
						<TextLine ID="line_10" HPOS="72" VPOS="465" WIDTH="133" HEIGHT="26">
							<String ID="string_93" HPOS="72" VPOS="465" WIDTH="64" HEIGHT="26" WC="0.96" CONTENT="lägga"/><SP WIDTH="15" VPOS="465" HPOS="136"/>
							<String ID="string_94" HPOS="151" VPOS="465" WIDTH="54" HEIGHT="20" WC="0.96" CONTENT="dem."/>
						</TextLine>
					</TextBlock>
					<TextBlock ID="block_2" HPOS="71" VPOS="492" WIDTH="842" HEIGHT="944">
						<TextLine ID="line_11" HPOS="142" VPOS="492" WIDTH="765" HEIGHT="28">
							<String ID="string_95" HPOS="142" VPOS="493" WIDTH="79" HEIGHT="21" WC="0.92" CONTENT="Vidare"/><SP WIDTH="15" VPOS="493" HPOS="221"/>
							<String ID="string_96" HPOS="236" VPOS="493" WIDTH="37" HEIGHT="21" WC="0.97" CONTENT="vill"/><SP WIDTH="12" VPOS="493" HPOS="273"/>
							<String ID="string_97" HPOS="285" VPOS="493" WIDTH="37" HEIGHT="27" WC="0.93" CONTENT="jag"/><SP WIDTH="15" VPOS="493" HPOS="322"/>
							<String ID="string_98" HPOS="337" VPOS="493" WIDTH="113" HEIGHT="22" WC="0.92" CONTENT="framhälla"/><SP WIDTH="16" VPOS="493" HPOS="450"/>
							<String ID="string_99" HPOS="466" VPOS="493" WIDTH="67" HEIGHT="27" WC="0.93" CONTENT="nägra"/><SP WIDTH="15" VPOS="493" HPOS="533"/>
							<String ID="string_100" HPOS="548" VPOS="493" WIDTH="102" HEIGHT="26" WC="0.92" CONTENT="politiska"/><SP WIDTH="11" VPOS="493" HPOS="650"/>
							<String ID="string_101" HPOS="661" VPOS="493" WIDTH="39" HEIGHT="21" WC="0.97" CONTENT="och"/><SP WIDTH="11" VPOS="493" HPOS="700"/>
							<String ID="string_102" HPOS="711" VPOS="493" WIDTH="79" HEIGHT="21" WC="0.93" CONTENT="sociala"/><SP WIDTH="10" VPOS="493" HPOS="790"/>
							<String ID="string_103" HPOS="800" VPOS="492" WIDTH="107" HEIGHT="27" WC="0.91" CONTENT="synpunk-"/>
						</TextLine>
						<TextLine ID="line_12" HPOS="73" VPOS="521" WIDTH="835" HEIGHT="28">
							<String ID="string_104" HPOS="73" VPOS="523" WIDTH="34" HEIGHT="20" WC="0.96" CONTENT="ter"/><SP WIDTH="15" VPOS="523" HPOS="107"/>
							<String ID="string_105" HPOS="122" VPOS="521" WIDTH="132" HEIGHT="22" WC="0.93" CONTENT="beträffande"/><SP WIDTH="16" VPOS="521" HPOS="254"/>
							<String ID="string_106" HPOS="270" VPOS="522" WIDTH="85" HEIGHT="26" WC="0.93" CONTENT="frägans"/><SP WIDTH="12" VPOS="522" HPOS="355"/>
							<String ID="string_107" HPOS="367" VPOS="523" WIDTH="89" HEIGHT="26" WC="0.96" CONTENT="lösning."/><SP WIDTH="24" VPOS="523" HPOS="456"/>
							<String ID="string_108" HPOS="480" VPOS="522" WIDTH="42" HEIGHT="21" WC="0.96" CONTENT="Det"/><SP WIDTH="12" VPOS="522" HPOS="522"/>
							<String ID="string_109" HPOS="534" VPOS="524" WIDTH="23" HEIGHT="18" WC="0.93" CONTENT="är"/><SP WIDTH="13" VPOS="524" HPOS="557"/>
							<String ID="string_110" HPOS="570" VPOS="521" WIDTH="78" HEIGHT="22" WC="0.93" CONTENT="bekant"/><SP WIDTH="12" VPOS="521" HPOS="648"/>
							<String ID="string_111" HPOS="660" VPOS="524" WIDTH="31" HEIGHT="19" WC="0.95" CONTENT="att"/><SP WIDTH="12" VPOS="524" HPOS="691"/>
							<String ID="string_112" HPOS="703" VPOS="527" WIDTH="77" HEIGHT="20" WC="0.96" CONTENT="genom"/><SP WIDTH="9" VPOS="527" HPOS="780"/>
							<String ID="string_113" HPOS="789" VPOS="527" WIDTH="25" HEIGHT="15" WC="0.93" CONTENT="en"/><SP WIDTH="10" VPOS="527" HPOS="814"/>
							<String ID="string_114" HPOS="824" VPOS="521" WIDTH="84" HEIGHT="22" WC="0.92" CONTENT="revolu-"/>
						</TextLine>
						<TextLine ID="line_13" HPOS="72" VPOS="549" WIDTH="838" HEIGHT="28">
							<String ID="string_115" HPOS="72" VPOS="551" WIDTH="72" HEIGHT="20" WC="0.91" CONTENT="tionär"/><SP WIDTH="16" VPOS="551" HPOS="144"/>
							<String ID="string_116" HPOS="160" VPOS="551" WIDTH="75" HEIGHT="26" WC="0.91" CONTENT="ätgärd"/><SP WIDTH="16" VPOS="551" HPOS="235"/>
							<String ID="string_117" HPOS="251" VPOS="551" WIDTH="6" HEIGHT="20" WC="0.96" CONTENT="i"/><SP WIDTH="16" VPOS="551" HPOS="257"/>
							<String ID="string_118" HPOS="273" VPOS="551" WIDTH="117" HEIGHT="20" WC="0.92" CONTENT="Frankrike"/><SP WIDTH="13" VPOS="551" HPOS="390"/>
							<String ID="string_119" HPOS="403" VPOS="551" WIDTH="78" HEIGHT="26" WC="0.92" CONTENT="jorden"/><SP WIDTH="16" VPOS="551" HPOS="481"/>
							<String ID="string_120" HPOS="497" VPOS="551" WIDTH="97" HEIGHT="25" WC="0.91" CONTENT="fräntogs"/><SP WIDTH="16" VPOS="551" HPOS="594"/>
							<String ID="string_121" HPOS="610" VPOS="557" WIDTH="25" HEIGHT="14" WC="0.93" CONTENT="en"/><SP WIDTH="16" VPOS="557" HPOS="635"/>
							<String ID="string_122" HPOS="651" VPOS="550" WIDTH="80" HEIGHT="25" WC="0.93" CONTENT="mäktig"/><SP WIDTH="16" VPOS="550" HPOS="731"/>
							<String ID="string_123" HPOS="747" VPOS="550" WIDTH="48" HEIGHT="21" WC="0.92" CONTENT="adel"/><SP WIDTH="15" VPOS="550" HPOS="795"/>
							<String ID="string_124" HPOS="810" VPOS="550" WIDTH="39" HEIGHT="21" WC="0.93" CONTENT="och"/><SP WIDTH="16" VPOS="550" HPOS="849"/>
							<String ID="string_125" HPOS="865" VPOS="549" WIDTH="45" HEIGHT="22" WC="0.92" CONTENT="blef"/>
						</TextLine>
						<TextLine ID="line_14" HPOS="73" VPOS="578" WIDTH="836" HEIGHT="28">
							<String ID="string_126" HPOS="73" VPOS="579" WIDTH="90" HEIGHT="26" WC="0.92" CONTENT="styckad"/><SP WIDTH="26" VPOS="579" HPOS="163"/>
							<String ID="string_127" HPOS="189" VPOS="579" WIDTH="7" HEIGHT="21" WC="0.92" CONTENT="i"/><SP WIDTH="23" VPOS="579" HPOS="196"/>
							<String ID="string_128" HPOS="219" VPOS="579" WIDTH="109" HEIGHT="27" WC="0.92" CONTENT="parceller,"/><SP WIDTH="17" VPOS="579" HPOS="328"/>
							<String ID="string_129" HPOS="345" VPOS="579" WIDTH="40" HEIGHT="21" WC="0.96" CONTENT="och"/><SP WIDTH="15" VPOS="579" HPOS="385"/>
							<String ID="string_130" HPOS="400" VPOS="579" WIDTH="119" HEIGHT="21" WC="0.96" CONTENT="Frankrike"/><SP WIDTH="17" VPOS="579" HPOS="519"/>
							<String ID="string_131" HPOS="536" VPOS="579" WIDTH="77" HEIGHT="21" WC="0.95" CONTENT="saknar"/><SP WIDTH="15" VPOS="579" HPOS="613"/>
							<String ID="string_132" HPOS="628" VPOS="580" WIDTH="6" HEIGHT="20" WC="0.93" CONTENT="i"/><SP WIDTH="16" VPOS="580" HPOS="634"/>
							<String ID="string_133" HPOS="650" VPOS="578" WIDTH="51" HEIGHT="27" WC="0.92" CONTENT="följä"/><SP WIDTH="16" VPOS="578" HPOS="701"/>
							<String ID="string_134" HPOS="717" VPOS="578" WIDTH="60" HEIGHT="22" WC="0.93" CONTENT="deraf"/><SP WIDTH="14" VPOS="578" HPOS="777"/>
							<String ID="string_135" HPOS="791" VPOS="585" WIDTH="35" HEIGHT="17" WC="0.96" CONTENT="nu,"/><SP WIDTH="16" VPOS="585" HPOS="826"/>
							<String ID="string_136" HPOS="842" VPOS="578" WIDTH="67" HEIGHT="21" WC="0.97" CONTENT="delvis"/>
						</TextLine>
						<TextLine ID="line_15" HPOS="71" VPOS="606" WIDTH="838" HEIGHT="28">
							<String ID="string_137" HPOS="71" VPOS="608" WIDTH="138" HEIGHT="26" WC="0.95" CONTENT="åtminstone,"/><SP WIDTH="24" VPOS="608" HPOS="209"/>
							<String ID="string_138" HPOS="233" VPOS="614" WIDTH="26" HEIGHT="14" WC="0.93" CONTENT="en"/><SP WIDTH="22" VPOS="614" HPOS="259"/>
							<String ID="string_139" HPOS="281" VPOS="608" WIDTH="161" HEIGHT="26" WC="0.91" CONTENT="posessionerad"/><SP WIDTH="25" VPOS="608" HPOS="442"/>
							<String ID="string_140" HPOS="467" VPOS="608" WIDTH="49" HEIGHT="21" WC="0.96" CONTENT="adel"/><SP WIDTH="23" VPOS="608" HPOS="516"/>
							<String ID="string_141" HPOS="539" VPOS="608" WIDTH="39" HEIGHT="20" WC="0.96" CONTENT="och"/><SP WIDTH="16" VPOS="608" HPOS="578"/>
							<String ID="string_142" HPOS="594" VPOS="608" WIDTH="39" HEIGHT="21" WC="0.93" CONTENT="har"/><SP WIDTH="16" VPOS="608" HPOS="633"/>
							<String ID="string_143" HPOS="649" VPOS="608" WIDTH="122" HEIGHT="26" WC="0.92" CONTENT="derigenom"/><SP WIDTH="16" VPOS="608" HPOS="771"/>
							<String ID="string_144" HPOS="787" VPOS="608" WIDTH="64" HEIGHT="20" WC="0.93" CONTENT="också"/><SP WIDTH="15" VPOS="608" HPOS="851"/>
							<String ID="string_145" HPOS="866" VPOS="606" WIDTH="43" HEIGHT="22" WC="0.92" CONTENT="för-"/>
						</TextLine>
						<TextLine ID="line_16" HPOS="74" VPOS="636" WIDTH="835" HEIGHT="27">
							<String ID="string_146" HPOS="74" VPOS="636" WIDTH="56" HEIGHT="21" WC="0.93" CONTENT="lorat"/><SP WIDTH="20" VPOS="636" HPOS="130"/>
							<String ID="string_147" HPOS="150" VPOS="639" WIDTH="31" HEIGHT="18" WC="0.96" CONTENT="ett"/><SP WIDTH="16" VPOS="639" HPOS="181"/>
							<String ID="string_148" HPOS="197" VPOS="636" WIDTH="112" HEIGHT="26" WC="0.93" CONTENT="väsentligt"/><SP WIDTH="16" VPOS="636" HPOS="309"/>
							<String ID="string_149" HPOS="325" VPOS="636" WIDTH="146" HEIGHT="22" WC="0.92" CONTENT="konservativt"/><SP WIDTH="13" VPOS="636" HPOS="471"/>
							<String ID="string_150" HPOS="484" VPOS="637" WIDTH="92" HEIGHT="21" WC="0.96" CONTENT="element"/><SP WIDTH="15" VPOS="637" HPOS="576"/>
							<String ID="string_151" HPOS="591" VPOS="636" WIDTH="7" HEIGHT="21" WC="0.96" CONTENT="i"/><SP WIDTH="16" VPOS="636" HPOS="598"/>
							<String ID="string_152" HPOS="614" VPOS="637" WIDTH="46" HEIGHT="20" WC="0.93" CONTENT="sina"/><SP WIDTH="15" VPOS="637" HPOS="660"/>
							<String ID="string_153" HPOS="675" VPOS="636" WIDTH="102" HEIGHT="27" WC="0.91" CONTENT="politiska"/><SP WIDTH="15" VPOS="636" HPOS="777"/>
							<String ID="string_154" HPOS="792" VPOS="636" WIDTH="117" HEIGHT="21" WC="0.92" CONTENT="institutio-"/>
						</TextLine>
						<TextLine ID="line_17" HPOS="74" VPOS="665" WIDTH="835" HEIGHT="27">
							<String ID="string_155" HPOS="74" VPOS="671" WIDTH="44" HEIGHT="14" WC="0.95" CONTENT="ner."/><SP WIDTH="31" VPOS="671" HPOS="118"/>
							<String ID="string_156" HPOS="149" VPOS="665" WIDTH="103" HEIGHT="21" WC="0.96" CONTENT="Däremot"/><SP WIDTH="23" VPOS="665" HPOS="252"/>
							<String ID="string_157" HPOS="275" VPOS="665" WIDTH="38" HEIGHT="21" WC="0.96" CONTENT="har"/><SP WIDTH="22" VPOS="665" HPOS="313"/>
							<String ID="string_158" HPOS="335" VPOS="665" WIDTH="98" HEIGHT="26" WC="0.96" CONTENT="England"/><SP WIDTH="23" VPOS="665" HPOS="433"/>
							<String ID="string_159" HPOS="456" VPOS="671" WIDTH="78" HEIGHT="21" WC="0.93" CONTENT="genom"/><SP WIDTH="22" VPOS="671" HPOS="534"/>
							<String ID="string_160" HPOS="556" VPOS="666" WIDTH="127" HEIGHT="26" WC="0.92" CONTENT="stadgandet"/><SP WIDTH="20" VPOS="666" HPOS="683"/>
							<String ID="string_161" HPOS="703" VPOS="667" WIDTH="32" HEIGHT="19" WC="0.92" CONTENT="att"/><SP WIDTH="18" VPOS="667" HPOS="735"/>
							<String ID="string_162" HPOS="753" VPOS="665" WIDTH="156" HEIGHT="26" WC="0.96" CONTENT="fastigheterna"/>
						</TextLine>
						<TextLine ID="line_18" HPOS="72" VPOS="693" WIDTH="837" HEIGHT="27">
							<String ID="string_163" HPOS="72" VPOS="694" WIDTH="51" HEIGHT="26" WC="0.88" CONTENT="gäi"/><SP WIDTH="16" VPOS="694" HPOS="123"/>
							<String ID="string_164" HPOS="139" VPOS="693" WIDTH="33" HEIGHT="21" WC="0.90" CONTENT="arf"/><SP WIDTH="15" VPOS="693" HPOS="172"/>
							<String ID="string_165" HPOS="187" VPOS="694" WIDTH="113" HEIGHT="26" WC="0.92" CONTENT="ostyckade"/><SP WIDTH="16" VPOS="694" HPOS="300"/>
							<String ID="string_166" HPOS="316" VPOS="694" WIDTH="31" HEIGHT="20" WC="0.93" CONTENT="till"/><SP WIDTH="16" VPOS="694" HPOS="347"/>
							<String ID="string_167" HPOS="363" VPOS="694" WIDTH="68" HEIGHT="21" WC="0.92" CONTENT="äldste"/><SP WIDTH="16" VPOS="694" HPOS="431"/>
							<String ID="string_168" HPOS="447" VPOS="700" WIDTH="47" HEIGHT="18" WC="0.93" CONTENT="son,"/><SP WIDTH="17" VPOS="700" HPOS="494"/>
							<String ID="string_169" HPOS="511" VPOS="694" WIDTH="112" HEIGHT="21" WC="0.93" CONTENT="bibehällit"/><SP WIDTH="15" VPOS="694" HPOS="623"/>
							<String ID="string_170" HPOS="638" VPOS="700" WIDTH="25" HEIGHT="15" WC="0.93" CONTENT="en"/><SP WIDTH="17" VPOS="700" HPOS="663"/>
							<String ID="string_171" HPOS="680" VPOS="694" WIDTH="80" HEIGHT="26" WC="0.93" CONTENT="mäktig"/><SP WIDTH="16" VPOS="694" HPOS="760"/>
							<String ID="string_172" HPOS="776" VPOS="694" WIDTH="47" HEIGHT="20" WC="0.92" CONTENT="adel"/><SP WIDTH="16" VPOS="694" HPOS="823"/>
							<String ID="string_173" HPOS="839" VPOS="693" WIDTH="70" HEIGHT="21" WC="0.92" CONTENT="säsom"/>
						</TextLine>
						<TextLine ID="line_19" HPOS="74" VPOS="722" WIDTH="836" HEIGHT="27">
							<String ID="string_174" HPOS="74" VPOS="724" WIDTH="33" HEIGHT="19" WC="0.89" CONTENT="ett"/><SP WIDTH="22" VPOS="724" HPOS="107"/>
							<String ID="string_175" HPOS="129" VPOS="722" WIDTH="96" HEIGHT="26" WC="0.91" CONTENT="politiskt"/><SP WIDTH="24" VPOS="722" HPOS="225"/>
							<String ID="string_176" HPOS="249" VPOS="722" WIDTH="72" HEIGHT="27" WC="0.91" CONTENT="riktigt"/><SP WIDTH="24" VPOS="722" HPOS="321"/>
							<String ID="string_177" HPOS="345" VPOS="725" WIDTH="93" HEIGHT="18" WC="0.96" CONTENT="moment"/><SP WIDTH="20" VPOS="725" HPOS="438"/>
							<String ID="string_178" HPOS="458" VPOS="724" WIDTH="46" HEIGHT="19" WC="0.93" CONTENT="mot"/><SP WIDTH="15" VPOS="724" HPOS="504"/>
							<String ID="string_179" HPOS="519" VPOS="722" WIDTH="73" HEIGHT="26" WC="0.92" CONTENT="hvarje"/><SP WIDTH="16" VPOS="722" HPOS="592"/>
							<String ID="string_180" HPOS="608" VPOS="722" WIDTH="82" HEIGHT="21" WC="0.92" CONTENT="radikal"/><SP WIDTH="15" VPOS="722" HPOS="690"/>
							<String ID="string_181" HPOS="705" VPOS="722" WIDTH="123" HEIGHT="25" WC="0.92" CONTENT="förändring"/><SP WIDTH="15" VPOS="722" HPOS="828"/>
							<String ID="string_182" HPOS="843" VPOS="722" WIDTH="7" HEIGHT="19" WC="0.93" CONTENT="i"/><SP WIDTH="16" VPOS="722" HPOS="850"/>
							<String ID="string_183" HPOS="866" VPOS="722" WIDTH="44" HEIGHT="25" WC="0.92" CONTENT="lag-"/>
						</TextLine>
						<TextLine ID="line_20" HPOS="74" VPOS="750" WIDTH="835" HEIGHT="27">
							<String ID="string_184" HPOS="74" VPOS="750" WIDTH="125" HEIGHT="27" WC="0.92" CONTENT="stiftningen"/><SP WIDTH="21" VPOS="750" HPOS="199"/>
							<String ID="string_185" HPOS="220" VPOS="751" WIDTH="39" HEIGHT="20" WC="0.95" CONTENT="och"/><SP WIDTH="22" VPOS="751" HPOS="259"/>
							<String ID="string_186" HPOS="281" VPOS="751" WIDTH="6" HEIGHT="20" WC="0.93" CONTENT="i"/><SP WIDTH="16" VPOS="751" HPOS="287"/>
							<String ID="string_187" HPOS="303" VPOS="751" WIDTH="48" HEIGHT="20" WC="0.93" CONTENT="dess"/><SP WIDTH="16" VPOS="751" HPOS="351"/>
							<String ID="string_188" HPOS="367" VPOS="751" WIDTH="191" HEIGHT="26" WC="0.92" CONTENT="politiskt-sociala"/><SP WIDTH="15" VPOS="751" HPOS="558"/>
							<String ID="string_189" HPOS="573" VPOS="750" WIDTH="153" HEIGHT="22" WC="0.89" CONTENT="förhällanden."/><SP WIDTH="31" VPOS="750" HPOS="726"/>
							<String ID="string_190" HPOS="757" VPOS="750" WIDTH="152" HEIGHT="22" WC="0.88" CONTENT="Reduktionen"/>
						</TextLine>
						<TextLine ID="line_21" HPOS="76" VPOS="779" WIDTH="834" HEIGHT="28">
							<String ID="string_191" HPOS="76" VPOS="779" WIDTH="39" HEIGHT="21" WC="0.96" CONTENT="hos"/><SP WIDTH="23" VPOS="779" HPOS="115"/>
							<String ID="string_192" HPOS="138" VPOS="785" WIDTH="34" HEIGHT="15" WC="0.96" CONTENT="oss"/><SP WIDTH="23" VPOS="785" HPOS="172"/>
							<String ID="string_193" HPOS="195" VPOS="779" WIDTH="54" HEIGHT="21" WC="0.93" CONTENT="hade"/><SP WIDTH="22" VPOS="779" HPOS="249"/>
							<String ID="string_194" HPOS="271" VPOS="779" WIDTH="64" HEIGHT="21" WC="0.91" CONTENT="ocksä"/><SP WIDTH="22" VPOS="779" HPOS="335"/>
							<String ID="string_195" HPOS="357" VPOS="782" WIDTH="31" HEIGHT="18" WC="0.93" CONTENT="ett"/><SP WIDTH="20" VPOS="782" HPOS="388"/>
							<String ID="string_196" HPOS="408" VPOS="779" WIDTH="98" HEIGHT="28" WC="0.92" CONTENT="politiskt"/><SP WIDTH="15" VPOS="779" HPOS="506"/>
							<String ID="string_197" HPOS="521" VPOS="779" WIDTH="60" HEIGHT="27" WC="0.96" CONTENT="syfte."/><SP WIDTH="31" VPOS="779" HPOS="581"/>
							<String ID="string_198" HPOS="612" VPOS="780" WIDTH="40" HEIGHT="26" WC="0.96" CONTENT="Jag"/><SP WIDTH="15" VPOS="780" HPOS="652"/>
							<String ID="string_199" HPOS="667" VPOS="779" WIDTH="36" HEIGHT="21" WC="0.93" CONTENT="vill"/><SP WIDTH="16" VPOS="779" HPOS="703"/>
							<String ID="string_200" HPOS="719" VPOS="779" WIDTH="18" HEIGHT="27" WC="0.92" CONTENT="ej"/><SP WIDTH="16" VPOS="779" HPOS="737"/>
							<String ID="string_201" HPOS="753" VPOS="779" WIDTH="116" HEIGHT="27" WC="0.93" CONTENT="uppehälla"/><SP WIDTH="14" VPOS="779" HPOS="869"/>
							<String ID="string_202" HPOS="883" VPOS="779" WIDTH="27" HEIGHT="20" WC="0.92" CONTENT="ti-"/>
						</TextLine>
						<TextLine ID="line_22" HPOS="74" VPOS="807" WIDTH="836" HEIGHT="28">
							<String ID="string_203" HPOS="74" VPOS="808" WIDTH="43" HEIGHT="20" WC="0.96" CONTENT="den"/><SP WIDTH="22" VPOS="808" HPOS="117"/>
							<String ID="string_204" HPOS="139" VPOS="808" WIDTH="48" HEIGHT="21" WC="0.96" CONTENT="med"/><SP WIDTH="24" VPOS="808" HPOS="187"/>
							<String ID="string_205" HPOS="211" VPOS="814" WIDTH="25" HEIGHT="15" WC="0.93" CONTENT="en"/><SP WIDTH="16" VPOS="814" HPOS="236"/>
							<String ID="string_206" HPOS="252" VPOS="809" WIDTH="123" HEIGHT="26" WC="0.91" CONTENT="utläggning"/><SP WIDTH="30" VPOS="809" HPOS="375"/>
							<String ID="string_207" HPOS="405" VPOS="809" WIDTH="23" HEIGHT="20" WC="0.96" CONTENT="af"/><SP WIDTH="14" VPOS="809" HPOS="428"/>
							<String ID="string_208" HPOS="442" VPOS="815" WIDTH="26" HEIGHT="14" WC="0.96" CONTENT="en"/><SP WIDTH="16" VPOS="815" HPOS="468"/>
							<String ID="string_209" HPOS="484" VPOS="809" WIDTH="24" HEIGHT="20" WC="0.96" CONTENT="sä"/><SP WIDTH="16" VPOS="809" HPOS="508"/>
							<String ID="string_210" HPOS="524" VPOS="808" WIDTH="89" HEIGHT="22" WC="0.93" CONTENT="allmänt"/><SP WIDTH="15" VPOS="808" HPOS="613"/>
							<String ID="string_211" HPOS="628" VPOS="808" WIDTH="79" HEIGHT="21" WC="0.92" CONTENT="bekant"/><SP WIDTH="16" VPOS="808" HPOS="707"/>
							<String ID="string_212" HPOS="723" VPOS="808" WIDTH="45" HEIGHT="21" WC="0.91" CONTENT="sak."/><SP WIDTH="30" VPOS="808" HPOS="768"/>
							<String ID="string_213" HPOS="798" VPOS="807" WIDTH="73" HEIGHT="22" WC="0.91" CONTENT="Kändt"/><SP WIDTH="15" VPOS="807" HPOS="871"/>
							<String ID="string_214" HPOS="886" VPOS="809" WIDTH="24" HEIGHT="19" WC="0.96" CONTENT="är"/>
						</TextLine>
						<TextLine ID="line_23" HPOS="75" VPOS="836" WIDTH="836" HEIGHT="27">
							<String ID="string_215" HPOS="75" VPOS="836" WIDTH="110" HEIGHT="21" WC="0.96" CONTENT="dessutom"/><SP WIDTH="16" VPOS="836" HPOS="185"/>
							<String ID="string_216" HPOS="201" VPOS="839" WIDTH="31" HEIGHT="18" WC="0.96" CONTENT="att"/><SP WIDTH="17" VPOS="839" HPOS="232"/>
							<String ID="string_217" HPOS="249" VPOS="837" WIDTH="26" HEIGHT="20" WC="0.93" CONTENT="de"/><SP WIDTH="14" VPOS="837" HPOS="275"/>
							<String ID="string_218" HPOS="289" VPOS="837" WIDTH="109" HEIGHT="21" WC="0.92" CONTENT="säkallade"/><SP WIDTH="16" VPOS="837" HPOS="398"/>
							<String ID="string_219" HPOS="414" VPOS="837" WIDTH="206" HEIGHT="26" WC="0.92" CONTENT="ständspersonerna"/><SP WIDTH="16" VPOS="837" HPOS="620"/>
							<String ID="string_220" HPOS="636" VPOS="837" WIDTH="38" HEIGHT="21" WC="0.96" CONTENT="hos"/><SP WIDTH="16" VPOS="837" HPOS="674"/>
							<String ID="string_221" HPOS="690" VPOS="843" WIDTH="34" HEIGHT="15" WC="0.96" CONTENT="oss"/><SP WIDTH="17" VPOS="843" HPOS="724"/>
							<String ID="string_222" HPOS="741" VPOS="837" WIDTH="87" HEIGHT="20" WC="0.93" CONTENT="allmänt"/><SP WIDTH="16" VPOS="837" HPOS="828"/>
							<String ID="string_223" HPOS="844" VPOS="836" WIDTH="67" HEIGHT="26" WC="0.92" CONTENT="draga"/>
						</TextLine>
						<TextLine ID="line_24" HPOS="73" VPOS="865" WIDTH="838" HEIGHT="28">
							<String ID="string_224" HPOS="73" VPOS="865" WIDTH="34" HEIGHT="26" WC="0.96" CONTENT="sig"/><SP WIDTH="16" VPOS="865" HPOS="107"/>
							<String ID="string_225" HPOS="123" VPOS="865" WIDTH="90" HEIGHT="21" WC="0.93" CONTENT="tillbaka"/><SP WIDTH="14" VPOS="865" HPOS="213"/>
							<String ID="string_226" HPOS="227" VPOS="865" WIDTH="46" HEIGHT="21" WC="0.93" CONTENT="frän"/><SP WIDTH="14" VPOS="865" HPOS="273"/>
							<String ID="string_227" HPOS="287" VPOS="865" WIDTH="130" HEIGHT="26" WC="0.96" CONTENT="jordbruket"/><SP WIDTH="15" VPOS="865" HPOS="417"/>
							<String ID="string_228" HPOS="432" VPOS="866" WIDTH="34" HEIGHT="20" WC="0.95" CONTENT="till"/><SP WIDTH="16" VPOS="866" HPOS="466"/>
							<String ID="string_229" HPOS="482" VPOS="866" WIDTH="67" HEIGHT="20" WC="0.93" CONTENT="andra"/><SP WIDTH="15" VPOS="866" HPOS="549"/>
							<String ID="string_230" HPOS="564" VPOS="867" WIDTH="100" HEIGHT="26" WC="0.92" CONTENT="näringar"/><SP WIDTH="15" VPOS="867" HPOS="664"/>
							<String ID="string_231" HPOS="679" VPOS="865" WIDTH="40" HEIGHT="22" WC="0.93" CONTENT="och"/><SP WIDTH="13" VPOS="865" HPOS="719"/>
							<String ID="string_232" HPOS="732" VPOS="865" WIDTH="76" HEIGHT="27" WC="0.92" CONTENT="jorden"/><SP WIDTH="16" VPOS="865" HPOS="808"/>
							<String ID="string_233" HPOS="824" VPOS="865" WIDTH="87" HEIGHT="27" WC="0.92" CONTENT="ätergär"/>
						</TextLine>
						<TextLine ID="line_25" HPOS="75" VPOS="893" WIDTH="836" HEIGHT="28">
							<String ID="string_234" HPOS="75" VPOS="894" WIDTH="7" HEIGHT="20" WC="0.93" CONTENT="i"/><SP WIDTH="16" VPOS="894" HPOS="82"/>
							<String ID="string_235" HPOS="98" VPOS="894" WIDTH="120" HEIGHT="21" WC="0.92" CONTENT="böndernas"/><SP WIDTH="22" VPOS="894" HPOS="218"/>
							<String ID="string_236" HPOS="240" VPOS="894" WIDTH="85" HEIGHT="21" WC="0.91" CONTENT="händer."/><SP WIDTH="31" VPOS="894" HPOS="325"/>
							<String ID="string_237" HPOS="356" VPOS="895" WIDTH="65" HEIGHT="20" WC="0.96" CONTENT="Detta"/><SP WIDTH="22" VPOS="895" HPOS="421"/>
							<String ID="string_238" HPOS="443" VPOS="895" WIDTH="43" HEIGHT="20" WC="0.95" CONTENT="kan"/><SP WIDTH="24" VPOS="895" HPOS="486"/>
							<String ID="string_239" HPOS="510" VPOS="901" WIDTH="50" HEIGHT="14" WC="0.95" CONTENT="vara"/><SP WIDTH="23" VPOS="901" HPOS="560"/>
							<String ID="string_240" HPOS="583" VPOS="895" WIDTH="33" HEIGHT="20" WC="0.96" CONTENT="för"/><SP WIDTH="20" VPOS="895" HPOS="616"/>
							<String ID="string_241" HPOS="636" VPOS="895" WIDTH="128" HEIGHT="26" WC="0.95" CONTENT="jordbruket"/><SP WIDTH="21" VPOS="895" HPOS="764"/>
							<String ID="string_242" HPOS="785" VPOS="895" WIDTH="7" HEIGHT="20" WC="0.95" CONTENT="i"/><SP WIDTH="24" VPOS="895" HPOS="792"/>
							<String ID="string_243" HPOS="816" VPOS="893" WIDTH="39" HEIGHT="22" WC="0.96" CONTENT="och"/><SP WIDTH="23" VPOS="893" HPOS="855"/>
							<String ID="string_244" HPOS="878" VPOS="893" WIDTH="33" HEIGHT="21" WC="0.96" CONTENT="för"/>
						</TextLine>
						<TextLine ID="line_26" HPOS="74" VPOS="921" WIDTH="837" HEIGHT="29">
							<String ID="string_245" HPOS="74" VPOS="922" WIDTH="34" HEIGHT="27" WC="0.96" CONTENT="sig"/><SP WIDTH="17" VPOS="922" HPOS="108"/>
							<String ID="string_246" HPOS="125" VPOS="922" WIDTH="34" HEIGHT="21" WC="0.93" CONTENT="det"/><SP WIDTH="14" VPOS="922" HPOS="159"/>
							<String ID="string_247" HPOS="173" VPOS="923" WIDTH="179" HEIGHT="26" WC="0.93" CONTENT="fördelaktigaste,"/><SP WIDTH="12" VPOS="923" HPOS="352"/>
							<String ID="string_248" HPOS="364" VPOS="929" WIDTH="48" HEIGHT="15" WC="0.97" CONTENT="men"/><SP WIDTH="9" VPOS="929" HPOS="412"/>
							<String ID="string_249" HPOS="421" VPOS="923" WIDTH="37" HEIGHT="27" WC="0.96" CONTENT="jag"/><SP WIDTH="12" VPOS="923" HPOS="458"/>
							<String ID="string_250" HPOS="470" VPOS="929" WIDTH="62" HEIGHT="15" WC="0.96" CONTENT="anser"/><SP WIDTH="12" VPOS="929" HPOS="532"/>
							<String ID="string_251" HPOS="544" VPOS="923" WIDTH="35" HEIGHT="21" WC="0.96" CONTENT="det"/><SP WIDTH="11" VPOS="923" HPOS="579"/>
							<String ID="string_252" HPOS="590" VPOS="930" WIDTH="52" HEIGHT="14" WC="0.96" CONTENT="vara"/><SP WIDTH="10" VPOS="930" HPOS="642"/>
							<String ID="string_253" HPOS="652" VPOS="923" WIDTH="84" HEIGHT="26" WC="0.93" CONTENT="mycket"/><SP WIDTH="10" VPOS="923" HPOS="736"/>
							<String ID="string_254" HPOS="746" VPOS="923" WIDTH="120" HEIGHT="26" WC="0.92" CONTENT="betänkligt"/><SP WIDTH="11" VPOS="923" HPOS="866"/>
							<String ID="string_255" HPOS="877" VPOS="921" WIDTH="34" HEIGHT="22" WC="0.96" CONTENT="för"/>
						</TextLine>
						<TextLine ID="line_27" HPOS="76" VPOS="951" WIDTH="835" HEIGHT="27">
							<String ID="string_256" HPOS="76" VPOS="952" WIDTH="38" HEIGHT="20" WC="0.93" CONTENT="vär"/><SP WIDTH="15" VPOS="952" HPOS="114"/>
							<String ID="string_257" HPOS="129" VPOS="951" WIDTH="100" HEIGHT="26" WC="0.93" CONTENT="politiska"/><SP WIDTH="18" VPOS="951" HPOS="229"/>
							<String ID="string_258" HPOS="247" VPOS="951" WIDTH="105" HEIGHT="27" WC="0.89" CONTENT="ställning."/><SP WIDTH="31" VPOS="951" HPOS="352"/>
							<String ID="string_259" HPOS="383" VPOS="952" WIDTH="38" HEIGHT="21" WC="0.93" CONTENT="Att"/><SP WIDTH="15" VPOS="952" HPOS="421"/>
							<String ID="string_260" HPOS="436" VPOS="951" WIDTH="109" HEIGHT="27" WC="0.90" CONTENT="ätskilliga"/><SP WIDTH="13" VPOS="951" HPOS="545"/>
							<String ID="string_261" HPOS="558" VPOS="951" WIDTH="174" HEIGHT="27" WC="0.92" CONTENT="jordlägenheter"/><SP WIDTH="15" VPOS="951" HPOS="732"/>
							<String ID="string_262" HPOS="747" VPOS="951" WIDTH="68" HEIGHT="21" WC="0.93" CONTENT="skulle"/><SP WIDTH="10" VPOS="951" HPOS="815"/>
							<String ID="string_263" HPOS="825" VPOS="951" WIDTH="86" HEIGHT="21" WC="0.93" CONTENT="behälla"/>
						</TextLine>
						<TextLine ID="line_28" HPOS="76" VPOS="979" WIDTH="835" HEIGHT="28">
							<String ID="string_264" HPOS="76" VPOS="980" WIDTH="66" HEIGHT="25" WC="0.96" CONTENT="några"/><SP WIDTH="21" VPOS="980" HPOS="142"/>
							<String ID="string_265" HPOS="163" VPOS="980" WIDTH="126" HEIGHT="26" WC="0.96" CONTENT="privilegier,"/><SP WIDTH="25" VPOS="980" HPOS="289"/>
							<String ID="string_266" HPOS="314" VPOS="986" WIDTH="62" HEIGHT="15" WC="0.96" CONTENT="anser"/><SP WIDTH="20" VPOS="986" HPOS="376"/>
							<String ID="string_267" HPOS="396" VPOS="981" WIDTH="37" HEIGHT="26" WC="0.93" CONTENT="jag"/><SP WIDTH="23" VPOS="981" HPOS="433"/>
							<String ID="string_268" HPOS="456" VPOS="981" WIDTH="48" HEIGHT="20" WC="0.96" CONTENT="icke"/><SP WIDTH="19" VPOS="981" HPOS="504"/>
							<String ID="string_269" HPOS="523" VPOS="987" WIDTH="51" HEIGHT="14" WC="0.93" CONTENT="vara"/><SP WIDTH="14" VPOS="987" HPOS="574"/>
							<String ID="string_270" HPOS="588" VPOS="981" WIDTH="70" HEIGHT="25" WC="0.93" CONTENT="någon"/><SP WIDTH="16" VPOS="981" HPOS="658"/>
							<String ID="string_271" HPOS="674" VPOS="981" WIDTH="54" HEIGHT="20" WC="0.92" CONTENT="väda"/><SP WIDTH="16" VPOS="981" HPOS="728"/>
							<String ID="string_272" HPOS="744" VPOS="980" WIDTH="32" HEIGHT="21" WC="0.93" CONTENT="för"/><SP WIDTH="15" VPOS="980" HPOS="776"/>
							<String ID="string_273" HPOS="791" VPOS="979" WIDTH="120" HEIGHT="26" WC="0.96" CONTENT="samhället,"/>
						</TextLine>
						<TextLine ID="line_29" HPOS="76" VPOS="1008" WIDTH="835" HEIGHT="28">
							<String ID="string_274" HPOS="76" VPOS="1011" WIDTH="52" HEIGHT="18" WC="0.96" CONTENT="utan"/><SP WIDTH="22" VPOS="1011" HPOS="128"/>
							<String ID="string_275" HPOS="150" VPOS="1008" WIDTH="50" HEIGHT="21" WC="0.96" CONTENT="ville"/><SP WIDTH="23" VPOS="1008" HPOS="200"/>
							<String ID="string_276" HPOS="223" VPOS="1009" WIDTH="34" HEIGHT="26" WC="0.96" CONTENT="jag"/><SP WIDTH="15" VPOS="1009" HPOS="257"/>
							<String ID="string_277" HPOS="272" VPOS="1009" WIDTH="41" HEIGHT="21" WC="0.93" CONTENT="fast"/><SP WIDTH="15" VPOS="1009" HPOS="313"/>
							<String ID="string_278" HPOS="328" VPOS="1009" WIDTH="66" HEIGHT="20" WC="0.90" CONTENT="hellre"/><SP WIDTH="16" VPOS="1009" HPOS="394"/>
							<String ID="string_279" HPOS="410" VPOS="1015" WIDTH="22" HEIGHT="14" WC="0.96" CONTENT="se"/><SP WIDTH="16" VPOS="1015" HPOS="432"/>
							<String ID="string_280" HPOS="448" VPOS="1015" WIDTH="27" HEIGHT="14" WC="0.96" CONTENT="en"/><SP WIDTH="16" VPOS="1015" HPOS="475"/>
							<String ID="string_281" HPOS="491" VPOS="1009" WIDTH="111" HEIGHT="27" WC="0.93" CONTENT="möjlighet"/><SP WIDTH="16" VPOS="1009" HPOS="602"/>
							<String ID="string_282" HPOS="618" VPOS="1009" WIDTH="113" HEIGHT="21" WC="0.93" CONTENT="förefinnas"/><SP WIDTH="16" VPOS="1009" HPOS="731"/>
							<String ID="string_283" HPOS="747" VPOS="1009" WIDTH="32" HEIGHT="21" WC="0.96" CONTENT="för"/><SP WIDTH="16" VPOS="1009" HPOS="779"/>
							<String ID="string_284" HPOS="795" VPOS="1009" WIDTH="41" HEIGHT="20" WC="0.93" CONTENT="den"/><SP WIDTH="14" VPOS="1009" HPOS="836"/>
							<String ID="string_285" HPOS="850" VPOS="1009" WIDTH="61" HEIGHT="26" WC="0.92" CONTENT="ringa"/>
						</TextLine>
						<TextLine ID="line_30" HPOS="76" VPOS="1037" WIDTH="835" HEIGHT="27">
							<String ID="string_286" HPOS="76" VPOS="1040" WIDTH="45" HEIGHT="18" WC="0.94" CONTENT="rest"/><SP WIDTH="22" VPOS="1040" HPOS="121"/>
							<String ID="string_287" HPOS="143" VPOS="1037" WIDTH="22" HEIGHT="20" WC="0.93" CONTENT="af"/><SP WIDTH="21" VPOS="1037" HPOS="165"/>
							<String ID="string_288" HPOS="186" VPOS="1037" WIDTH="46" HEIGHT="21" WC="0.91" CONTENT="adel"/><SP WIDTH="25" VPOS="1037" HPOS="232"/>
							<String ID="string_289" HPOS="257" VPOS="1043" WIDTH="44" HEIGHT="15" WC="0.95" CONTENT="som"/><SP WIDTH="24" VPOS="1043" HPOS="301"/>
							<String ID="string_290" HPOS="325" VPOS="1037" WIDTH="20" HEIGHT="21" WC="0.93" CONTENT="vi"/><SP WIDTH="16" VPOS="1037" HPOS="345"/>
							<String ID="string_291" HPOS="361" VPOS="1037" WIDTH="68" HEIGHT="25" WC="0.92" CONTENT="hafva,"/><SP WIDTH="17" VPOS="1037" HPOS="429"/>
							<String ID="string_292" HPOS="446" VPOS="1040" WIDTH="33" HEIGHT="19" WC="0.93" CONTENT="att"/><SP WIDTH="18" VPOS="1040" HPOS="479"/>
							<String ID="string_293" HPOS="497" VPOS="1038" WIDTH="69" HEIGHT="21" WC="0.92" CONTENT="säsom"/><SP WIDTH="16" VPOS="1038" HPOS="566"/>
							<String ID="string_294" HPOS="582" VPOS="1040" WIDTH="31" HEIGHT="19" WC="0.93" CONTENT="ett"/><SP WIDTH="16" VPOS="1040" HPOS="613"/>
							<String ID="string_295" HPOS="629" VPOS="1038" WIDTH="123" HEIGHT="26" WC="0.92" CONTENT="patriotiskt"/><SP WIDTH="14" VPOS="1038" HPOS="752"/>
							<String ID="string_296" HPOS="766" VPOS="1037" WIDTH="145" HEIGHT="27" WC="0.91" CONTENT="själfständigt"/>
						</TextLine>
						<TextLine ID="line_31" HPOS="77" VPOS="1064" WIDTH="834" HEIGHT="30">
							<String ID="string_297" HPOS="77" VPOS="1064" WIDTH="67" HEIGHT="22" WC="0.93" CONTENT="Ständ"/><SP WIDTH="23" VPOS="1064" HPOS="144"/>
							<String ID="string_298" HPOS="167" VPOS="1067" WIDTH="76" HEIGHT="24" WC="0.95" CONTENT="utgöra"/><SP WIDTH="15" VPOS="1067" HPOS="243"/>
							<String ID="string_299" HPOS="258" VPOS="1068" WIDTH="31" HEIGHT="18" WC="0.93" CONTENT="ett"/><SP WIDTH="16" VPOS="1068" HPOS="289"/>
							<String ID="string_300" HPOS="305" VPOS="1066" WIDTH="136" HEIGHT="26" WC="0.93" CONTENT="välbehöfligt"/><SP WIDTH="15" VPOS="1066" HPOS="441"/>
							<String ID="string_301" HPOS="456" VPOS="1065" WIDTH="100" HEIGHT="27" WC="0.91" CONTENT="politiskt"/><SP WIDTH="14" VPOS="1065" HPOS="556"/>
							<String ID="string_302" HPOS="570" VPOS="1066" WIDTH="49" HEIGHT="21" WC="0.96" CONTENT="stöd"/><SP WIDTH="15" VPOS="1066" HPOS="619"/>
							<String ID="string_303" HPOS="634" VPOS="1066" WIDTH="35" HEIGHT="21" WC="0.95" CONTENT="vid"/><SP WIDTH="16" VPOS="1066" HPOS="669"/>
							<String ID="string_304" HPOS="685" VPOS="1066" WIDTH="59" HEIGHT="21" WC="0.96" CONTENT="sidan"/><SP WIDTH="16" VPOS="1066" HPOS="744"/>
							<String ID="string_305" HPOS="760" VPOS="1066" WIDTH="23" HEIGHT="28" WC="0.97" CONTENT="af"/><SP WIDTH="14" VPOS="1066" HPOS="783"/>
							<String ID="string_306" HPOS="797" VPOS="1066" WIDTH="39" HEIGHT="20" WC="0.93" CONTENT="och"/><SP WIDTH="16" VPOS="1066" HPOS="836"/>
							<String ID="string_307" HPOS="852" VPOS="1068" WIDTH="59" HEIGHT="19" WC="0.92" CONTENT="utom"/>
						</TextLine>
						<TextLine ID="line_32" HPOS="77" VPOS="1093" WIDTH="835" HEIGHT="23">
							<String ID="string_308" HPOS="77" VPOS="1093" WIDTH="40" HEIGHT="21" WC="0.95" CONTENT="den"/><SP WIDTH="16" VPOS="1093" HPOS="117"/>
							<String ID="string_309" HPOS="133" VPOS="1100" WIDTH="45" HEIGHT="14" WC="0.96" CONTENT="mer"/><SP WIDTH="15" VPOS="1100" HPOS="178"/>
							<String ID="string_310" HPOS="193" VPOS="1094" WIDTH="52" HEIGHT="21" WC="0.96" CONTENT="eller"/><SP WIDTH="16" VPOS="1094" HPOS="245"/>
							<String ID="string_311" HPOS="261" VPOS="1094" WIDTH="81" HEIGHT="21" WC="0.93" CONTENT="mindre"/><SP WIDTH="17" VPOS="1094" HPOS="342"/>
							<String ID="string_312" HPOS="359" VPOS="1094" WIDTH="106" HEIGHT="21" WC="0.93" CONTENT="beroende"/><SP WIDTH="17" VPOS="1094" HPOS="465"/>
							<String ID="string_313" HPOS="482" VPOS="1095" WIDTH="252" HEIGHT="21" WC="0.87" CONTENT="embetsmannaklassen."/><SP WIDTH="32" VPOS="1095" HPOS="734"/>
							<String ID="string_314" HPOS="766" VPOS="1093" WIDTH="146" HEIGHT="23" WC="0.7" CONTENT="OÖfverhufvud"/>
						</TextLine>
						<TextLine ID="line_33" HPOS="77" VPOS="1122" WIDTH="835" HEIGHT="28">
							<String ID="string_315" HPOS="77" VPOS="1128" WIDTH="50" HEIGHT="15" WC="0.92" CONTENT="vore"/><SP WIDTH="24" VPOS="1128" HPOS="127"/>
							<String ID="string_316" HPOS="151" VPOS="1122" WIDTH="36" HEIGHT="21" WC="0.96" CONTENT="det"/><SP WIDTH="16" VPOS="1122" HPOS="187"/>
							<String ID="string_317" HPOS="203" VPOS="1123" WIDTH="65" HEIGHT="26" WC="0.96" CONTENT="enligt"/><SP WIDTH="15" VPOS="1123" HPOS="268"/>
							<String ID="string_318" HPOS="283" VPOS="1123" WIDTH="49" HEIGHT="21" WC="0.93" CONTENT="mitt"/><SP WIDTH="15" VPOS="1123" HPOS="332"/>
							<String ID="string_319" HPOS="347" VPOS="1123" WIDTH="139" HEIGHT="21" WC="0.93" CONTENT="förmenande"/><SP WIDTH="17" VPOS="1123" HPOS="486"/>
							<String ID="string_320" HPOS="503" VPOS="1123" WIDTH="111" HEIGHT="27" WC="0.91" CONTENT="högeligen"/><SP WIDTH="16" VPOS="1123" HPOS="614"/>
							<String ID="string_321" HPOS="630" VPOS="1123" WIDTH="100" HEIGHT="27" WC="0.92" CONTENT="önskligt,"/><SP WIDTH="15" VPOS="1123" HPOS="730"/>
							<String ID="string_322" HPOS="745" VPOS="1125" WIDTH="32" HEIGHT="19" WC="0.93" CONTENT="att"/><SP WIDTH="15" VPOS="1125" HPOS="777"/>
							<String ID="string_323" HPOS="792" VPOS="1123" WIDTH="69" HEIGHT="26" WC="0.93" CONTENT="nägon"/><SP WIDTH="17" VPOS="1123" HPOS="861"/>
							<String ID="string_324" HPOS="878" VPOS="1123" WIDTH="34" HEIGHT="21" WC="0.96" CONTENT="del"/>
						</TextLine>
						<TextLine ID="line_34" HPOS="77" VPOS="1151" WIDTH="835" HEIGHT="27">
							<String ID="string_325" HPOS="77" VPOS="1151" WIDTH="24" HEIGHT="20" WC="0.96" CONTENT="af"/><SP WIDTH="12" VPOS="1151" HPOS="101"/>
							<String ID="string_326" HPOS="113" VPOS="1151" WIDTH="40" HEIGHT="20" WC="0.93" CONTENT="den"/><SP WIDTH="15" VPOS="1151" HPOS="153"/>
							<String ID="string_327" HPOS="168" VPOS="1151" WIDTH="85" HEIGHT="21" WC="0.92" CONTENT="bildade"/><SP WIDTH="9" VPOS="1151" HPOS="253"/>
							<String ID="string_328" HPOS="262" VPOS="1151" WIDTH="84" HEIGHT="21" WC="0.92" CONTENT="klassen"/><SP WIDTH="9" VPOS="1151" HPOS="346"/>
							<String ID="string_329" HPOS="355" VPOS="1152" WIDTH="71" HEIGHT="20" WC="0.96" CONTENT="kunde"/><SP WIDTH="8" VPOS="1152" HPOS="426"/>
							<String ID="string_330" HPOS="434" VPOS="1157" WIDTH="56" HEIGHT="20" WC="0.96" CONTENT="egna"/><SP WIDTH="10" VPOS="1157" HPOS="490"/>
							<String ID="string_331" HPOS="500" VPOS="1152" WIDTH="31" HEIGHT="20" WC="0.96" CONTENT="sin"/><SP WIDTH="9" VPOS="1152" HPOS="531"/>
							<String ID="string_332" HPOS="540" VPOS="1152" WIDTH="135" HEIGHT="21" WC="0.92" CONTENT="verksamhet"/><SP WIDTH="9" VPOS="1152" HPOS="675"/>
							<String ID="string_333" HPOS="684" VPOS="1152" WIDTH="61" HEIGHT="21" WC="0.92" CONTENT="äfven"/><SP WIDTH="9" VPOS="1152" HPOS="745"/>
							<String ID="string_334" HPOS="754" VPOS="1151" WIDTH="22" HEIGHT="22" WC="0.96" CONTENT="ät"/><SP WIDTH="7" VPOS="1151" HPOS="776"/>
							<String ID="string_335" HPOS="783" VPOS="1151" WIDTH="129" HEIGHT="27" WC="0.96" CONTENT="jordbruket"/>
						</TextLine>
						<TextLine ID="line_35" HPOS="77" VPOS="1179" WIDTH="834" HEIGHT="28">
							<String ID="string_336" HPOS="77" VPOS="1182" WIDTH="23" HEIGHT="23" WC="0.96" CONTENT="ty"/><SP WIDTH="13" VPOS="1182" HPOS="100"/>
							<String ID="string_337" HPOS="113" VPOS="1179" WIDTH="129" HEIGHT="27" WC="0.96" CONTENT="jordbruket"/><SP WIDTH="16" VPOS="1179" HPOS="242"/>
							<String ID="string_338" HPOS="258" VPOS="1182" WIDTH="23" HEIGHT="19" WC="0.93" CONTENT="är"/><SP WIDTH="16" VPOS="1182" HPOS="281"/>
							<String ID="string_339" HPOS="297" VPOS="1180" WIDTH="82" HEIGHT="21" WC="0.93" CONTENT="ändock"/><SP WIDTH="16" VPOS="1180" HPOS="379"/>
							<String ID="string_340" HPOS="395" VPOS="1180" WIDTH="178" HEIGHT="27" WC="0.92" CONTENT="modernäringen"/><SP WIDTH="16" VPOS="1180" HPOS="573"/>
							<String ID="string_341" HPOS="589" VPOS="1181" WIDTH="60" HEIGHT="20" WC="0.92" CONTENT="äfven"/><SP WIDTH="11" VPOS="1181" HPOS="649"/>
							<String ID="string_342" HPOS="660" VPOS="1181" WIDTH="6" HEIGHT="20" WC="0.93" CONTENT="i"/><SP WIDTH="12" VPOS="1181" HPOS="666"/>
							<String ID="string_343" HPOS="678" VPOS="1181" WIDTH="76" HEIGHT="26" WC="0.92" CONTENT="sedligt"/><SP WIDTH="11" VPOS="1181" HPOS="754"/>
							<String ID="string_344" HPOS="765" VPOS="1180" WIDTH="39" HEIGHT="21" WC="0.93" CONTENT="och"/><SP WIDTH="11" VPOS="1180" HPOS="804"/>
							<String ID="string_345" HPOS="815" VPOS="1179" WIDTH="96" HEIGHT="28" WC="0.93" CONTENT="religiöst"/>
						</TextLine>
						<TextLine ID="line_36" HPOS="77" VPOS="1208" WIDTH="835" HEIGHT="27">
							<String ID="string_346" HPOS="77" VPOS="1208" WIDTH="105" HEIGHT="21" WC="0.93" CONTENT="afseende."/><SP WIDTH="32" VPOS="1208" HPOS="182"/>
							<String ID="string_347" HPOS="214" VPOS="1209" WIDTH="42" HEIGHT="20" WC="0.96" CONTENT="Det"/><SP WIDTH="23" VPOS="1209" HPOS="256"/>
							<String ID="string_348" HPOS="279" VPOS="1211" WIDTH="23" HEIGHT="18" WC="0.96" CONTENT="är"/><SP WIDTH="22" VPOS="1211" HPOS="302"/>
							<String ID="string_349" HPOS="324" VPOS="1209" WIDTH="43" HEIGHT="21" WC="0.93" CONTENT="lika"/><SP WIDTH="15" VPOS="1209" HPOS="367"/>
							<String ID="string_350" HPOS="382" VPOS="1209" WIDTH="81" HEIGHT="26" WC="0.93" CONTENT="vädligt"/><SP WIDTH="17" VPOS="1209" HPOS="463"/>
							<String ID="string_351" HPOS="480" VPOS="1209" WIDTH="33" HEIGHT="20" WC="0.96" CONTENT="för"/><SP WIDTH="16" VPOS="1209" HPOS="513"/>
							<String ID="string_352" HPOS="529" VPOS="1211" WIDTH="31" HEIGHT="19" WC="0.96" CONTENT="ett"/><SP WIDTH="15" VPOS="1211" HPOS="560"/>
							<String ID="string_353" HPOS="575" VPOS="1209" WIDTH="50" HEIGHT="21" WC="0.96" CONTENT="land"/><SP WIDTH="16" VPOS="1209" HPOS="625"/>
							<String ID="string_354" HPOS="641" VPOS="1216" WIDTH="34" HEIGHT="14" WC="0.96" CONTENT="om"/><SP WIDTH="16" VPOS="1216" HPOS="675"/>
							<String ID="string_355" HPOS="691" VPOS="1210" WIDTH="26" HEIGHT="20" WC="0.93" CONTENT="de"/><SP WIDTH="15" VPOS="1210" HPOS="717"/>
							<String ID="string_356" HPOS="732" VPOS="1209" WIDTH="125" HEIGHT="20" WC="0.92" CONTENT="industriela"/><SP WIDTH="15" VPOS="1209" HPOS="857"/>
							<String ID="string_357" HPOS="872" VPOS="1209" WIDTH="40" HEIGHT="20" WC="0.96" CONTENT="och"/>
						</TextLine>
						<TextLine ID="line_37" HPOS="77" VPOS="1237" WIDTH="835" HEIGHT="27">
							<String ID="string_358" HPOS="77" VPOS="1237" WIDTH="224" HEIGHT="26" WC="0.92" CONTENT="köpmansintressena"/><SP WIDTH="24" VPOS="1237" HPOS="301"/>
							<String ID="string_359" HPOS="325" VPOS="1237" WIDTH="21" HEIGHT="21" WC="0.92" CONTENT="fä"/><SP WIDTH="21" VPOS="1237" HPOS="346"/>
							<String ID="string_360" HPOS="367" VPOS="1237" WIDTH="73" HEIGHT="21" WC="0.91" CONTENT="alltför"/><SP WIDTH="24" VPOS="1237" HPOS="440"/>
							<String ID="string_361" HPOS="464" VPOS="1237" WIDTH="86" HEIGHT="27" WC="0.93" CONTENT="mycket"/><SP WIDTH="23" VPOS="1237" HPOS="550"/>
							<String ID="string_362" HPOS="573" VPOS="1238" WIDTH="122" HEIGHT="26" WC="0.88" CONTENT="öfverhand,"/><SP WIDTH="24" VPOS="1238" HPOS="695"/>
							<String ID="string_363" HPOS="719" VPOS="1244" WIDTH="44" HEIGHT="15" WC="0.96" CONTENT="som"/><SP WIDTH="24" VPOS="1244" HPOS="763"/>
							<String ID="string_364" HPOS="787" VPOS="1243" WIDTH="35" HEIGHT="15" WC="0.92" CONTENT="om"/><SP WIDTH="13" VPOS="1243" HPOS="822"/>
							<String ID="string_365" HPOS="835" VPOS="1237" WIDTH="77" HEIGHT="26" WC="0.91" CONTENT="jorden"/>
						</TextLine>
						<TextLine ID="line_38" HPOS="77" VPOS="1265" WIDTH="835" HEIGHT="28">
							<String ID="string_366" HPOS="77" VPOS="1270" WIDTH="88" HEIGHT="15" WC="0.92" CONTENT="stannar"/><SP WIDTH="16" VPOS="1270" HPOS="165"/>
							<String ID="string_367" HPOS="181" VPOS="1266" WIDTH="76" HEIGHT="21" WC="0.95" CONTENT="endast"/><SP WIDTH="16" VPOS="1266" HPOS="257"/>
							<String ID="string_368" HPOS="273" VPOS="1266" WIDTH="6" HEIGHT="21" WC="0.96" CONTENT="i"/><SP WIDTH="16" VPOS="1266" HPOS="279"/>
							<String ID="string_369" HPOS="295" VPOS="1267" WIDTH="39" HEIGHT="20" WC="0.96" CONTENT="den"/><SP WIDTH="17" VPOS="1267" HPOS="334"/>
							<String ID="string_370" HPOS="351" VPOS="1266" WIDTH="82" HEIGHT="21" WC="0.93" CONTENT="mindre"/><SP WIDTH="16" VPOS="1266" HPOS="433"/>
							<String ID="string_371" HPOS="449" VPOS="1267" WIDTH="87" HEIGHT="20" WC="0.92" CONTENT="bildade"/><SP WIDTH="16" VPOS="1267" HPOS="536"/>
							<String ID="string_372" HPOS="552" VPOS="1266" WIDTH="115" HEIGHT="27" WC="0.92" CONTENT="allmogens"/><SP WIDTH="17" VPOS="1266" HPOS="667"/>
							<String ID="string_373" HPOS="684" VPOS="1267" WIDTH="86" HEIGHT="20" WC="0.91" CONTENT="händer."/><SP WIDTH="22" VPOS="1267" HPOS="770"/>
							<String ID="string_374" HPOS="792" VPOS="1266" WIDTH="11" HEIGHT="21" WC="0.89" CONTENT="I"/><SP WIDTH="16" VPOS="1266" HPOS="803"/>
							<String ID="string_375" HPOS="819" VPOS="1266" WIDTH="42" HEIGHT="21" WC="0.96" CONTENT="alla"/><SP WIDTH="14" VPOS="1266" HPOS="861"/>
							<String ID="string_376" HPOS="875" VPOS="1265" WIDTH="37" HEIGHT="22" WC="0.94" CONTENT="fall"/>
						</TextLine>
						<TextLine ID="line_39" HPOS="76" VPOS="1293" WIDTH="837" HEIGHT="29">
							<String ID="string_377" HPOS="76" VPOS="1295" WIDTH="25" HEIGHT="19" WC="0.95" CONTENT="är"/><SP WIDTH="16" VPOS="1295" HPOS="101"/>
							<String ID="string_378" HPOS="117" VPOS="1293" WIDTH="35" HEIGHT="21" WC="0.96" CONTENT="det"/><SP WIDTH="16" VPOS="1293" HPOS="152"/>
							<String ID="string_379" HPOS="168" VPOS="1296" WIDTH="81" HEIGHT="19" WC="0.93" CONTENT="statens"/><SP WIDTH="16" VPOS="1296" HPOS="249"/>
							<String ID="string_380" HPOS="265" VPOS="1295" WIDTH="52" HEIGHT="26" WC="0.93" CONTENT="pligt"/><SP WIDTH="16" VPOS="1295" HPOS="317"/>
							<String ID="string_381" HPOS="333" VPOS="1298" WIDTH="44" HEIGHT="17" WC="0.96" CONTENT="mot"/><SP WIDTH="16" VPOS="1298" HPOS="377"/>
							<String ID="string_382" HPOS="393" VPOS="1295" WIDTH="32" HEIGHT="27" WC="0.93" CONTENT="sig"/><SP WIDTH="14" VPOS="1295" HPOS="425"/>
							<String ID="string_383" HPOS="439" VPOS="1295" WIDTH="53" HEIGHT="26" WC="0.93" CONTENT="själf"/><SP WIDTH="13" VPOS="1295" HPOS="492"/>
							<String ID="string_384" HPOS="505" VPOS="1297" WIDTH="32" HEIGHT="19" WC="0.93" CONTENT="att"/><SP WIDTH="15" VPOS="1297" HPOS="537"/>
							<String ID="string_385" HPOS="552" VPOS="1295" WIDTH="46" HEIGHT="21" WC="0.92" CONTENT="icke"/><SP WIDTH="16" VPOS="1295" HPOS="598"/>
							<String ID="string_386" HPOS="614" VPOS="1302" WIDTH="75" HEIGHT="20" WC="0.93" CONTENT="genom"/><SP WIDTH="12" VPOS="1302" HPOS="689"/>
							<String ID="string_387" HPOS="701" VPOS="1295" WIDTH="114" HEIGHT="27" WC="0.91" CONTENT="utsugning"/><SP WIDTH="13" VPOS="1295" HPOS="815"/>
							<String ID="string_388" HPOS="828" VPOS="1295" WIDTH="85" HEIGHT="21" WC="0.90" CONTENT="hämma"/>
						</TextLine>
						<TextLine ID="line_40" HPOS="76" VPOS="1321" WIDTH="837" HEIGHT="30">
							<String ID="string_389" HPOS="76" VPOS="1321" WIDTH="132" HEIGHT="22" WC="0.92" CONTENT="lifsvilkoren"/><SP WIDTH="21" VPOS="1321" HPOS="208"/>
							<String ID="string_390" HPOS="229" VPOS="1323" WIDTH="33" HEIGHT="21" WC="0.96" CONTENT="för"/><SP WIDTH="16" VPOS="1323" HPOS="262"/>
							<String ID="string_391" HPOS="278" VPOS="1324" WIDTH="30" HEIGHT="26" WC="0.93" CONTENT="sig"/><SP WIDTH="15" VPOS="1324" HPOS="308"/>
							<String ID="string_392" HPOS="323" VPOS="1323" WIDTH="50" HEIGHT="27" WC="0.92" CONTENT="själf"/><SP WIDTH="13" VPOS="1323" HPOS="373"/>
							<String ID="string_393" HPOS="386" VPOS="1327" WIDTH="56" HEIGHT="18" WC="0.96" CONTENT="samt"/><SP WIDTH="16" VPOS="1327" HPOS="442"/>
							<String ID="string_394" HPOS="458" VPOS="1326" WIDTH="34" HEIGHT="19" WC="0.93" CONTENT="att"/><SP WIDTH="15" VPOS="1326" HPOS="492"/>
							<String ID="string_395" HPOS="507" VPOS="1324" WIDTH="46" HEIGHT="21" WC="0.92" CONTENT="icke"/><SP WIDTH="16" VPOS="1324" HPOS="553"/>
							<String ID="string_396" HPOS="569" VPOS="1330" WIDTH="75" HEIGHT="21" WC="0.93" CONTENT="genom"/><SP WIDTH="16" VPOS="1330" HPOS="644"/>
							<String ID="string_397" HPOS="660" VPOS="1324" WIDTH="118" HEIGHT="26" WC="0.91" CONTENT="kränkning"/><SP WIDTH="16" VPOS="1324" HPOS="778"/>
							<String ID="string_398" HPOS="794" VPOS="1323" WIDTH="22" HEIGHT="22" WC="0.96" CONTENT="af"/><SP WIDTH="14" VPOS="1323" HPOS="816"/>
							<String ID="string_399" HPOS="830" VPOS="1323" WIDTH="36" HEIGHT="21" WC="0.93" CONTENT="det"/><SP WIDTH="15" VPOS="1323" HPOS="866"/>
							<String ID="string_400" HPOS="881" VPOS="1324" WIDTH="32" HEIGHT="20" WC="0.93" CONTENT="hi-"/>
						</TextLine>
						<TextLine ID="line_41" HPOS="76" VPOS="1351" WIDTH="836" HEIGHT="28">
							<String ID="string_401" HPOS="76" VPOS="1351" WIDTH="89" HEIGHT="20" WC="0.93" CONTENT="storiskt"/><SP WIDTH="16" VPOS="1351" HPOS="165"/>
							<String ID="string_402" HPOS="181" VPOS="1353" WIDTH="56" HEIGHT="20" WC="0.91" CONTENT="rätta"/><SP WIDTH="16" VPOS="1353" HPOS="237"/>
							<String ID="string_403" HPOS="253" VPOS="1352" WIDTH="82" HEIGHT="21" WC="0.93" CONTENT="kränka"/><SP WIDTH="15" VPOS="1352" HPOS="335"/>
							<String ID="string_404" HPOS="350" VPOS="1353" WIDTH="147" HEIGHT="20" WC="0.92" CONTENT="rättskänslan"/><SP WIDTH="15" VPOS="1353" HPOS="497"/>
							<String ID="string_405" HPOS="512" VPOS="1353" WIDTH="7" HEIGHT="20" WC="0.93" CONTENT="i"/><SP WIDTH="16" VPOS="1353" HPOS="519"/>
							<String ID="string_406" HPOS="535" VPOS="1353" WIDTH="129" HEIGHT="26" WC="0.92" CONTENT="allmänhet;"/><SP WIDTH="17" VPOS="1353" HPOS="664"/>
							<String ID="string_407" HPOS="681" VPOS="1353" WIDTH="48" HEIGHT="21" WC="0.96" CONTENT="med"/><SP WIDTH="15" VPOS="1353" HPOS="729"/>
							<String ID="string_408" HPOS="744" VPOS="1355" WIDTH="31" HEIGHT="18" WC="0.96" CONTENT="ett"/><SP WIDTH="15" VPOS="1355" HPOS="775"/>
							<String ID="string_409" HPOS="790" VPOS="1353" WIDTH="39" HEIGHT="20" WC="0.96" CONTENT="ord"/><SP WIDTH="17" VPOS="1353" HPOS="829"/>
							<String ID="string_410" HPOS="846" VPOS="1353" WIDTH="32" HEIGHT="20" WC="0.93" CONTENT="att"/><SP WIDTH="15" VPOS="1353" HPOS="878"/>
							<String ID="string_411" HPOS="893" VPOS="1352" WIDTH="19" HEIGHT="26" WC="0.92" CONTENT="ej"/>
						</TextLine>
						<TextLine ID="line_42" HPOS="76" VPOS="1380" WIDTH="837" HEIGHT="27">
							<String ID="string_412" HPOS="76" VPOS="1381" WIDTH="53" HEIGHT="24" WC="0.96" CONTENT="göra"/><SP WIDTH="22" VPOS="1381" HPOS="129"/>
							<String ID="string_413" HPOS="151" VPOS="1380" WIDTH="127" HEIGHT="26" WC="0.96" CONTENT="revolution,"/><SP WIDTH="24" VPOS="1380" HPOS="278"/>
							<String ID="string_414" HPOS="302" VPOS="1383" WIDTH="22" HEIGHT="24" WC="0.96" CONTENT="ty"/><SP WIDTH="21" VPOS="1383" HPOS="324"/>
							<String ID="string_415" HPOS="345" VPOS="1383" WIDTH="71" HEIGHT="19" WC="0.96" CONTENT="staten"/><SP WIDTH="22" VPOS="1383" HPOS="416"/>
							<String ID="string_416" HPOS="438" VPOS="1381" WIDTH="44" HEIGHT="21" WC="0.93" CONTENT="kan"/><SP WIDTH="17" VPOS="1381" HPOS="482"/>
							<String ID="string_417" HPOS="499" VPOS="1382" WIDTH="18" HEIGHT="25" WC="0.92" CONTENT="ej"/><SP WIDTH="17" VPOS="1382" HPOS="517"/>
							<String ID="string_418" HPOS="534" VPOS="1381" WIDTH="63" HEIGHT="21" WC="0.92" CONTENT="hafva"/><SP WIDTH="15" VPOS="1381" HPOS="597"/>
							<String ID="string_419" HPOS="612" VPOS="1382" WIDTH="69" HEIGHT="21" WC="0.92" CONTENT="säsom"/><SP WIDTH="16" VPOS="1382" HPOS="681"/>
							<String ID="string_420" HPOS="697" VPOS="1388" WIDTH="61" HEIGHT="15" WC="0.96" CONTENT="norm"/><SP WIDTH="16" VPOS="1388" HPOS="758"/>
							<String ID="string_421" HPOS="774" VPOS="1381" WIDTH="32" HEIGHT="21" WC="0.97" CONTENT="för"/><SP WIDTH="16" VPOS="1381" HPOS="806"/>
							<String ID="string_422" HPOS="822" VPOS="1381" WIDTH="32" HEIGHT="20" WC="0.93" CONTENT="sin"/><SP WIDTH="16" VPOS="1381" HPOS="854"/>
							<String ID="string_423" HPOS="870" VPOS="1381" WIDTH="43" HEIGHT="26" WC="0.93" CONTENT="lag-"/>
						</TextLine>
						<TextLine ID="line_43" HPOS="76" VPOS="1407" WIDTH="484" HEIGHT="29">
							<String ID="string_424" HPOS="76" VPOS="1407" WIDTH="106" HEIGHT="26" WC="0.89" CONTENT="stiftning:"/><SP WIDTH="17" VPOS="1407" HPOS="182"/>
							<String ID="string_425" HPOS="199" VPOS="1408" WIDTH="49" HEIGHT="25" WC="0.72" CONTENT=",fiat"/><SP WIDTH="13" VPOS="1408" HPOS="248"/>
							<String ID="string_426" HPOS="261" VPOS="1409" WIDTH="83" HEIGHT="26" WC="0.93" CONTENT="justitia"/><SP WIDTH="15" VPOS="1409" HPOS="344"/>
							<String ID="string_427" HPOS="359" VPOS="1412" WIDTH="74" HEIGHT="24" WC="0.91" CONTENT="pereat"/><SP WIDTH="16" VPOS="1412" HPOS="433"/>
							<String ID="string_428" HPOS="449" VPOS="1410" WIDTH="111" HEIGHT="21" WC="0.74" CONTENT="mundus*."/>
						</TextLine>
					</TextBlock>
					<TextBlock ID="block_3" HPOS="75" VPOS="1437" WIDTH="838" HEIGHT="114">
						<TextLine ID="line_44" HPOS="145" VPOS="1437" WIDTH="768" HEIGHT="28">
							<String ID="string_429" HPOS="145" VPOS="1437" WIDTH="43" HEIGHT="21" WC="0.96" CONTENT="Det"/><SP WIDTH="23" VPOS="1437" HPOS="188"/>
							<String ID="string_430" HPOS="211" VPOS="1439" WIDTH="25" HEIGHT="19" WC="0.96" CONTENT="är"/><SP WIDTH="16" VPOS="1439" HPOS="236"/>
							<String ID="string_431" HPOS="252" VPOS="1438" WIDTH="61" HEIGHT="21" WC="0.96" CONTENT="dessa"/><SP WIDTH="16" VPOS="1438" HPOS="313"/>
							<String ID="string_432" HPOS="329" VPOS="1439" WIDTH="131" HEIGHT="26" WC="0.96" CONTENT="synpunkter"/><SP WIDTH="18" VPOS="1439" HPOS="460"/>
							<String ID="string_433" HPOS="478" VPOS="1444" WIDTH="45" HEIGHT="15" WC="0.96" CONTENT="som"/><SP WIDTH="14" VPOS="1444" HPOS="523"/>
							<String ID="string_434" HPOS="537" VPOS="1439" WIDTH="37" HEIGHT="26" WC="0.93" CONTENT="jag"/><SP WIDTH="16" VPOS="1439" HPOS="574"/>
							<String ID="string_435" HPOS="590" VPOS="1441" WIDTH="70" HEIGHT="19" WC="0.93" CONTENT="ansett"/><SP WIDTH="15" VPOS="1441" HPOS="660"/>
							<String ID="string_436" HPOS="675" VPOS="1439" WIDTH="43" HEIGHT="26" WC="0.92" CONTENT="mig"/><SP WIDTH="14" VPOS="1439" HPOS="718"/>
							<String ID="string_437" HPOS="732" VPOS="1438" WIDTH="54" HEIGHT="21" WC="0.92" CONTENT="böra"/><SP WIDTH="14" VPOS="1438" HPOS="786"/>
							<String ID="string_438" HPOS="800" VPOS="1438" WIDTH="113" HEIGHT="21" WC="0.92" CONTENT="framhälla"/>
						</TextLine>
						<TextLine ID="line_45" HPOS="75" VPOS="1465" WIDTH="838" HEIGHT="29">
							<String ID="string_439" HPOS="75" VPOS="1465" WIDTH="41" HEIGHT="21" WC="0.94" CONTENT="och"/><SP WIDTH="9" VPOS="1465" HPOS="116"/>
							<String ID="string_440" HPOS="125" VPOS="1465" WIDTH="37" HEIGHT="27" WC="0.92" CONTENT="jag"/><SP WIDTH="11" VPOS="1465" HPOS="162"/>
							<String ID="string_441" HPOS="173" VPOS="1465" WIDTH="98" HEIGHT="28" WC="0.92" CONTENT="öfvergär"/><SP WIDTH="13" VPOS="1465" HPOS="271"/>
							<String ID="string_442" HPOS="284" VPOS="1473" WIDTH="28" HEIGHT="15" WC="0.96" CONTENT="nu"/><SP WIDTH="11" VPOS="1473" HPOS="312"/>
							<String ID="string_443" HPOS="323" VPOS="1466" WIDTH="31" HEIGHT="21" WC="0.93" CONTENT="till"/><SP WIDTH="11" VPOS="1466" HPOS="354"/>
							<String ID="string_444" HPOS="365" VPOS="1468" WIDTH="66" HEIGHT="25" WC="0.92" CONTENT="nägra"/><SP WIDTH="12" VPOS="1468" HPOS="431"/>
							<String ID="string_445" HPOS="443" VPOS="1467" WIDTH="169" HEIGHT="27" WC="0.92" CONTENT="anmärkningar"/><SP WIDTH="11" VPOS="1467" HPOS="612"/>
							<String ID="string_446" HPOS="623" VPOS="1467" WIDTH="132" HEIGHT="21" WC="0.96" CONTENT="beträffande"/><SP WIDTH="13" VPOS="1467" HPOS="755"/>
							<String ID="string_447" HPOS="768" VPOS="1468" WIDTH="25" HEIGHT="20" WC="0.93" CONTENT="de"/><SP WIDTH="11" VPOS="1468" HPOS="793"/>
							<String ID="string_448" HPOS="804" VPOS="1466" WIDTH="70" HEIGHT="21" WC="0.93" CONTENT="skilda"/><SP WIDTH="8" VPOS="1466" HPOS="874"/>
							<String ID="string_449" HPOS="882" VPOS="1467" WIDTH="31" HEIGHT="21" WC="0.93" CONTENT="ät-"/>
						</TextLine>
						<TextLine ID="line_46" HPOS="75" VPOS="1494" WIDTH="838" HEIGHT="29">
							<String ID="string_450" HPOS="75" VPOS="1494" WIDTH="84" HEIGHT="26" WC="0.96" CONTENT="gärder,"/><SP WIDTH="20" VPOS="1494" HPOS="159"/>
							<String ID="string_451" HPOS="179" VPOS="1500" WIDTH="46" HEIGHT="15" WC="0.93" CONTENT="som"/><SP WIDTH="22" VPOS="1500" HPOS="225"/>
							<String ID="string_452" HPOS="247" VPOS="1497" WIDTH="36" HEIGHT="19" WC="0.96" CONTENT="äro"/><SP WIDTH="16" VPOS="1497" HPOS="283"/>
							<String ID="string_453" HPOS="299" VPOS="1495" WIDTH="125" HEIGHT="26" WC="0.95" CONTENT="föreslagna."/><SP WIDTH="31" VPOS="1495" HPOS="424"/>
							<String ID="string_454" HPOS="455" VPOS="1496" WIDTH="11" HEIGHT="20" WC="0.96" CONTENT="I"/><SP WIDTH="17" VPOS="1496" HPOS="466"/>
							<String ID="string_455" HPOS="483" VPOS="1496" WIDTH="99" HEIGHT="21" WC="0.93" CONTENT="afseende"/><SP WIDTH="16" VPOS="1496" HPOS="582"/>
							<String ID="string_456" HPOS="598" VPOS="1496" WIDTH="13" HEIGHT="20" WC="0.83" CONTENT="ä"/><SP WIDTH="15" VPOS="1496" HPOS="611"/>
							<String ID="string_457" HPOS="626" VPOS="1496" WIDTH="112" HEIGHT="27" WC="0.96" CONTENT="kejserliga"/><SP WIDTH="16" VPOS="1496" HPOS="738"/>
							<String ID="string_458" HPOS="754" VPOS="1495" WIDTH="159" HEIGHT="27" WC="0.96" CONTENT="propositionen"/>
						</TextLine>
						<TextLine ID="line_47" HPOS="75" VPOS="1522" WIDTH="838" HEIGHT="29">
							<String ID="string_459" HPOS="75" VPOS="1522" WIDTH="69" HEIGHT="22" WC="0.95" CONTENT="skulle"/><SP WIDTH="20" VPOS="1522" HPOS="144"/>
							<String ID="string_460" HPOS="164" VPOS="1522" WIDTH="38" HEIGHT="28" WC="0.96" CONTENT="jag"/><SP WIDTH="22" VPOS="1522" HPOS="202"/>
							<String ID="string_461" HPOS="224" VPOS="1524" WIDTH="51" HEIGHT="26" WC="0.96" CONTENT="vilja"/><SP WIDTH="15" VPOS="1524" HPOS="275"/>
							<String ID="string_462" HPOS="290" VPOS="1524" WIDTH="115" HEIGHT="21" WC="0.96" CONTENT="instämma"/><SP WIDTH="15" VPOS="1524" HPOS="405"/>
							<String ID="string_463" HPOS="420" VPOS="1524" WIDTH="7" HEIGHT="20" WC="0.96" CONTENT="i"/><SP WIDTH="15" VPOS="1524" HPOS="427"/>
							<String ID="string_464" HPOS="442" VPOS="1524" WIDTH="41" HEIGHT="21" WC="0.96" CONTENT="allt"/><SP WIDTH="16" VPOS="1524" HPOS="483"/>
							<String ID="string_465" HPOS="499" VPOS="1524" WIDTH="56" HEIGHT="22" WC="0.96" CONTENT="hvad"/><SP WIDTH="15" VPOS="1524" HPOS="555"/>
							<String ID="string_466" HPOS="570" VPOS="1530" WIDTH="46" HEIGHT="15" WC="0.96" CONTENT="som"/><SP WIDTH="16" VPOS="1530" HPOS="616"/>
							<String ID="string_467" HPOS="632" VPOS="1524" WIDTH="81" HEIGHT="22" WC="0.96" CONTENT="anförts"/><SP WIDTH="16" VPOS="1524" HPOS="713"/>
							<String ID="string_468" HPOS="729" VPOS="1524" WIDTH="23" HEIGHT="21" WC="0.96" CONTENT="af"/><SP WIDTH="19" VPOS="1524" HPOS="752"/>
							<String ID="string_469" HPOS="771" VPOS="1524" WIDTH="109" HEIGHT="27" WC="0.93" CONTENT="professor"/><SP WIDTH="13" VPOS="1524" HPOS="880"/>
							<String ID="string_470" HPOS="893" VPOS="1524" WIDTH="20" HEIGHT="20" WC="0.92" CONTENT="J."/>
						</TextLine>
					</TextBlock>
				</ComposedBlock>
				<ComposedBlock ID="cblock_3" HPOS="822" VPOS="1564" WIDTH="22" HEIGHT="17">
					<TextBlock ID="block_4" HPOS="822" VPOS="1564" WIDTH="22" HEIGHT="17">
						<TextLine ID="line_48" HPOS="822" VPOS="1564" WIDTH="22" HEIGHT="17">
							<String ID="string_471" HPOS="822" VPOS="1564" WIDTH="22" HEIGHT="17" WC="0.93" CONTENT="äl"/>
						</TextLine>
					</TextBlock>
				</ComposedBlock>
				<GraphicalElement ID="cblock_4" HPOS="1093" VPOS="29" WIDTH="10" HEIGHT="1748"></GraphicalElement >
			</PrintSpace>
		</Page>
	</Layout>
</alto>
