1103 1803
1 996 2 25 |

239 139 41 21 922
452 143 165 17 Presteståndet
628 144 58 17 1882.
712 144 26 17 25
752 144 60 20 april.

209 212 89 27 försälja
321 212 27 24 öl,
371 218 33 15 om
427 212 151 27 försäljningen
602 214 24 19 är
648 212 56 22 skild
727 212 47 22 från
791 211 152 22 landthandeln
959 210 38 22 och
1014 211 25 21 de

209 241 74 21 dertill
306 241 81 21 erhålla
409 241 137 21 kommunens
569 240 106 26 tillstånd;
694 241 39 21 den
750 240 109 27 förbjuder
875 240 74 21 endast
965 240 75 26 rättig-

210 270 68 21 heten'
293 271 33 19 att
341 270 74 21 förena
431 269 146 27 ölförsäljning
592 270 48 21 med
656 276 70 14 annan
742 269 84 21 handel.
843 282 28 2 -—
887 268 48 21 Men
949 268 37 27 jag
1002 268 38 21 har

210 298 119 28 egentligen
346 298 75 27 begärt
436 298 60 21 ordet
512 298 32 21 för
560 300 32 19 att
605 300 57 25 yttra
673 298 43 27 mig
727 298 109 26 angående
850 297 38 21 den
901 296 138 28 bestämning,

209 333 47 15 som
280 326 61 27 ingår
362 327 6 20 i
387 329 12 19 6
415 328 11 24 S
442 326 6 22 i
464 327 116 21 utskottets
594 326 135 22 betänkande
746 327 39 21 och
800 326 68 26 gäller
885 326 154 26 bryggeriinne-

210 356 87 20 hafvare
321 355 114 21 tillerkänd
457 355 103 27 rättighet
581 358 31 18 att
635 356 32 20 till
691 356 84 26 hugade
799 355 79 26 köpare
893 354 100 21 försända
1007 355 32 20 sin

210 383 137 28 tillverkning
363 384 6 20 i
384 384 55 27 parti
456 383 23 22 af
493 384 63 21 minst
571 384 26 20 25
614 383 96 27 buteljer.
742 383 33 22 Då
789 383 35 26 jag
840 383 18 26 ej
876 382 83 21 befarar
974 383 65 26 något

210 419 47 14 men
274 412 22 21 af
310 412 69 21 denna
395 413 46 20 dem
457 412 127 21 tillerkända
600 412 108 27 rättighet,
724 412 69 21 skulle
802 412 36 26 jag
850 411 65 21 önska
927 413 32 20 att
971 411 68 21 denna

210 441 134 26 bestämning
365 441 82 26 intoges
463 447 25 14 ur
503 441 12 27 &
532 441 11 20 6
560 441 5 20 i
581 441 116 21 utskottets
714 440 142 26 betänkande,
872 441 6 20 i
895 440 35 21 fall
947 440 40 21 den
1004 440 35 21 nä-

210 470 51 27 diga
283 469 158 27 propositionen
465 469 32 21 för
513 469 63 26 öfrigt
591 473 94 23 antages.
716 469 181 26 Hemmansegare
913 469 39 20 och
968 469 69 20 herre-

210 500 56 23 män,
283 504 44 15 som
345 499 66 20 önska
427 498 55 21 förse
498 498 30 26 sig
544 498 48 21 med
608 505 25 14 en
649 499 54 26 korg
719 498 26 26 öl,
762 498 64 21 hafva
842 497 44 22 ofta
897 497 46 21 icke
955 497 83 21 tillfälle

211 528 31 20 att
263 526 73 27 sjelfve
352 527 43 20 låta
410 526 94 22 afhemta
519 527 42 26 det,
578 527 74 21 medan
670 526 178 28 bryggeriegaren
864 527 95 20 deremot
974 526 63 21 vanli-

209 561 41 21 gen
273 555 39 21 har
333 555 48 21 häst
404 555 32 21 till
459 556 32 20 sin
512 555 124 27 disposition
659 555 39 21 och
714 556 41 20 kan
772 555 73 21 skicka
860 561 64 14 varan
941 554 31 21 till
988 554 49 21 flere

209 584 134 26 reqvirenter
358 584 27 26 på
401 590 25 15 en
442 584 60 26 gång.

279 640 207 27 Kontraktsprosten
502 640 157 27 Dahlberg
675 641 117 21 hänvisade
808 641 33 21 till
857 640 95 22 ståndets
968 640 69 21 beslut

209 668 111 28 angående
343 670 10 24 $
379 671 16 23 1,
419 668 80 22 hvilket
522 669 69 21 beslut
606 670 161 26 omöjliggjorde
783 669 130 27 antagandet
928 669 22 21 af
963 674 74 16 senare

209 698 62 21 delen
287 698 24 21 af
325 698 40 20 den
381 704 27 14 nu
425 698 143 25 föreliggande
584 698 12 21 6
612 700 32 23 $:n
660 698 66 27 enligt
742 698 118 22 utskottets
875 698 85 25 förslag.

280 755 141 26 Domprosten
444 755 132 20 Renvall
599 755 100 22 förenade
722 755 32 27 sig
777 755 48 21 med
849 755 39 21 den
910 754 126 26 föregående

209 783 88 21 talaren.

279 839 69 22 Sedan
372 840 144 21 diskussionen
539 840 93 22 härefter
658 841 114 21 förklarats
799 840 99 25 afslutad,
924 840 111 27 uppstälde

209 868 50 21 herr
293 869 124 20 Talmannen
448 869 130 22 beträftande
590 869 68 22 denna
668 869 101 27 paragraf
779 869 93 26 följande
883 868 153 27 omröstnings-

209 897 145 27 proposition:

282 954 131 21 Godkänner
427 955 35 20 det
476 954 132 29 högvördiga
624 955 93 21 Ständet
731 955 25 21 de
768 957 80 19 tvänne
859 955 69 27 första
942 955 93 20 raderna

208 982 26 27 af
249 984 15 25 $
282 984 13 19 6
310 982 69 28 enligt
393 983 111 21 utskottets
520 983 150 22 betänkande?
687 984 41 21 den
744 984 35 21 det
792 985 42 26 gör
848 990 78 14 svarar
935 984 42 27 ja;

278 1040 80 21 vinner
379 1040 37 28 nej
438 1041 41 20 har
501 1040 86 21 ståndet
602 1041 87 27 antagit
704 1041 16 27 $
737 1042 14 20 6
766 1041 69 27 enligt
850 1040 121 28 Kejserliga
984 1047 52 21 pro-

205 1067 134 28 positionen.

278 1125 33 21 Då
327 1125 69 21 denna
411 1126 131 27 proposition
558 1126 126 22 besvarades
700 1127 48 20 med
762 1126 153 26 öfvervägande
927 1126 40 27 nej,
981 1125 54 22 hade

208 1153 83 22 således
308 1153 89 22 Ståndet
412 1155 81 26 antagit
508 1155 11 27 $
536 1156 12 20 6
563 1155 7 21 i
586 1155 117 27 Kejserliga
719 1155 166 27 propositionen.

596 1241 11 27 8
624 1242 18 20 7.

278 1296 137 22 Beträffande
432 1297 69 22 denna
516 1298 100 27 paragraf
630 1298 86 27 yttrade
731 1298 33 27 sig
780 1297 92 28 följande
887 1297 79 21 talare:

279 1353 22 21 V.
325 1356 74 24 pastor
421 1354 198 22 Westerlund:
658 1356 11 20 7
692 1355 15 28 &
728 1355 90 21 sisältää
840 1355 115 20 lähemmät
978 1357 58 19 mää-

207 1382 88 27 räykset
319 1383 54 26 siitä,
395 1382 64 21 mihin
483 1383 165 28 olutmyymälän
671 1390 36 15 saa
730 1385 89 20 asettaa.
852 1383 58 21 Siinä
926 1385 109 20 tunnuste-

207 1413 51 18 taan
275 1411 74 21 koulut
363 1411 23 26 ja
401 1411 103 21 kasarmit
520 1412 42 21 niin
579 1412 141 21 tähdellisiksi
734 1412 23 27 ja
770 1411 80 22 aroiksi
861 1411 112 28 paikoiksi,
985 1412 50 21 ettei

207 1439 73 21 niiden
296 1439 143 27 läheisyyteen
455 1446 37 14 saa
506 1443 84 18 asettaa
604 1441 44 20 niin
666 1441 122 21 vaarallista
804 1441 99 26 kauppaa
919 1441 49 20 kuin
982 1441 54 20 olut-

207 1468 93 26 kauppa.
331 1468 46 21 Sitä
399 1468 82 21 vastoin
506 1468 17 21 ei
546 1469 122 21 valiokunta
685 1469 33 21 ole
734 1469 119 21 muistanut
869 1469 52 21 niitä
937 1468 99 22 tuhansia

207 1496 118 26 työmiehiä
347 1496 83 21 meidän
452 1503 144 18 maassamme,
617 1497 62 26 jotka
701 1498 97 26 leipänsä
820 1497 131 21 ansaitsevat
973 1497 62 21 isom-

207 1524 67 22 missa
295 1524 109 26 tehtaissa,
421 1526 132 26 pajastoissa,
570 1526 176 21 sahalaitoksissa
760 1526 23 26 ja
799 1526 79 21 muissa
893 1525 143 22 semmoisissa
