1103 1803
231 127 42 19 720

273 200 122 27 Föredrogs
415 199 95 22 härefter
526 200 166 22 bondeståndets
707 201 35 21 vid
758 203 84 19 senaste
857 200 85 27 plenum
957 206 76 21 genom

202 235 27 15 en
253 228 125 28 deputation
393 228 117 22 framförda
525 228 125 28 inbjudning
665 229 33 21 till
714 229 158 27 presteståndet
887 229 6 21 i
910 228 74 28 frågan
1000 231 34 19 rö-

203 257 68 21 rande
287 257 121 21 införandet
424 257 20 21 af
459 258 140 26 obligatorisk
615 258 139 21 vaccination.

274 314 50 21 Med
339 314 113 27 anledning
468 314 62 22 häraf
543 315 86 27 yttrade
644 315 43 26 sig:

274 372 84 21 Doktor
381 371 194 22 Nordström:
606 371 32 22 De
661 374 77 19 tvänne
757 371 76 26 vilkor,
848 371 89 22 hvarvid
952 371 80 22 Bonde-

204 401 87 22 ståndet
306 400 40 22 har
361 400 42 21 fäst
418 401 37 20 sitt
471 400 60 21 bifall
546 401 32 20 till
595 400 40 21 den
652 400 153 27 obligatoriska
820 401 165 25 vaccinationen,
1001 406 34 21 sy-

204 436 39 15 nas
259 430 43 26 mig
318 429 84 27 mycket
418 429 194 26 behjärtansvärda.
637 429 42 21 Det
694 435 37 15 var
741 435 82 15 samma
840 429 138 26 svårigheter,
989 435 46 15 som

204 459 39 21 här
267 458 104 27 påpekats
393 457 39 22 och
448 457 70 22 hvilka
537 457 124 22 föranledde
677 460 32 19 att
724 457 162 22 Presteståndet
902 457 47 22 icke
965 458 71 21 kunde

204 487 75 21 förena
300 487 32 26 sig
351 493 34 14 om
401 486 129 27 antagandet
545 486 23 21 af
582 486 140 27 obligatorisk
737 486 140 21 vaccination.
908 487 46 20 Den
969 487 67 20 första

205 516 96 27 punkten
317 515 133 21 underlättar
465 515 32 20 för
512 515 161 21 Bondeståndet
684 515 41 21 den
737 515 116 26 ingalunda
864 515 53 21 lätta
927 515 108 27 uppgiften

205 545 120 21 detsamma
348 543 33 21 för
404 544 39 21 den
466 543 56 27 goda
544 543 77 21 sakens
638 543 54 22 skull
708 544 68 27 åtagit
792 544 33 26 sig
840 543 40 22 och
896 544 35 21 det
946 544 89 21 sednare

205 573 98 26 tillägget
325 574 33 19 att
382 572 39 21 den
444 572 154 26 obligatoriska
622 572 158 21 vaccinationen
804 572 46 21 icke
872 575 75 24 genast
970 572 66 21 måtte

205 601 64 21 träda
288 601 7 21 i
311 600 161 26 verkställighet
487 602 85 20 närmar
587 600 32 28 sig
635 601 64 21 också
715 601 25 21 de
756 600 84 26 åsigter,
856 607 45 15 som
917 601 57 21 inom
989 607 47 21 pre-

206 629 120 22 steständet
348 629 56 26 gjort
427 629 31 27 sig
476 630 105 25 gällande.
612 629 42 27 Jag
669 630 65 26 yrkar
750 629 73 21 derför
839 630 27 26 på
881 629 120 28 antagande
1017 630 20 21 af

206 658 160 27 inbjudningen.

277 716 34 20 Då
333 716 62 25 ingen
419 716 67 20 talare
508 715 73 20 vidare
603 716 94 20 önskade
720 716 7 19 i
750 716 66 20 saken
839 718 58 24 yttra
914 716 39 25 sig,
969 715 67 21 beslöt

208 744 86 21 ståndet
309 745 28 25 på
347 744 50 21 herr
411 743 180 22 Talmannens
606 743 157 27 framställning
780 743 72 22 bifalla
868 743 169 22 Bondeståndets

208 773 162 26 ifrågavarande
386 772 130 27 inbjudning.

278 904 120 27 Föredrogs
421 905 38 20 och
481 904 113 21 bordlades
616 905 124 27 ytterligare
763 904 32 21 till
818 906 61 19 nästa
899 904 84 27 plenum
999 904 37 21 all-

209 935 78 19 männa
304 933 202 21 besvärsutskottets
522 933 135 22 betänkande
672 933 40 22 N:o
729 936 19 23 7,
764 933 8 20 i
784 933 113 26 anledning
907 933 23 21 af
939 935 31 19 ett
979 933 57 21 inom

208 961 158 28 Ridderskapet
381 962 40 21 och
436 962 61 21 adeln
513 962 63 21 väckt
591 962 182 27 petitionsförslag
789 961 132 22 beträffande
936 961 101 22 Finlands

208 991 127 26 geologiska
350 990 162 26 undersökning.

281 1122 100 21 Ståndets
396 1122 132 21 sekreterare
544 1122 97 21 anmälde
656 1125 32 18 att
704 1121 84 27 färdiga
800 1121 238 27 diskussionsprotokoll

209 1150 47 21 från
281 1151 40 21 den
345 1151 52 20 1:sta
420 1151 31 20 till
474 1151 39 20 den
538 1152 26 19 18
588 1151 78 21 dennes
681 1153 37 19 äro
736 1150 120 27 framlagda
871 1150 32 21 till
918 1150 119 27 respektive

209 1179 81 22 talares
305 1180 159 25 genomseende.

281 1311 171 22 Sammanträdet
476 1311 74 22 afslöts
569 1311 53 22 härå
637 1312 28 21 kl.
681 1312 12 19 3
710 1311 40 22 och
767 1311 27 21 10
810 1311 91 21 minuter
916 1310 53 22 efter
984 1311 55 22 mid-

210 1339 75 28 dagen.

795 1403 20 16 In
828 1402 60 18 fidem:

277 1446 14 35 La
701 1448 51 21 Carl
769 1448 50 21 Joh.
839 1448 130 28 Lindegvist.
