1103 1803
288 136 162 18 Presteståndet
461 138 60 16 1882.
544 138 24 16 18
580 138 48 20 maj.
802 133 52 21 1247

54 208 33 19 att
102 206 105 21 utskottet
222 206 19 26 ej
257 205 148 27 tillmötesgått
421 206 40 20 den
477 206 97 26 petition,
590 212 45 15 som
652 206 21 21 af
682 213 25 14 en
720 206 161 27 landtdagsman

54 234 70 22 blifvit
144 234 107 21 inlemnad
274 234 32 21 till
329 234 82 21 förmon
427 234 33 21 för
476 241 26 14 en
519 234 207 22 fruntimmersskula
741 236 6 20 i
785 234 32 27 Åbo,
834 242 47 14 men

54 263 101 21 behöfver
177 262 19 27 ej
220 262 92 22 förklara
329 263 89 21 orsaken
435 263 79 25 dertill,
530 263 27 21 då
573 263 143 21 öfverläraren
732 264 101 20 Kihlman
850 270 32 15 re-

54 292 41 21 dan
111 292 57 26 gjort
191 291 41 21 det.
263 291 42 21 Det
321 291 38 21 har
375 292 54 20 varit
445 298 25 14 en
487 292 83 26 princip
586 294 32 18 att
633 292 100 21 skolorna
749 292 53 21 böra
816 292 66 22 inrät-

54 323 33 19 tas
111 320 27 26 på
157 320 67 26 grund
241 319 24 22 af
279 320 214 26 bildningsbehofvet,
510 320 39 21 och
566 320 58 21 detta
640 320 39 22 har
695 327 47 15 man
758 321 39 21 hos
813 327 34 15 oss
863 321 18 27 ej

55 351 72 18 ansett
142 348 115 21 förefinnas
277 348 70 21 förrän
363 349 95 20 enskilda
475 349 177 26 ansträngningar
667 349 68 26 gjorts
750 349 32 20 för
799 352 32 18 att
847 350 35 21 be-

54 378 46 20 visa
123 377 35 21 det
181 383 75 21 genom
280 379 31 18 att
333 376 53 21 först
402 377 80 21 inrätta
498 383 25 15 en
540 377 70 26 privat
626 377 65 21 skola.
721 377 31 22 De
770 377 111 22 inledande

55 406 38 21 ord
109 405 101 22 hvarmed
230 406 37 26 jag
290 405 78 27 begynt
384 405 48 22 mitt
448 406 136 26 andragande
600 406 6 20 i
622 406 69 21 denna
706 406 60 27 fråga
782 407 38 20 och
836 413 45 14 som

55 433 135 27 naturligtvis
205 434 45 21 helt
265 433 39 22 och
320 434 66 21 hållet
401 434 134 21 framkallats
550 434 24 21 af
587 435 107 26 professor
706 434 125 27 Runebergs
842 435 39 21 och

55 463 78 21 doktor
155 463 138 21 Nordströms
315 463 157 26 andraganden,
494 463 73 26 tyckes
582 463 39 21 hos
637 463 47 21 dem
697 463 65 21 hafva
777 464 63 21 väckt
856 471 25 14 en

55 492 42 21 viss
121 491 126 28 förtrytelse.
279 491 110 22 Professor
413 491 125 27 Runebergs
560 491 116 27 förklaring
691 498 62 20 synes
770 492 42 27 mig
828 492 53 21 dock

55 527 51 14 vara
129 520 100 26 tämligen
250 520 80 26 simpel.
361 519 39 22 Om
424 520 122 27 professorn
567 520 35 21 vill
617 521 85 20 komma
718 521 31 20 hit
766 521 38 21 och
820 527 22 15 se
858 521 24 21 så

56 549 39 21 bar
115 549 36 26 jag
173 549 38 20 här
234 549 114 20 antecknat
371 549 227 21 hufvudmomenterna
621 549 21 20 af
658 549 132 25 professorns
806 549 76 21 andra-

55 578 69 26 gande
140 577 39 21 och
193 577 36 27 jag
245 576 93 22 försökte
354 583 39 20 pro
409 577 86 21 modulo
512 577 74 21 virium
603 577 84 21 bemöta
702 578 114 21 desamma.

125 634 111 21 Professor
258 634 133 21 Donner:
422 634 31 20 En
477 633 75 28 flyktig
575 634 56 21 blick
654 634 27 27 på
701 634 25 21 de
743 634 77 25 siffror,
836 641 45 15 som

56 663 107 21 allmänna
178 662 192 22 besvärsutskottet
386 662 33 21 vid
436 663 69 21 denna
521 663 39 21 och
571 663 126 26 föregående
709 663 103 27 landtdag
823 664 58 20 med-

56 692 56 20 delat
137 692 90 20 rörande
243 692 25 20 de
284 692 123 23 understöd,
423 698 45 14 som
485 693 69 19 staten
570 692 78 20 skänkt
664 692 32 20 för
712 692 169 26 gvinnobildnin-

55 726 52 20 gens
131 720 97 26 höjande,
245 726 61 21 synes
322 721 41 25 mig
379 720 68 21 utvisa
464 726 26 14 en
506 720 98 21 skriande
620 720 109 27 orättvisa,
744 726 45 15 som
806 720 75 21 hittills

56 749 55 20 varit
128 749 93 20 rådande
236 749 6 20 i
258 747 99 22 afseende
368 748 13 21 å
393 750 66 19 sättet
470 748 32 21 för
514 749 210 20 statsunderstödens
735 749 145 21 meddelande.

56 777 74 20 Redan
146 777 34 21 vid
197 779 83 19 senaste
296 777 101 26 landtdag
412 776 116 25 framhölls,
544 779 32 18 att
592 777 32 21 för
637 777 245 22 fruntimmersskolorna

56 805 71 28 utgafs
143 805 23 21 af
180 808 69 19 staten
271 806 88 27 154,000
376 806 66 23 mark,
459 805 77 21 hvaraf
550 807 76 20 endast
640 807 63 22 4,200
720 806 59 21 mark
796 806 32 21 till
844 812 37 15 un-

57 834 84 21 derstöd
159 834 22 21 åt
197 835 25 20 de
237 834 68 21 finska
321 834 105 21 skolorna.
457 834 39 21 Om
513 841 27 14 nu
551 834 45 21 icke
609 835 66 26 något
687 834 65 22 behof
762 835 22 20 af
794 835 87 26 gvinno-

57 862 94 27 bildning
172 863 26 26 på
214 863 67 21 finska
297 863 86 26 språket
399 862 53 21 hade
469 862 78 21 uttalat
562 863 38 26 sig,
618 869 49 15 vore
683 863 73 21 härom
770 863 24 27 ju
809 863 73 27 ingen-

56 892 45 26 ting
122 893 32 19 att
176 893 62 24 säga;
262 898 47 14 men
333 891 26 21 då
383 891 34 21 vid
439 893 85 19 senaste
547 891 102 28 landtdag
665 894 30 19 ett
710 892 68 21 starkt
794 891 87 22 behof
871 887 14 36 i

56 920 69 21 denna
149 920 93 27 riktning
264 920 88 21 uttalats
376 920 39 21 och
436 919 120 22 Ständerna
572 920 83 21 förenat
671 921 30 26 sig
717 921 6 20 i
740 927 24 14 en
780 920 100 21 anhållan

56 955 33 15 om
106 949 130 21 inrättandet
253 948 21 21 af
289 951 76 19 tvänne
381 948 69 21 finska
466 948 217 22 fruntimmersskolor
699 949 39 21 och
754 955 33 15 om
805 949 76 21 under-

58 977 47 21 stöd
121 977 22 21 åt
158 978 74 23 andra,
249 977 22 21 så
287 983 61 21 synes
365 977 35 21 det
416 977 71 21 såsom
503 983 33 15 om
554 977 89 21 rättvisa
659 977 38 22 och
715 977 96 26 billighet
826 977 55 21 hade

55 1006 88 25 fordrat,
167 1008 32 19 att
216 1013 47 14 man
280 1006 48 21 med
344 1006 35 21 det
395 1008 96 19 snaraste
508 1005 63 22 bordt
586 1007 26 25 gå
629 1006 68 21 denna
713 1006 129 21 Ständernas
858 1007 23 20 så

56 1035 90 20 rättvisa
169 1035 80 21 önskan
272 1035 31 20 till
324 1037 73 18 mötes.
429 1033 71 22 Under
516 1034 80 21 sådana
611 1035 147 20 förhållanden
774 1034 108 21 förefaller

56 1063 37 20 det
109 1063 41 26 mig
166 1063 148 26 egendomligt,
329 1065 32 18 att
377 1063 40 20 den
434 1062 84 27 uppgift
534 1068 44 15 som
595 1069 28 14 nu
636 1063 108 21 meddelas
755 1070 34 13 om
800 1065 81 18 statens

56 1090 86 27 utgifter
165 1091 32 21 för
219 1091 212 27 qvinnobildningens
454 1091 92 26 höjande
567 1091 65 26 stiger
650 1092 23 21 så
689 1091 57 27 högt,
760 1094 32 19 att
807 1091 33 21 för
856 1091 25 21 de

56 1120 90 21 svenska
169 1119 242 22 fruntimmersskolorna
434 1119 89 27 utgifves
549 1120 89 25 191,000
661 1120 66 26 mark,
744 1120 75 21 medan
835 1119 46 22 der-

56 1150 57 19 emot
128 1148 33 21 för
177 1148 24 21 de
217 1148 67 21 finska
300 1148 61 27 utgår
377 1148 73 21 endast
470 1149 82 26 14,000.
583 1149 75 20 Denna
676 1148 157 27 omständighet
848 1154 33 21 sy-

56 1183 37 15 nes
109 1177 42 26 mig
167 1177 86 21 alldeles
269 1177 56 21 klart
340 1177 140 27 ådagalägga,
496 1179 32 18 att
543 1177 103 27 styrelsen
661 1177 129 21 åtminstone
806 1177 18 26 ej
839 1177 42 26 lyc-

56 1206 48 20 kats
121 1205 64 21 blifva
201 1206 122 26 öfvertygad
339 1211 33 15 om
389 1206 36 21 det
440 1209 59 17 stora
515 1205 99 22 behofvet
629 1205 23 22 af
666 1206 116 21 understöd
796 1205 33 21 för
841 1205 39 21 den

56 1233 68 22 finska
147 1234 206 27 qvinnobildningen,
375 1234 40 21 och
437 1234 27 21 då
488 1234 24 21 så
531 1236 29 24 är,
577 1241 62 20 synes
655 1235 36 20 det
707 1234 107 27 verkligen
830 1240 51 15 vara

56 1265 57 18 ännu
129 1269 44 15 mer
189 1263 135 27 nödvändigt,
341 1265 32 19 att
389 1263 120 21 Ständerna
524 1263 68 21 uttala
608 1263 31 26 sig
655 1264 6 20 i
672 1263 40 21 den
724 1263 99 26 riktning,
834 1268 46 15 som

56 1291 107 21 allmänna
178 1291 193 22 besvärsutskottet
386 1291 56 28 gjort
458 1291 40 21 och
515 1291 120 22 derutöfver
645 1291 6 21 i
663 1291 218 22 öfverensstämmelse

57 1320 46 21 med
125 1320 107 26 professor
253 1320 74 21 Cleves
343 1320 85 27 förslag,
444 1322 34 19 att
493 1320 60 21 äfven
569 1326 25 15 en
611 1319 54 23 finsk
681 1319 115 23 statsskola
812 1321 5 19 i
833 1314 47 27 Åbo

56 1348 68 21 skulle
140 1349 95 21 inrättas.
266 1349 49 21 Man
331 1349 100 21 behöfver
446 1349 56 21 blott
517 1349 99 26 påminna
631 1349 31 26 sig
673 1349 34 21 vid
719 1349 59 21 sidan
788 1348 23 22 af
820 1349 62 21 dessa

57 1377 74 24 siffror,
153 1379 32 19 att
206 1380 69 19 staten
299 1377 136 22 underhåller
450 1377 33 27 sju
498 1377 218 22 fruntimmersskolor
731 1377 47 21 med
794 1377 87 21 svenskt

57 1405 225 28 undervisningsspråk
305 1406 39 21 och
367 1407 62 26 ingen
452 1406 55 21 enda
523 1406 47 21 med
586 1406 70 25 finskt,
672 1407 23 20 så
712 1412 60 21 synes
789 1406 35 20 det
840 1405 41 21 för-

57 1434 108 21 hållandet
189 1441 50 14 vara
254 1435 63 25 klart,
333 1437 32 19 att
381 1435 39 21 den
436 1434 69 22 finska
520 1435 85 21 talande
622 1434 148 27 befolkningen
786 1434 34 21 för
835 1434 46 21 sina

58 1463 137 27 uppväxande
217 1462 74 22 flickor
313 1463 108 27 verkligen
443 1462 102 22 behöfver
560 1465 32 19 ett
606 1463 116 21 understöd
738 1463 46 21 från
800 1465 81 19 statens

57 1492 52 20 sida.
139 1491 10 21 I
173 1491 59 22 detta
254 1491 120 22 hänseende
395 1492 125 21 instämmer
541 1492 37 26 jag
594 1492 87 20 alldeles
696 1492 7 20 i
719 1492 77 20 doktor
811 1490 69 22 Nord-

57 1522 77 19 ströms
158 1520 109 22 uttalande
289 1520 86 26 derhän,
399 1522 32 20 att
454 1524 59 18 utom
535 1520 26 21 de
576 1520 65 21 redan
657 1521 91 21 nämnda
764 1520 60 21 äfven
841 1520 40 20 den
