1103 1803
300 135 162 18 Presteståndet
475 136 59 17 1882.
560 136 22 16 21
596 136 58 20 april.
826 130 41 22 847

64 204 51 22 tellä
131 206 46 20 tätä
189 205 23 26 ja
225 204 34 27 jos
274 204 137 22 mahdollista
427 204 65 21 tehdä
507 203 115 27 lopullisen
638 204 133 21 ehdotuksen
788 204 58 21 asian
862 206 34 20 to-

65 233 161 22 teuttamiseksi.

135 289 110 21 Professor
260 289 135 21 Donner:
426 289 76 21 Redan
518 288 34 21 vid
568 291 85 19 senaste
668 289 158 21 sammanträde
842 289 54 21 före-

65 319 54 21 nade
140 318 37 27 jag
197 318 42 27 mig
257 318 47 20 med
320 318 121 26 vicepastor
456 317 132 21 Schroderus
604 318 6 20 i
626 317 41 21 den
683 318 114 26 synpunkt,
814 319 32 19 att
861 317 36 21 be-

66 347 159 26 stämningarna
240 346 90 21 rörande
345 346 130 21 rusthällens
491 352 54 20 egna
556 348 74 19 räntor
644 346 38 20 och
695 346 63 21 deras
770 346 128 27 indragning

66 375 32 22 till
119 375 90 26 kronan,
224 377 39 19 när
278 375 69 20 denna
362 375 103 26 paragraf
480 374 85 21 komme
580 374 32 21 till
628 374 47 26 tals,
693 374 69 21 skulle
777 374 119 21 äterremit-

66 406 57 19 teras
145 403 32 22 till
200 403 111 25 utskottet,
334 403 31 21 för
381 405 32 19 att
429 403 60 21 detta
504 403 69 21 skulle
590 403 68 21 uttala
672 403 31 25 sig
720 403 92 20 rörande
828 403 69 21 denna

66 433 59 26 fräga
143 432 40 21 och
198 431 117 22 framställa
330 432 31 21 till
378 431 116 22 ständerna
510 433 32 20 ett
557 431 79 26 förslag
651 432 69 21 säsom
737 431 160 27 utgängspunkt

66 461 32 21 för
121 467 26 15 en
169 461 99 21 anhällan
290 461 39 20 hos
352 460 125 27 regeringen
501 466 34 15 om
558 467 25 14 en
599 460 131 27 proposition
747 460 6 21 i
768 460 60 21 detta
843 460 54 27 syfte

67 489 32 22 till
118 491 61 19 nästa
195 489 106 26 landtdag.
331 489 40 26 Jag
387 489 36 20 vill
439 495 28 15 nu
484 489 76 21 beröra
576 489 65 26 nägra
657 488 22 21 af
693 489 26 21 de
735 489 160 26 invändningar,

67 525 45 14 som
129 520 36 19 äro
181 517 74 27 gjorda
271 520 56 19 emot
343 518 123 21 detsamma.

135 546 111 26 Förslaget
261 548 32 19 att
308 553 75 20 genom
400 546 172 21 öfverlemnande
588 546 22 21 af
620 553 26 14 en
657 552 82 15 summa
749 547 23 20 ät
784 545 113 22 rusthälls-

67 581 96 21 egarene,
180 575 147 21 motsvarande
343 574 53 22 efter
411 575 41 21 viss
469 580 60 15 norm
541 574 182 27 kapitalbeloppet
736 574 24 21 af
769 574 128 21 rusthällens

67 609 54 21 egna
141 605 80 25 räntor,
242 609 61 21 synes
322 610 50 14 vara
388 603 33 21 väl
437 603 130 21 motiveradt
583 609 24 15 ur
623 603 40 21 den
679 602 108 22 allmänna
803 603 93 21 beskatt-

67 633 88 25 ningens
177 632 113 26 synpunkt.
321 632 41 21 Det
383 632 69 21 skulle
476 631 97 21 medföra
589 638 25 14 en
631 631 94 27 betydlig
740 632 121 26 förenkling
876 632 23 20 af

65 661 165 27 jordnaturerna
246 660 39 22 och
301 660 36 22 det
352 661 68 21 skulle
435 660 109 21 dessutom
555 660 148 22 åstadkomma
714 666 25 16 en
753 662 69 20 större
830 660 67 27 jemn-

67 690 36 21 het
118 690 7 20 i
141 689 40 21 den
197 689 27 27 på
240 690 40 20 den
296 689 121 27 skattlagda
431 689 76 27 jorden
525 695 28 15 nu
564 689 99 21 hvilande
673 689 160 21 skattebördan.
854 688 43 22 För

67 720 70 19 staten
153 718 68 21 skulle
236 718 36 21 det
287 720 50 19 utan
349 718 73 21 tvifvel
435 718 97 20 medföra
544 723 25 15 en
583 717 94 28 betydlig
690 718 106 21 financiell
807 717 89 26 förmån,

68 747 79 21 hvilket
171 746 53 21 hade
243 747 38 20 sitt
295 748 58 19 stora
368 752 62 21 gagn,
447 746 28 21 då
490 752 50 15 man
556 746 55 21 afser
627 752 26 15 en
665 746 97 27 jemnare
778 745 119 26 fördelning

67 775 22 21 af
109 774 158 22 skattebördan.
298 775 48 21 Men
367 781 48 15 man
430 775 43 20 kan
491 775 17 26 ej
526 776 51 25 säga
593 777 32 19 att
641 775 68 21 denna
725 775 76 26 åtgärd
817 774 31 21 till
865 774 32 21 sin

67 806 64 19 natur
152 810 50 15 vore
224 803 94 22 hvarken
339 810 25 14 en
385 803 128 27 indragning
529 803 23 21 af
565 803 128 22 rusthållens
709 805 75 20 räntor
799 803 51 21 eller
866 804 31 19 ett

68 832 160 22 äterfordrande
249 832 22 21 af
290 832 114 21 desamma.
434 832 42 26 Jag
499 832 67 21 fattar
588 832 48 21 hela
652 832 68 21 denna
736 832 75 27 åtgärd
826 831 71 22 såsom

69 867 25 16 en
114 861 46 21 helt
183 867 74 20 annan,
273 861 105 27 nämligen
395 861 70 21 såsom
482 867 26 15 en
525 867 25 14 ur
565 861 155 26 billighetsskäl
736 861 69 26 gifven
821 861 76 20 ersätt-

67 890 51 27 ning
134 889 22 21 åt
172 889 25 21 de
213 890 120 21 nuvarande
349 889 201 27 rusthållsegarene,
566 895 26 16 en
608 889 118 27 ersättning
739 889 33 21 för
783 889 39 21 den
834 890 64 25 ögon-

67 918 96 27 skenliga
185 918 119 27 minskning
324 924 45 15 som
392 924 29 15 nu
440 918 70 21 skulle
527 924 39 20 ega
581 924 47 15 rum
644 918 6 20 i
665 918 130 21 rusthållens
811 917 65 21 värde
891 917 6 20 i

69 947 35 21 det
120 947 43 25 fall,
180 949 33 18 att
228 947 65 26 enligt
309 947 40 21 den
365 947 77 26 nådiga
453 947 161 26 propositionen
627 947 60 20 deras
699 948 61 20 ränta
771 946 48 21 fullt
830 945 68 22 skulle

68 976 99 26 indragas
191 975 31 21 till
243 975 88 21 kronan.
361 975 49 22 Men
434 975 36 21 det
490 975 100 22 anfördes
606 975 69 21 såsom
691 975 46 21 skäl
753 975 97 21 häremot
866 976 32 19 att

68 1006 70 20 staten
153 1004 69 21 skulle
238 1003 81 27 utgifva
335 1006 30 19 ett
381 1004 81 27 kapital
479 1003 39 22 och
534 1003 33 22 för
583 1003 114 22 framtiden
709 1004 107 21 sannolikt
826 1002 73 22 derför

68 1033 84 22 komme
175 1034 32 19 att
228 1033 96 26 uppbära
347 1033 74 21 endast
444 1039 26 14 en
491 1033 62 26 ringa
568 1034 68 23 ränta,
651 1033 84 20 hvilken
751 1032 47 21 icke
814 1032 84 21 komme

68 1063 33 20 att
123 1063 107 19 motsvara
251 1063 76 19 räntan
342 1062 27 25 på
385 1061 36 21 det
437 1061 85 26 utgifna
539 1061 109 26 kapitalet.
679 1061 75 21 Denna
770 1060 129 25 invändning

68 1091 25 20 är
108 1089 81 22 bemött
205 1089 128 27 därigenom,
349 1092 32 19 att
396 1095 48 15 man
462 1089 125 21 framhåller
598 1089 69 21 såsom
679 1089 133 26 oundvikligt
822 1089 7 20 i
840 1089 59 20 detta

68 1118 43 25 fall,
127 1119 32 20 att
174 1117 63 22 redan
254 1118 27 26 på
296 1117 91 22 förhand
403 1124 26 15 en
444 1117 128 27 förmedling
590 1118 64 21 borde
670 1124 39 21 ega
724 1124 46 15 rum
786 1118 64 20 innan
862 1117 36 20 ka-

69 1146 159 27 pitaliseringen
243 1147 79 20 skedde
338 1147 39 21 och
394 1146 93 21 derefter
503 1147 135 24 bestämmas,
654 1148 32 19 att
696 1146 27 27 på
734 1149 31 18 ett
778 1147 52 20 visst
841 1145 58 22 antal

69 1176 30 25 år,
114 1177 15 19 t.
145 1181 32 15 ex.
194 1177 34 23 30,
243 1175 46 21 icke
305 1176 69 25 någon
390 1175 129 26 förmedling
535 1175 69 21 kunde
621 1175 85 21 komma
721 1175 6 21 i
743 1175 66 26 fråga.

138 1203 80 22 Vidare
234 1203 38 28 har
288 1210 48 15 man
353 1206 46 24 sagt
409 1206 32 19 att
452 1203 312 28 inteckningsinnehafvarenes
775 1205 43 19 rätt
829 1201 70 22 kunde

70 1233 51 21 råka
144 1232 7 21 i
174 1232 50 21 fara.
256 1232 66 21 Äfven
341 1233 60 21 detta
416 1239 50 14 vore
484 1233 55 20 dock
555 1232 40 21 lätt
611 1232 88 27 afhjelpt
715 1238 76 21 genom
807 1231 92 21 bestäm-

70 1262 80 26 ningar,
172 1261 28 26 på
221 1261 80 21 hvilket
323 1263 42 19 sätt
383 1261 301 26 inteckningsinnehafvarene
701 1267 25 15 ur
742 1261 36 21 det
792 1259 24 22 af
830 1261 70 20 staten

69 1289 84 27 utgifna
172 1290 103 27 kapitalet
295 1289 55 28 finge
371 1273 143 47 tillgodogöra
531 1290 31 26 sig
578 1290 40 21 den
634 1289 86 22 fordran
737 1289 25 21 de
778 1289 53 26 egde
846 1289 7 20 i
869 1289 31 20 ett

70 1318 124 21 intecknadt
209 1318 96 21 rusthäll.
336 1319 49 21 Man
402 1319 39 20 har
456 1319 74 20 vidare
546 1318 80 27 påstått
642 1320 31 19 att
689 1317 131 32 rusthällen,
829 1323 33 15 om
875 1316 26 21 de

70 1353 29 15 nu
117 1345 80 22 erhölle
213 1353 25 14 en
254 1347 93 27 betydlig
363 1353 82 15 summa
461 1347 73 21 kunde
549 1347 98 32 försäljas
662 1347 27 27 pä
704 1353 82 15 samma
800 1346 38 25 vis,
855 1351 46 15 som

71 1376 27 21 då
118 1375 230 28 hypoteksföreningen
368 1376 90 27 begynte
482 1375 73 22 utdela
576 1376 46 21 sina
642 1375 41 27 län,
699 1375 49 22 med
764 1375 40 22 den
819 1373 82 32 påföljd

71 1405 32 21 att
125 1409 26 16 en
174 1405 45 20 stor
241 1405 77 26 mängd
341 1404 23 21 af
384 1405 112 26 läntagare
518 1404 44 21 helt
586 1404 38 21 och
644 1393 65 32 hållet
730 1403 118 22 förslösade
868 1402 32 21 sin

70 1438 88 20 summa,
180 1432 101 28 antingen
297 1433 30 25 sä,
343 1435 32 19 att
391 1433 26 21 de
432 1420 57 34 lefde
504 1439 43 20 upp
564 1433 40 21 den
620 1433 51 21 eller
685 1433 129 21 åtminstone
829 1431 25 21 så
868 1433 33 18 att

71 1461 62 22 dessa
153 1467 94 15 summor
262 1462 46 21 icke
322 1449 87 33 kommo
422 1461 155 27 jordnäringen
593 1461 95 33 tillgodo.
721 1461 49 21 Men
786 1460 69 22 denna
870 1458 31 22 in-

71 1490 106 26 vändning
193 1496 61 20 synes
270 1490 42 26 mig
327 1490 47 22 icke
389 1490 63 22 hafva
468 1490 67 27 nägot
550 1490 46 21 skäl
612 1490 32 21 för
660 1490 37 27 sig,
713 1492 22 24 ty
746 1496 34 14 om
794 1489 35 21 det
840 1494 62 15 anses

71 1518 98 28 lämpligt
189 1520 33 20 att
243 1520 69 20 staten
327 1525 38 21 ger
380 1519 48 21 dem
444 1525 26 15 en
486 1518 188 28 penningesumma
689 1519 71 21 säsom
776 1516 125 27 ersättning,
