1103 1803
229 135 56 21 1074
460 140 163 18 Presteståndet
634 141 59 17 1882.
718 142 13 15 4
743 141 47 20 maj.

199 212 30 19 att
254 210 98 21 meddela
375 210 113 21 ständerna
512 210 56 21 detta
588 210 34 20 vid
645 210 52 20 först
715 209 198 22 sammanträdande
928 209 102 27 landtdag

199 239 33 20 för
254 240 31 19 att
306 238 101 27 inhemta,
423 238 84 21 hvilken
532 238 71 28 åtgärd
624 238 114 21 ständerna
754 238 72 20 kunna
841 238 57 20 finna
915 238 116 27 anledning

201 266 93 28 vidtaga.
324 266 43 22 Det
388 267 73 26 tyckes
484 267 89 21 sålunda
590 269 29 19 att
634 266 118 28 Kejserliga
768 269 86 19 senaten
872 266 68 21 skulle
955 270 76 24 ansett,

199 298 30 18 att
249 296 70 26 någon
342 296 72 26 åtgärd
430 296 6 20 i
452 296 64 20 saken
540 296 63 20 borde
620 296 94 26 vidtagas
730 296 22 20 af
766 295 120 27 ständerna,
901 296 39 20 och
956 295 35 21 det
1006 297 24 19 är

199 324 49 20 med
271 324 116 27 anledning
407 324 63 25 häraf,
487 330 45 15 som
547 324 35 27 jag
598 324 91 26 begärde
705 324 60 20 ordet
780 324 32 20 för
828 327 29 17 att
872 324 110 20 hemställa
997 324 31 20 till

199 352 90 25 ståndet,
305 352 104 21 huruvida
431 352 84 21 ståndet
534 359 62 14 anser
618 353 32 26 sig
670 352 50 21 böra
741 353 51 20 fatta
814 352 64 27 något
893 352 74 25 beslut,
983 359 44 14 som

199 381 69 20 skulle
284 381 102 20 innebära
402 387 25 14 en
444 381 79 27 åtgärd,
538 381 52 20 eller
606 387 34 14 om
656 381 64 20 saken
736 381 54 20 skall
802 381 81 20 lemnas
895 383 49 18 utan
957 381 72 20 vidare

199 409 102 21 afseende
317 409 69 21 såsom
404 409 35 21 det
454 409 74 27 tyckes
543 409 21 20 af
580 409 200 28 bankfullmägtiges
796 409 116 22 berättelse.

269 472 49 21 Med
335 473 114 27 anledning
466 473 58 20 häraf
540 473 82 26 yttrade
638 473 40 26 sig:

269 529 88 21 Prosten
381 529 90 27 Hjelt:
502 529 27 21 Så
552 529 61 27 länge
638 529 94 21 bankens
754 530 126 26 tjenstemän
898 529 129 21 fortfarande

198 558 94 20 inbetala
314 558 193 26 begrafningshjelp
535 558 30 20 till
592 558 130 20 civilstatens
748 558 64 20 enke-
836 559 38 19 och
898 557 128 27 pupillkassa

199 586 67 20 måste
290 586 26 20 de
333 593 49 14 vara
400 586 128 27 berättigade
548 589 30 17 att
596 586 81 27 åtnjuta
697 586 26 21 de
739 586 111 26 förmåner,
867 586 82 21 hvartill
966 586 61 21 deras

198 614 160 28 inbetalningar
374 615 100 26 berättiga
491 615 53 21 dem.
574 614 63 21 Hvad
653 615 44 21 äter
712 614 169 28 gratifikationen
896 615 132 21 vidkommer

199 643 54 21 hade
267 643 156 21 statsrädinnan
442 643 132 27 Gripenberg
589 643 82 21 erhällit
687 644 157 26 tjenstespänne
860 644 53 20 efter
929 644 31 20 sin
977 650 48 14 man

201 672 39 20 och
257 672 58 20 detta
331 672 67 20 mäste
414 672 45 21 frän
477 672 68 21 henne
564 672 78 20 inlösas
661 672 88 20 likasom
762 672 59 21 fallet
831 674 23 18 är
865 672 46 20 med
923 672 72 27 hvarje
1005 672 22 21 ät

198 700 127 27 tjänsteman
343 700 104 21 förlänadt
463 701 163 26 tjenstespänne.
651 700 118 21 Ständerna
786 700 32 21 mä
834 700 78 27 afgifva
928 703 29 18 ett
973 707 54 19 svar,

199 735 48 14 men
265 729 56 20 detta
337 735 48 14 svar
401 729 38 20 bör
454 735 47 14 vara
518 729 112 26 vägrande,
646 729 23 20 sä
684 729 62 27 länge
762 729 26 20 de
804 729 131 20 närvarande
948 728 78 21 förhäl-

198 757 92 20 landena
306 764 39 19 ega
361 764 52 13 rum.

269 816 146 25 Öfverläraren
437 820 126 21 Kihlman
584 820 95 21 biträdde
695 820 70 21 denna
781 824 83 23 prosten
881 820 70 27 Hjelts
967 820 58 27 äsigt.

268 882 111 21 Professor
398 883 160 27 Runeberg:
589 883 42 21 Det
652 890 36 13 var
707 883 59 20 inom
788 883 101 20 utskottet
907 882 58 27 fräga
984 889 40 18 om,

197 911 107 21 huruvida
326 911 102 21 utskottet
448 911 68 21 skulle
531 911 117 21 framställa
663 914 29 18 ett
709 911 105 21 bestämdt
828 911 79 26 förslag
921 911 31 21 till
969 913 56 19 stän-

198 940 66 21 derna
280 940 6 20 i
300 940 57 20 detta
380 940 104 26 afseende,
500 947 48 14 men
571 941 101 20 utskottet
695 940 65 26 ansåg
782 941 32 26 sig
836 940 46 21 icke
906 940 49 20 böra
974 942 50 25 göra

198 969 41 26 det,
255 969 89 20 emedan
364 969 37 20 här
419 969 46 20 icke
480 969 113 26 föreligger
607 969 70 27 någon
693 971 56 25 slags
766 969 127 26 proposition
910 968 52 21 eller
972 969 53 26 peti-

197 997 45 20 tion
266 997 32 21 till
321 998 132 26 regeringen,
475 997 25 27 på
523 997 85 21 hvilken
632 997 112 21 ständerna
765 997 68 20 skulle
855 997 71 20 kunna
945 997 79 26 afgifva

198 1025 63 27 något
286 1032 53 20 svar,
365 1026 18 27 ej
400 1026 66 21 heller
488 1026 104 21 erfordras
613 1026 63 27 något
691 1026 76 20 sådant
782 1026 70 20 beslut
867 1025 21 21 af
903 1025 120 26 ständerna,

197 1058 23 22 ty
240 1054 6 20 i
268 1054 37 20 fall
328 1055 114 19 ständerna
464 1055 109 25 ingenting
596 1055 88 25 besluta,
703 1054 75 21 förblir
796 1055 35 19 det
847 1054 34 20 vid
897 1054 36 20 det
948 1054 76 26 gamla,

197 1082 27 21 då
246 1082 190 27 bankfullmäktige
457 1083 61 20 hafva
533 1083 107 23 förklarat,
655 1085 29 18 att
700 1083 26 20 de
741 1082 47 21 icke
805 1082 49 27 vilja
867 1082 112 27 godkänna
994 1084 30 19 ett

197 1111 76 20 sådant
291 1111 84 27 förslag.
404 1111 81 21 Endast
500 1111 5 20 i
522 1111 35 20 det
574 1111 44 25 fall,
633 1113 32 23 at
677 1111 115 20 ständerna
807 1111 68 20 skulle
891 1117 50 14 anse
958 1110 65 21 bank-

197 1139 145 27 fullmäktiges
358 1140 133 27 uppfattning
507 1147 48 13 vara
571 1141 59 25 orätt,
646 1140 53 20 hade
716 1139 35 21 det
767 1139 114 21 erfordrats
893 1141 30 19 ett
933 1139 90 21 bestämt

198 1168 69 21 beslut
283 1168 22 21 af
320 1168 118 21 ständerna.

267 1231 30 21 På
321 1231 155 28 framställning
499 1232 20 20 af
541 1231 47 21 herr
606 1231 178 20 Talmannen
802 1231 66 20 beslöt
883 1230 89 27 ståndet,
995 1233 30 18 att

197 1259 160 28 ifrågavarande
373 1267 62 14 mom.
452 1261 29 20 uti
496 1260 156 21 reservationen
669 1260 46 20 icke
731 1259 69 21 skulle
816 1259 108 21 föranleda
940 1259 31 20 till
987 1259 37 20 nä-

197 1292 35 23 got
248 1295 49 14 svar
312 1289 45 20 från
375 1289 93 20 ståndets
483 1289 50 20 sida.

267 1351 99 21 Härefter
381 1351 97 21 lemnade
494 1351 47 21 herr
556 1351 162 20 Talmannen
734 1351 122 27 ytterligare
872 1351 59 20 ordet
947 1351 25 26 pä
989 1351 35 20 be-

195 1381 66 26 gäran
277 1379 22 21 åt

267 1433 147 24 Öfverläraren
442 1437 133 25 Kihlman,
595 1443 44 14 som
665 1437 93 26 yttrade:
793 1437 48 19 Med
866 1436 114 27 anledning
1003 1437 21 19 af

196 1466 113 20 utskottets
325 1466 99 26 yttrande
443 1465 25 27 på
485 1472 44 20 pag.
546 1466 25 20 21
589 1465 49 21 ville
654 1466 34 26 jag
704 1467 51 25 göra
770 1471 26 15 en
813 1465 146 25 anmärkning.
985 1464 38 21 Ut-

195 1494 80 20 skottet
295 1496 60 24 säger
376 1494 115 27 nemligen:
510 1494 59 20 »med
586 1494 115 26 anledning
717 1494 21 20 af
754 1493 92 21 tabellen
862 1493 65 21 XXV
943 1493 32 20 får
990 1495 33 18 ut-

196 1522 78 21 skottet
290 1522 106 25 anmärka,
412 1525 29 18 att
457 1522 34 21 det
508 1529 48 14 vore
572 1522 99 27 riktigare
687 1529 33 13 om
738 1522 34 20 vid
789 1522 136 20 beräknande
936 1522 21 20 af
972 1521 51 21 ban-
