1103 1803
219 132 55 21 1048
441 137 162 18 Presteståndet
615 139 58 17 1882.
697 139 14 16 4
723 138 47 20 maj.

189 206 112 27 angående
317 207 72 27 hvarje
406 207 102 27 paragraf.
531 206 33 22 En
580 206 65 22 sådan
661 207 102 27 öfversigt
780 206 33 21 vid
830 206 84 27 frågans
926 206 92 21 behand-

189 235 45 27 ling
257 242 62 14 anser
341 236 36 26 jag
401 242 47 14 vara
472 236 20 20 af
511 236 119 26 synnerligt
645 239 43 17 stor
704 238 65 24 nytta.
800 234 41 22 Det
856 237 23 18 är
895 235 121 27 visserligen

189 266 54 23 sant,
260 266 29 18 att
305 264 72 26 hvarje
394 264 61 20 stånd
472 264 40 21 kan
529 270 75 21 genom
622 264 26 21 de
663 264 193 27 protokollsutdrag
872 270 45 14 som
934 264 82 20 komma

190 292 45 20 från
261 292 26 21 de
313 293 66 26 öfrige
395 292 87 21 stånden
499 292 48 28 själf
563 292 56 21 bilda
635 293 32 27 sig
682 299 25 14 en
724 292 67 21 sådan
807 292 104 26 öfversigt.
942 292 73 21 Dertill

189 321 83 20 fordras
288 321 53 21 dock
358 321 28 21 tid
403 327 44 15 som
464 322 43 20 ofta
522 321 46 21 icke
584 321 74 21 finnes.
687 321 123 21 Emellertid
826 321 34 20 föll
878 321 69 20 denna
963 322 52 20 form

190 350 5 19 i
220 350 102 20 utskottet
345 350 177 26 hufvudsakligen
543 350 25 26 på
590 350 40 20 den
646 350 75 25 grund,
738 352 30 18 att
784 350 35 19 det
834 350 18 25 ej
870 350 52 19 varit
938 350 79 26 vanligt

191 377 34 21 vid
241 377 128 28 föregående
386 378 124 26 landtdagar
525 379 38 20 och
579 378 26 27 på
620 378 68 26 grund
705 378 60 21 deraf
780 378 136 26 accepterade
937 378 80 21 utskot-

191 409 30 18 tet
245 406 36 21 det
301 407 160 26 förfaringssätt,
477 413 44 14 som
538 407 37 20 här
591 406 69 21 blifvit
674 406 68 27 följdt,
759 407 35 20 det
811 406 35 21 vill
862 409 48 24 säga
927 409 29 18 att
971 407 47 20 icke

191 438 91 23 upptaga
305 435 6 20 i
334 435 318 27 sammanjemkningsförslaget
675 435 63 26 något
762 437 70 22 annat,
855 437 26 18 än
903 435 52 20 hvad
972 442 44 13 som

191 463 69 20 blifvit
281 463 87 21 föremål
394 464 33 20 för
450 463 56 21 olika
523 464 67 20 beslut
606 464 39 21 och
661 464 38 20 der
714 463 83 21 således
813 464 205 26 sammanjemkning

190 491 26 27 på
237 494 30 18 ett
290 492 52 21 eller
364 496 64 16 annat
444 494 41 19 sätt
504 493 20 20 af
540 493 101 20 utskottet
657 492 64 21 borde
737 492 100 20 försökas.
869 491 60 21 Hvad
947 499 28 13 nu
991 492 26 20 de

190 520 21 20 af
234 521 107 26 professor
362 520 107 21 Koskinen
495 521 36 20 här
554 521 108 20 anmärkta
685 521 208 26 omständigheterna
915 520 102 26 beträffar,

192 549 61 20 utber
273 549 36 27 jag
324 549 43 27 mig
383 552 30 17 att
429 549 171 27 upplysningsvis
616 550 20 20 få
652 549 168 26 tillkännagifva,
836 552 29 17 att
880 549 101 20 hvardera
997 549 22 20 af

190 577 26 20 de
241 577 71 26 frågor
337 584 44 14 som
406 578 118 26 professorn
547 578 97 20 framhöll
666 584 37 14 var
723 577 89 21 föremål
835 578 32 20 för
891 584 27 14 en
938 577 79 26 ganska

191 606 98 26 vidlyftig
312 606 160 27 öfverläggning
495 607 4 19 i
517 606 105 21 utskottet.
653 606 62 21 Hvad
742 606 36 20 det
793 606 64 20 första
873 606 94 27 tillägget
983 606 35 20 be-

190 634 77 24 träffar,
290 641 61 14 anser
366 635 35 27 jag
417 635 35 20 det
468 642 48 13 vara
532 635 65 27 gifvet
612 637 30 18 att
658 635 64 20 saken
739 634 70 21 skulle
826 637 100 24 upptagas
942 635 5 19 i
964 641 54 13 sam-

191 663 276 27 manjemkningsförslaget,
491 670 46 14 men
563 663 33 21 vid
619 665 95 19 närmare
736 664 132 26 granskning
882 663 74 20 trodde
972 663 45 27 plu-

191 691 95 21 raliteten
299 692 6 20 i
323 692 106 26 utskottet,
445 695 30 17 att
490 692 64 20 saken
571 692 21 20 af
607 692 87 20 formela
710 692 43 20 skäl
772 692 18 26 ej
810 692 69 20 kunde
895 692 5 19 i
917 692 47 20 dess
977 698 40 20 nya

191 720 134 20 betänkande
351 720 80 26 inflyta,
452 723 21 23 ty
498 720 34 20 det
557 727 35 13 var
615 727 26 14 en
664 721 94 26 petition,
781 727 44 13 som
842 720 123 25 visserligen
982 727 37 13 var

189 748 100 27 godkänd
313 749 20 20 af
357 752 28 17 ett
405 749 66 25 stånd,
491 755 47 14 men
554 749 85 20 hvilken
656 749 18 26 ej
691 749 5 20 i
714 749 72 26 vanlig
802 749 27 20 til
848 748 115 24 inkommit,
979 749 38 20 och

191 776 84 21 således
291 777 65 26 ansåg
371 777 32 26 sig
413 777 99 21 utskottet
524 777 17 27 ej
555 784 48 13 vara
617 777 164 27 berättigadt
751 772 35 36 att
790 780 90 23 upptaga
889 777 127 20 densamma.

191 805 61 20 Hvad
270 805 44 21 åter
329 805 65 27 angår
409 805 35 21 det
459 806 65 20 andra
540 806 94 27 tillägget
650 806 37 26 far,
699 806 55 20 hade
769 806 36 20 det
816 805 121 27 visserligen
951 805 67 20 blifvit

190 836 87 24 antaget
299 834 21 20 af
341 837 29 18 ett
393 834 67 24 stånd,
483 841 47 14 men
555 834 25 21 då
603 835 46 20 icke
673 835 63 26 något
755 834 90 21 initiativ
863 834 90 20 hvarken
971 834 45 20 från

190 862 102 21 ståndens
308 863 51 20 eller
375 863 111 20 utskottets
502 863 44 20 sida
562 863 6 20 i
584 863 57 20 detta
658 863 35 20 fall
709 863 75 21 finnes,
800 863 70 26 ansågs
891 863 64 20 saken
968 863 49 20 böra

191 890 85 21 förfalla
294 897 77 20 genom
391 891 34 20 två
443 891 71 21 stånds
531 891 69 21 beslut
616 894 43 18 mot
671 891 41 23 två,
728 892 38 20 och
784 891 31 20 till
831 891 50 27 följd
898 891 21 20 af
934 891 40 20 den
991 897 25 14 en

189 919 57 27 gång
270 919 112 27 godkända
405 920 139 25 grundsatsen
564 920 68 21 skulle
656 920 56 21 detta
728 920 83 20 således
827 919 45 21 icke
889 921 128 19 omnämnas.

190 947 135 21 Beträffande
349 949 164 26 anmärkningen
537 955 34 14 om
590 949 68 20 finska
674 951 72 18 texten
764 948 66 21 måste
846 949 40 26 jag,
902 949 67 20 ehuru
985 954 32 14 ut-

189 977 68 20 skotts
273 977 97 25 medlem,
387 984 61 13 vidgå
464 978 43 19 min
523 977 108 27 oförmåga
644 980 29 18 att
691 977 70 21 lemna
774 979 96 18 närmare
880 977 136 26 upplysning;

190 1009 21 22 ty
234 1005 36 27 jag
295 1012 36 13 var
353 1005 46 21 icke
423 1006 130 21 närvarande
576 1006 26 20 då
624 1006 69 21 denna
709 1007 51 19 sista
776 1006 83 26 gången
876 1005 141 27 genomgicks.

262 1062 107 20 Professor
409 1069 125 18 Forsman,
551 1063 23 20 G.
590 1063 27 20 Z.:
631 1063 50 20 Mitä
691 1063 68 20 siihen
774 1063 168 20 mnistutukseen
955 1063 62 23 tulee,

190 1090 49 21 ettei
257 1097 22 14 se
296 1091 111 24 toivomus,
419 1091 64 26 jonka
498 1091 137 27 Pappissääty
651 1091 42 20 teki
708 1091 20 26 ja
744 1091 66 26 jonka
826 1097 22 14 se
864 1090 71 21 lähetti
953 1091 63 20 valio-

190 1119 101 21 kuntaan.
315 1119 46 20 olisi
378 1119 63 20 tullut
456 1119 82 21 oikeata
554 1120 55 24 tietä,
626 1120 43 19 niin
687 1120 56 20 minä
760 1126 26 13 en
803 1119 56 26 juuri
876 1119 33 20 voi
925 1125 77 20 ymmär

189 1149 39 22 tää,
250 1147 59 21 millä
331 1147 80 21 muulla
433 1148 77 20 tavalla
528 1148 124 20 anomuksia
668 1148 68 27 pitäisi
752 1147 64 21 tehdä
834 1148 47 19 kuin
899 1148 60 25 siten,
975 1150 42 18 että

189 1175 47 26 yksi
260 1177 53 20 mies
333 1183 26 14 ne
373 1177 92 26 jossakin
482 1177 100 26 säädyssä
598 1179 72 18 nostaa
685 1189 28 2 -—
729 1178 57 20 tässä
801 1176 137 27 tapauksessa
953 1183 11 14 e

189 1204 150 27 valtiopäiväin
363 1205 98 20 kuluessa
477 1205 140 27 tapahtuneen
634 1206 57 19 asian
707 1205 99 27 johdosta
823 1217 26 2 —
864 1205 20 26 ja
900 1207 42 18 että
963 1207 52 24 sääty

188 1233 49 26 joko
262 1239 27 15 ne
311 1233 110 26 hyväksyy
440 1234 20 26 ja
476 1234 47 20 sitte
539 1233 89 21 lähettää
645 1234 149 20 valiokuntaan
812 1234 26 20 tai
856 1235 41 18 että
913 1239 22 14 se
950 1233 67 21 lähet-

189 1263 33 18 tää
244 1268 25 14 ne
294 1265 122 18 suorastaan
441 1262 147 21 valiokuntaan
612 1262 127 21 lausumatta
760 1262 64 21 niistä
840 1262 83 20 mitään.
952 1262 63 20 Tämä

189 1290 28 20 tie
240 1297 28 13 on
289 1291 68 20 varsin
374 1290 67 26 oikea,
456 1293 66 18 mutta
539 1291 56 20 minä
611 1291 73 20 katson
700 1291 173 27 tarpeettomaksi
889 1293 55 18 ottaa
960 1291 57 20 asiaa

190 1318 196 21 keskusteltavaksi.
410 1331 27 2 —
460 1319 60 20 Vaan
544 1325 36 15 sen
605 1320 56 20 minä
679 1319 136 20 kumminkin
831 1319 126 24 ehdottelen,
975 1321 41 18 että

191 1347 143 27 Pappissääty,
357 1347 86 21 samalla
466 1348 40 20 kun
531 1354 22 14 se
577 1348 108 27 hyväksyy
703 1350 71 18 tämän
790 1347 226 27 yhteensovitusehda-

188 1375 84 26 tuksen,
296 1376 110 21 kuitenkin
423 1376 86 21 läusuisi
526 1377 155 20 valiokunnalle
698 1376 180 26 toivomuksonsa,
894 1378 42 18 ottä
952 1376 64 20 valio-

189 1404 65 20 kunta
279 1404 61 21 tekisi
364 1405 64 26 hyvin
444 1405 20 26 ja
480 1405 103 20 lähettäisi
600 1411 41 14 nuo
658 1405 153 20 muistutukset
827 1404 76 21 tekstin
920 1405 95 26 suhteen,

187 1432 52 26 joita
262 1439 23 14 se
309 1433 18 20 ei
344 1433 32 20 ole
392 1433 39 21 itse
447 1435 82 19 ottanut
544 1433 143 21 huomioonsa,
704 1433 135 20 kumminkin
857 1433 160 20 toimitusvalio-

188 1460 87 21 kunnan
294 1461 155 21 käsiteltäviksi.
