1103 1803
229 137 40 20 772
435 140 163 18 Presteståndet
609 142 58 17 1882.
693 142 25 16 14
730 142 62 20 april.

198 212 75 23 önska,
297 213 33 19 att
351 211 26 21 de
399 211 24 21 så
446 210 84 22 kallade
553 212 130 20 stommarna
706 210 68 22 skulle
797 210 101 21 afskaftas
917 210 39 22 och
972 210 59 22 delas

199 240 162 21 landbönderna
381 239 96 21 emellan.
510 240 46 20 Den
580 239 127 26 föregående
732 239 94 21 talarens
847 239 79 27 förslag
949 241 33 20 att
1005 240 26 21 de

199 269 134 21 landbönder
357 268 68 22 skulle
440 267 20 22 få
477 268 120 26 minskning
613 268 7 20 i
636 268 44 20 sina
695 268 93 26 afgifter,
804 274 46 15 som
866 268 117 27 underlyda
998 269 33 20 så-

199 298 57 20 dana
278 297 59 27 gods,
361 297 34 21 för
420 296 70 22 hvilka
505 297 63 26 ingen
584 296 121 27 minskning
720 298 6 18 i
742 296 66 27 priset
824 298 36 25 egt
875 303 53 19 rum,
945 296 35 22 det
996 296 35 23 vill

199 328 62 24 säga:
285 326 38 21 der
346 326 81 20 kronan
448 325 17 27 ej
483 325 99 27 upptagit
597 327 131 19 stommarna
743 325 33 21 för
791 331 53 20 egen
860 325 96 26 räkning,
973 325 58 21 detta

200 354 81 27 förslag
304 354 84 21 bevisar
408 354 48 26 just,
480 354 55 20 huru
558 354 79 24 vådligt
653 354 36 20 det
705 356 24 18 är
744 357 33 17 att
792 356 52 18 utan
860 354 120 20 kännedom
996 360 34 14 om

199 383 148 21 förhållanden
371 382 60 27 börja
452 382 101 26 lagstifta.
584 382 215 25 Landtdagsmannen
824 381 77 22 Kaarle
919 382 112 21 Komonen

200 411 73 21 anhöll
289 413 32 19 att
337 413 77 23 staten,
430 411 37 20 der
483 411 40 20 den
539 411 39 20 har
593 410 124 21 förbehållit
732 411 31 26 sig
774 413 136 22 stommarna,
920 410 68 21 skulle
1001 411 30 20 af-

201 441 33 20 stå
250 440 47 21 dem
314 439 23 22 åt
352 439 157 22 innehafvarne.
540 439 50 21 Man
606 445 61 15 anser
683 439 37 20 det
736 445 51 14 vara
804 445 25 15 en
842 440 67 20 skada
926 439 31 21 för
973 439 60 21 land-

200 469 117 25 bönderna,
337 470 33 19 att
385 469 80 20 kronan
482 467 128 22 förbehåller
626 468 31 26 sig
673 471 139 18 stommarna.
842 468 46 21 Den
904 468 128 27 föregående

201 497 84 21 talaren
307 497 47 21 åter
378 503 61 15 anser
462 497 59 20 detta
544 503 50 14 vara
617 503 26 14 en
663 496 67 21 fördel
746 496 34 21 för
797 497 53 24 dem,
868 497 87 20 emedan
972 497 61 21 deras

200 525 88 27 afgifter
304 526 121 25 derigenom
442 525 99 21 minskas.
568 525 74 21 Såsom
658 525 46 21 från
717 525 240 21 utskottsbetänkandet
967 525 66 21 fram-

201 554 44 27 går,
268 555 39 20 har
330 555 105 20 utskottet
457 553 109 27 föreslagit
588 556 32 18 att
644 554 107 26 styrelsen
775 554 24 20 så
815 555 60 19 snart
889 560 46 14 som
951 554 82 26 möjligt

201 582 69 22 skulle
285 585 50 23 taga
350 589 55 20 noga
420 582 51 21 reda
487 583 26 25 på
529 582 169 25 förhållandena;
715 582 38 21 och
770 582 103 26 styrelsen
889 582 42 21 kan
947 582 64 21 också
1026 583 7 20 i

201 612 56 20 vissa
279 611 38 21 fall
339 610 105 27 medgifva
466 617 25 14 en
508 610 97 27 lindring,
622 611 37 21 der
674 610 69 21 nöden
759 612 25 19 är
799 610 73 22 alltför
886 613 45 19 stor
946 611 40 21 och
1001 617 32 15 se-

201 640 98 21 dermera
321 639 118 21 framställa
464 640 36 20 sitt
524 639 78 27 förslag
624 639 33 21 för
680 639 120 21 Ständerna
826 640 32 20 för
881 642 32 18 att
936 640 21 20 af
971 640 62 22 dessa

201 668 85 26 pröfvas
302 668 39 21 och
357 668 129 27 godkännas.
518 668 38 20 Att
571 674 75 20 genom
663 670 30 18 ett
710 668 111 26 penndrag
836 668 94 26 afhjälpa
945 668 38 21 allt
997 669 36 21 det

201 697 58 21 onda
281 703 45 15 som
348 703 75 20 genom
440 699 30 19 ett
486 697 107 26 penndrag
608 696 141 27 uppkommit,
766 697 69 21 såsom
852 697 39 20 den
907 697 126 26 föregående

202 725 81 21 talaren
307 727 68 25 yttrat
397 725 37 27 sig,
460 731 62 14 anser
534 724 38 28 jag
588 731 51 14 vara
655 725 42 20 lika
713 724 87 27 vådligt,
816 727 22 24 ty
853 731 76 20 genom
945 728 30 18 ett
991 725 42 21 för-

201 754 88 21 hastadt
304 754 110 27 penndrag
429 754 41 20 kan
486 753 40 21 lätt
541 753 159 21 åstadkommas
717 760 40 20 nya
773 753 206 22 missförhållanden.

271 811 155 26 Kyrkoherden
442 811 87 26 Lyra:
560 810 40 27 Jag
617 810 105 21 erkänner
737 810 31 21 till
786 810 52 21 fullo
854 811 26 20 de
896 811 137 26 synpunkter,

203 845 45 15 som
271 839 24 21 af
313 841 86 25 prosten
415 839 105 21 Johusson
536 839 70 20 blifvit
621 839 135 20 framhållna:
773 841 33 18 att
824 845 48 15 man
888 839 99 21 behöfver
1002 840 31 21 tid

202 868 33 21 för
258 870 33 19 att
313 867 56 22 finna
392 868 54 20 hvad
470 874 44 14 som
537 867 7 21 i
560 868 72 26 hvarje
648 867 56 21 olika
720 867 35 21 fall
772 868 43 20 kan
831 874 51 15 vara
897 868 22 21 af
934 868 100 22 behofvet

202 896 118 27 påkalladt,
339 896 56 21 helst
410 896 160 21 förhållandena
586 896 107 27 verkligen
709 896 7 21 i
732 895 98 28 Wiborgs
847 897 34 20 län
897 898 36 19 äro
951 897 83 26 mycket

202 925 59 21 olika
284 925 34 21 vid
341 925 58 21 olika
422 925 130 23 donationer,
576 925 72 20 hvilka
664 924 58 21 olika
737 925 148 21 förhållanden
902 925 85 27 betinga
1002 928 32 19 ett

202 953 57 22 olika
281 953 163 26 förfaringssätt.
476 953 41 21 Det
535 953 79 27 förslag
635 954 36 26 jag
692 953 54 21 hade
763 955 53 19 äran
832 956 32 19 att
879 955 50 25 göra
946 955 88 20 innebär

201 982 56 21 dock
280 983 27 26 på
322 983 54 20 intet
392 984 42 19 sätt
450 982 69 27 någon
535 982 60 26 våda,
612 982 89 21 oaktadt
718 982 107 21 olikheter
840 982 120 21 förefinnas.
992 983 42 21 Det

201 1011 67 21 första
292 1010 110 27 förslaget,
424 1013 32 19 att
478 1011 105 26 nämligen
607 1011 150 20 annuiteterna
770 1010 69 21 skulle
856 1011 20 21 få
891 1011 78 21 räknas
985 1011 49 22 från

202 1039 36 22 det
262 1040 62 21 dessa
345 1039 103 21 landboer
471 1039 69 26 börjat
556 1039 76 24 betala,
649 1039 42 21 kan
707 1039 33 21 väl
757 1040 17 26 ej
792 1041 77 25 utgöra
885 1040 68 26 någon
969 1040 64 21 rubb-

201 1068 58 26 ning.
290 1068 49 20 Mitt
354 1068 67 20 andra
436 1067 85 26 förslag,
538 1070 38 22 att,
594 1068 36 20 der
646 1068 61 25 ingen
724 1068 93 26 lindring
833 1068 33 20 vid
882 1068 80 21 inlösen
972 1069 61 20 kom-

202 1096 39 21 mit
264 1097 5 20 i
286 1096 65 26 fråga,
368 1102 26 15 en
409 1096 65 21 sådan
490 1096 92 26 lindring
598 1096 20 20 af
633 1097 124 26 regeringen
774 1096 66 21 måtte
857 1095 52 22 efter
925 1096 108 27 billighets

201 1125 94 26 grunder
317 1125 96 26 beviljas,
435 1125 88 20 innebär
549 1125 67 20 heller
638 1125 45 21 icke
707 1125 69 26 någon
800 1125 60 25 våda,
883 1125 43 26 just
945 1126 88 21 emedan

203 1153 103 27 förslaget
328 1155 24 19 är
367 1153 24 21 så
406 1159 48 20 pass
471 1153 44 21 vidt
530 1156 32 18 att
578 1153 35 21 det
629 1153 115 27 inrymmer
760 1154 33 20 för
808 1153 123 27 regeringen
949 1154 36 21 full
997 1154 36 21 fri-

201 1181 37 22 het
263 1184 33 19 att
319 1182 117 21 bestämma
458 1182 130 27 lindringens
611 1183 76 26 belopp
709 1182 38 21 allt
770 1182 55 21 efter
848 1188 44 15 som
911 1183 84 21 krafvet
1010 1185 23 19 är

201 1213 69 19 större
295 1211 51 21 eller
366 1211 85 21 mindre.
482 1211 113 20 Olikheten
611 1211 6 20 i
634 1211 26 20 de
676 1211 55 21 båda
746 1211 150 26 petitionerna,
913 1211 84 22 hvilken
1013 1211 22 22 af

203 1239 40 21 den
260 1239 127 27 föregående
403 1239 80 21 talaren
500 1239 132 22 framhållits,
653 1239 88 21 innebär
757 1239 40 21 alls
813 1239 47 21 icke
876 1240 36 20 det
928 1240 41 21 han
984 1240 49 21 ville

201 1268 80 21 bevisa.
311 1268 112 21 Hvardera
450 1267 68 28 åsyfta
543 1268 19 26 ej
585 1268 116 26 någonting
724 1270 65 19 annat
815 1270 26 19 än
865 1268 96 27 lindring.
993 1269 40 21 Om

202 1297 205 26 landtdagsmannen
430 1297 110 20 Komonen
563 1297 69 20 funnit
656 1297 39 20 den
718 1299 65 24 utväg
798 1299 33 18 att
846 1297 105 26 allmogen
967 1298 67 21 måtte

201 1325 21 21 få
245 1327 112 24 stommen,
381 1325 24 21 så
427 1327 23 19 är
473 1325 36 21 det
530 1325 57 21 klart
603 1332 41 20 nog
660 1328 31 18 att
707 1328 106 18 stommen
829 1327 23 19 är
868 1326 40 25 god
925 1328 32 19 att
971 1326 63 22 hafva

202 1353 66 22 också
291 1353 32 22 för
345 1353 107 22 bönderna
474 1354 40 21 och
532 1356 32 19 att
581 1354 68 21 denna
664 1357 63 22 stom,
744 1360 34 15 om
795 1355 40 20 den
852 1354 68 21 skulle
935 1355 32 21 fås
981 1358 52 18 utan

202 1382 67 27 lösen,
291 1389 50 14 vore
365 1388 25 15 en
413 1383 118 26 ersättning
546 1383 33 20 för
594 1383 26 20 de
636 1385 57 18 stora
710 1383 79 20 bördor
805 1383 25 21 de
846 1382 57 21 bära.
933 1383 40 27 Jag
988 1384 47 21 vid-

202 1411 77 21 blifver
293 1411 83 21 således
392 1411 48 20 mitt
454 1411 94 26 yrkande
563 1411 39 21 och
616 1417 61 15 anser
692 1411 36 21 det
743 1417 52 15 vara
811 1411 47 21 fullt
873 1412 106 26 praktiskt
995 1412 38 21 och

201 1440 28 25 på
254 1440 54 20 intet
331 1441 42 19 sätt
396 1440 48 20 leda
466 1440 32 20 till
514 1439 66 27 några
596 1439 161 27 förvecklingar,
774 1440 26 20 dä
817 1441 122 25 regeringen
955 1441 79 21 lemnas

202 1467 38 21 full
257 1468 64 21 frihet
338 1469 31 19 att
385 1468 117 21 bestämma
518 1468 98 26 beloppet
632 1468 22 21 af
667 1468 127 26 lindringen,
812 1474 46 15 men
874 1468 55 21 hvad
940 1468 37 27 jag
987 1468 46 22 der-

202 1498 58 19 emot
275 1496 35 21 vill
327 1496 32 21 för
374 1496 130 27 högvördiga
520 1496 89 22 Ståndet
624 1497 89 26 påpeka,
730 1498 23 19 är
769 1500 32 18 att
817 1498 40 20 den
873 1497 90 26 positiva
983 1504 52 20 upp-

201 1524 73 26 giften,
297 1527 33 19 att
352 1525 106 27 nämligen
480 1526 91 20 försätta
588 1526 108 20 bönderna
712 1526 5 20 i
733 1526 63 20 deras
813 1526 148 26 ursprungliga
980 1526 54 27 läge,
