1103 1803
316 130 162 18 Presteständet
491 131 56 17 1882.
571 132 13 16 8
596 131 48 20 mai,
815 126 51 21 1161

69 200 100 27 päpekat,
192 200 69 21 utvisa
283 202 32 19 att
335 199 60 21 äfven
420 206 33 14 om
474 205 47 15 man
538 199 77 27 drager
630 206 26 14 en
671 200 50 20 linie
737 200 107 27 ätskilliga
861 201 36 21 mil

70 229 22 21 in
113 230 28 26 pä
162 228 130 25 slättlandet,
316 228 23 21 sä
359 228 55 21 skall
433 234 48 15 man
498 228 17 26 ej
532 228 72 21 kunna
619 228 101 22 förändra
736 229 40 21 den
792 228 105 27 naturliga

69 257 157 27 handelsvägen
249 263 44 15 som
314 257 5 20 i
339 256 74 27 hvarje
428 256 96 22 landsdel
541 256 41 22 lätt
598 257 38 21 när
652 257 31 21 till
699 257 198 27 handelsplatserna

70 286 35 21 vid
127 286 83 21 kusten.
241 285 49 21 Man
306 285 55 21 skall
376 285 34 21 väl
425 286 73 20 kunna
513 285 66 27 skapa
595 285 69 27 nägon
680 286 60 26 ringa
756 286 140 26 konkurrens,

69 321 48 14 men
141 314 54 22 dock
216 314 23 21 sä
257 314 108 26 obetydlig
381 316 32 19 att
429 314 40 21 den
486 314 19 26 ej
521 314 97 21 kommer
633 316 32 19 att
680 314 73 21 utöfva
768 317 54 19 stort
838 314 59 28 infly-

71 343 64 21 tande
156 343 28 26 pä
200 343 25 20 de
241 343 78 20 talrika
335 342 39 21 och
390 344 54 19 mest
460 342 76 21 odlade
553 342 85 21 delarne
655 343 22 20 af
691 343 82 25 kusten,
790 344 37 20 der
842 343 54 21 dock

71 372 36 21 det
129 374 68 18 mesta
212 371 21 21 af
248 371 25 21 de
289 377 75 15 senare
378 371 148 26 produkterna
541 370 134 27 produceras.
706 360 68 33 Äfven
790 372 105 26 importen

70 401 50 20 sker
142 400 27 26 på
185 405 80 16 samma
280 399 37 22 vis.
349 399 46 21 Den
412 400 53 20 lätta
481 399 242 27 sjökommunikationen
739 400 39 21 och
794 402 102 25 exporten

69 428 24 22 af
107 435 25 14 en
149 428 34 21 del
199 429 22 20 af
235 428 239 27 landskapsprodukter,
490 434 44 15 som
551 427 104 22 förmedla
670 435 25 14 en
707 428 51 27 liflig
768 429 128 21 förbindelse

70 457 49 21 med
143 457 95 21 utlandet
260 459 38 24 gör
318 459 32 18 att
373 463 25 14 en
423 459 45 19 stor
490 457 34 20 del
547 457 23 20 af
589 457 193 26 importartiklarne
799 457 97 27 billigare

70 486 71 21 kunna
164 485 57 22 föras
244 485 32 21 till
300 485 100 21 städerna
422 485 39 21 och
485 485 61 21 dessa
562 485 60 21 skola
638 485 82 22 således
736 486 93 27 ständigt
845 486 50 21 kon-

70 515 89 20 kurrera
174 515 46 20 med
238 514 25 21 de
279 515 45 20 små
339 514 139 27 köpingarne,
494 520 45 15 som
551 520 48 15 man
611 514 98 26 möjligen
723 515 47 20 med
783 515 113 21 allehanda

70 543 177 26 ansträngningar
262 543 40 21 kan
319 543 66 26 skapa
401 543 65 26 några
482 543 36 21 mil
534 542 97 27 uppifrån
647 543 75 21 kusten
738 543 39 21 och
794 543 26 22 de
836 543 60 21 skola

69 571 72 21 kunna
164 571 115 27 nedtrycka
303 571 72 26 priset,
399 571 137 25 hvarigenom
560 571 148 27 befolkningen
732 572 83 26 tvingas
838 574 32 18 att
889 571 6 21 i

70 602 107 19 närmaste
192 600 77 21 socken
284 600 100 26 uppköpa
400 600 45 20 sina
461 600 171 20 förnödenheter.

140 628 128 26 Ytterligare
283 628 96 21 kommer
394 628 72 21 härtill
482 630 32 19 att
531 628 61 22 dessa
607 628 72 21 städer
695 628 34 21 vid
745 628 75 22 kusten
833 628 62 22 hafva

69 663 27 15 en
113 656 92 28 betydlig
221 656 222 22 fabriksverksamhet.
474 656 43 22 Det
532 659 24 18 är
572 657 52 21 visst
640 658 29 24 så,
685 659 32 19 att
733 664 33 14 om
783 664 48 14 man
840 658 55 26 jem-

69 685 34 21 för
124 686 40 20 den
187 686 47 20 med
257 686 96 21 utlandet
369 686 51 20 eller
435 686 48 20 med
499 686 66 26 några
580 686 24 20 af
619 686 49 20 våra
683 688 79 19 största
777 687 78 25 städer,
871 686 24 21 så

69 716 25 19 är
109 714 39 21 den
165 714 18 26 ej
201 715 23 20 så
239 714 71 21 alltför
326 714 101 27 betydlig,
443 720 48 15 men
507 716 60 25 tager
582 720 48 15 man
646 714 137 22 tillsammans
795 715 100 21 städerna

69 742 181 27 Gamla-Karleby
273 743 39 20 oeh
327 742 125 26 Jakobstad,
468 743 24 20 så
507 743 45 20 visa
567 742 110 27 offentliga
692 743 118 22 statistiska
825 742 70 22 siffror

69 773 33 19 att
125 771 220 26 tillverkningsvärdet
367 771 46 21 från
437 771 63 21 deras
522 771 67 26 några
611 771 94 21 fabriker
725 772 97 26 utgjorde
841 773 52 19 1875

70 799 59 22 öfver
145 801 118 25 1,100,000.
293 800 40 27 Jag
349 799 36 21 vill
401 800 39 21 här
456 799 102 27 derjemte
573 802 83 21 nämna,
672 802 31 19 att
720 800 174 21 fabrikstillverk-

69 829 77 26 ningen
169 829 32 20 för
224 828 107 26 Uleåborg
347 828 110 27 uppgifves
474 828 31 21 till
522 829 98 25 769,000,
637 828 31 21 för
683 828 56 22 Vasa
754 829 32 20 till
802 829 36 21 två
854 828 39 21 och

69 863 26 15 en
111 856 45 21 half
170 857 86 26 million,
272 857 32 21 för
316 857 81 26 Viborg
413 857 31 21 till
462 857 121 26 2,400,000,
600 857 74 21 medan
687 858 74 21 staden
776 851 47 28 Åbo
839 857 55 21 visar

69 892 26 14 en
118 885 209 28 fabriksproduktion
349 885 24 21 af
395 887 12 19 6
431 886 105 21 millioner
560 885 39 22 och
622 885 142 22 Tammerfors
780 887 114 25 9,800,000

69 914 40 21 och
125 914 131 26 Helsingfors
274 915 130 25 10,500,000.
436 915 68 20 Dessa
519 915 71 20 siffror
604 915 138 26 ädagalägga,
756 917 32 19 att
801 902 92 34 nödvän-

69 943 79 26 digtvis
164 949 25 14 en
205 930 100 39 betydlig
314 943 77 21 handel
407 943 96 22 kommer
518 946 32 18 att
566 949 39 20 ega
621 949 45 15 rum
682 927 89 47 emellan
786 943 26 22 de
822 945 72 20 senast

69 971 92 21 nämnda
177 972 99 21 städerna
291 971 38 22 och
347 971 99 21 städerna
462 971 57 22 invid
536 978 63 15 norra
615 971 60 22 delen
691 972 22 21 af
728 972 82 25 kusten,
821 971 72 22 hvilka

69 1000 33 21 till
119 1000 30 21 sin
166 999 53 22 allra
234 1002 107 19 närmaste
357 1000 117 27 omgifning
490 1001 96 26 utsprida
602 1002 79 19 största
697 1001 60 20 delen
773 1001 24 20 af
806 1001 25 20 de
843 1007 50 20 pro-

68 1028 82 26 dukter,
166 1035 43 14 som
227 1029 22 20 af
263 1029 47 20 dem
328 1029 115 26 uppköpas.
472 1029 41 21 Det
528 1029 68 27 ligger
611 1029 6 20 i
633 1029 76 21 sakens
725 1031 62 19 natur
802 1031 38 22 att,
854 1031 39 18 när

67 1057 92 21 handeln
184 1063 25 15 en
230 1057 55 26 gång
307 1057 152 21 koncentreras
475 1057 27 26 på
517 1058 56 20 vissa
588 1057 49 25 håll,
655 1064 46 14 man
718 1057 122 26 visserligen
856 1064 36 19 ge-

68 1091 48 14 nom
139 1085 110 21 konstlade
271 1085 68 21 medel
361 1085 41 21 kan
423 1085 87 21 försöka
526 1085 100 22 förändra
642 1085 25 21 de
683 1085 68 27 gamla
768 1086 124 21 handelsvä-

67 1120 76 20 garne;
171 1119 47 15 men
242 1120 48 15 man
313 1114 54 21 skall
391 1116 58 19 snart
474 1114 83 21 komma
581 1114 31 21 till
637 1114 39 21 den
700 1114 120 21 erfarenhet
847 1120 45 15 som

68 1142 41 21 den
133 1143 108 20 romerske
263 1142 104 27 kejsaren,
391 1145 38 18 när
451 1143 42 20 han
517 1142 50 21 fann
591 1145 32 18 att
646 1143 47 26 inga
709 1143 98 21 dekreter
822 1142 71 21 kunde

67 1171 66 21 ändra
155 1177 38 14 ens
216 1177 24 15 en
264 1171 85 21 bokstaf
371 1171 7 20 i
401 1171 130 27 alphabetet.
562 1171 98 21 Handeln
680 1172 38 25 går
737 1172 31 20 sin
782 1171 111 21 bestämda

67 1201 45 25 väg,
133 1199 105 22 beroende
262 1199 23 21 af
306 1200 25 20 de
355 1200 107 26 naturliga
484 1199 169 23 förhällandena,
669 1200 38 21 och
724 1200 61 26 ingen
801 1200 91 21 kostnad

67 1228 41 21 kan
124 1227 100 22 förändra
241 1229 58 20 detta
314 1229 133 20 annorlunda
463 1230 26 19 än
505 1235 75 20 genom
596 1228 97 27 ytterligt
708 1231 58 19 stora
782 1230 110 25 ansträng-

67 1256 76 27 ningar
157 1257 100 21 fortsatta
273 1257 66 21 under
354 1257 82 21 seklers
450 1257 56 26 lopp.
522 1270 27 2 —
565 1257 42 21 Det
620 1257 91 22 element
721 1263 44 16 som
777 1257 39 21 här
826 1259 67 25 ytter-

67 1285 66 26 ligare
153 1285 134 25 tillkommer,
303 1287 24 19 är
342 1285 168 27 persontrafiken
527 1287 27 25 pä
570 1286 40 21 den
625 1285 107 22 blifvande
748 1286 76 26 banan,
841 1285 51 21 hvil-

67 1313 47 25 ken,
138 1320 33 14 om
193 1314 68 21 denna
285 1314 75 27 drages
383 1320 36 15 sex
439 1314 12 21 å
467 1315 33 26 sju
515 1315 36 20 mil
567 1314 44 21 från
628 1314 82 26 kusten,
728 1314 54 21 blott
797 1315 96 20 kommer

67 1344 32 19 att
114 1341 86 27 betjena
215 1343 26 20 de
257 1345 107 19 närmaste
380 1346 92 18 orterna.
496 1343 48 21 Men
561 1344 41 20 den
618 1343 110 22 talrikaste
744 1343 148 26 befolkningen

66 1371 67 26 ligger
155 1373 59 19 utom
238 1371 96 21 omrädet
357 1371 32 21 för
409 1371 127 27 jernvägens
560 1371 120 32 inflytande,
701 1372 39 21 och
756 1372 93 21 rörelsen
866 1371 27 27 pä

67 1399 48 21 dess
139 1397 132 24 hemtrakter
288 1406 51 21 eger
354 1406 46 15 rum
417 1400 74 21 liksom
508 1406 34 15 om
556 1400 117 27 jernvägen
689 1400 18 27 ej
723 1401 80 20 funnes.
834 1400 59 21 Blott

67 1434 34 14 om
125 1433 58 15 resor
207 1428 106 26 företagas
334 1428 28 26 pä
385 1429 73 26 längre
481 1428 91 25 afständ,
596 1431 24 18 är
635 1435 48 15 man
700 1429 82 27 nödgad
798 1431 32 19 att
846 1435 47 15 resa

66 1456 67 27 uppät
153 1456 72 21 landet
246 1456 31 22 för
293 1459 32 19 att
340 1456 97 28 uppsöka
450 1457 122 27 jernvägen.
603 1457 49 21 Men
669 1457 69 21 denna
752 1456 141 28 persontrafik

67 1486 24 20 är
111 1484 18 28 ej
151 1485 23 21 sä
194 1487 51 24 stor,
261 1491 44 15 som
322 1486 40 20 den
379 1485 69 27 trafik,
466 1486 84 21 hvilken
566 1487 36 20 rör
617 1486 32 26 sig
663 1486 28 26 pä
706 1486 87 22 kortare
808 1486 84 21 afständ
