1103 1803
231 134 55 22 1202
449 139 162 18 Presteståndet
623 140 58 17 1882.
706 140 13 17 9
731 140 48 21 maj.

200 208 24 21 af
246 208 97 27 vänskap
367 208 56 21 tillät
445 208 69 26 någon
536 208 22 21 af
573 208 45 21 sina
633 214 93 20 grannar
742 210 32 19 att
790 208 56 21 mala
861 208 27 27 på
904 208 128 26 densamma,

201 236 41 22 han
259 236 67 27 enligt
341 236 251 22 utskottsbetänkandets
608 236 79 28 förslag
702 236 42 22 kan
760 236 166 28 skyldigkännas
941 238 32 20 att
989 237 44 21 del-

200 267 51 25 taga
266 265 7 21 i
289 265 140 27 vägbyggnad
445 265 39 21 och
501 266 59 20 detta
576 272 62 20 synes
654 266 42 26 mig
712 272 51 14 vara
778 272 60 14 mera
854 266 68 20 hårdt.

271 322 150 21 Ofverläraren
437 322 143 21 Kihlman:
605 322 75 21 Denna
696 322 102 27 paragraf
812 324 23 19 är
849 322 130 27 ordagrannt
989 322 43 22 lika

200 350 92 27 lydande
309 351 47 20 med
373 357 81 14 samma
470 350 100 27 paragraf
584 351 7 20 i
606 350 115 27 kejserliga
737 351 166 26 propositionen,
919 357 45 15 som
978 351 54 21 före-

200 379 60 21 lades
283 381 84 19 senaste
390 379 108 26 landtdag.
529 379 32 21 Då
584 379 70 21 beslöt
675 379 168 26 Presteståndet,
863 381 32 19 att
911 382 30 19 ett
957 379 75 27 tillägg

200 407 69 22 skulle
285 409 64 25 göras
365 408 6 20 i
389 407 98 22 afseende
502 408 13 21 å
530 407 192 22 landthandlandes
738 407 144 28 förpliktande
899 410 31 19 att
946 408 85 27 deltaga

199 436 7 20 i
222 436 127 27 vägbygnad
372 436 39 21 och
434 436 118 21 detsamma
575 436 80 21 beslöts
678 436 64 21 också
764 436 24 21 af
801 437 166 26 Bondeståndet,
983 443 47 14 men

200 464 159 27 Ridderskapet
382 465 39 21 och
442 465 62 21 adeln
528 465 38 21 och
582 464 182 27 Borgareståndet
780 465 54 21 hade
850 465 43 21 helt
909 465 39 22 och
965 465 65 21 hållet

199 493 97 26 godkänt
312 494 40 21 den
369 493 113 27 kejserliga
497 493 165 27 propositionen.
693 493 57 21 Utan
766 493 72 22 tvifvel
850 493 81 22 fattade
943 494 24 21 de
981 494 50 21 sist-

200 523 93 20 nämnda
309 521 94 22 Stånden
419 522 37 21 sitt
473 522 69 21 beslut
557 523 32 20 att
604 522 114 27 godkänna
733 522 126 27 paragrafen
875 523 6 20 i
897 522 50 26 följd
963 522 67 27 deraf,

200 552 33 19 att
248 551 63 27 ingen
333 551 54 21 fäste
403 551 215 26 uppmärksamheten
635 551 34 21 vid
685 551 69 20 denna
770 551 163 26 omständighet.
964 551 65 26 Ingen

199 578 128 27 inbjudning
350 578 79 22 skedde
451 579 67 21 heller
538 579 33 21 till
594 579 62 21 dessa
677 578 67 22 Stånd
768 582 32 18 att
816 579 26 21 de
857 579 68 21 skulle
941 579 89 21 omfatta

200 608 60 20 detta
275 608 86 26 förslag,
377 610 51 18 utan
444 607 32 21 till
487 608 160 20 Presteståndet
659 607 38 21 och
710 608 162 20 Bondeständet
882 610 31 18 att
925 608 25 20 de
961 608 68 21 skulle

199 636 76 25 frängä
298 636 38 21 sitt
359 636 80 21 fattade
461 636 75 26 beslut,
557 636 39 21 och
612 636 89 21 sälunda
716 636 49 21 kom
783 636 124 26 paragrafen
923 638 32 19 att
971 636 57 21 bibe-

200 664 57 21 hålla
281 665 40 20 den
338 665 122 21 nuvarande
476 664 154 27 ordalydelsen,
646 664 39 22 och
701 665 27 26 pä
744 665 24 21 sä
784 666 42 19 sätt
842 665 39 21 har
897 665 39 21 den
952 671 27 15 nu
995 666 32 20 in-

199 693 90 21 kommit
306 694 6 20 i
329 693 39 21 den
385 693 112 27 kejserliga
512 693 159 27 propositionen
687 699 45 15 som
749 700 28 14 nu
793 693 117 27 föreligger.
939 694 41 26 Jag
996 694 33 20 för

200 722 42 21 min
267 722 33 21 del
325 722 58 20 delar
407 722 37 21 den
464 722 60 26 äsigt,
540 727 44 16 som
601 722 161 21 Presteständet
778 722 34 20 vid
828 724 83 19 senaste
927 722 101 26 landtdag

201 749 125 26 omfattade,
347 750 105 26 nämligen
468 753 32 18 att
515 750 61 21 äfven
592 750 182 21 landthandlande
790 750 52 21 böra
858 751 48 26 ingä
922 750 62 21 bland
1001 751 27 20 de

200 779 148 26 medborgare,
372 785 44 14 som
440 779 52 20 böra
513 779 89 26 bidraga
625 779 31 20 till
681 781 73 24 vägars
771 779 39 20 och
826 779 75 20 broars
916 779 111 21 underhåll

200 807 67 27 enligt
283 808 39 20 den
339 807 107 21 allmänna
461 807 87 27 princip,
566 809 31 19 att
613 809 79 24 tungan
709 807 39 21 bör
764 807 91 21 fördelas
866 808 68 21 sävidt
946 807 82 28 möjligt

199 836 27 27 pä
243 835 48 27 alla,
308 842 45 15 som
369 835 21 22 af
405 838 63 24 vägar
484 836 40 21 och
539 836 63 21 broar
618 835 61 22 hafva
695 837 68 24 någon
780 838 66 25 nytta.

269 893 89 21 Prosten
382 893 166 26 Rosengren:
579 892 89 22 Prosten
692 893 59 26 Hjelt
768 893 112 25 förmenar,
897 895 31 19 att
944 899 47 15 man
1008 893 18 26 ej

198 921 43 21 kan
263 923 58 20 sätta
343 928 25 15 en
391 921 181 22 landthandlande
587 922 6 20 i
610 922 86 25 mantal,
714 921 66 22 ehuru
796 921 41 22 han
856 925 52 22 tror,
929 924 31 18 att
978 928 48 15 man

198 950 34 21 väl
249 950 42 21 kan
307 952 56 19 sätta
379 957 25 14 en
421 949 124 28 ölbryggare
561 949 51 22 eller
628 950 222 21 brännvinsbrännare
866 951 6 20 i
884 950 84 21 manta].
986 950 42 21 Det

199 980 23 19 är
237 978 245 22 landthandelsrörelsen
499 979 38 21 och
553 978 18 27 ej
588 979 196 20 landthandlanden
800 979 48 26 sjelf
862 985 45 15 som
918 978 53 22 skall
982 981 44 18 sät-

199 1010 32 18 tas
250 1007 3 20 i
271 1007 87 21 mantal.
389 1007 41 27 Jag
452 1008 73 26 tycker
543 1009 33 19 att
591 1013 48 15 man
651 1007 109 26 dervidlag
776 1007 43 21 lika
835 1008 33 20 väl
884 1008 41 20 kan
941 1007 85 22 komma

198 1035 93 22 tillrätta
307 1036 47 21 med
367 1042 25 15 en
404 1036 179 21 landthandlande
594 1042 45 15 som
652 1036 47 21 med
713 1043 24 13 en
750 1035 126 28 ölbryggare
887 1036 51 21 eller
949 1036 77 21 bränn-

198 1064 159 21 vinsbrännare.
392 1064 60 21 Hvad
476 1064 45 21 åter
544 1064 100 21 beträffar
668 1070 124 20 gvarnarne,
817 1064 66 21 håller
903 1064 36 26 jag
962 1064 65 21 också

197 1092 52 24 före,
267 1095 31 18 att
315 1093 74 20 endast
404 1093 79 20 sädana
498 1099 97 20 gvarnar,
612 1099 44 15 som
668 1092 63 21 hafva
743 1093 55 20 varit
809 1093 137 26 tullgvarnar,
957 1093 69 20 skulle

197 1121 87 21 komma
300 1123 31 18 att
348 1121 85 26 deltaga
448 1121 6 20 i
471 1121 168 27 vägbyggnader,
656 1127 46 15 men
720 1121 46 21 icke
782 1121 65 26 nägra
858 1121 96 21 enskilda
965 1127 60 20 gvar-

197 1155 44 15 nar.
273 1149 39 22 Om
337 1156 24 14 en
386 1149 80 21 enskild
483 1150 182 26 husbehofsgvarn
682 1150 42 21 kan
739 1156 76 20 genom
832 1150 126 26 förbättring
974 1150 52 21 eller

197 1178 68 21 andra
288 1178 181 26 omständigheter
492 1178 130 27 smäningom
645 1178 87 26 öfvergä
748 1178 32 21 till
796 1185 25 14 en
837 1178 77 21 allmän
931 1184 71 21 gvarn,
1020 1179 7 20 i

199 1206 85 21 hvilken
301 1207 65 20 malas
382 1210 45 17 mot
442 1207 124 26 ersättning,
574 1196 77 32 "skulle
667 1207 33 20 väl
716 1207 109 26 ingenting
841 1207 75 21 hindra
932 1207 94 21 kommu-

197 1241 40 15 nen
261 1238 33 18 att
317 1235 90 21 derefter
431 1235 97 21 beskatta
551 1236 127 21 densamma.
708 1235 42 22 Det
770 1237 23 19 är
810 1236 58 20 detta
881 1235 36 27 jag
934 1237 44 19 tror
994 1238 32 19 att

197 1264 108 21 utskottet
328 1264 81 27 åsyftar
432 1264 39 21 och
494 1264 69 21 derför
586 1264 70 21 kunde
677 1264 69 21 man
733 1260 15 36 i
766 1265 59 20 detta
841 1264 118 21 hänseende
976 1264 51 26 god-

195 1292 73 21 känna
283 1292 134 27 paragrafen.

266 1349 111 21 Professor
399 1349 142 26 Forsman,
557 1350 27 21 J.:
615 1349 93 22 Minäkin
732 1350 120 26 puolestani
874 1349 83 27 pyydän
973 1350 50 20 kan-

196 1380 75 19 nattaa
295 1377 69 22 niiden
388 1378 145 26 mielipidettä,
554 1378 61 26 jotka
637 1379 113 24 arvelevat,
776 1380 44 19 että
835 1378 189 27 maakauppiasten

197 1408 60 25 myös
274 1406 56 21 tulee
347 1406 42 21 olla
411 1407 107 21 osallisina
534 1407 70 21 teiden
618 1407 22 26 ja
658 1407 71 20 siltain
746 1407 183 21 rakentamisessa.
961 1407 63 21 Koko

197 1434 90 22 meidän
310 1435 148 21 uudemmassa
481 1435 167 21 taloudellisessa
673 1435 187 21 lainsäädännössä
883 1442 26 14 on
925 1435 99 21 tahdottu

195 1464 44 21 niin
263 1464 70 26 paljon
357 1464 50 20 kuin
423 1464 135 20 mahdollista
574 1466 96 19 määrätä
686 1464 52 20 niitä
754 1464 98 21 kuormia
865 1464 22 26 ja
902 1464 120 24 rasituksia,

192 1492 62 26 jotka
279 1492 91 21 entisten
393 1492 69 21 aikain
479 1492 99 22 kuluessa
593 1495 49 18 ovat
658 1492 170 27 yksinomaisesti
844 1493 63 21 olleet
923 1491 101 22 maanvil-

190 1521 85 27 jelijäin
299 1520 114 26 hartioilla,
433 1521 107 21 muillekin
556 1520 160 22 kansaluokille.
747 1521 91 21 Samaan
860 1523 104 19 suuntaan
981 1526 42 15 me-
