1103 1803
231 133 43 20 934
440 137 163 19 Presteståndet
614 139 59 17 1882.
697 140 27 16 25
738 140 60 20 april

203 209 33 20 att
251 213 49 15 man
317 207 87 21 dermed
419 207 110 27 verkligen
545 208 79 26 åsyftat
639 208 26 21 de
679 208 35 21 för
729 208 93 22 trafiken
839 207 77 27 nödiga
931 206 104 23 värdshus

204 236 40 22 och
266 236 70 21 skulle
359 236 76 21 härvid
453 237 39 21 hos
508 236 68 27 någon
593 237 78 26 uppstå
683 236 90 27 farhåga
788 236 34 21 för
838 238 32 20 att
884 236 129 27 stadgandet
1028 237 7 20 i

205 265 69 21 denna
296 264 101 27 paragraf
417 264 70 22 skulle
502 265 73 21 kunna
590 265 28 27 på
633 265 74 21 landet
722 265 96 21 etablera
833 265 105 22 värdshus
953 265 33 21 för
1001 267 34 19 ut-

204 293 121 26 skänkning
348 293 23 21 af
388 293 27 27 öl,
431 293 25 21 så
470 294 104 21 uteslutes
590 294 70 21 denna
675 293 91 27 farhåga
782 294 130 26 derigenom,
928 296 32 19 att
975 294 60 20 kom-

204 328 79 15 munen
299 322 39 20 har
353 323 44 20 rätt
412 324 32 19 att
459 322 125 26 bestämma,
600 322 52 21 hvar
667 322 21 21 öl
703 322 33 22 får
751 322 106 27 försäljas.
887 322 46 22 Den
949 322 24 22 af
985 328 50 21 pro-

205 353 47 19 sten
275 351 123 26 Rosengren
416 350 96 21 uttalade
527 351 102 26 farhågan
646 351 61 21 torde
722 351 71 21 derför
809 351 46 20 icke
870 357 51 14 vara
937 350 97 27 befogad.

275 407 207 27 Kontraktsprosten
506 408 159 27 Grönberg
688 408 94 27 påminte
798 407 80 25 derom,
894 409 32 20 att
941 408 27 26 på
984 409 51 20 våra

205 436 106 27 ångbåtar
334 436 72 21 hvilka
422 436 71 22 färdas
509 437 27 26 på
552 436 26 22 de
593 439 68 19 större
677 437 108 26 insjöarne
800 436 47 21 från
864 436 38 21 den
919 443 40 14 ena
975 436 59 21 kom-

206 471 77 15 munen
307 465 32 20 till
356 465 41 20 den
412 465 73 26 andra,
502 465 143 22 förekommer
661 465 167 26 ölutskänkning
843 465 72 21 hvilka
930 465 105 26 ångbåtar

206 493 91 21 sålunda
319 494 27 26 på
368 495 43 20 sätt
435 494 38 21 och
490 494 30 21 vis
536 494 99 27 utgjorde
650 493 94 28 flytande
761 495 85 26 krogar.
876 494 68 21 Dessa
959 495 76 20 nästen

205 521 68 22 borde
289 523 64 20 också
368 522 28 26 på
411 523 65 26 något
491 525 43 19 sätt
550 522 147 28 ihågkommas
713 523 23 20 af
750 522 166 27 lagstiftningen.

283 579 147 22 Kirkkoherra
457 580 138 21 Törnudd
626 580 101 26 mainitsi,
756 581 46 19 että
828 579 159 27 höyrylaivojen
1013 579 23 27 ja

207 608 198 21 rautatie-asemain
421 608 115 22 ravintolat
552 612 50 18 ovat
616 610 94 20 asetetut
725 608 144 22 kuvernöörin
885 607 83 26 luvalla,
985 608 51 21 sekä

207 636 84 22 ehdotti
315 638 45 19 että
382 637 91 27 pykälän
490 637 166 25 ensitlauseessa
671 637 75 27 ,joka*
763 643 67 15 sanan
843 636 86 27 jälkeen
945 636 91 22 lisättäi-

207 665 41 21 siin
264 668 62 18 sanat
342 681 5 8 ,
349 665 178 25 asianomaisella
542 666 98 21 luvalla.
671 665 99 22 Muutoin
786 665 80 27 puhuja
881 664 102 28 hyväksyi
999 671 38 21 py-

207 694 64 21 kälän
287 694 142 22 valiokunnan
445 694 116 22 mietinnön
577 694 98 22 mukaan.

278 751 59 21 Härä
352 751 44 21 blef
410 751 13 28 $
441 752 25 20 12
482 751 23 21 af
519 751 89 22 Ständet
624 751 130 22 oförändrad
765 751 101 26 godkänd
878 751 65 27 enligt
954 751 82 21 utskot-

207 781 43 20 tets
267 779 141 22 betänkande.

596 838 12 25 s
625 837 25 21 18

208 893 124 28 godkändes
348 893 102 22 likaledes
466 896 50 19 utan
532 894 95 27 ändring.

594 980 12 27 8
624 981 31 20 14.

278 1037 100 22 Rörande
394 1038 68 21 denna
477 1037 99 27 paragraf
589 1038 85 26 yttrade
689 1038 33 26 sig
737 1037 95 27 följande
848 1037 80 21 talare:

279 1095 84 21 Doktor
385 1094 147 22 Granfelt
547 1094 48 21 ville
610 1097 100 19 utvotera
726 1095 42 21 den
784 1093 53 22 sista
852 1093 118 26 meningen,
983 1099 55 16 eme-

210 1123 41 22 dan
275 1124 48 21 dess
345 1123 93 22 innehåll
459 1123 69 26 ingick
546 1123 65 21 redan
626 1123 7 21 i
649 1123 12 27 &
679 1124 32 25 12,
727 1123 39 21 der
782 1123 36 20 det
833 1122 82 21 talades
930 1128 35 15 om
980 1123 58 26 gäst-

209 1153 120 27 gifvarenes
357 1152 132 27 rättigheter.
527 1152 165 27 Ifrägavarande
719 1151 135 26 bestämning
876 1157 50 15 vore
949 1150 89 22 likasom

209 1181 57 22 blott
289 1181 68 28 egnad
381 1183 32 19 att
434 1181 73 27 styrka
529 1181 47 21 dem
596 1181 5 20 i
616 1183 49 19 tron
681 1180 28 27 på
724 1182 32 20 att
773 1179 36 22 det
824 1181 24 20 är
863 1179 176 26 hufvudsakligen

209 1210 93 21 nattetid
318 1211 26 20 de
359 1209 21 22 få
397 1209 94 22 bedrifva
505 1209 144 28 utskänkning
664 1209 23 21 af
701 1209 27 21 öl.

280 1267 111 21 Professor
406 1267 17 21 F
453 1273 104 20 orsinan,
573 1266 23 22 G.
612 1267 28 26 Z.,
651 1266 81 27 yrkade
748 1266 29 27 på
792 1268 32 19 att
834 1265 127 27 paragrafen
971 1264 68 22 skulle

210 1295 168 22 återremitteras
399 1295 33 22 till
455 1295 109 26 utskottet,
587 1295 33 22 för
641 1297 32 19 att
692 1295 26 21 de
734 1295 7 21 i
757 1295 42 20 den
813 1293 69 23 finska
897 1295 73 20 texten
984 1293 56 22 före-

210 1324 129 21 kommande
354 1324 121 27 språkfelen
490 1324 68 21 skulle
573 1324 23 21 af
609 1324 106 21 utskottet
730 1325 76 20 rättas.

280 1381 125 27 Vicepastor
421 1381 114 22 Lilius:
560 1381 32 21 Då
608 1381 36 22 det
658 1381 31 21 uti
705 1386 77 16 senare
798 1379 61 22 delen
875 1379 22 22 af
905 1379 135 28 paragrafen,

211 1409 54 22 efter
280 1409 161 27 bestämningen
457 1416 41 19 om,
513 1412 33 19 att
560 1411 14 20 å
589 1409 90 27 helgdag
695 1409 18 26 ej
730 1409 72 26 någon
818 1408 125 28 försäljning
959 1408 32 22 får
1001 1414 40 21 ega

211 1444 55 19 rum,
289 1438 69 21 heter:
383 1444 47 22 ,om
452 1438 57 21 tiden
532 1439 27 20 då
581 1438 145 27 utskänkning
750 1437 35 21 mä
800 1443 40 21 ega
855 1443 47 15 rum
906 1433 17 37 ä
945 1437 96 26 hoteller,

210 1466 133 22 konditorier
366 1466 40 22 och
429 1467 66 21 andra
518 1466 162 28 näringsställen
703 1467 7 20 i
734 1466 51 21 stad
805 1465 39 22 och
863 1466 28 26 på
908 1466 79 26 landet,
1004 1465 37 21 der

211 1494 186 22 värdshusrörelse
420 1495 66 26 idkas,
509 1495 67 27 gäller
598 1495 55 21 hvad
673 1495 75 21 derom
765 1496 24 19 är
804 1494 52 22 eller
871 1494 113 22 framdeles
999 1493 42 21 kan

211 1523 66 22 varda
300 1524 145 27 förordnadt,*
468 1524 24 21 sä
514 1524 103 27 häntyder
638 1525 59 20 detta
720 1522 91 23 alldeles
834 1523 76 27 tydligt
929 1522 66 27 derpä
1010 1524 31 20 att
