1103 1803
278 165 6 1 —
297 134 162 32 Presteständet
470 135 56 17 1882.
545 136 19 30 2
575 135 47 20 maj.
806 129 55 21 1023

64 203 107 27 tillstyrka
186 203 133 21 densammas
335 203 126 27 antagande,
487 203 123 27 visserligen
621 203 48 22 med
681 204 59 26 ringa
749 203 142 27 förhoppning

63 238 35 15 om
113 232 95 21 ståndets
224 231 65 21 bifall.

133 288 88 22 Prosten
265 294 160 22 Rosengren:
442 289 42 21 Det
499 289 61 21 torde
576 296 50 14 vara
642 295 25 15 en
683 289 77 21 allmän
772 289 61 26 åsigt,
844 295 45 15 som

63 320 52 18 utan
138 317 72 21 tvifvel
233 317 93 26 grundar
348 318 32 26 sig
402 318 27 26 på
448 324 25 14 en
489 318 109 27 långvarig
615 317 126 26 erfarenhet,
758 320 32 18 att
806 317 25 21 de
846 317 44 21 folk

64 352 45 15 som
132 345 53 22 bebo
201 346 146 27 bergstrakter
362 346 6 20 i
385 346 115 21 allmänhet
515 346 63 21 hafva
594 346 96 27 poetiska
706 347 76 20 tankar
798 346 38 21 och
852 348 39 19 äro

64 375 43 20 rikt
131 374 114 27 begåfvade
267 375 7 20 i
297 374 81 27 andligt
398 374 126 27 hänseende,
540 374 27 21 då
582 375 96 21 deremot
694 375 25 21 de
735 375 51 25 folk,
802 381 44 14 som
862 374 28 21 bo

64 403 28 26 på
115 403 66 21 sanka
204 403 39 21 och
266 403 93 26 låglänta
382 403 76 21 ställen
476 403 94 21 alltifrån
588 403 24 22 de
629 403 68 21 äldsta
714 403 55 21 tider
785 403 53 21 varit
854 409 36 14 an-

64 431 67 22 sedda
153 431 32 21 för
208 437 57 16 mera
281 432 110 26 trögsinta.
421 431 75 22 Denna
511 431 122 22 erfarenhet
650 434 45 19 tror
709 432 35 27 jag
760 432 18 26 ej
794 432 38 21 bör
848 431 43 22 för-

65 460 62 22 bises,
143 462 38 19 när
197 460 35 21 det
248 462 23 19 är
287 460 60 27 fråga
363 466 33 15 om
412 462 32 20 att
461 461 116 20 bestämma
592 461 83 26 platsen
691 461 32 20 för
734 460 156 22 ständerhuset.

66 488 76 22 Derför
165 489 59 21 torde
240 495 48 15 man
304 489 47 21 icke
367 489 6 20 i
389 489 69 21 denna
474 489 47 21 stad
537 489 57 21 finna
610 489 69 28 någon
695 489 123 27 lämpligare
834 489 56 26 plats

65 519 26 20 än
113 517 81 27 platsen
215 519 56 20 öster
287 523 33 16 om
337 517 173 22 observatorium.
542 518 43 21 Der
607 517 67 22 finnes
690 519 40 20 den
746 519 61 20 bästa
821 518 69 26 grund

65 546 40 21 och
121 545 92 22 derifrån
230 548 23 19 är
269 552 25 15 en
310 546 80 27 herrlig
406 547 72 25 utsigt.
494 547 40 25 Jag
550 553 63 15 anser
628 547 42 26 mig
685 547 18 26 ej
717 546 90 22 behöfva
818 546 73 21 vidare

66 575 87 26 utlägga
169 575 65 25 detta,
251 574 36 21 vill
303 574 76 22 endast
394 574 89 35 påpeka,
500 574 54 22 huru
569 581 49 15 man
635 575 70 21 kunde
720 575 20 21 få
756 576 68 20 denna
835 574 56 27 plats

66 603 27 27 på
118 603 38 21 allt
180 605 42 19 sätt
245 603 120 21 förskönad.
397 604 42 20 Det
461 605 24 19 är
500 603 139 27 ovilkorligen
656 606 30 19 ett
701 604 91 26 mäktigt
808 603 83 33 intryck

65 638 25 14 en
116 628 103 42 byggnad,
243 632 90 26 uppförd
357 632 26 26 på
407 632 68 21 denna
495 632 56 27 plats
567 620 67 39 enligt
649 620 143 38 föreliggande
808 632 84 27 ritning,

65 660 68 21 skulle
148 662 52 25 göra
216 660 26 27 på
258 660 52 21 hvar
326 660 39 22 och
381 667 32 15 en.
434 660 119 27 Medgifvas
568 649 68 33 måste
652 663 31 19 att
699 660 191 22 observatorieber-

65 695 40 21 gen
121 689 56 26 ligga
192 688 59 27 långt
267 689 45 21 från
328 690 85 20 stadens
429 692 102 23 centrum,
548 696 47 15 men
604 689 55 22 efter
667 690 71 20 femtio
748 690 51 21 eller
808 689 83 21 hundra

65 718 24 20 år
113 718 54 20 skall
195 718 35 20 det
255 718 105 26 troligtvis
385 724 51 15 vara
456 719 58 20 svårt
530 720 32 19 att
577 718 44 21 tala
637 725 34 14 om
687 719 85 20 stadens
788 720 101 19 centrum.

66 746 256 27 Ständerhusbyggnaden
339 745 67 22 skulle
422 747 120 21 emellertid
558 747 38 21 här
612 747 59 21 alltid
688 747 85 21 komma
784 748 31 19 att
827 746 64 21 hafva

65 781 24 14 en
107 775 150 20 dominerande
274 775 55 26 plats
345 775 34 21 vid
395 775 95 27 inloppet
506 775 32 22 till
554 775 81 22 staden.
662 775 42 22 Det
719 775 95 22 kommer
830 775 60 20 alltid

65 806 32 19 att
118 809 51 16 vara
191 809 26 15 en
238 803 102 27 gripande
363 804 85 21 anblick
470 806 32 19 att
526 811 22 14 se
563 804 169 27 Nikolaikyrkan
748 805 28 26 på
792 810 24 15 en
833 803 57 27 höjd,

65 832 63 27 ryska
144 832 81 27 kyrkan
242 832 27 27 på
285 839 24 14 en
325 838 69 15 annan
411 832 39 21 och
466 833 150 21 ständerhuset
631 834 27 25 på
673 833 41 21 den
730 833 73 26 tredje.

133 889 88 22 Prosten
245 889 173 21 Johnsson:
449 890 33 21 On
506 890 128 27 tarpeellista
656 890 63 21 tehdä
741 892 71 19 erotus
834 889 56 21 lakia

65 915 98 24 säätävän
178 919 20 26 ja
213 918 56 21 lakia
285 918 113 33 käyttävän
414 919 78 20 toimen
510 919 70 20 välillä
596 919 104 20 valtiossa.
730 918 65 21 Lakia
806 919 84 20 säätävä

65 947 125 21 toimikunta
214 947 19 20 ei
257 947 33 20 voi
305 947 77 26 ryhtyä
397 947 43 20 lain
456 947 160 28 käyttämiseen,
632 954 52 14 vaan
699 947 64 27 jättää
778 953 36 14 sen
831 947 58 20 asian

65 975 114 33 erityiselle
202 975 167 21 toimikunnalle.
399 975 50 21 Niin
468 983 27 14 on
512 976 92 21 minusta
620 976 92 21 tässäkin
728 976 78 20 asiassa
821 977 69 24 sääty-

63 1005 36 33 jen
121 1004 113 21 mahdoton
258 1005 83 32 ryhtyä
357 1005 56 20 asiaa
436 1005 92 20 toimeen
544 1011 124 20 panemaan,
683 1004 114 22 mahdoton
813 1004 77 26 ryhtyä

143 1034 67 19 imään
231 1033 88 32 paikkaa
335 1033 20 26 ja
371 1035 121 25 perustusta
507 1033 93 32 puheina
616 1033 88 21 olevalle
720 1032 171 26 rakennukselle,

65 1063 146 19 määräämään
234 1061 64 21 miten
315 1068 23 14 se
354 1068 27 14 on
397 1061 151 21 rakennettava
563 1062 13 26 j.
593 1068 19 14 n.
629 1068 17 14 e.
675 1062 64 20 Tämä
754 1068 26 14 on
796 1061 93 20 minusta

64 1089 93 21 sellaista
172 1089 42 21 lain
236 1089 174 27 käytäntötointa,
425 1090 49 26 joka
490 1090 19 21 ei
526 1089 67 21 kuulu
608 1089 108 28 säädyille.
746 1089 99 27 Säätyjen
862 1095 27 14 on

64 1119 55 19 tässä
137 1118 78 21 asiassa
230 1118 93 21 minusta
339 1120 133 25 määrättävä,
488 1119 66 20 mitkä
569 1119 123 26 periaatteet
706 1119 26 20 he
748 1118 93 21 tahtovat
859 1120 30 17 to-

64 1146 128 21 teutetuiksi.
222 1146 99 28 Säätyjen
343 1153 28 14 on
386 1147 126 27 lausuttava,
527 1147 122 20 tahtovatko
665 1147 31 25 he,
712 1149 42 18 että
769 1147 51 20 niitä
835 1146 54 27 peri-

64 1175 85 21 aatteita
164 1181 26 15 on
207 1178 125 24 seurattava,
347 1175 51 27 joita
413 1175 63 21 tähän
492 1175 38 21 asti
547 1182 27 14 on
590 1175 130 28 puolustettu
730 1175 20 28 ja
760 1175 71 27 joiden
843 1180 46 14 mu-

65 1204 53 20 kaan
133 1204 132 27 säätyhuone
281 1204 46 21 olisi
343 1204 151 21 rakennettava
509 1204 115 27 yhteyteen
640 1204 156 21 ritarihuoneen
813 1203 76 20 kanssa

63 1232 51 21 sekä
136 1232 45 20 niin
203 1232 120 26 huokealla,
338 1232 51 21 kuin
405 1233 141 24 mahdollista,
562 1233 33 20 vai
611 1233 121 20 tahtovatko
747 1233 27 20 he
790 1233 37 25 nyt
842 1231 47 20 luo-

63 1267 42 20 pua
120 1261 63 20 niistä
197 1261 142 27 periaatteista
353 1261 22 27 ja
390 1263 98 24 määrätä,
504 1263 42 19 että
561 1261 108 21 rakennus
684 1261 56 27 pitää
750 1261 137 21 asetettaman

62 1289 107 27 julkiselle
185 1289 89 28 paikalle
290 1290 175 21 ritarihuoneesta
481 1290 131 21 huolimatta.
644 1289 50 21 Kun
710 1290 122 27 periaatteet
842 1288 46 21 ker-

63 1324 38 14 ran
125 1320 48 19 ovat
193 1320 110 25 määrätyt,
326 1319 44 20 niin
393 1319 48 20 sitte
461 1319 93 20 minusta
574 1319 44 20 asia
634 1318 46 21 olisi
695 1319 99 26 jätettävä
809 1317 80 25 muille,

61 1346 59 27 jotka
142 1346 53 21 niitä
217 1347 130 27 periaatteita
367 1347 125 21 seuraisivat
506 1347 21 27 ja
542 1347 106 27 panisivat
662 1347 39 21 itse
717 1347 57 20 asian
790 1346 97 21 toimeen.

62 1375 59 20 Minä
141 1375 96 21 uskallan
264 1377 55 19 tässä
343 1375 111 27 ehdotella,
478 1377 42 20 että
542 1377 60 25 sääty
627 1375 50 21 tällä
702 1375 71 22 kertaa
798 1374 90 27 hylkäisi

62 1409 27 15 ne
105 1403 128 28 periaatteet,
249 1404 58 27 jotka
333 1406 48 19 ovat
405 1404 146 27 johdattaneet
575 1404 135 21 valiokuntaa
736 1406 54 19 tässä
810 1403 79 21 asiassa

61 1432 21 26 ja
98 1433 43 19 että
155 1434 60 24 sääty
231 1433 96 31 päättäisi
345 1433 181 27 periaatteekseen
542 1435 56 19 tässä
613 1439 44 19 sen,
673 1435 42 18 että
730 1433 157 26 säätyhuoneen

62 1461 55 26 pitää
139 1460 64 21 saada
226 1461 119 21 itsenäinen
367 1467 72 15 asema
452 1462 123 32 jossakussa
590 1449 97 39 paikassa
703 1460 123 34 kaupungin
841 1459 48 21 kes-

61 1489 102 25 kustassa,
187 1489 77 21 lähellä
287 1490 52 20 niitä
361 1490 98 27 paikkoja
482 1490 64 27 joissa
570 1492 61 18 muut
653 1490 101 20 viralliset
775 1490 21 26 ja
813 1488 76 21 hallin-

61 1518 85 20 nolliset
161 1518 144 21 rakennukset
320 1521 54 18 ovat.
397 1518 27 21 Ja
439 1518 77 22 näiden
528 1518 151 28 periaatteiden
690 1516 197 30 toimenpanemista
