<?xml version="1.0" encoding="UTF-8"?>
<alto xmlns="http://www.loc.gov/standards/alto/ns-v3#" xmlns:xlink="http://www.w3.org/1999/xlink" xmlns:xsi="http://www.w3.org/2001/XMLSchema-instance" xsi:schemaLocation="http://www.loc.gov/standards/alto/ns-v3# http://www.loc.gov/alto/v3/alto-3-0.xsd">
	<Description>
		<MeasurementUnit>pixel</MeasurementUnit>
		<sourceImageInformation>
			<fileName>/tmp/tess_k_5p61ia_input.PNG</fileName>
		</sourceImageInformation>
		<OCRProcessing ID="OCR_0">
			<ocrProcessingStep>
				<processingSoftware>
					<softwareName>tesseract 5.3.4</softwareName>
				</processingSoftware>
			</ocrProcessingStep>
		</OCRProcessing>
	</Description>
	<Layout>
		<Page WIDTH="1103" HEIGHT="1803" PHYSICAL_IMG_NR="0" ID="page_0">
			<PrintSpace HPOS="0" VPOS="0" WIDTH="1103" HEIGHT="1803">
				<ComposedBlock ID="cblock_0" HPOS="220" VPOS="142" WIDTH="548" HEIGHT="26">
					<TextBlock ID="block_0" HPOS="220" VPOS="142" WIDTH="548" HEIGHT="26">
						<TextLine ID="line_0" HPOS="220" VPOS="142" WIDTH="548" HEIGHT="26">
							<String ID="string_0" HPOS="220" VPOS="142" WIDTH="57" HEIGHT="20" WC="0.96" CONTENT="1154"/><SP WIDTH="160" VPOS="142" HPOS="277"/>
							<String ID="string_1" HPOS="437" VPOS="146" WIDTH="161" HEIGHT="18" WC="0.92" CONTENT="Presteständet"/><SP WIDTH="14" VPOS="146" HPOS="598"/>
							<String ID="string_2" HPOS="612" VPOS="147" WIDTH="57" HEIGHT="17" WC="0.96" CONTENT="1882."/><SP WIDTH="24" VPOS="147" HPOS="669"/>
							<String ID="string_3" HPOS="693" VPOS="148" WIDTH="14" HEIGHT="16" WC="0.96" CONTENT="8"/><SP WIDTH="13" VPOS="148" HPOS="707"/>
							<String ID="string_4" HPOS="720" VPOS="147" WIDTH="48" HEIGHT="21" WC="0.95" CONTENT="maj."/>
						</TextLine>
					</TextBlock>
				</ComposedBlock>
				<GraphicalElement ID="cblock_1" HPOS="188" VPOS="173" WIDTH="832" HEIGHT="7"></GraphicalElement >
				<ComposedBlock ID="cblock_2" HPOS="188" VPOS="214" WIDTH="832" HEIGHT="114">
					<TextBlock ID="block_1" HPOS="188" VPOS="214" WIDTH="832" HEIGHT="56">
						<TextLine ID="line_1" HPOS="189" VPOS="214" WIDTH="831" HEIGHT="28">
							<String ID="string_5" HPOS="189" VPOS="215" WIDTH="185" HEIGHT="27" WC="0.91" CONTENT="Borgareståndet"/><SP WIDTH="17" VPOS="215" HPOS="374"/>
							<String ID="string_6" HPOS="391" VPOS="215" WIDTH="38" HEIGHT="21" WC="0.96" CONTENT="och"/><SP WIDTH="19" VPOS="215" HPOS="429"/>
							<String ID="string_7" HPOS="448" VPOS="215" WIDTH="106" HEIGHT="21" WC="0.96" CONTENT="utskottet"/><SP WIDTH="14" VPOS="215" HPOS="554"/>
							<String ID="string_8" HPOS="568" VPOS="215" WIDTH="67" HEIGHT="21" WC="0.96" CONTENT="borde"/><SP WIDTH="16" VPOS="215" HPOS="635"/>
							<String ID="string_9" HPOS="651" VPOS="216" WIDTH="26" HEIGHT="26" WC="0.96" CONTENT="på"/><SP WIDTH="16" VPOS="216" HPOS="677"/>
							<String ID="string_10" HPOS="693" VPOS="214" WIDTH="111" HEIGHT="22" WC="0.96" CONTENT="enahanda"/><SP WIDTH="18" VPOS="214" HPOS="804"/>
							<String ID="string_11" HPOS="822" VPOS="217" WIDTH="43" HEIGHT="19" WC="0.96" CONTENT="sätt"/><SP WIDTH="15" VPOS="217" HPOS="865"/>
							<String ID="string_12" HPOS="880" VPOS="221" WIDTH="33" HEIGHT="15" WC="0.93" CONTENT="om"/><SP WIDTH="15" VPOS="221" HPOS="913"/>
							<String ID="string_13" HPOS="928" VPOS="214" WIDTH="92" HEIGHT="22" WC="0.90" CONTENT="Ridder-"/>
						</TextLine>
						<TextLine ID="line_2" HPOS="188" VPOS="243" WIDTH="594" HEIGHT="27">
							<String ID="string_14" HPOS="188" VPOS="244" WIDTH="87" HEIGHT="26" WC="0.91" CONTENT="skapets"/><SP WIDTH="17" VPOS="244" HPOS="275"/>
							<String ID="string_15" HPOS="292" VPOS="243" WIDTH="40" HEIGHT="22" WC="0.96" CONTENT="och"/><SP WIDTH="16" VPOS="243" HPOS="332"/>
							<String ID="string_16" HPOS="348" VPOS="244" WIDTH="74" HEIGHT="20" WC="0.96" CONTENT="adelns"/><SP WIDTH="16" VPOS="244" HPOS="422"/>
							<String ID="string_17" HPOS="438" VPOS="243" WIDTH="70" HEIGHT="21" WC="0.96" CONTENT="beslut"/><SP WIDTH="15" VPOS="243" HPOS="508"/>
							<String ID="string_18" HPOS="523" VPOS="244" WIDTH="7" HEIGHT="20" WC="0.96" CONTENT="i"/><SP WIDTH="15" VPOS="244" HPOS="530"/>
							<String ID="string_19" HPOS="545" VPOS="244" WIDTH="73" HEIGHT="26" WC="0.96" CONTENT="frågan"/><SP WIDTH="16" VPOS="244" HPOS="618"/>
							<String ID="string_20" HPOS="634" VPOS="244" WIDTH="148" HEIGHT="24" WC="0.92" CONTENT="underrättas;"/>
						</TextLine>
					</TextBlock>
					<TextBlock ID="block_2" HPOS="188" VPOS="271" WIDTH="831" HEIGHT="57">
						<TextLine ID="line_3" HPOS="259" VPOS="271" WIDTH="760" HEIGHT="27">
							<String ID="string_21" HPOS="259" VPOS="272" WIDTH="39" HEIGHT="21" WC="0.96" CONTENT="och"/><SP WIDTH="24" VPOS="272" HPOS="298"/>
							<String ID="string_22" HPOS="322" VPOS="272" WIDTH="69" HEIGHT="21" WC="0.93" CONTENT="beslöt"/><SP WIDTH="23" VPOS="272" HPOS="391"/>
							<String ID="string_23" HPOS="414" VPOS="272" WIDTH="161" HEIGHT="21" WC="0.92" CONTENT="Presteståndet"/><SP WIDTH="18" VPOS="272" HPOS="575"/>
							<String ID="string_24" HPOS="593" VPOS="275" WIDTH="33" HEIGHT="19" WC="0.96" CONTENT="att"/><SP WIDTH="19" VPOS="275" HPOS="626"/>
							<String ID="string_25" HPOS="645" VPOS="272" WIDTH="115" HEIGHT="26" WC="0.93" CONTENT="bordlägga"/><SP WIDTH="16" VPOS="272" HPOS="760"/>
							<String ID="string_26" HPOS="776" VPOS="271" WIDTH="154" HEIGHT="22" WC="0.91" CONTENT="ofvannämnde"/><SP WIDTH="15" VPOS="271" HPOS="930"/>
							<String ID="string_27" HPOS="945" VPOS="274" WIDTH="74" HEIGHT="24" WC="0.92" CONTENT="proto-"/>
						</TextLine>
						<TextLine ID="line_4" HPOS="188" VPOS="300" WIDTH="830" HEIGHT="28">
							<String ID="string_28" HPOS="188" VPOS="300" WIDTH="134" HEIGHT="28" WC="0.91" CONTENT="kollsutdrag"/><SP WIDTH="15" VPOS="300" HPOS="322"/>
							<String ID="string_29" HPOS="337" VPOS="303" WIDTH="32" HEIGHT="19" WC="0.96" CONTENT="att"/><SP WIDTH="17" VPOS="303" HPOS="369"/>
							<String ID="string_30" HPOS="386" VPOS="301" WIDTH="5" HEIGHT="20" WC="0.96" CONTENT="i"/><SP WIDTH="17" VPOS="301" HPOS="391"/>
							<String ID="string_31" HPOS="408" VPOS="301" WIDTH="31" HEIGHT="21" WC="0.96" CONTENT="sin"/><SP WIDTH="16" VPOS="301" HPOS="439"/>
							<String ID="string_32" HPOS="455" VPOS="301" WIDTH="90" HEIGHT="27" WC="0.96" CONTENT="ordning"/><SP WIDTH="15" VPOS="301" HPOS="545"/>
							<String ID="string_33" HPOS="560" VPOS="300" WIDTH="34" HEIGHT="22" WC="0.96" CONTENT="till"/><SP WIDTH="11" VPOS="300" HPOS="594"/>
							<String ID="string_34" HPOS="605" VPOS="300" WIDTH="129" HEIGHT="28" WC="0.96" CONTENT="behandling"/><SP WIDTH="10" VPOS="300" HPOS="734"/>
							<String ID="string_35" HPOS="744" VPOS="301" WIDTH="56" HEIGHT="21" WC="0.96" CONTENT="inom"/><SP WIDTH="12" VPOS="301" HPOS="800"/>
							<String ID="string_36" HPOS="812" VPOS="300" WIDTH="85" HEIGHT="22" WC="0.96" CONTENT="ståndet"/><SP WIDTH="10" VPOS="300" HPOS="897"/>
							<String ID="string_37" HPOS="907" VPOS="303" WIDTH="111" HEIGHT="24" WC="0.96" CONTENT="upptagas."/>
						</TextLine>
					</TextBlock>
				</ComposedBlock>
				<ComposedBlock ID="cblock_3" HPOS="188" VPOS="442" WIDTH="831" HEIGHT="85">
					<TextBlock ID="block_3" HPOS="188" VPOS="442" WIDTH="831" HEIGHT="85">
						<TextLine ID="line_5" HPOS="258" VPOS="442" WIDTH="760" HEIGHT="27">
							<String ID="string_38" HPOS="258" VPOS="443" WIDTH="115" HEIGHT="21" WC="0.96" CONTENT="Dessutom"/><SP WIDTH="21" VPOS="443" HPOS="373"/>
							<String ID="string_39" HPOS="394" VPOS="443" WIDTH="54" HEIGHT="21" WC="0.95" CONTENT="hade"/><SP WIDTH="16" VPOS="443" HPOS="448"/>
							<String ID="string_40" HPOS="464" VPOS="442" WIDTH="32" HEIGHT="22" WC="0.96" CONTENT="till"/><SP WIDTH="16" VPOS="442" HPOS="496"/>
							<String ID="string_41" HPOS="512" VPOS="443" WIDTH="84" HEIGHT="21" WC="0.96" CONTENT="ståndet"/><SP WIDTH="16" VPOS="443" HPOS="596"/>
							<String ID="string_42" HPOS="612" VPOS="443" WIDTH="118" HEIGHT="26" WC="0.93" CONTENT="inkommit,"/><SP WIDTH="15" VPOS="443" HPOS="730"/>
							<String ID="string_43" HPOS="745" VPOS="443" WIDTH="125" HEIGHT="26" WC="0.91" CONTENT="föredrogos"/><SP WIDTH="15" VPOS="443" HPOS="870"/>
							<String ID="string_44" HPOS="885" VPOS="443" WIDTH="46" HEIGHT="25" WC="0.96" CONTENT="och,"/><SP WIDTH="16" VPOS="443" HPOS="931"/>
							<String ID="string_45" HPOS="947" VPOS="443" WIDTH="71" HEIGHT="20" WC="0.96" CONTENT="såsom"/>
						</TextLine>
						<TextLine ID="line_6" HPOS="188" VPOS="471" WIDTH="831" HEIGHT="28">
							<String ID="string_46" HPOS="188" VPOS="471" WIDTH="155" HEIGHT="22" WC="0.92" CONTENT="föranledande"/><SP WIDTH="14" VPOS="471" HPOS="343"/>
							<String ID="string_47" HPOS="357" VPOS="471" WIDTH="31" HEIGHT="22" WC="0.96" CONTENT="till"/><SP WIDTH="16" VPOS="471" HPOS="388"/>
							<String ID="string_48" HPOS="404" VPOS="472" WIDTH="62" HEIGHT="26" WC="0.96" CONTENT="ingen"/><SP WIDTH="16" VPOS="472" HPOS="466"/>
							<String ID="string_49" HPOS="482" VPOS="472" WIDTH="70" HEIGHT="21" WC="0.96" CONTENT="vidare"/><SP WIDTH="17" VPOS="472" HPOS="552"/>
							<String ID="string_50" HPOS="569" VPOS="472" WIDTH="82" HEIGHT="27" WC="0.96" CONTENT="åtgärd,"/><SP WIDTH="17" VPOS="472" HPOS="651"/>
							<String ID="string_51" HPOS="668" VPOS="472" WIDTH="58" HEIGHT="21" WC="0.96" CONTENT="lades"/><SP WIDTH="14" VPOS="472" HPOS="726"/>
							<String ID="string_52" HPOS="740" VPOS="471" WIDTH="31" HEIGHT="22" WC="0.96" CONTENT="till"/><SP WIDTH="11" VPOS="471" HPOS="771"/>
							<String ID="string_53" HPOS="782" VPOS="471" WIDTH="153" HEIGHT="26" WC="0.93" CONTENT="handlingarna"/><SP WIDTH="11" VPOS="471" HPOS="935"/>
							<String ID="string_54" HPOS="946" VPOS="474" WIDTH="73" HEIGHT="24" WC="0.90" CONTENT="proto-"/>
						</TextLine>
						<TextLine ID="line_7" HPOS="189" VPOS="500" WIDTH="140" HEIGHT="27">
							<String ID="string_55" HPOS="189" VPOS="500" WIDTH="140" HEIGHT="27" WC="0.91" CONTENT="kollsutdrag:"/>
						</TextLine>
					</TextBlock>
				</ComposedBlock>
				<ComposedBlock ID="cblock_4" HPOS="259" VPOS="557" WIDTH="591" HEIGHT="27">
					<TextBlock ID="block_4" HPOS="259" VPOS="557" WIDTH="591" HEIGHT="27">
						<TextLine ID="line_8" HPOS="259" VPOS="557" WIDTH="591" HEIGHT="27">
							<String ID="string_56" HPOS="259" VPOS="557" WIDTH="50" HEIGHT="21" WC="0.93" CONTENT="från"/><SP WIDTH="16" VPOS="557" HPOS="309"/>
							<String ID="string_57" HPOS="325" VPOS="557" WIDTH="157" HEIGHT="27" WC="0.48" CONTENT="Ridderskapet"/><SP WIDTH="16" VPOS="557" HPOS="482"/>
							<String ID="string_58" HPOS="498" VPOS="557" WIDTH="38" HEIGHT="21" WC="0.96" CONTENT="och"/><SP WIDTH="16" VPOS="557" HPOS="536"/>
							<String ID="string_59" HPOS="552" VPOS="557" WIDTH="62" HEIGHT="21" WC="0.96" CONTENT="adeln"/><SP WIDTH="17" VPOS="557" HPOS="614"/>
							<String ID="string_60" HPOS="631" VPOS="557" WIDTH="47" HEIGHT="21" WC="0.96" CONTENT="med"/><SP WIDTH="16" VPOS="557" HPOS="678"/>
							<String ID="string_61" HPOS="694" VPOS="557" WIDTH="156" HEIGHT="21" WC="0.96" CONTENT="underrättelse"/>
						</TextLine>
					</TextBlock>
				</ComposedBlock>
				<ComposedBlock ID="cblock_5" HPOS="187" VPOS="614" WIDTH="834" HEIGHT="140">
					<TextBlock ID="block_5" HPOS="187" VPOS="614" WIDTH="834" HEIGHT="140">
						<TextLine ID="line_9" HPOS="257" VPOS="614" WIDTH="761" HEIGHT="26">
							<String ID="string_62" HPOS="257" VPOS="616" WIDTH="34" HEIGHT="19" WC="0.96" CONTENT="att"/><SP WIDTH="22" VPOS="616" HPOS="291"/>
							<String ID="string_63" HPOS="313" VPOS="614" WIDTH="60" HEIGHT="21" WC="0.96" CONTENT="Hans"/><SP WIDTH="23" VPOS="614" HPOS="373"/>
							<String ID="string_64" HPOS="396" VPOS="614" WIDTH="116" HEIGHT="26" WC="0.96" CONTENT="Kejserliga"/><SP WIDTH="24" VPOS="614" HPOS="512"/>
							<String ID="string_65" HPOS="536" VPOS="614" WIDTH="110" HEIGHT="26" WC="0.96" CONTENT="Majestäts"/><SP WIDTH="21" VPOS="614" HPOS="646"/>
							<String ID="string_66" HPOS="667" VPOS="614" WIDTH="77" HEIGHT="26" WC="0.96" CONTENT="nådiga"/><SP WIDTH="17" VPOS="614" HPOS="744"/>
							<String ID="string_67" HPOS="761" VPOS="614" WIDTH="130" HEIGHT="26" WC="0.96" CONTENT="proposition"/><SP WIDTH="16" VPOS="614" HPOS="891"/>
							<String ID="string_68" HPOS="907" VPOS="614" WIDTH="111" HEIGHT="26" WC="0.96" CONTENT="angående"/>
						</TextLine>
						<TextLine ID="line_10" HPOS="189" VPOS="642" WIDTH="830" HEIGHT="27">
							<String ID="string_69" HPOS="189" VPOS="642" WIDTH="116" HEIGHT="27" WC="0.96" CONTENT="ändringar"/><SP WIDTH="22" VPOS="642" HPOS="305"/>
							<String ID="string_70" HPOS="327" VPOS="642" WIDTH="7" HEIGHT="21" WC="0.96" CONTENT="i"/><SP WIDTH="22" VPOS="642" HPOS="334"/>
							<String ID="string_71" HPOS="356" VPOS="642" WIDTH="103" HEIGHT="22" WC="0.96" CONTENT="särskilda"/><SP WIDTH="23" VPOS="642" HPOS="459"/>
							<String ID="string_72" HPOS="482" VPOS="642" WIDTH="59" HEIGHT="21" WC="0.96" CONTENT="delar"/><SP WIDTH="21" VPOS="642" HPOS="541"/>
							<String ID="string_73" HPOS="562" VPOS="642" WIDTH="23" HEIGHT="21" WC="0.93" CONTENT="af"/><SP WIDTH="21" VPOS="642" HPOS="585"/>
							<String ID="string_74" HPOS="606" VPOS="642" WIDTH="192" HEIGHT="27" WC="0.90" CONTENT="värnepligtslagen"/><SP WIDTH="23" VPOS="642" HPOS="798"/>
							<String ID="string_75" HPOS="821" VPOS="642" WIDTH="33" HEIGHT="21" WC="0.96" CONTENT="för"/><SP WIDTH="22" VPOS="642" HPOS="854"/>
							<String ID="string_76" HPOS="876" VPOS="642" WIDTH="97" HEIGHT="27" WC="0.96" CONTENT="Finland,"/><SP WIDTH="23" VPOS="642" HPOS="973"/>
							<String ID="string_77" HPOS="996" VPOS="642" WIDTH="23" HEIGHT="21" WC="0.96" CONTENT="af"/>
						</TextLine>
						<TextLine ID="line_11" HPOS="189" VPOS="671" WIDTH="828" HEIGHT="25">
							<String ID="string_78" HPOS="189" VPOS="671" WIDTH="86" HEIGHT="21" WC="0.94" CONTENT="ståndet"/><SP WIDTH="22" VPOS="671" HPOS="275"/>
							<String ID="string_79" HPOS="297" VPOS="671" WIDTH="130" HEIGHT="21" WC="0.95" CONTENT="remitterats"/><SP WIDTH="24" VPOS="671" HPOS="427"/>
							<String ID="string_80" HPOS="451" VPOS="671" WIDTH="33" HEIGHT="21" WC="0.96" CONTENT="till"/><SP WIDTH="23" VPOS="671" HPOS="484"/>
							<String ID="string_81" HPOS="507" VPOS="671" WIDTH="35" HEIGHT="21" WC="0.96" CONTENT="det"/><SP WIDTH="23" VPOS="671" HPOS="542"/>
							<String ID="string_82" HPOS="565" VPOS="671" WIDTH="104" HEIGHT="21" WC="0.91" CONTENT="särskilda"/><SP WIDTH="20" VPOS="671" HPOS="669"/>
							<String ID="string_83" HPOS="689" VPOS="671" WIDTH="89" HEIGHT="25" WC="0.96" CONTENT="utskott,"/><SP WIDTH="24" VPOS="671" HPOS="778"/>
							<String ID="string_84" HPOS="802" VPOS="677" WIDTH="45" HEIGHT="15" WC="0.95" CONTENT="som"/><SP WIDTH="22" VPOS="677" HPOS="847"/>
							<String ID="string_85" HPOS="869" VPOS="671" WIDTH="100" HEIGHT="21" WC="0.86" CONTENT="tillsattes"/><SP WIDTH="16" VPOS="671" HPOS="969"/>
							<String ID="string_86" HPOS="985" VPOS="671" WIDTH="32" HEIGHT="21" WC="0.96" CONTENT="för"/>
						</TextLine>
						<TextLine ID="line_12" HPOS="188" VPOS="699" WIDTH="833" HEIGHT="27">
							<String ID="string_87" HPOS="188" VPOS="699" WIDTH="157" HEIGHT="26" WC="0.96" CONTENT="behandlingen"/><SP WIDTH="16" VPOS="699" HPOS="345"/>
							<String ID="string_88" HPOS="361" VPOS="700" WIDTH="23" HEIGHT="20" WC="0.96" CONTENT="af"/><SP WIDTH="14" VPOS="700" HPOS="384"/>
							<String ID="string_89" HPOS="398" VPOS="700" WIDTH="39" HEIGHT="20" WC="0.96" CONTENT="den"/><SP WIDTH="17" VPOS="700" HPOS="437"/>
							<String ID="string_90" HPOS="454" VPOS="700" WIDTH="76" HEIGHT="26" WC="0.96" CONTENT="nådiga"/><SP WIDTH="15" VPOS="700" HPOS="530"/>
							<String ID="string_91" HPOS="545" VPOS="700" WIDTH="159" HEIGHT="26" WC="0.96" CONTENT="propositionen"/><SP WIDTH="12" VPOS="700" HPOS="704"/>
							<String ID="string_92" HPOS="716" VPOS="700" WIDTH="39" HEIGHT="20" WC="0.96" CONTENT="N:o"/><SP WIDTH="11" VPOS="700" HPOS="755"/>
							<String ID="string_93" HPOS="766" VPOS="700" WIDTH="27" HEIGHT="20" WC="0.96" CONTENT="42"/><SP WIDTH="12" VPOS="700" HPOS="793"/>
							<String ID="string_94" HPOS="805" VPOS="699" WIDTH="109" HEIGHT="27" WC="0.93" CONTENT="angående"/><SP WIDTH="12" VPOS="699" HPOS="914"/>
							<String ID="string_95" HPOS="926" VPOS="699" WIDTH="95" HEIGHT="26" WC="0.92" CONTENT="uppskof"/>
						</TextLine>
						<TextLine ID="line_13" HPOS="187" VPOS="727" WIDTH="544" HEIGHT="27">
							<String ID="string_96" HPOS="187" VPOS="727" WIDTH="49" HEIGHT="22" WC="0.93" CONTENT="med"/><SP WIDTH="17" VPOS="727" HPOS="236"/>
							<String ID="string_97" HPOS="253" VPOS="733" WIDTH="110" HEIGHT="16" WC="0.92" CONTENT="reservens"/><SP WIDTH="15" VPOS="733" HPOS="363"/>
							<String ID="string_98" HPOS="378" VPOS="727" WIDTH="120" HEIGHT="22" WC="0.92" CONTENT="inkallande"/><SP WIDTH="16" VPOS="727" HPOS="498"/>
							<String ID="string_99" HPOS="514" VPOS="728" WIDTH="31" HEIGHT="21" WC="0.93" CONTENT="till"/><SP WIDTH="18" VPOS="728" HPOS="545"/>
							<String ID="string_100" HPOS="563" VPOS="727" WIDTH="168" HEIGHT="27" WC="0.89" CONTENT="öfningsmöten"/><SP WIDTH="-8" VPOS="727" HPOS="731"/>
							<String ID="string_101" HPOS="723" VPOS="723" WIDTH="12" HEIGHT="36" WC="0.89" CONTENT=";"/>
						</TextLine>
					</TextBlock>
				</ComposedBlock>
				<ComposedBlock ID="cblock_6" HPOS="188" VPOS="785" WIDTH="830" HEIGHT="84">
					<TextBlock ID="block_6" HPOS="188" VPOS="785" WIDTH="830" HEIGHT="84">
						<TextLine ID="line_14" HPOS="257" VPOS="785" WIDTH="761" HEIGHT="26">
							<String ID="string_102" HPOS="257" VPOS="787" WIDTH="33" HEIGHT="19" WC="0.93" CONTENT="att"/><SP WIDTH="21" VPOS="787" HPOS="290"/>
							<String ID="string_103" HPOS="311" VPOS="785" WIDTH="85" HEIGHT="21" WC="0.91" CONTENT="ständet"/><SP WIDTH="15" VPOS="785" HPOS="396"/>
							<String ID="string_104" HPOS="411" VPOS="785" WIDTH="31" HEIGHT="20" WC="0.97" CONTENT="till"/><SP WIDTH="16" VPOS="785" HPOS="442"/>
							<String ID="string_105" HPOS="458" VPOS="785" WIDTH="42" HEIGHT="21" WC="0.96" CONTENT="alla"/><SP WIDTH="16" VPOS="785" HPOS="500"/>
							<String ID="string_106" HPOS="516" VPOS="785" WIDTH="57" HEIGHT="21" WC="0.93" CONTENT="delar"/><SP WIDTH="15" VPOS="785" HPOS="573"/>
							<String ID="string_107" HPOS="588" VPOS="785" WIDTH="95" HEIGHT="26" WC="0.92" CONTENT="godkänt"/><SP WIDTH="22" VPOS="785" HPOS="683"/>
							<String ID="string_108" HPOS="705" VPOS="785" WIDTH="216" HEIGHT="21" WC="0.91" CONTENT="ekonomiutskottets"/><SP WIDTH="22" VPOS="785" HPOS="921"/>
							<String ID="string_109" HPOS="943" VPOS="785" WIDTH="75" HEIGHT="20" WC="0.92" CONTENT="betän-"/>
						</TextLine>
						<TextLine ID="line_15" HPOS="188" VPOS="813" WIDTH="828" HEIGHT="27">
							<String ID="string_110" HPOS="188" VPOS="813" WIDTH="71" HEIGHT="21" WC="0.96" CONTENT="kande"/><SP WIDTH="24" VPOS="813" HPOS="259"/>
							<String ID="string_111" HPOS="283" VPOS="813" WIDTH="6" HEIGHT="21" WC="0.92" CONTENT="i"/><SP WIDTH="24" VPOS="813" HPOS="289"/>
							<String ID="string_112" HPOS="313" VPOS="813" WIDTH="115" HEIGHT="27" WC="0.91" CONTENT="anledning"/><SP WIDTH="16" VPOS="813" HPOS="428"/>
							<String ID="string_113" HPOS="444" VPOS="813" WIDTH="24" HEIGHT="21" WC="0.93" CONTENT="af"/><SP WIDTH="14" VPOS="813" HPOS="468"/>
							<String ID="string_114" HPOS="482" VPOS="813" WIDTH="120" HEIGHT="22" WC="0.92" CONTENT="äterremiss"/><SP WIDTH="17" VPOS="813" HPOS="602"/>
							<String ID="string_115" HPOS="619" VPOS="813" WIDTH="22" HEIGHT="21" WC="0.96" CONTENT="af"/><SP WIDTH="15" VPOS="813" HPOS="641"/>
							<String ID="string_116" HPOS="656" VPOS="819" WIDTH="80" HEIGHT="15" WC="0.93" CONTENT="samma"/><SP WIDTH="16" VPOS="819" HPOS="736"/>
							<String ID="string_117" HPOS="752" VPOS="813" WIDTH="94" HEIGHT="22" WC="0.91" CONTENT="utskotts"/><SP WIDTH="16" VPOS="813" HPOS="846"/>
							<String ID="string_118" HPOS="862" VPOS="813" WIDTH="133" HEIGHT="21" WC="0.92" CONTENT="betänkande"/><SP WIDTH="16" VPOS="813" HPOS="995"/>
							<String ID="string_119" HPOS="1011" VPOS="813" WIDTH="5" HEIGHT="20" WC="0.96" CONTENT="i"/>
						</TextLine>
						<TextLine ID="line_16" HPOS="188" VPOS="841" WIDTH="829" HEIGHT="28">
							<String ID="string_120" HPOS="188" VPOS="841" WIDTH="115" HEIGHT="28" WC="0.92" CONTENT="anledning"/><SP WIDTH="20" VPOS="841" HPOS="303"/>
							<String ID="string_121" HPOS="323" VPOS="842" WIDTH="22" HEIGHT="21" WC="0.93" CONTENT="af"/><SP WIDTH="22" VPOS="842" HPOS="345"/>
							<String ID="string_122" HPOS="367" VPOS="842" WIDTH="76" HEIGHT="27" WC="0.93" CONTENT="nädiga"/><SP WIDTH="18" VPOS="842" HPOS="443"/>
							<String ID="string_123" HPOS="461" VPOS="842" WIDTH="158" HEIGHT="27" WC="0.96" CONTENT="propositionen"/><SP WIDTH="16" VPOS="842" HPOS="619"/>
							<String ID="string_124" HPOS="635" VPOS="843" WIDTH="39" HEIGHT="20" WC="0.96" CONTENT="N:o"/><SP WIDTH="17" VPOS="843" HPOS="674"/>
							<String ID="string_125" HPOS="691" VPOS="843" WIDTH="12" HEIGHT="19" WC="0.93" CONTENT="2"/><SP WIDTH="17" VPOS="843" HPOS="703"/>
							<String ID="string_126" HPOS="720" VPOS="842" WIDTH="108" HEIGHT="27" WC="0.91" CONTENT="angäende"/><SP WIDTH="17" VPOS="842" HPOS="828"/>
							<String ID="string_127" HPOS="845" VPOS="842" WIDTH="172" HEIGHT="25" WC="0.89" CONTENT="vaccinationen"/><SP WIDTH="-8" VPOS="842" HPOS="1017"/>
							<String ID="string_128" HPOS="1009" VPOS="837" WIDTH="12" HEIGHT="36" WC="0.89" CONTENT=";"/>
						</TextLine>
					</TextBlock>
				</ComposedBlock>
				<ComposedBlock ID="cblock_7" HPOS="257" VPOS="899" WIDTH="455" HEIGHT="21">
					<TextBlock ID="block_7" HPOS="257" VPOS="899" WIDTH="455" HEIGHT="21">
						<TextLine ID="line_17" HPOS="257" VPOS="899" WIDTH="455" HEIGHT="21">
							<String ID="string_129" HPOS="257" VPOS="899" WIDTH="48" HEIGHT="21" WC="0.92" CONTENT="frän"/><SP WIDTH="16" VPOS="899" HPOS="305"/>
							<String ID="string_130" HPOS="321" VPOS="899" WIDTH="159" HEIGHT="21" WC="0.91" CONTENT="Bondeständet"/><SP WIDTH="14" VPOS="899" HPOS="480"/>
							<String ID="string_131" HPOS="494" VPOS="899" WIDTH="47" HEIGHT="21" WC="0.93" CONTENT="med"/><SP WIDTH="16" VPOS="899" HPOS="541"/>
							<String ID="string_132" HPOS="557" VPOS="899" WIDTH="155" HEIGHT="21" WC="0.92" CONTENT="underrättelse"/>
						</TextLine>
					</TextBlock>
				</ComposedBlock>
				<ComposedBlock ID="cblock_8" HPOS="186" VPOS="955" WIDTH="831" HEIGHT="512">
					<TextBlock ID="block_8" HPOS="187" VPOS="955" WIDTH="830" HEIGHT="170">
						<TextLine ID="line_18" HPOS="257" VPOS="955" WIDTH="760" HEIGHT="28">
							<String ID="string_133" HPOS="257" VPOS="958" WIDTH="34" HEIGHT="19" WC="0.92" CONTENT="att"/><SP WIDTH="22" VPOS="958" HPOS="291"/>
							<String ID="string_134" HPOS="313" VPOS="956" WIDTH="86" HEIGHT="21" WC="0.91" CONTENT="ständet"/><SP WIDTH="23" VPOS="956" HPOS="399"/>
							<String ID="string_135" HPOS="422" VPOS="956" WIDTH="32" HEIGHT="21" WC="0.92" CONTENT="vid"/><SP WIDTH="25" VPOS="956" HPOS="454"/>
							<String ID="string_136" HPOS="479" VPOS="955" WIDTH="150" HEIGHT="28" WC="0.92" CONTENT="föredragning"/><SP WIDTH="16" VPOS="955" HPOS="629"/>
							<String ID="string_137" HPOS="645" VPOS="955" WIDTH="23" HEIGHT="22" WC="0.93" CONTENT="af"/><SP WIDTH="13" VPOS="955" HPOS="668"/>
							<String ID="string_138" HPOS="681" VPOS="956" WIDTH="246" HEIGHT="21" WC="0.92" CONTENT="ständerhusutskottets"/><SP WIDTH="16" VPOS="956" HPOS="927"/>
							<String ID="string_139" HPOS="943" VPOS="956" WIDTH="74" HEIGHT="21" WC="0.91" CONTENT="betän-"/>
						</TextLine>
						<TextLine ID="line_19" HPOS="187" VPOS="984" WIDTH="829" HEIGHT="27">
							<String ID="string_140" HPOS="187" VPOS="984" WIDTH="70" HEIGHT="21" WC="0.96" CONTENT="kande"/><SP WIDTH="17" VPOS="984" HPOS="257"/>
							<String ID="string_141" HPOS="274" VPOS="985" WIDTH="40" HEIGHT="21" WC="0.96" CONTENT="N:o"/><SP WIDTH="19" VPOS="985" HPOS="314"/>
							<String ID="string_142" HPOS="333" VPOS="987" WIDTH="8" HEIGHT="18" WC="0.96" CONTENT="1"/><SP WIDTH="18" VPOS="987" HPOS="341"/>
							<String ID="string_143" HPOS="359" VPOS="985" WIDTH="47" HEIGHT="20" WC="0.93" CONTENT="med"/><SP WIDTH="16" VPOS="985" HPOS="406"/>
							<String ID="string_144" HPOS="422" VPOS="985" WIDTH="112" HEIGHT="26" WC="0.96" CONTENT="anledning"/><SP WIDTH="15" VPOS="985" HPOS="534"/>
							<String ID="string_145" HPOS="549" VPOS="985" WIDTH="23" HEIGHT="20" WC="0.97" CONTENT="af"/><SP WIDTH="14" VPOS="985" HPOS="572"/>
							<String ID="string_146" HPOS="586" VPOS="985" WIDTH="40" HEIGHT="20" WC="0.96" CONTENT="den"/><SP WIDTH="15" VPOS="985" HPOS="626"/>
							<String ID="string_147" HPOS="641" VPOS="985" WIDTH="34" HEIGHT="20" WC="0.96" CONTENT="vid"/><SP WIDTH="21" VPOS="985" HPOS="675"/>
							<String ID="string_148" HPOS="696" VPOS="986" WIDTH="52" HEIGHT="20" WC="0.93" CONTENT="1877"/><SP WIDTH="12" VPOS="986" HPOS="748"/>
							<String ID="string_149" HPOS="760" VPOS="985" WIDTH="34" HEIGHT="20" WC="0.92" CONTENT="års"/><SP WIDTH="11" VPOS="985" HPOS="794"/>
							<String ID="string_150" HPOS="805" VPOS="985" WIDTH="101" HEIGHT="26" WC="0.92" CONTENT="landtdag"/><SP WIDTH="13" VPOS="985" HPOS="906"/>
							<String ID="string_151" HPOS="919" VPOS="985" WIDTH="97" HEIGHT="21" WC="0.95" CONTENT="nedsatta"/>
						</TextLine>
						<TextLine ID="line_20" HPOS="187" VPOS="1013" WIDTH="829" HEIGHT="27">
							<String ID="string_152" HPOS="187" VPOS="1013" WIDTH="288" HEIGHT="27" WC="0.88" CONTENT="ständerhusdelegationens"/><SP WIDTH="26" VPOS="1013" HPOS="475"/>
							<String ID="string_153" HPOS="501" VPOS="1013" WIDTH="119" HEIGHT="26" WC="0.88" CONTENT="berättelse,"/><SP WIDTH="24" VPOS="1013" HPOS="620"/>
							<String ID="string_154" HPOS="644" VPOS="1013" WIDTH="87" HEIGHT="22" WC="0.92" CONTENT="beslutit"/><SP WIDTH="20" VPOS="1013" HPOS="731"/>
							<String ID="string_155" HPOS="751" VPOS="1014" WIDTH="156" HEIGHT="21" WC="0.92" CONTENT="äterremittera"/><SP WIDTH="22" VPOS="1014" HPOS="907"/>
							<String ID="string_156" HPOS="929" VPOS="1013" WIDTH="87" HEIGHT="21" WC="0.92" CONTENT="ärendet"/>
						</TextLine>
						<TextLine ID="line_21" HPOS="187" VPOS="1041" WIDTH="829" HEIGHT="27">
							<String ID="string_157" HPOS="187" VPOS="1041" WIDTH="34" HEIGHT="22" WC="0.93" CONTENT="till"/><SP WIDTH="23" VPOS="1041" HPOS="221"/>
							<String ID="string_158" HPOS="244" VPOS="1041" WIDTH="106" HEIGHT="22" WC="0.90" CONTENT="utskottet"/><SP WIDTH="22" VPOS="1041" HPOS="350"/>
							<String ID="string_159" HPOS="372" VPOS="1041" WIDTH="32" HEIGHT="22" WC="0.92" CONTENT="för"/><SP WIDTH="22" VPOS="1041" HPOS="404"/>
							<String ID="string_160" HPOS="426" VPOS="1042" WIDTH="136" HEIGHT="21" WC="0.89" CONTENT="inhemtande"/><SP WIDTH="22" VPOS="1042" HPOS="562"/>
							<String ID="string_161" HPOS="584" VPOS="1042" WIDTH="22" HEIGHT="21" WC="0.93" CONTENT="af"/><SP WIDTH="17" VPOS="1042" HPOS="606"/>
							<String ID="string_162" HPOS="623" VPOS="1042" WIDTH="130" HEIGHT="26" WC="0.89" CONTENT="detaljerade"/><SP WIDTH="24" VPOS="1042" HPOS="753"/>
							<String ID="string_163" HPOS="777" VPOS="1043" WIDTH="39" HEIGHT="20" WC="0.96" CONTENT="och"/><SP WIDTH="16" VPOS="1043" HPOS="816"/>
							<String ID="string_164" HPOS="832" VPOS="1042" WIDTH="32" HEIGHT="21" WC="0.93" CONTENT="för"/><SP WIDTH="16" VPOS="1042" HPOS="864"/>
							<String ID="string_165" HPOS="880" VPOS="1042" WIDTH="84" HEIGHT="26" WC="0.92" CONTENT="frägans"/><SP WIDTH="16" VPOS="1042" HPOS="964"/>
							<String ID="string_166" HPOS="980" VPOS="1042" WIDTH="36" HEIGHT="21" WC="0.92" CONTENT="be-"/>
						</TextLine>
						<TextLine ID="line_22" HPOS="188" VPOS="1070" WIDTH="829" HEIGHT="27">
							<String ID="string_167" HPOS="188" VPOS="1070" WIDTH="127" HEIGHT="21" WC="0.91" CONTENT="dömmande"/><SP WIDTH="21" VPOS="1070" HPOS="315"/>
							<String ID="string_168" HPOS="336" VPOS="1070" WIDTH="140" HEIGHT="26" WC="0.91" CONTENT="erforderliga"/><SP WIDTH="21" VPOS="1070" HPOS="476"/>
							<String ID="string_169" HPOS="497" VPOS="1070" WIDTH="151" HEIGHT="27" WC="0.96" CONTENT="upplysningar"/><SP WIDTH="23" VPOS="1070" HPOS="648"/>
							<String ID="string_170" HPOS="671" VPOS="1070" WIDTH="132" HEIGHT="21" WC="0.94" CONTENT="beträffande"/><SP WIDTH="19" VPOS="1070" HPOS="803"/>
							<String ID="string_171" HPOS="822" VPOS="1070" WIDTH="91" HEIGHT="27" WC="0.93" CONTENT="följande"/><SP WIDTH="16" VPOS="1070" HPOS="913"/>
							<String ID="string_172" HPOS="929" VPOS="1070" WIDTH="88" HEIGHT="26" WC="0.92" CONTENT="platser,"/>
						</TextLine>
						<TextLine ID="line_23" HPOS="187" VPOS="1098" WIDTH="656" HEIGHT="27">
							<String ID="string_173" HPOS="187" VPOS="1104" WIDTH="45" HEIGHT="15" WC="0.92" CONTENT="som"/><SP WIDTH="17" VPOS="1104" HPOS="232"/>
							<String ID="string_174" HPOS="249" VPOS="1099" WIDTH="86" HEIGHT="20" WC="0.92" CONTENT="ständet"/><SP WIDTH="15" VPOS="1099" HPOS="335"/>
							<String ID="string_175" HPOS="350" VPOS="1101" WIDTH="69" HEIGHT="18" WC="0.90" CONTENT="ansett"/><SP WIDTH="16" VPOS="1101" HPOS="419"/>
							<String ID="string_176" HPOS="435" VPOS="1098" WIDTH="71" HEIGHT="21" WC="0.96" CONTENT="kunna"/><SP WIDTH="15" VPOS="1098" HPOS="506"/>
							<String ID="string_177" HPOS="521" VPOS="1098" WIDTH="85" HEIGHT="21" WC="0.96" CONTENT="komma"/><SP WIDTH="15" VPOS="1098" HPOS="606"/>
							<String ID="string_178" HPOS="621" VPOS="1099" WIDTH="6" HEIGHT="20" WC="0.93" CONTENT="i"/><SP WIDTH="17" VPOS="1099" HPOS="627"/>
							<String ID="string_179" HPOS="644" VPOS="1099" WIDTH="65" HEIGHT="26" WC="0.92" CONTENT="fräga,"/><SP WIDTH="17" VPOS="1099" HPOS="709"/>
							<String ID="string_180" HPOS="726" VPOS="1099" WIDTH="117" HEIGHT="26" WC="0.92" CONTENT="nemligen:"/>
						</TextLine>
					</TextBlock>
					<TextBlock ID="block_9" HPOS="187" VPOS="1127" WIDTH="829" HEIGHT="84">
						<TextLine ID="line_24" HPOS="233" VPOS="1127" WIDTH="783" HEIGHT="28">
							<String ID="string_181" HPOS="233" VPOS="1153" WIDTH="2" HEIGHT="2" WC="0.28" CONTENT="="/><SP WIDTH="23" VPOS="1153" HPOS="235"/>
							<String ID="string_182" HPOS="258" VPOS="1128" WIDTH="55" HEIGHT="19" WC="0.88" CONTENT="1:mo"/><SP WIDTH="16" VPOS="1128" HPOS="313"/>
							<String ID="string_183" HPOS="329" VPOS="1127" WIDTH="82" HEIGHT="26" WC="0.93" CONTENT="platsen"/><SP WIDTH="16" VPOS="1127" HPOS="411"/>
							<String ID="string_184" HPOS="427" VPOS="1129" WIDTH="69" HEIGHT="19" WC="0.96" CONTENT="vester"/><SP WIDTH="16" VPOS="1129" HPOS="496"/>
							<String ID="string_185" HPOS="512" VPOS="1133" WIDTH="33" HEIGHT="15" WC="0.91" CONTENT="om"/><SP WIDTH="17" VPOS="1133" HPOS="545"/>
							<String ID="string_186" HPOS="562" VPOS="1127" WIDTH="120" HEIGHT="26" WC="0.91" CONTENT="mynthuset"/><SP WIDTH="13" VPOS="1127" HPOS="682"/>
							<String ID="string_187" HPOS="695" VPOS="1128" WIDTH="66" HEIGHT="26" WC="0.96" CONTENT="jemte"/><SP WIDTH="14" VPOS="1128" HPOS="761"/>
							<String ID="string_188" HPOS="775" VPOS="1127" WIDTH="39" HEIGHT="21" WC="0.96" CONTENT="den"/><SP WIDTH="12" VPOS="1127" HPOS="814"/>
							<String ID="string_189" HPOS="826" VPOS="1127" WIDTH="61" HEIGHT="27" WC="0.96" CONTENT="plats,"/><SP WIDTH="13" VPOS="1127" HPOS="887"/>
							<String ID="string_190" HPOS="900" VPOS="1127" WIDTH="36" HEIGHT="21" WC="0.93" CONTENT="der"/><SP WIDTH="11" VPOS="1127" HPOS="936"/>
							<String ID="string_191" HPOS="947" VPOS="1130" WIDTH="69" HEIGHT="23" WC="0.91" CONTENT="mynt-"/>
						</TextLine>
						<TextLine ID="line_25" HPOS="188" VPOS="1155" WIDTH="826" HEIGHT="25">
							<String ID="string_192" HPOS="188" VPOS="1155" WIDTH="62" HEIGHT="21" WC="0.96" CONTENT="huset"/><SP WIDTH="24" VPOS="1155" HPOS="250"/>
							<String ID="string_193" HPOS="274" VPOS="1155" WIDTH="51" HEIGHT="25" WC="0.96" CONTENT="står,"/><SP WIDTH="23" VPOS="1155" HPOS="325"/>
							<String ID="string_194" HPOS="348" VPOS="1155" WIDTH="87" HEIGHT="21" WC="0.96" CONTENT="hvarvid"/><SP WIDTH="23" VPOS="1155" HPOS="435"/>
							<String ID="string_195" HPOS="458" VPOS="1156" WIDTH="134" HEIGHT="21" WC="0.96" CONTENT="uteslutande"/><SP WIDTH="24" VPOS="1156" HPOS="592"/>
							<String ID="string_196" HPOS="616" VPOS="1156" WIDTH="98" HEIGHT="21" WC="0.95" CONTENT="afseende"/><SP WIDTH="19" VPOS="1156" HPOS="714"/>
							<String ID="string_197" HPOS="733" VPOS="1156" WIDTH="46" HEIGHT="21" WC="0.93" CONTENT="icke"/><SP WIDTH="16" VPOS="1156" HPOS="779"/>
							<String ID="string_198" HPOS="795" VPOS="1155" WIDTH="90" HEIGHT="22" WC="0.92" CONTENT="behöfde"/><SP WIDTH="15" VPOS="1155" HPOS="885"/>
							<String ID="string_199" HPOS="900" VPOS="1155" WIDTH="65" HEIGHT="22" WC="0.96" CONTENT="fästas"/><SP WIDTH="16" VPOS="1155" HPOS="965"/>
							<String ID="string_200" HPOS="981" VPOS="1156" WIDTH="33" HEIGHT="20" WC="0.97" CONTENT="vid"/>
						</TextLine>
						<TextLine ID="line_26" HPOS="187" VPOS="1184" WIDTH="659" HEIGHT="27">
							<String ID="string_201" HPOS="187" VPOS="1184" WIDTH="40" HEIGHT="21" WC="0.89" CONTENT="dea"/><SP WIDTH="17" VPOS="1184" HPOS="227"/>
							<String ID="string_202" HPOS="244" VPOS="1184" WIDTH="23" HEIGHT="21" WC="0.95" CONTENT="af"/><SP WIDTH="14" VPOS="1184" HPOS="267"/>
							<String ID="string_203" HPOS="281" VPOS="1184" WIDTH="120" HEIGHT="21" WC="0.96" CONTENT="arkitekten"/><SP WIDTH="17" VPOS="1184" HPOS="401"/>
							<String ID="string_204" HPOS="418" VPOS="1184" WIDTH="103" HEIGHT="27" WC="0.96" CONTENT="Sjöström"/><SP WIDTH="16" VPOS="1184" HPOS="521"/>
							<String ID="string_205" HPOS="537" VPOS="1185" WIDTH="118" HEIGHT="26" WC="0.93" CONTENT="uppgjorda"/><SP WIDTH="15" VPOS="1185" HPOS="655"/>
							<String ID="string_206" HPOS="670" VPOS="1185" WIDTH="176" HEIGHT="26" WC="0.92" CONTENT="projektritning;"/>
						</TextLine>
					</TextBlock>
					<TextBlock ID="block_10" HPOS="257" VPOS="1212" WIDTH="674" HEIGHT="27">
						<TextLine ID="line_27" HPOS="257" VPOS="1212" WIDTH="674" HEIGHT="27">
							<String ID="string_207" HPOS="257" VPOS="1213" WIDTH="48" HEIGHT="21" WC="0.92" CONTENT="2:do"/><SP WIDTH="16" VPOS="1213" HPOS="305"/>
							<String ID="string_208" HPOS="321" VPOS="1212" WIDTH="82" HEIGHT="27" WC="0.93" CONTENT="platsen"/><SP WIDTH="16" VPOS="1212" HPOS="403"/>
							<String ID="string_209" HPOS="419" VPOS="1213" WIDTH="12" HEIGHT="20" WC="0.92" CONTENT="&amp;"/><SP WIDTH="15" VPOS="1213" HPOS="431"/>
							<String ID="string_210" HPOS="446" VPOS="1213" WIDTH="218" HEIGHT="26" WC="0.92" CONTENT="observatorieberget"/><SP WIDTH="15" VPOS="1213" HPOS="664"/>
							<String ID="string_211" HPOS="679" VPOS="1213" WIDTH="57" HEIGHT="21" WC="0.92" CONTENT="invid"/><SP WIDTH="17" VPOS="1213" HPOS="736"/>
							<String ID="string_212" HPOS="753" VPOS="1213" WIDTH="178" HEIGHT="26" WC="0.87" CONTENT="länemagasinet"/><SP WIDTH="-9" VPOS="1213" HPOS="931"/>
							<String ID="string_213" HPOS="922" VPOS="1208" WIDTH="12" HEIGHT="36" WC="0.87" CONTENT=";"/>
						</TextLine>
					</TextBlock>
					<TextBlock ID="block_11" HPOS="186" VPOS="1241" WIDTH="830" HEIGHT="142">
						<TextLine ID="line_28" HPOS="257" VPOS="1241" WIDTH="759" HEIGHT="27">
							<String ID="string_214" HPOS="257" VPOS="1243" WIDTH="34" HEIGHT="19" WC="0.87" CONTENT="3:0"/><SP WIDTH="16" VPOS="1243" HPOS="291"/>
							<String ID="string_215" HPOS="307" VPOS="1243" WIDTH="81" HEIGHT="19" WC="0.96" CONTENT="tomten"/><SP WIDTH="16" VPOS="1243" HPOS="388"/>
							<String ID="string_216" HPOS="404" VPOS="1241" WIDTH="40" HEIGHT="21" WC="0.93" CONTENT="N:o"/><SP WIDTH="18" VPOS="1241" HPOS="444"/>
							<String ID="string_217" HPOS="462" VPOS="1244" WIDTH="31" HEIGHT="19" WC="0.86" CONTENT="l:a"/><SP WIDTH="15" VPOS="1244" HPOS="493"/>
							<String ID="string_218" HPOS="508" VPOS="1242" WIDTH="7" HEIGHT="20" WC="0.93" CONTENT="i"/><SP WIDTH="16" VPOS="1242" HPOS="515"/>
							<String ID="string_219" HPOS="531" VPOS="1244" WIDTH="108" HEIGHT="24" WC="0.92" CONTENT="gvarteret"/><SP WIDTH="15" VPOS="1244" HPOS="639"/>
							<String ID="string_220" HPOS="654" VPOS="1241" WIDTH="75" HEIGHT="25" WC="0.95" CONTENT="Geten,"/><SP WIDTH="17" VPOS="1241" HPOS="729"/>
							<String ID="string_221" HPOS="746" VPOS="1241" WIDTH="85" HEIGHT="21" WC="0.96" CONTENT="hvilken"/><SP WIDTH="17" VPOS="1241" HPOS="831"/>
							<String ID="string_222" HPOS="848" VPOS="1243" WIDTH="53" HEIGHT="19" WC="0.96" CONTENT="tomt"/><SP WIDTH="10" VPOS="1243" HPOS="901"/>
							<String ID="string_223" HPOS="911" VPOS="1241" WIDTH="105" HEIGHT="26" WC="0.96" CONTENT="styrelsen"/>
						</TextLine>
						<TextLine ID="line_29" HPOS="186" VPOS="1269" WIDTH="828" HEIGHT="32">
							<String ID="string_224" HPOS="186" VPOS="1269" WIDTH="34" HEIGHT="21" WC="0.95" CONTENT="väl"/><SP WIDTH="23" VPOS="1269" HPOS="220"/>
							<String ID="string_225" HPOS="243" VPOS="1271" WIDTH="120" HEIGHT="20" WC="0.96" CONTENT="reserverat"/><SP WIDTH="22" VPOS="1271" HPOS="363"/>
							<String ID="string_226" HPOS="385" VPOS="1269" WIDTH="34" HEIGHT="21" WC="0.96" CONTENT="för"/><SP WIDTH="22" VPOS="1269" HPOS="419"/>
							<String ID="string_227" HPOS="441" VPOS="1270" WIDTH="35" HEIGHT="21" WC="0.96" CONTENT="det"/><SP WIDTH="20" VPOS="1270" HPOS="476"/>
							<String ID="string_228" HPOS="496" VPOS="1269" WIDTH="107" HEIGHT="22" WC="0.96" CONTENT="tilltänkta"/><SP WIDTH="16" VPOS="1269" HPOS="603"/>
							<String ID="string_229" HPOS="619" VPOS="1277" WIDTH="41" HEIGHT="24" WC="0.96" CONTENT="nya"/><SP WIDTH="15" VPOS="1277" HPOS="660"/>
							<String ID="string_230" HPOS="675" VPOS="1270" WIDTH="117" HEIGHT="27" WC="0.96" CONTENT="sjukhuset,"/><SP WIDTH="16" VPOS="1270" HPOS="792"/>
							<String ID="string_231" HPOS="808" VPOS="1276" WIDTH="47" HEIGHT="15" WC="0.96" CONTENT="men"/><SP WIDTH="17" VPOS="1276" HPOS="855"/>
							<String ID="string_232" HPOS="872" VPOS="1269" WIDTH="83" HEIGHT="22" WC="0.92" CONTENT="hvilken"/><SP WIDTH="16" VPOS="1269" HPOS="955"/>
							<String ID="string_233" HPOS="971" VPOS="1270" WIDTH="43" HEIGHT="20" WC="0.91" CONTENT="till-"/>
						</TextLine>
						<TextLine ID="line_30" HPOS="186" VPOS="1297" WIDTH="830" HEIGHT="28">
							<String ID="string_234" HPOS="186" VPOS="1297" WIDTH="108" HEIGHT="28" WC="0.91" CONTENT="äfventyrs"/><SP WIDTH="25" VPOS="1297" HPOS="294"/>
							<String ID="string_235" HPOS="319" VPOS="1298" WIDTH="76" HEIGHT="23" WC="0.96" CONTENT="kunde,"/><SP WIDTH="24" VPOS="1298" HPOS="395"/>
							<String ID="string_236" HPOS="419" VPOS="1305" WIDTH="75" HEIGHT="20" WC="0.96" CONTENT="genom"/><SP WIDTH="23" VPOS="1305" HPOS="494"/>
							<String ID="string_237" HPOS="517" VPOS="1301" WIDTH="31" HEIGHT="18" WC="0.95" CONTENT="att"/><SP WIDTH="24" VPOS="1301" HPOS="548"/>
							<String ID="string_238" HPOS="572" VPOS="1299" WIDTH="40" HEIGHT="20" WC="0.92" CONTENT="den"/><SP WIDTH="23" VPOS="1299" HPOS="612"/>
							<String ID="string_239" HPOS="635" VPOS="1305" WIDTH="85" HEIGHT="15" WC="0.92" CONTENT="norrom"/><SP WIDTH="23" VPOS="1305" HPOS="720"/>
							<String ID="string_240" HPOS="743" VPOS="1299" WIDTH="89" HEIGHT="26" WC="0.93" CONTENT="belägna"/><SP WIDTH="17" VPOS="1299" HPOS="832"/>
							<String ID="string_241" HPOS="849" VPOS="1299" WIDTH="167" HEIGHT="26" WC="0.91" CONTENT="dalsänkningen"/>
						</TextLine>
						<TextLine ID="line_31" HPOS="187" VPOS="1326" WIDTH="829" HEIGHT="28">
							<String ID="string_242" HPOS="187" VPOS="1326" WIDTH="69" HEIGHT="21" WC="0.92" CONTENT="blefve"/><SP WIDTH="12" VPOS="1326" HPOS="256"/>
							<String ID="string_243" HPOS="268" VPOS="1326" WIDTH="50" HEIGHT="27" WC="0.96" CONTENT="fylld"/><SP WIDTH="14" VPOS="1326" HPOS="318"/>
							<String ID="string_244" HPOS="332" VPOS="1326" WIDTH="39" HEIGHT="21" WC="0.96" CONTENT="och"/><SP WIDTH="12" VPOS="1326" HPOS="371"/>
							<String ID="string_245" HPOS="383" VPOS="1333" WIDTH="67" HEIGHT="15" WC="0.96" CONTENT="annan"/><SP WIDTH="11" VPOS="1333" HPOS="450"/>
							<String ID="string_246" HPOS="461" VPOS="1327" WIDTH="55" HEIGHT="27" WC="0.96" CONTENT="plats"/><SP WIDTH="13" VPOS="1327" HPOS="516"/>
							<String ID="string_247" HPOS="529" VPOS="1327" WIDTH="88" HEIGHT="21" WC="0.96" CONTENT="sålunda"/><SP WIDTH="11" VPOS="1327" HPOS="617"/>
							<String ID="string_248" HPOS="628" VPOS="1327" WIDTH="79" HEIGHT="22" WC="0.96" CONTENT="beredd"/><SP WIDTH="11" VPOS="1327" HPOS="707"/>
							<String ID="string_249" HPOS="718" VPOS="1327" WIDTH="33" HEIGHT="22" WC="0.93" CONTENT="för"/><SP WIDTH="11" VPOS="1327" HPOS="751"/>
							<String ID="string_250" HPOS="762" VPOS="1327" WIDTH="145" HEIGHT="26" WC="0.91" CONTENT="ifrågakomna"/><SP WIDTH="12" VPOS="1327" HPOS="907"/>
							<String ID="string_251" HPOS="919" VPOS="1327" WIDTH="97" HEIGHT="26" WC="0.96" CONTENT="sjukhus,"/>
						</TextLine>
						<TextLine ID="line_32" HPOS="187" VPOS="1355" WIDTH="357" HEIGHT="28">
							<String ID="string_252" HPOS="187" VPOS="1355" WIDTH="32" HEIGHT="21" WC="0.93" CONTENT="till"/><SP WIDTH="14" VPOS="1355" HPOS="219"/>
							<String ID="string_253" HPOS="233" VPOS="1355" WIDTH="186" HEIGHT="22" WC="0.92" CONTENT="ständerhustomt"/><SP WIDTH="15" VPOS="1355" HPOS="419"/>
							<String ID="string_254" HPOS="434" VPOS="1356" WIDTH="110" HEIGHT="27" WC="0.91" CONTENT="upplåtas;"/>
						</TextLine>
					</TextBlock>
					<TextBlock ID="block_12" HPOS="186" VPOS="1383" WIDTH="830" HEIGHT="56">
						<TextLine ID="line_33" HPOS="255" VPOS="1383" WIDTH="761" HEIGHT="28">
							<String ID="string_255" HPOS="255" VPOS="1386" WIDTH="35" HEIGHT="19" WC="0.92" CONTENT="4:0"/><SP WIDTH="17" VPOS="1386" HPOS="290"/>
							<String ID="string_256" HPOS="307" VPOS="1383" WIDTH="143" HEIGHT="22" WC="0.91" CONTENT="observatorie"/><SP WIDTH="17" VPOS="1383" HPOS="450"/>
							<String ID="string_257" HPOS="467" VPOS="1386" WIDTH="79" HEIGHT="19" WC="0.96" CONTENT="tomten"/><SP WIDTH="16" VPOS="1386" HPOS="546"/>
							<String ID="string_258" HPOS="562" VPOS="1384" WIDTH="38" HEIGHT="21" WC="0.93" CONTENT="och"/><SP WIDTH="18" VPOS="1384" HPOS="600"/>
							<String ID="string_259" HPOS="618" VPOS="1383" WIDTH="220" HEIGHT="28" WC="0.91" CONTENT="observatorieberget"/><SP WIDTH="16" VPOS="1383" HPOS="838"/>
							<String ID="string_260" HPOS="854" VPOS="1384" WIDTH="55" HEIGHT="21" WC="0.96" CONTENT="ända"/><SP WIDTH="15" VPOS="1384" HPOS="909"/>
							<String ID="string_261" HPOS="924" VPOS="1384" WIDTH="31" HEIGHT="21" WC="0.93" CONTENT="till"/><SP WIDTH="16" VPOS="1384" HPOS="955"/>
							<String ID="string_262" HPOS="971" VPOS="1384" WIDTH="45" HEIGHT="22" WC="0.93" CONTENT="Ka-"/>
						</TextLine>
						<TextLine ID="line_34" HPOS="186" VPOS="1412" WIDTH="177" HEIGHT="27">
							<String ID="string_263" HPOS="186" VPOS="1416" WIDTH="121" HEIGHT="23" WC="0.91" CONTENT="serngatan,"/><SP WIDTH="18" VPOS="1416" HPOS="307"/>
							<String ID="string_264" HPOS="325" VPOS="1412" WIDTH="38" HEIGHT="21" WC="0.95" CONTENT="och"/>
						</TextLine>
					</TextBlock>
					<TextBlock ID="block_13" HPOS="256" VPOS="1441" WIDTH="637" HEIGHT="26">
						<TextLine ID="line_35" HPOS="256" VPOS="1441" WIDTH="637" HEIGHT="26">
							<String ID="string_265" HPOS="256" VPOS="1442" WIDTH="33" HEIGHT="20" WC="0.79" CONTENT="5:o"/><SP WIDTH="17" VPOS="1442" HPOS="289"/>
							<String ID="string_266" HPOS="306" VPOS="1441" WIDTH="47" HEIGHT="20" WC="0.93" CONTENT="hela"/><SP WIDTH="16" VPOS="1441" HPOS="353"/>
							<String ID="string_267" HPOS="369" VPOS="1443" WIDTH="109" HEIGHT="24" WC="0.93" CONTENT="qvarteret"/><SP WIDTH="14" VPOS="1443" HPOS="478"/>
							<String ID="string_268" HPOS="492" VPOS="1441" WIDTH="40" HEIGHT="21" WC="0.96" CONTENT="N:o"/><SP WIDTH="16" VPOS="1441" HPOS="532"/>
							<String ID="string_269" HPOS="548" VPOS="1442" WIDTH="27" HEIGHT="20" WC="0.96" CONTENT="39"/><SP WIDTH="17" VPOS="1442" HPOS="575"/>
							<String ID="string_270" HPOS="592" VPOS="1442" WIDTH="60" HEIGHT="25" WC="0.96" CONTENT="Apan"/><SP WIDTH="15" VPOS="1442" HPOS="652"/>
							<String ID="string_271" HPOS="667" VPOS="1441" WIDTH="35" HEIGHT="21" WC="0.93" CONTENT="vid"/><SP WIDTH="16" VPOS="1441" HPOS="702"/>
							<String ID="string_272" HPOS="718" VPOS="1441" WIDTH="175" HEIGHT="26" WC="0.92" CONTENT="jernvägstorget."/>
						</TextLine>
					</TextBlock>
				</ComposedBlock>
				<ComposedBlock ID="cblock_9" HPOS="185" VPOS="1498" WIDTH="830" HEIGHT="56">
					<TextBlock ID="block_14" HPOS="185" VPOS="1498" WIDTH="830" HEIGHT="56">
						<TextLine ID="line_36" HPOS="255" VPOS="1498" WIDTH="759" HEIGHT="26">
							<String ID="string_273" HPOS="255" VPOS="1501" WIDTH="32" HEIGHT="17" WC="0.92" CONTENT="att"/><SP WIDTH="21" VPOS="1501" HPOS="287"/>
							<String ID="string_274" HPOS="308" VPOS="1498" WIDTH="214" HEIGHT="21" WC="0.90" CONTENT="ekonomiutskottets"/><SP WIDTH="22" VPOS="1498" HPOS="522"/>
							<String ID="string_275" HPOS="544" VPOS="1498" WIDTH="133" HEIGHT="21" WC="0.93" CONTENT="betänkande"/><SP WIDTH="17" VPOS="1498" HPOS="677"/>
							<String ID="string_276" HPOS="694" VPOS="1498" WIDTH="6" HEIGHT="21" WC="0.93" CONTENT="i"/><SP WIDTH="17" VPOS="1498" HPOS="700"/>
							<String ID="string_277" HPOS="717" VPOS="1498" WIDTH="115" HEIGHT="26" WC="0.92" CONTENT="anledning"/><SP WIDTH="22" VPOS="1498" HPOS="832"/>
							<String ID="string_278" HPOS="854" VPOS="1498" WIDTH="23" HEIGHT="20" WC="0.93" CONTENT="af"/><SP WIDTH="13" VPOS="1498" HPOS="877"/>
							<String ID="string_279" HPOS="890" VPOS="1498" WIDTH="124" HEIGHT="21" WC="0.93" CONTENT="äterremiss"/>
						</TextLine>
						<TextLine ID="line_37" HPOS="185" VPOS="1526" WIDTH="830" HEIGHT="28">
							<String ID="string_280" HPOS="185" VPOS="1526" WIDTH="22" HEIGHT="21" WC="0.93" CONTENT="af"/><SP WIDTH="13" VPOS="1526" HPOS="207"/>
							<String ID="string_281" HPOS="220" VPOS="1526" WIDTH="118" HEIGHT="22" WC="0.92" CONTENT="utskottets"/><SP WIDTH="16" VPOS="1526" HPOS="338"/>
							<String ID="string_282" HPOS="354" VPOS="1526" WIDTH="134" HEIGHT="22" WC="0.93" CONTENT="betänkande"/><SP WIDTH="15" VPOS="1526" HPOS="488"/>
							<String ID="string_283" HPOS="503" VPOS="1527" WIDTH="40" HEIGHT="21" WC="0.96" CONTENT="N:o"/><SP WIDTH="16" VPOS="1527" HPOS="543"/>
							<String ID="string_284" HPOS="559" VPOS="1527" WIDTH="13" HEIGHT="19" WC="0.95" CONTENT="2"/><SP WIDTH="12" VPOS="1527" HPOS="572"/>
							<String ID="string_285" HPOS="584" VPOS="1526" WIDTH="32" HEIGHT="22" WC="0.93" CONTENT="för"/><SP WIDTH="16" VPOS="1526" HPOS="616"/>
							<String ID="string_286" HPOS="632" VPOS="1527" WIDTH="138" HEIGHT="27" WC="0.92" CONTENT="uppgörande"/><SP WIDTH="17" VPOS="1527" HPOS="770"/>
							<String ID="string_287" HPOS="787" VPOS="1527" WIDTH="23" HEIGHT="21" WC="0.96" CONTENT="af"/><SP WIDTH="13" VPOS="1527" HPOS="810"/>
							<String ID="string_288" HPOS="823" VPOS="1529" WIDTH="48" HEIGHT="24" WC="0.96" CONTENT="nytt"/><SP WIDTH="15" VPOS="1529" HPOS="871"/>
							<String ID="string_289" HPOS="886" VPOS="1526" WIDTH="79" HEIGHT="26" WC="0.96" CONTENT="förslag"/><SP WIDTH="16" VPOS="1526" HPOS="965"/>
							<String ID="string_290" HPOS="981" VPOS="1526" WIDTH="34" HEIGHT="21" WC="0.95" CONTENT="till"/>
						</TextLine>
					</TextBlock>
				</ComposedBlock>
			</PrintSpace>
		</Page>
	</Layout>
</alto>
