1103 1803
243 128 56 20 1044
463 132 161 19 Presteståndet
636 134 58 16 1882.
719 134 14 16 4
745 134 47 20 maj.

211 202 62 21 ordet
298 202 159 27 »kronoskjuts»
475 202 12 20 å
502 202 76 27 sjunde
601 202 64 21 raden
689 202 75 20 sådant
787 202 73 26 tillägg
881 202 69 20 skulle
971 202 68 26 fogas:

211 231 111 21 äfvensom
345 231 47 20 från
416 231 95 27 votering
534 231 37 21 der
594 230 65 21 sådan
683 231 62 20 frihet
764 230 144 27 gästgifveriet
927 231 57 20 förut
999 230 41 20 till-

212 259 49 27 lagd
278 261 27 19 är.

284 316 23 28 $$
323 317 26 20 21
366 316 30 20 till
417 317 38 20 och
472 316 47 21 med
536 317 26 20 25
578 317 129 26 godkändes,
722 317 65 20 sedan
803 316 100 21 särskilda
922 316 29 22 uti
967 318 72 19 texten

211 345 177 20 förekommande
404 345 89 26 tryckfel
509 345 47 20 med
573 345 99 20 afseende
689 345 10 20 å
716 346 182 25 kommateringen
914 347 77 18 rättats.

283 409 12 26 $
311 408 26 19 26
353 407 122 28 godkändes
491 408 6 19 i
513 407 68 27 öfrigt,
604 409 57 19 utom
685 409 31 19 att
739 414 62 14 mom.
818 409 11 19 1
851 407 188 22 återremitterades

212 436 30 20 till
268 436 101 21 utskottet
385 437 6 19 i
407 436 54 27 syfte
484 438 29 19 att
537 436 121 27 lämpligare
681 436 113 26 stilisering
810 437 22 20 af
847 436 63 21 första
926 436 113 26 meningen

212 465 65 20 måtte
294 465 100 27 vidtagas.

283 523 12 25 $
312 523 25 19 27
354 522 87 27 gillades
465 522 101 20 likaledes
582 522 5 19 i
604 522 67 26 öfrigt,
696 524 57 18 utom
776 524 29 18 att
821 522 29 20 uti
868 528 61 13 mom.
946 522 11 19 2
973 521 66 20 orden

214 552 39 25 »pä
269 550 83 21 landet»
370 551 160 20 utmönstrades.

283 608 12 26 $
312 607 26 21 28
354 607 122 27 godkändes
493 610 49 18 utan
559 607 126 21 diskussion.

283 664 10 26 $
310 664 26 20 29
353 664 64 20 sedan
440 664 83 20 ståndet
545 664 69 21 funnit
637 664 43 21 skäl
704 671 25 14 ur
745 671 62 14 mom.
825 665 7 19 1
853 664 91 21 utesluta
960 667 78 18 satsen:

214 692 53 20 »och
290 692 59 26 skall,
371 692 38 21 der
428 694 34 19 två
478 693 102 20 fullväxta
597 700 105 20 personer,
717 694 65 26 jämte
798 693 119 27 skjutskarl,
933 692 39 22 åka
988 693 53 21 efter

212 727 27 14 en
263 721 39 20 och
323 727 81 14 samma
428 722 50 25 häst,
493 722 131 26 hastigheten
648 722 125 20 inskränkas
796 722 32 19 till
850 728 26 14 en
893 723 54 18 verst
964 722 25 26 på
1005 722 34 19 nio

213 749 112 26 minuter»,
349 749 189 21 återremitterades
558 750 55 20 förra
628 750 61 21 delen
706 750 21 20 af
742 756 82 14 samma
840 752 93 18 moment
949 750 32 20 för
996 756 44 14 om-

213 777 120 28 redigering
355 778 32 20 till
411 778 87 26 ungefär
519 778 65 21 sådan
607 779 88 26 lydelse:
722 779 53 20 »den
790 778 123 27 skjutsande
930 785 48 14 vare
993 778 46 21 icke

212 806 91 27 skyldig,
320 809 29 18 att
365 807 107 20 fortskaffa
488 807 88 20 resande
593 807 46 20 med
656 809 66 18 större
738 807 106 27 hastighet
858 809 26 18 än
901 813 25 14 en
943 810 56 17 verst
1013 807 27 26 på

212 835 33 26 sju
263 836 110 19 minuter».

283 899 61 13 mom.
361 893 12 19 2
389 892 160 21 återförvisades
567 893 77 26 jemväl
660 893 30 20 till
708 893 107 26 utskottet,
832 893 25 26 på
873 893 34 20 det
926 893 2 19 i
945 899 94 14 momen-

212 923 29 18 tet
263 921 112 26 stadgades
391 924 29 17 att
436 921 88 20 resande
540 921 74 21 endast
629 922 6 19 i
652 922 35 20 det
701 922 43 23 fall,
761 922 41 20 han
819 924 43 17 mot
878 921 41 21 den
935 921 104 27 skjutsan-

211 949 38 21 des
273 949 50 27 vilja
345 950 129 20 öfverträder
496 950 52 20 bostä
751 950 5 4 å
831 950 170 26 farhastigheten,
1017 951 23 18 är

212 978 141 21 underkastad
372 978 46 26 laga
434 985 80 14 ansvar.

282 1035 25 26 $$
325 1035 26 20 30
367 1035 38 20 och
421 1036 25 19 31
464 1035 122 27 godkändes
602 1036 145 25 sförändrade,
764 1037 109 19 hvaremot

282 1097 27 26 $$
325 1097 26 20 32
368 1097 38 20 och
423 1097 26 20 33
466 1097 44 21 från
527 1098 237 27 författningsförslaget
780 1098 161 21 utmönstrades.

281 1159 42 21 Vid
339 1159 10 28 $
366 1160 27 20 34
408 1160 102 21 anmältes
526 1161 5 19 i
548 1161 38 20 och
610 1161 32 20 för
665 1161 64 26 nödig
753 1161 85 20 rättelse
854 1161 35 20 det
904 1161 89 26 tryckfel
1009 1163 30 18 att

210 1188 108 27 uttrycket
330 1188 170 27 »skjutsstation»
514 1190 6 19 i
531 1191 72 19 texten
620 1189 78 21 influtit
709 1191 5 18 i
727 1189 69 21 stället
812 1189 33 21 för
857 1189 180 27 »skjutsanstalt»
1029 1184 10 37 ;

210 1217 55 20 efter
280 1217 155 20 antecknandet
451 1217 73 21 hvaraf
540 1219 32 26 $:n
589 1218 128 27 godkändes.

281 1274 10 25 $
309 1275 26 19 35
351 1274 88 27 gillades
460 1275 46 20 med
523 1275 131 26 uteslutning
669 1276 21 19 af
706 1275 66 20 orden
791 1275 59 20 »med
868 1275 45 20 häst
929 1275 38 20 och
984 1275 53 21 båt».

281 1337 12 26 $
309 1337 26 20 36
351 1337 123 26 godkändes
497 1338 47 20 med
567 1338 64 20 sådan
656 1338 90 26 ändring
770 1341 29 17 att
822 1337 59 21 ordet
906 1338 103 21 »sjöfärd»
1027 1339 12 19 å

209 1366 66 19 första
299 1365 63 21 raden
386 1369 88 18 ersattes
496 1366 48 21 med
562 1366 106 21 »bätfärd»
686 1371 54 16 samt
757 1367 106 26 uttrycket
880 1366 128 21 »öfverföra»
1027 1367 12 20 ä

210 1393 68 27 fjerde
294 1393 63 22 raden
375 1394 96 21 nedifrån
487 1395 46 20 med
552 1395 185 20 »frambefordra>.

281 1456 67 21 Sedan
366 1456 49 21 härå
431 1457 25 27 $$
472 1457 32 26 37,
521 1458 26 20 38
560 1458 40 20 och
611 1458 25 20 39
654 1458 108 20 äfvensom
781 1457 110 21 utskottets
907 1457 131 25 hemställan,

209 1487 30 18 att
256 1485 112 21 ständerna
384 1485 49 21 ville
450 1486 20 20 åt
485 1486 124 27 regeringen
626 1486 131 20 öfverlemna
774 1488 34 23 att,
824 1488 39 18 när
878 1486 39 20 den
931 1486 107 20 blifvande

210 1514 151 26 förordningen
378 1514 140 26 tilläfventyrs
534 1514 95 21 kommer
645 1516 29 19 att
690 1514 101 26 utfärdas,
808 1514 115 21 bestämma
939 1514 64 26 tiden,
1012 1514 27 20 då
