1103 1803
313 140 163 16 Presteståndet
489 140 57 16 1882.
571 141 24 15 18
608 140 59 20 april.
832 136 42 20 789

73 208 118 26 lindringen
208 210 23 19 är
246 208 6 21 i
269 208 75 26 högsta
359 209 52 25 grad
428 209 64 25 svårt,
509 215 47 15 men
573 215 33 15 om
623 209 67 21 andra
705 209 25 21 af
738 208 96 22 ståndets
844 210 59 20 med-

73 238 89 20 lemmar
184 236 67 22 skulle
277 236 57 22 finna
353 244 25 14 en
394 244 70 14 annan
480 240 133 23 procentsats
629 238 124 26 lämpligare
770 239 26 19 än
812 238 39 20 den
865 238 37 26 jag

73 266 115 25 föreslagit,
204 265 39 21 har
255 266 37 26 jag
307 266 110 26 ingenting
433 268 33 19 att
482 266 92 20 invända
590 266 102 26 deremot,
704 269 52 17 utan
768 266 67 21 skulle
846 266 57 21 sluta

73 296 43 25 mig
131 294 32 21 till
180 294 25 21 de
221 294 77 21 andres
313 294 62 26 åsigt.
407 294 41 21 Det
464 296 25 19 är
504 294 58 21 klart
577 298 38 19 att,
636 294 3 21 i
650 294 102 22 händelse
763 294 48 21 mitt
822 294 80 27 förslag

73 323 68 21 skulle
167 325 94 25 antagas,
279 323 65 21 saken
368 323 84 21 komme
468 326 33 18 att
516 324 169 20 återremitteras
701 323 32 21 till
749 323 105 21 utskottet
869 323 34 21 för

73 354 33 18 att
128 352 6 19 i
158 351 217 21 öfverensstämmelse
391 352 47 20 med
455 352 113 26 kejserliga
583 352 160 26 propositionen
760 352 39 21 och
815 352 42 20 min
874 358 28 14 nu

73 379 121 26 föreslagna
210 379 132 28 modifiering
358 379 23 22 af
395 380 123 21 densamma
534 381 127 20 omarbetas.

142 477 80 21 Härvid
245 477 97 22 inträdde
359 484 24 14 en
401 477 124 27 deputation
541 478 47 21 från
604 477 166 26 Bondeståndet,
786 477 116 21 bestående

73 505 22 21 af
114 506 202 26 landtdagsmännen
332 506 107 27 Kyander,
455 506 62 21 Värri
533 507 39 20 och
588 506 114 26 Svedberg,
718 506 84 21 hvilken
818 506 84 21 medde-

72 534 49 21 lade
144 537 33 18 att
191 535 160 21 Bondeståndet
366 535 106 21 förkastat
488 535 116 21 utskottets
620 535 135 21 betänkande
770 535 7 20 i
791 534 110 22 rusthålls-

72 563 76 26 frågan
171 563 38 21 och
233 564 119 20 remitterat
375 564 88 20 ärendet
487 563 89 21 tillbaka
596 563 32 21 till
644 564 160 20 statsutskottet
820 563 34 21 för
869 566 33 18 att

73 591 24 21 af
119 592 105 20 utskottet
245 592 117 20 behandlas
377 592 6 20 i
401 592 94 27 enlighet
510 592 48 21 med
574 592 26 21 de
616 592 112 27 principer,
743 598 46 14 som
804 591 97 22 innehål-

73 620 32 21 las
127 620 7 20 i
155 620 39 21 den
210 620 76 26 nådiga
302 621 140 25 proposition;
459 620 93 22 hvarhos
568 621 91 21 Ståndet
674 620 88 21 beslutit
778 623 32 19 att
824 626 76 21 genom

73 655 26 14 en
111 649 123 26 deputation
243 649 88 27 inbjuda
341 649 141 21 Medstånden
498 652 32 19 att
545 650 74 20 förena
631 650 32 26 sig
674 656 33 14 om
720 649 60 21 detta
787 649 23 21 af
817 649 84 21 Bonde-

73 678 86 20 ståndet
174 677 81 22 fattade
271 678 76 20 beslut.

141 735 56 20 Herr
219 735 174 21 Talmannen
417 735 91 21 tackade
531 735 162 27 deputationen;
717 734 65 21 hvarå
804 735 47 26 den,
874 734 27 26 på

73 763 61 27 öfligt
149 765 42 20 sätt
208 763 133 27 beledsagad,
359 763 103 22 afträdde.

141 860 74 27 Härpå
236 861 111 21 fortsattes
363 861 148 21 diskussionen
527 867 34 15 om
576 861 171 21 statsutskottets
763 861 138 21 förenämnda

72 889 142 27 betänkande,
230 889 38 22 och
284 891 96 20 uttalade
395 891 32 25 sig
442 890 33 21 uti
490 890 81 26 frågan,
587 890 53 21 hvar
654 889 53 22 efter
720 895 76 20 annan,
808 889 93 27 följande

73 917 77 22 talare:

141 981 89 21 Prosten
251 981 84 26 Hjelt:
371 982 42 26 Jag
436 981 34 21 för
491 981 42 20 min
550 981 33 20 del
599 981 119 27 tillstyrker
733 981 129 26 antagandet
879 981 22 20 af

73 1009 40 20 den
136 1009 113 28 kejserliga
270 1010 165 26 propositionen.
472 1010 45 21 Den
534 1011 25 19 är
574 1010 40 21 den
630 1010 55 21 enda
701 1009 22 21 af
736 1010 44 20 alla
795 1010 25 20 de
836 1009 63 21 fram-

72 1038 78 21 ställda
172 1038 110 26 förslagen,
305 1045 46 14 som
371 1039 44 21 står
430 1039 27 25 på
474 1041 47 18 rent
536 1038 85 27 rättslig
636 1039 75 25 grund,
728 1039 39 20 den
783 1038 78 26 skapar
881 1038 18 26 ej

72 1066 65 26 några
160 1072 40 21 nya
222 1067 161 26 privilegierade
398 1067 125 26 lägenheter
538 1066 39 21 och
593 1066 141 25 tillmötesgår
750 1067 107 20 dessutom
874 1066 26 21 de

72 1095 167 27 skattdragande
262 1095 23 20 så
309 1096 83 26 mycket
407 1101 45 15 som
470 1095 88 26 möjligt,
576 1095 26 20 då
618 1096 40 19 den
674 1095 81 21 tillåter
770 1094 130 27 amortering

71 1123 24 21 af
109 1123 26 21 de
154 1124 134 21 återstående
304 1127 112 23 augments
432 1124 40 21 och
488 1123 205 22 rusthållsräntorna
709 1124 67 20 under
790 1129 26 15 en
832 1123 31 21 tid
879 1123 23 21 af

71 1153 47 20 icke
133 1153 82 20 mindre
230 1154 27 19 än
273 1153 71 20 femtio
361 1153 29 20 år.
415 1153 48 21 Man
481 1153 39 20 har
536 1152 123 27 visserligen
674 1154 68 25 yttrat
760 1154 31 19 att
807 1152 92 26 regerin-

71 1187 40 20 gen
134 1187 75 20 genom
233 1181 58 21 detta
314 1181 122 21 förfarande
457 1182 63 26 pinar
535 1181 41 20 den
592 1181 168 26 skattdragande
775 1181 27 26 på
818 1186 81 15 samma

71 1211 44 19 sätt
139 1215 45 15 som
212 1210 122 21 husbonden
356 1210 61 26 pinar
438 1210 32 21 sin
497 1209 65 26 hund,
586 1209 62 22 hvars
667 1215 63 16 svans
746 1209 41 21 han
803 1209 36 20 vill
855 1209 44 20 låta

71 1242 90 23 stympa,
184 1245 47 14 men
255 1238 19 27 ej
297 1239 55 20 låter
375 1238 117 21 verkställa
514 1238 28 27 på
564 1245 25 14 en
608 1239 63 26 gång,
688 1241 50 18 utan
754 1239 5 20 i
775 1237 50 21 flere
841 1237 58 21 olika

71 1267 98 26 repriser.
200 1267 48 20 Men
265 1267 68 21 denna
349 1267 88 21 liknelse
453 1267 72 21 haltar
540 1267 40 20 och
595 1273 51 20 eger
656 1273 37 14 ens
704 1267 46 20 icke
762 1267 32 20 sin
806 1265 93 27 tillämp-

70 1295 51 26 ning
143 1295 6 20 i
171 1295 59 21 detta
245 1295 42 21 fall.
317 1295 53 22 Tror
386 1302 48 15 man
450 1298 33 19 att
499 1295 129 21 rusthällens
644 1295 100 27 ställning
758 1301 76 20 genom
850 1297 48 18 rän-

70 1327 73 17 tornas
166 1324 125 27 indragning
313 1325 76 20 blifver
411 1324 123 25 vacklande,
560 1324 38 21 bör
616 1330 49 15 man
681 1324 79 21 handla
775 1323 27 27 pä
808 1329 91 18 samma

69 1354 51 23 sätt,
145 1357 45 16 som
214 1355 37 18 när
273 1359 49 15 man
345 1353 36 20 vill
397 1353 147 26 upprätthålla
560 1354 80 25 någons
656 1353 116 20 vacklande
788 1351 111 22 financiela

69 1380 107 27 ställning.
216 1381 33 21 Dä
271 1381 67 27 gifver
360 1388 49 15 man
433 1382 79 20 honom
528 1381 23 21 sä
567 1381 59 26 längt
642 1381 91 21 anständ
749 1387 45 15 som
810 1380 88 27 möjligt.

69 1410 42 21 Det
134 1411 23 19 är
179 1410 84 26 mycket
285 1411 76 20 lättare
386 1414 31 17 att
438 1410 134 27 smäningom
588 1410 95 21 afbetala
698 1416 26 15 en
741 1409 67 24 skuld,
824 1411 27 18 än
866 1411 33 18 att

69 1438 72 21 betala
156 1438 39 21 allt
210 1439 28 25 pä
255 1445 24 14 en
295 1440 66 25 gång;
378 1441 36 18 det
430 1441 23 18 är
470 1439 84 20 derföre
565 1439 40 20 ock
616 1439 83 25 mycket
710 1438 77 21 lättare
798 1438 33 20 för
842 1440 57 18 rust-

69 1466 96 22 hällarne
187 1470 33 18 att
242 1467 81 27 årligen
345 1467 6 21 i
367 1467 100 21 medeltal
485 1467 71 21 betala
572 1467 97 26 omkring
685 1467 26 20 22
728 1466 60 21 mark
804 1466 5 20 i
826 1465 72 21 femtio

69 1497 30 24 är,
115 1497 27 19 än
157 1498 34 18 att
205 1496 27 26 pä
249 1502 24 15 en
289 1497 55 25 gäng
361 1496 71 20 betala
448 1496 63 25 1,100
528 1496 66 20 mark.
625 1496 46 20 Den
687 1495 130 27 rättsgrund,
833 1494 6 21 i
850 1494 48 21 stöd

68 1524 23 21 af
113 1524 86 21 hvilken
223 1530 48 15 man
295 1530 62 15 anser
380 1524 143 22 rusthällaren
539 1524 52 21 böra
607 1524 56 21 afstä
679 1524 47 20 frän
742 1524 25 21 de
783 1523 114 25 förmäner,
