1103 1803
312 131 162 17 Presteståndet
487 132 56 16 1882.
568 131 23 17 18
604 131 59 21 april.
826 126 39 20 831

63 200 84 32 Schylla
163 200 38 21 och
218 200 124 32 Charybdis,
359 202 78 19 tvänne
452 200 156 32 ytterligheter,
619 200 23 20 af
651 200 72 20 hvilka
734 200 40 20 den
786 206 38 14 ena
835 206 63 20 synes

62 229 43 25 mig
127 228 118 21 framträda
267 229 6 20 i
290 229 40 20 den
346 228 113 27 kejserliga
475 228 167 27 propositionen,
659 228 83 21 hvilken
760 228 46 21 med
822 221 75 27 rättvi-

63 263 49 15 sans
136 258 61 20 svärd
219 258 5 20 i
248 257 82 21 handen
351 259 90 24 utropar
456 257 23 21 åt
495 257 151 21 rusthållaren:
663 257 71 21 betala
749 256 94 22 härefter
859 256 38 22 allt

62 286 55 21 hvad
141 285 26 22 du
189 288 24 18 är
228 285 83 27 skyldig
327 288 32 18 att
374 286 80 20 betala!
486 286 46 20 Den
548 285 113 27 kejserliga
676 286 160 26 propositionen
852 284 44 26 har,

63 315 70 21 såsom
149 314 59 22 äfven
224 314 39 21 här
278 314 71 21 blifvit
364 314 129 26 framhållet,
510 315 103 20 rättvisan
630 314 28 26 på
673 315 30 20 sin
720 314 53 26 sida,
790 314 39 20 den
845 314 53 20 stäl-

63 344 30 20 ler
115 344 32 26 sig
161 344 28 26 på
203 342 140 27 laglighetens
358 342 110 27 grundval.
500 343 48 20 Men
565 342 38 21 här
618 343 40 20 har
672 343 61 20 äfven
750 349 44 14 mer
809 344 26 18 än
851 342 46 27 tyd-

63 371 38 27 ligt
124 371 70 22 blifvit
216 371 133 27 ådagalagdt,
373 374 32 18 att
428 377 105 15 summum
553 371 34 27 jus
610 371 46 21 ofta
677 371 42 20 kan
735 371 65 20 blifva
815 376 82 16 summa

63 401 83 26 injuria.
169 413 27 2 —
220 400 45 21 Den
287 400 67 21 andra
377 399 151 28 ytterligheten
551 400 47 21 åter
620 406 45 15 som
690 399 106 21 försvaras
819 399 5 20 i
848 399 49 21 herr

64 429 129 22 Schaumans
216 429 136 24 reservation,
377 429 95 20 ansluter
495 429 31 26 sig
549 429 31 20 till
602 435 25 14 en
651 428 21 21 af
694 435 26 14 en
742 430 109 19 reservant
866 428 31 21 uti

64 457 164 22 skattekomitén
252 457 60 26 gjord
334 457 67 26 yrkan
423 460 31 18 att
471 457 40 21 den
527 457 122 22 nuvarande
664 457 90 21 vakans-
771 457 38 21 och
826 463 71 20 passe-

64 486 162 26 volansafgiften
250 486 125 21 hädanefter
405 487 65 20 måtte
497 486 47 21 från
571 485 117 22 rusthällen
717 486 51 27 utgå
796 485 46 21 med
870 486 27 26 %;

65 515 22 20 af
102 515 91 20 nämnda
208 515 107 26 rustnings
331 514 96 27 afgifters
442 515 84 26 belopp.
558 515 46 20 Den
615 515 111 26 kejserliga
737 513 159 28 propositionen

64 544 39 21 har
118 543 120 26 visserligen
254 543 82 21 försökt
351 543 109 21 förmildra
476 543 137 27 strängheten
630 543 22 20 af
665 543 31 20 sin
712 543 89 21 rättvisa
817 542 80 27 derige-

65 578 55 18 nom,
144 574 31 18 att
200 572 39 20 den
261 571 27 27 på
311 572 27 20 50
358 572 24 20 år
403 571 91 21 fördelat
510 571 273 27 betalningsskyldigheten,
799 577 47 15 men
863 571 34 21 det

65 601 60 20 heter
139 601 22 26 ju
177 603 32 18 att
224 600 76 27 många
315 600 80 21 bäckar
411 601 45 20 små
471 602 52 24 göra
539 606 25 15 en
580 602 45 19 stor
640 601 19 24 å,
675 600 38 21 och
730 606 33 15 om
775 606 48 15 man
834 600 63 20 också

64 628 84 22 betalar
170 629 75 21 endast
267 630 26 19 22
316 629 61 21 mark
393 629 86 26 årligen,
495 630 24 20 så
534 629 41 21 kan
591 629 135 25 betalningen
742 629 54 21 dock
812 629 85 20 komma

65 660 32 18 att
112 660 77 24 utgöra
205 664 24 15 en
246 659 43 19 rätt
304 658 78 20 vacker
398 664 83 14 summa
497 658 54 20 efter
566 657 105 27 förloppet
687 658 22 20 af
724 658 26 20 50
762 658 32 25 år;
805 658 33 26 jag
848 657 48 21 ville

61 686 87 22 således
164 686 27 27 på
207 686 35 21 det
257 688 105 19 varmaste
378 686 86 21 förorda
480 686 116 22 utskottets
613 686 140 22 betänkande.

135 743 111 21 Professor
266 743 89 22 Cleve
371 743 69 21 afstod
456 743 47 21 från
519 743 61 21 ordet
596 743 39 21 och
651 743 71 21 anhöll
738 749 34 15 om
789 743 106 21 framstäl-

66 772 62 21 lande
147 771 23 22 af
185 772 281 27 omröstningsproposition.

136 829 83 21 Doktor
244 828 152 22 Lindelöf:
435 829 41 26 Jag
492 829 39 20 har
546 829 77 26 begärt
639 829 60 21 ordet
715 829 33 21 för
764 831 32 19 att
811 829 84 26 inlägga

67 858 41 20 min
132 863 91 21 gensaga
245 860 56 19 emot
324 858 25 21 de
372 858 65 21 ärade
452 858 139 21 medlemmar
606 857 21 22 af
642 857 166 25 Presteståndet,
825 857 71 20 hvilka

68 886 63 27 yrkat
146 887 27 26 på
189 886 137 21 förevarande
342 886 71 27 frågas
428 886 137 27 ajournering
581 887 31 20 till
629 888 60 19 nästa
705 887 109 25 landtdag.
844 885 51 21 Frå-

69 921 40 20 gan
125 917 30 22 är,
171 921 44 15 mer
230 917 26 18 än
272 916 69 25 någon
357 921 70 15 annan
443 915 23 20 af
481 915 25 21 de
522 915 56 21 inför
594 915 69 20 denna
675 915 101 27 landtdag
786 914 109 27 förelagda

69 943 77 27 frågor,
170 943 145 27 omsorgsfullt
337 944 120 21 förberedd.
496 944 79 21 Dertill
591 943 39 21 har
646 944 39 21 den
702 943 120 22 diskussion
838 943 57 20 inom

70 972 95 23 Ståndet,
189 972 83 21 hvilken
294 973 6 20 i
324 973 41 25 dag
380 973 109 25 förevarit,
505 973 61 26 bragt
582 972 118 27 fullkomlig
717 972 83 21 klarhet
815 971 80 21 beträf-

70 1001 61 21 fande
153 1001 35 20 det
204 1001 99 21 inbördes
318 1001 140 25 förhållande,
476 1002 36 20 det
527 1001 89 21 relativa
632 1001 116 21 företrädet
764 999 89 22 emellan
870 1000 25 21 de

69 1031 44 19 tre
129 1029 79 26 förslag
223 1030 33 21 till
271 1029 88 28 lösning,
376 1036 45 15 som
433 1030 55 21 visat
498 1030 33 26 sig
541 1029 100 27 förtjente
655 1030 22 21 af
685 1032 97 19 närmare
795 1029 101 21 atseende

70 1057 46 21 från
141 1057 130 22 Ständernas
290 1059 51 21 sida,
358 1058 72 21 hvilka
445 1058 105 27 föreligga
566 1059 10 27 j
588 1058 245 25 utskottsbetänkandet,
850 1063 45 15 som

69 1086 6 20 i
100 1087 35 20 det
155 1087 106 20 närmaste
277 1086 94 21 ansluter
387 1086 32 27 sig
435 1087 32 20 till
484 1086 185 25 skattekomitens,
685 1086 118 27 Kejserliga
819 1091 77 20 propo-

69 1115 96 25 sitionen,
181 1121 44 14 som
241 1115 108 21 allaredan
366 1115 71 21 blifvit
452 1115 106 21 omfattad
574 1115 22 20 af
610 1115 36 20 det
664 1114 131 21 hedervärda
813 1113 83 22 Bonde-

70 1143 84 21 ståndet
169 1143 40 21 och
224 1144 74 21 vunnit
313 1143 94 21 medhåll
423 1143 23 21 af
460 1145 79 20 tvänne
554 1143 171 22 Presteståndets
741 1143 154 21 medlemmar
882 1139 17 36 i

69 1172 160 21 statsutskottet
245 1173 39 20 och
299 1172 99 26 slutligen
415 1172 49 21 herr
480 1172 117 21 Mechelins
613 1173 135 26 reservation,
765 1178 44 15 som
826 1170 70 22 blifvit

70 1200 5 21 i
99 1200 40 26 dag
161 1201 130 21 understödd
313 1201 23 21 af
358 1201 73 21 herrar
449 1201 123 26 Runeberg,
588 1201 100 21 Järvinen
705 1201 39 20 och
759 1199 136 23 Fredrikson.

70 1228 88 27 Följden
174 1229 23 21 af
210 1229 83 27 frågans
310 1229 136 28 ajournering
462 1229 69 22 blefve
547 1229 75 22 endast
638 1229 168 21 framställandet
819 1227 22 22 af
855 1234 41 20 nya

70 1257 85 27 förslag,
177 1257 72 22 hvilka
264 1258 43 21 lika
322 1258 47 21 litet
385 1264 45 15 som
446 1258 27 21 de
489 1265 27 14 nu
533 1258 118 27 framlagda
666 1258 71 21 kunna
752 1257 62 22 hafva
829 1257 66 26 utsigt

69 1288 32 19 att
120 1286 157 22 tillfredsställa
292 1287 49 21 alla.
373 1287 150 21 Förevarande
538 1287 132 26 skattefråga
685 1287 67 21 måste
768 1292 28 15 nu
810 1286 86 21 komma

70 1315 32 20 till
125 1314 122 27 afgörande,
270 1315 88 22 emedan
381 1315 40 22 den
438 1317 63 25 utgör
516 1321 26 16 en
558 1315 99 26 organisk
673 1315 135 27 fortsättning
824 1314 22 21 af
860 1314 36 21 det

70 1343 33 20 vid
130 1343 53 21 sista
206 1343 149 22 Ständermöte
379 1344 122 27 påbegynta
524 1344 229 27 lagstiftningsarbetet
773 1343 33 22 för
822 1345 73 19 värne-

70 1371 91 28 pligtens
176 1373 169 25 genomförande.
375 1372 40 27 Jag
431 1373 41 20 kan
489 1373 33 20 för
538 1373 42 20 min
596 1373 33 21 del
645 1372 31 21 uti
692 1373 104 26 yrkandet
812 1371 27 28 på
854 1371 41 21 frå-

69 1407 51 20 gans
135 1401 94 26 uppskof
243 1401 46 22 icke
304 1408 23 15 se
343 1404 65 19 annat
423 1403 27 19 än
462 1403 32 20 ett
504 1402 105 21 medvetet
621 1401 52 22 eller
683 1401 120 22 omedvetet
814 1399 82 28 gående

69 1430 31 20 uti
123 1429 61 21 deras
205 1431 95 25 ärender,
316 1430 73 21 hvilka
404 1430 68 21 under
488 1430 52 21 sista
556 1430 102 26 landtdag
673 1436 50 15 voro
739 1429 156 27 värnepliktens

69 1457 152 22 motståndare.
260 1458 86 22 Samma
369 1458 75 22 känsla
468 1458 22 22 af
508 1458 54 22 hvad
578 1458 47 22 vårt
640 1458 55 22 folks
710 1460 38 20 ära
763 1458 39 21 och
818 1456 78 22 välför-

69 1486 76 22 stådda
163 1487 88 21 intresse
268 1487 79 26 kräfva,
365 1493 45 15 som
427 1487 27 21 då
469 1487 76 27 bragte
561 1486 203 28 värnepligtsfrågan
780 1486 32 22 till
828 1492 67 20 seger,

69 1515 60 26 skall,
144 1514 80 28 hoppas
239 1516 42 26 jag,
298 1515 61 22 äfven
376 1515 51 22 lifva
443 1516 79 21 folkets
538 1518 171 24 representanter
720 1516 34 21 vid
765 1516 59 21 detta
835 1514 61 22 Stän-
