1103 1803
458 146 160 18 Presteständet
632 148 57 16 1882.
714 148 13 16 2
740 147 47 21 maj.

201 214 84 22 moinen
307 214 130 22 tieteellinen
460 215 110 21 harrastus
591 222 27 15 on
634 216 86 20 vireellä
735 216 139 26 pidettävänä
893 214 137 25 muuallakin,

199 244 34 26 jos
249 243 67 22 kohta
331 243 144 21 heikommilla
490 244 149 27 apuneuvoilla
656 244 50 21 kuin
723 244 72 21 täällä.
826 243 54 21 Olisi
895 244 72 20 minun
978 242 51 22 mie-

201 272 79 21 lestäni
295 272 70 21 varsin
381 274 95 24 suotava,
492 274 46 20 että
552 273 106 21 voitaisiin
674 278 141 16 maassamme
831 272 139 21 muutamissa
984 271 45 27 pai-

201 300 79 26 koissa,
301 300 66 27 joissa
389 301 71 27 löytyy
478 301 90 27 vanhoja
585 301 84 27 linnoja,
687 302 59 20 esim.
763 301 163 21 Savonlinnassa
940 301 23 26 ja
977 300 52 21 Wii-

201 328 91 28 purissa,
305 329 105 27 järjestää
425 332 62 19 nämä
502 330 68 21 linnat
580 330 145 21 varsinaisiksi
737 329 222 27 paikallismuseoiksi.
975 328 54 22 Tah-

202 358 42 21 don
261 358 41 20 sitä
318 358 64 25 paitsi
398 358 131 27 muistuttaa,
546 360 44 19 että
605 359 66 20 täällä
686 358 61 21 oleva
763 364 72 15 museo
851 358 71 21 tuskin
934 358 33 21 voi
979 357 50 22 edes

202 387 89 20 vastaan
311 388 67 24 ottaa,
401 387 120 20 mukavasti
535 387 102 26 järjestää
650 387 22 26 ja
687 387 101 26 säilyttää
803 386 132 21 kaikellaisia
951 386 78 26 kaluja,

201 415 54 20 mitä
278 421 82 15 maassa
384 415 118 26 löydetään.
532 416 38 21 Jos
588 415 58 22 esim.
663 415 49 21 siitä
728 415 187 21 lukemattomasta
929 415 100 26 joukosta

201 442 142 27 kivikirveitä,
361 444 57 21 mikä
434 450 26 15 on
476 444 100 27 löydetty,
589 444 124 27 jokaikinen
730 444 91 27 kappale
832 443 122 22 lähetetään
965 445 65 19 tänne

202 471 111 26 Helsingin
329 472 228 21 muinaistieteelliseen
574 479 108 20 museoon,
699 473 42 20 niin
758 473 57 20 tulee
830 479 23 14 se
864 472 113 21 kokoelma
987 472 44 21 ole-

202 506 63 15 maan
288 500 98 22 kivikasa
409 501 47 21 eikä
476 501 84 21 mikään
582 501 130 21 tieteellinen
734 500 125 22 materiaali.
891 501 64 21 Näitä
977 500 53 21 kivi-

202 528 73 27 kaluja
298 535 27 15 on
339 529 21 26 jo
378 531 35 25 nyt
429 529 55 22 koko
500 530 78 25 joukko
594 530 115 26 yhtäläisiä
722 530 23 26 ja
760 529 64 21 ainoa
838 529 65 28 hyöty
919 529 62 21 niistä
997 535 34 17 on,

202 557 67 21 saada
291 558 52 27 joku
366 558 138 21 tilastollinen
527 559 59 24 tieto,
609 559 79 20 kuinka
704 560 74 19 monta
794 558 63 20 kalua
872 558 51 26 yhtä
939 557 48 27 lajia
1004 563 26 15 on

202 586 102 26 löydetty.
336 586 71 21 Mutta
422 587 129 21 semmoinen
567 586 138 22 tilastollinen
722 587 60 21 taulu
799 586 90 21 voidaan
905 586 65 21 saada
979 586 52 26 yhtä

202 614 64 27 hyvin
288 614 48 22 sillä
355 615 79 25 tavoin,
452 617 45 19 että
512 615 88 21 luettelo
616 615 92 21 tehdään
724 616 71 20 noista
810 614 220 28 paikallismuseoista.

203 643 60 21 Minä
283 643 120 27 puolestani
426 644 108 21 kannatan
557 644 53 21 siinä
632 644 85 21 kohden
737 650 73 14 samaa
825 644 139 26 mielipidettä
979 643 50 21 kuin

202 672 96 26 provasti
321 672 59 26 Hjelt
398 672 23 26 ja
443 672 91 26 arvelen,
557 672 56 22 ett'ei
636 673 88 21 tarvitse
748 674 75 19 säätää
842 673 78 20 mitään
937 672 94 20 ankaraa

203 700 64 25 lakia,
285 700 50 27 joka
351 700 70 22 kokoo
437 702 62 20 nämä
514 701 60 21 kalut
589 701 98 21 kruunun
703 702 97 20 haltuun.
832 700 126 22 Semmoista
973 700 58 21 lakia

203 728 42 21 sitä
268 728 64 26 paitsi
355 729 18 20 ei
397 729 43 22 tule
464 729 186 22 noudatettavaksi
673 730 49 20 eikä
745 729 33 21 ole
791 729 65 21 tarvis
875 729 93 21 sellaista
983 730 48 20 sää-

203 757 100 21 tääkään.

273 814 91 21 Prosten
380 814 81 27 Hjelt:
492 815 69 21 Sedan
577 815 107 26 professor
699 815 105 21 Forsman
819 817 68 24 yttrat
903 815 30 26 sig
949 815 6 20 i
966 814 64 21 saken

203 843 44 20 kan
261 843 37 26 jag
313 843 70 21 lemna
400 843 39 21 den
458 843 33 21 del
507 843 23 21 af
541 843 73 28 frägan
627 843 52 22 hans
693 844 100 27 yttrande
804 843 117 22 omfattade
934 843 98 21 oberörd.

203 871 41 27 Jag
267 871 36 21 vill
326 871 55 21 blott
404 871 86 27 tillägga
506 874 32 19 att
559 872 6 21 i
585 873 69 25 Norge
675 873 47 20 icke
745 872 67 21 finnes
832 872 68 25 nägon
917 871 114 22 hembuds-

203 899 129 28 skyldighet,
348 900 93 21 hvarken
456 900 34 21 för
504 901 50 26 fynd
569 901 24 21 af
606 901 49 21 ädla
665 901 97 21 metaller
774 901 52 20 eller
837 901 66 20 andra
914 900 116 26 fornsaker,

205 929 40 20 och
268 929 35 21 det
326 929 89 20 oaktadt
439 929 27 21 ha
488 929 141 27 samlingarna
653 929 111 22 derstädes
780 929 60 21 raskt
855 929 50 21 ökat
921 929 37 26 sig.
989 929 42 20 För

204 957 44 21 min
273 957 32 22 del
329 957 68 21 skulle
416 957 36 27 jag
475 958 72 21 derför
570 959 44 20 före
630 958 31 21 slä
677 961 32 18 att
726 958 18 21 vi
762 958 68 21 skulle
846 958 71 26 ätnöja
933 963 34 16 oss
983 958 48 20 med

205 986 147 26 stadgandena
367 986 6 20 i
392 987 53 21 1755
461 986 35 21 ärs
511 987 70 26 kongl.
599 987 131 27 förordning.

275 1043 111 21 Professor
408 1043 115 22 Donner:
554 1044 40 26 Jag
614 1046 24 18 är
661 1051 49 13 ense
734 1043 48 21 med
804 1043 107 27 professor
929 1043 102 21 Forsman

204 1078 36 14 om
257 1071 171 21 önskvärdheten
446 1072 66 26 deraf,
528 1075 32 18 att
575 1072 169 27 provinsmuseer
760 1072 40 21 hos
816 1078 34 15 oss
866 1072 66 21 mätte
948 1072 83 25 uppstä.

204 1099 35 22 De
254 1099 86 22 komma
356 1100 109 21 derstädes
481 1103 31 18 att
527 1101 7 20 i
550 1101 42 26 hög
602 1101 54 26 grad
667 1103 72 25 stegra
750 1100 100 21 intresset
861 1100 33 21 för
905 1100 40 21 den
957 1099 75 22 arkeo-

205 1128 83 27 logiska
312 1128 134 27 forskningen
470 1129 39 21 och
532 1129 101 21 befordra
656 1129 124 21 densamma
800 1129 28 26 pä
843 1128 138 27 mängfaldigt
996 1128 36 26 vis,

205 1163 48 15 men
278 1163 48 16 man
349 1157 39 20 bör
409 1156 18 28 ej
450 1158 117 21 missförstä
589 1158 147 27 ordalydelsen
759 1157 31 22 uti
813 1157 160 27 ifrägavarande
990 1157 43 22 lag-

205 1185 104 28 paragraf
323 1185 79 22 derhän
419 1188 37 24 att,
473 1193 33 14 om
517 1186 50 27 fynd
577 1186 124 27 hembjudas
713 1187 90 25 kronan,
814 1186 68 21 denna
893 1185 139 26 ovilkorligen

206 1215 69 20 måste
296 1215 67 20 inlösa
379 1215 123 21 detsamma.
533 1215 45 21 Här
594 1217 23 19 är
630 1216 75 20 endast
721 1215 61 26 fråga
797 1221 34 15 om
848 1217 31 18 att
894 1215 81 20 kronan
990 1214 43 21 för-

206 1242 95 22 behälles
324 1245 44 18 rätt
390 1245 31 19 att
444 1243 68 22 inlösa
533 1243 84 28 fynden,
641 1244 39 21 och
703 1250 34 14 om
758 1243 6 21 i
780 1244 48 20 värt
844 1243 48 21 land
908 1245 57 19 ännu
980 1242 54 21 fort-

207 1271 89 22 farande
315 1271 66 21 hittas
397 1273 31 20 ett
443 1272 92 21 tusental
550 1272 146 27 stenredskap,
713 1274 24 19 är
753 1272 37 21 det
805 1272 46 21 icke
866 1272 63 26 sagdt
943 1274 32 18 att
991 1271 43 21 alla

206 1299 63 22 dessa
284 1300 67 21 måste
367 1300 80 21 vandra
457 1300 32 21 till
501 1301 131 27 Helsingfors
642 1307 104 19 museum;
760 1301 26 20 de
795 1300 71 21 kunna
876 1300 61 21 äfven
950 1299 83 28 mycket

207 1328 33 21 väl
265 1328 85 21 komma
373 1329 66 21 andra
464 1329 113 27 samlingar
592 1329 32 21 till
640 1330 61 25 godo.
733 1329 43 21 Det
791 1329 68 26 gäller
874 1329 55 21 blott
945 1331 32 18 att
992 1328 42 21 till-

207 1356 100 23 försäkra
329 1357 68 21 denna
419 1358 80 21 anstalt
518 1358 25 21 de
559 1358 144 21 värderikaste
720 1358 123 25 föremälen,
859 1357 72 21 hvilka
946 1357 6 20 i
969 1357 65 26 högre

206 1385 53 26 grad
275 1388 147 25 representera
438 1387 68 26 nägon
522 1387 90 21 särskild
628 1389 39 19 art.
698 1387 10 20 I
724 1387 74 26 hvarje
814 1386 37 21 fall
866 1392 62 21 synes
944 1386 36 21 det
991 1385 44 26 mig

207 1419 45 16 som
276 1420 35 15 om
333 1414 65 27 nägot
421 1415 115 26 stadgande
558 1421 34 15 om
616 1415 80 21 inlösen
719 1415 67 21 borde
802 1415 142 25 förekomma;
961 1416 22 25 ty
999 1415 36 20 det

207 1442 63 21 torde
285 1443 19 26 ej
319 1443 28 27 gä
361 1449 26 15 an
403 1445 33 19 att
451 1443 44 21 helt
510 1444 39 20 och
565 1443 66 21 hället
647 1443 93 21 utesluta
756 1444 125 20 detsamma.
912 1443 41 20 Det
965 1442 70 21 kunde

207 1470 102 28 möjligen
325 1471 110 22 förändras
451 1472 85 26 derhän,
548 1474 32 19 att
592 1472 98 26 antingen
702 1472 82 21 kronan
796 1472 52 20 eller
859 1472 69 26 nägon
940 1470 95 27 offentlig

206 1500 93 26 samling
321 1500 52 26 egde
391 1502 44 20 rätt
450 1502 32 20 att
497 1501 6 20 i
518 1500 66 22 första
599 1503 90 19 rummet
705 1500 69 21 inlösa
790 1500 62 21 dessa
867 1500 95 21 föremäl.
994 1499 41 21 Det

206 1529 25 19 är
247 1529 106 26 nämligen
369 1528 67 22 kändt
450 1531 33 19 att
498 1535 25 15 en
540 1529 76 26 mängd
632 1529 80 21 sädana
728 1529 42 26 köp
787 1530 106 25 uppgöras
909 1528 22 21 af
945 1527 90 21 resande
