1103 1803
230 134 41 21 886
448 140 162 18 Presteständet
624 141 55 17 1882.
705 142 26 16 25
745 141 59 20 april.

199 210 83 21 sträfva
297 211 32 20 att
345 208 142 26 omintetgöra
503 209 36 21 det
562 208 74 22 arbete
652 215 44 15 som
714 216 34 15 oss
764 208 122 22 anförtrodt
901 208 81 22 blifvit:
999 210 32 20 att

199 244 77 21 genom
292 238 27 21 de
334 236 69 23 medel
419 242 33 16 oss
468 236 72 28 gifvits
556 238 52 20 söka
624 237 47 21 föra
686 239 51 20 vära
750 236 173 23 medmenniskor
933 237 54 21 fram
998 237 32 21 till

200 268 36 20 det
253 273 35 15 oss
304 267 43 21 alla
362 264 110 28 förelagda
487 266 57 26 höga
562 266 66 21 mälet
645 272 45 16 som
707 268 24 20 är
746 268 33 20 att
794 266 7 21 i
818 266 55 21 anda
888 266 39 21 och
943 266 88 26 sanning

199 295 131 27 förverkliga
352 294 59 22 Guds
435 294 139 22 kärleksfulla
595 294 49 28 vilja
663 295 28 27 pä
710 296 85 26 jorden.
825 295 39 21 Att
879 295 61 21 dessa
955 294 76 22 tankar

201 324 46 22 icke
263 326 38 19 äro
324 323 67 21 foster
407 322 21 22 af
442 324 32 20 ett
496 322 86 28 sjukligt
599 323 66 27 sinne,
686 326 51 19 utan
754 323 64 21 hafva
832 324 32 20 sin
880 323 67 27 grund
963 324 7 20 i
985 322 45 22 fak-

201 352 56 21 tiska
272 351 149 22 förhällanden
436 351 37 20 vili
486 352 37 25 jag
538 352 40 20 här
593 352 53 21 söka
660 352 6 21 i
683 353 68 26 dagen
767 352 69 26 lägga.

269 379 133 27 Obestridlig
417 380 89 26 sanning
522 381 24 19 är
561 381 31 20 att
608 380 6 21 i
630 380 26 21 de
671 380 61 22 flesta
748 380 60 21 delar
824 380 23 21 af
860 380 47 21 värt
922 380 57 25 land,
992 380 39 21 hos

201 409 93 22 flertalet
316 409 23 21 af
353 411 47 18 dess
421 408 115 27 inbyggare
557 408 112 22 förefinnes
685 415 26 15 en
727 409 115 27 utpräglad
859 409 78 27 böjelse
953 410 31 19 att
999 415 32 14 re-

201 438 41 21 dan
258 437 47 22 frän
320 444 42 20 nog
377 437 54 26 tidig
446 437 60 21 älder
522 437 76 21 berusa
619 438 38 26 sig,
676 437 152 22 företrädesvis
844 443 75 21 genom
935 436 95 22 öfverflö-

201 467 46 26 digt
261 466 124 21 förtärande
401 465 23 21 af
439 465 26 26 öl,
481 465 86 22 hvilken
583 466 65 27 dryck
664 466 106 21 härintills
785 466 7 21 i
804 466 106 21 allmänna
922 465 108 22 tänkesät-

201 497 31 19 tet
247 496 82 20 ansetts
352 501 51 15 vara
419 494 55 21 bäde
489 494 105 21 helsosam
619 495 38 21 och
674 495 104 26 oskadlig.
809 495 46 20 Den
874 494 94 21 växande
983 500 46 20 gos-

201 529 36 16 sen
254 523 39 22 och
316 523 106 27 stundomj
439 523 61 20 äfven
522 523 90 26 gvinnan
636 523 59 27 blygs
718 524 19 26 ej
761 525 33 20 att
816 523 7 21 i
839 523 113 22 öfvermätt
971 523 59 26 njuta

202 551 67 22 deraf.
299 552 38 21 Att
361 553 42 19 ölet
425 551 77 21 sädant
517 551 36 21 det
572 552 129 26 produceras
716 553 7 19 i
739 553 52 20 vära
807 551 123 27 bryggerier
946 553 24 19 är
985 557 44 15 rus-

201 580 105 26 gifvande,
329 581 62 20 torde
413 580 33 21 väl
469 580 47 20 icke
536 580 72 21 kunna
629 580 110 26 bestridas,
756 580 40 22 och
814 580 35 21 det
865 582 23 19 är
900 580 45 26 just
961 580 69 20 denna

202 609 48 21 dess
273 608 114 28 egenskap,
411 614 45 16 som
479 610 38 24 gör
533 608 40 21 den
586 608 101 27 hegärlig,
706 616 48 14 men
772 609 70 21 tillika
858 608 68 26 farlig,
942 608 88 22 emedan

203 638 39 20 den
259 637 108 26 omättligt
382 637 71 27 njuten
470 636 110 22 efterhand
597 637 125 21 framkallar
737 644 27 14 en
780 637 74 26 olidlig
869 639 55 19 törst
938 643 45 15 som
995 643 35 15 en-

201 666 49 20 dast
271 672 76 20 genom
368 666 114 26 berusning
503 665 41 21 kan
560 666 32 20 för
614 666 92 21 tillfället
722 666 80 21 häfvas.
833 666 71 21 Nekas
920 666 41 20 kan
977 666 53 21 säle-

202 694 37 21 des
262 694 53 26 icke,
339 696 32 19 att
387 694 67 21 denna
479 694 64 27 dryck
559 696 23 19 är
598 696 30 20 ett
650 695 89 27 kraftigt
762 694 82 21 vehikel
861 694 33 21 för
909 694 121 22 ästadkom-

202 723 77 21 mande
303 722 23 21 af
339 722 78 27 sedligt
437 723 81 20 förderf
539 723 39 20 och
594 723 111 21 befordrar
727 723 133 21 fortfarande
875 723 82 20 tillväxt
973 723 6 20 i
995 723 36 21 det

201 751 57 21 onda
273 751 6 20 i
295 757 49 14 mon
361 751 22 21 af
396 751 88 26 tillgång
499 751 13 21 å
527 757 71 15 varan.
629 751 48 22 Men
696 752 66 21 saken
779 752 42 21 kan
837 751 39 21 och
891 751 39 21 bör
945 751 85 21 betrak-

201 782 33 19 tas
250 779 61 22 äfven
333 779 46 22 frän
404 786 25 15 en
444 785 70 15 annan
537 780 51 24 sida,
605 786 45 15 som
673 781 47 20 icke
735 782 25 19 är
776 781 52 20 utan
850 780 31 21 sin
897 782 58 19 stora
970 780 60 27 bety-

202 808 65 24 delse,
283 808 140 27 synnerligast
442 808 34 21 för
491 809 40 20 den
546 808 76 27 fattige
642 809 99 21 arbetare
757 809 49 20 med
821 808 33 21 sin
869 809 84 26 knappa
969 809 61 26 dags-

201 837 100 26 penning,
325 837 101 20 hvarmed
448 837 41 21 han
512 843 42 20 nog
576 840 105 23 sparsamt
707 837 81 22 förmär
804 837 76 21 lifnära
895 837 33 27 sig
943 837 39 20 och
999 837 31 20 sin

202 865 46 21 ofta
263 865 79 22 talrika
363 865 73 27 familj.
466 865 45 21 När
532 865 39 22 hos
590 872 26 15 en
634 866 66 21 sädan
716 872 78 21 person
816 866 88 26 begäret
919 865 54 21 efter
987 865 44 22 ölet

202 893 88 28 vaknar,
315 893 136 22 framkalladt
473 900 75 21 genom
571 895 72 26 ymnig
666 895 39 21 och
730 897 53 18 nära
806 894 88 27 tillgäng
917 894 27 26 pä
966 900 64 15 varan

202 924 56 19 samt
274 923 79 20 andras
368 922 103 21 lockande
494 923 113 25 föredöme,
624 923 24 21 sä
663 924 68 21 måste
748 923 26 26 ju
790 922 205 22 tillfredsställandet
1011 922 21 21 af

203 951 25 21 de
245 951 167 26 nödvändigaste
427 951 102 21 behofven
546 951 72 27 aftaga
634 952 6 21 i
656 958 82 15 samma
749 951 134 22 förhällande
895 957 44 15 som
951 951 23 21 af
983 957 47 16 vec-

203 979 53 22 kans
271 979 94 21 inkomst
386 980 70 26 ätgätt
471 980 32 21 till
524 980 130 27 ölförtäring,
671 983 55 19 samt
746 981 49 20 hela
810 980 94 27 familjen
920 979 44 22 förr
980 980 51 21 eller

202 1014 76 15 senare
301 1008 53 21 räka
369 1008 6 21 i
391 1008 133 21 ekonomiskt
542 1008 86 27 betryck
644 1009 39 21 och
700 1009 94 21 omsider
817 1008 50 21 falla
883 1008 148 27 fattigförsörj-

203 1037 77 26 ningen
296 1037 33 21 till
345 1037 46 21 last.
422 1037 39 21 Att
476 1037 153 27 ölförtäringen
644 1038 46 21 icke
706 1038 42 21 kan
766 1043 37 16 ens
818 1037 7 21 i
841 1037 143 26 landsbygden
995 1037 36 20 be-

203 1065 84 20 traktas
309 1065 69 20 säsom
401 1065 48 26 föga
472 1065 128 21 inverkande
621 1066 27 26 pä
664 1068 72 19 ortens
760 1065 140 22 ekonomiska
925 1065 106 26 ställning,

203 1093 102 21 särskildt
321 1093 12 21 &
349 1093 82 21 trakter
451 1094 37 20 der
504 1093 143 28 ölbryggerier
670 1094 67 21 finnes
754 1095 53 20 eller
822 1094 137 21 underlättad
974 1093 57 22 kom-

203 1121 133 22 munikation
359 1123 39 24 gör
420 1128 65 15 varan
510 1123 40 20 lätt
574 1122 109 27 åtkomlig,
707 1123 37 21 vill
765 1123 37 26 jag
826 1123 52 20 söka
897 1122 72 27 belysa
985 1122 46 21 med

203 1150 67 27 några
292 1150 107 27 möjligast
421 1151 77 21 exakta
520 1151 119 22 statistiska
660 1151 117 28 uppgifter,
800 1151 80 22 sådana
895 1151 25 20 de
937 1153 36 19 äro
990 1151 42 26 mig

203 1179 126 21 meddelade
355 1179 38 21 och
417 1179 32 21 för
472 1179 82 22 hvilkas
577 1179 157 28 tillförlitlighet
756 1180 44 27 jag;
815 1179 32 22 till
862 1179 51 21 fullo
929 1182 45 19 tror
989 1179 43 27 mig

203 1207 72 22 kunna
290 1214 95 15 ansvara.

273 1237 10 20 I
305 1238 30 19 ett
355 1238 102 25 pastorat,
480 1237 63 21 hvars
564 1237 48 21 hela
635 1237 125 27 folkmängd
781 1239 86 24 utgöres
887 1236 23 21 af
923 1237 46 21 icke
984 1237 49 20 fullt

206 1265 75 25 17,000
306 1271 107 20 personer,
440 1265 110 21 deribland
573 1266 63 25 8,300
657 1266 93 21 mankön
776 1267 38 20 och
838 1265 22 21 af
874 1265 60 21 desse
955 1265 76 21 mellan

203 1294 86 20 20-—50
305 1293 30 26 är,
357 1293 157 27 (öldrinkarnes
530 1294 82 27 vanliga
630 1294 68 26 ålder)
715 1294 99 26 omkring
834 1295 70 26 3,200,
919 1293 112 26 tillverkas,

203 1321 68 27 enligt
295 1321 55 22 hvad
373 1328 48 15 man
440 1322 40 21 har
501 1323 31 26 sig
548 1323 84 25 bekant,
649 1323 6 21 i
671 1323 38 21 der
729 1323 108 26 befintligt
860 1322 119 27 ölbryggeri
1001 1322 32 21 för

203 1350 47 21 året
273 1351 64 20 minst
360 1351 77 27 64,000
459 1351 82 22 kannor
564 1351 27 27 öl,
608 1351 46 22 från
667 1351 133 27 närbelägna
816 1351 79 21 sådana
911 1351 81 22 hemtas
1007 1357 26 20 pr

201 1379 90 26 jernväg
311 1379 57 21 öfver
389 1379 63 24 8,000
468 1379 88 26 kannor,
578 1383 56 18 samt
649 1381 48 20 med
713 1381 61 20 foror
789 1379 164 28 approximativt
969 1380 64 21 minst

204 1408 65 25 3,000
294 1407 88 22 kannor.
413 1408 75 21 Denna
512 1409 104 26 gvantitet
641 1411 161 24 representerar
828 1415 26 14 en
880 1408 153 27 aktningsvärd

203 1442 84 15 summa
303 1435 23 21 af
349 1436 89 26 105,000
461 1437 61 26 Fmk,
543 1439 50 19 enär
609 1438 66 25 priset
693 1444 31 20 pr.
741 1437 70 21 flaska
826 1437 40 21 bör
881 1437 105 20 beräknas
1001 1437 32 20 till

203 1464 27 21 35
247 1464 70 27 penni,
333 1465 119 26 utgörande
468 1466 136 26 medelpriset
619 1465 77 22 mellan
713 1466 134 27 bryggeriets
863 1466 27 20 28
905 1464 13 22 å
934 1466 26 20 30
971 1465 62 26 penni

203 1492 40 21 och
267 1493 144 27 ölkrogarnes,
433 1500 45 14 som
494 1494 61 21 torde
570 1494 82 21 variera
673 1494 77 22 mellan
768 1494 27 21 35
812 1494 39 21 och
868 1494 26 20 50
910 1494 69 26 penni,
994 1493 39 21 och

203 1520 13 21 å
230 1521 73 21 hvilka
319 1522 36 20 det
369 1523 69 20 mesta
454 1522 43 22 ölet
512 1522 96 22 förtäres.
640 1522 54 22 Hela
710 1523 72 21 denna
797 1522 106 27 gvantitet
917 1522 116 21 inkamine-
