1103 1803
229 128 43 21 640
443 133 162 18 Presteståndet
616 135 59 17 1882.
699 135 28 17 23
738 139 64 13 mars.

201 202 78 21 tänker
301 202 34 27 på,
359 202 55 21 huru
437 209 89 20 pressen
550 203 39 21 och
612 203 91 21 enskilta
726 202 87 22 skrifter
828 202 53 21 söka
893 204 33 19 att
940 202 91 21 utbreda

201 237 84 15 samma
308 231 87 27 äsigter,
411 233 45 19 tror
470 232 36 26 jag
522 234 32 19 att
570 232 36 20 det
622 238 44 14 som
683 232 67 26 enligt
765 231 117 21 utskottets
898 230 133 22 betänkande

200 259 70 22 kallas
286 260 109 26 undantag
410 260 69 21 skulle
494 260 64 21 blifva
575 260 65 26 regel,
656 262 31 19 att
703 260 105 26 nämligen
824 259 28 27 på
867 259 68 27 grund
951 260 23 20 af
987 258 44 28 gäl-

201 288 64 21 lande
281 288 102 27 paragraf
395 288 31 21 uti
441 288 258 27 folkskoleförordningen
713 288 161 26 församlingens
885 288 68 21 lärare
963 287 68 22 skulle

201 317 105 21 uteslutas
323 317 45 21 från
385 317 140 21 direktionen.
556 317 123 21 Utskottets
690 317 135 21 betänkande
836 316 67 24 anför,
912 319 32 19 att
952 316 79 27 kyrko-

200 346 81 20 herden
305 345 40 21 har
368 345 38 21 full
429 346 102 26 rättighet
554 349 32 18 att
602 346 114 21 öfvervaka
732 344 299 27 religionsundervisningen
1019 340 15 37 i

200 373 149 22 folkskolorna
377 374 39 21 och
439 377 31 18 att
489 374 40 21 han
546 375 18 26 ej
581 376 70 19 större
666 374 103 27 rättighet
786 373 105 22 behöfver.
923 373 46 22 Mot
984 373 47 21 mitt

201 403 100 26 yttrande
317 405 32 18 att
365 403 69 21 denna
448 403 103 26 rättighet
568 403 40 21 kan
625 403 65 21 blifva
705 403 82 26 ganska
804 403 107 20 illusorisk
927 402 64 21 också
999 401 32 22 för

202 431 40 20 den
266 431 63 26 skull,
351 433 32 19 att
400 438 46 14 man
462 432 6 20 i
485 432 146 21 folkskolorna
646 432 41 20 kan
704 431 98 21 meddela
822 431 209 26 religionsundervis-

200 459 78 27 ningen
295 459 132 22 annorlunda
442 461 26 20 då
484 461 119 26 inspektion
620 461 49 20 sker
685 462 25 19 än
728 460 57 27 eljes,
796 460 37 20 har
844 459 107 22 utskottet
961 459 70 21 anfört

202 490 32 19 att
251 491 31 18 ett
297 488 77 21 sådant
389 489 69 21 inkast
474 489 18 26 ej
509 489 103 26 förtjenar
628 489 64 26 något
708 489 105 21 afseende.
845 489 40 20 Det
901 489 42 20 kan
959 488 32 21 väl
1007 488 24 21 så

201 523 58 20 vara,
283 523 47 15 men
353 517 117 22 emellertid
492 520 23 18 är
538 518 36 21 det
596 518 42 26 mig
662 518 79 20 bekant
764 519 32 19 att
818 523 82 15 samma
919 517 75 25 elever,
1009 516 23 22 af

201 545 74 22 hvilka
290 552 49 14 man
355 546 34 21 vid
405 553 25 14 en
446 547 121 25 inspektion
584 547 58 20 öfver
654 545 283 27 religionsundervisningen,
949 545 82 22 förhört

202 576 15 18 t.
241 580 31 14 ex.
295 574 68 21 första
382 574 100 21 historien
498 581 34 15 om
549 575 118 26 skapelsen,
683 574 89 21 alldeles
789 574 115 26 ordagrant
919 574 54 21 efter
988 577 43 18 tex-

202 605 43 21 ten,
262 602 55 21 efter
333 602 66 27 några
415 604 65 25 dagar
495 603 81 21 kunnat
592 604 85 20 komma
693 603 32 21 till
741 603 45 21 sina
802 602 105 21 föräldrar
918 603 38 21 och
968 604 60 25 säga:

202 631 57 24 vicke
275 633 24 19 är
315 631 36 21 det
366 634 47 18 sant
429 634 31 18 att
476 631 46 21 Gud
540 632 38 20 har
594 632 77 26 skapat
687 632 111 25 verlden*;
815 632 25 20 de
857 631 63 21 hafva
935 631 40 21 fått
985 631 45 21 lära

203 660 31 26 sig
255 661 32 19 att
303 659 86 21 verlden
405 660 38 20 har
459 662 96 25 uppstätt
571 660 27 26 pä
614 660 47 21 Gud
677 663 35 18 vet
728 660 55 21 hvad
799 660 33 20 för
847 662 48 18 sätt.
926 659 39 21 Om
977 660 51 20 barn

201 688 75 21 kunna
298 688 21 20 fä
344 689 78 21 sädana
445 689 77 21 tankar
542 695 34 15 om
593 688 81 22 bibelns
690 689 124 27 gudomliga
829 688 63 26 läror,
905 688 60 22 torde
982 694 47 15 man

202 723 52 14 vara
282 717 109 20 nödsakad
414 720 32 18 att
469 718 111 26 medgifva,
605 718 35 20 det
664 717 280 26 religionsundervisningen
960 717 5 20 i
981 717 48 20 sko-

204 745 61 21 lorna
281 745 50 20 sker
346 745 27 27 pä
389 748 65 18 annat
469 748 43 19 sätt
527 748 27 19 än
570 746 34 21 vid
621 746 139 21 läsförhören.

272 773 81 22 Vidare
363 775 112 20 anmärker
485 775 106 20 utskottet
604 775 5 20 i
621 775 37 20 sitt
670 775 134 20 betänkande
814 773 131 22 beträffande
953 773 76 27 kyrko-

203 802 90 21 herdens
315 803 102 26 rättighet
433 806 31 18 att
480 804 66 20 ordna
562 803 286 26 religionsundervisningen,
864 805 32 18 att
912 803 40 20 han
969 803 5 20 i
990 802 40 21 lik-

199 831 41 20 het
259 831 48 21 med
323 831 72 27 hvarje
411 838 69 15 annan
497 832 139 26 medborgare
652 838 50 20 eger
718 833 43 19 rätt
778 833 32 19 att
825 831 114 21 öfvervaka
954 831 75 21 under-

203 859 110 26 visningen
330 860 39 21 och
385 862 31 19 att
431 860 41 21 han
488 861 64 20 ocksä
568 867 50 20 eger
634 862 42 19 rätt
692 862 32 19 att
739 862 52 25 göra
806 860 165 26 anmärkningar
987 861 43 19 mot

203 887 132 22 folkskolans
359 889 140 21 verksamhet.
537 890 42 25 Jag
602 891 34 19 vet
659 889 26 26 ej,
707 889 56 20 buru
787 889 61 20 dessa
867 888 163 27 anmärkningar

203 916 61 21 skola
279 918 70 25 göras.
387 917 40 27 Jag
450 917 67 21 håller
539 918 39 26 för,
594 920 32 19 att
642 923 48 15 man
706 917 28 27 pä
744 917 68 27 grund
824 918 22 19 af
855 917 97 26 gällande
963 917 67 26 regle-

203 948 78 23 mente,
306 946 37 21 der
366 945 251 22 folkskoledirektionens
639 947 127 25 rättigheter
782 946 38 21 och
837 945 143 28 skyldigheter
996 946 34 20 be-

203 975 108 24 stämmas,
335 974 47 21 icke
398 975 39 20 har
452 975 103 26 rättighet
570 978 32 18 att
618 977 53 24 göra
686 975 66 26 några
768 975 165 26 anmärkningar
949 974 81 21 direkte

204 1002 33 21 till
254 1002 197 27 folkskoleläraren,
467 1006 51 18 utan
535 1003 68 22 måste
618 1006 53 24 göra
687 1003 46 21 dem
750 1003 55 21 inför
820 1003 139 21 direktionen.
990 1003 39 20 Om

202 1037 49 15 man
276 1031 69 21 skulle
361 1033 52 25 göra
429 1032 60 21 dessa
505 1032 167 26 anmärkningar
688 1032 83 21 direkte
787 1031 32 21 till
835 1031 194 26 folkskoleläraren,

202 1060 70 20 skulle
288 1060 42 20 han
347 1063 50 23 säga
413 1061 6 20 i
435 1061 67 26 skydd
517 1061 23 21 af
554 1061 161 26 författningen:
728 1061 36 26 jag
773 1060 39 20 har
819 1060 57 26 gjort
883 1060 69 21 såsom
962 1060 68 20 direk-

203 1089 72 20 tionen
293 1088 97 21 bestämt.
422 1088 72 22 Skulle
510 1089 46 21 åter
571 1089 165 26 anmärkningar
751 1090 64 26 göras
831 1090 44 19 mot
892 1088 138 25 direktionen,

201 1119 48 18 tror
263 1117 37 27 jag
315 1119 32 19 att
363 1117 192 27 anmärkningarna
571 1118 53 21 böra
639 1119 62 24 göras
716 1123 76 20 genom
808 1117 98 21 anmälan
922 1117 38 20 hos
973 1117 58 20 dom-

203 1145 89 27 kapitel.
331 1146 145 26 Domkapitlet
496 1146 69 21 skulle
589 1146 114 27 hänskjuta
719 1145 75 27 frågan
810 1145 32 22 till
858 1145 102 28 styrelsen
977 1147 54 19 samt

204 1174 105 27 styrelsen
325 1174 32 21 till
373 1175 137 25 direktionen,
527 1175 39 21 och
583 1175 135 21 direktionen
732 1174 69 22 skulle
812 1174 57 26 gifva
880 1176 31 19 ett
921 1174 110 21 utlåtande

201 1203 43 20 och
268 1202 59 22 detta
346 1203 69 21 blefve
431 1205 31 19 att
478 1203 42 21 alla
536 1203 165 27 anmärkningar
717 1205 37 20 äro
771 1203 124 26 obefogade.
926 1202 50 21 Man
992 1203 39 20 har

203 1230 84 22 således
310 1231 47 21 icke
376 1232 68 27 någon
460 1232 84 27 garanti
560 1231 33 22 för
609 1234 31 19 att
656 1233 81 20 sådana
752 1232 167 27 anmärkningar
935 1231 48 21 leda
998 1231 33 21 till

204 1259 71 27 någon
299 1260 82 27 åtgärd.
420 1261 71 20 Annat
506 1261 74 26 tycker
593 1261 37 26 jag
646 1263 31 18 att
694 1261 36 21 det
746 1267 56 17 vore,
819 1267 34 14 om
870 1260 161 26 församlingens

204 1288 72 21 lärare
292 1295 50 14 vore
358 1289 89 21 medlem
463 1289 21 21 af
499 1289 134 21 direktionen
650 1290 39 20 och
704 1290 71 21 såsom
787 1289 67 21 sådan
866 1289 69 21 kunde
947 1288 85 27 deltaga

201 1317 10 20 i
227 1317 110 21 ordnande
353 1317 22 21 af
389 1317 131 22 folkskolans
534 1318 136 21 verksamhet
686 1318 142 21 tillsammans
841 1318 48 21 med
900 1317 131 22 direktionen

205 1345 40 22 och
267 1345 198 22 folkskoleläraren.
502 1347 46 20 När
568 1347 129 26 ställningen
713 1349 24 18 är
753 1346 73 25 sådan,
843 1346 66 21 borde
925 1352 48 15 man
988 1345 44 22 ifall

205 1376 31 19 ett
259 1374 77 21 sådant
358 1374 129 27 fullkomligt
509 1375 138 27 skeppsbrott
669 1375 69 21 skulle
762 1375 90 26 inträffa,
869 1381 44 15 som
930 1381 48 14 man
994 1375 39 20 har

201 1403 50 21 skäl
273 1405 32 19 att
321 1403 72 21 frukta
408 1403 23 21 af
444 1403 56 22 hvad
516 1410 44 15 som
577 1404 104 27 försiggår
696 1404 7 21 i
720 1404 93 27 Sverige,
829 1404 53 21 söka
897 1403 66 21 rädda
978 1403 55 21 hvad

204 1437 46 15 som
274 1432 78 21 räddas
368 1432 41 21 kan
425 1432 39 21 och
480 1432 72 21 derför
567 1439 25 14 ur
608 1432 111 27 glömskan
735 1433 123 25 framdraga
874 1432 158 25 bestämningen

204 1459 7 21 i
222 1460 28 20 45
261 1460 18 26 &,
291 1460 40 21 och
347 1461 27 26 pä
389 1461 67 26 grund
472 1460 23 22 af
510 1461 68 21 denna
594 1463 52 25 göra
661 1461 93 27 kyrkans
771 1463 49 23 rätt,
837 1462 33 19 att
884 1461 31 20 uti
931 1460 102 21 direktio-

205 1494 39 15 nen
271 1488 66 22 borde
359 1489 50 27 ingå
431 1490 68 26 någon
523 1489 23 21 af
563 1489 163 27 församlingens
742 1490 76 25 lärare,
833 1488 104 28 gällande.
968 1483 19 27 Ä
1003 1490 30 20 ett

204 1517 63 21 ställe
282 1518 7 20 i
304 1518 117 21 utskottets
438 1518 134 22 betänkande
588 1520 122 20 omnämnes
726 1520 32 20 att
774 1518 36 22 det
826 1518 70 21 kunde
912 1518 75 25 hända,
1003 1519 30 19 att
