1103 1803
312 168 4 2 —
329 131 156 43 Presteständet
490 140 66 30 1882.
580 140 14 16 4
606 140 55 29 maj.
810 133 56 20 1073

136 207 79 21 vinner
236 207 41 27 nej,
301 207 41 21 har
361 206 87 22 ständet
462 207 9 20 i
486 208 58 20 detta
563 206 121 21 hänseende
699 206 97 21 anslutit
812 206 33 28 sig
862 206 35 20 till

66 236 169 21 reservationen.

137 292 130 21 Besvarades
284 292 47 21 med
347 294 14 18 4
377 293 20 26 ja
413 293 38 20 och
466 293 27 20 28
510 293 40 27 nej.

137 350 49 20 Med
209 350 115 26 anledning
343 350 21 19 af
382 350 106 27 utgången
512 350 45 20 utaf
580 350 70 20 denna
673 350 132 25 omröstning
828 349 68 20 afstod

68 379 106 27 professor
195 377 110 22 Donner
325 377 58 21 säväl
403 378 45 20 frän
471 379 35 20 sitt
526 377 73 28 gjorda
616 377 77 28 förslag
709 384 44 14 som
770 377 62 21 äfven
850 377 45 20 frän

68 407 33 21 sin
118 407 90 27 begäran
225 409 30 18 att
271 407 6 20 i
293 406 87 21 ärendet
396 406 20 21 fä
432 406 31 21 till
478 406 84 21 ständet
578 407 93 20 inlemna
687 413 25 14 en
730 407 94 26 petition.

139 470 22 26 2)
188 469 132 21 Godkänner
342 469 132 27 högvördiga
495 469 87 21 ståndet
600 476 77 14 senare
692 469 112 20 klämmen
820 469 12 20 å
846 475 51 20 pag.

71 499 32 20 25
118 499 10 20 1
143 498 111 21 utskottets
270 497 149 22 betänkande?
435 498 41 21 den
491 498 35 21 det
539 500 40 25 gör
593 505 79 14 svarar
681 498 40 27 ja;

140 527 79 20 vinner
234 526 43 28 nej,
293 533 66 14 anser
369 526 86 21 ständet
466 527 208 26 bankfullmäktiges
690 527 36 20 lön
738 526 50 21 böra
802 525 95 21 bibehäl-

69 556 35 20 las
117 555 72 21 såsom
205 555 67 27 förut.

139 618 132 20 Besvarades
286 618 47 20 med
350 618 156 26 öfvervägande
522 618 40 26 nej.

140 680 44 21 Och
208 680 53 20 hade
281 680 89 20 sålunda
389 680 83 20 ståndet
494 680 86 20 beslutit
600 682 35 24 att,
650 680 49 20 med
720 680 134 21 förkastande
877 680 21 20 af

71 709 112 20 utskottets
207 708 52 21 båda
283 708 11 21 å
317 715 46 20 pag.
379 709 27 20 25
423 711 107 24 upptagna
552 708 84 27 förslag,
653 708 35 21 det
709 708 54 21 förra
784 715 34 14 om
834 708 64 21 ökadt

69 737 58 20 antal
148 737 189 26 bankfullmäktige
357 737 38 20 och
412 737 60 20 deras
488 737 142 27 suppleanter,
646 737 35 20 det
696 743 74 15 senare
786 737 111 26 åsyftande

70 766 136 26 nedsättning
221 765 22 21 af
259 772 26 13 nu
302 765 98 27 gällande
416 765 200 27 bankfullmäktiges
632 765 99 27 arvoden,
744 765 58 21 såväl
813 765 35 21 det
859 771 38 14 nu-

71 794 92 21 varande
186 794 79 21 antalet
287 794 190 27 bankfullmäktige
499 794 39 21 och
559 794 72 21 desses
646 794 136 27 suppleanter
797 801 44 14 som
858 794 38 20 och

69 823 28 20 de
112 823 33 20 för
159 823 47 21 dem
224 823 107 20 bestämda
347 823 92 20 arvoden
456 822 65 21 borde
537 823 139 20 oförändrade
693 823 120 20 bibehållas.

139 886 30 21 På
185 885 155 28 framställning
356 886 21 20 af
392 886 47 20 herr
454 885 164 22 Talmannen
636 886 67 20 beslöt
718 885 89 26 ståndet,
823 887 29 19 att
863 885 35 20 det

71 915 21 20 af
115 917 83 24 prosten
222 914 107 21 Johnsson
354 914 74 21 väckta
450 914 106 27 förslaget,
572 918 29 17 att
624 914 188 27 bankfullmäktige
832 913 65 21 borde

69 943 104 20 anmodas
188 945 30 18 att
233 943 31 20 till
281 945 59 18 nästa
355 943 101 26 landtdag
472 943 108 20 inkomma
596 943 47 20 med
660 943 78 26 förslag
753 943 6 20 i
771 943 61 26 syfte,
843 943 53 20 huru

69 978 26 14 en
115 973 66 19 större
203 971 123 20 samverkan
349 971 91 21 cmellan
463 971 190 27 bankfullmäktige
674 972 39 20 och
735 971 161 21 bankdirektion

69 1000 66 21 måtte
151 1000 162 25 åstadkommas,
328 1000 47 21 icke
391 1000 68 20 skulle
476 1000 30 20 till
523 1000 68 27 någon
609 1000 70 21 vidare
695 1000 71 27 åtgärd
784 999 44 21 från
842 999 55 21 stån-

69 1029 47 20 dets
132 1029 45 20 sida
194 1029 113 20 föranleda.

139 1087 146 24 Öfverläraren
302 1090 118 21 Kihlman
438 1091 71 20 anhöll
525 1091 92 20 härefter
632 1097 33 14 om
682 1091 60 20 ordet
754 1091 38 20 och
803 1090 93 27 yttrade:

69 1119 42 26 Jag
127 1119 93 21 önskade
236 1119 65 20 uttala
316 1119 45 27 mig
376 1119 6 20 i
398 1125 26 14 en
440 1119 65 27 fråga,
520 1125 45 14 som
581 1119 62 21 äfven
660 1119 5 20 i
681 1119 69 21 denna
761 1119 136 20 bankutskot-

69 1150 42 19 tets
133 1147 111 21 berättelse
266 1147 69 21 blifvit
355 1147 74 21 berörd
446 1147 26 28 på
488 1154 45 21 pag.
551 1148 32 25 19,
599 1155 33 13 om
649 1147 193 28 begrafningshjelp
859 1147 38 20 och

69 1176 143 27 gratifikation
235 1176 21 20 af
279 1176 95 21 bankens
396 1176 67 21 medel
482 1177 20 20 åt
518 1176 120 21 sterbhuset
653 1177 52 20 efter
720 1177 126 26 tjänstemän
863 1175 34 20 vid

70 1205 103 20 Finlands
195 1205 62 26 bank,
273 1205 70 20 hvilka
360 1205 5 20 i
383 1205 48 20 dess
452 1205 64 26 tjenst
532 1205 91 27 antagits
638 1205 64 20 sedan
720 1205 83 20 banken
819 1204 78 21 stäldes

70 1233 70 20 under
155 1233 124 21 ständernas
295 1233 134 27 förvaltning.
451 1233 165 21 Bankutskottet
627 1234 37 20 har
675 1233 55 21 velat
742 1233 72 26 bringa
828 1233 69 20 denna

70 1262 38 20 sak
129 1262 29 20 till
181 1262 124 20 ständernas
327 1262 119 21 kännedom
462 1262 34 20 för
511 1264 29 19 att
555 1262 67 21 tillika
639 1262 70 25 uttala,
725 1263 29 19 att
770 1262 106 24 utskottet,
891 1261 7 20 i

70 1290 68 21 likhet
154 1290 46 21 med
218 1290 190 27 bankfullmäktige
425 1291 38 20 och
480 1290 26 28 på
521 1291 26 20 de
563 1290 21 21 af
600 1291 48 20 dem
663 1291 88 20 anförda
767 1290 51 22 skäl,
830 1292 68 18 ansett

69 1318 106 21 Finlands
195 1319 66 20 banks
282 1319 127 26 tjenstemän
430 1319 49 20 böra
496 1326 48 13 vara
560 1319 98 21 likstälda
673 1319 48 20 med
738 1321 78 18 statens
832 1318 65 27 öfrige

71 1348 134 26 tjenstemän.
234 1347 76 21 Denna
323 1347 59 28 fråga
397 1349 24 19 är
436 1348 20 20 af
473 1347 159 21 bankutskottet
648 1350 104 25 upptagen
767 1347 47 21 med
826 1347 72 20 anled-

70 1376 52 27 ning
138 1376 21 20 af
175 1376 200 27 bankfullmäktiges
398 1376 111 21 berättelse
525 1376 11 21 å
552 1377 77 26 pagina
644 1377 33 24 48,
693 1376 38 21 der
746 1376 35 21 det
796 1377 60 25 säges
869 1377 30 19 att

71 1404 113 27 kejserliga
199 1407 86 18 senaten
303 1405 87 26 beviljat
405 1404 155 21 statsrådinnan
573 1405 131 27 Gripenberg
715 1411 26 14 en
754 1404 144 26 begrafnings-

71 1433 58 27 hjelp
145 1435 43 18 stor
204 1433 61 25 2,800
281 1433 58 20 mark
355 1436 56 18 samt
421 1433 107 21 dessutom
540 1440 26 14 en
578 1433 140 27 gratifikation
730 1433 21 20 af
761 1433 61 22 8,400
834 1433 64 19 mark.

70 1460 80 22 Dervid
168 1463 87 19 nämnes
271 1462 62 20 äfven
349 1463 30 19 att
395 1462 69 20 denna
481 1462 58 26 fråga
556 1461 68 21 blifvit
635 1461 117 21 behandlad
763 1462 6 19 i
781 1461 117 26 Kejserliga

71 1492 100 18 senatens
187 1490 84 27 plenum
289 1490 38 20 och
343 1492 30 18 att
385 1490 190 27 bankfullmäktige
587 1490 69 20 blifvit
667 1489 148 21 underrättade
826 1489 71 20 derom

71 1524 76 21 genom
169 1521 28 18 ett
217 1518 45 21 bref
277 1519 59 20 hvari
352 1518 119 28 Kejserliga
488 1521 86 18 senaten
592 1518 101 21 anmodar
709 1518 189 26 bankfullmäktige

808 1557 22 17 68
