1103 1803
220 135 55 22 1182
441 141 162 18 Presteståndet
616 142 55 16 1882.
697 142 14 16 8
723 141 48 21 maj.

260 210 112 22 Professor
415 210 149 26 Runeberg:
596 210 10 21 I
622 210 67 21 likhet
704 210 47 21 med
768 210 66 26 några
851 209 126 27 föregående
989 212 31 18 ta-

190 238 44 22 lare
251 239 68 21 skulle
336 238 64 22 också
413 239 37 27 jag
466 245 49 15 anse
531 240 36 20 det
583 245 51 15 vara
649 238 111 27 olämpligt
776 240 31 19 att
824 238 34 21 vid
872 238 69 21 denna
952 238 67 21 landt-

191 267 40 26 dag
247 267 84 21 besluta
347 273 33 15 om
396 268 69 26 någon
481 268 78 20 allmän
575 268 50 26 plan
641 268 32 20 för
689 270 31 18 ett
734 268 145 26 jernvägsnät.
902 266 40 27 Jag
957 272 63 15 anser

190 296 36 20 det
249 302 50 14 vara
322 296 48 20 bäst
393 298 32 19 att
441 296 88 25 besluta,
545 296 56 20 hvad
617 302 44 14 som
678 302 28 14 nu
722 295 54 21 skall
793 296 85 26 byggas,
894 295 39 21 och
949 296 71 20 lemna

190 324 23 21 åt
236 330 25 15 en
283 324 126 21 kommande
425 324 103 27 landtdag
543 327 33 18 att
592 324 117 21 bestämma
726 324 54 21 hvad
797 330 45 15 som
858 324 27 21 då
900 324 54 21 skall
970 323 50 27 byg-

189 358 43 21 gas.
265 352 135 21 Beträffande
423 353 40 20 den
486 353 120 27 föreslagna
625 352 91 21 bibanan
733 352 31 21 till
781 352 180 27 Gamla-Karleby
977 353 42 20 för-

190 387 52 14 enar
255 381 37 26 jag
308 381 42 26 mig
365 381 48 21 med
428 381 202 26 kontraktsprosten
646 381 106 21 Stenbäck
765 381 39 21 och
815 381 108 26 professor
933 381 87 20 Donner

190 409 40 21 och
253 415 63 15 anser
323 405 10 36 '
339 409 88 27 således,
451 412 32 19 att
505 410 122 21 densamma
642 410 6 20 i
664 409 154 26 sammanhang
834 410 47 20 med
897 409 40 21 den
953 409 65 21 redan

190 437 99 22 beslutna
304 438 168 21 österbottniska
487 438 191 27 bansträckningen
695 438 39 21 bör
750 438 88 21 utföras.

260 495 153 27 Kyrkoherden
438 495 85 27 Lyra:
554 495 68 21 Afven
643 495 37 27 jag
698 495 87 21 förenar
800 495 43 26 mig
859 495 47 21 med
923 495 25 21 de
964 495 55 20 före-

189 523 82 28 gående
288 525 74 24 talare,
378 530 45 15 som
439 527 71 18 ansett
524 526 33 19 att
573 525 64 25 något
654 524 110 21 uttalande
780 530 34 15 om
828 525 32 20 ett
871 524 148 21 stambanenät

189 552 34 20 vid
248 552 69 20 denna
340 553 101 25 landtdag
463 553 45 21 icke
532 552 40 21 bör
593 553 84 20 komma
693 553 6 19 i
717 552 65 26 fråga,
798 553 24 20 så
838 553 83 25 mycket
937 552 82 21 mindre

189 586 46 15 som
251 587 49 14 man
317 580 34 21 väl
367 580 40 21 kan
424 588 50 14 vara
489 581 62 21 säker
567 581 33 26 på,
617 583 31 19 att
661 581 84 21 landets
757 580 114 27 tillgångar
881 581 68 20 under
960 580 57 21 tiden

190 608 46 22 från
261 609 68 21 denna
353 608 31 22 till
407 609 141 27 nästföljande
571 609 101 27 landtdag
696 609 61 21 torde
774 615 44 15 mer
834 611 26 19 än
876 615 41 21 nog
933 609 86 21 komma

189 639 33 19 att
245 640 60 24 tagas
327 638 7 20 i
357 638 92 26 anspråk
472 638 24 21 af
517 638 39 21 den
572 638 48 21 utaf
634 641 32 17 tre
681 638 68 21 Stånd
766 637 98 21 beslutna
879 638 62 25 långa
957 637 60 21 Uleå-

189 666 143 26 borgsbanan.
363 666 61 21 Hvad
446 667 47 21 åter
515 666 101 26 förslaget
636 672 33 15 om
686 673 25 14 en
728 666 80 21 bibana
822 666 47 21 från
883 666 68 21 denna
967 666 52 20 ban-

189 694 124 27 sträckning
329 694 138 27 vidkommer,
483 695 41 21 kan
538 696 36 26 jag
590 696 32 20 för
638 695 42 21 min
693 695 32 21 del
738 694 46 22 icke
796 694 50 27 vilja
858 695 47 21 med
916 700 24 16 en
952 694 66 21 sådan

190 723 81 20 bibana
286 723 75 21 föröka
376 723 103 26 mängden
493 723 22 21 af
529 723 73 21 arbete
618 723 6 21 i
641 729 58 15 mera
717 723 66 21 lokalt
799 723 89 21 intresse
905 723 31 20 till
952 723 68 20 skada

190 751 33 21 för
246 751 48 21 hela
313 751 78 22 landet.
423 752 41 21 Det
480 752 40 21 kan
537 752 43 21 låta
596 753 83 25 strängt
695 752 39 21 och
751 751 64 21 härdt
831 754 32 18 att
879 751 43 21 tala
937 757 34 15 om
988 751 31 21 lo-

190 779 50 22 kala
255 780 113 26 intressen,
385 787 46 14 men
445 780 36 26 jag
496 783 35 18 vet
546 781 53 25 icke,
616 781 52 20 hvar
684 782 92 25 gränsen
793 780 73 23 finnes,
883 786 32 15 om
927 786 25 15 en
964 780 56 27 gång

191 815 26 14 en
232 808 67 21 sådan
316 809 54 20 skall
386 809 88 27 byggas;
490 809 72 26 hvarje
578 809 78 21 floddal
672 809 71 21 kunde
760 809 92 20 behöfva
866 809 31 20 sin
915 809 54 20 bana
981 815 40 14 ner

191 837 32 21 till
248 837 77 21 hafvet.
356 837 41 21 För
420 838 42 20 min
485 837 33 22 del
539 839 112 20 motsätter
667 838 36 26 jag
719 837 43 26 mig
779 837 120 27 byggandet
915 837 22 20 af
950 837 69 26 någon

192 865 83 26 bibana,
292 866 89 21 emedan
397 866 5 21 i
419 868 31 19 ett
465 866 71 27 fattigt
552 867 48 20 land
617 866 141 27 tillgångarna
774 866 19 26 ej
805 865 105 27 medgifva
920 865 99 27 tillgodo-

191 895 78 20 seende
285 895 22 20 af
322 894 48 27 alla,
387 901 34 14 om
437 895 63 21 också
516 894 134 27 berättigade
665 895 111 21 intressen.

260 951 111 21 Professor
413 958 127 17 Forsman,
557 951 24 22 G.
597 952 37 21 Z.:
657 951 103 21 Niinkuin
774 953 60 20 useat
846 951 95 21 edelliset
951 951 68 26 puhu-

189 980 39 27 jat,
252 980 85 21 arvelen
362 979 100 26 minäkin,
486 980 50 21 ettei
558 981 74 20 maksa
654 980 74 21 vaivaa
744 980 66 21 tehdä
825 981 80 20 mitään
921 981 99 25 päätöstä

188 1008 96 27 jostakin
315 1009 202 21 —rautatie-verkosta
543 1009 64 20 näillä
632 1009 162 26 valtiopäivillä,
820 1009 106 20 varsinkin
952 1009 68 20 koska

191 1037 159 27 Pappissäädyn
373 1040 36 24 nyt
431 1037 97 22 tekemän
545 1038 117 26 päätöksen
678 1037 76 22 kautta
770 1037 143 21 valiokunnan
929 1037 91 21 ehdotus

191 1065 139 26 epäilemättä
353 1066 56 20 tulee
432 1072 98 15 suuressa
549 1066 81 21 määrin
647 1066 205 21 muodostettavaksi
866 1065 23 26 ja
904 1067 116 19 muutetta-

191 1093 59 21 vaksi.
289 1093 79 22 Tuskin
392 1094 56 21 tulee
466 1094 86 27 pitkään
569 1094 76 21 aikaan
661 1096 72 19 tämän
750 1093 107 22 rautatien
873 1094 147 21 valmistuttua

191 1122 86 21 mikään
300 1123 97 25 rautatie,
413 1123 57 21 esim.
487 1122 119 27 Kuopiosta
623 1123 84 21 Ouluun
724 1122 193 25 rakennettavaksi,
934 1122 85 21 ainakin

191 1151 57 20 minä
272 1151 89 26 epäilen,
385 1153 44 19 että
450 1152 61 20 aivan
534 1151 115 21 läheisessä
672 1151 184 21 tulevaisuudessa
879 1151 65 21 kahta
967 1151 54 20 tietä

190 1179 146 22 rakennetaan
359 1179 91 22 Ouluun.
483 1180 63 21 Useat
568 1180 96 21 muutkin
688 1180 70 21 seikat
781 1181 111 25 näyttävät
915 1179 104 26 vaativan,

191 1208 90 21 etteivät
303 1209 76 26 säädyt
401 1209 65 20 näillä
488 1208 151 27 valtiopäivillä
661 1211 61 18 saata
746 1208 86 21 millään
856 1208 165 27 menestyksellä

191 1237 205 21 rautatie-verkosta
418 1239 92 24 päättää.
541 1237 69 21 Ainoa
633 1237 35 25 tie,
690 1237 66 26 jonka
776 1239 58 18 tässä
850 1237 95 20 saattaisi
960 1237 60 26 pitää

191 1271 109 20 varmana,
315 1265 46 21 olisi
378 1271 29 19 se,
421 1266 51 26 joka
488 1272 26 14 on
530 1265 118 22 numerolla
663 1267 12 19 7
691 1265 108 27 merkitty,
811 1265 107 21 nimittäin
929 1271 29 19 se,
968 1265 52 26 joka

191 1294 76 21 menisi
288 1294 121 21 Taavetista
431 1294 110 21 Mikkeliin
555 1295 22 26 ja
593 1294 61 21 sieltä
669 1294 132 27 Jyväskylän
817 1294 76 21 kautta
908 1293 112 27 Myllymä-

190 1322 61 21 keen.
268 1335 27 2 —
311 1323 54 20 Mitä
387 1325 47 19 taas
455 1323 138 26 Ykspihlajan
613 1323 121 21 sivurataan
751 1323 64 25 tulee,
830 1323 43 20 niin
889 1322 71 21 minun
976 1322 43 26 aja-

190 1351 86 21 tukseni
291 1357 34 20 on,
342 1353 44 19 että
401 1352 118 21 ennemmin
535 1352 28 21 tai
581 1351 143 28 myöhemmin
737 1351 53 27 joku
806 1351 130 21 semmoinen
953 1351 66 26 syrjä-

191 1381 47 20 rata
261 1379 161 28 Pohjanlahden
445 1380 95 21 rannalle
565 1381 112 25 tarvitaan,
700 1382 71 19 mutta
794 1379 123 22 luultavasti
939 1382 38 24 nyt
992 1386 27 14 on

191 1408 117 21 mahdoton
324 1415 71 19 sanoa,
412 1409 65 21 mihin
492 1409 107 26 paikkaan
615 1415 22 15 se
653 1415 26 14 on
696 1409 120 20 vedettävä.
842 1407 82 22 Vaikka
940 1408 80 21 tahdon

191 1439 64 19 antaa
277 1437 77 21 kaiken
377 1437 93 21 kunnian
492 1437 134 26 Kokkolalle,
649 1438 42 20 niin
715 1437 48 21 olen
787 1436 132 22 kumminkin
941 1442 78 19 varma,

191 1467 44 19 että
258 1465 130 21 Pietarsaari
411 1472 26 15 on
461 1466 71 21 kaikin
554 1466 72 26 puolin
650 1465 106 27 etevämpi
780 1465 118 21 liikkeensä
916 1465 103 26 puolesta,

191 1494 77 21 näiden
293 1494 135 26 kaupunkein
451 1494 104 22 satamain
578 1494 130 21 keskinäiset
732 1494 113 27 etevyydet
869 1496 48 18 ovat
933 1492 88 22 minulle

191 1522 69 21 vähän
277 1525 181 25 tuntemattomat,
475 1523 95 21 niinkuin
586 1523 138 27 epäilemättä
740 1523 128 21 useimmille
883 1524 72 19 tämän
971 1523 49 19 sää-
