1103 1803
314 135 162 18 Presteståndet
486 136 60 17 1882.
570 136 26 17 25
609 136 60 20 april
837 130 41 21 937

79 204 101 22 sahdiksi.
213 204 26 22 Se
256 210 26 15 on
299 204 183 27 pahanmakuista,
499 206 69 20 mutta
578 204 89 22 samalla
678 206 60 26 myös
748 204 159 27 päihdyttävää,

79 232 90 23 vaikk'ei
187 233 55 21 siinä
257 234 33 20 ole
303 233 58 27 juuri
377 233 71 27 paljoa
463 236 74 18 muuta
552 233 52 21 kuin
620 232 100 22 humalan
736 234 88 20 voimaa.
854 233 53 21 Olisi

79 262 139 26 tarpeellista,
234 263 45 20 että
289 262 136 21 asetuksessa
435 262 146 21 säädettäisiin
593 262 67 21 sakko
672 261 117 22 tällaisesta
800 262 107 26 kapakka-

79 290 118 26 liikkeestä,
222 290 52 27 joka
298 296 156 16 suuremmassa
480 290 82 21 määrin
588 290 61 22 tekee
675 290 102 22 turmiota
799 290 107 22 varsinkin

79 318 114 22 nuorisolle
216 319 50 21 kuin
289 319 87 21 tehtaan
395 319 56 26 olut;
467 319 48 21 sillä
528 319 23 27 jo
567 319 71 27 pieniä
653 319 71 27 poikia
740 321 112 25 opetetaan
867 319 40 21 täl-

79 348 64 20 laista
157 347 69 21 sahtia
239 348 107 26 juomaan.
369 348 59 21 Minä
443 348 49 21 olen
507 348 90 25 kuullut,
614 350 45 18 että
673 348 234 21 suostuntavaliokunta

80 375 56 22 tulee
159 377 108 21 ottamaan
289 377 72 20 tämän
377 376 58 21 asian
450 375 150 22 miettiäkseen
613 376 23 27 ja
652 376 82 21 kenties
751 376 89 21 voidaan
856 376 51 21 sitte

79 404 111 27 parempia
205 405 138 26 määrityksiä
357 405 70 25 tehdä,
443 405 43 21 kun
502 405 93 21 saadaan
611 404 78 26 kuulla,
705 405 65 21 miten
786 406 121 20 suostunta-

80 433 123 21 valiokunta
219 433 62 22 aikoo
297 435 58 20 tässä
371 433 79 22 asiassa
467 433 119 22 menetellä.

148 507 205 28 Kontraktsprosten
373 508 169 27 Wegelius:
575 508 106 21 Missbruk
697 508 72 21 kunna
784 507 122 28 visserligen

79 535 137 27 förekomma,
232 536 68 22 säsom
317 536 125 27 föregäende
458 537 69 21 talare
543 540 54 24 sagt,
613 543 48 15 men
677 543 34 14 om
728 536 18 27 ej
762 537 69 20 denna
845 543 62 20 para-

79 565 48 25 graf
147 565 33 21 fär
203 565 58 27 gälla
282 565 69 21 säsom
375 565 39 21 den
431 565 51 27 stär,
500 566 23 20 sä
538 566 41 20 blir
595 566 36 20 det
646 567 31 19 ett
693 565 58 21 svärt
767 565 92 27 förtryck
875 564 32 22 för

81 593 24 21 de
129 592 73 27 fattige
224 594 119 21 arbetarne.
373 593 85 22 Sädana
474 594 80 21 vandra
569 594 122 27 isynnerhet
706 594 46 21 frän
770 594 25 20 de
810 594 97 26 nordliga

78 621 111 22 trakterna
211 625 57 18 emot
289 622 69 25 söder,
381 622 37 21 der
433 622 157 22 arbetstillfälle
605 622 73 27 gifves.
709 622 32 22 De
756 624 38 19 äro
810 622 97 21 anstälda

79 650 34 21 vid
136 650 51 21 flere
210 650 56 28 slags
285 651 87 21 arbeten
388 651 39 21 och
442 650 63 28 flytta
520 652 32 26 sig
567 651 46 21 frän
629 652 36 20 det
681 658 39 14 ena
736 650 71 22 stället
823 651 32 21 till
871 651 36 21 det

79 679 71 21 andra.
181 679 66 27 Mjölk
270 679 62 22 hafva
356 680 25 20 de
404 680 46 21 icke
474 682 32 19 att
529 680 67 28 tillgä,
618 680 126 26 svagdricka
758 681 63 25 utgör
836 680 23 20 sä
875 682 32 18 att

79 709 50 24 säga
144 708 72 20 halfva
231 708 64 21 födan
311 708 33 21 för
360 708 61 21 dessa
436 708 99 22 arbetare
551 715 35 15 om
601 715 126 14 sommaren.
758 708 33 21 Nu
806 708 101 21 förhäller

79 736 35 21 det
139 736 32 26 sig
193 736 29 25 sä,
239 739 32 19 att
286 737 34 20 vid
337 737 151 27 bryggerierna
503 738 97 20 kommer
615 737 66 27 enligt
696 737 118 26 Kejserliga
830 743 77 20 propo-

79 765 96 26 sitionen,
192 765 62 21 hvars
270 765 116 27 stadgande
403 765 233 28 bevillningsutskottet
649 766 60 20 äfven
720 765 7 21 i
738 765 58 22 detta
808 765 100 21 afseende

79 793 96 21 förordat
199 793 139 28 bevillningen
362 794 46 21 icke
423 796 32 19 att
473 795 72 26 läggas
560 795 28 26 pä
603 795 74 26 själfva
694 794 98 27 drycken,
808 796 50 19 utan
875 796 32 19 att

78 822 105 21 beräknas
206 822 54 21 efter
283 823 80 21 maltet.
395 822 87 22 Säledes
507 823 38 21 allt
568 823 55 22 hvad
639 829 45 15 som
700 823 149 27 bryggerierna
864 822 43 21 till-

79 850 69 28 verka,
163 851 70 21 skulle
248 857 51 15 vara
315 851 155 22 underkastadt
482 851 122 27 bevillning,
616 852 57 21 såväl
687 852 20 21 öl
718 858 44 15 som
775 851 131 26 svagdricka.

78 879 102 22 Deremot
203 879 68 22 skulle
294 879 53 22 efter
371 880 68 21 denna
455 880 125 27 författning
596 881 61 21 äfven
673 880 126 27 hembrygdt
814 880 20 20 öl
850 879 18 27 ej
885 879 22 21 få

77 907 83 26 aflåtas,
184 915 47 14 men
254 909 127 26 hembrygdt
403 909 127 26 svagdricka
554 909 68 21 skulle
638 909 65 26 enligt
718 909 59 20 detta
792 908 78 27 förslag
885 908 22 21 få

78 935 97 28 försäljas
197 937 39 20 och
258 937 30 21 fås
312 937 35 21 det
371 937 52 26 icke,
447 938 24 21 så
487 938 129 27 uppkomma
632 937 162 22 öfverträdelser
810 937 5 21 i
831 943 76 15 massa.

78 965 118 21 Arbetaren
220 965 68 22 måste
311 966 139 26 ovilkorligen
474 966 22 21 få
519 967 55 26 köpa
594 967 116 26 någonting
726 966 32 21 för
774 968 31 19 att
820 966 85 21 dermed

78 993 21 21 få
115 993 109 27 nedskölja
239 995 38 20 sitt
293 997 59 18 torra
368 995 59 25 bröd,
444 995 40 21 och
501 995 36 21 det
552 995 118 27 vanligaste
686 995 73 21 dervid
775 994 39 21 har
824 994 34 21 för
868 994 37 21 ho-

78 1028 49 15 nom
150 1022 76 21 hittills
248 1023 54 21 varit
324 1023 125 27 svagdricka
466 1024 66 26 jemte
549 1024 62 26 kalja.
643 1023 40 27 Jag
699 1023 67 22 skulle
782 1023 71 21 derför
868 1029 39 14 an-

78 1050 63 26 hålla,
166 1053 31 19 att
220 1051 40 21 den
277 1052 160 26 ifrågavarande
453 1052 162 26 bestämningen
630 1053 33 20 får
679 1053 84 25 gvarstä,
779 1051 127 21 oförändrad

78 1079 54 20 både
153 1079 33 20 för
209 1082 32 18 att
261 1080 122 21 underlätta
403 1080 125 22 arbetarnes
544 1080 24 21 lif
583 1080 39 21 och
638 1080 32 21 för
686 1082 32 19 att
734 1080 130 21 förekomma
880 1080 26 21 de

77 1107 77 27 många
170 1107 99 28 lagbrott,
285 1114 44 15 som
343 1108 61 27 eljest
419 1109 69 21 skulle
503 1110 136 25 uppkomma.

146 1176 83 21 Doktor
273 1177 167 21 Nordström:
472 1178 208 27 Kontraktsprosten
696 1177 106 27 Wegelius
817 1176 88 21 anförde

76 1205 32 21 till
131 1211 25 14 en
179 1205 40 27 del,
242 1205 54 21 hvad
315 1206 38 26 jag
368 1207 90 20 ämnade
474 1208 58 25 säga.
565 1207 74 21 Denna
655 1206 131 27 bestämning
802 1207 24 19 är
841 1205 64 20 fram-

76 1233 71 21 kallad
160 1234 45 26 just
220 1234 47 21 utaf
282 1234 25 21 de
323 1235 66 20 motiv
405 1241 43 14 som
466 1235 43 21 han
526 1235 93 21 anförde.
644 1235 110 21 Utskottet
767 1235 39 20 har
821 1234 85 26 mycket

75 1262 54 21 varit
152 1262 89 21 betänkt
262 1263 27 26 på
311 1265 32 18 att
366 1263 107 21 fastställa
490 1263 68 26 någon
574 1264 83 21 skilnad
673 1264 89 21 emellan
779 1263 126 26 hembrygdt

75 1291 126 26 svagdricka
218 1291 38 21 och
273 1291 126 28 hembrygdt
415 1291 26 26 öl,
458 1299 48 14 men
523 1292 39 21 har
578 1293 18 26 ej
612 1299 36 14 ens
664 1293 22 20 af
699 1295 73 24 expert
788 1292 81 20 kunnat
885 1291 20 21 få

75 1319 69 26 någon
167 1319 61 27 giltig
251 1319 142 28 begränsning
417 1321 46 20 dem
489 1321 97 21 emellan.
617 1321 41 21 Det
681 1323 24 19 är
727 1321 51 21 visst
797 1319 60 22 fallet
872 1323 33 18 att

74 1347 127 27 hembrygdt
217 1349 20 20 öl
254 1349 41 20 kan
312 1349 68 26 någon
395 1349 57 27 gång
467 1350 28 25 gå
511 1349 40 22 och
564 1350 56 26 gälla
630 1350 8 21 i
648 1350 71 21 stället
730 1349 32 21 för
772 1348 132 27 svagdricka,

75 1382 46 15 men
138 1378 38 25 att,
191 1377 70 21 såsom
277 1377 106 27 professor
399 1378 104 21 Forsman
519 1379 69 26 yrkat,
604 1378 116 21 bestämma
737 1378 71 26 priset,
820 1377 84 21 hvartill

74 1405 37 21 det
133 1404 38 21 bör
193 1405 71 26 säljas,
288 1406 36 21 det
347 1406 38 21 har
408 1407 19 26 ej
451 1407 107 21 utskottet
573 1407 82 21 kunnat
670 1413 50 15 anse
736 1413 50 15 vara
801 1405 103 28 lämpligt.

73 1433 42 21 Det
131 1435 24 19 är
170 1433 81 21 kanske
267 1434 78 26 följden
362 1435 23 21 af
399 1437 31 19 ett
446 1435 102 27 rikligare
564 1435 101 26 njutande
681 1436 22 21 af
718 1436 39 20 den
773 1434 131 26 hembrygda

73 1468 72 19 varan,
169 1468 45 15 som
237 1463 75 21 lättast
333 1463 70 21 kunde
425 1464 52 24 visa,
494 1464 104 21 huruvida
614 1464 122 21 densamma
751 1464 54 20 varit
821 1465 32 19 att
869 1462 35 21 be-

73 1490 72 22 trakta
160 1490 70 22 såsom
247 1490 20 22 öl
283 1492 51 20 eller
350 1492 132 26 svagdricka.
