1103 1803
223 142 42 21 648
438 147 162 17 Presteständet
612 148 57 16 1882.
693 148 27 17 23
732 152 62 12 mars.

195 216 71 21 skulle
289 216 64 21 hafva
375 215 68 22 blifvit
458 216 85 27 yrkadt,
560 218 34 20 att
608 216 313 27 konfirmandundervisningen
937 216 31 22 till
985 216 40 22 och

194 244 50 22 med
263 251 52 15 vore
330 244 107 27 obehöflig
453 245 32 21 för
500 251 103 20 personer
618 251 45 15 som
679 245 125 27 genomgätt
816 251 25 15 en
853 245 111 21 folkskola.
987 246 38 20 Att

197 275 31 19 ett
252 274 25 20 sä
299 273 89 21 absurdt
410 274 94 26 yrkande
528 273 7 21 i
560 274 61 20 detta
637 274 48 20 land
701 273 69 21 skulle
784 273 63 21 hafva
862 273 71 21 blifvit
947 273 78 27 gjordt,

195 302 110 21 förefaller
320 302 93 26 otroligt,
430 304 22 24 ty
468 308 33 15 om
518 308 25 15 en
560 302 46 21 elev
621 302 68 21 skulle
705 302 63 21 hafva
783 302 123 26 genomgått
921 302 40 21 den
973 302 52 21 allra

195 330 172 27 fullständigaste
391 331 55 24 kurs,
470 337 50 15 vare
543 331 31 25 sig
595 330 7 21 i
625 331 103 21 lärdoms-
750 331 52 21 eller
824 330 112 27 folkskola,
951 331 24 21 sä
990 332 35 19 vet

195 359 53 21 hvar
264 359 39 20 och
320 365 25 14 en
363 359 5 20 i
385 359 58 21 detta
458 359 74 25 Ständ,
548 361 33 19 att
596 358 135 22 konfirmand
741 359 177 26 undervisningen
934 359 39 21 har
987 360 37 20 sitt

195 393 54 21 egna
270 387 89 21 alldeles
382 387 131 26 oumbärliga
536 387 105 26 ändamäl,
663 387 39 22 och
724 388 42 21 kan
782 387 69 27 aldrig
865 394 75 20 genom
956 388 68 26 nägon

196 416 199 27 skolundervisning
410 418 61 24 göras
487 415 129 28 öfverflödig.

266 444 50 21 Men
332 444 77 27 mänga
425 445 45 20 skäl
483 445 44 20 tala
542 447 58 19 emot
612 447 83 25 pastors
706 445 181 26 själfskrifvenhet
897 445 5 20 i
912 445 111 21 folkskole-

198 473 141 21 direktionen.
370 473 40 27 Jag
426 473 41 21 kan
483 473 17 26 ej
518 473 56 21 finna
590 476 32 19 att
638 473 159 27 kristlighetens
813 474 102 20 intressen
932 474 6 20 i
951 473 74 22 skolan

197 502 123 26 derigenom
336 508 51 15 vore
403 501 30 22 als
449 502 115 25 bevakade,
581 503 81 26 knappt
678 509 42 20 nog
736 502 165 27 kyrklighetens.
912 503 53 26 Jag
975 502 50 21 skil-

195 531 33 26 jer
252 531 107 26 nämligen
383 531 38 20 här
443 530 90 22 emellan
558 531 121 26 kyrklighet
695 531 38 21 och
751 531 127 26 kristlighet.
908 531 30 21 Ar
952 533 73 24 pastor

197 559 156 26 genomträngd
369 559 22 21 af
405 559 197 21 kristendomsanda
618 559 39 21 och
673 560 22 20 af
709 560 75 20 kärlek
798 559 32 21 till
845 559 38 21 sitt
893 559 82 21 embete
986 559 39 21 och

198 588 31 20 sin
253 588 132 26 församling,
407 588 54 20 skall
483 587 41 21 han
541 594 41 20 nog
606 588 21 20 fä
649 588 122 21 förtroende
788 588 38 20 och
842 588 71 20 kunna
927 589 52 25 göra
993 588 32 20 sin

198 618 45 19 röst
259 616 54 20 hörd
328 616 60 20 äfven
405 616 6 20 i
427 616 291 27 folkskoleangelägenheter.
744 616 34 21 Då
793 616 65 26 några
874 616 65 21 talare
955 618 70 19 ansett

198 644 177 22 folskoleläraren
397 651 50 14 vara
463 646 5 20 i
484 647 55 18 stort
555 645 86 27 bryderi
657 645 48 21 med
722 645 100 21 afseende
838 646 12 19 å
867 644 108 22 bristande
991 651 35 20 pe-

199 673 116 27 dagogiska
330 673 89 27 insigter
434 673 38 21 hos
489 674 30 20 sin
536 674 122 26 omgifning,
675 673 75 21 såvida
766 674 41 20 han
824 673 46 21 icke
881 673 38 21 har
929 673 47 21 stöd
988 673 38 21 hos

199 704 93 24 presten,
313 702 24 20 så
361 702 38 20 har
420 702 36 26 jag
472 702 91 26 påpekat
578 705 32 18 att
628 702 58 21 detta
701 703 48 20 stöd
766 702 60 21 alltid
843 702 43 20 står
901 701 77 21 honom
995 701 31 21 till

199 730 61 25 buds,
284 736 49 15 vare
356 730 32 27 sig
411 732 32 19 att
461 733 84 24 presten
562 730 61 27 ingår
638 731 70 20 såsom
725 730 90 21 medlem
831 731 6 20 i
854 729 172 22 folkskoledirek-

200 759 73 20 tionen
297 759 52 20 eller
364 759 52 21 icke,
433 765 46 15 men
496 759 49 21 ville
561 759 71 21 dertill
648 759 95 26 tillägga,
760 761 32 18 att
808 759 60 20 dessa
883 759 144 26 pedagogiska

200 787 90 27 insigter
311 787 140 21 öfverhufvud
467 788 6 20 i
489 787 46 21 vårt
551 787 57 25 land,
624 794 49 14 vare
689 788 32 25 sig
737 787 64 21 bland
818 787 83 21 klerker
917 787 51 21 eller
984 787 43 20 lek-

199 818 56 23 män,
272 816 46 21 icke
334 818 37 19 äro
388 816 23 21 så
426 817 131 26 synnerligen
574 816 88 21 allmänt
677 817 113 24 utbredda,
806 816 22 20 så
844 818 32 19 att
891 815 61 21 äfven
969 815 58 21 detta

200 845 46 20 skäl
271 844 32 21 för
327 845 38 20 den
390 844 160 26 ifrågavarande
575 845 116 26 petitionen
707 845 25 20 af
746 845 42 26 mig
803 845 45 20 icke
864 844 41 21 kan
921 845 27 25 på
963 844 64 26 något

199 875 44 19 sätt
258 873 132 26 godkännas.
421 873 77 21 Skolan
515 875 23 18 är
554 873 121 26 visserligen
693 873 92 27 kvrkans
802 873 76 23 dotter,
894 872 69 21 såsom
979 873 48 26 kyr-

200 901 109 22 koherden
324 902 101 21 Järvinen
435 902 123 26 framhållit,
570 902 127 21 åtminstone
709 902 127 25 folkskolan,
849 901 44 25 och,
906 901 67 21 såsom
985 901 42 21 han

201 931 58 23 sade,
280 932 24 19 är
327 931 64 20 också
414 931 5 20 i
443 931 67 20 denna
531 931 63 20 stund
616 931 185 20 småbarnsskolan
819 930 91 27 kyrkans
926 930 101 26 egendom

200 959 39 21 och
262 959 121 21 folkskolan
406 959 91 27 kyrkans
522 959 76 24 dotter,
621 959 72 22 såvida
716 966 26 14 en
766 959 77 25 dotter,
858 965 45 14 som
919 959 46 26 gått
980 958 48 21 bort

200 988 47 20 från
265 988 92 20 hemmet
372 988 39 21 och
428 988 88 21 kommit
532 988 5 20 i
554 994 41 20 nya
610 987 152 26 förhållanden,
779 989 55 19 ännu
848 987 75 21 fortfar
935 989 31 19 att
978 993 50 15 vara

201 1017 78 20 dotter.
311 1017 31 20 De
364 1017 37 20 råd
425 1017 39 20 och
488 1017 79 20 lefnads
590 1017 107 23 maximer,
720 1017 88 20 framför
830 1015 38 22 allt
889 1016 26 21 de
931 1016 98 26 religiösa

201 1045 146 26 grundsatser,
370 1045 71 20 hvilka
456 1046 68 20 denna
541 1045 70 21 dotter
626 1045 40 21 fått
681 1045 23 20 af
718 1045 31 21 sin
766 1045 80 23 moder,
864 1043 71 22 tillhör
951 1045 34 20 det
1000 1051 29 13 nu

201 1074 82 25 kyrkan
308 1076 31 18 att
361 1079 76 20 genom
460 1074 32 19 sin
516 1074 120 26 inspektion
660 1073 131 21 fortfarande
807 1072 150 27 upprätthålla.
987 1073 42 26 Jag

199 1103 70 19 sätter
291 1103 44 19 stor
358 1102 43 26 vigt
425 1102 32 20 vid
480 1102 68 21 denna
571 1104 84 24 pastors
678 1102 120 26 inspektion
822 1101 58 20 öfver
896 1101 133 24 folkskolan;

199 1130 68 21 måtte
291 1131 41 20 den
355 1130 84 21 utöfvas
461 1130 63 27 flitigt
548 1130 39 21 och
604 1131 5 20 i
627 1131 38 20 den
684 1133 56 18 rätta
756 1131 76 24 andan,
850 1142 27 2 —
893 1129 26 21 då
935 1132 44 19 tror
993 1130 36 26 jag

200 1161 32 18 att
249 1159 69 27 någon
334 1159 131 26 lagstiftning
482 1159 38 21 här
534 1159 46 21 icke
596 1161 24 19 är
635 1159 105 26 påkallad.
772 1159 92 20 Fruktar
880 1164 49 15 man
944 1158 32 21 för
992 1159 37 20 de-

200 1187 106 21 struktiva
322 1188 118 25 tendenser,
456 1194 43 15 som
516 1189 104 25 genomgå
635 1188 36 21 vår
687 1188 38 25 tid,
742 1187 26 21 då
784 1187 101 21 behöfves
897 1187 36 20 det
943 1193 85 15 sanner-

199 1216 56 25 ligen
278 1216 71 21 bättre
372 1216 67 27 skydd
461 1216 33 21 för
510 1216 120 21 folkskolan
646 1219 26 18 än
689 1217 59 20 detta
763 1216 6 20 i
786 1216 31 25 sig
832 1215 49 26 själf
895 1221 64 20 svaga
975 1215 54 24 stöd,

199 1247 33 18 att
256 1245 147 26 kyrkoherden
424 1245 59 26 ingår
498 1245 68 21 såsom
584 1245 88 21 medlem
689 1245 5 20 i
711 1244 256 21 folkskole-direktionen.
997 1244 31 26 Ty

199 1273 74 27 hvarje
296 1273 60 21 skola
379 1273 63 21 beror
464 1274 22 20 af
507 1273 90 26 läraren,
623 1274 38 21 och
679 1274 38 26 jag
732 1273 74 25 skulle,
824 1273 5 20 i
845 1273 35 20 fall
897 1279 26 14 en
939 1273 89 26 petition

199 1307 51 15 vore
266 1301 70 26 nödig,
353 1302 81 21 hvilket
450 1309 27 14 nu
492 1302 46 21 icke
554 1304 23 19 är
592 1302 69 23 fallet,
677 1302 129 27 petitionera
823 1307 33 15 om
868 1303 32 19 att
913 1301 26 21 de
949 1303 80 19 största

200 1330 85 27 möjliga
308 1331 108 26 garantier
438 1331 64 20 måtte
526 1331 74 21 ställas
623 1331 33 20 för
679 1333 31 18 att
734 1331 25 20 de
783 1332 55 22 män,
859 1335 44 15 som
920 1329 62 22 hafva
997 1332 32 18 att

199 1359 68 20 fostra
283 1359 78 21 folkets
377 1359 58 25 barn,
450 1360 6 19 i
472 1360 152 20 seminarierna
640 1360 66 20 måtte
723 1359 20 21 få
759 1365 26 14 en
801 1359 65 21 sådan
884 1358 100 26 bildning,
997 1362 32 17 att

199 1388 6 19 i
229 1388 62 20 deras
314 1388 99 26 kristliga
437 1389 101 20 karaktär
557 1388 40 21 och
613 1389 62 20 deras
690 1387 146 27 pedagogiska
851 1387 95 25 bildning
961 1387 68 20 finnes

199 1422 26 15 en
249 1416 79 26 borgen
352 1416 33 21 för
406 1419 32 18 att
453 1417 73 20 skolan
542 1417 38 26 går
596 1417 5 20 i
618 1417 40 20 den
674 1419 58 18 rätta
748 1417 127 25 riktningen.
905 1415 43 21 För
964 1415 65 26 öfrigt

198 1444 40 21 har
259 1445 37 26 jag
320 1444 64 21 redan
409 1445 115 21 framhållit
546 1448 33 18 att
602 1445 48 26 föga
669 1451 59 15 mera
743 1446 7 20 i
765 1445 65 20 saken
847 1444 41 21 kan
905 1445 67 25 göras,
990 1443 38 21 och

198 1473 126 27 godkänner
337 1473 37 26 jag
390 1473 81 21 derföre
488 1474 115 21 utskottets
619 1474 141 20 betänkande.
