1103 1803
319 138 163 18 Presteståndet
494 139 56 17 1882.
575 139 23 17 31
611 143 61 13 mars.
839 134 41 21 693

81 207 86 21 kasiner
189 206 109 27 (scolapax
313 206 76 28 major)
406 207 56 20 varit
478 206 84 28 fridlyst
577 206 69 22 skulle
661 208 27 20 de
703 207 6 21 i
725 208 48 20 vårt
788 208 49 20 land
852 208 57 21 före-

81 235 127 22 kommande
224 237 77 19 tvänne
316 236 136 20 återstående
469 235 81 21 mindre
566 237 86 19 arterna
667 236 61 21 äfven
741 236 103 26 fridlysas.
868 236 42 26 Jag

81 264 40 21 kan
147 264 18 26 ej
187 263 60 26 neka,
263 266 32 18 att
311 264 40 21 den
367 270 46 15 som
429 264 75 27 umgås
520 264 48 20 med
581 264 47 27 jagt
644 264 39 21 och
699 264 119 27 djurfångst
834 264 75 21 härvid

80 292 41 22 har
142 293 59 20 svårt
221 294 32 19 att
275 292 57 22 hålla
353 292 42 27 god
417 294 48 19 min.
497 293 41 21 Det
557 294 24 20 är
596 293 107 25 nämligen
719 292 59 22 fallet
794 295 31 19 att
840 292 69 22 öfver-

81 321 139 26 hufvudtaget
243 320 171 27 beckasinjagten
435 321 47 21 icke
498 323 62 24 utgör
576 321 69 27 någon
661 321 128 27 folknäring,
805 324 23 24 ty
843 322 66 26 några

81 350 81 21 sådana
178 353 44 17 tror
235 349 36 26 jag
287 350 81 26 knappt
383 350 63 20 hafva
462 350 69 20 blifvit
547 350 116 26 torgförda.
689 350 43 21 Det
748 352 23 19 är
782 350 75 21 endast
868 350 40 21 den

81 377 105 27 egentlige
207 378 95 27 jägaren,
327 384 44 15 som
396 378 107 21 bedrifver
525 378 69 21 denna
608 378 51 27 jagt.
691 379 46 20 Den
754 380 78 19 största
848 380 60 19 arten

81 407 42 20 kan
140 407 68 26 någon
224 407 55 26 gång
294 406 82 27 skjutas
392 406 140 27 händelsevis,
548 413 48 15 men
613 407 58 21 detta
688 409 24 18 är
727 407 105 27 knappast
848 407 60 21 fallet

81 435 48 21 med
146 435 25 21 de
187 435 77 21 minsta
286 437 91 24 arterna,
394 435 47 21 utaf
455 435 72 21 hvilka
543 435 40 21 den
600 436 78 21 minsta
694 437 24 19 är
733 435 49 26 föga
797 438 68 19 större
881 437 26 19 än

82 470 25 15 en
123 463 63 27 sparf.
216 464 67 21 Dessa
305 464 126 21 beckasiner
453 463 103 28 påträffas
579 464 75 21 endast
671 465 28 26 på
714 465 84 23 ställen,
814 465 37 20 der
867 465 40 20 den

81 492 46 21 icke
149 492 24 21 så
195 492 39 21 lätt
255 493 42 20 kan
317 493 118 26 upptäckas
456 495 51 18 utan
531 493 174 26 rapphönshund.
735 493 43 21 Det
792 495 24 19 är
831 493 76 20 visser-

80 521 56 27 ligen
161 523 30 19 ett
213 523 54 19 stort
291 521 47 26 nöje
355 524 32 19 att
403 521 51 21 fälla
470 521 47 26 den,
533 527 48 15 men
597 521 56 21 hvad
669 522 48 21 dess
733 521 123 27 skyddande
873 522 34 20 be-

81 549 79 26 träffar,
183 549 23 22 så
228 549 101 22 behöfver
352 551 40 20 den
416 550 134 26 sannerligen
573 550 46 21 icke
642 556 76 20 genom
740 551 167 26 lagstadganden

80 578 85 26 räddas,
189 580 22 24 ty
234 578 39 21 den
289 578 79 22 förstår
383 581 32 19 att
431 578 49 26 själf
494 578 82 26 ganska
591 579 33 20 väl
641 579 81 27 skydda
738 579 38 27 sig.
806 578 41 27 Jag
862 581 46 18 tror

80 606 83 22 således
184 609 31 19 att
239 607 67 21 denna
325 607 123 26 förändring
470 607 46 21 icke
538 609 23 19 är
576 607 23 21 af
613 608 40 20 den
669 607 51 27 vigt,
736 610 32 18 att
784 607 38 21 den
839 607 68 21 skulle

80 635 73 21 kunna
168 635 101 21 motivera
286 636 59 20 detta
360 635 120 27 lagförslag.
506 636 62 20 Hvad
584 636 46 21 åter
643 635 101 22 beträffar
754 636 26 21 de
793 636 113 27 djurarter,

80 670 45 15 som
149 664 62 21 hafva
234 664 69 21 blifvit
323 664 62 21 förda
401 664 33 21 till
450 664 116 27 rofdjuren,
583 664 133 22 förekomma
732 664 36 22 der
784 664 123 27 visserligen

80 693 139 26 uppräknade
234 699 25 15 en
276 693 34 21 hel
326 693 49 27 hop,
391 699 48 15 men
453 693 37 27 jag
505 693 63 21 utber
583 694 42 26 mig
640 695 32 19 att
688 694 6 20 i
711 694 59 20 detta
785 693 36 21 fall
837 693 21 21 få
870 700 36 14 an-

80 721 81 26 märka,
185 724 32 18 att
239 722 35 20 det
297 723 24 19 är
342 721 99 27 temligen
464 722 101 26 likgiltigt
581 728 33 15 om
631 722 61 21 dessa
708 722 48 26 djur
772 722 112 20 betecknas
901 722 5 20 i

80 749 34 27 lag
137 750 68 21 såsom
226 750 81 26 rofdjur
323 750 50 21 eller
389 751 70 20 såsom
475 750 78 21 sådane
570 751 54 26 djur,
640 750 84 21 hvilkas
740 750 96 21 dödande
852 750 55 21 afses

80 778 52 21 eller
155 779 31 20 till
209 779 39 20 den
271 779 67 26 tredje
362 779 118 26 kategorin,
503 785 45 14 som
570 779 95 21 befinner
681 779 31 26 sig
727 779 24 21 så
766 781 32 18 att
813 780 50 25 säga
879 779 28 26 på

80 807 93 21 neutralt
194 807 93 26 område,
309 810 22 24 ty
352 807 35 22 det
403 807 44 22 står
463 807 52 21 hvar
532 807 38 22 och
587 814 25 15 en
628 807 47 21 fritt
690 809 33 19 att
738 807 50 21 fälla
804 807 38 21 och
856 807 50 27 jaga

80 835 61 22 dessa
157 836 47 26 djur
220 836 84 21 hvilken
321 836 30 21 tid
367 837 41 20 han
425 836 94 26 behagar
534 836 39 21 och
590 837 70 20 sävidt
671 836 41 21 han
724 836 85 21 förmår.
834 835 72 22 Skulle

80 864 35 21 det
138 871 50 14 vara
210 864 59 27 fråga
290 871 33 14 om
346 867 32 19 att
399 871 25 14 ur
445 865 148 27 vetenskaplig
615 865 108 27 synpunkt
738 865 70 20 indela
824 864 81 26 djuren,

79 899 50 14 vore
145 893 36 21 det
196 894 30 20 uti
243 894 39 20 den
297 894 71 26 gamla
391 893 61 26 lagen
469 894 75 21 liksom
561 894 31 20 uti
608 894 36 21 det
659 900 41 20 nya
715 893 102 26 förslaget
832 893 73 21 åtskil-

80 921 37 27 ligt
139 923 32 20 att
193 922 108 26 anmärka,
321 929 47 14 men
389 922 77 21 sådant
481 923 41 20 kan
539 922 39 21 här
592 922 47 21 icke
655 922 85 21 komma
756 922 6 21 i
778 922 65 27 fråga.
873 921 33 22 De

79 950 54 27 djur,
149 956 44 15 som
210 951 36 20 det
262 957 40 21 nya
318 951 136 26 lagförslaget
471 953 104 24 upptager
591 951 68 21 såsom
675 951 98 26 skadliga
788 953 46 18 äro:
850 949 55 27 katt,

78 981 64 23 utter,
166 979 49 26 falk,
238 979 73 24 kråka,
334 980 63 21 skata
420 979 39 22 och
483 979 120 26 nötskrika;
620 979 33 21 till
669 980 62 21 dessa
746 979 39 21 har
800 979 105 21 utskottet

78 1007 124 26 ytterligare
218 1008 45 26 lagt
278 1008 123 27 lafskrikan,
417 1008 85 21 hvilken
521 1008 55 26 fågel
587 1008 129 21 åtminstone
728 1007 80 22 hälften
820 1007 22 22 af
851 1007 54 27 dem,

79 1042 45 15 som
141 1037 51 20 bära
207 1036 63 21 bössa
286 1037 38 21 och
340 1037 69 21 kallas
427 1037 74 26 jägare
516 1037 46 20 icke
575 1037 86 21 känner.
694 1037 42 20 Det
751 1038 23 19 är
790 1040 50 17 utan
856 1035 49 21 tvif-

80 1064 32 21 vel
136 1064 59 21 fallet
218 1068 31 17 att
272 1066 101 20 kattorna
388 1065 71 21 kunna
475 1067 52 24 göra
542 1066 84 25 mycket
643 1066 58 23 ondt,
718 1071 47 15 men
781 1067 32 18 att
828 1070 76 20 genom

79 1099 24 14 en
120 1092 96 22 bestämd
232 1093 34 27 lag
281 1094 94 21 förklara
392 1094 47 20 dem
455 1093 33 21 för
503 1093 116 22 hemfallna
634 1094 22 20 åt
673 1093 75 26 döden,
760 1093 108 20 hvarhelst
878 1093 26 20 de

79 1121 6 20 i
100 1121 79 27 skogen
203 1121 80 27 träffas,
306 1123 61 20 torde
384 1122 53 21 dock
453 1129 51 14 vara
520 1129 25 14 en
562 1122 109 26 betänklig
687 1122 44 21 sak.
762 1122 32 21 De
810 1123 36 19 äro
862 1121 42 21 vis-

79 1150 90 27 serligen
189 1151 120 26 skadedjur,
325 1157 47 15 men
388 1151 119 26 lyckligtvis
524 1153 44 18 tror
581 1151 37 26 jag
634 1151 53 20 dock
702 1151 53 24 icke,
770 1152 33 19 att
818 1150 24 21 så
856 1155 47 22 syn-

79 1179 94 26 nerligen
196 1179 73 27 många
295 1180 22 21 af
338 1180 46 21 dem
406 1179 107 22 förvildas.
544 1179 61 21 Hvad
622 1179 100 21 beträffar
738 1181 76 23 uttern,
831 1178 23 21 så
869 1181 35 18 vet

79 1207 52 20 hvar
154 1207 39 22 och
215 1214 25 15 en
263 1210 32 19 att
315 1209 72 26 jagten
404 1209 27 26 på
447 1209 59 20 detta
522 1208 46 27 djur
583 1208 46 21 icke
646 1208 126 21 bestämmes
788 1207 64 25 deraf,
870 1213 33 15 om

78 1235 36 21 det
137 1242 60 15 anses
220 1236 33 21 för
274 1236 81 27 rofdjur
378 1237 51 20 eller
450 1237 53 23 icke,
520 1240 51 17 utan
587 1237 45 20 helt
647 1236 72 21 enkelt
735 1237 22 20 af
772 1236 46 21 dess
834 1235 67 21 skinn.

78 1264 47 21 Den
143 1265 62 26 jagas
225 1265 38 21 der
284 1266 40 21 den
345 1265 150 26 förekommer,
518 1271 48 15 men
583 1265 59 21 detta
657 1267 24 19 är
696 1267 72 24 tyvärr
782 1264 46 21 icke
843 1264 60 21 fallet

77 1293 28 25 på
120 1293 23 20 så
159 1293 86 22 alldeles
268 1295 77 25 många
360 1294 88 21 trakter.
479 1295 62 20 Hvad
557 1294 46 21 åter
619 1295 65 25 angår
700 1294 25 20 de
741 1293 105 27 egentlige
862 1293 41 21 rof-

78 1320 101 28 fåglarne,
200 1323 143 21 förekommer
364 1323 123 26 visserligen
508 1323 70 20 falken
594 1323 46 20 icke
656 1322 125 27 uppräknad
797 1321 64 21 bland
877 1321 26 22 de

76 1350 105 27 egentlige
204 1351 126 27 roffåglarne
350 1352 6 20 i
378 1358 28 14 nu
428 1351 100 28 gällande
548 1352 43 25 lag;
615 1351 79 21 hvilket
718 1357 24 15 ur
757 1349 146 28 vetenskaplig

76 1379 108 27 synpunkt
207 1380 67 21 skulle
297 1381 60 20 detta
381 1387 50 14 vara
447 1383 32 18 ett
495 1380 83 27 mycket
594 1382 54 19 stort
663 1379 34 26 fel,
714 1382 22 24 ty
751 1379 70 21 falken
837 1380 24 19 är
877 1385 25 14 en

76 1407 65 22 bland
157 1408 26 21 de
198 1409 94 21 svåraste
307 1409 135 26 roffoglarze,
459 1411 40 19 den
515 1408 66 27 flyger
596 1409 102 20 snabbast
709 1408 39 21 och
759 1410 23 19 är
794 1406 108 27 djerfvast.

77 1436 48 21 Men
149 1436 26 21 då
199 1438 35 20 det
251 1437 74 21 blifver
347 1437 60 27 fråga
431 1444 33 14 om
488 1444 25 14 en
530 1437 34 26 lag
579 1437 66 21 sådan
661 1443 45 14 som
724 1437 74 25 denna,
815 1437 23 19 är
854 1436 48 20 dess

76 1465 149 21 utelemnande
241 1466 22 20 af
276 1466 62 26 ingen
355 1466 115 27 betydelse,
487 1468 22 24 ty
525 1466 71 21 falken
612 1467 24 19 är
651 1466 7 20 i
675 1465 35 21 det
726 1465 106 21 allmänna
845 1464 56 20 med-

74 1494 101 20 vetandet
198 1495 118 21 detsamma
339 1500 44 16 som
407 1494 50 21 hök.
488 1494 136 21 Beträffande
643 1494 77 21 vråken
737 1494 35 20 vill
786 1493 37 27 jag
838 1492 63 21 fram-

75 1522 64 26 hålla,
163 1525 32 19 att
218 1523 40 21 den
281 1529 62 15 anses
359 1523 6 21 i
381 1523 117 21 allmänhet
518 1524 69 20 såsom
603 1522 87 27 roffågel
706 1522 39 22 och
760 1522 62 21 fälles
838 1520 63 22 också
