<?xml version="1.0" encoding="UTF-8"?>
<alto xmlns="http://www.loc.gov/standards/alto/ns-v3#" xmlns:xlink="http://www.w3.org/1999/xlink" xmlns:xsi="http://www.w3.org/2001/XMLSchema-instance" xsi:schemaLocation="http://www.loc.gov/standards/alto/ns-v3# http://www.loc.gov/alto/v3/alto-3-0.xsd">
	<Description>
		<MeasurementUnit>pixel</MeasurementUnit>
		<sourceImageInformation>
			<fileName>/tmp/tess_khd8gkh__input.PNG</fileName>
		</sourceImageInformation>
		<OCRProcessing ID="OCR_0">
			<ocrProcessingStep>
				<processingSoftware>
					<softwareName>tesseract 5.3.4</softwareName>
				</processingSoftware>
			</ocrProcessingStep>
		</OCRProcessing>
	</Description>
	<Layout>
		<Page WIDTH="1103" HEIGHT="1803" PHYSICAL_IMG_NR="0" ID="page_0">
			<PrintSpace HPOS="0" VPOS="0" WIDTH="1103" HEIGHT="1803">
				<ComposedBlock ID="cblock_0" HPOS="225" VPOS="137" WIDTH="548" HEIGHT="26">
					<TextBlock ID="block_0" HPOS="225" VPOS="137" WIDTH="548" HEIGHT="26">
						<TextLine ID="line_0" HPOS="225" VPOS="137" WIDTH="548" HEIGHT="26">
							<String ID="string_0" HPOS="225" VPOS="137" WIDTH="54" HEIGHT="21" WC="0.87" CONTENT="1052"/><SP WIDTH="165" VPOS="137" HPOS="279"/>
							<String ID="string_1" HPOS="444" VPOS="142" WIDTH="162" HEIGHT="18" WC="0.92" CONTENT="Presteståndet"/><SP WIDTH="11" VPOS="142" HPOS="606"/>
							<String ID="string_2" HPOS="617" VPOS="143" WIDTH="59" HEIGHT="17" WC="0.94" CONTENT="1882."/><SP WIDTH="24" VPOS="143" HPOS="676"/>
							<String ID="string_3" HPOS="700" VPOS="144" WIDTH="14" HEIGHT="16" WC="0.96" CONTENT="4"/><SP WIDTH="12" VPOS="144" HPOS="714"/>
							<String ID="string_4" HPOS="726" VPOS="143" WIDTH="47" HEIGHT="20" WC="0.96" CONTENT="maj."/>
						</TextLine>
					</TextBlock>
				</ComposedBlock>
				<ComposedBlock ID="cblock_1" HPOS="195" VPOS="210" WIDTH="832" HEIGHT="1078">
					<TextBlock ID="block_1" HPOS="195" VPOS="210" WIDTH="829" HEIGHT="343">
						<TextLine ID="line_1" HPOS="195" VPOS="210" WIDTH="828" HEIGHT="28">
							<String ID="string_5" HPOS="195" VPOS="212" WIDTH="124" HEIGHT="26" WC="0.96" CONTENT="visserligen"/><SP WIDTH="17" VPOS="212" HPOS="319"/>
							<String ID="string_6" HPOS="336" VPOS="214" WIDTH="31" HEIGHT="18" WC="0.95" CONTENT="att"/><SP WIDTH="16" VPOS="214" HPOS="367"/>
							<String ID="string_7" HPOS="383" VPOS="218" WIDTH="54" HEIGHT="18" WC="0.95" CONTENT="man,"/><SP WIDTH="15" VPOS="218" HPOS="437"/>
							<String ID="string_8" HPOS="452" VPOS="218" WIDTH="33" HEIGHT="14" WC="0.93" CONTENT="om"/><SP WIDTH="19" VPOS="218" HPOS="485"/>
							<String ID="string_9" HPOS="504" VPOS="212" WIDTH="200" HEIGHT="26" WC="0.92" CONTENT="bankfullmäktiges"/><SP WIDTH="17" VPOS="212" HPOS="704"/>
							<String ID="string_10" HPOS="721" VPOS="212" WIDTH="56" HEIGHT="21" WC="0.96" CONTENT="antal"/><SP WIDTH="17" VPOS="212" HPOS="777"/>
							<String ID="string_11" HPOS="794" VPOS="217" WIDTH="50" HEIGHT="15" WC="0.94" CONTENT="vore"/><SP WIDTH="16" VPOS="217" HPOS="844"/>
							<String ID="string_12" HPOS="860" VPOS="213" WIDTH="71" HEIGHT="21" WC="0.96" CONTENT="större,"/><SP WIDTH="12" VPOS="213" HPOS="931"/>
							<String ID="string_13" HPOS="943" VPOS="210" WIDTH="33" HEIGHT="20" WC="0.96" CONTENT="vid"/><SP WIDTH="13" VPOS="210" HPOS="976"/>
							<String ID="string_14" HPOS="989" VPOS="210" WIDTH="34" HEIGHT="20" WC="0.96" CONTENT="val"/>
						</TextLine>
						<TextLine ID="line_2" HPOS="195" VPOS="238" WIDTH="828" HEIGHT="29">
							<String ID="string_15" HPOS="195" VPOS="241" WIDTH="21" HEIGHT="19" WC="0.93" CONTENT="af"/><SP WIDTH="25" VPOS="241" HPOS="216"/>
							<String ID="string_16" HPOS="241" VPOS="240" WIDTH="191" HEIGHT="27" WC="0.91" CONTENT="bankfullmäktige"/><SP WIDTH="25" VPOS="240" HPOS="432"/>
							<String ID="string_17" HPOS="457" VPOS="240" WIDTH="68" HEIGHT="21" WC="0.96" CONTENT="skulle"/><SP WIDTH="24" VPOS="240" HPOS="525"/>
							<String ID="string_18" HPOS="549" VPOS="240" WIDTH="71" HEIGHT="20" WC="0.96" CONTENT="kunna"/><SP WIDTH="24" VPOS="240" HPOS="620"/>
							<String ID="string_19" HPOS="644" VPOS="243" WIDTH="47" HEIGHT="24" WC="0.96" CONTENT="taga"/><SP WIDTH="27" VPOS="243" HPOS="691"/>
							<String ID="string_20" HPOS="718" VPOS="247" WIDTH="56" HEIGHT="15" WC="0.96" CONTENT="mera"/><SP WIDTH="22" VPOS="247" HPOS="774"/>
							<String ID="string_21" HPOS="796" VPOS="240" WIDTH="83" HEIGHT="27" WC="0.96" CONTENT="hänsyn"/><SP WIDTH="18" VPOS="240" HPOS="879"/>
							<String ID="string_22" HPOS="897" VPOS="239" WIDTH="32" HEIGHT="21" WC="0.96" CONTENT="till"/><SP WIDTH="16" VPOS="239" HPOS="929"/>
							<String ID="string_23" HPOS="945" VPOS="238" WIDTH="78" HEIGHT="21" WC="0.96" CONTENT="sådana"/>
						</TextLine>
						<TextLine ID="line_3" HPOS="195" VPOS="268" WIDTH="829" HEIGHT="28">
							<String ID="string_24" HPOS="195" VPOS="269" WIDTH="89" HEIGHT="26" WC="0.92" CONTENT="insigter"/><SP WIDTH="23" VPOS="269" HPOS="284"/>
							<String ID="string_25" HPOS="307" VPOS="270" WIDTH="38" HEIGHT="20" WC="0.96" CONTENT="och"/><SP WIDTH="25" VPOS="270" HPOS="345"/>
							<String ID="string_26" HPOS="370" VPOS="270" WIDTH="136" HEIGHT="26" WC="0.96" CONTENT="egenskaper,"/><SP WIDTH="21" VPOS="270" HPOS="506"/>
							<String ID="string_27" HPOS="527" VPOS="269" WIDTH="71" HEIGHT="21" WC="0.96" CONTENT="hvilka"/><SP WIDTH="21" VPOS="269" HPOS="598"/>
							<String ID="string_28" HPOS="619" VPOS="275" WIDTH="49" HEIGHT="14" WC="0.96" CONTENT="man"/><SP WIDTH="24" VPOS="275" HPOS="668"/>
							<String ID="string_29" HPOS="692" VPOS="269" WIDTH="79" HEIGHT="21" WC="0.94" CONTENT="önskar"/><SP WIDTH="22" VPOS="269" HPOS="771"/>
							<String ID="string_30" HPOS="793" VPOS="275" WIDTH="22" HEIGHT="14" WC="0.95" CONTENT="se"/><SP WIDTH="24" VPOS="275" HPOS="815"/>
							<String ID="string_31" HPOS="839" VPOS="269" WIDTH="37" HEIGHT="20" WC="0.96" CONTENT="hos"/><SP WIDTH="20" VPOS="269" HPOS="876"/>
							<String ID="string_32" HPOS="896" VPOS="268" WIDTH="45" HEIGHT="20" WC="0.93" CONTENT="sina"/><SP WIDTH="17" VPOS="268" HPOS="941"/>
							<String ID="string_33" HPOS="958" VPOS="268" WIDTH="66" HEIGHT="20" WC="0.91" CONTENT="bank-"/>
						</TextLine>
						<TextLine ID="line_4" HPOS="195" VPOS="296" WIDTH="829" HEIGHT="28">
							<String ID="string_34" HPOS="195" VPOS="297" WIDTH="133" HEIGHT="27" WC="0.92" CONTENT="fullmägtige"/><SP WIDTH="19" VPOS="297" HPOS="328"/>
							<String ID="string_35" HPOS="347" VPOS="299" WIDTH="177" HEIGHT="25" WC="0.96" CONTENT="representerade,"/><SP WIDTH="17" VPOS="299" HPOS="524"/>
							<String ID="string_36" HPOS="541" VPOS="304" WIDTH="47" HEIGHT="14" WC="0.96" CONTENT="men"/><SP WIDTH="17" VPOS="304" HPOS="588"/>
							<String ID="string_37" HPOS="605" VPOS="298" WIDTH="111" HEIGHT="26" WC="0.95" CONTENT="ingenting"/><SP WIDTH="16" VPOS="298" HPOS="716"/>
							<String ID="string_38" HPOS="732" VPOS="304" WIDTH="64" HEIGHT="20" WC="0.96" CONTENT="synes"/><SP WIDTH="15" VPOS="304" HPOS="796"/>
							<String ID="string_39" HPOS="811" VPOS="298" WIDTH="23" HEIGHT="26" WC="0.93" CONTENT="ju"/><SP WIDTH="16" VPOS="298" HPOS="834"/>
							<String ID="string_40" HPOS="850" VPOS="296" WIDTH="129" HEIGHT="27" WC="0.91" CONTENT="ådagalägga"/><SP WIDTH="14" VPOS="296" HPOS="979"/>
							<String ID="string_41" HPOS="993" VPOS="298" WIDTH="31" HEIGHT="18" WC="0.96" CONTENT="att"/>
						</TextLine>
						<TextLine ID="line_5" HPOS="196" VPOS="325" WIDTH="828" HEIGHT="28">
							<String ID="string_42" HPOS="196" VPOS="326" WIDTH="52" HEIGHT="20" WC="0.94" CONTENT="brist"/><SP WIDTH="25" VPOS="326" HPOS="248"/>
							<String ID="string_43" HPOS="273" VPOS="326" WIDTH="26" HEIGHT="27" WC="0.94" CONTENT="på"/><SP WIDTH="22" VPOS="326" HPOS="299"/>
							<String ID="string_44" HPOS="321" VPOS="326" WIDTH="133" HEIGHT="27" WC="0.93" CONTENT="nödvändiga"/><SP WIDTH="21" VPOS="326" HPOS="454"/>
							<String ID="string_45" HPOS="475" VPOS="326" WIDTH="88" HEIGHT="26" WC="0.91" CONTENT="insigter"/><SP WIDTH="23" VPOS="326" HPOS="563"/>
							<String ID="string_46" HPOS="586" VPOS="327" WIDTH="38" HEIGHT="19" WC="0.96" CONTENT="och"/><SP WIDTH="20" VPOS="327" HPOS="624"/>
							<String ID="string_47" HPOS="644" VPOS="326" WIDTH="132" HEIGHT="27" WC="0.96" CONTENT="egenskaper"/><SP WIDTH="15" VPOS="326" HPOS="776"/>
							<String ID="string_48" HPOS="791" VPOS="326" WIDTH="38" HEIGHT="20" WC="0.93" CONTENT="har"/><SP WIDTH="14" VPOS="326" HPOS="829"/>
							<String ID="string_49" HPOS="843" VPOS="325" WIDTH="127" HEIGHT="21" WC="0.91" CONTENT="förefunnits"/><SP WIDTH="16" VPOS="325" HPOS="970"/>
							<String ID="string_50" HPOS="986" VPOS="325" WIDTH="38" HEIGHT="20" WC="0.96" CONTENT="hos"/>
						</TextLine>
						<TextLine ID="line_6" HPOS="195" VPOS="354" WIDTH="827" HEIGHT="27">
							<String ID="string_51" HPOS="195" VPOS="354" WIDTH="62" HEIGHT="21" WC="0.92" CONTENT="desse"/><SP WIDTH="23" VPOS="354" HPOS="257"/>
							<String ID="string_52" HPOS="280" VPOS="356" WIDTH="12" HEIGHT="18" WC="0.89" CONTENT="4"/><SP WIDTH="20" VPOS="356" HPOS="292"/>
							<String ID="string_53" HPOS="312" VPOS="354" WIDTH="132" HEIGHT="27" WC="0.89" CONTENT="fullmägtige"/><SP WIDTH="16" VPOS="354" HPOS="444"/>
							<String ID="string_54" HPOS="460" VPOS="355" WIDTH="53" HEIGHT="20" WC="0.96" CONTENT="efter"/><SP WIDTH="16" VPOS="355" HPOS="513"/>
							<String ID="string_55" HPOS="529" VPOS="355" WIDTH="100" HEIGHT="20" WC="0.93" CONTENT="utskottet"/><SP WIDTH="15" VPOS="355" HPOS="629"/>
							<String ID="string_56" HPOS="644" VPOS="355" WIDTH="68" HEIGHT="26" WC="0.91" CONTENT="gifver"/><SP WIDTH="15" VPOS="355" HPOS="712"/>
							<String ID="string_57" HPOS="727" VPOS="355" WIDTH="35" HEIGHT="20" WC="0.93" CONTENT="det"/><SP WIDTH="16" VPOS="355" HPOS="762"/>
							<String ID="string_58" HPOS="778" VPOS="354" WIDTH="102" HEIGHT="27" WC="0.92" CONTENT="amplaste"/><SP WIDTH="16" VPOS="354" HPOS="880"/>
							<String ID="string_59" HPOS="896" VPOS="354" WIDTH="77" HEIGHT="19" WC="0.96" CONTENT="vitsord"/><SP WIDTH="16" VPOS="354" HPOS="973"/>
							<String ID="string_60" HPOS="989" VPOS="360" WIDTH="33" HEIGHT="13" WC="0.96" CONTENT="om"/>
						</TextLine>
						<TextLine ID="line_7" HPOS="195" VPOS="381" WIDTH="829" HEIGHT="27">
							<String ID="string_61" HPOS="195" VPOS="383" WIDTH="62" HEIGHT="20" WC="0.93" CONTENT="deras"/><SP WIDTH="24" VPOS="383" HPOS="257"/>
							<String ID="string_62" HPOS="281" VPOS="383" WIDTH="186" HEIGHT="25" WC="0.92" CONTENT="samvetsgranhet,"/><SP WIDTH="25" VPOS="383" HPOS="467"/>
							<String ID="string_63" HPOS="492" VPOS="383" WIDTH="29" HEIGHT="20" WC="0.96" CONTENT="nit"/><SP WIDTH="19" VPOS="383" HPOS="521"/>
							<String ID="string_64" HPOS="540" VPOS="383" WIDTH="39" HEIGHT="20" WC="0.93" CONTENT="och"/><SP WIDTH="15" VPOS="383" HPOS="579"/>
							<String ID="string_65" HPOS="594" VPOS="383" WIDTH="91" HEIGHT="20" WC="0.91" CONTENT="oaflätna"/><SP WIDTH="16" VPOS="383" HPOS="685"/>
							<String ID="string_66" HPOS="701" VPOS="383" WIDTH="99" HEIGHT="20" WC="0.96" CONTENT="omtanke"/><SP WIDTH="17" VPOS="383" HPOS="800"/>
							<String ID="string_67" HPOS="817" VPOS="383" WIDTH="38" HEIGHT="20" WC="0.97" CONTENT="och"/><SP WIDTH="16" VPOS="383" HPOS="855"/>
							<String ID="string_68" HPOS="871" VPOS="384" WIDTH="66" HEIGHT="23" WC="0.96" CONTENT="säger,"/><SP WIDTH="16" VPOS="384" HPOS="937"/>
							<String ID="string_69" HPOS="953" VPOS="384" WIDTH="29" HEIGHT="18" WC="0.96" CONTENT="att"/><SP WIDTH="15" VPOS="384" HPOS="982"/>
							<String ID="string_70" HPOS="997" VPOS="381" WIDTH="27" HEIGHT="20" WC="0.97" CONTENT="de"/>
						</TextLine>
						<TextLine ID="line_8" HPOS="196" VPOS="410" WIDTH="827" HEIGHT="29">
							<String ID="string_71" HPOS="196" VPOS="411" WIDTH="63" HEIGHT="20" WC="0.96" CONTENT="hafva"/><SP WIDTH="22" VPOS="411" HPOS="259"/>
							<String ID="string_72" HPOS="281" VPOS="411" WIDTH="56" HEIGHT="21" WC="0.96" CONTENT="skött"/><SP WIDTH="25" VPOS="411" HPOS="337"/>
							<String ID="string_73" HPOS="362" VPOS="412" WIDTH="32" HEIGHT="19" WC="0.96" CONTENT="sin"/><SP WIDTH="23" VPOS="412" HPOS="394"/>
							<String ID="string_74" HPOS="417" VPOS="412" WIDTH="121" HEIGHT="27" WC="0.96" CONTENT="skyldighet"/><SP WIDTH="22" VPOS="412" HPOS="538"/>
							<String ID="string_75" HPOS="560" VPOS="411" WIDTH="22" HEIGHT="21" WC="0.96" CONTENT="så"/><SP WIDTH="23" VPOS="411" HPOS="582"/>
							<String ID="string_76" HPOS="605" VPOS="414" WIDTH="30" HEIGHT="18" WC="0.95" CONTENT="att"/><SP WIDTH="19" VPOS="414" HPOS="635"/>
							<String ID="string_77" HPOS="654" VPOS="411" WIDTH="35" HEIGHT="21" WC="0.95" CONTENT="det"/><SP WIDTH="14" VPOS="411" HPOS="689"/>
							<String ID="string_78" HPOS="703" VPOS="413" WIDTH="63" HEIGHT="24" WC="0.96" CONTENT="utgör"/><SP WIDTH="15" VPOS="413" HPOS="766"/>
							<String ID="string_79" HPOS="781" VPOS="417" WIDTH="26" HEIGHT="15" WC="0.96" CONTENT="en"/><SP WIDTH="17" VPOS="417" HPOS="807"/>
							<String ID="string_80" HPOS="824" VPOS="411" WIDTH="37" HEIGHT="20" WC="0.92" CONTENT="kär"/><SP WIDTH="16" VPOS="411" HPOS="861"/>
							<String ID="string_81" HPOS="877" VPOS="411" WIDTH="52" HEIGHT="26" WC="0.92" CONTENT="pligt"/><SP WIDTH="15" VPOS="411" HPOS="929"/>
							<String ID="string_82" HPOS="944" VPOS="410" WIDTH="32" HEIGHT="21" WC="0.93" CONTENT="för"/><SP WIDTH="15" VPOS="410" HPOS="976"/>
							<String ID="string_83" HPOS="991" VPOS="413" WIDTH="32" HEIGHT="17" WC="0.92" CONTENT="ut-"/>
						</TextLine>
						<TextLine ID="line_9" HPOS="195" VPOS="440" WIDTH="828" HEIGHT="27">
							<String ID="string_84" HPOS="195" VPOS="440" WIDTH="79" HEIGHT="20" WC="0.96" CONTENT="skottet"/><SP WIDTH="21" VPOS="440" HPOS="274"/>
							<String ID="string_85" HPOS="295" VPOS="442" WIDTH="30" HEIGHT="18" WC="0.96" CONTENT="att"/><SP WIDTH="22" VPOS="442" HPOS="325"/>
							<String ID="string_86" HPOS="347" VPOS="440" WIDTH="66" HEIGHT="20" WC="0.96" CONTENT="uttala"/><SP WIDTH="23" VPOS="440" HPOS="413"/>
							<String ID="string_87" HPOS="436" VPOS="440" WIDTH="56" HEIGHT="21" WC="0.96" CONTENT="detta"/><SP WIDTH="24" VPOS="440" HPOS="492"/>
							<String ID="string_88" HPOS="516" VPOS="440" WIDTH="102" HEIGHT="21" WC="0.96" CONTENT="omdöme."/><SP WIDTH="31" VPOS="440" HPOS="618"/>
							<String ID="string_89" HPOS="649" VPOS="440" WIDTH="24" HEIGHT="27" WC="0.90" CONTENT="Ej"/><SP WIDTH="24" VPOS="440" HPOS="673"/>
							<String ID="string_90" HPOS="697" VPOS="441" WIDTH="67" HEIGHT="20" WC="0.95" CONTENT="heller"/><SP WIDTH="22" VPOS="441" HPOS="764"/>
							<String ID="string_91" HPOS="786" VPOS="446" WIDTH="34" HEIGHT="14" WC="0.96" CONTENT="ser"/><SP WIDTH="19" VPOS="446" HPOS="820"/>
							<String ID="string_92" HPOS="839" VPOS="440" WIDTH="35" HEIGHT="20" WC="0.97" CONTENT="det"/><SP WIDTH="15" VPOS="440" HPOS="874"/>
							<String ID="string_93" HPOS="889" VPOS="442" WIDTH="24" HEIGHT="17" WC="0.96" CONTENT="ut"/><SP WIDTH="14" VPOS="442" HPOS="913"/>
							<String ID="string_94" HPOS="927" VPOS="445" WIDTH="45" HEIGHT="14" WC="0.95" CONTENT="som"/><SP WIDTH="17" VPOS="445" HPOS="972"/>
							<String ID="string_95" HPOS="989" VPOS="445" WIDTH="34" HEIGHT="14" WC="0.95" CONTENT="om"/>
						</TextLine>
						<TextLine ID="line_10" HPOS="196" VPOS="467" WIDTH="827" HEIGHT="27">
							<String ID="string_96" HPOS="196" VPOS="468" WIDTH="163" HEIGHT="21" WC="0.92" CONTENT="bankdirektion"/><SP WIDTH="21" VPOS="468" HPOS="359"/>
							<String ID="string_97" HPOS="380" VPOS="469" WIDTH="4" HEIGHT="20" WC="0.97" CONTENT="i"/><SP WIDTH="17" VPOS="469" HPOS="384"/>
							<String ID="string_98" HPOS="401" VPOS="469" WIDTH="31" HEIGHT="20" WC="0.96" CONTENT="sin"/><SP WIDTH="26" VPOS="469" HPOS="432"/>
							<String ID="string_99" HPOS="458" VPOS="469" WIDTH="132" HEIGHT="20" WC="0.96" CONTENT="verksamhet"/><SP WIDTH="23" VPOS="469" HPOS="590"/>
							<String ID="string_100" HPOS="613" VPOS="469" WIDTH="53" HEIGHT="20" WC="0.96" CONTENT="hade"/><SP WIDTH="16" VPOS="469" HPOS="666"/>
							<String ID="string_101" HPOS="682" VPOS="469" WIDTH="46" HEIGHT="20" WC="0.96" CONTENT="lidit"/><SP WIDTH="16" VPOS="469" HPOS="728"/>
							<String ID="string_102" HPOS="744" VPOS="468" WIDTH="66" HEIGHT="26" WC="0.96" CONTENT="deraf,"/><SP WIDTH="15" VPOS="468" HPOS="810"/>
							<String ID="string_103" HPOS="825" VPOS="470" WIDTH="30" HEIGHT="19" WC="0.96" CONTENT="att"/><SP WIDTH="15" VPOS="470" HPOS="855"/>
							<String ID="string_104" HPOS="870" VPOS="468" WIDTH="40" HEIGHT="21" WC="0.91" CONTENT="den"/><SP WIDTH="17" VPOS="468" HPOS="910"/>
							<String ID="string_105" HPOS="927" VPOS="467" WIDTH="44" HEIGHT="21" WC="0.93" CONTENT="haft"/><SP WIDTH="15" VPOS="467" HPOS="971"/>
							<String ID="string_106" HPOS="986" VPOS="473" WIDTH="37" HEIGHT="15" WC="0.90" CONTENT="en-"/>
						</TextLine>
						<TextLine ID="line_11" HPOS="196" VPOS="495" WIDTH="827" HEIGHT="29">
							<String ID="string_107" HPOS="196" VPOS="497" WIDTH="47" HEIGHT="20" WC="0.92" CONTENT="dast"/><SP WIDTH="19" VPOS="497" HPOS="243"/>
							<String ID="string_108" HPOS="262" VPOS="498" WIDTH="14" HEIGHT="19" WC="0.93" CONTENT="4"/><SP WIDTH="23" VPOS="498" HPOS="276"/>
							<String ID="string_109" HPOS="299" VPOS="497" WIDTH="155" HEIGHT="21" WC="0.91" CONTENT="öfvervakande"/><SP WIDTH="24" VPOS="497" HPOS="454"/>
							<String ID="string_110" HPOS="478" VPOS="504" WIDTH="105" HEIGHT="20" WC="0.96" CONTENT="personer,"/><SP WIDTH="23" VPOS="504" HPOS="583"/>
							<String ID="string_111" HPOS="606" VPOS="497" WIDTH="53" HEIGHT="21" WC="0.96" CONTENT="efter"/><SP WIDTH="22" VPOS="497" HPOS="659"/>
							<String ID="string_112" HPOS="681" VPOS="497" WIDTH="63" HEIGHT="21" WC="0.92" CONTENT="äfven"/><SP WIDTH="26" VPOS="497" HPOS="744"/>
							<String ID="string_113" HPOS="770" VPOS="496" WIDTH="188" HEIGHT="21" WC="0.89" CONTENT="bankdirektionen"/><SP WIDTH="17" VPOS="496" HPOS="958"/>
							<String ID="string_114" HPOS="975" VPOS="495" WIDTH="48" HEIGHT="21" WC="0.95" CONTENT="med"/>
						</TextLine>
						<TextLine ID="line_12" HPOS="195" VPOS="526" WIDTH="468" HEIGHT="27">
							<String ID="string_115" HPOS="195" VPOS="526" WIDTH="184" HEIGHT="27" WC="0.90" CONTENT="samvetsgranhet"/><SP WIDTH="15" VPOS="526" HPOS="379"/>
							<String ID="string_116" HPOS="394" VPOS="526" WIDTH="38" HEIGHT="20" WC="0.96" CONTENT="och"/><SP WIDTH="17" VPOS="526" HPOS="432"/>
							<String ID="string_117" HPOS="449" VPOS="526" WIDTH="31" HEIGHT="21" WC="0.96" CONTENT="nit"/><SP WIDTH="15" VPOS="526" HPOS="480"/>
							<String ID="string_118" HPOS="495" VPOS="526" WIDTH="56" HEIGHT="20" WC="0.96" CONTENT="skött"/><SP WIDTH="15" VPOS="526" HPOS="551"/>
							<String ID="string_119" HPOS="566" VPOS="526" WIDTH="35" HEIGHT="20" WC="0.96" CONTENT="sitt"/><SP WIDTH="15" VPOS="526" HPOS="601"/>
							<String ID="string_120" HPOS="616" VPOS="526" WIDTH="47" HEIGHT="20" WC="0.96" CONTENT="kall."/>
						</TextLine>
					</TextBlock>
					<TextBlock ID="block_2" HPOS="196" VPOS="553" WIDTH="831" HEIGHT="735">
						<TextLine ID="line_13" HPOS="265" VPOS="553" WIDTH="758" HEIGHT="28">
							<String ID="string_121" HPOS="265" VPOS="554" WIDTH="42" HEIGHT="20" WC="0.96" CONTENT="För"/><SP WIDTH="14" VPOS="554" HPOS="307"/>
							<String ID="string_122" HPOS="321" VPOS="556" WIDTH="30" HEIGHT="19" WC="0.96" CONTENT="att"/><SP WIDTH="15" VPOS="556" HPOS="351"/>
							<String ID="string_123" HPOS="366" VPOS="554" WIDTH="21" HEIGHT="20" WC="0.96" CONTENT="få"/><SP WIDTH="16" VPOS="554" HPOS="387"/>
							<String ID="string_124" HPOS="403" VPOS="554" WIDTH="123" HEIGHT="26" WC="0.95" CONTENT="genomförd"/><SP WIDTH="17" VPOS="554" HPOS="526"/>
							<String ID="string_125" HPOS="543" VPOS="555" WIDTH="32" HEIGHT="19" WC="0.91" CONTENT="sin"/><SP WIDTH="17" VPOS="555" HPOS="575"/>
							<String ID="string_126" HPOS="592" VPOS="554" WIDTH="173" HEIGHT="27" WC="0.90" CONTENT="älsklingstanke,"/><SP WIDTH="16" VPOS="554" HPOS="765"/>
							<String ID="string_127" HPOS="781" VPOS="556" WIDTH="31" HEIGHT="18" WC="0.93" CONTENT="att"/><SP WIDTH="11" VPOS="556" HPOS="812"/>
							<String ID="string_128" HPOS="823" VPOS="553" WIDTH="200" HEIGHT="27" WC="0.91" CONTENT="bankfullmägtiges"/>
						</TextLine>
						<TextLine ID="line_14" HPOS="196" VPOS="582" WIDTH="828" HEIGHT="27">
							<String ID="string_129" HPOS="196" VPOS="582" WIDTH="57" HEIGHT="20" WC="0.96" CONTENT="antal"/><SP WIDTH="17" VPOS="582" HPOS="253"/>
							<String ID="string_130" HPOS="270" VPOS="582" WIDTH="53" HEIGHT="20" WC="0.93" CONTENT="skall"/><SP WIDTH="17" VPOS="582" HPOS="323"/>
							<String ID="string_131" HPOS="340" VPOS="583" WIDTH="97" HEIGHT="26" WC="0.92" CONTENT="förhöjas,"/><SP WIDTH="15" VPOS="583" HPOS="437"/>
							<String ID="string_132" HPOS="452" VPOS="583" WIDTH="38" HEIGHT="20" WC="0.96" CONTENT="har"/><SP WIDTH="22" VPOS="583" HPOS="490"/>
							<String ID="string_133" HPOS="512" VPOS="583" WIDTH="100" HEIGHT="20" WC="0.96" CONTENT="utskottet"/><SP WIDTH="21" VPOS="583" HPOS="612"/>
							<String ID="string_134" HPOS="633" VPOS="583" WIDTH="71" HEIGHT="20" WC="0.96" CONTENT="vidare"/><SP WIDTH="17" VPOS="583" HPOS="704"/>
							<String ID="string_135" HPOS="721" VPOS="582" WIDTH="109" HEIGHT="27" WC="0.96" CONTENT="föreslagit"/><SP WIDTH="15" VPOS="582" HPOS="830"/>
							<String ID="string_136" HPOS="845" VPOS="584" WIDTH="29" HEIGHT="18" WC="0.96" CONTENT="att"/><SP WIDTH="15" VPOS="584" HPOS="874"/>
							<String ID="string_137" HPOS="889" VPOS="582" WIDTH="88" HEIGHT="20" WC="0.96" CONTENT="arvodet"/><SP WIDTH="14" VPOS="582" HPOS="977"/>
							<String ID="string_138" HPOS="991" VPOS="582" WIDTH="33" HEIGHT="20" WC="0.96" CONTENT="för"/>
						</TextLine>
						<TextLine ID="line_15" HPOS="196" VPOS="610" WIDTH="827" HEIGHT="28">
							<String ID="string_139" HPOS="196" VPOS="611" WIDTH="61" HEIGHT="20" WC="0.92" CONTENT="desse"/><SP WIDTH="17" VPOS="611" HPOS="257"/>
							<String ID="string_140" HPOS="274" VPOS="611" WIDTH="189" HEIGHT="27" WC="0.92" CONTENT="bankfullmäktige"/><SP WIDTH="16" VPOS="611" HPOS="463"/>
							<String ID="string_141" HPOS="479" VPOS="611" WIDTH="53" HEIGHT="21" WC="0.96" CONTENT="skall"/><SP WIDTH="16" VPOS="611" HPOS="532"/>
							<String ID="string_142" HPOS="548" VPOS="611" WIDTH="44" HEIGHT="21" WC="0.93" CONTENT="från"/><SP WIDTH="18" VPOS="611" HPOS="592"/>
							<String ID="string_143" HPOS="610" VPOS="612" WIDTH="61" HEIGHT="25" WC="0.91" CONTENT="6,000"/><SP WIDTH="16" VPOS="612" HPOS="671"/>
							<String ID="string_144" HPOS="687" VPOS="611" WIDTH="59" HEIGHT="21" WC="0.96" CONTENT="mark"/><SP WIDTH="17" VPOS="611" HPOS="746"/>
							<String ID="string_145" HPOS="763" VPOS="618" WIDTH="35" HEIGHT="14" WC="0.96" CONTENT="om"/><SP WIDTH="16" VPOS="618" HPOS="798"/>
							<String ID="string_146" HPOS="814" VPOS="610" WIDTH="44" HEIGHT="22" WC="0.93" CONTENT="året"/><SP WIDTH="16" VPOS="610" HPOS="858"/>
							<String ID="string_147" HPOS="874" VPOS="610" WIDTH="105" HEIGHT="21" WC="0.92" CONTENT="nedsättas"/><SP WIDTH="13" VPOS="610" HPOS="979"/>
							<String ID="string_148" HPOS="992" VPOS="610" WIDTH="31" HEIGHT="21" WC="0.96" CONTENT="till"/>
						</TextLine>
						<TextLine ID="line_16" HPOS="196" VPOS="639" WIDTH="828" HEIGHT="28">
							<String ID="string_149" HPOS="196" VPOS="640" WIDTH="64" HEIGHT="25" WC="0.90" CONTENT="4,000"/><SP WIDTH="20" VPOS="640" HPOS="260"/>
							<String ID="string_150" HPOS="280" VPOS="640" WIDTH="63" HEIGHT="20" WC="0.92" CONTENT="mark."/><SP WIDTH="32" VPOS="640" HPOS="343"/>
							<String ID="string_151" HPOS="375" VPOS="639" WIDTH="75" HEIGHT="21" WC="0.95" CONTENT="Denna"/><SP WIDTH="20" VPOS="639" HPOS="450"/>
							<String ID="string_152" HPOS="470" VPOS="640" WIDTH="133" HEIGHT="26" WC="0.96" CONTENT="nedsättning"/><SP WIDTH="15" VPOS="640" HPOS="603"/>
							<String ID="string_153" HPOS="618" VPOS="646" WIDTH="64" HEIGHT="20" WC="0.96" CONTENT="synes"/><SP WIDTH="16" VPOS="646" HPOS="682"/>
							<String ID="string_154" HPOS="698" VPOS="640" WIDTH="44" HEIGHT="27" WC="0.95" CONTENT="mig"/><SP WIDTH="15" VPOS="640" HPOS="742"/>
							<String ID="string_155" HPOS="757" VPOS="640" WIDTH="18" HEIGHT="26" WC="0.95" CONTENT="ej"/><SP WIDTH="18" VPOS="640" HPOS="775"/>
							<String ID="string_156" HPOS="793" VPOS="639" WIDTH="31" HEIGHT="21" WC="0.95" CONTENT="stå"/><SP WIDTH="16" VPOS="639" HPOS="824"/>
							<String ID="string_157" HPOS="840" VPOS="640" WIDTH="7" HEIGHT="19" WC="0.93" CONTENT="i"/><SP WIDTH="15" VPOS="640" HPOS="847"/>
							<String ID="string_158" HPOS="862" VPOS="639" WIDTH="162" HEIGHT="21" WC="0.92" CONTENT="öfverensstäm-"/>
						</TextLine>
						<TextLine ID="line_17" HPOS="197" VPOS="668" WIDTH="827" HEIGHT="27">
							<String ID="string_159" HPOS="197" VPOS="668" WIDTH="66" HEIGHT="20" WC="0.91" CONTENT="melse"/><SP WIDTH="25" VPOS="668" HPOS="263"/>
							<String ID="string_160" HPOS="288" VPOS="668" WIDTH="48" HEIGHT="20" WC="0.95" CONTENT="med"/><SP WIDTH="25" VPOS="668" HPOS="336"/>
							<String ID="string_161" HPOS="361" VPOS="668" WIDTH="34" HEIGHT="20" WC="0.95" CONTENT="det"/><SP WIDTH="23" VPOS="668" HPOS="395"/>
							<String ID="string_162" HPOS="418" VPOS="668" WIDTH="140" HEIGHT="20" WC="0.95" CONTENT="ansvarsfulla"/><SP WIDTH="21" VPOS="668" HPOS="558"/>
							<String ID="string_163" HPOS="579" VPOS="668" WIDTH="38" HEIGHT="21" WC="0.96" CONTENT="och"/><SP WIDTH="18" VPOS="668" HPOS="617"/>
							<String ID="string_164" HPOS="635" VPOS="668" WIDTH="163" HEIGHT="27" WC="0.95" CONTENT="betydelsefulla"/><SP WIDTH="16" VPOS="668" HPOS="798"/>
							<String ID="string_165" HPOS="814" VPOS="668" WIDTH="100" HEIGHT="27" WC="0.95" CONTENT="uppdrag,"/><SP WIDTH="16" VPOS="668" HPOS="914"/>
							<String ID="string_166" HPOS="930" VPOS="674" WIDTH="45" HEIGHT="14" WC="0.92" CONTENT="som"/><SP WIDTH="17" VPOS="674" HPOS="975"/>
							<String ID="string_167" HPOS="992" VPOS="670" WIDTH="32" HEIGHT="18" WC="0.91" CONTENT="ut-"/>
						</TextLine>
						<TextLine ID="line_18" HPOS="197" VPOS="696" WIDTH="827" HEIGHT="27">
							<String ID="string_168" HPOS="197" VPOS="696" WIDTH="78" HEIGHT="21" WC="0.96" CONTENT="skottet"/><SP WIDTH="23" VPOS="696" HPOS="275"/>
							<String ID="string_169" HPOS="298" VPOS="697" WIDTH="47" HEIGHT="26" WC="0.93" CONTENT="själf"/><SP WIDTH="16" VPOS="697" HPOS="345"/>
							<String ID="string_170" HPOS="361" VPOS="697" WIDTH="117" HEIGHT="26" WC="0.90" CONTENT="medgifver"/><SP WIDTH="20" VPOS="697" HPOS="478"/>
							<String ID="string_171" HPOS="498" VPOS="697" WIDTH="189" HEIGHT="26" WC="0.92" CONTENT="bankfullmäktige"/><SP WIDTH="16" VPOS="697" HPOS="687"/>
							<String ID="string_172" HPOS="703" VPOS="697" WIDTH="68" HEIGHT="20" WC="0.94" CONTENT="hafva."/><SP WIDTH="31" VPOS="697" HPOS="771"/>
							<String ID="string_173" HPOS="802" VPOS="696" WIDTH="41" HEIGHT="27" WC="0.96" CONTENT="Jag"/><SP WIDTH="15" VPOS="696" HPOS="843"/>
							<String ID="string_174" HPOS="858" VPOS="699" WIDTH="43" HEIGHT="18" WC="0.96" CONTENT="tror"/><SP WIDTH="15" VPOS="699" HPOS="901"/>
							<String ID="string_175" HPOS="916" VPOS="696" WIDTH="63" HEIGHT="20" WC="0.96" CONTENT="också"/><SP WIDTH="16" VPOS="696" HPOS="979"/>
							<String ID="string_176" HPOS="995" VPOS="698" WIDTH="29" HEIGHT="18" WC="0.96" CONTENT="att"/>
						</TextLine>
						<TextLine ID="line_19" HPOS="197" VPOS="725" WIDTH="827" HEIGHT="27">
							<String ID="string_177" HPOS="197" VPOS="731" WIDTH="25" HEIGHT="14" WC="0.96" CONTENT="en"/><SP WIDTH="27" VPOS="731" HPOS="222"/>
							<String ID="string_178" HPOS="249" VPOS="725" WIDTH="66" HEIGHT="20" WC="0.95" CONTENT="sådan"/><SP WIDTH="25" VPOS="725" HPOS="315"/>
							<String ID="string_179" HPOS="340" VPOS="725" WIDTH="133" HEIGHT="27" WC="0.95" CONTENT="nedsättning"/><SP WIDTH="22" VPOS="725" HPOS="473"/>
							<String ID="string_180" HPOS="495" VPOS="725" WIDTH="21" HEIGHT="20" WC="0.96" CONTENT="af"/><SP WIDTH="25" VPOS="725" HPOS="516"/>
							<String ID="string_181" HPOS="541" VPOS="725" WIDTH="87" HEIGHT="20" WC="0.96" CONTENT="arvodet"/><SP WIDTH="22" VPOS="725" HPOS="628"/>
							<String ID="string_182" HPOS="650" VPOS="725" WIDTH="68" HEIGHT="20" WC="0.96" CONTENT="skulle"/><SP WIDTH="15" VPOS="725" HPOS="718"/>
							<String ID="string_183" HPOS="733" VPOS="725" WIDTH="95" HEIGHT="21" WC="0.96" CONTENT="försvåra"/><SP WIDTH="16" VPOS="725" HPOS="828"/>
							<String ID="string_184" HPOS="844" VPOS="725" WIDTH="135" HEIGHT="26" WC="0.96" CONTENT="möjligheten"/><SP WIDTH="16" VPOS="725" HPOS="979"/>
							<String ID="string_185" HPOS="995" VPOS="726" WIDTH="29" HEIGHT="19" WC="0.96" CONTENT="att"/>
						</TextLine>
						<TextLine ID="line_20" HPOS="196" VPOS="749" WIDTH="828" HEIGHT="43">
							<String ID="string_186" HPOS="196" VPOS="753" WIDTH="47" HEIGHT="21" WC="0.95" CONTENT="från"/><SP WIDTH="24" VPOS="753" HPOS="243"/>
							<String ID="string_187" HPOS="267" VPOS="755" WIDTH="56" HEIGHT="19" WC="0.95" CONTENT="orter"/><SP WIDTH="23" VPOS="755" HPOS="323"/>
							<String ID="string_188" HPOS="346" VPOS="756" WIDTH="57" HEIGHT="18" WC="0.95" CONTENT="utom"/><SP WIDTH="24" VPOS="756" HPOS="403"/>
							<String ID="string_189" HPOS="427" VPOS="749" WIDTH="133" HEIGHT="43" WC="0.96" CONTENT="Helsingfors"/><SP WIDTH="22" VPOS="749" HPOS="560"/>
							<String ID="string_190" HPOS="582" VPOS="754" WIDTH="21" HEIGHT="20" WC="0.93" CONTENT="få"/><SP WIDTH="20" VPOS="754" HPOS="603"/>
							<String ID="string_191" HPOS="623" VPOS="753" WIDTH="197" HEIGHT="26" WC="0.89" CONTENT="bankfullmäktige,"/><SP WIDTH="15" VPOS="753" HPOS="820"/>
							<String ID="string_192" HPOS="835" VPOS="760" WIDTH="34" HEIGHT="13" WC="0.96" CONTENT="om"/><SP WIDTH="16" VPOS="760" HPOS="869"/>
							<String ID="string_193" HPOS="885" VPOS="753" WIDTH="63" HEIGHT="20" WC="0.96" CONTENT="också"/><SP WIDTH="16" VPOS="753" HPOS="948"/>
							<String ID="string_194" HPOS="964" VPOS="753" WIDTH="60" HEIGHT="20" WC="0.96" CONTENT="deras"/>
						</TextLine>
						<TextLine ID="line_21" HPOS="197" VPOS="781" WIDTH="826" HEIGHT="23">
							<String ID="string_195" HPOS="197" VPOS="781" WIDTH="78" HEIGHT="21" WC="0.95" CONTENT="arvode"/><SP WIDTH="26" VPOS="781" HPOS="275"/>
							<String ID="string_196" HPOS="301" VPOS="782" WIDTH="26" HEIGHT="21" WC="0.95" CONTENT="de"/><SP WIDTH="22" VPOS="782" HPOS="327"/>
							<String ID="string_197" HPOS="349" VPOS="783" WIDTH="65" HEIGHT="20" WC="0.95" CONTENT="första"/><SP WIDTH="21" VPOS="783" HPOS="414"/>
							<String ID="string_198" HPOS="435" VPOS="785" WIDTH="30" HEIGHT="18" WC="0.96" CONTENT="tre"/><SP WIDTH="23" VPOS="785" HPOS="465"/>
							<String ID="string_199" HPOS="488" VPOS="782" WIDTH="49" HEIGHT="21" WC="0.95" CONTENT="åren"/><SP WIDTH="26" VPOS="782" HPOS="537"/>
							<String ID="string_200" HPOS="563" VPOS="789" WIDTH="48" HEIGHT="14" WC="0.96" CONTENT="vore"/><SP WIDTH="23" VPOS="789" HPOS="611"/>
							<String ID="string_201" HPOS="634" VPOS="782" WIDTH="94" HEIGHT="22" WC="0.96" CONTENT="dubbelt,"/><SP WIDTH="16" VPOS="782" HPOS="728"/>
							<String ID="string_202" HPOS="744" VPOS="782" WIDTH="26" HEIGHT="20" WC="0.96" CONTENT="då"/><SP WIDTH="16" VPOS="782" HPOS="770"/>
							<String ID="string_203" HPOS="786" VPOS="782" WIDTH="26" HEIGHT="21" WC="0.96" CONTENT="de"/><SP WIDTH="24" VPOS="782" HPOS="812"/>
							<String ID="string_204" HPOS="836" VPOS="782" WIDTH="63" HEIGHT="20" WC="0.96" CONTENT="likväl"/><SP WIDTH="17" VPOS="782" HPOS="899"/>
							<String ID="string_205" HPOS="916" VPOS="781" WIDTH="62" HEIGHT="21" WC="0.96" CONTENT="hafva"/><SP WIDTH="16" VPOS="781" HPOS="978"/>
							<String ID="string_206" HPOS="994" VPOS="784" WIDTH="29" HEIGHT="17" WC="0.96" CONTENT="att"/>
						</TextLine>
						<TextLine ID="line_22" HPOS="197" VPOS="810" WIDTH="827" HEIGHT="28">
							<String ID="string_207" HPOS="197" VPOS="810" WIDTH="88" HEIGHT="25" WC="0.95" CONTENT="förutse,"/><SP WIDTH="22" VPOS="810" HPOS="285"/>
							<String ID="string_208" HPOS="307" VPOS="813" WIDTH="30" HEIGHT="18" WC="0.96" CONTENT="att"/><SP WIDTH="22" VPOS="813" HPOS="337"/>
							<String ID="string_209" HPOS="359" VPOS="811" WIDTH="53" HEIGHT="20" WC="0.96" CONTENT="efter"/><SP WIDTH="23" VPOS="811" HPOS="412"/>
							<String ID="string_210" HPOS="435" VPOS="811" WIDTH="69" HEIGHT="20" WC="0.95" CONTENT="denna"/><SP WIDTH="23" VPOS="811" HPOS="504"/>
							<String ID="string_211" HPOS="527" VPOS="811" WIDTH="40" HEIGHT="20" WC="0.95" CONTENT="tids"/><SP WIDTH="22" VPOS="811" HPOS="567"/>
							<String ID="string_212" HPOS="589" VPOS="811" WIDTH="82" HEIGHT="27" WC="0.96" CONTENT="förlopp"/><SP WIDTH="24" VPOS="811" HPOS="671"/>
							<String ID="string_213" HPOS="695" VPOS="811" WIDTH="61" HEIGHT="20" WC="0.96" CONTENT="deras"/><SP WIDTH="20" VPOS="811" HPOS="756"/>
							<String ID="string_214" HPOS="776" VPOS="811" WIDTH="84" HEIGHT="23" WC="0.96" CONTENT="arvode,"/><SP WIDTH="17" VPOS="811" HPOS="860"/>
							<String ID="string_215" HPOS="877" VPOS="810" WIDTH="67" HEIGHT="21" WC="0.93" CONTENT="fastän"/><SP WIDTH="24" VPOS="810" HPOS="944"/>
							<String ID="string_216" HPOS="968" VPOS="812" WIDTH="56" HEIGHT="18" WC="0.91" CONTENT="stän-"/>
						</TextLine>
						<TextLine ID="line_23" HPOS="197" VPOS="838" WIDTH="827" HEIGHT="28">
							<String ID="string_217" HPOS="197" VPOS="839" WIDTH="78" HEIGHT="20" WC="0.92" CONTENT="dernas"/><SP WIDTH="22" VPOS="839" HPOS="275"/>
							<String ID="string_218" HPOS="297" VPOS="839" WIDTH="120" HEIGHT="21" WC="0.95" CONTENT="förtroende"/><SP WIDTH="16" VPOS="839" HPOS="417"/>
							<String ID="string_219" HPOS="433" VPOS="839" WIDTH="31" HEIGHT="21" WC="0.96" CONTENT="till"/><SP WIDTH="16" VPOS="839" HPOS="464"/>
							<String ID="string_220" HPOS="480" VPOS="840" WIDTH="46" HEIGHT="20" WC="0.96" CONTENT="dem"/><SP WIDTH="18" VPOS="840" HPOS="526"/>
							<String ID="string_221" HPOS="544" VPOS="841" WIDTH="22" HEIGHT="18" WC="0.96" CONTENT="är"/><SP WIDTH="16" VPOS="841" HPOS="566"/>
							<String ID="string_222" HPOS="582" VPOS="839" WIDTH="115" HEIGHT="21" WC="0.96" CONTENT="detsamma"/><SP WIDTH="16" VPOS="839" HPOS="697"/>
							<String ID="string_223" HPOS="713" VPOS="846" WIDTH="45" HEIGHT="14" WC="0.95" CONTENT="som"/><SP WIDTH="16" VPOS="846" HPOS="758"/>
							<String ID="string_224" HPOS="774" VPOS="839" WIDTH="50" HEIGHT="27" WC="0.95" CONTENT="förr,"/><SP WIDTH="16" VPOS="839" HPOS="824"/>
							<String ID="string_225" HPOS="840" VPOS="839" WIDTH="39" HEIGHT="20" WC="0.96" CONTENT="blir"/><SP WIDTH="16" VPOS="839" HPOS="879"/>
							<String ID="string_226" HPOS="895" VPOS="838" WIDTH="82" HEIGHT="21" WC="0.96" CONTENT="nedsatt"/><SP WIDTH="16" VPOS="838" HPOS="977"/>
							<String ID="string_227" HPOS="993" VPOS="838" WIDTH="31" HEIGHT="20" WC="0.96" CONTENT="till"/>
						</TextLine>
						<TextLine ID="line_24" HPOS="197" VPOS="867" WIDTH="828" HEIGHT="28">
							<String ID="string_228" HPOS="197" VPOS="868" WIDTH="63" HEIGHT="25" WC="0.91" CONTENT="4,000"/><SP WIDTH="25" VPOS="868" HPOS="260"/>
							<String ID="string_229" HPOS="285" VPOS="869" WIDTH="67" HEIGHT="24" WC="0.95" CONTENT="mark;"/><SP WIDTH="25" VPOS="869" HPOS="352"/>
							<String ID="string_230" HPOS="377" VPOS="867" WIDTH="51" HEIGHT="21" WC="0.96" CONTENT="eller"/><SP WIDTH="20" VPOS="867" HPOS="428"/>
							<String ID="string_231" HPOS="448" VPOS="875" WIDTH="33" HEIGHT="14" WC="0.95" CONTENT="om"/><SP WIDTH="26" VPOS="875" HPOS="481"/>
							<String ID="string_232" HPOS="507" VPOS="868" WIDTH="25" HEIGHT="21" WC="0.95" CONTENT="de"/><SP WIDTH="17" VPOS="868" HPOS="532"/>
							<String ID="string_233" HPOS="549" VPOS="868" WIDTH="62" HEIGHT="21" WC="0.93" CONTENT="också"/><SP WIDTH="16" VPOS="868" HPOS="611"/>
							<String ID="string_234" HPOS="627" VPOS="868" WIDTH="60" HEIGHT="26" WC="0.92" CONTENT="åtaga"/><SP WIDTH="16" VPOS="868" HPOS="687"/>
							<String ID="string_235" HPOS="703" VPOS="868" WIDTH="32" HEIGHT="27" WC="0.96" CONTENT="sig"/><SP WIDTH="15" VPOS="868" HPOS="735"/>
							<String ID="string_236" HPOS="750" VPOS="867" WIDTH="58" HEIGHT="21" WC="0.96" CONTENT="detta"/><SP WIDTH="17" VPOS="867" HPOS="808"/>
							<String ID="string_237" HPOS="825" VPOS="867" WIDTH="100" HEIGHT="27" WC="0.96" CONTENT="uppdrag,"/><SP WIDTH="16" VPOS="867" HPOS="925"/>
							<String ID="string_238" HPOS="941" VPOS="867" WIDTH="84" HEIGHT="20" WC="0.96" CONTENT="komma"/>
						</TextLine>
						<TextLine ID="line_25" HPOS="198" VPOS="896" WIDTH="827" HEIGHT="27">
							<String ID="string_239" HPOS="198" VPOS="896" WIDTH="25" HEIGHT="20" WC="0.96" CONTENT="de"/><SP WIDTH="24" VPOS="896" HPOS="223"/>
							<String ID="string_240" HPOS="247" VPOS="898" WIDTH="30" HEIGHT="19" WC="0.96" CONTENT="att"/><SP WIDTH="23" VPOS="898" HPOS="277"/>
							<String ID="string_241" HPOS="300" VPOS="897" WIDTH="53" HEIGHT="20" WC="0.96" CONTENT="efter"/><SP WIDTH="23" VPOS="897" HPOS="353"/>
							<String ID="string_242" HPOS="376" VPOS="899" WIDTH="30" HEIGHT="18" WC="0.96" CONTENT="tre"/><SP WIDTH="16" VPOS="899" HPOS="406"/>
							<String ID="string_243" HPOS="422" VPOS="897" WIDTH="33" HEIGHT="20" WC="0.93" CONTENT="års"/><SP WIDTH="15" VPOS="897" HPOS="455"/>
							<String ID="string_244" HPOS="470" VPOS="897" WIDTH="81" HEIGHT="26" WC="0.91" CONTENT="förlopp"/><SP WIDTH="16" VPOS="897" HPOS="551"/>
							<String ID="string_245" HPOS="567" VPOS="896" WIDTH="70" HEIGHT="27" WC="0.91" CONTENT="afsäga"/><SP WIDTH="17" VPOS="896" HPOS="637"/>
							<String ID="string_246" HPOS="654" VPOS="898" WIDTH="31" HEIGHT="25" WC="0.96" CONTENT="sig"/><SP WIDTH="16" VPOS="898" HPOS="685"/>
							<String ID="string_247" HPOS="701" VPOS="897" WIDTH="124" HEIGHT="26" WC="0.95" CONTENT="detsamma,"/><SP WIDTH="15" VPOS="897" HPOS="825"/>
							<String ID="string_248" HPOS="840" VPOS="896" WIDTH="61" HEIGHT="20" WC="0.96" CONTENT="äfven"/><SP WIDTH="18" VPOS="896" HPOS="901"/>
							<String ID="string_249" HPOS="919" VPOS="902" WIDTH="33" HEIGHT="14" WC="0.93" CONTENT="om"/><SP WIDTH="17" VPOS="902" HPOS="952"/>
							<String ID="string_250" HPOS="969" VPOS="897" WIDTH="56" HEIGHT="19" WC="0.93" CONTENT="stän-"/>
						</TextLine>
						<TextLine ID="line_26" HPOS="197" VPOS="924" WIDTH="828" HEIGHT="22">
							<String ID="string_251" HPOS="197" VPOS="925" WIDTH="67" HEIGHT="20" WC="0.91" CONTENT="derna"/><SP WIDTH="24" VPOS="925" HPOS="264"/>
							<String ID="string_252" HPOS="288" VPOS="925" WIDTH="129" HEIGHT="20" WC="0.91" CONTENT="fortfarande"/><SP WIDTH="23" VPOS="925" HPOS="417"/>
							<String ID="string_253" HPOS="440" VPOS="925" WIDTH="68" HEIGHT="20" WC="0.96" CONTENT="skulle"/><SP WIDTH="22" VPOS="925" HPOS="508"/>
							<String ID="string_254" HPOS="530" VPOS="926" WIDTH="51" HEIGHT="25" WC="0.96" CONTENT="hysa"/><SP WIDTH="23" VPOS="926" HPOS="581"/>
							<String ID="string_255" HPOS="604" VPOS="925" WIDTH="120" HEIGHT="20" WC="0.96" CONTENT="förtroende"/><SP WIDTH="21" VPOS="925" HPOS="724"/>
							<String ID="string_256" HPOS="745" VPOS="925" WIDTH="32" HEIGHT="20" WC="0.96" CONTENT="till"/><SP WIDTH="16" VPOS="925" HPOS="777"/>
							<String ID="string_257" HPOS="793" VPOS="925" WIDTH="55" HEIGHT="20" WC="0.95" CONTENT="dem."/><SP WIDTH="30" VPOS="925" HPOS="848"/>
							<String ID="string_258" HPOS="878" VPOS="924" WIDTH="45" HEIGHT="21" WC="0.96" CONTENT="Och"/><SP WIDTH="12" VPOS="924" HPOS="923"/>
							<String ID="string_259" HPOS="935" VPOS="924" WIDTH="90" HEIGHT="21" WC="0.96" CONTENT="sålunda"/>
						</TextLine>
						<TextLine ID="line_27" HPOS="197" VPOS="953" WIDTH="829" HEIGHT="26">
							<String ID="string_260" HPOS="197" VPOS="953" WIDTH="70" HEIGHT="20" WC="0.95" CONTENT="skulle"/><SP WIDTH="16" VPOS="953" HPOS="267"/>
							<String ID="string_261" HPOS="283" VPOS="953" WIDTH="114" HEIGHT="20" WC="0.96" CONTENT="ständerna"/><SP WIDTH="15" VPOS="953" HPOS="397"/>
							<String ID="string_262" HPOS="412" VPOS="953" WIDTH="43" HEIGHT="20" WC="0.96" CONTENT="ofta"/><SP WIDTH="16" VPOS="953" HPOS="455"/>
							<String ID="string_263" HPOS="471" VPOS="961" WIDTH="48" HEIGHT="13" WC="0.93" CONTENT="vara"/><SP WIDTH="16" VPOS="961" HPOS="519"/>
							<String ID="string_264" HPOS="535" VPOS="947" WIDTH="121" HEIGHT="27" WC="0.91" CONTENT="nödsakade"/><SP WIDTH="16" VPOS="947" HPOS="656"/>
							<String ID="string_265" HPOS="672" VPOS="956" WIDTH="29" HEIGHT="18" WC="0.96" CONTENT="att"/><SP WIDTH="17" VPOS="956" HPOS="701"/>
							<String ID="string_266" HPOS="718" VPOS="953" WIDTH="78" HEIGHT="27" WC="0.96" CONTENT="bevilja"/><SP WIDTH="20" VPOS="953" HPOS="796"/>
							<String ID="string_267" HPOS="816" VPOS="953" WIDTH="36" HEIGHT="20" WC="0.96" CONTENT="det"/><SP WIDTH="10" VPOS="953" HPOS="852"/>
							<String ID="string_268" HPOS="862" VPOS="953" WIDTH="63" HEIGHT="26" WC="0.96" CONTENT="högre"/><SP WIDTH="14" VPOS="953" HPOS="925"/>
							<String ID="string_269" HPOS="939" VPOS="953" WIDTH="87" HEIGHT="20" WC="0.96" CONTENT="arvodet"/>
						</TextLine>
						<TextLine ID="line_28" HPOS="198" VPOS="981" WIDTH="827" HEIGHT="28">
							<String ID="string_270" HPOS="198" VPOS="982" WIDTH="21" HEIGHT="19" WC="0.92" CONTENT="af"/><SP WIDTH="15" VPOS="982" HPOS="219"/>
							<String ID="string_271" HPOS="234" VPOS="982" WIDTH="63" HEIGHT="26" WC="0.90" CONTENT="8,000"/><SP WIDTH="17" VPOS="982" HPOS="297"/>
							<String ID="string_272" HPOS="314" VPOS="982" WIDTH="65" HEIGHT="21" WC="0.95" CONTENT="mark."/><SP WIDTH="25" VPOS="982" HPOS="379"/>
							<String ID="string_273" HPOS="404" VPOS="981" WIDTH="80" HEIGHT="22" WC="0.92" CONTENT="Genom"/><SP WIDTH="17" VPOS="981" HPOS="484"/>
							<String ID="string_274" HPOS="501" VPOS="982" WIDTH="97" HEIGHT="21" WC="0.91" CONTENT="arvodets"/><SP WIDTH="16" VPOS="982" HPOS="598"/>
							<String ID="string_275" HPOS="614" VPOS="982" WIDTH="136" HEIGHT="27" WC="0.95" CONTENT="nedsättning"/><SP WIDTH="15" VPOS="982" HPOS="750"/>
							<String ID="string_276" HPOS="765" VPOS="976" WIDTH="32" HEIGHT="27" WC="0.93" CONTENT="till"/><SP WIDTH="16" VPOS="976" HPOS="797"/>
							<String ID="string_277" HPOS="813" VPOS="982" WIDTH="62" HEIGHT="23" WC="0.91" CONTENT="4,000"/><SP WIDTH="11" VPOS="982" HPOS="875"/>
							<String ID="string_278" HPOS="886" VPOS="982" WIDTH="58" HEIGHT="19" WC="0.96" CONTENT="mark"/><SP WIDTH="13" VPOS="982" HPOS="944"/>
							<String ID="string_279" HPOS="957" VPOS="981" WIDTH="68" HEIGHT="21" WC="0.96" CONTENT="skulle"/>
						</TextLine>
						<TextLine ID="line_29" HPOS="198" VPOS="1004" WIDTH="827" HEIGHT="33">
							<String ID="string_280" HPOS="198" VPOS="1004" WIDTH="64" HEIGHT="27" WC="0.96" CONTENT="också"/><SP WIDTH="16" VPOS="1004" HPOS="262"/>
							<String ID="string_281" HPOS="278" VPOS="1011" WIDTH="200" HEIGHT="26" WC="0.92" CONTENT="bankfullmäktiges"/><SP WIDTH="17" VPOS="1011" HPOS="478"/>
							<String ID="string_282" HPOS="495" VPOS="1011" WIDTH="117" HEIGHT="26" WC="0.96" CONTENT="befattning"/><SP WIDTH="14" VPOS="1011" HPOS="612"/>
							<String ID="string_283" HPOS="626" VPOS="1011" WIDTH="88" HEIGHT="20" WC="0.96" CONTENT="framstå"/><SP WIDTH="15" VPOS="1011" HPOS="714"/>
							<String ID="string_284" HPOS="729" VPOS="1017" WIDTH="59" HEIGHT="14" WC="0.96" CONTENT="mera"/><SP WIDTH="15" VPOS="1017" HPOS="788"/>
							<String ID="string_285" HPOS="803" VPOS="1010" WIDTH="69" HEIGHT="21" WC="0.96" CONTENT="såsom"/><SP WIDTH="17" VPOS="1010" HPOS="872"/>
							<String ID="string_286" HPOS="889" VPOS="1016" WIDTH="24" HEIGHT="14" WC="0.93" CONTENT="en"/><SP WIDTH="14" VPOS="1016" HPOS="913"/>
							<String ID="string_287" HPOS="927" VPOS="1009" WIDTH="98" HEIGHT="27" WC="0.90" CONTENT="bisyssel-"/>
						</TextLine>
						<TextLine ID="line_30" HPOS="198" VPOS="1038" WIDTH="827" HEIGHT="28">
							<String ID="string_288" HPOS="198" VPOS="1039" WIDTH="95" HEIGHT="27" WC="0.95" CONTENT="sättning"/><SP WIDTH="22" VPOS="1039" HPOS="293"/>
							<String ID="string_289" HPOS="315" VPOS="1039" WIDTH="39" HEIGHT="21" WC="0.96" CONTENT="och"/><SP WIDTH="20" VPOS="1039" HPOS="354"/>
							<String ID="string_290" HPOS="374" VPOS="1039" WIDTH="81" HEIGHT="21" WC="0.95" CONTENT="således"/><SP WIDTH="17" VPOS="1039" HPOS="455"/>
							<String ID="string_291" HPOS="472" VPOS="1046" WIDTH="48" HEIGHT="14" WC="0.96" CONTENT="vara"/><SP WIDTH="16" VPOS="1046" HPOS="520"/>
							<String ID="string_292" HPOS="536" VPOS="1046" WIDTH="24" HEIGHT="14" WC="0.93" CONTENT="en"/><SP WIDTH="18" VPOS="1046" HPOS="560"/>
							<String ID="string_293" HPOS="578" VPOS="1039" WIDTH="118" HEIGHT="27" WC="0.92" CONTENT="biförtjenst"/><SP WIDTH="16" VPOS="1039" HPOS="696"/>
							<String ID="string_294" HPOS="712" VPOS="1039" WIDTH="20" HEIGHT="21" WC="0.96" CONTENT="åt"/><SP WIDTH="15" VPOS="1039" HPOS="732"/>
							<String ID="string_295" HPOS="747" VPOS="1039" WIDTH="6" HEIGHT="20" WC="0.93" CONTENT="i"/><SP WIDTH="18" VPOS="1039" HPOS="753"/>
							<String ID="string_296" HPOS="771" VPOS="1039" WIDTH="156" HEIGHT="20" WC="0.88" CONTENT="bufvudstaden"/><SP WIDTH="17" VPOS="1039" HPOS="927"/>
							<String ID="string_297" HPOS="944" VPOS="1032" WIDTH="81" HEIGHT="27" WC="0.96" CONTENT="bosatta"/>
						</TextLine>
						<TextLine ID="line_31" HPOS="199" VPOS="1066" WIDTH="826" HEIGHT="27">
							<String ID="string_298" HPOS="199" VPOS="1073" WIDTH="106" HEIGHT="20" WC="0.96" CONTENT="personer,"/><SP WIDTH="16" VPOS="1073" HPOS="305"/>
							<String ID="string_299" HPOS="321" VPOS="1068" WIDTH="70" HEIGHT="19" WC="0.78" CONTENT="hvilka"/><SP WIDTH="16" VPOS="1068" HPOS="391"/>
							<String ID="string_300" HPOS="407" VPOS="1068" WIDTH="52" HEIGHT="20" WC="0.96" CONTENT="blott"/><SP WIDTH="16" VPOS="1068" HPOS="459"/>
							<String ID="string_301" HPOS="475" VPOS="1068" WIDTH="83" HEIGHT="20" WC="0.96" CONTENT="komma"/><SP WIDTH="16" VPOS="1068" HPOS="558"/>
							<String ID="string_302" HPOS="574" VPOS="1071" WIDTH="30" HEIGHT="17" WC="0.96" CONTENT="att"/><SP WIDTH="15" VPOS="1071" HPOS="604"/>
							<String ID="string_303" HPOS="619" VPOS="1074" WIDTH="50" HEIGHT="14" WC="0.96" CONTENT="anse"/><SP WIDTH="17" VPOS="1074" HPOS="669"/>
							<String ID="string_304" HPOS="686" VPOS="1068" WIDTH="145" HEIGHT="25" WC="0.96" CONTENT="befattningen"/><SP WIDTH="19" VPOS="1068" HPOS="831"/>
							<String ID="string_305" HPOS="850" VPOS="1074" WIDTH="47" HEIGHT="13" WC="0.96" CONTENT="vara"/><SP WIDTH="14" VPOS="1074" HPOS="897"/>
							<String ID="string_306" HPOS="911" VPOS="1067" WIDTH="22" HEIGHT="20" WC="0.96" CONTENT="af"/><SP WIDTH="10" VPOS="1067" HPOS="933"/>
							<String ID="string_307" HPOS="943" VPOS="1066" WIDTH="82" HEIGHT="21" WC="0.94" CONTENT="mindre"/>
						</TextLine>
						<TextLine ID="line_32" HPOS="198" VPOS="1095" WIDTH="828" HEIGHT="28">
							<String ID="string_308" HPOS="198" VPOS="1095" WIDTH="131" HEIGHT="26" WC="0.90" CONTENT="hetydenhet"/><SP WIDTH="22" VPOS="1095" HPOS="329"/>
							<String ID="string_309" HPOS="351" VPOS="1097" WIDTH="26" HEIGHT="19" WC="0.97" CONTENT="än"/><SP WIDTH="16" VPOS="1097" HPOS="377"/>
							<String ID="string_310" HPOS="393" VPOS="1096" WIDTH="62" HEIGHT="27" WC="0.96" CONTENT="förut,"/><SP WIDTH="16" VPOS="1096" HPOS="455"/>
							<String ID="string_311" HPOS="471" VPOS="1096" WIDTH="26" HEIGHT="20" WC="0.96" CONTENT="då"/><SP WIDTH="23" VPOS="1096" HPOS="497"/>
							<String ID="string_312" HPOS="520" VPOS="1096" WIDTH="86" HEIGHT="21" WC="0.96" CONTENT="arvodet"/><SP WIDTH="16" VPOS="1096" HPOS="606"/>
							<String ID="string_313" HPOS="622" VPOS="1096" WIDTH="68" HEIGHT="21" WC="0.93" CONTENT="blifvit"/><SP WIDTH="15" VPOS="1096" HPOS="690"/>
							<String ID="string_314" HPOS="705" VPOS="1095" WIDTH="143" HEIGHT="21" WC="0.92" CONTENT="förminskadt"/><SP WIDTH="15" VPOS="1095" HPOS="848"/>
							<String ID="string_315" HPOS="863" VPOS="1095" WIDTH="48" HEIGHT="20" WC="0.93" CONTENT="med"/><SP WIDTH="17" VPOS="1095" HPOS="911"/>
							<String ID="string_316" HPOS="928" VPOS="1095" WIDTH="32" HEIGHT="26" WC="0.45" CONTENT="1/.."/><SP WIDTH="25" VPOS="1095" HPOS="960"/>
							<String ID="string_317" HPOS="985" VPOS="1095" WIDTH="41" HEIGHT="26" WC="0.96" CONTENT="Jag"/>
						</TextLine>
						<TextLine ID="line_33" HPOS="199" VPOS="1123" WIDTH="827" HEIGHT="27">
							<String ID="string_318" HPOS="199" VPOS="1123" WIDTH="49" HEIGHT="21" WC="0.96" CONTENT="ville"/><SP WIDTH="22" VPOS="1123" HPOS="248"/>
							<String ID="string_319" HPOS="270" VPOS="1124" WIDTH="71" HEIGHT="21" WC="0.95" CONTENT="derför"/><SP WIDTH="17" VPOS="1124" HPOS="341"/>
							<String ID="string_320" HPOS="358" VPOS="1125" WIDTH="81" HEIGHT="24" WC="0.96" CONTENT="föreslå,"/><SP WIDTH="16" VPOS="1125" HPOS="439"/>
							<String ID="string_321" HPOS="455" VPOS="1127" WIDTH="29" HEIGHT="18" WC="0.93" CONTENT="att"/><SP WIDTH="16" VPOS="1127" HPOS="484"/>
							<String ID="string_322" HPOS="500" VPOS="1124" WIDTH="156" HEIGHT="21" WC="0.92" CONTENT="Presteståndet"/><SP WIDTH="15" VPOS="1124" HPOS="656"/>
							<String ID="string_323" HPOS="671" VPOS="1125" WIDTH="47" HEIGHT="20" WC="0.96" CONTENT="icke"/><SP WIDTH="16" VPOS="1125" HPOS="718"/>
							<String ID="string_324" HPOS="734" VPOS="1124" WIDTH="69" HEIGHT="21" WC="0.96" CONTENT="skulle"/><SP WIDTH="17" VPOS="1124" HPOS="803"/>
							<String ID="string_325" HPOS="820" VPOS="1124" WIDTH="111" HEIGHT="26" WC="0.96" CONTENT="godkänna"/><SP WIDTH="16" VPOS="1124" HPOS="931"/>
							<String ID="string_326" HPOS="947" VPOS="1123" WIDTH="26" HEIGHT="21" WC="0.96" CONTENT="de"/><SP WIDTH="15" VPOS="1123" HPOS="973"/>
							<String ID="string_327" HPOS="988" VPOS="1123" WIDTH="38" HEIGHT="20" WC="0.96" CONTENT="sist"/>
						</TextLine>
						<TextLine ID="line_34" HPOS="198" VPOS="1152" WIDTH="828" HEIGHT="27">
							<String ID="string_328" HPOS="198" VPOS="1153" WIDTH="75" HEIGHT="26" WC="0.94" CONTENT="gjorda"/><SP WIDTH="23" VPOS="1153" HPOS="273"/>
							<String ID="string_329" HPOS="296" VPOS="1153" WIDTH="112" HEIGHT="26" WC="0.94" CONTENT="förslagen,"/><SP WIDTH="18" VPOS="1153" HPOS="408"/>
							<String ID="string_330" HPOS="426" VPOS="1156" WIDTH="30" HEIGHT="17" WC="0.93" CONTENT="att"/><SP WIDTH="16" VPOS="1156" HPOS="456"/>
							<String ID="string_331" HPOS="472" VPOS="1153" WIDTH="199" HEIGHT="26" WC="0.91" CONTENT="bankfullmäktiges"/><SP WIDTH="16" VPOS="1153" HPOS="671"/>
							<String ID="string_332" HPOS="687" VPOS="1153" WIDTH="57" HEIGHT="20" WC="0.96" CONTENT="antal"/><SP WIDTH="16" VPOS="1153" HPOS="744"/>
							<String ID="string_333" HPOS="760" VPOS="1153" WIDTH="70" HEIGHT="20" WC="0.96" CONTENT="skulle"/><SP WIDTH="16" VPOS="1153" HPOS="830"/>
							<String ID="string_334" HPOS="846" VPOS="1153" WIDTH="59" HEIGHT="26" WC="0.96" CONTENT="höjas"/><SP WIDTH="16" VPOS="1153" HPOS="905"/>
							<String ID="string_335" HPOS="921" VPOS="1152" WIDTH="30" HEIGHT="21" WC="0.96" CONTENT="till"/><SP WIDTH="16" VPOS="1152" HPOS="951"/>
							<String ID="string_336" HPOS="967" VPOS="1153" WIDTH="13" HEIGHT="19" WC="0.91" CONTENT="8"/><SP WIDTH="15" VPOS="1153" HPOS="980"/>
							<String ID="string_337" HPOS="995" VPOS="1152" WIDTH="31" HEIGHT="20" WC="0.90" CONTENT="äf-"/>
						</TextLine>
						<TextLine ID="line_35" HPOS="198" VPOS="1181" WIDTH="827" HEIGHT="27">
							<String ID="string_338" HPOS="198" VPOS="1187" WIDTH="89" HEIGHT="14" WC="0.92" CONTENT="vensom"/><SP WIDTH="21" VPOS="1187" HPOS="287"/>
							<String ID="string_339" HPOS="308" VPOS="1184" WIDTH="30" HEIGHT="18" WC="0.93" CONTENT="att"/><SP WIDTH="20" VPOS="1184" HPOS="338"/>
							<String ID="string_340" HPOS="358" VPOS="1181" WIDTH="199" HEIGHT="27" WC="0.90" CONTENT="bankfullmäktiges"/><SP WIDTH="23" VPOS="1181" HPOS="557"/>
							<String ID="string_341" HPOS="580" VPOS="1182" WIDTH="78" HEIGHT="20" WC="0.96" CONTENT="arvode"/><SP WIDTH="21" VPOS="1182" HPOS="658"/>
							<String ID="string_342" HPOS="679" VPOS="1181" WIDTH="69" HEIGHT="21" WC="0.93" CONTENT="skulle"/><SP WIDTH="32" VPOS="1181" HPOS="748"/>
							<String ID="string_343" HPOS="780" VPOS="1181" WIDTH="107" HEIGHT="21" WC="0.88" CONTENT="nedsättas"/><SP WIDTH="22" VPOS="1181" HPOS="887"/>
							<String ID="string_344" HPOS="909" VPOS="1181" WIDTH="30" HEIGHT="20" WC="0.92" CONTENT="till"/><SP WIDTH="25" VPOS="1181" HPOS="939"/>
							<String ID="string_345" HPOS="964" VPOS="1181" WIDTH="61" HEIGHT="24" WC="0.88" CONTENT="4,000"/>
						</TextLine>
						<TextLine ID="line_36" HPOS="197" VPOS="1209" WIDTH="828" HEIGHT="28">
							<String ID="string_346" HPOS="197" VPOS="1210" WIDTH="66" HEIGHT="20" WC="0.96" CONTENT="mark."/><SP WIDTH="32" VPOS="1210" HPOS="263"/>
							<String ID="string_347" HPOS="295" VPOS="1210" WIDTH="40" HEIGHT="21" WC="0.95" CONTENT="Om"/><SP WIDTH="16" VPOS="1210" HPOS="335"/>
							<String ID="string_348" HPOS="351" VPOS="1210" WIDTH="64" HEIGHT="21" WC="0.95" CONTENT="också"/><SP WIDTH="14" VPOS="1210" HPOS="415"/>
							<String ID="string_349" HPOS="429" VPOS="1210" WIDTH="83" HEIGHT="21" WC="0.96" CONTENT="ståndet"/><SP WIDTH="15" VPOS="1210" HPOS="512"/>
							<String ID="string_350" HPOS="527" VPOS="1210" WIDTH="68" HEIGHT="21" WC="0.96" CONTENT="skulle"/><SP WIDTH="17" VPOS="1210" HPOS="595"/>
							<String ID="string_351" HPOS="612" VPOS="1210" WIDTH="49" HEIGHT="27" WC="0.96" CONTENT="vilja"/><SP WIDTH="16" VPOS="1210" HPOS="661"/>
							<String ID="string_352" HPOS="677" VPOS="1210" WIDTH="81" HEIGHT="26" WC="0.92" CONTENT="förhöja"/><SP WIDTH="18" VPOS="1210" HPOS="758"/>
							<String ID="string_353" HPOS="776" VPOS="1209" WIDTH="201" HEIGHT="27" WC="0.90" CONTENT="bankfullmäktiges"/><SP WIDTH="11" VPOS="1209" HPOS="977"/>
							<String ID="string_354" HPOS="988" VPOS="1215" WIDTH="37" HEIGHT="14" WC="0.92" CONTENT="an-"/>
						</TextLine>
						<TextLine ID="line_37" HPOS="197" VPOS="1237" WIDTH="830" HEIGHT="29">
							<String ID="string_355" HPOS="197" VPOS="1238" WIDTH="34" HEIGHT="22" WC="0.93" CONTENT="tal,"/><SP WIDTH="28" VPOS="1238" HPOS="231"/>
							<String ID="string_356" HPOS="259" VPOS="1239" WIDTH="65" HEIGHT="20" WC="0.94" CONTENT="borde"/><SP WIDTH="26" VPOS="1239" HPOS="324"/>
							<String ID="string_357" HPOS="350" VPOS="1239" WIDTH="65" HEIGHT="26" WC="0.95" CONTENT="enligt"/><SP WIDTH="25" VPOS="1239" HPOS="415"/>
							<String ID="string_358" HPOS="440" VPOS="1239" WIDTH="43" HEIGHT="20" WC="0.92" CONTENT="min"/><SP WIDTH="26" VPOS="1239" HPOS="483"/>
							<String ID="string_359" HPOS="509" VPOS="1239" WIDTH="53" HEIGHT="27" WC="0.90" CONTENT="åsigt"/><SP WIDTH="29" VPOS="1239" HPOS="562"/>
							<String ID="string_360" HPOS="591" VPOS="1239" WIDTH="45" HEIGHT="20" WC="0.96" CONTENT="icke"/><SP WIDTH="27" VPOS="1239" HPOS="636"/>
							<String ID="string_361" HPOS="663" VPOS="1239" WIDTH="87" HEIGHT="20" WC="0.96" CONTENT="arvodet"/><SP WIDTH="27" VPOS="1239" HPOS="750"/>
							<String ID="string_362" HPOS="777" VPOS="1238" WIDTH="33" HEIGHT="21" WC="0.93" CONTENT="för"/><SP WIDTH="26" VPOS="1238" HPOS="810"/>
							<String ID="string_363" HPOS="836" VPOS="1237" WIDTH="191" HEIGHT="27" WC="0.90" CONTENT="bankfullmäktige"/>
						</TextLine>
						<TextLine ID="line_38" HPOS="198" VPOS="1267" WIDTH="113" HEIGHT="21">
							<String ID="string_364" HPOS="198" VPOS="1267" WIDTH="113" HEIGHT="21" WC="0.90" CONTENT="nedsättas."/>
						</TextLine>
					</TextBlock>
				</ComposedBlock>
				<ComposedBlock ID="cblock_2" HPOS="198" VPOS="1323" WIDTH="831" HEIGHT="228">
					<TextBlock ID="block_3" HPOS="198" VPOS="1323" WIDTH="831" HEIGHT="228">
						<TextLine ID="line_39" HPOS="270" VPOS="1323" WIDTH="757" HEIGHT="29">
							<String ID="string_365" HPOS="270" VPOS="1324" WIDTH="108" HEIGHT="21" WC="0.96" CONTENT="Professor"/><SP WIDTH="22" VPOS="1324" HPOS="378"/>
							<String ID="string_366" HPOS="400" VPOS="1324" WIDTH="174" HEIGHT="27" WC="0.76" CONTENT="Runeberg:"/><SP WIDTH="17" VPOS="1324" HPOS="574"/>
							<String ID="string_367" HPOS="591" VPOS="1325" WIDTH="44" HEIGHT="20" WC="0.96" CONTENT="Min"/><SP WIDTH="17" VPOS="1325" HPOS="635"/>
							<String ID="string_368" HPOS="652" VPOS="1325" WIDTH="86" HEIGHT="27" WC="0.96" CONTENT="mening"/><SP WIDTH="18" VPOS="1325" HPOS="738"/>
							<String ID="string_369" HPOS="756" VPOS="1331" WIDTH="38" HEIGHT="14" WC="0.96" CONTENT="var"/><SP WIDTH="15" VPOS="1331" HPOS="794"/>
							<String ID="string_370" HPOS="809" VPOS="1324" WIDTH="121" HEIGHT="27" WC="0.96" CONTENT="egentligen"/><SP WIDTH="16" VPOS="1324" HPOS="930"/>
							<String ID="string_371" HPOS="946" VPOS="1325" WIDTH="30" HEIGHT="19" WC="0.93" CONTENT="att"/><SP WIDTH="15" VPOS="1325" HPOS="976"/>
							<String ID="string_372" HPOS="991" VPOS="1323" WIDTH="36" HEIGHT="28" WC="0.93" CONTENT="pä-"/>
						</TextLine>
						<TextLine ID="line_40" HPOS="200" VPOS="1352" WIDTH="825" HEIGHT="28">
							<String ID="string_373" HPOS="200" VPOS="1353" WIDTH="54" HEIGHT="26" WC="0.95" CONTENT="peka"/><SP WIDTH="17" VPOS="1353" HPOS="254"/>
							<String ID="string_374" HPOS="271" VPOS="1355" WIDTH="29" HEIGHT="18" WC="0.95" CONTENT="ett"/><SP WIDTH="18" VPOS="1355" HPOS="300"/>
							<String ID="string_375" HPOS="318" VPOS="1353" WIDTH="97" HEIGHT="26" WC="0.95" CONTENT="tryckfel,"/><SP WIDTH="16" VPOS="1353" HPOS="415"/>
							<String ID="string_376" HPOS="431" VPOS="1360" WIDTH="45" HEIGHT="14" WC="0.96" CONTENT="som"/><SP WIDTH="16" VPOS="1360" HPOS="476"/>
							<String ID="string_377" HPOS="492" VPOS="1353" WIDTH="100" HEIGHT="27" WC="0.96" CONTENT="möjligen"/><SP WIDTH="17" VPOS="1353" HPOS="592"/>
							<String ID="string_378" HPOS="609" VPOS="1353" WIDTH="39" HEIGHT="21" WC="0.96" CONTENT="kan"/><SP WIDTH="19" VPOS="1353" HPOS="648"/>
							<String ID="string_379" HPOS="667" VPOS="1353" WIDTH="54" HEIGHT="21" WC="0.96" CONTENT="vålla"/><SP WIDTH="16" VPOS="1353" HPOS="721"/>
							<String ID="string_380" HPOS="737" VPOS="1352" WIDTH="154" HEIGHT="21" WC="0.96" CONTENT="missförstånd."/><SP WIDTH="31" VPOS="1352" HPOS="891"/>
							<String ID="string_381" HPOS="922" VPOS="1352" WIDTH="29" HEIGHT="21" WC="0.93" CONTENT="På"/><SP WIDTH="16" VPOS="1352" HPOS="951"/>
							<String ID="string_382" HPOS="967" VPOS="1352" WIDTH="58" HEIGHT="21" WC="0.96" CONTENT="sidan"/>
						</TextLine>
						<TextLine ID="line_41" HPOS="198" VPOS="1381" WIDTH="829" HEIGHT="28">
							<String ID="string_383" HPOS="198" VPOS="1381" WIDTH="28" HEIGHT="20" WC="0.96" CONTENT="25"/><SP WIDTH="16" VPOS="1381" HPOS="226"/>
							<String ID="string_384" HPOS="242" VPOS="1383" WIDTH="59" HEIGHT="19" WC="0.96" CONTENT="strax"/><SP WIDTH="16" VPOS="1383" HPOS="301"/>
							<String ID="string_385" HPOS="317" VPOS="1382" WIDTH="53" HEIGHT="20" WC="0.93" CONTENT="efter"/><SP WIDTH="15" VPOS="1382" HPOS="370"/>
							<String ID="string_386" HPOS="385" VPOS="1381" WIDTH="106" HEIGHT="21" WC="0.92" CONTENT="klämmen"/><SP WIDTH="16" VPOS="1381" HPOS="491"/>
							<String ID="string_387" HPOS="507" VPOS="1382" WIDTH="110" HEIGHT="27" WC="0.95" CONTENT="angående"/><SP WIDTH="16" VPOS="1382" HPOS="617"/>
							<String ID="string_388" HPOS="633" VPOS="1382" WIDTH="25" HEIGHT="21" WC="0.97" CONTENT="de"/><SP WIDTH="16" VPOS="1382" HPOS="658"/>
							<String ID="string_389" HPOS="674" VPOS="1383" WIDTH="13" HEIGHT="19" WC="0.93" CONTENT="8"/><SP WIDTH="17" VPOS="1383" HPOS="687"/>
							<String ID="string_390" HPOS="704" VPOS="1381" WIDTH="191" HEIGHT="27" WC="0.92" CONTENT="bankfullmäktige"/><SP WIDTH="16" VPOS="1381" HPOS="895"/>
							<String ID="string_391" HPOS="911" VPOS="1381" WIDTH="50" HEIGHT="20" WC="0.93" CONTENT="står:"/><SP WIDTH="17" VPOS="1381" HPOS="961"/>
							<String ID="string_392" HPOS="978" VPOS="1387" WIDTH="49" HEIGHT="14" WC="0.89" CONTENT="»an-"/>
						</TextLine>
						<TextLine ID="line_42" HPOS="199" VPOS="1409" WIDTH="829" HEIGHT="28">
							<String ID="string_393" HPOS="199" VPOS="1409" WIDTH="84" HEIGHT="27" WC="0.96" CONTENT="gående"/><SP WIDTH="20" VPOS="1409" HPOS="283"/>
							<String ID="string_394" HPOS="303" VPOS="1410" WIDTH="41" HEIGHT="21" WC="0.95" CONTENT="den"/><SP WIDTH="26" VPOS="1410" HPOS="344"/>
							<String ID="string_395" HPOS="370" VPOS="1410" WIDTH="128" HEIGHT="27" WC="0.95" CONTENT="förändring,"/><SP WIDTH="15" VPOS="1410" HPOS="498"/>
							<String ID="string_396" HPOS="513" VPOS="1417" WIDTH="52" HEIGHT="18" WC="0.96" CONTENT="som,"/><SP WIDTH="15" VPOS="1417" HPOS="565"/>
							<String ID="string_397" HPOS="580" VPOS="1411" WIDTH="6" HEIGHT="20" WC="0.96" CONTENT="i"/><SP WIDTH="16" VPOS="1411" HPOS="586"/>
							<String ID="string_398" HPOS="602" VPOS="1410" WIDTH="101" HEIGHT="21" WC="0.96" CONTENT="händelse"/><SP WIDTH="17" VPOS="1410" HPOS="703"/>
							<String ID="string_399" HPOS="720" VPOS="1410" WIDTH="62" HEIGHT="21" WC="0.96" CONTENT="dessa"/><SP WIDTH="16" VPOS="1410" HPOS="782"/>
							<String ID="string_400" HPOS="798" VPOS="1409" WIDTH="79" HEIGHT="28" WC="0.96" CONTENT="förslag"/><SP WIDTH="16" VPOS="1409" HPOS="877"/>
							<String ID="string_401" HPOS="893" VPOS="1409" WIDTH="63" HEIGHT="21" WC="0.92" CONTENT="vinna"/><SP WIDTH="16" VPOS="1409" HPOS="956"/>
							<String ID="string_402" HPOS="972" VPOS="1411" WIDTH="56" HEIGHT="19" WC="0.92" CONTENT="stän-"/>
						</TextLine>
						<TextLine ID="line_43" HPOS="199" VPOS="1438" WIDTH="827" HEIGHT="27">
							<String ID="string_403" HPOS="199" VPOS="1438" WIDTH="78" HEIGHT="20" WC="0.92" CONTENT="dernas"/><SP WIDTH="15" VPOS="1438" HPOS="277"/>
							<String ID="string_404" HPOS="292" VPOS="1438" WIDTH="161" HEIGHT="27" WC="0.96" CONTENT="godkännande,"/><SP WIDTH="13" VPOS="1438" HPOS="453"/>
							<String ID="string_405" HPOS="466" VPOS="1439" WIDTH="64" HEIGHT="20" WC="0.96" CONTENT="måste"/><SP WIDTH="16" VPOS="1439" HPOS="530"/>
							<String ID="string_406" HPOS="546" VPOS="1441" WIDTH="61" HEIGHT="24" WC="0.95" CONTENT="göras"/><SP WIDTH="16" VPOS="1441" HPOS="607"/>
							<String ID="string_407" HPOS="623" VPOS="1439" WIDTH="5" HEIGHT="19" WC="0.96" CONTENT="i"/><SP WIDTH="18" VPOS="1439" HPOS="628"/>
							<String ID="string_408" HPOS="646" VPOS="1445" WIDTH="61" HEIGHT="14" WC="0.93" CONTENT="mom."/><SP WIDTH="10" VPOS="1445" HPOS="707"/>
							<String ID="string_409" HPOS="717" VPOS="1439" WIDTH="34" HEIGHT="25" WC="0.96" CONTENT="i)»."/><SP WIDTH="16" VPOS="1439" HPOS="751"/>
							<String ID="string_410" HPOS="767" VPOS="1438" WIDTH="42" HEIGHT="21" WC="0.96" CONTENT="Det"/><SP WIDTH="9" VPOS="1438" HPOS="809"/>
							<String ID="string_411" HPOS="818" VPOS="1438" WIDTH="65" HEIGHT="20" WC="0.96" CONTENT="borde"/><SP WIDTH="9" VPOS="1438" HPOS="883"/>
							<String ID="string_412" HPOS="892" VPOS="1438" WIDTH="134" HEIGHT="20" WC="0.94" CONTENT="heta"/><SP WIDTH="-75" VPOS="1438" HPOS="1026"/>
							<String ID="string_413" HPOS="951" VPOS="1434" WIDTH="12" HEIGHT="36" WC="0.94" CONTENT="i"/><SP WIDTH="12" VPOS="1434" HPOS="963"/>
							<String ID="string_414" HPOS="975" VPOS="1438" WIDTH="51" HEIGHT="20" WC="0.96" CONTENT="mom."/>
						</TextLine>
						<TextLine ID="line_44" HPOS="201" VPOS="1466" WIDTH="828" HEIGHT="28">
							<String ID="string_415" HPOS="201" VPOS="1466" WIDTH="22" HEIGHT="27" WC="0.85" CONTENT="1)."/><SP WIDTH="27" VPOS="1466" HPOS="223"/>
							<String ID="string_416" HPOS="250" VPOS="1466" WIDTH="50" HEIGHT="21" WC="0.96" CONTENT="Men"/><SP WIDTH="24" VPOS="1466" HPOS="300"/>
							<String ID="string_417" HPOS="324" VPOS="1466" WIDTH="27" HEIGHT="21" WC="0.96" CONTENT="dä"/><SP WIDTH="22" VPOS="1466" HPOS="351"/>
							<String ID="string_418" HPOS="373" VPOS="1467" WIDTH="35" HEIGHT="27" WC="0.96" CONTENT="jag"/><SP WIDTH="18" VPOS="1467" HPOS="408"/>
							<String ID="string_419" HPOS="426" VPOS="1473" WIDTH="26" HEIGHT="15" WC="0.95" CONTENT="en"/><SP WIDTH="16" VPOS="1473" HPOS="452"/>
							<String ID="string_420" HPOS="468" VPOS="1467" WIDTH="56" HEIGHT="27" WC="0.96" CONTENT="gång"/><SP WIDTH="15" VPOS="1467" HPOS="524"/>
							<String ID="string_421" HPOS="539" VPOS="1468" WIDTH="37" HEIGHT="20" WC="0.96" CONTENT="har"/><SP WIDTH="15" VPOS="1468" HPOS="576"/>
							<String ID="string_422" HPOS="591" VPOS="1467" WIDTH="65" HEIGHT="24" WC="0.96" CONTENT="ordet,"/><SP WIDTH="16" VPOS="1467" HPOS="656"/>
							<String ID="string_423" HPOS="672" VPOS="1467" WIDTH="37" HEIGHT="21" WC="0.96" CONTENT="ber"/><SP WIDTH="15" VPOS="1467" HPOS="709"/>
							<String ID="string_424" HPOS="724" VPOS="1467" WIDTH="35" HEIGHT="27" WC="0.96" CONTENT="jag"/><SP WIDTH="17" VPOS="1467" HPOS="759"/>
							<String ID="string_425" HPOS="776" VPOS="1469" WIDTH="29" HEIGHT="19" WC="0.96" CONTENT="att"/><SP WIDTH="15" VPOS="1469" HPOS="805"/>
							<String ID="string_426" HPOS="820" VPOS="1466" WIDTH="22" HEIGHT="21" WC="0.96" CONTENT="få"/><SP WIDTH="15" VPOS="1466" HPOS="842"/>
							<String ID="string_427" HPOS="857" VPOS="1466" WIDTH="83" HEIGHT="21" WC="0.96" CONTENT="bemöta"/><SP WIDTH="16" VPOS="1466" HPOS="940"/>
							<String ID="string_428" HPOS="956" VPOS="1466" WIDTH="25" HEIGHT="20" WC="0.93" CONTENT="de"/><SP WIDTH="16" VPOS="1466" HPOS="981"/>
							<String ID="string_429" HPOS="997" VPOS="1466" WIDTH="32" HEIGHT="20" WC="0.93" CONTENT="in-"/>
						</TextLine>
						<TextLine ID="line_45" HPOS="199" VPOS="1494" WIDTH="830" HEIGHT="28">
							<String ID="string_430" HPOS="199" VPOS="1495" WIDTH="134" HEIGHT="27" WC="0.96" CONTENT="vändningar"/><SP WIDTH="15" VPOS="1495" HPOS="333"/>
							<String ID="string_431" HPOS="348" VPOS="1495" WIDTH="134" HEIGHT="27" WC="0.93" CONTENT="domprosten"/><SP WIDTH="16" VPOS="1495" HPOS="482"/>
							<String ID="string_432" HPOS="498" VPOS="1495" WIDTH="88" HEIGHT="21" WC="0.92" CONTENT="Renvall"/><SP WIDTH="16" VPOS="1495" HPOS="586"/>
							<String ID="string_433" HPOS="602" VPOS="1496" WIDTH="54" HEIGHT="26" WC="0.96" CONTENT="gjort"/><SP WIDTH="16" VPOS="1496" HPOS="656"/>
							<String ID="string_434" HPOS="672" VPOS="1498" WIDTH="44" HEIGHT="18" WC="0.96" CONTENT="mot"/><SP WIDTH="15" VPOS="1498" HPOS="716"/>
							<String ID="string_435" HPOS="731" VPOS="1495" WIDTH="102" HEIGHT="27" WC="0.96" CONTENT="förslaget"/><SP WIDTH="13" VPOS="1495" HPOS="833"/>
							<String ID="string_436" HPOS="846" VPOS="1501" WIDTH="33" HEIGHT="15" WC="0.96" CONTENT="om"/><SP WIDTH="12" VPOS="1501" HPOS="879"/>
							<String ID="string_437" HPOS="891" VPOS="1494" WIDTH="138" HEIGHT="22" WC="0.96" CONTENT="tillsättandet"/>
						</TextLine>
						<TextLine ID="line_46" HPOS="199" VPOS="1522" WIDTH="830" HEIGHT="29">
							<String ID="string_438" HPOS="199" VPOS="1523" WIDTH="21" HEIGHT="21" WC="0.96" CONTENT="af"/><SP WIDTH="22" VPOS="1523" HPOS="220"/>
							<String ID="string_439" HPOS="242" VPOS="1524" WIDTH="13" HEIGHT="20" WC="0.88" CONTENT="8"/><SP WIDTH="25" VPOS="1524" HPOS="255"/>
							<String ID="string_440" HPOS="280" VPOS="1523" WIDTH="196" HEIGHT="28" WC="0.88" CONTENT="bankfullmäktige."/><SP WIDTH="30" VPOS="1523" HPOS="476"/>
							<String ID="string_441" HPOS="506" VPOS="1524" WIDTH="84" HEIGHT="21" WC="0.95" CONTENT="Samma"/><SP WIDTH="23" VPOS="1524" HPOS="590"/>
							<String ID="string_442" HPOS="613" VPOS="1524" WIDTH="78" HEIGHT="26" WC="0.95" CONTENT="förslag"/><SP WIDTH="24" VPOS="1524" HPOS="691"/>
							<String ID="string_443" HPOS="715" VPOS="1524" WIDTH="86" HEIGHT="21" WC="0.96" CONTENT="väcktes"/><SP WIDTH="23" VPOS="1524" HPOS="801"/>
							<String ID="string_444" HPOS="824" VPOS="1524" WIDTH="61" HEIGHT="20" WC="0.96" CONTENT="äfven"/><SP WIDTH="17" VPOS="1524" HPOS="885"/>
							<String ID="string_445" HPOS="902" VPOS="1523" WIDTH="21" HEIGHT="21" WC="0.93" CONTENT="af"/><SP WIDTH="16" VPOS="1523" HPOS="923"/>
							<String ID="string_446" HPOS="939" VPOS="1522" WIDTH="90" HEIGHT="22" WC="0.92" CONTENT="bankut-"/>
						</TextLine>
					</TextBlock>
				</ComposedBlock>
			</PrintSpace>
		</Page>
	</Layout>
</alto>
