1103 1803
235 132 54 20 1216
456 136 160 18 Presteståndet
629 136 58 17 1882.
712 136 12 17 9
737 136 48 21 maj.

275 206 145 26 Sotaprovasti
444 205 168 21 Petterson
635 205 126 26 huomautti,
786 205 52 21 ettei
860 204 68 22 hänen
946 204 88 21 muistu-

203 234 105 22 tuksensa
331 234 143 21 tarkoittanut
496 234 108 27 yksistään
624 234 75 27 yleisiä
715 233 123 26 rautateitä,
855 240 52 14 vaan
923 232 110 26 muitakin,

202 263 62 21 esim.
280 263 88 21 tukkien
385 262 98 22 hinausta
499 265 72 18 varten
588 262 80 27 tehtyjä
684 262 108 21 laitoksia.

276 331 70 21 Sedan
370 331 146 21 diskussionen
541 330 93 21 härefter
662 330 114 21 förklarats
800 329 99 22 afslutad,
922 328 113 28 uppstälde

205 359 52 21 herr
297 360 141 20 Talmannen
476 359 92 26 följande
584 358 290 27 omröstningsproposition
864 354 12 36 :

266 456 3 3 —
281 427 132 32 Godkänner
428 428 35 21 det
478 427 130 28 högrördiga
624 427 93 21 Ständet
732 427 15 27 $
762 427 44 21 12?
822 427 42 20 den
879 426 35 21 det
927 427 40 26 gör
981 432 52 14 sva-

206 463 40 14 rar
255 463 41 20 ja;

277 519 81 20 vinner
379 519 42 26 nej,
446 519 80 20 önskar
549 518 92 21 Ständet
656 517 156 28 modifikation
828 517 10 21 i
852 517 34 21 det
901 517 29 27 af
941 517 94 27 fältpro-

206 549 51 19 sten
272 547 113 21 Petterson
401 547 96 27 angifna
512 547 73 27 syftet.

279 616 32 21 Då
327 616 70 20 denna
412 615 131 27 proposition
560 615 127 21 besvarades
704 615 47 21 med
761 615 154 26 öfvervägande
927 614 8 26 ja,
946 614 89 26 hade

207 644 85 21 således
309 644 90 21 Ständet
414 644 94 26 godkänt
524 644 11 26 $
553 644 25 20 12
594 644 66 26 enligt
675 643 117 21 utskottets
808 643 86 26 förslag.

594 746 12 27 8
624 747 31 20 13.

280 815 135 21 Beträftande
431 815 69 21 denna
515 814 99 27 paragraf
628 814 86 27 yttrade
729 815 31 26 sig
776 815 69 20 nedan
855 815 89 20 nämnde
953 814 84 21 ständs-

210 843 151 22 medlemmar
350 839 15 36 :

280 911 210 27 Kontraktsprosten
502 911 174 26 Grönberg:
692 911 42 26 Jag
751 912 37 20 ber
804 913 32 20 att
849 911 21 22 fä
879 912 102 21 anmärka
992 912 45 20 det-

210 947 91 19 samma,
325 947 44 14 som
387 941 47 20 med
454 940 100 21 afseende
570 939 52 21 härä
637 940 123 21 anmärktes
776 940 34 21 vid
826 943 85 18 senaste
927 940 110 26 landtdag,

209 969 108 26 nämligen
334 971 31 18 att
381 969 160 26 bestämningen
557 970 33 19 att
605 968 127 27 landsvägen
749 969 107 25 vintertid,
874 968 60 21 äfven
951 969 37 21 der
999 969 38 20 all-

211 1000 78 19 männä
305 998 134 27 vintervägar
454 999 38 19 äro
508 997 32 21 till
556 997 138 27 begagnande
703 997 109 26 upplätna,
824 997 55 22 skall
890 997 67 22 hållas
968 1000 68 24 öppen

210 1033 77 20 genom
302 1027 101 26 plogning
419 1026 39 21 och
473 1025 115 27 skottning,
604 1027 24 20 är
643 1025 87 22 alldeles
747 1026 85 27 onödig.
863 1026 48 21 Icke
923 1026 66 21 heller
999 1032 38 15 an-

208 1061 37 15 ser
265 1055 37 26 jag
326 1055 35 20 det
377 1061 50 15 vara
449 1055 102 26 lämpligt,
568 1056 32 18 att
614 1056 132 24 guvernören
763 1055 132 26 nödvändigt
909 1054 54 21 skall
979 1054 58 21 med-

211 1083 48 21 dela
273 1083 98 21 befrielse
388 1082 46 21 frän
450 1083 68 20 denna
534 1082 127 27 skyldighet.
693 1082 36 21 Uti
746 1083 68 26 tredje
831 1085 115 18 momentet
961 1085 24 18 är
1001 1082 36 21 det

209 1112 109 26 stadgadt,
335 1113 31 20 att
382 1111 204 21 kronolänsmannen
603 1110 31 22 fär
650 1111 118 21 bestämma
784 1117 35 15 om
835 1111 143 27 vintervägen.
996 1111 41 26 Jag

212 1141 79 20 förstär
307 1140 17 27 ej
342 1140 85 21 hvarför
443 1140 45 21 icke
503 1140 207 21 kronolänsmannen
727 1141 5 19 i
749 1140 36 21 det
801 1139 57 22 förra
875 1139 108 22 afseendet
999 1146 37 15 an-

210 1175 34 15 ses
267 1175 52 15 vara
342 1169 43 20 lika
401 1168 117 27 förständig
534 1175 44 14 som
595 1168 6 21 i
618 1169 35 20 det
668 1174 81 15 senare.
781 1168 43 21 För
840 1168 63 27 öfrigt
919 1167 66 22 finnes
1001 1169 36 20 det

211 1197 84 24 ställen,
312 1197 37 21 der
364 1197 220 26 sommarlandsvägen
601 1197 39 21 alls
655 1197 46 21 icke
718 1197 108 27 begagnas
842 1203 34 15 om
892 1197 89 26 vintern,
997 1197 40 21 och

210 1232 35 15 om
270 1226 27 26 pä
320 1226 80 21 sädana
423 1225 75 22 ställen
522 1226 136 25 vintervägen
682 1225 82 27 plogas,
787 1226 62 21 torde
872 1226 35 21 det
930 1232 51 15 vara
996 1225 41 22 till-

211 1255 97 26 räckligt.

281 1317 154 26 Kyrkoherden
476 1317 130 20 Törnudd:
632 1317 95 26 Pykälän
743 1316 90 22 toisessa
849 1317 106 21 kohdassa
970 1317 67 26 puhu-

210 1349 52 18 taan
279 1346 118 21 sellaisesta
413 1345 248 27 poikkeustapauksesta,
676 1345 51 26 joka
744 1352 26 14 on
784 1345 154 28 jokavuotinen
951 1345 22 26 ja
989 1345 48 22 siitä

211 1376 74 25 syystä
300 1381 26 14 on
343 1374 92 27 puheina
450 1374 74 21 olevaa
539 1373 121 27 helpotusta
676 1376 74 19 varten
767 1374 141 21 kuvernöörin
924 1373 50 28 lupa
989 1375 48 20 kat-

210 1405 60 19 sottu
293 1403 162 26 tarpeelliseksi.
486 1403 26 21 Ja
537 1409 74 14 varma
627 1403 70 26 onkin,
714 1405 46 19 että
773 1403 35 26 jos
821 1405 45 19 tätä
882 1404 120 25 määräystä
1019 1403 18 20 ei

210 1433 73 19 asetus
300 1431 154 21 ehdotuksessa
470 1431 51 26 olisi,
537 1437 22 15 se
575 1431 19 21 ei
609 1431 52 21 voisi
678 1431 66 21 saada
760 1431 128 21 hallituksen
899 1431 137 21 vahvistusta.

211 1460 156 20 Kolmannessa
391 1460 105 21 kohdassa
512 1462 46 18 taas
573 1459 109 27 puhutaan
699 1460 60 20 aivan
776 1460 157 20 satunnaisesta
948 1459 90 27 tapauk-

211 1490 64 23 sesta,
295 1488 46 27 jota
363 1490 75 20 varten
459 1489 18 21 ei
493 1488 79 21 mitään
588 1488 142 21 kuvernöörin
746 1490 122 25 määräystä
883 1488 76 27 ajoissa
975 1489 63 20 ennä-

209 1517 83 21 tettäisi
308 1517 71 21 saada.
