1103 1803
232 133 42 21 878
459 138 163 17 Presteständet
634 138 56 17 1882.
714 138 23 17 21
751 137 59 21 april.

276 206 85 22 Doktor
377 206 135 22 Geitlin:
536 207 33 21 En
585 206 57 22 minä
658 206 65 22 tahdo
734 208 110 20 vastustaa
855 205 112 28 professori
980 205 56 22 Kos-

203 235 61 21 kisen
289 235 122 27 ehdotusta,
437 237 69 19 mutta
530 236 73 20 minun
628 237 73 25 täytyy
726 236 107 26 myöntää,
849 235 63 21 ett'en
927 236 109 25 ymmärrä

204 264 54 21 mitä
273 264 79 27 hyötyä
373 264 50 21 siitä
441 264 147 21 muutoksesta
608 264 124 21 oikeastaan
754 263 108 21 karttuisi.
891 263 38 21 Jos
945 263 90 21 vanhain

205 292 139 28 vuokraajain
366 292 96 22 oikeutta
483 295 85 19 otetaan
587 292 116 22 huomioon
719 292 110 26 vast'edes,
846 292 43 21 niin
904 298 23 15 se
943 298 26 14 on
985 298 49 14 van-

205 321 63 27 hojen
285 321 159 21 arentimiesten
461 321 81 25 eduksi,
559 321 67 21 muita
642 321 57 27 etuja
714 321 107 21 vanhoille
838 320 163 22 arentimiehille
1016 322 19 18 ei

205 350 81 27 tietysti
303 350 63 20 voida
381 351 63 20 antaa
460 350 51 21 kuin
527 351 45 20 että
587 350 27 20 he
630 350 43 21 niin
690 349 71 21 kauan
777 349 50 21 kuin
843 348 136 22 mahdollista
988 354 47 15 saa-

205 380 36 19 vat
257 378 84 21 arentia
355 378 75 26 jatkaa
442 378 24 27 ja
481 380 45 19 että
538 378 96 27 myöskin
645 379 62 20 uutta
717 378 83 21 arentia
812 377 149 21 määrättäissä
971 377 64 20 muis-

206 408 79 24 tetaan,
303 408 44 20 että
364 406 64 21 heillä
443 413 26 14 on
486 407 68 20 vanha
571 407 151 21 arentioikeus.

276 459 149 26 Öfverläraren
449 463 151 22 Kihlman:
625 463 44 27 Mig
691 470 61 21 synes
776 463 36 22 det
834 469 51 15 vara
899 462 135 27 tämmeligen

207 492 88 27 onödigt
310 494 33 19 att
365 492 63 21 tvista
450 499 34 14 om
508 492 104 21 huruvida
633 492 115 27 ordalagen
770 492 32 21 uti
818 492 68 21 denna
902 492 57 21 kläm
975 491 60 21 skola

206 527 52 15 vara
283 521 81 21 sådana
390 521 106 21 utskottet
518 521 90 21 föreslår
631 521 52 21 eller
703 521 82 21 sådana
807 521 105 26 professor
927 520 107 21 Koskinen

207 549 95 24 föreslår,
319 555 34 16 om
370 555 48 15 man
433 549 67 21 slutar
510 550 47 20 med
570 551 45 22 ,,att
626 549 144 27 föreliggande
781 549 178 27 petitionsförslag
969 549 67 20 måtte

207 578 82 21 lemnas
305 579 51 19 utan
369 578 117 20 afseende".
516 578 42 21 Det
573 580 25 19 är
612 578 126 26 uppenbart,
755 580 33 18 att
798 578 104 20 utskottet
913 578 78 20 önskar
1003 578 33 20 att

207 606 104 27 styrelsen
328 606 67 21 måtte
410 606 34 21 vid
459 606 99 21 framtida
574 606 126 27 disposition
716 606 21 21 af
752 606 82 21 kronan
850 605 109 27 tillhöriga
973 605 61 21 fiske-

208 635 43 21 rier
267 637 49 24 taga
333 634 60 27 billig
409 634 79 28 hänsyn
505 635 32 21 till
550 635 189 21 arrendatorernes
750 635 40 21 och
801 634 67 27 öfriga
879 634 157 27 hemmansega-

208 669 48 15 rens
272 663 28 27 på
315 665 61 19 orten
392 663 110 21 intressen.
533 664 65 20 Detta
615 664 72 26 tyckes
703 664 65 21 också
781 670 52 14 vara
844 663 105 27 professor
960 662 77 22 Koski-

208 698 52 15 nens
276 692 89 24 önskan,
382 692 68 21 fastän
466 692 6 20 i
487 698 68 15 annan
572 692 60 21 form.
663 692 33 21 Då
712 698 48 15 man
776 692 39 21 har
830 698 26 15 en
872 691 65 21 sådan
949 691 87 26 önskan,

209 721 42 20 kan
265 720 38 27 jag
318 721 18 26 ej
354 720 67 21 förstå
443 720 86 21 hvarför
552 727 48 14 man
617 720 18 27 ej
652 720 34 21 vill
704 721 68 20 uttala
788 721 129 20 densamma.
948 720 88 26 Följden

209 749 24 20 af
247 751 31 19 ett
294 749 77 20 sådant
386 749 121 21 förfarande
523 749 40 21 blir
578 749 135 27 naturligtvis
729 751 31 19 att
776 748 103 28 styrelsen
895 749 18 26 ej
930 750 60 25 tager
1001 748 36 21 nå-

210 783 41 20 gon
275 777 56 21 notis
353 783 33 15 om
404 777 47 21 hela
467 778 68 20 denna
556 777 43 22 sak.
631 777 42 22 Vill
689 784 48 15 man
754 778 43 23 det,
814 783 44 16 som
874 777 105 21 utskottet
994 777 43 25 vill,

210 806 67 21 borde
293 805 107 22 klämmen
416 805 20 22 få
451 812 25 15 en
493 806 79 27 lydelse
588 805 88 22 alldeles
692 808 90 19 motsatt
798 806 32 21 till
846 806 40 21 den
901 805 80 27 lydelse
997 805 40 21 den

210 835 45 20 har.
287 834 42 21 Det
351 834 67 21 borde
434 835 26 20 då
476 835 54 26 heta,
553 837 43 24 ,att
618 835 116 21 ständerna
754 835 52 26 vilja
825 835 108 20 inkomma
948 834 49 21 med
1012 840 25 15 en

210 863 90 26 petition
324 863 32 20 till
380 863 123 26 regeringen
524 863 80 26 derom,
628 865 32 19 att
675 863 105 28 styrelsen
803 863 34 21 vid
852 863 100 21 framtida
968 863 71 26 dispo-

210 891 64 22 sition
290 891 23 21 af
327 891 93 21 kronans
442 891 96 22 fiskerier
559 892 67 21 måtte
642 894 49 25 taga
713 892 60 26 billig
792 892 80 27 hänsyn
888 891 32 21 till
936 890 103 28 ifrågava-

211 920 66 21 rande
292 919 165 22 förhållanden."

281 977 84 21 Doktor
380 976 132 21 Geitlin:
536 977 41 21 Det
592 976 190 27 petitionsförslag,
798 983 45 15 som
859 977 106 20 föranledt
980 977 59 21 detta

211 1005 142 24 betänkande,
369 1007 24 19 är
409 1006 141 26 egendomligt
566 1005 73 22 derför
654 1008 32 18 att
702 1005 5 21 i
721 1006 119 21 detsamma
850 1005 63 27 yrkas
924 1005 27 27 på
962 1007 77 19 tvänne

211 1036 104 19 motsatta
331 1033 68 22 saker.
429 1033 36 22 Uti
481 1033 65 22 första
562 1034 84 27 stycket
661 1034 26 27 på
703 1034 79 27 pagina
798 1035 12 20 2
821 1033 124 22 framhåller
957 1033 83 28 petitio-

211 1064 66 19 nären
293 1064 32 18 att
341 1063 94 25 köparen
450 1063 96 20 kommer
568 1065 32 18 att
614 1063 45 20 lida
674 1064 46 19 stor
736 1062 78 21 förlust
829 1062 27 21 då
871 1063 169 25 uppsägningsti-

212 1090 40 21 den
268 1092 25 19 är
308 1090 75 21 endast
399 1091 12 20 8
427 1090 30 21 år.
488 1091 48 20 Han
551 1091 69 21 skulle
640 1091 83 21 således
740 1091 67 20 önska
822 1092 32 19 att
870 1090 171 27 uppsägningsti-

211 1119 40 20 den
268 1119 69 21 skulle
353 1119 114 26 förlängas.
498 1119 35 21 Uti
550 1119 66 26 derpä
636 1119 94 27 följande
746 1119 84 26 mening
846 1119 79 21 önskar
940 1119 41 20 han
997 1121 44 24 ,att

211 1148 34 21 lax
262 1147 39 22 och
317 1147 98 22 sikfisket
431 1147 54 22 efter
500 1147 160 22 arrendetidens
676 1148 80 27 utgång
772 1148 13 21 å
800 1154 40 21 nyo
857 1148 66 21 måtte
935 1147 66 27 gifvas
1013 1148 28 26 på

212 1176 90 21 arrende
318 1176 22 21 åt
356 1176 43 21 alla
414 1183 62 20 egare
492 1176 24 21 af
527 1177 48 26 jord
596 1177 56 20 inom
668 1177 91 20 nämnde
776 1176 145 21 kommuner."
952 1176 89 27 Följden

212 1205 61 21 deraf
288 1207 24 19 är
327 1206 33 19 att
376 1205 26 20 de
418 1205 74 21 fordna
507 1205 130 21 kontrakten
653 1205 68 21 måste
737 1204 125 27 upphäfvas.
888 1205 74 21 Redan
974 1205 67 21 denna

212 1233 127 27 motsägelse
355 1233 6 21 i
377 1233 117 27 petitionen
510 1233 74 22 väckte
600 1234 40 21 hos
655 1233 107 22 utskottet
778 1233 79 21 tanken
873 1233 27 27 på
911 1233 130 26 nödvändig-

211 1261 65 22 heten
291 1263 33 20 att
339 1262 70 21 lemna
425 1261 47 22 hela
487 1262 204 27 petitionsförslaget
706 1264 52 19 utan
775 1262 105 21 afseende.
911 1262 49 21 Men
971 1261 71 22 dertill

212 1290 97 21 kommer
323 1290 131 27 ytterligare,
471 1293 32 19 att
518 1291 69 21 såsom
603 1297 25 14 ur
644 1291 40 21 den
700 1291 7 20 i
722 1291 146 21 betänkandet
883 1290 104 27 ingående
997 1290 45 21 vid-

212 1318 75 27 lyftiga
303 1318 117 22 historiken
436 1319 98 26 framgår,
554 1320 124 26 regeringen
694 1319 6 21 i
716 1319 76 28 själfva
807 1319 74 21 verket
896 1319 39 21 har
950 1319 92 27 vidtagit

212 1347 107 27 åtgärder,
336 1353 45 16 som
397 1353 49 16 man
462 1348 67 21 måste
544 1348 95 21 erkänna
655 1354 51 15 vara
721 1348 23 21 af
759 1348 41 21 den
816 1347 146 22 beskaffenhet
972 1349 32 20 att
1015 1348 27 21 de

212 1375 65 22 hafva
291 1378 86 24 gagnat,
393 1376 39 21 och
448 1376 36 21 det
500 1382 37 15 var
552 1377 48 21 med
616 1376 100 22 afseende
732 1377 60 26 härå,
808 1382 45 15 som
870 1376 105 22 utskottet
985 1379 57 19 stan-

212 1405 55 21 nade
283 1405 34 20 vid
332 1411 26 14 en
374 1405 66 21 sådan
455 1405 107 25 slutkläm,
578 1411 45 16 som
639 1411 29 15 nu
683 1405 7 21 i
706 1405 146 22 betänkandet
867 1404 74 22 finnes.

282 1461 111 21 Professor
414 1462 150 26 Forsman,
580 1461 26 22 G.
622 1462 35 21 Z.:
681 1462 68 21 Olisin
772 1462 137 27 epäilemättä
925 1461 74 27 tehnyt
1009 1466 34 16 sa-

212 1489 112 22 mallaisen
340 1489 133 23 ehdotuksen
488 1490 51 22 kuin
554 1490 64 22 herra
634 1490 108 25 Kihlman,
756 1490 34 27 jos
806 1490 61 22 olisin
882 1490 74 22 voinut
966 1490 77 20 katsoa

212 1518 161 22 mahdolliseksi
389 1519 64 21 saada
469 1519 91 21 toimeen
571 1518 146 28 jonkunlaista
736 1520 99 26 päätöstä
852 1518 67 22 siihen
931 1519 111 23 suuntaan,
