1103 1803
316 136 161 17 Presteståndet
490 137 59 16 1882.
574 137 22 17 31
609 141 61 13 mars.
836 132 40 21 695

77 208 48 18 män
142 206 40 25 lag,
198 205 85 21 hvilken
300 205 75 20 endast
391 205 40 20 kan
448 206 76 26 stadga
540 211 25 15 en
581 205 70 26 gifven
667 205 81 27 premie
758 205 44 21 lika
814 205 32 21 för
856 206 48 26 alla,

77 234 28 21 dä
127 234 95 21 deremot
244 240 25 14 en
292 233 107 27 belöning,
417 239 45 15 som
479 234 89 20 utfästes
584 233 28 27 pä
627 233 157 21 administrativ
799 235 45 25 väg,
860 235 43 20 kan

77 262 82 27 lämpas
175 262 53 21 efter
243 262 100 21 behofvet
359 262 26 26 pä
402 262 56 21 olika
474 262 84 21 trakter
573 262 38 21 och
623 262 68 20 under
701 262 59 21 olika
770 262 62 25 tider,
842 262 62 21 hvar-

77 291 83 27 igenom
183 292 39 20 den
247 290 60 22 alltid
324 290 67 21 mäste
407 290 64 21 blifva
488 290 161 22 verksammare.
680 290 34 21 Dä
730 291 37 21 det
783 291 46 21 äter
844 293 60 25 tages

76 326 5 14 1
99 320 144 24 betraktande,
265 321 32 19 att
313 319 36 20 det
365 325 40 20 nya
420 319 137 27 lagförslaget
573 319 64 21 också
652 318 120 22 innehåller
787 320 65 26 några
868 320 35 21 be-

75 349 132 24 stämningar
228 348 109 25 angående
361 347 143 26 fångstsättet,
521 349 6 20 i
544 348 35 20 det
602 351 32 17 att
656 348 118 20 detsamma
794 348 109 27 förbjuder

75 377 138 20 användande
236 376 23 21 af
279 382 74 15 snaror
374 376 38 21 och
434 376 45 26 gift,
496 376 70 21 kunde
581 376 35 21 väl
631 376 46 21 häri
693 382 63 21 synas
772 383 50 14 vara
839 377 64 26 något

76 405 45 21 skäl
137 405 32 20 för
185 405 148 26 lagförslagets
349 404 165 27 framträdande,
529 411 47 15 men
593 405 55 20 hvad
663 411 78 14 snaran
759 405 106 23 beträffar,
879 405 24 21 så

75 434 41 20 kan
141 433 34 22 det
197 436 66 19 sättas
278 434 7 20 i
301 433 66 26 fråga,
390 433 54 21 huru
468 434 40 20 den
525 433 40 21 kan
582 435 55 19 ännu
654 433 105 21 undvaras
775 435 69 20 såsom
861 434 40 21 den

77 463 65 20 borde
163 463 111 20 undvaras.
305 462 34 21 Då
358 468 48 15 man
428 462 111 21 betraktar
561 461 146 28 djurfångsten
727 469 25 14 ur
768 463 133 26 synpunkten

75 490 24 21 af
113 491 80 26 näring,
211 491 66 21 måste
293 491 55 20 hvad
365 491 66 26 angår
449 491 111 26 förgiftadt
575 491 98 20 lockbete
689 491 87 26 erinras,
793 493 31 19 att
840 491 61 21 kom-

76 526 102 14 munerna
193 520 7 20 i
217 520 59 21 detta
291 519 43 26 fall,
350 520 23 20 så
388 519 45 21 vidt
446 519 38 27 jag
499 521 41 24 vet,
554 519 170 27 mångenstädes,
735 526 34 15 om
781 520 63 21 också
855 520 46 21 icke

75 548 104 26 öfverallt,
202 549 62 20 hafva
286 548 53 26 tagit
362 548 31 26 sig
416 549 65 20 saken
504 555 26 14 an
553 548 38 21 och
607 548 47 26 gått
669 549 70 20 denna
754 549 35 26 lag
805 549 5 20 i
826 548 75 27 förväg

75 583 76 20 genom
173 578 32 19 att
227 576 128 22 säkerställa
370 577 31 26 sig
418 576 32 21 för
467 577 25 20 de
509 576 82 26 vådliga
607 576 110 26 följderna,
734 583 44 15 som
794 577 106 21 oaktsam-

75 605 37 21 het
128 606 38 20 och
188 605 53 21 slarf
255 606 6 20 i
277 605 60 21 detta
353 605 97 21 afseende
467 606 71 20 kunna
554 605 101 21 medföra.
686 605 112 21 Utskottet
813 606 39 20 har
867 606 33 21 väl

75 634 70 27 tillagt
166 634 65 26 några
247 634 158 26 bestämningar
421 634 6 20 i
444 634 60 20 detta
520 634 128 25 hänseende,
665 640 47 14 men
728 634 25 21 de
770 634 60 21 torde
846 634 54 22 dock

75 669 50 14 vara
141 662 24 22 af
179 664 39 20 den
234 665 39 23 art,
290 665 32 18 att
337 663 26 20 de
379 662 81 21 saklöst
475 662 71 21 kunna
562 662 117 21 tilisvidare
690 663 112 21 undvaras.
825 663 74 21 Såsom

71 692 38 26 jag
124 692 65 20 redan
205 692 5 20 i
226 692 43 20 min
291 692 133 20 vördsamma
446 691 131 21 reservation
593 691 123 26 framhållit,
733 694 45 18 tror
791 691 36 27 jag
843 692 57 21 dess-

74 724 59 17 utom
156 723 31 18 att
208 726 24 15 en
257 720 77 21 allmän
357 720 34 25 lag
412 720 46 20 icke
481 720 42 20 kan
539 720 6 19 i
562 719 64 26 detalj
643 720 82 25 reglera
738 720 46 26 jagt
799 721 27 25 på
842 720 57 21 olika

73 750 64 23 orter,
162 751 21 24 ty
206 749 39 20 här
266 750 51 25 göra
333 749 31 26 sig
380 748 207 21 lokalförhållanden
604 749 23 20 så
643 748 83 27 mycket
746 748 105 27 gällande,
867 751 32 18 att

74 783 48 15 man
141 777 66 26 knapt
226 777 41 21 kan
287 777 65 20 tänka
371 777 32 25 sig
418 783 24 15 en
460 777 78 21 allmän
554 777 40 26 lag,
612 783 44 14 som
673 777 69 21 skulle
757 777 83 27 reglera
852 777 47 26 jagt

73 805 46 22 från
135 806 40 21 den
191 806 76 26 högsta
282 806 80 21 norden
378 805 33 21 till
427 806 25 20 de
468 806 114 26 sydligaste
598 805 87 21 delarne
700 806 6 20 i
723 805 77 22 landet.

143 834 30 21 På
193 835 68 26 grund
278 835 21 20 af
313 835 40 20 allt
368 834 59 21 detta
442 836 24 19 är
483 835 41 20 min
541 835 146 26 öfvertygelse,
703 836 33 19 att
752 834 38 21 den
807 834 91 22 erfaren-

73 863 37 21 het
125 865 56 19 ännu
197 863 46 21 icke
259 865 24 18 är
298 869 90 19 vunnen,
404 869 45 15 som
466 863 68 21 skulle
551 863 71 20 kunna
639 863 56 26 tjena
711 863 69 21 såsom
796 863 102 27 underlag

72 891 34 21 för
128 892 100 21 stiftande
245 892 22 20 af
281 898 25 20 ny
323 892 34 25 lag
372 891 28 27 på
416 893 60 19 detta
498 892 94 25 område,
608 893 51 19 utan
675 892 61 20 torde
752 892 87 21 därmed
855 894 44 19 rät-

73 922 43 19 tast
138 921 52 20 böra
210 921 67 25 anstå,
297 921 33 20 till
351 921 48 20 dess
421 920 204 21 tidsförhållandena
640 920 56 26 gifva
712 927 25 14 en
753 921 62 20 säker
830 921 68 25 grund

71 949 34 20 för
121 955 24 14 en
162 949 65 21 sådan
244 950 39 26 lag.
313 950 41 25 Jag
369 949 63 20 utber
447 949 43 26 mig
502 951 55 18 ännu
568 951 32 18 att
611 949 22 21 få
644 949 113 21 framhålla
768 952 32 18 att
810 950 87 25 gransk-

72 978 76 25 ningen
171 977 22 21 af
212 977 58 22 detta
293 978 111 26 aktstycke
426 978 76 26 tydligt
522 984 37 21 ger
581 977 33 21 vid
638 977 90 26 handen,
751 980 33 18 att
799 977 39 21 den
862 979 35 20 be-

71 1006 88 21 stående
181 1007 60 26 lagen
264 1013 49 20 eger
331 1009 32 18 ett
379 1007 118 26 synnerligt
514 1006 107 21 företräde
637 1006 87 21 framför
740 1006 76 26 många
832 1007 65 21 andra

69 1035 44 26 just
128 1035 48 21 med
191 1035 100 21 afseende
307 1035 12 21 å
335 1035 177 26 tillämpligheten
526 1035 39 21 och
576 1034 196 27 fullständigbeten.
796 1035 31 20 De
839 1035 59 26 lagar

71 1063 61 21 torde
152 1070 51 14 vara
224 1064 80 25 ganska
322 1063 27 25 få,
366 1063 71 21 hvilka
453 1070 33 13 om
504 1064 25 20 de
545 1063 142 20 underkastas
703 1070 24 13 en
744 1063 23 20 så
783 1069 114 21 noggrann,

71 1093 32 19 att
119 1091 18 26 ej
154 1093 57 25 säga,
226 1091 114 27 pedantisk
353 1091 97 27 pröfning
466 1098 45 14 som
528 1092 39 20 den
584 1091 121 21 nuvarande
720 1091 115 27 jagtlagen,
852 1091 44 22 icke

71 1120 68 21 skulle
155 1121 69 20 lemna
240 1127 43 14 rum
301 1120 32 21 för
349 1121 49 20 vida
413 1120 105 27 vigtigare
534 1120 165 26 anmärkningar
714 1122 26 19 än
757 1120 74 21 denna.
857 1120 40 27 Jag

71 1148 62 21 utber
156 1149 42 26 mig
224 1149 71 21 derför
319 1151 32 18 att
369 1149 20 21 fä
404 1149 75 26 förnya
494 1150 43 20 min
553 1148 126 21 hemställan
696 1155 33 14 om
746 1149 58 20 detta
820 1149 76 26 lagför-

69 1177 57 26 slags
142 1177 104 27 läggande
261 1177 32 21 till
310 1177 162 26 handlingarne.

138 1234 89 21 Prosten
253 1235 94 26 Hjelt:
368 1235 31 20 De
414 1235 128 26 föregående
558 1234 95 21 talarene
669 1234 62 21 hafva
747 1235 65 20 redan
828 1235 68 26 ingått

70 1263 31 20 uti
124 1269 25 14 en
173 1263 64 21 kritik
253 1263 21 21 af
292 1263 25 21 de
334 1263 95 21 enskilde
452 1263 159 27 paragraferne.
642 1263 41 21 Det
699 1263 77 20 blifver
791 1263 58 20 svärt
864 1265 32 19 att

69 1292 83 20 minnas
175 1292 41 21 alla
239 1292 172 26 anmärkningar,
426 1298 45 15 som
488 1292 70 21 blifvit
573 1292 82 26 gjorda,
671 1298 46 14 men
733 1291 35 26 jag
783 1291 53 21 skall
853 1291 43 22 för-

68 1320 53 21 söka
142 1322 32 19 att
197 1320 84 21 bemöta
300 1321 128 20 ätminstone
445 1321 67 26 nägra
527 1320 22 21 af
564 1321 52 20 dem.
646 1321 49 20 Just
712 1320 82 21 derföre
810 1322 32 19 att
858 1321 37 20 hos

69 1355 34 15 oss
125 1349 46 20 icke
193 1349 62 26 gälde
277 1349 66 27 näyra
368 1349 66 21 andra
458 1349 131 27 stadganden
613 1351 26 18 än
656 1349 55 20 hvad
727 1355 44 14 som
788 1355 36 14 var
840 1348 55 22 före-

69 1377 90 21 skrifvet
173 1377 6 21 i
197 1379 54 19 1734
267 1378 35 21 ärs
318 1378 33 26 lag
367 1378 39 21 och
423 1378 47 21 dess
486 1378 24 21 B.
526 1378 24 21 B.
567 1379 26 19 23
610 1378 47 26 kap.
673 1383 38 15 var
726 1383 25 15 en
766 1377 80 27 jagtlag
858 1377 37 21 hos

69 1413 34 14 oss
123 1406 88 21 alldeles
232 1407 126 25 nödvändig.
389 1407 112 26 Principen
523 1407 33 20 för
578 1407 122 20 densamma
722 1406 123 21 faststäldes
860 1406 35 21 vid

69 1435 156 21 ständermötet
241 1435 24 21 är
283 1437 52 19 1863
351 1435 40 21 och
403 1435 27 26 pä
440 1436 68 26 grund
520 1436 24 20 af
554 1435 120 20 densamma
687 1435 127 26 uppgjordes
826 1434 69 20 seder-

69 1469 57 15 mera
149 1463 40 21 den
212 1463 131 27 proposition
367 1463 85 21 hvilken
474 1464 34 20 för
526 1463 114 21 ständerna
660 1463 114 21 framlades
789 1462 34 21 vid
841 1463 53 21 1867

67 1492 36 20 ärs
119 1492 107 26 landtdag.
257 1492 40 21 Det
313 1494 24 18 är
352 1492 63 26 klart,
439 1494 33 18 att
493 1494 39 18 när
548 1498 48 14 man
613 1492 90 26 begynte
719 1492 47 20 med
782 1491 65 26 nägot
862 1491 34 21 för

69 1526 35 15 oss
124 1520 87 22 alldeles
232 1523 47 25 nytt
295 1526 25 15 en
336 1521 77 26 mängd
436 1520 162 26 medgifvanden
615 1520 95 26 insmögo
726 1520 38 26 sig,
780 1526 44 15 som
841 1520 54 20 erfa-
