1103 1803
236 128 43 22 930
452 134 162 17 Presteståndet
625 135 59 17 1882.
707 135 28 17 25
744 135 62 21 april.

277 202 148 23 Öfverläraren
447 203 160 21 Kihlman:
639 204 74 20 Denna
737 204 150 26 ölförfattning
909 204 60 21 torde
992 204 47 20 icke

208 232 86 21 komma
317 234 32 19 att
371 232 43 21 lida
433 232 72 27 derpå,
521 238 34 15 om
572 232 69 21 denna
656 232 102 27 paragraf
772 232 69 21 skulle
857 233 58 25 utgå.
945 232 36 22 Uti
997 232 40 20 den

210 262 24 19 11
259 261 12 25 &
293 261 88 27 stadgas
404 261 54 21 huru
480 260 89 22 förfaras
586 260 44 24 bör,
646 266 35 15 om
697 261 71 27 någon
785 260 35 22 vill
836 260 108 22 förvärfva
959 261 31 26 sig
1005 263 33 18 ut-

208 288 239 28 skänkningsrättighet.
485 290 39 20 Att
552 289 101 21 särskildt
677 288 69 22 införa
770 290 134 25 stadganden
929 289 109 27 angående

209 318 55 21 hvad
280 318 139 26 magistraten
440 318 39 21 bör
494 320 52 24 göra
561 317 182 27 förberedelsevis,
760 320 24 19 är
800 317 131 28 fullkomligt
946 317 93 27 onödigt.

209 346 141 26 Magistraten
366 346 51 21 eller
434 346 159 21 vederbörande
608 346 85 21 komma
709 346 137 26 naturligtvis
860 348 33 19 att
903 349 50 24 taga
963 346 74 21 ansök-

209 375 78 26 ningen
302 375 7 20 i
325 375 142 21 betraktande
484 375 39 21 och
539 375 20 20 in
571 381 50 14 casu
632 375 79 26 afgöra,
722 381 34 14 om
769 375 67 26 några
847 375 39 21 och
898 375 55 21 huru
963 375 76 26 många

209 403 232 26 utskänkningsställen
464 405 46 24 äro,
526 403 111 26 behöfliga.
667 403 41 27 Jag
726 403 92 22 föreslår
834 403 82 22 således
931 406 32 19 att
979 410 59 21 para-

209 431 74 25 grafen
299 433 67 20 måtte
381 432 58 27 utgå.

279 488 205 28 Kontraktsprosten
505 489 170 21 Stenbäck:
707 489 113 21 Professor
835 489 63 22 Cleve
914 490 19 20 ei
949 490 34 21 ole
996 490 41 26 jät-

209 519 61 25 tänyt
292 517 141 22 huomioonsa
457 519 114 20 ottamatta
587 518 125 21 ainoastaan
728 518 48 25 sitä,
793 518 52 21 mitä
861 518 176 27 tuomioprovasti

210 546 90 21 Renvall
316 546 98 26 mainitsi,
431 552 53 15 vaan
500 546 96 26 myöskin
612 552 45 20 sen,
673 547 52 20 mitä
740 548 62 25 sääty
808 547 23 25 jo
840 553 27 15 on
881 548 111 25 päättänyt
1003 547 33 20 9:n

211 575 34 26 S:n
261 575 90 21 toisessa
366 574 142 27 momentissa,
522 574 59 26 jossa
597 574 171 28 mallasjuomain
785 575 184 21 anniskeluoikeus
985 575 52 21 kau-

210 603 107 26 pungeille
334 604 146 25 myönnetään.
511 603 95 21 Puheina
622 603 96 21 olevassa
733 604 116 26 pykälässä
864 606 104 18 annetaan
985 610 53 14 vaan

210 632 120 26 tarkempia
354 632 140 26 määräyksiä,
514 632 58 20 millä
587 631 78 22 tavalla
682 634 58 19 tämä
757 634 125 25 myönnetty
898 632 72 21 oikeus
986 632 52 21 kau-

210 660 115 27 pungeissa
341 666 27 15 on
384 661 91 21 toimeen
491 662 97 24 pantava.
620 660 57 22 Minä
693 660 110 28 hyväksyn
820 661 141 21 valiokunnan
974 660 63 22 ehdo-

210 689 83 21 tuksen.

280 746 110 21 Professor
413 746 104 21 Cleve:
548 745 96 21 Oaktadt
658 746 23 21 sä
697 746 78 26 många
792 749 101 18 motsatta
908 746 129 27 påståenden

211 775 41 20 kan
269 774 36 27 jag
327 775 19 26 ej
363 774 110 26 medgifva,
490 776 31 19 att
535 774 36 27 jag
586 774 99 21 förbisett
699 775 125 26 någonting.
855 775 40 26 Jag
912 776 37 19 har
964 775 74 20 nämli-

210 809 40 20 gen
274 805 42 19 sett
338 803 33 21 till
392 803 39 21 och
453 803 47 21 med
517 803 61 21 ordet
593 803 132 26 ,huruvida*,
742 809 48 15 men
807 805 17 24 ej
842 804 61 20 aktat
918 803 73 27 nödigt
1006 807 32 17 att

211 832 71 21 dervid
306 832 55 21 fästa
381 831 69 28 nägon
466 831 107 27 synnerlig
589 832 195 26 uppmärksamhet.
815 833 41 26 Jag
871 832 38 21 har
925 832 64 21 ocksä
1004 838 34 15 ve-

210 862 32 19 tat
257 860 23 21 af
293 859 111 22 skilnaden
420 860 89 21 emellan
524 860 143 26 utskänkning
683 861 40 20 och
740 860 125 27 försäljning
881 861 22 20 af
917 861 18 20 öl
952 861 39 20 och
1006 864 30 17 ut-

210 888 38 21 ber
264 889 43 26 mig
322 891 32 18 att
370 889 21 20 fä
406 891 51 24 göra
474 889 135 26 domprosten
620 889 89 20 Renvall
720 889 152 27 uppmärksam
884 889 71 26 derpä.
972 889 65 21 Dom-

210 920 87 23 prosten
321 917 87 22 Renvall
432 918 50 21 sade
505 917 105 26 nämligen
634 920 32 18 att
685 918 70 21 denna
772 918 101 26 paragraf
887 918 18 26 ej
921 917 118 22 innehäller

210 949 66 18 annat
292 948 26 19 än
334 946 56 21 hvad
405 953 44 14 som
461 946 33 21 för
510 946 72 21 landet
598 948 23 19 är
636 946 105 26 gällande.
765 947 31 21 Pä
812 947 72 20 landet
895 947 31 20 fär
936 946 102 21 utskänk-

210 975 51 26 ning
272 975 47 21 icke
335 975 138 24 förekomma,
490 975 39 21 och
540 975 69 21 denna
620 975 98 26 paragraf
729 975 54 21 talar
794 975 46 26 just
851 982 32 14 om
896 975 142 26 utskänkning

211 1003 39 21 och
273 1003 109 27 ingenting
403 1006 70 19 annat.
503 1003 41 27 Jag
568 1003 37 21 har
628 1004 52 26 tagit
704 1003 32 22 till
755 1004 63 21 ordet
835 1004 38 21 här
888 1004 32 20 för
936 1006 31 19 att
982 1003 55 22 före-

210 1032 86 21 komma
319 1034 32 19 att
375 1032 67 21 denna
466 1031 100 28 paragraf
585 1032 69 21 blefve
677 1035 93 24 antagen
787 1035 51 18 utan
853 1033 81 26 hänsyn
950 1032 31 21 till
997 1032 40 21 den

210 1061 55 21 väda
291 1061 39 20 den
355 1061 87 21 medför.
473 1060 69 21 Ocksä
568 1061 38 20 har
627 1061 36 26 jag
689 1061 78 26 märkt,
794 1063 32 19 att
851 1061 143 26 utskänkning
1016 1061 23 20 af

210 1088 145 27 maltdrycker
377 1091 24 18 är
424 1088 115 27 medgifven
564 1089 4 20 i
594 1089 66 20 andra
681 1095 63 14 mom.
773 1089 24 20 af
820 1091 12 19 9
858 1089 39 27 &n.
928 1089 48 21 Men
1001 1089 36 21 der

210 1117 61 21 detta
294 1124 62 14 mom.
381 1119 23 19 är
427 1120 91 23 antaget,
534 1119 23 19 är
574 1117 34 21 det
625 1117 63 21 likväl
705 1117 46 21 icke
768 1117 68 27 sagdt,
850 1118 55 21 huru
921 1118 68 20 denna
1005 1120 32 18 ut-

210 1146 119 26 skänkning
345 1146 53 21 skall
415 1146 43 21 ske.
488 1146 41 27 Jag
545 1146 38 21 har
599 1152 27 14 nu
643 1146 116 27 föreslagit,
771 1149 33 18 att
814 1147 68 20 denna
895 1146 142 26 utskänkning

210 1175 54 20 skall
289 1175 37 21 ske
349 1175 75 20 endast
443 1175 6 20 i
463 1175 96 25 förening
574 1175 48 20 med
638 1175 108 26 servering
762 1175 23 20 af
799 1177 49 18 mat.
879 1175 76 20 Häruti
971 1175 66 26 ligger

210 1203 46 21 icke
272 1203 65 27 nägot
352 1203 137 26 förbiseende,
512 1203 46 21 icke
574 1203 66 21 heller
656 1204 118 26 nägonting
790 1205 62 24 orätt,
869 1203 65 22 saken
949 1205 24 20 är
989 1203 48 21 full-

209 1231 90 28 komligt
314 1232 52 21 klar.

280 1288 204 27 Kontraktsprosten
530 1288 139 27 Dahlberg:
697 1289 131 27 Yliopettaja
840 1289 122 21 Kihlmanin
973 1289 64 21 muis-

210 1317 114 21 tutukseen
340 1317 79 21 tahdon
435 1319 88 24 vastata,
540 1319 45 19 että
601 1317 66 21 koska
678 1317 67 21 kukin
758 1317 122 27 kaupungin
891 1318 84 23 asukas,
985 1317 52 27 joka

210 1352 54 15 vaan
287 1352 27 15 on
336 1345 181 27 hyvämaineinen,
540 1352 37 15 saa
600 1348 77 25 pyytää
699 1346 216 26 anniskeluoikeutta,
932 1346 41 21 niin
989 1346 47 21 olisi

210 1375 55 20 siinä
287 1374 138 27 tapauksessa
440 1374 146 21 maistraatille
600 1375 22 25 ja
637 1375 157 21 virkakunnille
810 1375 63 26 hyvin
888 1375 93 20 hankala
997 1375 40 21 sitä

210 1402 86 22 keltään
319 1403 85 20 kieltää.
435 1403 40 21 Sen
499 1403 78 20 tähden
601 1409 26 15 on
650 1403 62 21 aivan
736 1405 96 24 suotava,
856 1405 44 20 että
915 1403 122 26 kaupungin

209 1431 89 21 hallitus
319 1431 22 26 jo
365 1431 113 21 ennakolta
501 1433 93 24 määrää,
617 1432 79 20 kuinka
719 1434 75 18 monta
810 1433 118 25 myymälää
944 1432 92 20 saadaan

209 1462 84 19 asettaa
313 1460 23 26 ja
352 1460 64 20 mihin
432 1459 136 27 paikkoihin
557 1455 13 35 ;
585 1460 49 21 sitte
650 1466 21 15 se
687 1462 87 20 saattaa
790 1462 102 24 määrätä,
907 1460 84 22 kenelle
1006 1460 31 20 oi-

209 1488 53 21 keus
278 1490 115 19 annettava
403 1494 27 15 on
441 1488 47 22 eikä
503 1495 37 15 sen
559 1488 88 22 tarvitse
662 1494 37 16 sen
712 1488 87 27 jälkeen
816 1491 53 19 enää
880 1491 58 19 ottaa
949 1491 88 18 vastaan

209 1517 80 21 mitään
313 1516 256 22 anniskeluhakemuksia.
606 1517 132 22 Luultavasti
763 1524 27 14 on
813 1516 223 29 kaupunginhallituk-
