1103 1803
229 140 56 21 1030
450 146 160 18 Presteständet
624 147 56 17 1882.
705 148 13 15 2
730 147 46 21 maj.

200 216 23 19 är
239 214 84 21 ståndet
341 214 133 28 naturligtvis
490 215 129 27 fullkomligt
635 215 125 27 berättigadt
775 217 30 19 att
820 214 151 22 återremittera
987 214 41 20 frå-

200 249 49 20 gan,
264 249 49 15 men
333 243 36 27 jag
387 242 84 22 befarar
490 246 29 18 att
539 244 109 20 resultatet
663 244 21 20 af
699 250 27 14 en
742 244 64 20 sådan
823 243 119 21 återremiss
959 242 68 22 blefve

200 271 81 27 ganska
297 272 64 20 klent.
391 271 107 21 Utskottet
513 272 38 20 har
566 272 129 21 beträffande
706 272 26 21 de
746 272 83 28 platser,
840 272 71 20 hvilka
922 271 106 25 åtskilliga

200 300 66 20 talare
281 300 7 20 i
304 300 41 27 dag
366 300 108 28 föreslagit
489 302 30 19 att
538 301 100 20 utskottet
656 301 62 21 bordt
737 304 47 24 taga
803 300 67 21 under
887 300 140 27 ompröfning,

201 328 66 21 redan
283 328 79 21 lemnat
377 328 23 21 så
416 329 85 27 mycket
514 330 110 26 uppgifter,
638 332 30 18 att
677 330 35 26 jag
724 330 46 20 icke
781 332 44 18 tror
834 331 30 19 att
876 329 100 21 utskottet
987 329 39 20 kan

202 357 33 20 vid
253 363 26 14 en
299 363 28 20 ny
344 357 129 28 behandling
488 358 21 20 af
524 358 73 27 frågan
620 358 84 20 komma
720 358 31 20 till
768 358 66 20 andra
857 358 87 20 resultat
959 360 27 17 än
1002 357 26 20 de

201 385 76 27 gamla.
301 385 167 22 Attinlösandet
480 386 22 21 af
514 386 26 21 de
552 386 76 27 gårdar
638 387 6 19 i
657 389 105 24 qvarteret
772 386 119 26 Tumlaren,
903 392 44 15 som
959 385 68 22 skulle

201 414 102 21 behöfvas
319 414 32 21 för
366 416 30 19 att
411 415 37 20 der
455 415 89 27 uppföra
559 417 29 18 ett
599 415 132 26 ständerhus,
744 415 40 20 blir
800 415 96 26 ofantligt
907 415 53 26 dyrt,
971 414 57 21 detta

201 444 23 19 är
240 443 18 26 ej
276 449 25 14 ur
316 442 68 21 luften
407 445 62 24 taget.
498 443 73 27 Enligt
593 443 106 28 uppgifter
722 443 26 28 på
770 445 32 18 ort
818 443 39 21 och
872 443 60 21 ställe
948 443 37 20 har
997 445 31 18 ut-

201 471 80 20 skottet
291 471 108 26 beräknat,
407 474 30 18 att
444 472 61 21 dessa
513 472 87 27 gårdars
608 472 110 21 inlösande
729 472 69 20 skulle
810 472 93 20 erfordra
912 478 26 14 en
945 478 83 14 summa

201 499 22 20 af
239 500 12 19 5
267 501 13 19 a
295 500 90 26 600,000
405 501 59 20 mark
480 501 38 20 och
539 501 35 26 jag
593 505 43 16 tror
644 503 35 22 att,
697 507 34 14 om
752 501 102 20 utskottet
876 500 63 21 också
960 499 68 21 skulle

201 530 51 25 göra
276 530 29 19 ett
326 528 99 27 förnyadt
446 529 63 20 besök
531 529 38 21 hos
591 529 160 27 gårdsegarene,
772 529 60 20 deras
854 535 48 14 svar
922 528 107 21 sannolikt

203 557 84 20 komme
303 559 30 18 att
352 557 73 21 utfalla
444 557 26 27 på
488 564 82 14 samma
588 560 40 18 sätt
646 564 45 14 som
718 558 60 20 förut.
797 557 74 29 Hvad
895 557 80 27 platsen
992 557 37 21 der

201 584 41 21 den
265 586 124 20 nuvarande
409 586 119 27 högvakten
549 586 43 20 står
612 586 39 21 och
673 586 175 27 packhustomten
870 585 103 27 beträffar,
992 586 38 20 har

201 613 103 21 utskottet
322 620 76 20 genom
414 614 48 21 fullt
478 615 133 26 kompetenta
627 621 100 20 personer
742 614 46 21 låtit
803 614 88 20 anställa
907 620 26 14 en
945 614 23 20 så
979 620 50 21 nog-

202 648 67 20 grann
287 642 159 28 undersökning
460 643 23 21 af
498 644 96 26 grunden
611 644 38 20 här
663 650 44 14 som
722 643 88 27 möjligt,
822 643 38 21 och
872 642 69 22 denna
953 645 76 18 under-

201 670 92 27 sökning
321 671 38 20 har
380 671 45 21 ledt
446 672 32 21 till
501 672 35 20 det
550 672 94 25 resultat,
660 674 29 18 att
704 672 97 26 grunden
818 674 22 18 är
855 672 32 20 för
903 678 25 14 en
945 671 22 21 så
982 678 48 20 pass

201 700 45 20 stor
269 699 99 27 byggnad
387 706 45 14 som
451 702 30 19 ett
498 700 126 21 ständerhus
640 700 135 27 synnerligen
793 700 87 27 otjenlig
896 700 38 20 och
951 702 29 18 att
995 700 36 20 det

202 727 69 21 skulle
288 734 49 14 vara
353 728 95 21 förenadt
464 729 48 20 med
528 731 55 18 stora
600 729 85 27 utgifter
701 732 29 17 att
746 728 20 21 få
782 735 26 14 en
825 728 82 21 hållbar
921 728 68 26 grund
1005 728 26 27 på

203 755 62 22 dessa
281 756 83 27 platser.
395 757 72 21 Skulle
483 764 48 13 man
548 757 72 21 kunna
637 764 48 14 vara
701 757 61 21 säker
778 757 26 27 på
818 760 30 17 att
858 757 25 20 de
895 757 135 26 förhoppnin-

202 791 39 20 gar
261 787 83 24 prosten
366 785 121 28 Rosengren
504 786 71 21 ställer
590 786 25 27 på
632 786 158 20 ständerhusets
806 785 107 27 placering
924 785 25 27 på
960 785 71 21 obser-

203 813 159 28 vatoriebergen
382 814 68 21 skulle
466 815 115 25 realiseras,
598 815 71 20 kunde
689 815 33 20 väl
742 821 33 14 om
798 814 69 21 denna
886 813 60 28 plats”
966 814 65 27 lämp-

203 841 66 26 lighet
284 842 49 27 inga
349 842 56 21 olika
421 843 109 27 meningar
546 843 68 27 hysas,
635 847 22 24 ty
673 843 56 27 poesi
746 843 39 20 och
802 843 53 26 höga
870 843 75 20 tankar
960 844 23 19 är
998 843 33 20 väl

203 870 71 27 någon
290 877 44 14 som
351 873 30 18 ett
395 871 141 22 ständermöte
555 872 106 26 behöfver,
673 878 47 14 men
738 871 62 21 dessa
810 873 36 19 äro
858 871 32 20 väl
902 871 45 20 icke
961 871 71 27 oskilj-

202 899 69 26 aktigt
290 899 81 21 förenat
397 900 47 20 med
472 900 233 27 Observatoriebergen.
736 899 32 22 De
788 900 133 27 synpunkter
939 906 44 14 som
1000 905 32 15 ut-

203 927 79 21 skottet
300 928 94 21 uttalade
415 929 108 26 angående
544 931 28 18 ett
592 929 40 20 hus
649 929 24 26 på
689 929 57 20 detta
763 929 57 25 berg,
837 928 59 21 torde
912 928 63 21 likväl
991 928 41 21 för-

203 956 59 27 tjena
287 956 64 27 något
376 957 105 21 afseende.
510 957 42 28 Jag
571 960 23 18 är
612 957 129 27 fullkomligt
762 957 124 27 öfvortygad
909 957 72 20 derom
1003 960 30 17 att

203 985 120 25 ständerna,
340 985 22 20 så
379 985 61 28 länge
455 986 46 21 icke
517 986 69 27 någon
602 993 70 14 annan
689 986 59 27 plats,
765 985 48 21 med
830 985 26 21 de
877 985 92 21 fördelar
987 992 45 14 som

204 1013 101 21 Servalen
331 1014 39 20 och
389 1016 50 19 utan
455 1015 26 20 de
500 1015 74 20 brister
604 1021 45 14 som
666 1021 48 14 man
731 1021 29 14 nu
777 1014 35 20 vill
829 1014 130 27 nödvändigt
973 1014 59 20 finna

204 1042 39 20 hos
261 1041 107 27 Servalen,
387 1043 40 20 kan
448 1043 92 26 föreslås,
561 1043 70 21 lättast
650 1043 69 21 skulle
738 1043 85 20 komma
842 1043 30 20 till
889 1042 64 21 målet
968 1045 29 18 att
1012 1043 21 20 få

203 1072 30 18 ett
249 1070 96 27 lämpligt
361 1071 38 20 och
415 1071 152 26 jämförelsevis
583 1072 68 26 billigt
666 1072 127 20 ständerhus
809 1071 25 26 på
850 1077 26 14 en
889 1071 92 20 utmärkt
991 1071 40 26 god

204 1098 69 27 grund
295 1099 39 20 och
353 1099 57 20 inom
427 1106 25 14 en
469 1100 46 21 kort
529 1100 91 25 framtid,
636 1107 33 13 om
684 1100 25 21 de
725 1099 69 21 skulle
810 1099 6 20 i
832 1099 66 21 likhet
915 1099 46 20 med
978 1099 54 20 hvad

204 1127 58 20 förut
283 1127 118 28 föreslagits
422 1128 72 21 kunna
515 1128 72 21 förena
607 1129 32 26 sig
654 1135 34 14 om
705 1129 39 20 den
762 1128 22 20 af
799 1128 101 21 utskottet
915 1127 118 27 föreslagna

204 1157 88 19 tomten.

275 1209 146 25 Öfverläraren
444 1213 137 22 Kihlman:
604 1214 49 21 Man
677 1214 67 21 måste
767 1216 50 25 göra
840 1213 83 21 skilnad
944 1213 89 20 emellan

205 1241 55 21 bvad
282 1248 45 14 som
344 1249 29 13 nu
388 1242 93 21 beslutes
499 1243 39 20 och
557 1243 54 20 hvad
628 1249 43 14 som
689 1243 41 20 kan
747 1243 94 20 beslutas
856 1243 65 20 innan
938 1241 96 21 landtda-

205 1275 52 20 gens
273 1270 47 21 slut.
339 1270 69 21 Innan
424 1271 138 27 landtdagens
577 1271 43 21 slut
635 1272 66 20 måste
717 1271 120 26 ständerna,
858 1271 68 20 såsom
949 1272 84 25 prosten

203 1298 110 21 Johnsson
329 1299 38 20 har
382 1299 112 28 föreslagit,
505 1299 82 21 besluta
601 1300 104 20 huruvida
714 1300 26 20 de
752 1300 106 27 principer
874 1299 100 21 utskottet
990 1305 44 14 om-

205 1327 62 20 fattat
277 1327 52 21 eller
339 1327 66 21 andra
415 1328 105 27 principer
530 1329 58 20 skola
600 1329 103 23 omfattas,
715 1329 39 20 och
765 1328 67 21 likaså
844 1327 66 21 måste
921 1327 113 21 ständerna

206 1355 83 22 besluta
308 1356 32 27 sig
358 1356 110 27 angående
484 1357 40 20 den
540 1357 21 20 af
576 1357 105 27 professor
697 1357 65 20 Cleve
780 1357 74 20 väckta
870 1357 80 26 frågan,
965 1356 67 20 huru-

206 1384 49 20 vida
271 1384 35 21 det
322 1391 41 20 nya
379 1385 62 21 huset
456 1385 52 21 skall
525 1385 80 27 byggas
621 1386 32 20 för
668 1388 31 18 tre
716 1385 52 21 eller
784 1385 46 28 fyra
846 1385 67 20 stånd.
932 1384 40 21 För
987 1387 47 18 när-

206 1413 93 21 varande
315 1413 66 21 måste
397 1413 113 22 ständerna
525 1415 66 20 önska
606 1417 30 18 att
652 1414 20 20 få
683 1414 41 21 den
736 1416 76 19 största
823 1413 86 27 möjliga
921 1413 114 26 utredning

206 1441 110 27 angående
336 1442 26 20 de
382 1444 82 24 tomter,
484 1448 45 15 som
550 1442 63 20 hafva
633 1443 6 19 i
661 1442 59 27 fråga
741 1442 89 20 kommit
850 1442 57 20 inom
929 1441 106 21 utskottet.

205 1469 42 28 Jag
263 1472 23 18 är
301 1470 44 21 deri
361 1470 21 20 af
397 1470 56 21 olika
472 1471 63 20 tanke
554 1471 47 21 med
618 1473 84 25 prosten
719 1470 116 25 Johnsson,
851 1471 7 19 i
874 1470 34 21 det
923 1470 36 27 jag
974 1476 62 14 anser

205 1500 30 19 att
250 1498 113 22 ständerna
379 1499 46 21 icke
442 1499 64 21 borde
521 1499 115 21 inskränka
650 1500 32 26 sig
699 1499 52 21 blott
767 1499 31 21 till
814 1501 30 19 att
856 1498 65 21 uttala
936 1499 33 26 sig
979 1498 57 27 prin-

205 1527 73 27 cipielt
293 1528 39 20 och
347 1527 66 21 sedan
429 1528 129 20 öfverlemna
574 1528 21 20 åt
610 1534 26 14 en
652 1528 120 27 delegation
784 1529 30 19 att
826 1527 55 27 välja
897 1528 39 20 och
952 1526 84 21 handla.
