1103 1803
236 130 42 20 946
427 151 2 2 .
449 134 161 18 Presteståndet
622 135 58 17 1882.
705 135 27 17 29
746 135 60 20 april.

241 306 157 34 Lördagen
417 306 57 28 den
492 306 34 27 29
544 306 80 34 april
642 306 41 27 kl.
703 306 32 27 11
754 306 68 27 före
842 306 167 34 middagen.

278 375 172 22 Sammanträdet
470 375 108 27 öppnades
594 375 48 21 med
657 375 23 20 af
694 375 142 21 öfverläraren
853 375 120 22 Kihlman
1011 375 28 27 pä

208 405 91 20 svenska
314 403 87 28 spräket
417 403 69 22 hällen
504 404 48 20 bön.

278 535 41 22 Vid
336 535 51 22 derä
403 535 93 21 anstäldt
507 541 83 21 upprop
602 535 102 22 befunnos
716 536 99 27 samtliga
826 536 213 21 ständsmedlemmar

208 564 134 21 närvarande
367 563 48 21 med
436 564 109 26 undantag
567 563 24 21 af
604 563 148 27 kyrkoherden
769 564 95 26 Öller,
881 564 158 26 professorerne

208 593 154 24 Forsman,
384 592 19 21 J.
425 592 39 21 och
506 598 128 20 Forsman,
649 592 25 21 G.
690 592 23 21 Z.
730 592 72 22 hvilka
818 593 47 21 med
881 592 100 22 Ständets
997 593 40 21 till-

209 621 62 21 ständ
287 627 51 15 voro
354 620 145 26 fränvarande,
514 623 55 19 samt
580 620 108 28 professor
701 621 177 26 Estlander,
889 622 85 21 hvilken
987 621 52 22 fort-

209 650 88 21 farande
313 649 21 22 af
348 650 97 26 sjukdom
460 656 38 14 var
513 648 122 22 förhindrad
648 652 33 18 att
696 649 80 22 infinna
792 650 37 26 sig.

278 781 205 26 Kontraktsprosten
530 781 122 26 Wegelius
665 781 71 21 anhöll
748 788 34 14 om
796 781 95 21 tillständ
902 783 31 19 att
944 781 95 27 aflägsna

209 810 32 27 sig
256 810 66 27 nägot
338 815 75 16 senare
428 809 45 22 frän
489 810 79 25 dagens
583 809 84 27 plenum
684 810 33 20 till
733 810 52 26 följd
800 810 22 21 af
831 810 207 27 familjeangelägen-

209 839 72 25 heter;
298 837 85 22 hvartill
399 838 85 21 ständet
499 837 66 22 biföll.

280 971 54 21 Herr
349 969 162 22 Talmannen
527 970 124 21 meddelade
662 972 39 25 att,
714 970 66 27 enligt
796 969 243 22 talmanskonferensens

209 999 76 27 beslut,
301 999 63 27 plena
379 999 67 20 under
461 999 141 20 instundande
617 999 66 21 vecka
698 999 85 21 komme
794 1001 32 19 att
837 999 66 21 hällas
917 999 70 26 tisdag
999 999 39 21 och

209 1027 87 27 torsdag
319 1027 28 22 kl.
371 1028 25 20 11
414 1027 44 21 före
474 1027 111 27 middagen
602 1027 39 22 och
658 1028 70 21 skulle
744 1027 232 22 talmanskonferensen
992 1027 47 21 äter

209 1057 159 20 sammanträda
383 1055 105 27 sistsagda
504 1055 40 27 dag
559 1056 32 20 för
606 1058 32 19 att
654 1056 80 27 afgöra,
750 1056 104 21 huruvida
869 1056 123 27 ytterligare
1007 1058 32 19 ett

209 1084 85 27 plenum
311 1084 65 27 derpä
392 1084 90 26 följande
497 1083 74 28 fredag
587 1090 49 15 vore
652 1084 21 21 af
688 1084 75 21 nöden.

280 1217 54 21 Herr
349 1216 165 21 Talmannen
530 1216 139 26 tillkännagaf
680 1216 72 21 vidare
763 1218 32 19 att
806 1215 232 22 talmanskonferensen

209 1245 94 22 beslutat
322 1245 32 21 för
370 1245 88 21 ständen
474 1244 82 26 föreslä,
572 1247 31 19 att
618 1245 267 26 meningsskiljaktigheter
900 1244 89 21 emellan
1005 1251 34 14 ex-

209 1274 116 26 peditions-
349 1273 40 22 och
412 1273 223 27 justeringsutskotten
658 1274 66 21 mätte
740 1273 24 21 af
778 1273 56 21 bäda
849 1273 92 21 nämnda
956 1273 83 21 utskott

209 1303 102 21 förenade
326 1302 91 27 afgöras,
433 1301 80 22 hvilket
530 1301 79 28 förslag
624 1302 90 21 Ständet
730 1301 50 22 fann
795 1302 52 26 godt
862 1301 79 22 bifalla.

281 1434 100 22 Ståndets
404 1434 132 20 sekreterare
555 1433 97 27 uppläste
668 1433 33 21 till
716 1433 104 27 justering
836 1433 77 27 utdrag
929 1439 24 15 ur
969 1434 69 25 proto-

208 1462 67 22 kollet
291 1462 35 21 vid
342 1462 100 22 Ståndets
458 1464 82 19 senaste
556 1462 163 21 sammanträde.
