1103 1803
238 127 55 21 1122
463 132 161 18 Presteståndet
637 132 58 18 1832.
719 133 13 17 5
744 132 48 21 maj.

205 201 111 28 att””noga
335 201 21 22 få
372 201 51 22 reda
439 201 33 27 på.
502 201 121 21 Resultatet
639 201 24 21 af
677 207 25 15 en
719 200 66 22 sådan
802 200 120 28 fördelning
938 199 41 22 blir
995 199 41 26 det,

205 231 52 26 att'$
267 230 74 26 Viborg
365 230 128 21 i*afseende
514 230 12 21 &
548 230 98 26 sjövärde
662 230 46 21 står
723 229 110 22 sannolikt
849 230 64 26 något
929 229 65 26 högre
1009 230 27 19 än

224 259 35 24 bo,
277 265 48 15 men
346 258 50 22 vida
418 259 67 21 under
508 258 141 26 Helsingfors.
679 258 45 21 När
745 264 50 15 man
811 258 33 21 för
860 260 31 19 att
907 256 73 28 belysa
995 256 40 22 den

205 287 149 27 trafikmängd,
370 287 49 24 som!
434 287 68 21 skulle
524 293 38 21 ega
584 293 46 15 rum
646 287 27 26 pä
688 286 188 26 savolaks-banan,
893 288 60 24 tager
969 286 68 21 denna

205 318 60 20 stora
288 316 139 21 summa',för
446 316 92 27 Viborgs
553 318 75 24 export
644 315 40 21 och
699 315 80 27 import
795 315 48 21 med
859 315 7 21 i
882 314 115 26 räkningen
1013 314 24 21 sä

204 345 69 20 mäste
290 345 114 20 resultatet
420 344 64 21 blifva
499 346 76 25 ytterst
591 344 114 21 konstladt.
724 344 66 21 Detta
805 343 94 26 framgär
909 343 126 27 ytterligare

205 373 22 22 af
242 373 96 27 följande
354 372 75 22 tabell:

681 451 122 46 isi
825 468 66 18 Genom
904 468 59 18 Saima
973 467 51 18 kanal

395 493 30 27 Är
441 499 54 21 1878
692 493 96 36 utskottets
851 503 53 17 hafva
917 504 84 21 passerat.

712 520 60 18 tabell.

234 561 107 27 Spanmål,
358 561 57 27 mjöl,
431 567 76 21 gryner
518 561 21 21 af
548 561 42 21 alla

262 596 52 26 slag,
331 597 59 19 ärter
405 595 38 21 och
460 595 67 21 bönor
552 612 2 4 .
586 611 4 4 .
606 594 42 22 LZ
660 590 15 36 |
683 596 115 24 4,882,605
810 590 12 36 |
832 594 111 27 1,616,395
954 590 12 36 |
984 594 27 27 "a

232 630 54 21 Jern
303 630 38 20 och
357 630 54 21 stål.
440 646 4 5 .
476 646 4 4 so
513 646 39 5 soc
585 646 4 4 co
620 646 12 10 »
707 630 91 26 143,529
881 630 62 24 3,060
955 625 9 36 |
980 629 36 27 !/59

234 664 62 21 Kaffe
478 679 111 6 N
620 680 13 10 5
721 664 73 26 77,931
867 664 76 24 37,427
956 659 12 36 |
984 663 26 27 /,

234 698 80 22 Socker
338 714 1 4 <
374 713 1 5 «
407 714 4 4 sc
442 714 40 5 ss
513 713 39 5 cc
584 714 48 9 co»
721 698 77 25 61,353
866 698 77 25 55,910
955 693 9 36 |
980 698 36 26 ?/,0

234 732 75 21 Tobak
333 747 5 5 «
370 749 4 4 +
406 748 3 4 a
441 748 40 5 ;oa
512 747 4 4 =
549 748 39 5 404
620 748 12 10 5
708 731 90 27 101,974
870 732 74 25 11,700
956 727 9 36 |
983 732 27 27 "/%

232 766 151 27 Bomullsgarn
399 766 38 21 och
454 766 100 21 väfnader
584 782 4 5 .
621 783 12 10 ,,
720 767 78 26 21,995
902 767 38 20 401
953 762 13 35 |
981 766 35 27 !/s0

233 800 67 22 Salt.
332 816 4 4 <
475 816 111 6 L.
604 801 44 20 Tar
721 801 77 26 T4,515
866 801 77 24 28,052
954 794 13 37 |
983 800 26 26 ts
1033 798 2 26 |

273 863 90 22 Således
387 863 39 22 har
448 863 33 27 en)
496 863 90 22 allenast
607 864 158 27 jemförelsevis
790 864 109 27 obetydlig
914 864 33 21 del
963 863 22 21 af
1000 863 35 21 Vi-

204 892 163 26 borgsiimport
381 892 47 27 gått
443 899 75 20 genom
535 893 98 20 kanalen.
659 893 48 21 Men
724 893 70 21 denna
810 893 83 26 mängd,
909 899 46 14 som
972 893 63 20 vand-

204 922 35 19 rat
261 927 76 19 genom
353 921 91 21 kanalen
460 921 42 21 kan
519 921 115 27 ingalunda
650 927 62 16 anses
727 922 70 21 säsom
814 921 66 27 nägot
895 921 92 21 tillskott
1003 920 34 21 för

205 949 40 21 den
270 949 107 22 blifvande
397 949 88 22 trafiken
502 951 27 25 pä
544 949 98 22 savolaks
659 950 85 26 banan,
752 953 22 24 ty
791 950 62 21 deras
869 956 62 14 varor
947 949 26 27 gå
989 949 46 22 icke

204 977 57 22 blott
284 978 32 21 till
341 978 31 21 S:t
396 978 76 21 Michel
496 978 38 21 och
550 978 92 27 Kuopio,
660 981 57 22 utan,
733 979 70 20 såsom
820 979 20 20 vi
856 985 22 14 se
894 978 23 21 af
929 979 107 26 jernvägs-

204 1007 118 20 utskottets
339 1007 141 25 betänkande,
495 1007 70 27 spelar
580 1007 94 22 Joensuu
686 1007 40 21 den
738 1007 129 27 ojemförligt
878 1009 80 19 största
969 1006 66 21 rollen

204 1035 217 25 såsomthandelsort.
452 1036 32 21 En
500 1038 45 19 stor
561 1036 34 21 del
611 1036 21 21 af
646 1036 92 26 Viborgs
754 1038 76 24 export
846 1036 39 21 och
901 1035 80 26 import
996 1035 39 20 fal-

205 1064 31 19 ler
259 1063 90 21 sålunda
373 1064 26 26 på
422 1064 91 21 Karelen
537 1064 39 21 och
597 1065 26 26 på
639 1064 26 21 de
681 1065 61 26 kring
758 1064 88 27 Ladoga
862 1064 98 26 liggande
977 1064 58 20 trak-

204 1093 67 20 terna
294 1091 73 22 hvilka
382 1094 75 24 utgöra
472 1092 90 27 Viborgs
578 1093 106 26 naturliga
699 1093 153 20 handelsorter.

279 1121 41 26 Jag
343 1120 35 21 vill
401 1123 56 18 ännu
475 1121 123 27 ytterligare
613 1121 83 26 påpeka
712 1127 25 15 en
754 1121 163 26 omständighet,
934 1121 33 20 vid
984 1120 51 21 hvil-

204 1149 41 21 ken
261 1151 88 24 prosten
364 1149 107 22 Johnsson
488 1149 40 22 fäst
543 1149 107 27 synnerlig
666 1151 54 25 vigt:
737 1152 33 19 att
786 1155 49 15 man
851 1149 106 26 nämligen
969 1149 64 26 angå-

204 1178 53 21 ende
273 1178 232 26 ändamålsenligheten
521 1180 31 19 att
569 1178 68 27 bygga
650 1179 89 26 jernväg
754 1179 6 20 i
777 1179 47 20 vårt
840 1177 49 22 land
906 1178 5 21 i
929 1178 104 21 utskottet

204 1207 79 20 uttalat
301 1207 32 26 sig
355 1207 48 20 med
419 1207 23 20 så
458 1209 44 18 stor
519 1207 139 26 bestämdhet,
675 1209 32 19 att
723 1207 77 21 sådant
816 1207 41 20 kan
873 1206 36 21 ske
926 1206 107 21 hvarsom-

203 1235 62 26 helst,
281 1235 90 22 oaktadt
389 1237 56 19 ännu
466 1235 48 27 inga
529 1236 184 27 undersökningar
728 1236 63 25 skett,
807 1241 45 15 som
872 1235 68 20 skulle
955 1235 78 26 ådaga-

204 1263 62 27 lägga
289 1264 59 21 detta
367 1264 38 21 och
422 1270 47 15 man
486 1264 63 21 visste
565 1264 17 26 ej
600 1264 66 21 heller
682 1265 54 20 huru
752 1264 39 27 dyr
807 1264 40 21 den
864 1263 169 22 österbottniska

203 1292 70 21 banan
297 1292 68 21 skulle
389 1292 69 24 blifva,
475 1293 51 20 hvar
550 1293 39 20 den
608 1293 68 21 skulle
693 1293 33 25 gå,
744 1292 53 21 hvad
815 1293 92 20 broarna
923 1292 58 21 öfver
996 1293 35 20 elf-

203 1327 66 14 varna
290 1321 68 21 skulle
380 1321 85 21 komma
487 1323 32 20 att
535 1321 61 21 kosta
612 1328 18 14 o.
646 1327 16 16 s.
679 1328 18 13 v.
729 1321 42 21 Det
787 1321 39 21 har
840 1321 65 21 redan
922 1321 110 21 anmärkts

203 1351 32 19 att
251 1350 40 20 den
308 1349 145 22 savolaksiska
470 1350 68 21 banan
556 1349 74 22 delade
646 1356 80 15 samma
742 1350 47 25 öde,
805 1352 21 24 ty
838 1349 66 26 enligt
916 1349 116 22 utskottets

203 1377 81 27 förslag
300 1377 38 27 går
354 1379 40 20 den
409 1384 76 20 genom
502 1378 88 26 trakter,
607 1384 45 15 som
669 1381 36 18 äro
722 1379 87 20 svårare
825 1380 33 19 att
873 1378 74 27 bygga,
963 1380 27 19 än
1006 1378 26 21 de

202 1413 45 14 som
270 1408 37 19 äro
324 1407 157 20 instrumentalt
496 1407 135 27 undersökta,
647 1413 48 15 men
712 1407 37 21 der
764 1407 143 21 förekommer
923 1407 107 21 dessutom

202 1435 81 21 sådana
299 1435 70 21 lokala
385 1435 241 27 terrängförhållanden,
637 1442 45 14 som
699 1437 99 24 uppväga
809 1435 48 21 dem
869 1435 33 21 vid
913 1435 40 21 den
965 1437 66 19 öster-

203 1463 110 21 bottniska
336 1464 75 21 banan.
442 1464 10 20 I
477 1464 100 21 närheten
594 1464 20 20 af
630 1464 117 21 Davidstad
763 1464 68 20 finnas
846 1463 83 27 ställen,
946 1464 85 20 hvarest

202 1492 76 21 endast
290 1492 140 26 jordarbetet,
446 1492 64 27 enligt
529 1492 54 22 hvad
600 1492 26 22 de
641 1492 164 22 instrumentala
820 1492 211 26 undersökningarna

201 1520 76 26 utvisa,
292 1520 27 27 på
342 1527 25 15 en
391 1521 85 21 sträcka
498 1520 21 22 af
542 1523 11 19 2
578 1523 57 19 verst
656 1521 68 21 skulle
748 1521 97 21 medföra
862 1527 25 15 en
903 1520 90 22 kostnad
1009 1520 24 20 af
