1103 1803
327 147 162 32 Presteständet
502 141 57 42 1882.
577 149 19 30 2
609 140 46 43 maj.
820 142 54 21 1035

75 216 65 27 jonka
163 216 92 20 mukaan
279 216 143 21 ehdottamani
447 216 150 22 toimikunnan
621 216 95 27 jäsenten
742 216 58 20 tulisi
826 217 78 20 asiassa

76 244 119 21 menetellä.
223 244 39 21 Jos
280 244 123 22 valiokunta
417 244 73 22 luulee
506 245 102 20 voivansa
623 246 54 20 tässä
693 244 149 22 tilaisuudessa
859 248 45 18 etu-

76 275 75 25 päässä
173 272 104 22 ehdotella
295 273 80 27 jotakin
391 275 117 25 määrättyä
524 274 82 26 tonttia,
622 274 43 20 niin
681 280 27 14 en
725 273 62 21 tahdo
803 273 39 21 sitä
859 280 46 14 vas-

75 304 77 18 tustaa.
182 301 58 21 Minä
262 301 86 21 luulisin
371 302 58 20 asian
454 302 136 27 paremmalle
607 301 99 21 kannalle
722 302 93 24 tulevan,
830 302 33 26 jos
879 302 25 20 he

77 336 53 14 vaan
147 330 147 21 ehdottaisivat
309 330 143 27 ohjesäännön
469 330 179 21 valtuusmiehille
663 331 20 27 ja
700 332 62 19 nämä
774 330 48 21 sitte
833 331 71 20 asiaan

77 358 132 27 ryhtyisivät.
238 358 38 21 Jos
293 359 157 20 valiokunnalta
467 359 120 27 pyydetään
601 359 112 20 lausuntoa
722 359 91 26 jostakin
825 361 80 18 määrä-

77 389 56 24 tystä
155 387 91 25 tontista,
269 387 44 20 niin
336 387 105 26 toivoisin,
465 389 42 19 että
530 387 123 21 valiokunta
675 387 69 21 ottaisi
766 387 139 21 huomioonsa

77 417 62 25 myös
154 422 37 14 sen
207 416 74 27 tontin,
295 416 50 27 joka
362 423 26 13 on
404 416 123 27 itäpuolella
543 416 139 27 esplanaadia.
704 415 31 22 On
748 416 54 21 tosin
814 418 91 23 sanottu,

77 446 44 19 että
141 450 22 15 se
186 444 85 27 salpaisi
291 445 65 20 ilman
373 447 88 24 vapaata
477 445 81 20 kulkua
573 445 41 26 läpi
631 445 131 26 kaupungin,
776 445 20 26 ja
812 445 93 20 saattaisi

77 479 38 14 sen
135 473 77 20 tähden
232 473 130 27 terveydelle
385 473 110 21 vahinkoa.
526 473 68 21 Mutta
614 473 56 20 minä
685 473 47 21 olen
749 473 85 21 kuullut
849 473 56 20 asiaa

77 501 110 21 tuntevain
204 501 88 21 miesten
308 508 99 19 sanovan,
423 502 50 21 ettei
485 508 66 21 vapaa
561 502 66 20 ilman
640 502 66 20 kulku
718 501 57 21 tulisi
786 508 37 15 sen
834 501 72 21 kautta

77 530 107 26 estetyksi.
215 530 135 27 Säätyhuone
372 530 55 21 tulisi
450 530 50 21 tällä
515 531 91 26 paikalla
622 531 95 20 olemaan
733 530 135 27 Runebergin
885 531 21 26 ja

77 559 134 20 Aleksander
232 559 43 20 II:n
299 559 166 27 muistopatsaan
489 559 51 21 sekä
563 559 71 21 uuden
657 559 109 21 teaatterin
782 559 76 20 kanssa
874 565 32 14 sa-

77 593 70 14 massa
163 587 208 21 keskuussuhteessa.

147 656 154 26 Kyrkoherden
318 656 89 26 Lyra:
437 656 84 21 Platsen
539 656 34 20 vid
591 656 64 21 nedra
665 656 68 20 ändan
745 656 21 20 af
777 656 128 27 esplanaden

78 684 60 20 invid
158 684 120 28 salutorget,
301 684 84 21 hvilken
409 688 72 17 senast
503 685 21 20 af
546 687 85 25 prosten
653 684 107 21 Johnsson
776 684 131 26 framhållits,

79 713 75 25 skulle,
170 713 65 25 enligt
251 713 54 20 hvad
320 714 36 26 jag
371 714 38 19 har
424 714 44 25 mig
484 713 82 25 bekant,
583 714 26 26 pä
624 714 49 26 inga
689 713 67 20 vilkor
769 713 96 27 upplätas
875 713 32 20 för

78 741 113 27 byggande
213 742 21 20 af
257 741 157 26 Ständerhuset,
437 742 85 20 hvarför
544 742 35 21 det
602 742 59 20 torde
683 748 49 14 vara
753 741 102 28 gagnlöst,
878 743 29 19 att

80 770 101 21 utskottet
203 770 70 27 börjar
288 770 65 27 nägra
368 770 198 27 underhandlingar
580 777 35 14 om
631 770 129 22 densamma.
790 770 40 27 Jag
846 776 61 15 anser

79 799 63 20 äfven
158 799 32 20 för
206 799 42 20 min
265 799 40 25 del,
321 802 29 17 att
366 799 39 20 den
423 799 49 27 plan
488 805 45 14 som
550 799 70 20 blifvit
634 799 51 27 följd
702 799 35 20 vid
753 799 121 27 byggandet
887 798 21 21 af

79 827 83 21 landets
185 827 134 26 hufvudstad,
341 827 22 21 sä
379 827 128 28 väsendtligt
522 827 68 22 skulle
606 827 83 26 rubbas,
705 834 33 14 om
756 827 151 21 Ständerhuset

80 855 70 22 blefve
173 855 66 28 bygdt
260 856 26 27 pä
308 856 70 21 denna
400 856 61 27 plats,
484 858 30 19 att
532 856 135 27 Helsingfors
683 856 91 21 derefter
788 856 46 21 icke
850 862 58 14 mera

80 891 50 14 vore
151 884 140 27 Helsingfors,
309 885 62 20 äfven
388 891 34 14 om
438 885 62 20 huset
516 885 5 20 i
538 885 39 21 och
593 885 33 20 för
640 885 32 27 sig
688 891 48 14 vore
752 885 55 20 huru
824 884 85 21 vackert

79 919 45 14 som
144 913 61 23 helst,
235 913 51 21 Idén
303 913 48 21 med
367 913 86 21 stadens
469 913 49 27 plan
534 915 29 24 är,
578 920 46 14 som
640 920 48 14 man
704 919 39 21 ser,
758 916 29 18 att
804 913 46 21 hela
867 915 41 18 sta-

80 941 42 21 den
145 942 115 26 genomgäs
283 942 20 20 af
324 944 30 19 ett
375 944 62 25 grönt
459 942 98 21 luftbälte
573 942 39 21 och
628 942 73 21 staden
717 936 89 27 sälunda
822 948 86 25 genom-

80 971 112 20 strömmas
207 971 21 20 af
243 970 51 21 frisk
310 971 46 20 luft.
375 958 49 33 Att
439 977 30 14 nu
486 971 89 27 uppföra
590 973 30 18 ett
635 973 52 18 stort
702 971 40 20 hus
758 971 35 20 vid
810 977 99 20 mynnin-

80 1005 41 20 gen
143 999 20 20 af
183 999 56 20 detta
263 995 61 40 bälte,
345 1005 48 14 vore
415 1001 29 19 att
468 999 106 27 tillstänga
590 999 69 21 denna
675 999 49 21 äder
740 999 38 21 och
795 999 71 20 kunde
882 999 27 20 ha

80 1014 32 33 till
135 1025 86 29 påföljd,
243 1030 30 18 att
295 1028 63 27 ingen
382 1027 82 35 garanti
488 1028 78 21 funnes
582 1028 32 20 för
629 1030 30 19 att
673 1034 49 14 man
738 1028 18 27 ej
773 1028 6 20 i
795 1027 113 21 framtiden

81 1055 69 21 skulle
173 1056 68 26 fortgå
264 1056 37 20 allt
324 1056 71 20 vidare
419 1056 26 27 på
464 1063 80 14 samma
561 1058 40 25 väg
616 1057 39 20 och
670 1056 89 20 sålunda
775 1056 133 26 småningom

81 1083 44 21 helt
147 1084 39 20 och
208 1084 63 21 hållet
294 1084 94 27 tilltäppa
410 1084 48 21 hela
482 1084 135 27 esplanaden,
638 1084 68 21 denna
728 1085 32 20 för
774 1083 135 28 Helsingfors

81 1112 147 27 egendomliga
251 1113 38 20 och
314 1113 76 20 vackra
413 1113 126 27 plantering.
570 1113 88 20 Derföre
674 1112 94 21 önskade
782 1113 36 27 jag
833 1112 76 26 afböja,

81 1143 30 18 att
133 1141 36 20 det
191 1147 37 14 ens
250 1141 68 21 skulle
343 1141 84 28 äläggas
450 1142 103 21 utskottet
576 1144 29 18 att
626 1144 46 25 taga
688 1141 70 21 denna
773 1141 54 28 plats
842 1141 68 20 under

80 1169 162 28 öfvervägande.

150 1238 69 21 Sedan
247 1238 147 21 diskussionen
417 1238 113 27 afstannat,
545 1238 122 21 framstälde
683 1238 48 21 herr
744 1238 165 21 Talmannen

81 1267 92 26 följande
189 1267 309 27 omröstningspropositioner
488 1263 12 36 :

151 1335 133 20 Godkänner
307 1335 90 20 Ständet
413 1338 114 18 momentet
542 1335 21 27 1)
582 1336 8 20 i
606 1334 244 26 utskottsbetänkundet,
866 1341 44 14 som

81 1363 34 20 till
137 1363 59 27 plats
215 1363 42 28 för
279 1363 150 21 ständerhuset
446 1364 104 27 föreslär
564 1366 106 25 gvarteret
686 1363 118 21 Servalen?
820 1363 40 20 den
876 1363 35 20 det

79 1393 41 26 gör
135 1399 78 13 svarar
224 1393 41 26 ja;

150 1461 76 20 vinner
241 1462 38 26 nej
293 1462 168 20 äterremitteras
478 1461 89 21 ärendet
583 1461 35 21 till
633 1460 238 21 ständerhusutskottet.

150 1529 132 22 Besvarades
299 1530 47 21 med
362 1530 158 27 öfvervägande
536 1530 41 26 nej.
