1103 1803
214 134 42 20 920
425 138 162 17 Presteståndet
599 139 59 17 1882.
677 139 26 17 25
717 139 61 20 april.

185 207 154 22 landthandeln
363 207 162 27 mångenstädes
548 207 92 26 erhållit,
663 208 76 27 bjuder
762 208 43 26 mig
828 207 138 27 ovilkorligen
984 209 33 19 att

185 238 59 20 rösta
260 236 33 21 för
308 236 100 21 förbudet
423 236 33 21 för
472 236 181 22 landthandlande
669 238 32 19 att
716 236 58 22 hålla
790 236 20 20 öl
826 236 33 21 till
875 236 51 22 salu.

255 293 127 27 Vicepastor
413 293 206 21 Vesterlund:
659 293 77 27 Pyysin
764 299 147 15 sananvuoroa
937 292 80 22 tohtori

186 321 101 22 Geitlinin
311 323 118 20 lausunnon
449 322 107 27 johdosta,
573 322 41 21 hän
630 322 43 21 kun
689 322 44 21 teki
749 322 44 20 niin
810 322 102 20 sukkelan
928 321 89 27 päätök-

185 356 44 20 sen,
246 351 66 20 ett'en
328 350 57 21 minä
401 351 69 20 oikein
484 350 102 27 jaksanut
601 350 41 21 sitä
658 352 91 19 seurata.
775 350 93 21 Minusta
883 350 74 21 kuului
967 350 50 21 siltä

185 378 51 21 kuin
252 378 42 21 hän
311 379 47 21 olisi
374 381 98 24 sanonut,
488 380 45 19 että
548 379 43 20 kun
607 378 77 21 kerran
700 381 58 18 tämä
774 379 92 20 ehdotus
881 378 63 21 vaatii
958 384 57 21 myy-

186 407 138 22 mämieheltä
340 407 68 28 hyvää
423 407 107 26 mainetta,
546 407 44 21 niin
604 407 34 27 jos
653 407 133 22 sanottaisiin
803 407 51 21 ettei
864 407 154 26 maakauppias

186 441 38 16 saa
244 436 236 27 olutkauppaoikeutta,
494 436 89 21 samalla
599 436 47 21 olisi
661 438 99 19 sanottu:
776 435 38 21 siis
830 435 151 27 maakauppias
997 435 19 20 ei

187 463 90 22 olekaan
293 464 181 27 hyvämaineinen.
504 464 148 22 Senkaltaisen
668 465 175 26 sarvipäätöksen
860 464 40 21 hän
910 463 51 22 teki.
983 463 33 22 En

186 492 42 21 hän
252 493 131 21 kuitenkaan
407 493 32 22 ole
461 493 99 21 tahtonut
575 493 173 27 maakauppiaita
764 493 44 21 niin
824 493 82 20 kovasti
923 492 92 21 loukata.

187 521 52 21 Olen
261 528 56 15 vaan
333 524 96 23 sanonut,
446 523 44 20 että
505 528 25 15 on
548 522 143 27 sopimatonta
708 521 164 27 maakauppiain
887 521 59 27 pitää
961 521 56 21 olut-

187 550 107 26 kauppaa,
316 551 82 20 samoin
413 551 51 20 kuin
479 557 26 14 on
522 551 144 26 sopimatonta
681 551 58 20 esim.
756 550 144 21 virkamiehen
913 550 24 26 ja
952 549 64 27 papin

188 580 75 19 ruveta
285 578 144 28 olutkauppaa
444 578 114 28 pitämään,
572 579 22 26 ja
608 579 34 25 jos
658 579 76 21 näiden
752 578 96 22 oikeutta
862 578 55 21 siinä
931 578 86 20 kohden

187 609 154 23 vastustetaan,
359 608 43 20 niin
419 607 47 21 sillä
481 608 19 20 ei
513 608 32 20 ole
561 609 92 24 sanottu,
669 607 89 21 etteivät
775 607 138 21 virkamiehet
923 607 23 27 ja
957 606 60 27 papit

187 635 48 21 olisi
259 635 173 27 hyvämaineisia.
464 636 48 20 Kun
533 636 150 21 kuntakokous
701 642 43 20 saa,
760 636 66 20 kuten
843 635 78 21 tohtori
937 634 80 22 Geitlin

187 664 67 25 sanoi,
276 667 64 18 antaa
355 664 84 27 yhdelle
455 664 183 27 maakauppiaalle
654 665 105 21 oikeuden
775 664 77 27 myydä
868 664 66 20 olutta
950 663 67 22 koska

187 692 42 21 hän
249 698 26 15 on
292 692 180 27 hyvämaineinen,
488 693 42 21 niin
546 693 47 21 olisi
610 693 71 21 minun
698 693 131 21 nähdäkseni
846 692 80 21 tohtori
942 692 74 22 Geitli-

188 720 35 21 nin
247 722 118 25 päätöksen
389 722 90 20 mukaan
502 723 58 19 tämä
582 724 116 18 annettava
720 722 88 20 kaikille
832 721 185 26 maakauppiaille,

188 749 48 21 sillä
252 749 92 22 ovathan
361 749 26 22 he
402 750 72 21 kaikki
491 750 170 27 hyvämaineisia.
685 750 71 21 Mutta
770 749 58 27 juuri
844 749 41 21 sitä
901 749 56 21 minä
969 748 49 22 tah-

188 778 64 21 toisin
269 780 116 19 vastustaa.

257 835 143 27 Domprosten
422 835 142 22 Renvall:
596 835 66 22 Afven
683 835 37 27 jag
736 835 86 21 förenar
840 835 42 26 mig
898 835 47 20 med
961 835 55 25 dem,

187 869 45 15 som
249 867 79 23 antaga
344 864 39 21 den
399 864 117 27 Kejserliga
532 864 171 27 propositionens
720 866 12 19 6
748 864 13 27 $
777 863 7 21 i
798 863 72 22 stället
882 863 32 21 för
925 865 92 19 motsva-

187 892 66 21 rande
275 893 11 27 $
308 893 6 20 i
337 893 115 21 utskottets
472 893 140 21 betänkande.
644 893 174 26 Propositionens
834 892 39 21 ord
889 892 59 27 lyda:
964 892 54 27 ,för-

187 921 93 26 säljning
298 921 23 21 af
335 921 141 27 maltdrycker
492 922 34 20 mä
540 922 48 21 icke
603 921 48 22 med
667 927 69 15 annan
752 921 78 21 handel
846 921 27 26 pä
888 921 73 20 landet
976 920 41 21 för-

187 955 51 15 enas
255 949 51 21 eller
321 949 22 22 af
357 950 40 21 den
413 956 44 15 som
474 950 63 21 sädan
553 950 68 26 idkar,
633 949 84 22 utöfvas
733 949 52 22 eller
798 949 95 21 förestäs.
916 949 102 26 Ejheller

187 977 21 22 fä
227 977 73 28 dylika
315 979 89 26 drycker
419 979 75 21 forslas
510 979 26 26 pä
552 979 72 21 landet
640 979 46 20 frän
702 978 53 27 gärd
772 978 33 21 till
821 978 52 26 gärd
889 977 32 22 för
937 980 32 19 att
984 977 33 21 till

188 1006 46 21 salu
252 1007 118 26 utbjudas*.
390 1007 46 21 Den
452 1008 52 20 sista
518 1008 112 25 meningen
646 1007 22 21 af
682 1008 12 20 6
712 1008 10 25 $
738 1007 5 20 i
754 1007 118 21 utskottets
882 1006 136 21 betänkande

187 1035 103 21 behöfver
310 1036 17 26 ej
348 1035 39 22 här
402 1036 72 21 vidare
488 1039 112 24 upptagas,
617 1036 27 21 dä
660 1036 39 21 den
716 1036 66 21 redan
797 1035 71 27 ingick
882 1035 7 21 i
906 1036 40 20 den
964 1036 53 19 1:sta

187 1063 12 26 $
215 1064 5 20 i
236 1064 122 27 Kejserliga
373 1064 163 27 propositionen,
552 1064 85 21 hvilken
654 1064 22 21 af
690 1064 87 21 ståndet
793 1064 69 20 blifvit
876 1066 98 24 antagen.
990 1075 26 3 —

187 1091 40 27 Jag
251 1097 63 16 anser
337 1092 64 21 också
425 1093 35 20 det
481 1099 49 14 vara
546 1093 111 26 olämpligt
672 1094 32 19 att
719 1092 75 21 förena
810 1091 144 27 ölförsäljning
969 1091 48 21 med

187 1120 146 27 landthandel,
357 1121 28 26 pä
406 1121 25 21 de
447 1121 45 21 skäl
508 1127 44 15 som
569 1122 65 20 redan
651 1121 38 21 här
705 1121 69 21 blifvit
789 1121 122 26 förebragta
927 1120 38 22 och
982 1119 35 22 vill

188 1149 17 26 ej
224 1149 65 26 draga
305 1155 25 15 en
346 1149 66 22 sädan
429 1150 85 21 slutsats
529 1156 45 15 som
592 1150 77 21 doktor
684 1150 80 21 Geitlin
779 1149 76 26 dragit,
868 1149 106 27 nämligen
986 1150 32 19 att

187 1183 49 15 man
259 1184 76 20 genom
359 1180 31 19 ett
408 1178 76 21 sädant
499 1178 75 21 förbud
592 1179 89 20 likasom
697 1178 69 21 skulle
782 1178 64 21 hafva
862 1177 107 26 förklarat,
985 1179 32 19 att

187 1205 164 23 landthandlare
374 1206 69 22 skulle
464 1213 50 15 vara
538 1207 82 21 mindre
639 1207 98 27 pålitliga
752 1209 26 18 än
796 1207 73 20 andra.
900 1207 37 20 Att
953 1206 65 21 också

188 1234 39 21 den
243 1235 120 27 Kejserliga
378 1236 158 27 propositionen
551 1236 47 21 icke
614 1235 26 27 pä
656 1236 66 27 nägot
737 1237 44 20 sätt
792 1235 36 21 vill
839 1235 98 22 nedsätta
948 1235 69 21 landt-

187 1262 110 25 handlare,
313 1265 43 20 kan
372 1271 47 14 man
436 1264 54 21 sluta
506 1264 62 21 deraf
582 1267 32 18 att
629 1264 6 21 i
652 1265 12 26 $
681 1267 18 23 7,
716 1265 92 20 förutom
821 1264 68 27 kyrka
899 1263 40 21 och
950 1263 67 26 skola,

187 1291 63 21 äfven
273 1293 26 20 de
315 1292 82 26 ställen,
415 1293 36 20 der
466 1293 163 21 landthandlare
644 1293 74 25 finnas,
734 1293 70 20 blifvit
819 1293 136 25 undantagna
971 1291 45 22 frän

187 1320 26 21 de
228 1320 79 21 ställen
323 1321 27 26 pä
365 1321 79 24 landet,
461 1321 37 21 der
514 1328 24 14 en
555 1321 58 28 dylik
630 1321 147 27 ölförsäljning
793 1321 32 21 fär
839 1321 67 25 idkas,
918 1320 43 21 dels
973 1320 45 21 utaf

187 1349 36 20 det
233 1349 56 26 skäl,
300 1352 32 19 att
343 1349 45 22 ofta
399 1350 34 21 vid
443 1350 217 21 landthandelsbodar
671 1353 45 18 stor
727 1349 169 27 folkförsamling
907 1355 48 20 eger
963 1355 53 20 rum,

187 1377 86 22 hvilken
290 1384 47 15 man
354 1378 18 27 ej
389 1378 35 21 vill
440 1379 64 20 ställa
519 1379 5 20 i
541 1379 103 24 frestelse,
661 1379 45 20 dels
722 1379 27 26 pä
766 1379 40 20 den
819 1378 75 27 grund,
905 1380 33 19 att
949 1377 68 22 landt-

186 1405 104 22 handlare
305 1406 123 27 derigenom
444 1407 17 27 ej
478 1407 34 21 mä
527 1407 73 22 lockas
615 1409 33 19 att
662 1407 45 22 läta
722 1407 82 21 förtära
820 1413 63 15 varan
899 1407 28 26 pä
939 1407 78 20 stället.

186 1434 116 22 Dessutom
326 1435 68 21 skulle
417 1442 25 15 en
465 1436 65 20 sädan
554 1436 102 26 rättighet
672 1436 32 20 för
720 1435 170 25 landthandlare,
907 1441 44 15 som
968 1441 49 15 man

186 1468 28 15 nu
234 1462 38 22 vill
291 1462 128 23 tillerkäuna
439 1464 46 21 dem
502 1464 63 21 likväl
581 1464 47 21 icke
643 1464 73 21 kunna
730 1464 88 20 komma
833 1463 42 21 alla
891 1463 126 21 landthand-

186 1491 63 21 lande
273 1492 32 21 till
327 1492 64 26 godo,
415 1492 26 22 dä
463 1492 154 22 betänkandets
634 1494 10 18 7
662 1493 11 27 &
690 1492 120 22 innehåller
825 1494 32 19 att
872 1492 144 26 försäljnings-

186 1519 77 22 ställen
288 1521 45 21 icke
353 1520 32 22 fär
400 1520 68 22 finnas
483 1521 27 27 pä
526 1528 24 14 en
568 1523 68 19 versts
652 1521 83 21 afständ
752 1521 47 21 frän
815 1520 87 28 kyrkan.
933 1520 34 21 Nu
983 1522 35 18 vet
