1103 1803
229 136 42 20 906
442 140 162 18 Presteständet
617 141 56 17 1882.
698 142 26 16 25
738 140 59 22 april.

200 210 41 20 har
264 215 48 15 man
336 209 76 21 endast
435 209 80 21 betalat
530 216 25 14 en
572 210 42 21 viss
628 209 97 21 bestämd
741 209 63 27 afgift
819 209 33 21 för
868 209 161 26 tillverkningen

200 238 24 22 af
242 238 73 26 hvarje
337 238 76 24 kanna,
433 244 27 15 nu
476 238 84 21 komma
576 238 171 27 maltdryckerna
762 240 33 19 att
810 237 109 22 beskattas
935 237 52 22 efter
1004 237 25 21 de

201 267 85 26 lispund
310 266 53 21 malt
384 272 45 16 som
452 266 32 22 till
508 267 108 21 dösamma
632 267 108 21 användas
757 266 39 21 och
812 266 47 22 med
877 266 65 22 orden
959 269 70 22 ,emot

200 295 130 27 erläggande
353 295 22 21 af
397 295 127 26 bevillning*
548 295 90 27 antydes
660 297 33 19 att
714 295 171 27 maltdryckerna
901 297 36 19 äro
954 294 74 22 under-

201 324 92 21 kastade
308 323 117 27 bevillning
440 324 32 21 till
487 324 52 26 följd
554 324 23 21 af
591 324 40 21 den
648 330 40 20 nya
699 323 225 27 bevillningsstadgan.

272 385 83 22 Doktor
375 385 132 22 Geitlin:
538 386 64 21 Emot
625 388 87 25 prosten
736 386 59 27 Hjelt
811 388 60 25 tager
883 386 38 27 jag
937 386 41 27 mig
993 385 36 22 fri-

202 415 64 20 heten
281 414 120 26 framhälla,
417 416 31 19 att
464 415 36 20 det
515 414 46 21 skäl
578 415 40 21 han
636 415 108 26 framdrog
760 415 32 20 för
807 414 148 22 bibehällande
972 414 21 21 af
1003 415 25 20 de

202 443 68 26 enligt
293 443 42 21 min
359 443 55 26 äsigt
431 443 91 27 onödiga
540 443 66 21 orden
626 445 69 26 ,emot
711 443 129 27 erläggande
856 443 24 21 af
893 443 135 26 bevillning*,

202 473 32 20 att
257 471 106 27 nämligen
386 471 39 22 här
442 472 96 21 kommer
553 478 26 15 en
595 472 131 27 proposition
744 478 34 15 om
796 471 113 27 bevillning
924 473 34 20 att
973 478 56 15 ema-

203 507 58 18 nera,
284 502 24 19 är
327 500 81 27 ganska
427 502 69 25 svagt;
512 502 22 25 ty
550 501 36 20 det
601 503 24 18 är
641 501 56 20 klart
713 502 32 20 att
761 501 75 20 endast
851 500 6 21 i
874 500 35 21 det
924 500 58 21 fallet
997 503 32 18 att

202 529 30 21 uti
257 529 69 20 denna
348 529 132 26 proposition
502 529 68 21 skulle
593 529 55 22 talas
670 535 34 15 om
728 530 66 25 nägra
813 529 128 27 bryggerier,
957 529 72 20 hvilka

201 558 64 25 ingen
287 557 115 27 bevillning
420 557 52 21 böra
488 557 92 27 erlägga,
596 558 41 20 kan
654 560 30 18 ett
700 558 76 21 sädant
792 557 74 27 tillägg
882 563 51 15 vara
949 558 79 26 nödigt,

203 592 48 14 men
268 586 27 20 dä
311 586 36 20 det
362 587 25 19 är
401 586 109 26 själffallet
528 588 32 19 att
576 586 42 21 alla
634 586 122 27 bryggerier
773 586 67 21 måste
856 586 85 27 erlägga
957 586 71 21 bevill-

203 614 51 27 ning
269 616 38 19 äro
324 614 61 21 dessa
400 614 38 21 ord
454 614 129 26 fullkomligt
598 614 144 28 öfvertlödiga.

273 676 154 28 Kyrkoherden
442 678 149 20 Järvinen:
623 677 58 21 Minä
696 678 110 26 hyväksyn
818 677 90 27 pykälän
920 677 110 21 sellaisena

203 705 51 21 kuin
274 711 22 15 se
318 712 26 14 on
364 705 160 22 keisarillisessa
540 706 134 27 esityksessä.
705 706 90 21 Tahdon
811 712 54 14 vaan
881 706 74 20 lausua
971 712 59 15 muu-

204 734 67 21 tamia
292 733 74 28 sanoja
388 734 80 21 tohtori
490 733 103 22 Geitlinin
610 735 157 20 muistutuksen
781 734 106 27 johdosta.
917 734 32 21 En
966 734 64 21 tahdo

203 761 87 27 kieltää,
314 762 52 21 ettei
384 762 41 21 hän
448 763 45 21 olisi
512 763 82 27 nähnyt
609 763 139 21 saksalaisten
765 763 147 26 talonpoikain
928 763 103 21 elämässä

203 791 111 26 parempia
329 791 56 26 oloja
400 791 50 21 kuin
467 791 61 21 minä.
560 791 70 22 Mutta
646 791 99 28 kyllähän
762 798 37 15 sen
816 791 73 22 vuoksi
905 797 22 15 se
943 791 34 20 voi
989 791 42 21 olla

204 821 63 23 totta,
291 819 52 21 mitä
365 819 57 22 minä
438 820 46 21 olen
500 822 96 19 sanonut.
630 820 115 21 Saattaisin
762 820 66 21 tuoda
844 820 82 21 etevien
943 819 88 22 miesten

203 847 92 22 lauseita
317 848 134 21 kuvaelmani
475 849 159 25 todistukseksi,
658 849 96 25 miesten,
773 849 62 26 jotka
851 848 54 21 vielä
922 850 49 19 tänä
986 849 43 26 päi-

204 878 54 19 vänä
274 877 112 20 valittavat
401 883 71 15 samaa
488 877 118 26 surkeutta,
620 877 58 26 josta
694 878 57 20 minä
768 877 48 21 olen
832 877 103 27 puhunut.

273 945 208 26 Kontraktsprosten
530 946 128 26 Wegelius:
681 946 45 25 Min
743 946 57 27 äsigt
810 947 24 20 är
845 948 32 19 att
888 947 64 20 orden
964 947 67 25 ,emot

204 973 129 27 erläggande
356 973 21 22 af
396 974 125 27 bevillning*
544 975 70 21 kunde
634 975 57 26 utgå,
708 975 27 21 dä
751 975 61 20 detta
827 977 24 18 är
867 981 24 15 en
908 975 123 26 förordning

203 1009 45 14 som
273 1003 55 20 talar
351 1009 33 14 om
407 1003 75 26 själfva
504 1003 92 27 drycken
612 1003 39 22 och
667 1004 6 20 i
690 1003 126 25 hevillnings
832 1003 126 26 stadgandet
973 1003 58 21 kom-

203 1037 46 15 mer
269 1031 76 27 själfva
361 1031 140 28 bevillningen
519 1034 31 19 att
569 1033 81 20 äsättas
668 1032 81 25 maltet,
766 1031 76 22 hvaraf
856 1032 91 27 drycken
963 1034 68 25 göres.

203 1059 43 21 Det
269 1060 45 20 står
336 1059 81 21 således
440 1060 18 25 ej
480 1061 33 20 väl
532 1060 140 22 tillsammans
687 1063 32 19 att
735 1061 66 21 orden
818 1063 71 22 ,emot
905 1061 126 25 erläggande

203 1087 22 21 af
249 1087 125 26 bevillning*
397 1088 168 21 sammanställas
589 1089 47 20 med
659 1089 138 26 försäljandet
820 1088 22 21 af
864 1089 97 26 drycken.
991 1089 41 26 Jag

203 1115 100 27 tillägger
318 1118 33 19 att
364 1116 36 26 jag
415 1117 6 20 i
437 1117 41 20 allo
494 1117 85 21 förenar
596 1118 41 25 mig
652 1118 47 20 med
716 1118 55 25 dem,
787 1123 45 15 som
844 1117 49 26 vilja
904 1117 128 21 tillerkänna

203 1145 130 20 kommunen
355 1147 44 18 rätt
415 1147 31 19 att
462 1145 116 22 bestämma
594 1153 34 14 om
645 1146 96 27 bryggeri
758 1145 22 21 få
796 1146 100 26 anläggas
912 1146 51 21 eller
978 1145 53 24 icke,

203 1173 40 21 och
258 1173 65 26 yrkar
339 1173 59 21 äfven
415 1176 38 24 att,
469 1176 38 19 när
522 1175 19 20 öl
558 1175 64 26 säljes
638 1175 45 21 från
701 1175 129 26 bryggerier,
846 1176 35 19 det
893 1175 65 20 måtte
969 1175 63 26 säljas

203 1202 6 20 i
226 1203 69 20 större
311 1201 60 22 skala
386 1204 26 19 än
429 1202 113 27 buteljtals.

274 1265 89 20 Prosten
387 1265 99 27 Hjelt:
517 1265 41 27 Jag
581 1270 45 17 tror
646 1268 32 19 att
698 1266 20 20 vi
734 1266 56 21 hade
806 1266 79 26 sluppit
901 1266 46 21 från
964 1266 68 20 denna

203 1293 109 26 svårighet
335 1299 33 15 om
392 1294 104 21 utskottet
517 1296 47 24 sagt
586 1294 73 21 hvilka
677 1293 26 22 de
723 1294 143 27 maltdrycker
881 1296 37 19 äro
934 1300 44 15 som
995 1296 36 19 äro

204 1321 158 22 underkastade
387 1322 135 27 beskattning
537 1323 52 21 eller
604 1323 129 26 erläggande
750 1323 22 21 af
787 1323 24 21 så
826 1323 72 20 kallad
914 1323 117 21 maltskatt.

203 1350 41 26 Jag
260 1352 45 19 tror
321 1353 31 18 att
368 1351 35 20 det
419 1351 66 21 finnes
507 1351 80 27 många,
598 1351 144 27 maltdrycker,
759 1351 73 21 hvilka
847 1351 46 21 icke
905 1351 50 21 falla
965 1352 68 20 under

204 1379 40 20 den
269 1378 96 27 kategori
387 1385 44 15 som
454 1380 96 21 kommer
572 1382 32 19 att
628 1380 82 21 skattas
733 1383 14 18 t.
771 1386 32 15 ex.
827 1379 148 22 sockerdricka
992 1380 40 21 och

204 1407 64 26 mjöd.
299 1407 44 21 När
367 1413 47 16 man
438 1408 105 27 begagnat
559 1409 61 21 ordet
636 1409 144 26 maltdrycker
794 1408 24 21 så
835 1409 54 20 hade
904 1414 48 15 man
969 1409 63 20 också

204 1435 64 21 bordt
284 1435 118 22 bestämma
418 1437 70 20 hvilka
503 1437 143 27 maltdrycker
661 1443 45 15 som
723 1437 87 21 dermed
822 1437 118 27 egentligen
953 1442 79 16 menas.

204 1464 43 20 För
271 1464 64 26 öfrigt
357 1464 84 22 förenar
456 1465 37 27 jag
513 1466 41 26 mig
570 1466 47 20 med
634 1465 53 25 dem,
703 1465 73 21 hvilka
792 1468 70 18 ansett
878 1468 32 18 att
926 1465 106 27 bryggeri-

203 1492 137 21 innehafvare
363 1493 32 21 får
418 1494 53 26 sälja
488 1494 32 20 sin
536 1494 137 26 tillverkning
689 1494 76 21 endast
781 1494 6 20 i
804 1494 60 26 parti,
881 1494 46 20 icke
943 1494 6 20 i
965 1494 68 20 minut

203 1522 52 20 utan
271 1520 139 22 kommunens
426 1522 129 27 begifvande.
587 1522 140 22 Fortfarande
743 1522 69 22 måste
825 1522 37 27 jag
877 1524 102 20 motsätta
990 1522 43 26 mig
