1103 1803
307 138 161 19 Presteståndet
479 140 59 18 1882.
564 140 27 17 29
605 140 60 20 april.
838 135 41 21 969

81 208 65 27 sidigt
161 208 64 22 fästat
240 208 31 27 sig
286 208 34 22 vid
336 209 27 21 de
378 208 134 27 skjutsandes
527 208 68 22 fördel
611 208 40 22 och
671 208 55 22 hade
742 208 18 27 ej
777 208 45 22 haft
838 209 69 27 nägon

81 237 75 21 känsla
171 237 32 21 för
218 238 36 20 det
269 243 60 15 arma
344 237 76 26 djuret.

150 294 88 22 Prosten
262 294 100 27 Hjelt:
393 295 42 20 Det
457 296 24 19 är
501 294 65 22 ocksä
581 295 6 20 i
603 294 151 21 samfärdselns
769 294 89 21 intresse
872 294 36 26 jag

81 323 80 27 yrkade
177 322 26 28 pä
219 323 135 27 nedsättning
369 322 22 22 af
403 322 107 22 afständet
526 323 89 21 emellan
632 322 175 28 gästgifverierna
823 323 39 21 och
870 323 38 27 jag

81 351 49 21 ville
153 351 61 26 fräga
234 351 147 27 kyrkoherden
405 351 100 21 Törnudd
524 358 34 15 om
574 352 42 20 han
632 352 108 25 verkligen
757 358 62 14 anser
834 353 33 19 att
882 358 25 14 en

81 380 40 21 och
143 386 81 15 samma
247 380 48 21 häst
310 380 41 21 kan
367 379 87 27 springa
471 380 26 21 10
513 379 35 22 mil
562 386 34 15 om
612 380 75 26 dagen.
718 380 64 21 Detta
798 380 67 21 mäste
881 385 25 15 en

82 409 48 21 häst
152 410 52 25 göra
223 415 34 15 om
273 408 136 27 skjutshället
427 410 24 19 är
466 409 27 21 25
508 410 59 19 verst
582 409 40 21 och
638 408 75 21 hästen
728 408 27 27 pä
771 414 80 15 samma
867 408 41 26 dag

82 437 55 22 skall
152 437 86 27 springa
253 443 80 16 samma
349 439 40 24 väg
404 437 36 21 tvä
454 437 80 27 gänger
550 437 54 21 fram
620 437 40 22 och
675 437 53 21 äter.
759 437 110 26 Naturligt
884 439 23 19 är

81 468 32 19 att
136 466 74 21 hästen
232 467 93 20 tröttnar
341 465 38 22 och
395 465 123 28 därigenom
535 465 95 22 kommer
646 466 60 21 äfven
722 465 40 22 den
778 466 129 26 vägfarande

81 496 32 20 att
128 495 49 21 lida.

139 551 136 27 Fältprosten
321 554 139 18 Peterson:
491 552 42 20 Det
549 553 25 19 är
587 552 45 26 just
648 551 47 22 med
710 551 100 22 afseende
824 552 14 20 &
852 551 55 21 häll-

81 580 74 21 hästen
169 580 37 27 jag
226 580 68 21 skulle
309 580 49 26 vilja
373 582 103 19 motsätta
491 580 43 26 mig
549 580 63 21 dessa
627 580 63 26 långa
705 580 43 21 häll
764 580 23 21 af
800 580 26 20 25
843 582 63 18 verst.

82 608 85 28 Mycket
183 608 66 22 sällan
265 608 62 22 hafva
343 609 26 20 de
384 608 228 28 skjutsningsskyldiga
628 609 24 21 sä
667 609 57 27 goda
738 608 80 27 hästar,
834 610 32 19 att
881 608 26 21 de

81 638 54 20 orka
157 638 86 26 springa
266 644 25 14 en
315 637 23 21 sä
360 637 49 26 läng
432 639 46 25 väg.
510 637 72 27 Enligt
605 637 116 21 utskottets
743 636 78 28 förslag
839 637 68 21 mäste

81 666 101 21 hästarna
204 666 7 21 i
228 666 101 21 medeltal
345 666 85 26 springa
446 668 9 19 7
467 666 27 27 !/,
508 666 36 22 mil
560 672 34 15 om
611 666 74 26 dagen.
707 661 14 36 I
742 666 70 21 stället
827 665 33 22 för
875 668 32 18 att

81 700 76 21 genom
181 695 38 21 sitt
241 694 80 27 förslag
343 694 52 22 söka
411 694 79 22 bereda
505 695 93 26 lindring
613 695 23 21 ät
651 694 81 26 hästen,
747 694 40 21 har
802 694 106 22 utskottet

81 723 95 26 bidragit
192 723 31 21 till
239 725 32 19 att
286 723 88 21 alldeles
389 723 142 27 tillintetgöra
546 723 151 27 skjutshästen.

149 780 154 27 Kyrkoherden
343 780 127 21 Törnudd:
503 780 73 21 Minun
588 782 79 25 täytyy,
679 780 77 21 vaikka
767 779 140 22 vastenmieli-

81 809 95 26 sestikin,
200 809 86 23 väittää,
310 810 45 20 että
377 815 26 15 ne
419 809 79 24 herrat,
511 809 63 26 jotka
589 811 58 19 tässä
662 811 49 19 ovat
727 809 107 26 puhuneet
849 808 58 21 mikä

80 837 99 26 hevosen,
202 838 57 21 mikä
282 837 137 28 kyydittävän
438 838 106 26 puolesta,
560 840 50 19 ovat
626 837 73 22 kaikki
715 837 69 21 vallan
800 839 105 20 väärässä.

80 866 54 21 Mitä
156 867 59 20 ensin
236 866 104 22 hevoseen
364 865 62 28 tulee,
450 867 44 20 niin
513 866 126 21 valiokunta
654 872 64 15 sanoo
735 866 169 23 mietinnössään,

79 896 46 20 että
146 895 65 21 niissä
232 895 115 27 paikoissa,
368 895 64 21 missä
447 895 83 21 matkat
546 897 50 19 ovat
611 895 48 27 ylen
675 895 77 26 pitkät,
769 895 63 21 niissä
848 895 59 26 pitää

79 923 103 21 hevosten
198 923 50 22 luku
264 923 43 22 olla
321 923 114 27 suurempi.
467 923 70 22 Niissä
553 923 109 27 paikoissa
677 923 20 21 ei
713 923 91 22 hevosen
815 923 36 21 siis
862 925 44 19 tar-

79 952 53 21 vitse
155 952 65 21 tehdä
242 952 69 22 vallan
330 954 73 19 monta
418 952 73 27 kyytiä
507 953 104 26 päivässä.
641 952 47 21 Kun
705 952 95 21 hevonen
816 952 61 21 tekee
893 952 13 21 5

79 981 151 26 peninkulman
253 981 82 21 matkat
358 981 105 27 päivässä,
487 981 43 20 niin
548 981 17 21 ei
582 981 46 21 sille
644 981 49 21 siitä
708 981 33 21 ole
758 981 78 21 mitään
853 981 53 20 liial-

80 1009 49 21 lista
152 1009 107 22 rasitusta.
289 1009 54 22 Mitä
365 1012 46 18 taas
434 1009 152 28 kyydittävään
611 1010 61 25 tulee,
695 1009 45 22 niin
763 1009 41 21 hän
826 1009 79 27 tietysti

79 1037 96 22 virstalla
197 1038 70 27 viipyy
293 1044 74 15 saman
388 1038 48 26 ajan
460 1038 78 21 olkoon
562 1038 208 21 kestikievarienväli
792 1037 60 27 lyhyt
876 1038 29 21 tai

79 1066 66 26 pitkä,
170 1068 69 19 mutta
261 1073 36 14 ero
320 1072 27 15 on
371 1072 52 15 vaan
447 1072 29 19 se,
499 1068 45 19 että
559 1067 41 20 hän
617 1072 37 15 saa
666 1066 52 27 joka
734 1066 172 21 kestikievarissa

79 1094 89 22 odottaa
191 1095 87 21 hevosta
300 1094 132 22 kumminkin
455 1095 28 26 !/,
498 1095 70 21 tuntia
580 1095 24 26 ja
620 1095 92 21 tällaisia
727 1095 126 26 viivytyksiä
868 1095 38 20 hä-

79 1123 56 21 nelle
157 1123 79 27 tietysti
260 1123 56 21 tulee
339 1123 41 21 sitä
395 1123 117 22 useammin
529 1123 54 21 mitä
598 1123 129 28 lyhyemmät
742 1123 163 22 kestikievarien

79 1151 52 22 välit
144 1155 56 18 ovat.
231 1151 60 22 Minä
312 1151 47 22 olen
375 1151 97 22 vahvasti
489 1152 127 21 vakuutettu
632 1152 56 26 siitä,
705 1152 57 25 ettei,
776 1152 34 26 jos
825 1154 37 19 tuo
878 1152 27 21 25

78 1180 80 21 virstan
175 1182 72 20 määrä
263 1180 147 27 lyhennetään,
427 1181 139 21 kenellekään
583 1181 41 20 sitä
640 1181 43 21 tule
699 1181 84 26 hyötyä.

147 1237 70 22 Sedan
244 1238 147 21 diskussionen
415 1237 96 22 härefter
534 1237 114 22 förklarats
671 1237 98 26 afslutad,
793 1237 113 27 uppstälde

77 1266 50 21 herr
168 1267 139 21 Talmannen
342 1266 93 27 följande
450 1266 287 27 omröstningsproposition
729 1261 10 37 :

148 1323 133 21 Godkänner
303 1323 34 21 det
360 1323 133 28 högvördiga
516 1323 93 22 Ständet
625 1326 111 18 momentet
751 1323 19 25 c)
789 1323 67 28 enligt
871 1326 34 18 ut-

77 1351 86 21 skottets
179 1351 152 22 betänkande”
347 1352 40 21 den
403 1353 35 20 det
452 1355 41 24 gör
508 1359 80 14 svarar
599 1353 40 27 ja;

146 1409 76 20 vinner
239 1409 41 27 nej,
295 1410 83 20 ändras
395 1411 41 20 >25
454 1413 67 18 verst»
539 1410 35 21 till
591 1411 41 20 »20
648 1412 75 18 verst».

146 1465 33 21 Dä
195 1466 68 21 denna
279 1466 131 28 proposition
427 1466 129 22 besvarades
572 1466 47 22 med
631 1466 153 27 öfvervägande
798 1465 40 27 nej,
850 1466 55 21 hade

77 1494 90 21 sälunda
189 1494 89 22 Ständet
301 1495 95 27 godkänt
419 1498 117 18 momentet
551 1496 20 26 c)
586 1495 6 21 i
604 1495 69 27 öfrigt,
690 1498 58 18 utom
764 1497 32 19 att
812 1494 91 22 bestäm-

77 1522 77 28 ningen
172 1524 39 26 ,25
228 1526 71 19 verst*
315 1524 88 20 ändrats
418 1524 32 20 till
467 1525 39 25 ,20
522 1524 73 21 verst*.
