1103 1803
313 138 163 17 Presteständet
490 138 55 16 1882.
571 138 26 16 25
610 138 59 20 april.
838 132 42 21 913

76 207 60 21 kelse
158 207 96 21 kommer
276 208 31 19 att
329 206 78 26 uppstå
431 206 33 21 för
486 206 77 27 många
578 206 188 21 landskommuner
782 208 31 19 att
828 207 80 21 inrätta

77 235 233 27 ölförsäljningsställen
335 234 33 22 för
383 236 32 20 att
432 234 122 27 derigenom
570 234 81 22 erhålla
667 240 25 15 en
708 234 92 27 lindring
815 235 31 21 uti
862 235 46 21 sina

75 264 72 32 årliga
169 263 94 27 utgifter.
293 263 31 27 Ty
342 264 48 20 med
406 270 46 14 mer
467 263 52 21 eller
535 263 81 21 mindre
633 262 46 22 skäl
694 262 76 34 klagar
785 270 48 14 man
850 263 57 21 såväl

77 293 8 21 i
101 292 69 22 lands-
193 298 45 16 som
261 292 221 32 stadskommunerna,
506 293 32 20 att
559 291 124 27 taxeringen
706 293 24 19 är
753 292 84 27 mycket
859 292 49 27 hög.

75 321 44 27 Jag
141 327 62 15 anser
226 322 31 20 att
281 320 127 26 stadgandet
431 320 6 21 i
460 320 14 28 &
492 321 26 20 20
533 320 6 21 i
558 321 54 20 1879
628 320 34 21 års
678 320 128 33 näringslag,
822 320 40 21 har
877 309 31 33 ett

78 350 106 27 betydligt
199 349 106 21 företräde
320 349 58 20 såväl
394 349 88 21 framför
498 349 40 21 den
550 348 114 27 kejserliga
676 349 170 26 propositionens
862 356 45 14 som

77 377 252 23 utskottsbetänkandets
352 377 118 26 stadgande
486 378 7 20 i
509 377 36 21 det
561 377 120 21 hänseende
697 379 33 19 att
744 377 163 22 landskommun

78 407 47 22 icke
148 413 50 21 eger
220 408 43 19 rätt
286 408 32 19 att
341 405 100 22 särskildt
464 406 100 21 beskatta
579 405 119 26 medgifven
715 405 30 22 öl-
761 406 52 21 eller
828 409 80 24 porter-

77 435 131 28 försäljning.
239 435 56 21 Vore
318 435 69 21 denna
409 435 61 26 fråga
492 441 33 15 om
548 434 194 27 försäljpingsskatt
757 435 27 26 på
800 435 20 21 öl
836 441 72 15 ensam

78 464 35 21 för
137 465 38 26 sig,
199 463 67 22 skulle
287 464 35 26 jag
345 463 18 26 ej
379 469 51 15 anse
446 463 41 21 den
503 469 51 15 vara
570 463 21 21 af
606 463 40 21 den
662 463 77 27 farliga
754 463 151 27 beskaffenhet,

77 499 48 15 som
141 493 40 20 den
198 492 46 26 blir,
260 492 6 21 i
283 492 37 21 fall
336 498 48 15 man
400 492 173 21 sammanställer
589 491 39 22 den
645 491 47 22 med
708 491 113 28 kejserliga
831 499 77 20 propo-

80 521 91 22 sitionen
195 521 39 21 och
258 521 234 25 konsumtionsskatten
512 520 28 27 på
565 521 94 23 bränvin,
683 520 85 21 hvilken
791 521 31 21 till
838 523 70 20 större

79 549 52 22 eller
153 549 82 22 mindre
255 549 33 22 del
305 549 90 21 föreslås
411 549 87 21 tillfalla
514 550 159 21 kommunerna.
704 549 32 21 Då
750 549 36 27 jag
801 549 106 26 besinnar,

77 580 35 19 att
127 578 185 26 bestämningarna
327 578 30 20 uti
374 577 311 27 ölförsäljningsförfattningen
701 577 38 22 och
755 578 31 20 uti
799 578 109 22 bränvins-

79 606 150 28 förordningen
253 607 52 21 böra
326 606 85 21 komma
427 608 32 20 att
475 606 34 22 stå
524 606 7 21 i
546 606 98 22 harmoni
660 606 47 21 med
724 606 125 27 hvarandra,
866 607 41 21 kan

77 636 38 26 jag
138 636 19 26 ej
181 635 57 21 finna
253 637 64 19 annat
333 636 25 20 än
375 637 30 19 att
421 635 35 21 det
472 641 35 15 ser
522 637 30 23 ut,
569 641 45 15 som
630 641 34 15 om
680 634 101 28 förslaget
796 636 27 26 på
838 636 70 21 denna

80 666 48 25 väg,
143 670 76 20 genom
238 663 142 27 förespegling
395 663 22 21 af
431 664 99 26 lindring,
548 663 48 21 ville
611 670 76 20 genom
703 663 162 28 beskattningen
881 665 27 26 på

79 692 59 21 såväl
160 692 20 21 öl
202 698 45 16 som
270 692 89 21 bränvin
376 692 78 21 bereda
470 699 47 14 rum
533 692 39 21 hos
587 692 128 21 kommunen
732 692 32 21 för
780 693 40 21 den
836 693 71 26 tanke,

79 722 33 19 att
135 721 26 21 de
182 721 68 21 skulle
265 721 79 21 inrätta
360 721 77 26 många
452 720 81 22 sådana
548 720 220 27 försäljningsställen,
785 721 74 26 ehuru,
875 722 32 20 så-

79 755 47 15 som
148 749 147 22 erfarenheten
311 749 60 25 visat,
388 749 154 22 kommunerna
558 750 7 20 i
581 749 116 21 allmänhet
712 751 102 20 motsätta
829 750 32 27 sig
876 750 32 21 in-

80 779 99 20 rättande
203 778 21 21 af
247 777 55 22 såväl
332 777 147 28 ölförsäljning
502 784 45 15 som
573 777 333 28 bränvinsutminuteringsställe.

80 807 47 20 Den
142 806 98 27 inslagna
255 808 73 25 vägen,
345 809 32 18 att
393 807 47 20 med
456 807 65 25 skatt,
531 813 45 15 som
589 806 63 21 faller
662 806 127 21 kommunen
800 807 32 20 till
844 807 63 26 godo,

80 835 62 21 locka
165 835 122 21 densamma
308 837 31 19 att
361 835 80 21 inrätta
458 835 82 22 sådana
556 835 213 26 försäljningsställen
786 835 31 21 för
832 835 75 27 rusgif-

79 864 70 21 vande
172 863 95 28 drycker,
284 864 59 21 leder
358 864 34 21 till
408 864 186 27 dryckenskapens
610 864 144 26 befrämjande
770 864 40 21 och
826 863 81 23 således

79 892 88 22 alldeles
184 894 115 19 tvärtemot
315 893 42 26 det,
373 899 45 15 som
433 893 37 26 jag
486 895 35 19 vet
536 895 33 18 att
584 892 161 22 Presteståndet
756 892 39 21 och
806 893 102 21 särskildt

79 920 63 22 äfven
167 921 159 21 Bondeståndet
348 921 62 21 afser.
440 921 42 28 Jag
504 924 46 18 tror
565 921 33 21 för
614 921 42 21 min
673 921 32 21 del
722 923 32 19 att
770 921 90 21 orsaken
876 922 32 21 till

79 949 227 22 landskommunernas
328 952 59 19 stora
411 949 149 28 obenägenhet
583 952 45 19 mot
649 950 121 21 inrättande
786 950 22 21 af
822 950 31 21 öl-
868 950 40 21 och

80 978 314 27 bränvinsförsäljningsställen
418 979 130 21 åtminstone
572 978 66 21 delvis
661 979 66 26 ligger
743 979 52 24 deri,
811 980 32 19 att
859 985 48 14 man

79 1008 44 20 sett
145 1009 38 25 att,
207 1007 37 21 der
265 1007 80 21 sådana
366 1007 212 27 försäljningsställen
602 1007 106 25 inrättats,
724 1007 62 21 svåra
802 1007 106 26 störingar

80 1036 97 26 uppstått
193 1035 32 21 för
241 1035 58 22 såväl
315 1035 87 28 familje-
420 1042 44 15 som
482 1035 191 24 kommunallifvet,
689 1035 109 22 äfvensom
810 1036 50 26 deri,
876 1038 32 19 att

80 1064 69 25 någon
173 1064 57 21 skatt
253 1064 46 21 icke
315 1064 83 21 härtills
414 1064 40 21 fått
467 1064 82 21 åsättas
565 1064 62 21 dessa
643 1064 82 21 ställen.
756 1064 40 26 Jag
811 1064 49 21 ville
876 1064 33 21 till

79 1092 40 21 och
136 1092 47 21 med
200 1092 56 21 hålla
271 1092 50 25 före,
338 1094 31 19 att
385 1099 25 14 en
427 1093 67 20 sådan
510 1093 69 20 skatts
594 1093 99 21 sättande
703 1092 27 27 på
742 1092 166 33 ölförsäljnings-

79 1121 77 20 ställen
172 1121 128 20 kommunen
316 1121 32 21 till
364 1121 55 26 godo
436 1127 50 15 vore
502 1121 24 21 af
539 1127 26 15 en
580 1121 66 21 sådan
663 1121 97 21 kardinal
771 1121 50 27 vigt,
834 1123 32 19 att
875 1121 34 26 jag

79 1149 69 21 skulle
171 1151 103 19 motsätta
296 1149 43 27 mig
359 1150 28 21 all
403 1150 65 25 skatt,
485 1156 34 15 om
536 1150 40 20 den
592 1150 68 21 skulle
676 1149 82 21 tillfalla
773 1150 135 25 kommunen,

79 1183 48 15 men
151 1177 39 22 har
213 1178 18 27 ej
255 1178 64 26 något
341 1179 97 20 deremot
460 1185 36 14 om
516 1178 85 21 skatten
617 1178 45 21 helt
677 1178 40 21 och
732 1178 66 21 hållet
814 1166 95 33 tillfaller

78 1208 71 19 staten
165 1206 7 21 i
188 1206 219 22 öfverensstämmelse
423 1207 49 21 med
491 1207 53 22 1879
560 1208 35 20 års
611 1207 121 26 näringslag
748 1207 26 20 18
791 1207 18 26 8.

148 1263 26 21 V.
191 1265 73 25 pastor
282 1264 214 21 Westerlund:
526 1263 105 28 Yhdistyn
648 1264 66 21 niihin
730 1264 102 27 puhujiin,
846 1263 62 27 jotka

78 1291 101 22 katsovat
201 1292 51 21 liian
273 1292 91 21 korkeat
379 1294 60 19 verot
454 1292 141 21 haitalliseksi
611 1293 41 20 itse
667 1293 79 21 asialle.
776 1293 49 20 Kun
842 1294 67 19 asete-

78 1322 51 19 taan
145 1321 77 20 maalle
238 1321 301 27 vähittäismyynti-paikkoja,
556 1321 42 21 niin
610 1321 95 21 ensinkin
717 1328 27 15 on
758 1321 150 27 hyyrääminen

78 1349 68 26 suoja,
162 1349 145 22 maksaminen
323 1349 170 28 myymämiehen
509 1350 79 26 palkka
596 1349 23 27 ja
634 1350 41 21 sitä
686 1350 68 27 paitsi,
766 1350 65 21 kuten
842 1349 67 22 ehdo-

79 1379 79 24 tetaan,
175 1377 81 22 korkea
271 1385 56 14 vero.
357 1378 50 21 Jota
423 1378 167 22 korkeammalle
607 1379 69 20 hänen
690 1379 114 21 maksunsa
816 1379 93 26 myynti-

79 1405 126 22 oikeudesta
227 1407 64 26 tulee,
314 1407 41 21 sitä
378 1409 112 19 enemmän
506 1407 42 21 hän
564 1413 64 21 rupee
644 1407 95 26 ostajilta
754 1407 67 26 tuloja
837 1407 71 21 kisko-

78 1441 70 14 maan.
178 1435 76 21 Hänen
276 1437 73 25 täytyy
371 1438 101 18 muuttua
493 1436 99 26 kapakan
608 1435 99 27 pitäjäksi
722 1435 187 22 salakrouvariksi.

78 1462 55 22 Ellei
156 1462 42 22 sitä
220 1465 41 23 tee,
284 1464 43 21 niin
353 1464 115 21 ilmaantuv
494 1465 73 25 muita,
584 1464 62 27 jotka
661 1464 111 27 käyttävät
788 1463 121 28 hyväkseen

78 1491 70 21 hänen
171 1492 95 21 korkean
290 1492 158 22 verotuksensa.
482 1492 38 28 Ne,
540 1493 61 26 jotka
624 1494 84 26 myyvät
730 1492 68 22 olutta
824 1498 85 16 omassa

78 1520 131 27 suojassaan,
225 1521 71 21 voivat
313 1522 77 26 myydä
405 1521 121 21 huokeasta
541 1522 99 21 hinnasta
654 1522 21 26 ja
686 1523 86 19 vetävät
784 1521 36 21 siis
831 1521 78 21 olutta-

830 1560 11 17 8

819 1561 9 16 en
