1103 1803
228 130 41 21 958
454 135 164 18 Presteståndet
628 136 59 17 1882.
712 136 27 17 29
752 136 61 20 april.

269 204 30 22 På
314 204 158 28 framställning
482 205 23 21 af
518 205 50 21 herr
583 204 167 22 Talmannen
761 204 71 22 beslöt
842 205 85 21 ståndet
937 207 32 20 att
980 206 51 21 med

199 232 126 28 afgörandet
345 233 24 21 af
382 233 109 27 ingressen
506 233 69 22 skulle
590 233 58 26 bero,
664 233 32 21 till
713 234 47 21 dess
776 233 156 27 granskningen
947 234 24 21 af
985 234 46 21 för-

199 261 79 27 slagets
293 262 99 26 samtlige
408 262 123 27 paragrafer
547 262 104 21 slutförts.

592 349 14 25 8
623 349 18 19 1.

269 405 118 27 Angående
404 405 69 22 denna
488 405 102 27 paragraf
603 405 86 27 yttrade
704 405 33 27 sig
752 405 94 26 följande
861 405 77 21 talare:

269 462 90 21 Tohtori
381 462 124 21 Geitlin
529 462 127 27 huomautti,
681 463 45 20 että
751 462 93 27 pykälän
870 461 162 22 ruotsalaisesta

200 491 99 21 tekstistä
324 497 27 14 on
371 491 75 27 jäänyt
468 491 47 26 pois
538 492 61 20 sanat
622 491 41 26 ,pä
679 491 93 23 landet”,
792 490 62 27 jotka
868 490 95 27 löytyvät
978 496 51 15 arm.

200 519 108 27 esityksen
332 520 10 20 1
361 520 57 27 &:ssä
436 519 51 21 sekä
502 519 143 22 valiokunnan
661 520 117 21 mietinnön
795 519 162 21 suomalaisessa
971 525 59 14 muo-

201 547 143 22 dustuksessa.
375 548 96 26 Pykälän
494 548 88 21 toisesta
604 548 136 21 momentista
762 547 81 27 puhuja
866 547 68 22 tahtoi
956 547 74 27 ,asuk-

200 576 139 21 kaat*-sanan
363 576 72 21 edeltä
456 576 143 28 hylättäväksi
622 582 66 15 sanan
713 576 154 26 ,kaupungin*,
884 576 67 21 keska
965 576 65 27 pykä-

200 605 58 21 lässä
273 604 111 28 puhutaan
400 604 51 22 sekä
466 605 122 27 kaupungin
605 606 45 20 että
665 604 123 28 kauppalan
804 604 129 22 asukkaista.

270 662 111 21 Professor
404 662 92 21 Cleve
517 662 143 26 tillkännagaf
677 664 32 19 att
726 662 25 21 de
768 662 24 20 af
806 662 78 21 doktor
899 661 78 22 Geitlin
993 662 37 26 pä-

201 691 83 26 pekade
297 690 55 22 felen
368 691 69 21 måste
452 697 51 15 vara
518 690 150 22 korrekturfel.

270 747 84 21 Doktor
377 747 192 22 Nordström:
599 748 41 25 Jag
663 747 41 22 kan
728 747 18 27 ej
768 747 99 22 betrakta
893 748 35 21 det
954 747 76 26 nådiga

202 776 103 26 förslaget
330 775 31 22 till
377 776 203 27 skjutshållningens
595 776 134 27 fullgörande
745 776 55 21 efter
816 777 26 20 de
857 777 111 26 principer,
985 782 44 15 som

201 805 39 20 här
263 806 37 19 äro
324 805 113 26 uppstälda
460 807 65 19 annat
548 807 27 19 än
595 811 45 15 som
661 807 31 19 ett
710 805 183 27 interimsförslag.
924 805 39 21 Att
977 804 52 21 häll-

202 833 213 27 skjutsningstungan
438 833 68 21 hvilar
530 836 62 22 tungt
614 834 28 26 på
665 833 40 21 den
727 834 5 20 i
748 833 82 22 mantal
846 836 56 19 satta
915 833 75 28 jorden
1007 835 23 18 är

201 862 98 25 erkändt,
321 861 40 22 och
384 862 147 27 mångahanda
553 862 73 21 försök
648 862 64 21 hafva
734 863 66 20 redan
822 862 69 21 blifvit
909 862 74 27 gjorda
998 864 31 19 att

202 890 69 21 lindra
294 891 69 20 denna
387 893 71 24 tunga,
482 897 75 20 genom
573 893 33 19 att
622 891 40 21 den
677 891 69 21 skulle
762 891 94 21 fördelas
872 891 27 26 på
915 891 42 21 alla
972 890 57 21 kom-

201 925 90 15 munens
306 919 157 27 skattskyldiga
478 919 133 22 innevånare.
643 920 38 20 Att
697 919 61 22 detta
773 919 81 26 förslag
870 919 74 22 endast
959 921 24 19 är
998 920 32 20 ett

201 947 177 27 interimsförslag
401 948 73 27 tyckes
496 948 64 21 också
582 949 6 20 i
611 949 35 20 det
669 947 145 28 föreliggande
836 948 77 27 nådiga
928 947 101 27 förslaget

202 982 51 15 vara
269 977 82 26 antydt,
367 977 27 20 då
410 977 36 20 det
461 977 71 21 heter:
549 994 8 8 ,
563 977 148 26 skyldigheten
727 979 33 19 att
775 979 77 24 utgöra
868 977 111 26 hållskjuts
990 977 39 20 och

202 1005 126 21 underhålla
349 1005 122 27 gästgifveri
494 1006 27 25 pä
543 1005 73 22 landet
638 1005 82 27 åligger
742 1005 123 21 tillsvidare
882 1005 29 21 all
928 1005 5 21 i
950 1005 78 21 mantal

202 1035 43 19 satt
265 1033 67 27 jord".
363 1034 65 21 Detta
444 1034 84 27 uttryck
544 1034 141 27 ,tillsvidare*
703 1036 23 19 är
742 1034 6 21 i
764 1034 116 21 utskottets
896 1033 134 22 betänkande

202 1062 149 21 bortlemnadt.
382 1063 42 26 Jag
446 1062 68 21 skulle
536 1063 52 26 yrka
611 1063 27 26 på
656 1064 32 19 att
707 1063 36 20 det
759 1063 67 20 borde
842 1063 49 25 ingå
905 1063 64 20 också
985 1062 44 20 deri

201 1089 33 22 för
257 1092 33 19 att
313 1090 122 27 derigenom
458 1091 86 27 antyda,
566 1093 32 18 att
620 1091 59 21 detta
695 1091 119 26 stadgande
830 1091 75 21 endast
920 1092 24 19 är
959 1090 70 21 öfver-

201 1118 88 27 gående.
320 1119 68 21 Afven
412 1119 48 21 ville
481 1119 35 27 jag
538 1120 54 26 yrka
615 1121 33 25 på,
671 1119 54 21 hvad
748 1119 69 27 någon
834 1119 21 21 af
869 1121 160 19 reservanterna

201 1147 40 21 har
256 1147 117 27 föreslagit,
390 1149 32 20 att
437 1150 31 19 ett
484 1149 26 26 på
526 1148 66 21 andra
608 1149 93 26 grunder
716 1148 112 21 utarbetat
844 1147 79 27 förslag
937 1147 34 22 till
981 1149 49 20 näst

201 1176 202 21 sammanträdande
419 1176 86 21 ständer
520 1177 68 20 blefve
604 1177 24 20 af
636 1177 60 21 Hans
707 1177 102 26 Majestät
820 1176 110 27 förelagdt,
941 1176 88 21 emedan

202 1205 40 20 den
265 1207 72 19 orätta
359 1205 82 26 åsigten
464 1205 84 21 alltmer
563 1205 39 22 och
623 1211 44 16 mer
683 1207 39 25 gör
737 1205 34 27 sig
786 1205 105 26 gällande,
907 1206 32 19 att
954 1205 75 21 endast

202 1233 39 21 den
265 1233 7 21 i
295 1233 80 22 mantal
398 1236 56 19 satta
467 1233 75 27 jorden
558 1233 54 22 skall
628 1234 53 21 bära
696 1233 263 28 skjutshållningstungan.
989 1233 41 26 Jag

201 1264 46 19 tror
263 1264 32 19 att
311 1262 36 21 det
362 1262 19 27 ej
398 1262 66 21 borde
479 1269 51 14 vara
545 1263 69 26 någon
630 1263 108 26 svårighet
754 1265 34 18 att
799 1262 100 21 utarbeta
909 1264 32 19 ett
951 1261 78 27 förslag

201 1290 33 21 till
258 1290 121 27 fördelning
401 1290 24 22 af
446 1291 69 21 denna
530 1293 66 25 tunga
610 1291 28 27 på
654 1291 40 22 den
709 1291 158 26 skattskyldiga
881 1290 148 27 befolkningen

201 1319 27 26 på
245 1319 78 21 landet.
354 1319 41 26 Jag
409 1319 37 21 vill
461 1319 87 28 tillägga
564 1322 32 19 att
611 1320 32 21 uti
660 1320 35 21 det
710 1319 22 22 af
746 1319 96 22 komitén
857 1319 119 28 uppgjorda
985 1319 44 21 för-

201 1347 69 27 slaget
293 1348 59 21 detta
375 1348 64 21 också
462 1348 69 21 blifvit
554 1349 81 26 antydt,
658 1355 48 14 men
729 1349 82 20 kanske
826 1348 47 21 icke
888 1348 141 27 uttryckligen

201 1376 142 26 genomfördt.

271 1432 149 22 Öfverläraren
443 1433 153 21 Kihlman:
630 1429 67 26 Äfven
718 1434 37 26 jag
778 1433 39 21 har
839 1434 66 20 fästat
926 1434 43 25 mig
988 1434 42 24 vid,

201 1463 33 19 att
255 1462 106 21 utskottet
383 1462 31 20 uti
435 1462 66 21 första
523 1462 128 27 paragrafen
674 1462 98 21 uteslutit
795 1462 61 21 ordet
881 1462 147 28 tillsvidare”,

202 1496 45 14 som
271 1490 143 22 förekommer
436 1491 31 21 uti
490 1491 40 21 den
552 1490 113 27 kejserliga
687 1491 168 27 propositionen.
885 1491 42 26 Jag
949 1490 39 21 har
1010 1490 19 26 ej

202 1518 68 22 heller
285 1519 82 21 kunnat
381 1518 58 23 finna
453 1519 69 27 någon
538 1520 116 26 förklaring
669 1520 87 20 hvarför
767 1519 106 22 utskottet
883 1519 24 22 så
917 1520 39 20 har
966 1518 61 28 gjort.
