1103 1803
306 136 162 18 Presteståndet
481 137 57 16 1882.
562 137 24 16 18
599 136 60 20 april.
818 132 41 20 787

60 211 25 15 en
102 205 123 27 deputation
241 204 88 27 inbjuda
344 204 138 22 medstånden
498 207 32 19 att
545 204 74 22 förena
634 204 31 27 sig
681 211 34 15 om
727 205 59 21 detta
796 204 21 22 af
826 205 63 21 Stån-

61 234 36 20 det
119 233 82 21 fattade
216 233 70 21 beslut
301 233 40 21 och
358 232 31 21 till
406 233 70 21 denna
492 233 125 27 deputation
632 235 67 19 utsett
716 234 174 26 landtdagsmän-

60 268 40 15 nen
117 262 114 26 Svedberg,
246 262 101 27 Kyander
362 262 39 20 och
417 262 69 21 Värri.

130 393 57 21 Från
211 393 204 21 ekonomiutskottet
439 393 55 21 hade
516 392 112 21 inkommit
644 392 39 22 och
699 393 109 27 föredrogs
824 399 25 15 en
866 393 23 20 så

61 422 91 27 lydande
167 421 119 22 skrifvelse:

281 501 51 27 »Till
349 501 137 27 Högvördiga
501 501 165 22 Presteståndet.

130 559 95 21 Emedan
249 565 88 14 numera
359 559 75 20 endast
454 565 37 14 sex
507 559 78 21 veckor
600 559 23 20 af
638 559 39 20 den
693 559 112 20 bestämda
820 558 69 21 landt-

61 587 111 27 dagstiden
188 588 81 20 återstå
284 587 39 21 och
339 587 23 21 af
376 588 25 20 de
418 586 31 22 till
466 587 223 21 Ekonomiutskottets
706 587 116 27 beredning
838 587 51 21 hän-

61 616 88 26 skjutna
171 616 92 21 ärenden
287 616 83 26 Nådiga
393 616 187 26 Propositionerna
603 616 45 21 N:is
666 616 31 25 12,
714 616 32 24 15,
764 616 26 20 28
806 615 39 21 och
862 616 27 20 30

61 646 56 20 samt
137 644 32 27 sju
191 644 182 27 petitionsförslag
395 646 56 19 ännu
467 645 47 21 icke
529 644 81 22 kunnat
626 644 21 22 af
661 644 106 21 utskottet
782 644 107 26 företagas

61 673 32 21 till
109 673 129 27 behandling
258 676 55 18 samt
329 672 183 28 bränvinsfrågan,
528 673 101 21 hvarmed
645 673 106 21 utskottet
766 673 32 21 för
814 674 75 20 närva-

61 702 66 21 rande
149 702 134 26 sysselsätter
306 702 37 26 sig,
365 704 56 18 ännu
437 702 61 21 torde
514 702 84 20 komma
612 703 31 20 att
659 704 93 24 upptaga
767 701 46 21 icke
828 702 61 25 ringa

61 730 37 26 tid,
115 730 34 21 vid
165 730 80 21 hvilket
260 730 131 21 förhållande
404 730 107 21 utskottet
526 730 47 21 icke
588 730 42 21 kan
641 730 82 27 hoppas
734 732 32 19 att
777 729 31 22 till
820 729 69 22 landt-

62 759 78 27 dagens
163 759 43 21 slut
221 759 66 20 hinna
302 759 70 21 utföra
388 759 47 20 sina
449 759 103 26 göromål,
568 758 68 21 finner
651 759 31 25 sig
698 759 105 20 utskottet
818 758 70 21 föran-

61 787 59 25 lätet,
141 787 84 27 jemlikt
240 787 127 26 stadgandet
381 788 7 20 i
404 788 27 21 30
446 787 12 28 8
474 787 23 21 af
511 787 247 27 Landtdagsordningen,
773 787 39 21 hos
827 786 61 22 Stän-

61 817 65 21 derna
148 816 113 21 hemställa
285 822 32 15 om
343 816 111 27 tillökning
478 817 22 20 af
522 817 47 20 dess
590 817 129 20 ledamöters
735 816 57 21 antal
808 815 34 21 för
856 817 33 19 att

61 845 106 21 utskottet
189 845 35 21 mä
247 845 64 21 blifva
331 845 6 20 i
359 845 81 21 tillfälle
456 847 32 19 att
504 844 82 22 fördela
602 845 31 26 sig
649 845 26 26 pä
691 844 141 27 afdelningar;
849 844 39 21 och

62 873 33 21 fär
117 873 106 22 utskottet
246 873 56 27 förty
325 873 86 21 anhälla
433 875 33 20 att
489 873 138 27 Högvördiga
642 873 160 21 Presteständet
817 873 71 21 ville
877 869 15 36 i

63 902 139 21 omförmäldt
224 902 98 21 afseende
345 902 124 27 ytterligare
488 902 56 27 välja
559 902 35 21 tvä
610 902 118 21 ledamöter
743 902 39 21 och
798 908 25 15 en
839 908 49 20 sup-

62 931 72 26 pleant
150 931 5 20 i
171 931 217 21 Ekonomiutskottet.

337 987 30 22 Pä
383 988 117 21 utskottets
516 989 90 25 vägnar:

387 1044 22 21 C.
426 1045 23 20 F.
466 1045 97 20 Munck.*

131 1124 30 21 Pä
177 1124 156 27 framstälining
346 1125 23 20 af
382 1124 49 21 herr
446 1124 130 21 Talmannen
592 1123 71 22 beslöt
676 1124 90 22 Ständet
776 1124 113 27 godkänna

62 1153 226 22 ekonomi-utskottets
304 1154 6 20 i
326 1153 152 21 ofvanstäende
493 1153 110 21 skrifvelse
619 1153 74 27 gjorda
709 1153 105 21 anhällan.

130 1296 33 21 Då
179 1297 155 21 underrättelse
350 1303 88 15 numera
452 1303 77 20 genom
546 1296 196 27 protokollsutdrag
752 1296 94 24 anlänät,
857 1298 32 19 att

61 1324 42 21 alla
127 1325 24 20 de
169 1325 67 27 öfriga
251 1325 94 22 Ständen
361 1325 85 26 afslagit
462 1325 172 22 Presteständets
650 1325 124 26 inbjudning
790 1327 32 19 att
838 1325 51 20 hän-

61 1353 72 27 skjuta
154 1353 41 21 den
217 1353 124 28 principiela
365 1354 60 21 delen
442 1354 22 21 af
484 1354 172 21 statsutskottets
671 1353 134 22 betänkande
820 1353 40 21 N:o
877 1355 11 19 3

61 1381 111 28 angäende
193 1382 177 27 rusthällsfrägan
393 1383 32 20 till
449 1383 121 20 diskussion
595 1383 6 20 i
617 1383 84 26 plenum
718 1383 116 26 plenorum,
850 1383 39 20 och

62 1411 59 21 detta
144 1410 80 28 förslag
247 1411 88 21 sålunda
356 1411 61 24 fallit,
440 1411 102 27 föredrog
563 1411 49 21 herr
635 1411 129 21 Talmannen
780 1417 28 15 nu
824 1411 66 26 sagda

62 1439 135 21 betänkande
212 1439 32 21 till
259 1439 73 27 slutlig
347 1439 130 27 behandling
492 1440 57 20 inom
565 1439 96 22 Ståndet.

130 1496 73 21 Under
223 1497 40 20 den
285 1497 128 25 diskussion,
437 1503 46 15 som
505 1497 48 21 med
576 1496 113 27 anledning
714 1496 63 21 häraf
790 1496 101 26 uppstod,

60 1525 85 27 yttrade
161 1525 32 27 sig
208 1525 93 27 följande
317 1526 80 21 talare:
