<?xml version="1.0" encoding="UTF-8"?>
<alto xmlns="http://www.loc.gov/standards/alto/ns-v3#" xmlns:xlink="http://www.w3.org/1999/xlink" xmlns:xsi="http://www.w3.org/2001/XMLSchema-instance" xsi:schemaLocation="http://www.loc.gov/standards/alto/ns-v3# http://www.loc.gov/alto/v3/alto-3-0.xsd">
	<Description>
		<MeasurementUnit>pixel</MeasurementUnit>
		<sourceImageInformation>
			<fileName>/tmp/tess_nf3iew9o_input.PNG</fileName>
		</sourceImageInformation>
		<OCRProcessing ID="OCR_0">
			<ocrProcessingStep>
				<processingSoftware>
					<softwareName>tesseract 5.3.4</softwareName>
				</processingSoftware>
			</ocrProcessingStep>
		</OCRProcessing>
	</Description>
	<Layout>
		<Page WIDTH="1103" HEIGHT="1803" PHYSICAL_IMG_NR="0" ID="page_0">
			<PrintSpace HPOS="0" VPOS="0" WIDTH="1103" HEIGHT="1803">
				<ComposedBlock ID="cblock_0" HPOS="315" VPOS="132" WIDTH="557" HEIGHT="42">
					<TextBlock ID="block_0" HPOS="315" VPOS="132" WIDTH="557" HEIGHT="42">
						<TextLine ID="line_0" HPOS="315" VPOS="132" WIDTH="557" HEIGHT="42">
							<String ID="string_0" HPOS="315" VPOS="137" WIDTH="169" HEIGHT="32" WC="0.0" CONTENT="—Prosteständet"/><SP WIDTH="11" VPOS="137" HPOS="484"/>
							<String ID="string_1" HPOS="495" VPOS="134" WIDTH="59" HEIGHT="40" WC="0.95" CONTENT="1882."/><SP WIDTH="24" VPOS="134" HPOS="554"/>
							<String ID="string_2" HPOS="578" VPOS="138" WIDTH="14" HEIGHT="16" WC="0.96" CONTENT="4"/><SP WIDTH="12" VPOS="138" HPOS="592"/>
							<String ID="string_3" HPOS="604" VPOS="133" WIDTH="46" HEIGHT="40" WC="0.92" CONTENT="maj."/><SP WIDTH="168" VPOS="133" HPOS="650"/>
							<String ID="string_4" HPOS="818" VPOS="132" WIDTH="54" HEIGHT="20" WC="0.96" CONTENT="1045"/>
						</TextLine>
					</TextBlock>
				</ComposedBlock>
				<ComposedBlock ID="cblock_1" HPOS="73" VPOS="206" WIDTH="828" HEIGHT="56">
					<TextBlock ID="block_1" HPOS="73" VPOS="206" WIDTH="828" HEIGHT="56">
						<TextLine ID="line_1" HPOS="74" VPOS="206" WIDTH="827" HEIGHT="28">
							<String ID="string_5" HPOS="74" VPOS="208" WIDTH="41" HEIGHT="20" WC="0.95" CONTENT="den"/><SP WIDTH="24" VPOS="208" HPOS="115"/>
							<String ID="string_6" HPOS="139" VPOS="207" WIDTH="51" HEIGHT="21" WC="0.93" CONTENT="skall"/><SP WIDTH="24" VPOS="207" HPOS="190"/>
							<String ID="string_7" HPOS="214" VPOS="207" WIDTH="58" HEIGHT="21" WC="0.95" CONTENT="träda"/><SP WIDTH="15" VPOS="207" HPOS="272"/>
							<String ID="string_8" HPOS="287" VPOS="208" WIDTH="7" HEIGHT="19" WC="0.76" CONTENT="i"/><SP WIDTH="16" VPOS="208" HPOS="294"/>
							<String ID="string_9" HPOS="310" VPOS="207" WIDTH="97" HEIGHT="27" WC="0.96" CONTENT="gällande"/><SP WIDTH="22" VPOS="207" HPOS="407"/>
							<String ID="string_10" HPOS="429" VPOS="207" WIDTH="59" HEIGHT="25" WC="0.96" CONTENT="kraft,"/><SP WIDTH="16" VPOS="207" HPOS="488"/>
							<String ID="string_11" HPOS="504" VPOS="206" WIDTH="22" HEIGHT="21" WC="0.93" CONTENT="af"/><SP WIDTH="16" VPOS="206" HPOS="526"/>
							<String ID="string_12" HPOS="542" VPOS="207" WIDTH="83" HEIGHT="20" WC="0.96" CONTENT="ståndet"/><SP WIDTH="16" VPOS="207" HPOS="625"/>
							<String ID="string_13" HPOS="641" VPOS="207" WIDTH="108" HEIGHT="26" WC="0.96" CONTENT="godkänts,"/><SP WIDTH="17" VPOS="207" HPOS="749"/>
							<String ID="string_14" HPOS="766" VPOS="206" WIDTH="42" HEIGHT="21" WC="0.92" CONTENT="blef"/><SP WIDTH="14" VPOS="206" HPOS="808"/>
							<String ID="string_15" HPOS="822" VPOS="207" WIDTH="79" HEIGHT="26" WC="0.92" CONTENT="jemväl"/>
						</TextLine>
						<TextLine ID="line_2" HPOS="73" VPOS="235" WIDTH="409" HEIGHT="27">
							<String ID="string_16" HPOS="73" VPOS="236" WIDTH="108" HEIGHT="26" WC="0.93" CONTENT="ingressen"/><SP WIDTH="18" VPOS="236" HPOS="181"/>
							<String ID="string_17" HPOS="199" VPOS="236" WIDTH="30" HEIGHT="20" WC="0.96" CONTENT="till"/><SP WIDTH="17" VPOS="236" HPOS="229"/>
							<String ID="string_18" HPOS="246" VPOS="236" WIDTH="149" HEIGHT="26" WC="0.93" CONTENT="förordningen"/><SP WIDTH="18" VPOS="236" HPOS="395"/>
							<String ID="string_19" HPOS="413" VPOS="235" WIDTH="69" HEIGHT="27" WC="0.90" CONTENT="gillad."/>
						</TextLine>
					</TextBlock>
				</ComposedBlock>
				<ComposedBlock ID="cblock_2" HPOS="73" VPOS="292" WIDTH="828" HEIGHT="198">
					<TextBlock ID="block_2" HPOS="73" VPOS="292" WIDTH="828" HEIGHT="198">
						<TextLine ID="line_3" HPOS="141" VPOS="292" WIDTH="759" HEIGHT="26">
							<String ID="string_20" HPOS="141" VPOS="292" WIDTH="38" HEIGHT="20" WC="0.92" CONTENT="Till"/><SP WIDTH="25" VPOS="292" HPOS="179"/>
							<String ID="string_21" HPOS="204" VPOS="292" WIDTH="110" HEIGHT="21" WC="0.91" CONTENT="utskottets"/><SP WIDTH="25" VPOS="292" HPOS="314"/>
							<String ID="string_22" HPOS="339" VPOS="292" WIDTH="123" HEIGHT="21" WC="0.91" CONTENT="hemställan"/><SP WIDTH="18" VPOS="292" HPOS="462"/>
							<String ID="string_23" HPOS="480" VPOS="292" WIDTH="46" HEIGHT="21" WC="0.93" CONTENT="med"/><SP WIDTH="18" VPOS="292" HPOS="526"/>
							<String ID="string_24" HPOS="544" VPOS="292" WIDTH="116" HEIGHT="26" WC="0.92" CONTENT="anledning"/><SP WIDTH="15" VPOS="292" HPOS="660"/>
							<String ID="string_25" HPOS="675" VPOS="292" WIDTH="20" HEIGHT="20" WC="0.96" CONTENT="af"/><SP WIDTH="16" VPOS="292" HPOS="695"/>
							<String ID="string_26" HPOS="711" VPOS="292" WIDTH="35" HEIGHT="20" WC="0.93" CONTENT="det"/><SP WIDTH="17" VPOS="292" HPOS="746"/>
							<String ID="string_27" HPOS="763" VPOS="292" WIDTH="90" HEIGHT="26" WC="0.89" CONTENT="»förslag"/><SP WIDTH="16" VPOS="292" HPOS="853"/>
							<String ID="string_28" HPOS="869" VPOS="292" WIDTH="31" HEIGHT="20" WC="0.94" CONTENT="till"/>
						</TextLine>
						<TextLine ID="line_4" HPOS="74" VPOS="320" WIDTH="826" HEIGHT="28">
							<String ID="string_29" HPOS="74" VPOS="321" WIDTH="131" HEIGHT="27" WC="0.88" CONTENT="kungörelse,"/><SP WIDTH="22" VPOS="321" HPOS="205"/>
							<String ID="string_30" HPOS="227" VPOS="321" WIDTH="145" HEIGHT="21" WC="0.96" CONTENT="innefattande"/><SP WIDTH="23" VPOS="321" HPOS="372"/>
							<String ID="string_31" HPOS="395" VPOS="321" WIDTH="102" HEIGHT="20" WC="0.93" CONTENT="särskilda"/><SP WIDTH="15" VPOS="321" HPOS="497"/>
							<String ID="string_32" HPOS="512" VPOS="321" WIDTH="132" HEIGHT="20" WC="0.96" CONTENT="föreskrifter"/><SP WIDTH="15" VPOS="321" HPOS="644"/>
							<String ID="string_33" HPOS="659" VPOS="321" WIDTH="5" HEIGHT="20" WC="0.93" CONTENT="i"/><SP WIDTH="17" VPOS="321" HPOS="664"/>
							<String ID="string_34" HPOS="681" VPOS="320" WIDTH="99" HEIGHT="21" WC="0.93" CONTENT="afseende"/><SP WIDTH="16" VPOS="320" HPOS="780"/>
							<String ID="string_35" HPOS="796" VPOS="320" WIDTH="11" HEIGHT="20" WC="0.92" CONTENT="ä"/><SP WIDTH="15" VPOS="320" HPOS="807"/>
							<String ID="string_36" HPOS="822" VPOS="320" WIDTH="78" HEIGHT="27" WC="0.92" CONTENT="skjuts-"/>
						</TextLine>
						<TextLine ID="line_5" HPOS="74" VPOS="349" WIDTH="827" HEIGHT="27">
							<String ID="string_37" HPOS="74" VPOS="350" WIDTH="101" HEIGHT="20" WC="0.92" CONTENT="väsendet"/><SP WIDTH="16" VPOS="350" HPOS="175"/>
							<String ID="string_38" HPOS="191" VPOS="350" WIDTH="5" HEIGHT="19" WC="0.96" CONTENT="i"/><SP WIDTH="17" VPOS="350" HPOS="196"/>
							<String ID="string_39" HPOS="213" VPOS="350" WIDTH="83" HEIGHT="19" WC="0.93" CONTENT="landet»"/><SP WIDTH="18" VPOS="350" HPOS="296"/>
							<String ID="string_40" HPOS="314" VPOS="350" WIDTH="86" HEIGHT="19" WC="0.91" CONTENT="hvarom"/><SP WIDTH="18" VPOS="350" HPOS="400"/>
							<String ID="string_41" HPOS="418" VPOS="349" WIDTH="59" HEIGHT="20" WC="0.93" CONTENT="Hans"/><SP WIDTH="17" VPOS="349" HPOS="477"/>
							<String ID="string_42" HPOS="494" VPOS="349" WIDTH="118" HEIGHT="27" WC="0.90" CONTENT="Kejserliga"/><SP WIDTH="16" VPOS="349" HPOS="612"/>
							<String ID="string_43" HPOS="628" VPOS="349" WIDTH="97" HEIGHT="26" WC="0.92" CONTENT="Majestät"/><SP WIDTH="16" VPOS="349" HPOS="725"/>
							<String ID="string_44" HPOS="741" VPOS="349" WIDTH="55" HEIGHT="20" WC="0.92" CONTENT="volat"/><SP WIDTH="10" VPOS="349" HPOS="796"/>
							<String ID="string_45" HPOS="806" VPOS="349" WIDTH="95" HEIGHT="20" WC="0.92" CONTENT="inhemta"/>
						</TextLine>
						<TextLine ID="line_6" HPOS="73" VPOS="377" WIDTH="828" HEIGHT="27">
							<String ID="string_46" HPOS="73" VPOS="378" WIDTH="124" HEIGHT="21" WC="0.92" CONTENT="ständernas"/><SP WIDTH="15" VPOS="378" HPOS="197"/>
							<String ID="string_47" HPOS="212" VPOS="378" WIDTH="103" HEIGHT="26" WC="0.88" CONTENT="yttrande,"/><SP WIDTH="16" VPOS="378" HPOS="315"/>
							<String ID="string_48" HPOS="331" VPOS="378" WIDTH="49" HEIGHT="20" WC="0.92" CONTENT="fann"/><SP WIDTH="18" VPOS="378" HPOS="380"/>
							<String ID="string_49" HPOS="398" VPOS="377" WIDTH="177" HEIGHT="27" WC="0.92" CONTENT="Borgareständet"/><SP WIDTH="16" VPOS="377" HPOS="575"/>
							<String ID="string_50" HPOS="591" VPOS="377" WIDTH="54" HEIGHT="21" WC="0.93" CONTENT="dock"/><SP WIDTH="17" VPOS="377" HPOS="645"/>
							<String ID="string_51" HPOS="662" VPOS="378" WIDTH="29" HEIGHT="19" WC="0.92" CONTENT="uti"/><SP WIDTH="12" VPOS="378" HPOS="691"/>
							<String ID="string_52" HPOS="703" VPOS="377" WIDTH="123" HEIGHT="21" WC="0.93" CONTENT="ständernas"/><SP WIDTH="14" VPOS="377" HPOS="826"/>
							<String ID="string_53" HPOS="840" VPOS="377" WIDTH="61" HEIGHT="26" WC="0.93" CONTENT="afgif-"/>
						</TextLine>
						<TextLine ID="line_7" HPOS="74" VPOS="406" WIDTH="826" HEIGHT="27">
							<String ID="string_54" HPOS="74" VPOS="406" WIDTH="68" HEIGHT="21" WC="0.92" CONTENT="vande"/><SP WIDTH="16" VPOS="406" HPOS="142"/>
							<String ID="string_55" HPOS="158" VPOS="407" WIDTH="169" HEIGHT="20" WC="0.93" CONTENT="svarsskrifvelse"/><SP WIDTH="17" VPOS="407" HPOS="327"/>
							<String ID="string_56" HPOS="344" VPOS="407" WIDTH="62" HEIGHT="20" WC="0.92" CONTENT="hafva"/><SP WIDTH="16" VPOS="407" HPOS="406"/>
							<String ID="string_57" HPOS="422" VPOS="407" WIDTH="30" HEIGHT="20" WC="0.92" CONTENT="till"/><SP WIDTH="20" VPOS="407" HPOS="452"/>
							<String ID="string_58" HPOS="472" VPOS="407" WIDTH="4" HEIGHT="26" WC="0.92" CONTENT="$"/><SP WIDTH="12" VPOS="407" HPOS="476"/>
							<String ID="string_59" HPOS="488" VPOS="407" WIDTH="12" HEIGHT="20" WC="0.93" CONTENT="2"/><SP WIDTH="13" VPOS="407" HPOS="500"/>
							<String ID="string_60" HPOS="513" VPOS="407" WIDTH="29" HEIGHT="20" WC="0.93" CONTENT="uti"/><SP WIDTH="14" VPOS="407" HPOS="542"/>
							<String ID="string_61" HPOS="556" VPOS="407" WIDTH="40" HEIGHT="20" WC="0.93" CONTENT="den"/><SP WIDTH="18" VPOS="407" HPOS="596"/>
							<String ID="string_62" HPOS="614" VPOS="406" WIDTH="76" HEIGHT="27" WC="0.92" CONTENT="nädiga"/><SP WIDTH="17" VPOS="406" HPOS="690"/>
							<String ID="string_63" HPOS="707" VPOS="406" WIDTH="139" HEIGHT="27" WC="0.90" CONTENT="kungörelsen"/><SP WIDTH="17" VPOS="406" HPOS="846"/>
							<String ID="string_64" HPOS="863" VPOS="412" WIDTH="37" HEIGHT="13" WC="0.92" CONTENT="an-"/>
						</TextLine>
						<TextLine ID="line_8" HPOS="74" VPOS="434" WIDTH="825" HEIGHT="28">
							<String ID="string_65" HPOS="74" VPOS="435" WIDTH="73" HEIGHT="24" WC="0.92" CONTENT="märkt,"/><SP WIDTH="12" VPOS="435" HPOS="147"/>
							<String ID="string_66" HPOS="159" VPOS="438" WIDTH="30" HEIGHT="17" WC="0.90" CONTENT="att"/><SP WIDTH="11" VPOS="438" HPOS="189"/>
							<String ID="string_67" HPOS="200" VPOS="435" WIDTH="5" HEIGHT="20" WC="0.90" CONTENT="i"/><SP WIDTH="12" VPOS="435" HPOS="205"/>
							<String ID="string_68" HPOS="217" VPOS="435" WIDTH="96" HEIGHT="20" WC="0.91" CONTENT="bemälde"/><SP WIDTH="16" VPOS="435" HPOS="313"/>
							<String ID="string_69" HPOS="329" VPOS="435" WIDTH="97" HEIGHT="27" WC="0.92" CONTENT="paragraf"/><SP WIDTH="15" VPOS="435" HPOS="426"/>
							<String ID="string_70" HPOS="441" VPOS="435" WIDTH="77" HEIGHT="26" WC="0.91" CONTENT="jemväl"/><SP WIDTH="17" VPOS="435" HPOS="518"/>
							<String ID="string_71" HPOS="535" VPOS="435" WIDTH="116" HEIGHT="26" WC="0.92" CONTENT="stadgande"/><SP WIDTH="16" VPOS="435" HPOS="651"/>
							<String ID="string_72" HPOS="667" VPOS="435" WIDTH="64" HEIGHT="20" WC="0.93" CONTENT="borde"/><SP WIDTH="16" VPOS="435" HPOS="731"/>
							<String ID="string_73" HPOS="747" VPOS="435" WIDTH="49" HEIGHT="26" WC="0.93" CONTENT="ingä"/><SP WIDTH="15" VPOS="435" HPOS="796"/>
							<String ID="string_74" HPOS="811" VPOS="441" WIDTH="33" HEIGHT="14" WC="0.96" CONTENT="om"/><SP WIDTH="15" VPOS="441" HPOS="844"/>
							<String ID="string_75" HPOS="859" VPOS="434" WIDTH="40" HEIGHT="21" WC="0.96" CONTENT="den"/>
						</TextLine>
						<TextLine ID="line_9" HPOS="73" VPOS="463" WIDTH="660" HEIGHT="27">
							<String ID="string_76" HPOS="73" VPOS="464" WIDTH="6" HEIGHT="19" WC="0.92" CONTENT="i"/><SP WIDTH="16" VPOS="464" HPOS="79"/>
							<String ID="string_77" HPOS="95" VPOS="463" WIDTH="82" HEIGHT="21" WC="0.91" CONTENT="landets"/><SP WIDTH="16" VPOS="463" HPOS="177"/>
							<String ID="string_78" HPOS="193" VPOS="464" WIDTH="118" HEIGHT="26" WC="0.91" CONTENT="nordligare"/><SP WIDTH="17" VPOS="464" HPOS="311"/>
							<String ID="string_79" HPOS="328" VPOS="464" WIDTH="59" HEIGHT="20" WC="0.93" CONTENT="delar"/><SP WIDTH="14" VPOS="464" HPOS="387"/>
							<String ID="string_80" HPOS="401" VPOS="464" WIDTH="173" HEIGHT="20" WC="0.92" CONTENT="förekommande"/><SP WIDTH="16" VPOS="464" HPOS="574"/>
							<String ID="string_81" HPOS="590" VPOS="463" WIDTH="143" HEIGHT="27" WC="0.89" CONTENT="renskjutsen;"/>
						</TextLine>
					</TextBlock>
				</ComposedBlock>
				<ComposedBlock ID="cblock_3" HPOS="72" VPOS="526" WIDTH="828" HEIGHT="141">
					<TextBlock ID="block_3" HPOS="72" VPOS="526" WIDTH="828" HEIGHT="141">
						<TextLine ID="line_10" HPOS="142" VPOS="526" WIDTH="758" HEIGHT="27">
							<String ID="string_82" HPOS="142" VPOS="529" WIDTH="29" HEIGHT="18" WC="0.90" CONTENT="att"/><SP WIDTH="21" VPOS="529" HPOS="171"/>
							<String ID="string_83" HPOS="192" VPOS="527" WIDTH="83" HEIGHT="20" WC="0.90" CONTENT="ständet"/><SP WIDTH="15" VPOS="527" HPOS="275"/>
							<String ID="string_84" HPOS="290" VPOS="527" WIDTH="48" HEIGHT="20" WC="0.93" CONTENT="med"/><SP WIDTH="17" VPOS="527" HPOS="338"/>
							<String ID="string_85" HPOS="355" VPOS="527" WIDTH="155" HEIGHT="26" WC="0.92" CONTENT="öfvervägande"/><SP WIDTH="17" VPOS="527" HPOS="510"/>
							<String ID="string_86" HPOS="527" VPOS="527" WIDTH="107" HEIGHT="26" WC="0.92" CONTENT="pluralitet"/><SP WIDTH="15" VPOS="527" HPOS="634"/>
							<String ID="string_87" HPOS="649" VPOS="526" WIDTH="92" HEIGHT="26" WC="0.91" CONTENT="godkänt"/><SP WIDTH="16" VPOS="526" HPOS="741"/>
							<String ID="string_88" HPOS="757" VPOS="526" WIDTH="143" HEIGHT="21" WC="0.92" CONTENT="talmanskun-"/>
						</TextLine>
						<TextLine ID="line_11" HPOS="73" VPOS="553" WIDTH="827" HEIGHT="29">
							<String ID="string_89" HPOS="73" VPOS="555" WIDTH="109" HEIGHT="20" WC="0.91" CONTENT="ferensens"/><SP WIDTH="15" VPOS="555" HPOS="182"/>
							<String ID="string_90" HPOS="197" VPOS="555" WIDTH="78" HEIGHT="26" WC="0.96" CONTENT="förslag"/><SP WIDTH="16" VPOS="555" HPOS="275"/>
							<String ID="string_91" HPOS="291" VPOS="555" WIDTH="34" HEIGHT="20" WC="0.93" CONTENT="det"/><SP WIDTH="16" VPOS="555" HPOS="325"/>
							<String ID="string_92" HPOS="341" VPOS="555" WIDTH="143" HEIGHT="27" WC="0.68" CONTENT="expeditious-"/><SP WIDTH="16" VPOS="555" HPOS="484"/>
							<String ID="string_93" HPOS="500" VPOS="556" WIDTH="37" HEIGHT="19" WC="0.93" CONTENT="och"/><SP WIDTH="16" VPOS="556" HPOS="537"/>
							<String ID="string_94" HPOS="553" VPOS="555" WIDTH="230" HEIGHT="27" WC="0.92" CONTENT="justeringsutskotten,"/><SP WIDTH="16" VPOS="555" HPOS="783"/>
							<String ID="string_95" HPOS="799" VPOS="555" WIDTH="5" HEIGHT="19" WC="0.93" CONTENT="i"/><SP WIDTH="17" VPOS="555" HPOS="804"/>
							<String ID="string_96" HPOS="821" VPOS="553" WIDTH="79" HEIGHT="22" WC="0.96" CONTENT="sådana"/>
						</TextLine>
						<TextLine ID="line_12" HPOS="73" VPOS="582" WIDTH="799" HEIGHT="28">
							<String ID="string_97" HPOS="73" VPOS="583" WIDTH="37" HEIGHT="21" WC="0.96" CONTENT="fall"/><SP WIDTH="23" VPOS="583" HPOS="110"/>
							<String ID="string_98" HPOS="133" VPOS="583" WIDTH="26" HEIGHT="21" WC="0.96" CONTENT="dä"/><SP WIDTH="21" VPOS="583" HPOS="159"/>
							<String ID="string_99" HPOS="180" VPOS="583" WIDTH="46" HEIGHT="21" WC="0.93" CONTENT="dem"/><SP WIDTH="25" VPOS="583" HPOS="226"/>
							<String ID="string_100" HPOS="251" VPOS="583" WIDTH="90" HEIGHT="21" WC="0.92" CONTENT="emellan"/><SP WIDTH="17" VPOS="583" HPOS="341"/>
							<String ID="string_101" HPOS="358" VPOS="584" WIDTH="120" HEIGHT="26" WC="0.93" CONTENT="skiljaktiga"/><SP WIDTH="16" VPOS="584" HPOS="478"/>
							<String ID="string_102" HPOS="494" VPOS="584" WIDTH="110" HEIGHT="26" WC="0.92" CONTENT="meningar"/><SP WIDTH="16" VPOS="584" HPOS="604"/>
							<String ID="string_103" HPOS="620" VPOS="583" WIDTH="128" HEIGHT="21" WC="0.93" CONTENT="beträffande"/><SP WIDTH="16" VPOS="583" HPOS="748"/>
							<String ID="string_104" HPOS="764" VPOS="582" WIDTH="64" HEIGHT="28" WC="0.92" CONTENT="nägot"/><SP WIDTH="21" VPOS="582" HPOS="828"/>
							<String ID="string_105" HPOS="849" VPOS="584" WIDTH="23" HEIGHT="10" WC="0.96" CONTENT="stä"/>
						</TextLine>
						<TextLine ID="line_13" HPOS="73" VPOS="612" WIDTH="757" HEIGHT="27">
							<String ID="string_106" HPOS="73" VPOS="612" WIDTH="76" HEIGHT="20" WC="0.91" CONTENT="dernas"/><SP WIDTH="24" VPOS="612" HPOS="149"/>
							<String ID="string_107" HPOS="173" VPOS="612" WIDTH="68" HEIGHT="20" WC="0.93" CONTENT="beslut"/><SP WIDTH="24" VPOS="612" HPOS="241"/>
							<String ID="string_108" HPOS="265" VPOS="612" WIDTH="109" HEIGHT="27" WC="0.89" CONTENT="uppstode,"/><SP WIDTH="24" VPOS="612" HPOS="374"/>
							<String ID="string_109" HPOS="398" VPOS="612" WIDTH="52" HEIGHT="26" WC="0.92" CONTENT="egde"/><SP WIDTH="22" VPOS="612" HPOS="450"/>
							<String ID="string_110" HPOS="472" VPOS="613" WIDTH="74" HEIGHT="20" WC="0.96" CONTENT="förena"/><SP WIDTH="22" VPOS="613" HPOS="546"/>
							<String ID="string_111" HPOS="568" VPOS="612" WIDTH="32" HEIGHT="27" WC="0.96" CONTENT="sig"/><SP WIDTH="21" VPOS="612" HPOS="600"/>
							<String ID="string_112" HPOS="621" VPOS="612" WIDTH="39" HEIGHT="20" WC="0.27" CONTENT="och"/><SP WIDTH="15" VPOS="612" HPOS="660"/>
							<String ID="string_113" HPOS="675" VPOS="612" WIDTH="6" HEIGHT="20" WC="0.27" CONTENT="i"/><SP WIDTH="16" VPOS="612" HPOS="681"/>
							<String ID="string_114" HPOS="697" VPOS="612" WIDTH="89" HEIGHT="20" WC="0.96" CONTENT="sålunda"/><SP WIDTH="16" VPOS="612" HPOS="786"/>
							<String ID="string_115" HPOS="802" VPOS="612" WIDTH="28" HEIGHT="20" WC="0.96" CONTENT="för"/>
						</TextLine>
						<TextLine ID="line_14" HPOS="72" VPOS="640" WIDTH="722" HEIGHT="27">
							<String ID="string_116" HPOS="72" VPOS="640" WIDTH="195" HEIGHT="27" WC="0.91" CONTENT="justeringsutskott"/><SP WIDTH="16" VPOS="640" HPOS="267"/>
							<String ID="string_117" HPOS="283" VPOS="647" WIDTH="75" HEIGHT="19" WC="0.93" CONTENT="genom"/><SP WIDTH="17" VPOS="647" HPOS="358"/>
							<String ID="string_118" HPOS="375" VPOS="647" WIDTH="122" HEIGHT="20" WC="0.92" CONTENT="gemensam"/><SP WIDTH="18" VPOS="647" HPOS="497"/>
							<String ID="string_119" HPOS="515" VPOS="641" WIDTH="95" HEIGHT="26" WC="0.92" CONTENT="votering"/><SP WIDTH="16" VPOS="641" HPOS="610"/>
							<String ID="string_120" HPOS="626" VPOS="640" WIDTH="71" HEIGHT="27" WC="0.92" CONTENT="afgöra"/><SP WIDTH="16" VPOS="640" HPOS="697"/>
							<String ID="string_121" HPOS="713" VPOS="640" WIDTH="81" HEIGHT="27" WC="0.92" CONTENT="frägan;"/>
						</TextLine>
					</TextBlock>
				</ComposedBlock>
				<Illustration ID="cblock_4" HPOS="830" VPOS="585" WIDTH="71" HEIGHT="47"></Illustration>
				<ComposedBlock ID="cblock_5" HPOS="72" VPOS="702" WIDTH="828" HEIGHT="314">
					<TextBlock ID="block_4" HPOS="72" VPOS="702" WIDTH="828" HEIGHT="314">
						<TextLine ID="line_15" HPOS="142" VPOS="702" WIDTH="758" HEIGHT="28">
							<String ID="string_122" HPOS="142" VPOS="705" WIDTH="30" HEIGHT="18" WC="0.93" CONTENT="att"/><SP WIDTH="15" VPOS="705" HPOS="172"/>
							<String ID="string_123" HPOS="187" VPOS="703" WIDTH="147" HEIGHT="26" WC="0.48" CONTENT="lagutskottets"/><SP WIDTH="19" VPOS="703" HPOS="334"/>
							<String ID="string_124" HPOS="353" VPOS="703" WIDTH="133" HEIGHT="20" WC="0.96" CONTENT="betänkande"/><SP WIDTH="17" VPOS="703" HPOS="486"/>
							<String ID="string_125" HPOS="503" VPOS="704" WIDTH="37" HEIGHT="19" WC="0.96" CONTENT="N:o"/><SP WIDTH="19" VPOS="704" HPOS="540"/>
							<String ID="string_126" HPOS="559" VPOS="705" WIDTH="9" HEIGHT="18" WC="0.94" CONTENT="1"/><SP WIDTH="18" VPOS="705" HPOS="568"/>
							<String ID="string_127" HPOS="586" VPOS="704" WIDTH="6" HEIGHT="19" WC="0.93" CONTENT="i"/><SP WIDTH="16" VPOS="704" HPOS="592"/>
							<String ID="string_128" HPOS="608" VPOS="704" WIDTH="115" HEIGHT="26" WC="0.96" CONTENT="anledning"/><SP WIDTH="15" VPOS="704" HPOS="723"/>
							<String ID="string_129" HPOS="738" VPOS="703" WIDTH="20" HEIGHT="20" WC="0.96" CONTENT="af"/><SP WIDTH="16" VPOS="703" HPOS="758"/>
							<String ID="string_130" HPOS="774" VPOS="703" WIDTH="60" HEIGHT="20" WC="0.93" CONTENT="Hans"/><SP WIDTH="16" VPOS="703" HPOS="834"/>
							<String ID="string_131" HPOS="850" VPOS="702" WIDTH="50" HEIGHT="27" WC="0.92" CONTENT="Kej-"/>
						</TextLine>
						<TextLine ID="line_16" HPOS="73" VPOS="731" WIDTH="827" HEIGHT="28">
							<String ID="string_132" HPOS="73" VPOS="731" WIDTH="77" HEIGHT="27" WC="0.92" CONTENT="serliga"/><SP WIDTH="15" VPOS="731" HPOS="150"/>
							<String ID="string_133" HPOS="165" VPOS="731" WIDTH="107" HEIGHT="27" WC="0.91" CONTENT="Majestäts"/><SP WIDTH="16" VPOS="731" HPOS="272"/>
							<String ID="string_134" HPOS="288" VPOS="731" WIDTH="77" HEIGHT="27" WC="0.91" CONTENT="nädiga"/><SP WIDTH="17" VPOS="731" HPOS="365"/>
							<String ID="string_135" HPOS="382" VPOS="732" WIDTH="127" HEIGHT="26" WC="0.96" CONTENT="proposition"/><SP WIDTH="17" VPOS="732" HPOS="509"/>
							<String ID="string_136" HPOS="526" VPOS="739" WIDTH="33" HEIGHT="13" WC="0.96" CONTENT="om"/><SP WIDTH="17" VPOS="739" HPOS="559"/>
							<String ID="string_137" HPOS="576" VPOS="732" WIDTH="119" HEIGHT="27" WC="0.96" CONTENT="antagande"/><SP WIDTH="13" VPOS="732" HPOS="695"/>
							<String ID="string_138" HPOS="708" VPOS="732" WIDTH="20" HEIGHT="20" WC="0.96" CONTENT="af"/><SP WIDTH="11" VPOS="732" HPOS="728"/>
							<String ID="string_139" HPOS="739" VPOS="738" WIDTH="24" HEIGHT="14" WC="0.93" CONTENT="en"/><SP WIDTH="13" VPOS="738" HPOS="763"/>
							<String ID="string_140" HPOS="776" VPOS="731" WIDTH="124" HEIGHT="27" WC="0.92" CONTENT="författning"/>
						</TextLine>
						<TextLine ID="line_17" HPOS="73" VPOS="759" WIDTH="826" HEIGHT="28">
							<String ID="string_141" HPOS="73" VPOS="760" WIDTH="109" HEIGHT="27" WC="0.91" CONTENT="angäende"/><SP WIDTH="16" VPOS="760" HPOS="182"/>
							<String ID="string_142" HPOS="198" VPOS="760" WIDTH="91" HEIGHT="21" WC="0.92" CONTENT="forntida"/><SP WIDTH="17" VPOS="760" HPOS="289"/>
							<String ID="string_143" HPOS="306" VPOS="761" WIDTH="182" HEIGHT="20" WC="0.92" CONTENT="minnesmärkens"/><SP WIDTH="16" VPOS="761" HPOS="488"/>
							<String ID="string_144" HPOS="504" VPOS="761" WIDTH="101" HEIGHT="20" WC="0.93" CONTENT="fredande"/><SP WIDTH="16" VPOS="761" HPOS="605"/>
							<String ID="string_145" HPOS="621" VPOS="761" WIDTH="39" HEIGHT="20" WC="0.93" CONTENT="och"/><SP WIDTH="17" VPOS="761" HPOS="660"/>
							<String ID="string_146" HPOS="677" VPOS="760" WIDTH="117" HEIGHT="21" WC="0.92" CONTENT="bevarande"/><SP WIDTH="16" VPOS="760" HPOS="794"/>
							<String ID="string_147" HPOS="810" VPOS="760" WIDTH="21" HEIGHT="20" WC="0.93" CONTENT="af"/><SP WIDTH="12" VPOS="760" HPOS="831"/>
							<String ID="string_148" HPOS="843" VPOS="759" WIDTH="56" HEIGHT="22" WC="0.92" CONTENT="stän-"/>
						</TextLine>
						<TextLine ID="line_18" HPOS="73" VPOS="789" WIDTH="826" HEIGHT="27">
							<String ID="string_149" HPOS="73" VPOS="789" WIDTH="36" HEIGHT="20" WC="0.96" CONTENT="det"/><SP WIDTH="14" VPOS="789" HPOS="109"/>
							<String ID="string_150" HPOS="123" VPOS="789" WIDTH="7" HEIGHT="20" WC="0.92" CONTENT="i"/><SP WIDTH="16" VPOS="789" HPOS="130"/>
							<String ID="string_151" HPOS="146" VPOS="789" WIDTH="63" HEIGHT="26" WC="0.96" CONTENT="öfrigt"/><SP WIDTH="22" VPOS="789" HPOS="209"/>
							<String ID="string_152" HPOS="231" VPOS="791" WIDTH="49" HEIGHT="18" WC="0.95" CONTENT="utan"/><SP WIDTH="24" VPOS="791" HPOS="280"/>
							<String ID="string_153" HPOS="304" VPOS="789" WIDTH="90" HEIGHT="26" WC="0.93" CONTENT="ändring"/><SP WIDTH="22" VPOS="789" HPOS="394"/>
							<String ID="string_154" HPOS="416" VPOS="789" WIDTH="104" HEIGHT="26" WC="0.96" CONTENT="godkänts"/><SP WIDTH="17" VPOS="789" HPOS="520"/>
							<String ID="string_155" HPOS="537" VPOS="789" WIDTH="38" HEIGHT="20" WC="0.93" CONTENT="och"/><SP WIDTH="17" VPOS="789" HPOS="575"/>
							<String ID="string_156" HPOS="592" VPOS="789" WIDTH="95" HEIGHT="27" WC="0.96" CONTENT="antagits,"/><SP WIDTH="17" VPOS="789" HPOS="687"/>
							<String ID="string_157" HPOS="704" VPOS="792" WIDTH="57" HEIGHT="17" WC="0.96" CONTENT="utom"/><SP WIDTH="17" VPOS="792" HPOS="761"/>
							<String ID="string_158" HPOS="778" VPOS="792" WIDTH="30" HEIGHT="17" WC="0.93" CONTENT="att"/><SP WIDTH="15" VPOS="792" HPOS="808"/>
							<String ID="string_159" HPOS="823" VPOS="789" WIDTH="76" HEIGHT="20" WC="0.83" CONTENT="beträf-"/>
						</TextLine>
						<TextLine ID="line_19" HPOS="73" VPOS="817" WIDTH="826" HEIGHT="27">
							<String ID="string_160" HPOS="73" VPOS="817" WIDTH="63" HEIGHT="21" WC="0.93" CONTENT="fande"/><SP WIDTH="17" VPOS="817" HPOS="136"/>
							<String ID="string_161" HPOS="153" VPOS="819" WIDTH="10" HEIGHT="24" WC="0.82" CONTENT="$"/><SP WIDTH="17" VPOS="819" HPOS="163"/>
							<String ID="string_162" HPOS="180" VPOS="818" WIDTH="12" HEIGHT="20" WC="0.93" CONTENT="3"/><SP WIDTH="16" VPOS="818" HPOS="192"/>
							<String ID="string_163" HPOS="208" VPOS="817" WIDTH="83" HEIGHT="21" WC="0.95" CONTENT="ståndet"/><SP WIDTH="22" VPOS="817" HPOS="291"/>
							<String ID="string_164" HPOS="313" VPOS="817" WIDTH="83" HEIGHT="21" WC="0.96" CONTENT="förenat"/><SP WIDTH="23" VPOS="817" HPOS="396"/>
							<String ID="string_165" HPOS="419" VPOS="818" WIDTH="31" HEIGHT="26" WC="0.96" CONTENT="sig"/><SP WIDTH="16" VPOS="818" HPOS="450"/>
							<String ID="string_166" HPOS="466" VPOS="824" WIDTH="33" HEIGHT="13" WC="0.96" CONTENT="om"/><SP WIDTH="18" VPOS="824" HPOS="499"/>
							<String ID="string_167" HPOS="517" VPOS="818" WIDTH="39" HEIGHT="20" WC="0.96" CONTENT="den"/><SP WIDTH="18" VPOS="818" HPOS="556"/>
							<String ID="string_168" HPOS="574" VPOS="818" WIDTH="21" HEIGHT="20" WC="0.93" CONTENT="af"/><SP WIDTH="16" VPOS="818" HPOS="595"/>
							<String ID="string_169" HPOS="611" VPOS="818" WIDTH="71" HEIGHT="20" WC="0.93" CONTENT="herrar"/><SP WIDTH="15" VPOS="818" HPOS="682"/>
							<String ID="string_170" HPOS="697" VPOS="817" WIDTH="86" HEIGHT="26" WC="0.81" CONTENT="Nystön,"/><SP WIDTH="16" VPOS="817" HPOS="783"/>
							<String ID="string_171" HPOS="799" VPOS="817" WIDTH="100" HEIGHT="23" WC="0.92" CONTENT="Grönvik,"/>
						</TextLine>
						<TextLine ID="line_20" HPOS="72" VPOS="845" WIDTH="826" HEIGHT="28">
							<String ID="string_172" HPOS="72" VPOS="845" WIDTH="101" HEIGHT="21" WC="0.96" CONTENT="Forsman"/><SP WIDTH="17" VPOS="845" HPOS="173"/>
							<String ID="string_173" HPOS="190" VPOS="847" WIDTH="38" HEIGHT="20" WC="0.93" CONTENT="och"/><SP WIDTH="17" VPOS="847" HPOS="228"/>
							<String ID="string_174" HPOS="245" VPOS="845" WIDTH="106" HEIGHT="28" WC="0.72" CONTENT="Olouberg"/><SP WIDTH="17" VPOS="845" HPOS="351"/>
							<String ID="string_175" HPOS="368" VPOS="847" WIDTH="28" HEIGHT="20" WC="0.96" CONTENT="uti"/><SP WIDTH="17" VPOS="847" HPOS="396"/>
							<String ID="string_176" HPOS="413" VPOS="853" WIDTH="60" HEIGHT="13" WC="0.93" CONTENT="deras"/><SP WIDTH="17" VPOS="853" HPOS="473"/>
							<String ID="string_177" HPOS="490" VPOS="847" WIDTH="142" HEIGHT="20" WC="0.93" CONTENT="betänkandet"/><SP WIDTH="17" VPOS="847" HPOS="632"/>
							<String ID="string_178" HPOS="649" VPOS="846" WIDTH="110" HEIGHT="27" WC="0.93" CONTENT="vidfogade"/><SP WIDTH="11" VPOS="846" HPOS="759"/>
							<String ID="string_179" HPOS="770" VPOS="846" WIDTH="128" HEIGHT="21" WC="0.96" CONTENT="reservation"/>
						</TextLine>
						<TextLine ID="line_21" HPOS="73" VPOS="874" WIDTH="827" HEIGHT="28">
							<String ID="string_180" HPOS="73" VPOS="874" WIDTH="118" HEIGHT="27" WC="0.87" CONTENT="föreslagna"/><SP WIDTH="22" VPOS="874" HPOS="191"/>
							<String ID="string_181" HPOS="213" VPOS="875" WIDTH="140" HEIGHT="27" WC="0.87" CONTENT="formulering"/><SP WIDTH="20" VPOS="875" HPOS="353"/>
							<String ID="string_182" HPOS="373" VPOS="875" WIDTH="21" HEIGHT="20" WC="0.93" CONTENT="af"/><SP WIDTH="20" VPOS="875" HPOS="394"/>
							<String ID="string_183" HPOS="414" VPOS="875" WIDTH="124" HEIGHT="26" WC="0.92" CONTENT="paragrafen"/><SP WIDTH="24" VPOS="875" HPOS="538"/>
							<String ID="string_184" HPOS="562" VPOS="875" WIDTH="71" HEIGHT="20" WC="0.92" CONTENT="likvist"/><SP WIDTH="15" VPOS="875" HPOS="633"/>
							<String ID="string_185" HPOS="648" VPOS="875" WIDTH="47" HEIGHT="20" WC="0.96" CONTENT="med"/><SP WIDTH="17" VPOS="875" HPOS="695"/>
							<String ID="string_186" HPOS="712" VPOS="875" WIDTH="40" HEIGHT="20" WC="0.93" CONTENT="den"/><SP WIDTH="16" VPOS="875" HPOS="752"/>
							<String ID="string_187" HPOS="768" VPOS="874" WIDTH="132" HEIGHT="21" WC="0.93" CONTENT="redaktions-"/>
						</TextLine>
						<TextLine ID="line_22" HPOS="73" VPOS="903" WIDTH="826" HEIGHT="28">
							<String ID="string_188" HPOS="73" VPOS="903" WIDTH="122" HEIGHT="26" WC="0.96" CONTENT="förändring"/><SP WIDTH="19" VPOS="903" HPOS="195"/>
							<String ID="string_189" HPOS="214" VPOS="906" WIDTH="29" HEIGHT="17" WC="0.93" CONTENT="att"/><SP WIDTH="16" VPOS="906" HPOS="243"/>
							<String ID="string_190" HPOS="259" VPOS="903" WIDTH="64" HEIGHT="21" WC="0.93" CONTENT="orden"/><SP WIDTH="20" VPOS="903" HPOS="323"/>
							<String ID="string_191" HPOS="343" VPOS="903" WIDTH="121" HEIGHT="28" WC="0.86" CONTENT="»angäende"/><SP WIDTH="17" VPOS="903" HPOS="464"/>
							<String ID="string_192" HPOS="481" VPOS="904" WIDTH="157" HEIGHT="27" WC="0.96" CONTENT="expropriation"/><SP WIDTH="16" VPOS="904" HPOS="638"/>
							<String ID="string_193" HPOS="654" VPOS="904" WIDTH="21" HEIGHT="20" WC="0.96" CONTENT="af"/><SP WIDTH="16" VPOS="904" HPOS="675"/>
							<String ID="string_194" HPOS="691" VPOS="903" WIDTH="57" HEIGHT="20" WC="0.96" CONTENT="mark"/><SP WIDTH="17" VPOS="903" HPOS="748"/>
							<String ID="string_195" HPOS="765" VPOS="903" WIDTH="32" HEIGHT="20" WC="0.96" CONTENT="för"/><SP WIDTH="15" VPOS="903" HPOS="797"/>
							<String ID="string_196" HPOS="812" VPOS="903" WIDTH="87" HEIGHT="20" WC="0.96" CONTENT="allmänt"/>
						</TextLine>
						<TextLine ID="line_23" HPOS="74" VPOS="931" WIDTH="826" HEIGHT="27">
							<String ID="string_197" HPOS="74" VPOS="931" WIDTH="73" HEIGHT="21" WC="0.82" CONTENT="behof»"/><SP WIDTH="18" VPOS="931" HPOS="147"/>
							<String ID="string_198" HPOS="165" VPOS="932" WIDTH="86" HEIGHT="26" WC="0.96" CONTENT="utbytes"/><SP WIDTH="22" VPOS="932" HPOS="251"/>
							<String ID="string_199" HPOS="273" VPOS="934" WIDTH="44" HEIGHT="18" WC="0.96" CONTENT="mot"/><SP WIDTH="23" VPOS="934" HPOS="317"/>
							<String ID="string_200" HPOS="340" VPOS="933" WIDTH="35" HEIGHT="20" WC="0.93" CONTENT="det"/><SP WIDTH="20" VPOS="933" HPOS="375"/>
							<String ID="string_201" HPOS="395" VPOS="932" WIDTH="30" HEIGHT="20" WC="0.94" CONTENT="uti"/><SP WIDTH="16" VPOS="932" HPOS="425"/>
							<String ID="string_202" HPOS="441" VPOS="932" WIDTH="100" HEIGHT="20" WC="0.96" CONTENT="rubriken"/><SP WIDTH="17" VPOS="932" HPOS="541"/>
							<String ID="string_203" HPOS="558" VPOS="932" WIDTH="31" HEIGHT="21" WC="0.95" CONTENT="till"/><SP WIDTH="18" VPOS="932" HPOS="589"/>
							<String ID="string_204" HPOS="607" VPOS="932" WIDTH="54" HEIGHT="21" WC="0.93" CONTENT="1864"/><SP WIDTH="16" VPOS="932" HPOS="661"/>
							<String ID="string_205" HPOS="677" VPOS="932" WIDTH="32" HEIGHT="20" WC="0.96" CONTENT="års"/><SP WIDTH="16" VPOS="932" HPOS="709"/>
							<String ID="string_206" HPOS="725" VPOS="931" WIDTH="123" HEIGHT="27" WC="0.93" CONTENT="förordning"/><SP WIDTH="16" VPOS="931" HPOS="848"/>
							<String ID="string_207" HPOS="864" VPOS="931" WIDTH="36" HEIGHT="20" WC="0.90" CONTENT="be-"/>
						</TextLine>
						<TextLine ID="line_24" HPOS="72" VPOS="959" WIDTH="828" HEIGHT="28">
							<String ID="string_208" HPOS="72" VPOS="959" WIDTH="95" HEIGHT="27" WC="0.92" CONTENT="gagnade"/><SP WIDTH="18" VPOS="959" HPOS="167"/>
							<String ID="string_209" HPOS="185" VPOS="961" WIDTH="113" HEIGHT="26" WC="0.93" CONTENT="uttrycket:"/><SP WIDTH="19" VPOS="961" HPOS="298"/>
							<String ID="string_210" HPOS="317" VPOS="961" WIDTH="122" HEIGHT="26" WC="0.86" CONTENT="»angäende"/><SP WIDTH="15" VPOS="961" HPOS="439"/>
							<String ID="string_211" HPOS="454" VPOS="961" WIDTH="122" HEIGHT="26" WC="0.96" CONTENT="skyldighet"/><SP WIDTH="12" VPOS="961" HPOS="576"/>
							<String ID="string_212" HPOS="588" VPOS="961" WIDTH="31" HEIGHT="20" WC="0.93" CONTENT="för"/><SP WIDTH="11" VPOS="961" HPOS="619"/>
							<String ID="string_213" HPOS="630" VPOS="967" WIDTH="61" HEIGHT="20" WC="0.93" CONTENT="egare"/><SP WIDTH="10" VPOS="967" HPOS="691"/>
							<String ID="string_214" HPOS="701" VPOS="961" WIDTH="51" HEIGHT="20" WC="0.92" CONTENT="eller"/><SP WIDTH="10" VPOS="961" HPOS="752"/>
							<String ID="string_215" HPOS="762" VPOS="960" WIDTH="138" HEIGHT="21" WC="0.90" CONTENT="innehafvare"/>
						</TextLine>
						<TextLine ID="line_25" HPOS="72" VPOS="988" WIDTH="732" HEIGHT="28">
							<String ID="string_216" HPOS="72" VPOS="988" WIDTH="21" HEIGHT="21" WC="0.96" CONTENT="af"/><SP WIDTH="14" VPOS="988" HPOS="93"/>
							<String ID="string_217" HPOS="107" VPOS="988" WIDTH="46" HEIGHT="27" WC="0.96" CONTENT="jord"/><SP WIDTH="17" VPOS="988" HPOS="153"/>
							<String ID="string_218" HPOS="170" VPOS="992" WIDTH="29" HEIGHT="17" WC="0.96" CONTENT="att"/><SP WIDTH="16" VPOS="992" HPOS="199"/>
							<String ID="string_219" HPOS="215" VPOS="993" WIDTH="44" HEIGHT="16" WC="0.96" CONTENT="mot"/><SP WIDTH="15" VPOS="993" HPOS="259"/>
							<String ID="string_220" HPOS="274" VPOS="990" WIDTH="116" HEIGHT="25" WC="0.93" CONTENT="ersättning"/><SP WIDTH="16" VPOS="990" HPOS="390"/>
							<String ID="string_221" HPOS="406" VPOS="989" WIDTH="85" HEIGHT="27" WC="0.92" CONTENT="uppläta"/><SP WIDTH="16" VPOS="989" HPOS="491"/>
							<String ID="string_222" HPOS="507" VPOS="990" WIDTH="57" HEIGHT="19" WC="0.95" CONTENT="mark"/><SP WIDTH="17" VPOS="990" HPOS="564"/>
							<String ID="string_223" HPOS="581" VPOS="989" WIDTH="33" HEIGHT="20" WC="0.96" CONTENT="för"/><SP WIDTH="16" VPOS="989" HPOS="614"/>
							<String ID="string_224" HPOS="630" VPOS="989" WIDTH="86" HEIGHT="20" WC="0.93" CONTENT="allmänt"/><SP WIDTH="16" VPOS="989" HPOS="716"/>
							<String ID="string_225" HPOS="732" VPOS="989" WIDTH="72" HEIGHT="22" WC="0.91" CONTENT="behof;"/>
						</TextLine>
					</TextBlock>
				</ComposedBlock>
				<GraphicalElement ID="cblock_6" HPOS="421" VPOS="558" WIDTH="4" HEIGHT="308"></GraphicalElement >
				<ComposedBlock ID="cblock_7" HPOS="70" VPOS="1051" WIDTH="829" HEIGHT="140">
					<TextBlock ID="block_5" HPOS="70" VPOS="1051" WIDTH="829" HEIGHT="140">
						<TextLine ID="line_26" HPOS="140" VPOS="1051" WIDTH="759" HEIGHT="27">
							<String ID="string_226" HPOS="140" VPOS="1053" WIDTH="29" HEIGHT="19" WC="0.96" CONTENT="att"/><SP WIDTH="22" VPOS="1053" HPOS="169"/>
							<String ID="string_227" HPOS="191" VPOS="1051" WIDTH="60" HEIGHT="21" WC="0.93" CONTENT="Hans"/><SP WIDTH="23" VPOS="1051" HPOS="251"/>
							<String ID="string_228" HPOS="274" VPOS="1052" WIDTH="118" HEIGHT="26" WC="0.91" CONTENT="Kejserliga"/><SP WIDTH="24" VPOS="1052" HPOS="392"/>
							<String ID="string_229" HPOS="416" VPOS="1052" WIDTH="107" HEIGHT="26" WC="0.91" CONTENT="Majestäts"/><SP WIDTH="24" VPOS="1052" HPOS="523"/>
							<String ID="string_230" HPOS="547" VPOS="1052" WIDTH="76" HEIGHT="26" WC="0.91" CONTENT="nädiga"/><SP WIDTH="22" VPOS="1052" HPOS="623"/>
							<String ID="string_231" HPOS="645" VPOS="1052" WIDTH="127" HEIGHT="26" WC="0.93" CONTENT="proposition"/><SP WIDTH="16" VPOS="1052" HPOS="772"/>
							<String ID="string_232" HPOS="788" VPOS="1051" WIDTH="111" HEIGHT="27" WC="0.91" CONTENT="angäende"/>
						</TextLine>
						<TextLine ID="line_27" HPOS="71" VPOS="1080" WIDTH="828" HEIGHT="27">
							<String ID="string_233" HPOS="71" VPOS="1080" WIDTH="114" HEIGHT="25" WC="0.95" CONTENT="ändringar"/><SP WIDTH="15" VPOS="1080" HPOS="185"/>
							<String ID="string_234" HPOS="200" VPOS="1080" WIDTH="6" HEIGHT="19" WC="0.95" CONTENT="i"/><SP WIDTH="16" VPOS="1080" HPOS="206"/>
							<String ID="string_235" HPOS="222" VPOS="1080" WIDTH="102" HEIGHT="20" WC="0.96" CONTENT="särskilda"/><SP WIDTH="23" VPOS="1080" HPOS="324"/>
							<String ID="string_236" HPOS="347" VPOS="1080" WIDTH="58" HEIGHT="21" WC="0.95" CONTENT="delar"/><SP WIDTH="23" VPOS="1080" HPOS="405"/>
							<String ID="string_237" HPOS="428" VPOS="1080" WIDTH="20" HEIGHT="20" WC="0.93" CONTENT="af"/><SP WIDTH="16" VPOS="1080" HPOS="448"/>
							<String ID="string_238" HPOS="464" VPOS="1080" WIDTH="191" HEIGHT="27" WC="0.92" CONTENT="värnepligtslagen"/><SP WIDTH="17" VPOS="1080" HPOS="655"/>
							<String ID="string_239" HPOS="672" VPOS="1080" WIDTH="21" HEIGHT="20" WC="0.93" CONTENT="af"/><SP WIDTH="15" VPOS="1080" HPOS="693"/>
							<String ID="string_240" HPOS="708" VPOS="1080" WIDTH="82" HEIGHT="20" WC="0.92" CONTENT="ständet"/><SP WIDTH="16" VPOS="1080" HPOS="790"/>
							<String ID="string_241" HPOS="806" VPOS="1080" WIDTH="93" HEIGHT="19" WC="0.92" CONTENT="remitte-"/>
						</TextLine>
						<TextLine ID="line_28" HPOS="70" VPOS="1108" WIDTH="828" HEIGHT="27">
							<String ID="string_242" HPOS="70" VPOS="1110" WIDTH="43" HEIGHT="18" WC="0.92" CONTENT="rats"/><SP WIDTH="22" VPOS="1110" HPOS="113"/>
							<String ID="string_243" HPOS="135" VPOS="1108" WIDTH="31" HEIGHT="20" WC="0.96" CONTENT="till"/><SP WIDTH="23" VPOS="1108" HPOS="166"/>
							<String ID="string_244" HPOS="189" VPOS="1108" WIDTH="35" HEIGHT="21" WC="0.96" CONTENT="det"/><SP WIDTH="22" VPOS="1108" HPOS="224"/>
							<String ID="string_245" HPOS="246" VPOS="1108" WIDTH="33" HEIGHT="21" WC="0.96" CONTENT="för"/><SP WIDTH="22" VPOS="1108" HPOS="279"/>
							<String ID="string_246" HPOS="301" VPOS="1109" WIDTH="129" HEIGHT="26" WC="0.96" CONTENT="behandling"/><SP WIDTH="23" VPOS="1109" HPOS="430"/>
							<String ID="string_247" HPOS="453" VPOS="1109" WIDTH="21" HEIGHT="20" WC="0.93" CONTENT="af"/><SP WIDTH="20" VPOS="1109" HPOS="474"/>
							<String ID="string_248" HPOS="494" VPOS="1108" WIDTH="76" HEIGHT="27" WC="0.92" CONTENT="nädiga"/><SP WIDTH="21" VPOS="1108" HPOS="570"/>
							<String ID="string_249" HPOS="591" VPOS="1109" WIDTH="154" HEIGHT="26" WC="0.96" CONTENT="propositionen"/><SP WIDTH="17" VPOS="1109" HPOS="745"/>
							<String ID="string_250" HPOS="762" VPOS="1108" WIDTH="40" HEIGHT="21" WC="0.96" CONTENT="N:o"/><SP WIDTH="18" VPOS="1108" HPOS="802"/>
							<String ID="string_251" HPOS="820" VPOS="1108" WIDTH="27" HEIGHT="20" WC="0.96" CONTENT="42"/><SP WIDTH="17" VPOS="1108" HPOS="847"/>
							<String ID="string_252" HPOS="864" VPOS="1114" WIDTH="34" HEIGHT="14" WC="0.96" CONTENT="om"/>
						</TextLine>
						<TextLine ID="line_29" HPOS="71" VPOS="1136" WIDTH="827" HEIGHT="28">
							<String ID="string_253" HPOS="71" VPOS="1136" WIDTH="91" HEIGHT="27" WC="0.92" CONTENT="uppskof"/><SP WIDTH="23" VPOS="1136" HPOS="162"/>
							<String ID="string_254" HPOS="185" VPOS="1137" WIDTH="47" HEIGHT="20" WC="0.93" CONTENT="med"/><SP WIDTH="24" VPOS="1137" HPOS="232"/>
							<String ID="string_255" HPOS="256" VPOS="1143" WIDTH="110" HEIGHT="15" WC="0.92" CONTENT="reservens"/><SP WIDTH="20" VPOS="1143" HPOS="366"/>
							<String ID="string_256" HPOS="386" VPOS="1137" WIDTH="122" HEIGHT="21" WC="0.88" CONTENT="inkallande"/><SP WIDTH="22" VPOS="1137" HPOS="508"/>
							<String ID="string_257" HPOS="530" VPOS="1137" WIDTH="31" HEIGHT="20" WC="0.93" CONTENT="till"/><SP WIDTH="17" VPOS="1137" HPOS="561"/>
							<String ID="string_258" HPOS="578" VPOS="1137" WIDTH="155" HEIGHT="27" WC="0.92" CONTENT="öfningsmöten"/><SP WIDTH="17" VPOS="1137" HPOS="733"/>
							<String ID="string_259" HPOS="750" VPOS="1137" WIDTH="20" HEIGHT="20" WC="0.93" CONTENT="af"/><SP WIDTH="16" VPOS="1137" HPOS="770"/>
							<String ID="string_260" HPOS="786" VPOS="1137" WIDTH="112" HEIGHT="20" WC="0.92" CONTENT="ständerna"/>
						</TextLine>
						<TextLine ID="line_30" HPOS="70" VPOS="1165" WIDTH="310" HEIGHT="26">
							<String ID="string_261" HPOS="70" VPOS="1165" WIDTH="86" HEIGHT="20" WC="0.92" CONTENT="tillsatta"/><SP WIDTH="16" VPOS="1165" HPOS="156"/>
							<String ID="string_262" HPOS="172" VPOS="1165" WIDTH="102" HEIGHT="21" WC="0.93" CONTENT="särskilda"/><SP WIDTH="17" VPOS="1165" HPOS="274"/>
							<String ID="string_263" HPOS="291" VPOS="1165" WIDTH="89" HEIGHT="26" WC="0.92" CONTENT="utskott;"/>
						</TextLine>
					</TextBlock>
				</ComposedBlock>
				<ComposedBlock ID="cblock_8" HPOS="69" VPOS="1225" WIDTH="829" HEIGHT="173">
					<TextBlock ID="block_6" HPOS="69" VPOS="1225" WIDTH="829" HEIGHT="173">
						<TextLine ID="line_31" HPOS="139" VPOS="1225" WIDTH="759" HEIGHT="40">
							<String ID="string_264" HPOS="139" VPOS="1231" WIDTH="30" HEIGHT="18" WC="0.93" CONTENT="att"/><SP WIDTH="15" VPOS="1231" HPOS="169"/>
							<String ID="string_265" HPOS="184" VPOS="1228" WIDTH="83" HEIGHT="21" WC="0.92" CONTENT="ständet"/><SP WIDTH="15" VPOS="1228" HPOS="267"/>
							<String ID="string_266" HPOS="282" VPOS="1229" WIDTH="102" HEIGHT="20" WC="0.93" CONTENT="förkastat"/><SP WIDTH="15" VPOS="1229" HPOS="384"/>
							<String ID="string_267" HPOS="399" VPOS="1225" WIDTH="148" HEIGHT="40" WC="0.92" CONTENT="lagutskottets"/><SP WIDTH="13" VPOS="1225" HPOS="547"/>
							<String ID="string_268" HPOS="560" VPOS="1228" WIDTH="79" HEIGHT="27" WC="0.95" CONTENT="förslag"/><SP WIDTH="11" VPOS="1228" HPOS="639"/>
							<String ID="string_269" HPOS="650" VPOS="1229" WIDTH="30" HEIGHT="20" WC="0.93" CONTENT="till"/><SP WIDTH="11" VPOS="1229" HPOS="680"/>
							<String ID="string_270" HPOS="691" VPOS="1227" WIDTH="207" HEIGHT="28" WC="0.90" CONTENT="sammanjemkning"/>
						</TextLine>
						<TextLine ID="line_32" HPOS="70" VPOS="1245" WIDTH="828" HEIGHT="40">
							<String ID="string_271" HPOS="70" VPOS="1257" WIDTH="21" HEIGHT="20" WC="0.93" CONTENT="af"/><SP WIDTH="16" VPOS="1257" HPOS="91"/>
							<String ID="string_272" HPOS="107" VPOS="1256" WIDTH="100" HEIGHT="21" WC="0.91" CONTENT="ständens"/><SP WIDTH="15" VPOS="1256" HPOS="207"/>
							<String ID="string_273" HPOS="222" VPOS="1257" WIDTH="119" HEIGHT="32" WC="0.92" CONTENT="skiljaktiga"/><SP WIDTH="18" VPOS="1257" HPOS="341"/>
							<String ID="string_274" HPOS="359" VPOS="1257" WIDTH="68" HEIGHT="21" WC="0.96" CONTENT="beslut"/><SP WIDTH="15" VPOS="1257" HPOS="427"/>
							<String ID="string_275" HPOS="442" VPOS="1258" WIDTH="6" HEIGHT="19" WC="0.93" CONTENT="i"/><SP WIDTH="17" VPOS="1258" HPOS="448"/>
							<String ID="string_276" HPOS="465" VPOS="1257" WIDTH="115" HEIGHT="28" WC="0.92" CONTENT="anledning"/><SP WIDTH="16" VPOS="1257" HPOS="580"/>
							<String ID="string_277" HPOS="596" VPOS="1257" WIDTH="20" HEIGHT="20" WC="0.96" CONTENT="af"/><SP WIDTH="10" VPOS="1257" HPOS="616"/>
							<String ID="string_278" HPOS="626" VPOS="1245" WIDTH="62" HEIGHT="32" WC="0.94" CONTENT="Hans"/><SP WIDTH="13" VPOS="1245" HPOS="688"/>
							<String ID="string_279" HPOS="701" VPOS="1256" WIDTH="120" HEIGHT="28" WC="0.89" CONTENT="Kejserliga"/><SP WIDTH="11" VPOS="1256" HPOS="821"/>
							<String ID="string_280" HPOS="832" VPOS="1255" WIDTH="66" HEIGHT="27" WC="0.93" CONTENT="Maje-"/>
						</TextLine>
						<TextLine ID="line_33" HPOS="70" VPOS="1284" WIDTH="827" HEIGHT="29">
							<String ID="string_281" HPOS="70" VPOS="1287" WIDTH="51" HEIGHT="18" WC="0.93" CONTENT="stäts"/><SP WIDTH="16" VPOS="1287" HPOS="121"/>
							<String ID="string_282" HPOS="137" VPOS="1285" WIDTH="77" HEIGHT="27" WC="0.93" CONTENT="nädiga"/><SP WIDTH="16" VPOS="1285" HPOS="214"/>
							<String ID="string_283" HPOS="230" VPOS="1286" WIDTH="128" HEIGHT="27" WC="0.96" CONTENT="proposition"/><SP WIDTH="18" VPOS="1286" HPOS="358"/>
							<String ID="string_284" HPOS="376" VPOS="1293" WIDTH="33" HEIGHT="13" WC="0.93" CONTENT="om"/><SP WIDTH="17" VPOS="1293" HPOS="409"/>
							<String ID="string_285" HPOS="426" VPOS="1286" WIDTH="124" HEIGHT="27" WC="0.88" CONTENT="inteckning"/><SP WIDTH="16" VPOS="1286" HPOS="550"/>
							<String ID="string_286" HPOS="566" VPOS="1286" WIDTH="5" HEIGHT="20" WC="0.93" CONTENT="1"/><SP WIDTH="17" VPOS="1286" HPOS="571"/>
							<String ID="string_287" HPOS="588" VPOS="1286" WIDTH="123" HEIGHT="20" WC="0.92" CONTENT="mekaniska"/><SP WIDTH="13" VPOS="1286" HPOS="711"/>
							<String ID="string_288" HPOS="724" VPOS="1285" WIDTH="38" HEIGHT="21" WC="0.93" CONTENT="och"/><SP WIDTH="11" VPOS="1285" HPOS="762"/>
							<String ID="string_289" HPOS="773" VPOS="1284" WIDTH="124" HEIGHT="21" WC="0.92" CONTENT="industriela"/>
						</TextLine>
						<TextLine ID="line_34" HPOS="71" VPOS="1313" WIDTH="825" HEIGHT="28">
							<String ID="string_290" HPOS="71" VPOS="1313" WIDTH="49" HEIGHT="21" WC="0.96" CONTENT="verk"/><SP WIDTH="23" VPOS="1313" HPOS="120"/>
							<String ID="string_291" HPOS="143" VPOS="1316" WIDTH="55" HEIGHT="19" WC="0.96" CONTENT="samt"/><SP WIDTH="15" VPOS="1316" HPOS="198"/>
							<String ID="string_292" HPOS="213" VPOS="1314" WIDTH="47" HEIGHT="21" WC="0.96" CONTENT="med"/><SP WIDTH="17" VPOS="1314" HPOS="260"/>
							<String ID="string_293" HPOS="277" VPOS="1314" WIDTH="47" HEIGHT="21" WC="0.92" CONTENT="dem"/><SP WIDTH="17" VPOS="1314" HPOS="324"/>
							<String ID="string_294" HPOS="341" VPOS="1314" WIDTH="102" HEIGHT="21" WC="0.92" CONTENT="likartade"/><SP WIDTH="16" VPOS="1314" HPOS="443"/>
							<String ID="string_295" HPOS="459" VPOS="1315" WIDTH="140" HEIGHT="26" WC="0.92" CONTENT="inrättningar"/><SP WIDTH="15" VPOS="1315" HPOS="599"/>
							<String ID="string_296" HPOS="614" VPOS="1317" WIDTH="54" HEIGHT="18" WC="0.93" CONTENT="samt"/><SP WIDTH="16" VPOS="1317" HPOS="668"/>
							<String ID="string_297" HPOS="684" VPOS="1314" WIDTH="66" HEIGHT="21" WC="0.90" CONTENT="tillika"/><SP WIDTH="16" VPOS="1314" HPOS="750"/>
							<String ID="string_298" HPOS="766" VPOS="1313" WIDTH="74" HEIGHT="21" WC="0.93" CONTENT="uttalat"/><SP WIDTH="16" VPOS="1313" HPOS="840"/>
							<String ID="string_299" HPOS="856" VPOS="1313" WIDTH="40" HEIGHT="20" WC="0.97" CONTENT="den"/>
						</TextLine>
						<TextLine ID="line_35" HPOS="69" VPOS="1341" WIDTH="828" HEIGHT="28">
							<String ID="string_300" HPOS="69" VPOS="1342" WIDTH="81" HEIGHT="21" WC="0.96" CONTENT="önskan"/><SP WIDTH="23" VPOS="1342" HPOS="150"/>
							<String ID="string_301" HPOS="173" VPOS="1346" WIDTH="30" HEIGHT="17" WC="0.96" CONTENT="att"/><SP WIDTH="23" VPOS="1346" HPOS="203"/>
							<String ID="string_302" HPOS="226" VPOS="1343" WIDTH="123" HEIGHT="26" WC="0.93" CONTENT="regeringen"/><SP WIDTH="26" VPOS="1343" HPOS="349"/>
							<String ID="string_303" HPOS="375" VPOS="1343" WIDTH="63" HEIGHT="20" WC="0.96" CONTENT="måtte"/><SP WIDTH="24" VPOS="1343" HPOS="438"/>
							<String ID="string_304" HPOS="462" VPOS="1343" WIDTH="34" HEIGHT="20" WC="0.96" CONTENT="vid"/><SP WIDTH="21" VPOS="1343" HPOS="496"/>
							<String ID="string_305" HPOS="517" VPOS="1345" WIDTH="30" HEIGHT="18" WC="0.96" CONTENT="ett"/><SP WIDTH="21" VPOS="1345" HPOS="547"/>
							<String ID="string_306" HPOS="568" VPOS="1343" WIDTH="92" HEIGHT="26" WC="0.93" CONTENT="följande"/><SP WIDTH="17" VPOS="1343" HPOS="660"/>
							<String ID="string_307" HPOS="677" VPOS="1343" WIDTH="140" HEIGHT="26" WC="0.91" CONTENT="ständermöte"/><SP WIDTH="16" VPOS="1343" HPOS="817"/>
							<String ID="string_308" HPOS="833" VPOS="1341" WIDTH="64" HEIGHT="20" WC="0.92" CONTENT="fram-"/>
						</TextLine>
						<TextLine ID="line_36" HPOS="69" VPOS="1371" WIDTH="734" HEIGHT="27">
							<String ID="string_309" HPOS="69" VPOS="1371" WIDTH="62" HEIGHT="26" WC="0.95" CONTENT="lägga"/><SP WIDTH="15" VPOS="1371" HPOS="131"/>
							<String ID="string_310" HPOS="146" VPOS="1374" WIDTH="47" HEIGHT="23" WC="0.93" CONTENT="nytt"/><SP WIDTH="16" VPOS="1374" HPOS="193"/>
							<String ID="string_311" HPOS="209" VPOS="1371" WIDTH="132" HEIGHT="26" WC="0.96" CONTENT="fullständigt"/><SP WIDTH="16" VPOS="1371" HPOS="341"/>
							<String ID="string_312" HPOS="357" VPOS="1371" WIDTH="113" HEIGHT="27" WC="0.93" CONTENT="lagförslag"/><SP WIDTH="17" VPOS="1371" HPOS="470"/>
							<String ID="string_313" HPOS="487" VPOS="1371" WIDTH="88" HEIGHT="21" WC="0.93" CONTENT="rörande"/><SP WIDTH="16" VPOS="1371" HPOS="575"/>
							<String ID="string_314" HPOS="591" VPOS="1371" WIDTH="212" HEIGHT="27" WC="0.91" CONTENT="förlagsinteckning"/><SP WIDTH="-9" VPOS="1371" HPOS="803"/>
							<String ID="string_315" HPOS="794" VPOS="1367" WIDTH="12" HEIGHT="35" WC="0.87" CONTENT=";"/>
						</TextLine>
					</TextBlock>
				</ComposedBlock>
				<ComposedBlock ID="cblock_9" HPOS="69" VPOS="1433" WIDTH="829" HEIGHT="113">
					<TextBlock ID="block_7" HPOS="69" VPOS="1433" WIDTH="829" HEIGHT="107">
						<TextLine ID="line_37" HPOS="139" VPOS="1433" WIDTH="759" HEIGHT="27">
							<String ID="string_316" HPOS="139" VPOS="1435" WIDTH="30" HEIGHT="19" WC="0.92" CONTENT="att"/><SP WIDTH="20" VPOS="1435" HPOS="169"/>
							<String ID="string_317" HPOS="189" VPOS="1434" WIDTH="84" HEIGHT="20" WC="0.92" CONTENT="ständet"/><SP WIDTH="22" VPOS="1434" HPOS="273"/>
							<String ID="string_318" HPOS="295" VPOS="1435" WIDTH="94" HEIGHT="25" WC="0.91" CONTENT="godkänt"/><SP WIDTH="22" VPOS="1435" HPOS="389"/>
							<String ID="string_319" HPOS="411" VPOS="1435" WIDTH="213" HEIGHT="20" WC="0.91" CONTENT="ekonomiutskottets"/><SP WIDTH="16" VPOS="1435" HPOS="624"/>
							<String ID="string_320" HPOS="640" VPOS="1433" WIDTH="258" HEIGHT="27" WC="0.91" CONTENT="sammanjemkningsför-"/>
						</TextLine>
						<TextLine ID="line_38" HPOS="69" VPOS="1461" WIDTH="828" HEIGHT="29">
							<String ID="string_321" HPOS="69" VPOS="1462" WIDTH="45" HEIGHT="26" WC="0.96" CONTENT="slag"/><SP WIDTH="22" VPOS="1462" HPOS="114"/>
							<String ID="string_322" HPOS="136" VPOS="1462" WIDTH="6" HEIGHT="20" WC="0.92" CONTENT="i"/><SP WIDTH="19" VPOS="1462" HPOS="142"/>
							<String ID="string_323" HPOS="161" VPOS="1462" WIDTH="116" HEIGHT="28" WC="0.91" CONTENT="anledning"/><SP WIDTH="22" VPOS="1462" HPOS="277"/>
							<String ID="string_324" HPOS="299" VPOS="1463" WIDTH="22" HEIGHT="20" WC="0.93" CONTENT="af"/><SP WIDTH="22" VPOS="1463" HPOS="321"/>
							<String ID="string_325" HPOS="343" VPOS="1463" WIDTH="125" HEIGHT="21" WC="0.91" CONTENT="ständernas"/><SP WIDTH="23" VPOS="1463" HPOS="468"/>
							<String ID="string_326" HPOS="491" VPOS="1463" WIDTH="120" HEIGHT="27" WC="0.91" CONTENT="skiljaktiga"/><SP WIDTH="24" VPOS="1463" HPOS="611"/>
							<String ID="string_327" HPOS="635" VPOS="1462" WIDTH="68" HEIGHT="21" WC="0.93" CONTENT="beslut"/><SP WIDTH="22" VPOS="1462" HPOS="703"/>
							<String ID="string_328" HPOS="725" VPOS="1462" WIDTH="89" HEIGHT="21" WC="0.92" CONTENT="rörande"/><SP WIDTH="23" VPOS="1462" HPOS="814"/>
							<String ID="string_329" HPOS="837" VPOS="1461" WIDTH="60" HEIGHT="20" WC="0.95" CONTENT="Hans"/>
						</TextLine>
						<TextLine ID="line_39" HPOS="69" VPOS="1490" WIDTH="828" HEIGHT="46">
							<String ID="string_330" HPOS="69" VPOS="1490" WIDTH="119" HEIGHT="28" WC="0.92" CONTENT="Kejserliga"/><SP WIDTH="23" VPOS="1490" HPOS="188"/>
							<String ID="string_331" HPOS="211" VPOS="1490" WIDTH="108" HEIGHT="28" WC="0.90" CONTENT="Majestäts"/><SP WIDTH="22" VPOS="1490" HPOS="319"/>
							<String ID="string_332" HPOS="341" VPOS="1491" WIDTH="82" HEIGHT="45" WC="0.75" CONTENT="nådiga"/><SP WIDTH="16" VPOS="1491" HPOS="423"/>
							<String ID="string_333" HPOS="439" VPOS="1492" WIDTH="129" HEIGHT="26" WC="0.95" CONTENT="proposition"/><SP WIDTH="16" VPOS="1492" HPOS="568"/>
							<String ID="string_334" HPOS="584" VPOS="1491" WIDTH="40" HEIGHT="21" WC="0.95" CONTENT="N:o"/><SP WIDTH="16" VPOS="1491" HPOS="624"/>
							<String ID="string_335" HPOS="640" VPOS="1492" WIDTH="12" HEIGHT="20" WC="0.96" CONTENT="2"/><SP WIDTH="17" VPOS="1492" HPOS="652"/>
							<String ID="string_336" HPOS="669" VPOS="1490" WIDTH="109" HEIGHT="28" WC="0.93" CONTENT="angående"/><SP WIDTH="23" VPOS="1490" HPOS="778"/>
							<String ID="string_337" HPOS="801" VPOS="1490" WIDTH="96" HEIGHT="20" WC="0.92" CONTENT="vaccina-"/>
						</TextLine>
						<TextLine ID="line_40" HPOS="69" VPOS="1520" WIDTH="82" HEIGHT="26">
							<String ID="string_338" HPOS="69" VPOS="1520" WIDTH="82" HEIGHT="26" WC="0.92" CONTENT="tionen;"/>
						</TextLine>
					</TextBlock>
				</ComposedBlock>
				<GraphicalElement ID="cblock_10" HPOS="1096" VPOS="760" WIDTH="7" HEIGHT="338"></GraphicalElement >
			</PrintSpace>
		</Page>
	</Layout>
</alto>
