1103 1803
225 133 56 20 1110
446 136 162 18 Presteståndet
620 138 59 16 1882.
703 138 14 16 5
728 137 48 21 maj.

193 206 130 22 ofruktbara
345 206 40 21 och
404 205 88 22 alldeles
507 206 46 23 öde,
569 206 75 21 tänkte
656 206 44 26 jag,
716 207 32 19 att
763 206 107 21 utskottet
884 206 75 27 gjorde
973 207 51 24 rätt,

195 234 28 22 då
243 234 37 22 det
295 234 70 22 beslöt
379 236 33 19 att
427 234 46 22 icke
488 234 78 21 föreslå
581 234 173 26 utsträckningen
770 234 23 22 af
807 236 67 25 vägen
889 235 80 25 längre,
985 233 39 22 och

191 264 39 26 jag
252 266 52 23 tror,
325 265 32 19 att
372 263 20 21 vi
407 262 8 22 i
430 262 28 22 all
473 262 97 22 verldens
586 262 32 22 tid
632 262 62 22 skola
708 263 22 21 få
745 264 65 20 vänta
825 263 33 27 på,
874 265 31 19 att
921 263 20 21 få
956 262 68 22 denna

195 294 41 26 väg
258 292 63 26 bygd,
344 295 22 23 ty
389 292 60 26 längs
472 292 39 20 den
535 292 42 20 kan
596 292 36 20 det
647 291 46 21 icke
709 292 49 20 löna
773 292 33 26 sig
821 294 32 19 att
869 292 47 21 föra
931 292 93 21 hvarken

195 321 123 27 tjärtunnor
333 320 52 22 eller
400 320 96 27 plankor,
510 320 23 26 ja
548 320 47 21 icke
611 326 37 15 ens
663 321 63 23 smör,
742 320 90 21 emedan
848 320 35 22 det
899 322 64 24 smör,
978 326 46 16 som

194 350 7 20 i
217 349 86 22 trakten
320 349 23 20 af
356 349 84 26 Kajana
454 348 116 27 tillverkas,
585 348 57 21 föres
658 348 96 27 billigare
767 348 28 27 på
806 349 105 26 tjärbåtar
919 349 32 20 till
962 348 62 22 Uleå-

195 378 61 25 borg,
280 377 107 21 hvarifrån
411 377 53 21 dock
487 377 70 21 kunde
573 377 134 27 undantagas
723 377 35 21 det
774 383 46 15 som
836 377 23 21 af
873 377 151 27 kringresande

195 405 165 22 landthandlare
383 405 99 27 möjligen
502 405 122 27 uppsamlas
640 405 33 21 för
688 407 32 20 att
736 405 98 27 försäljas
850 406 6 21 i
872 406 86 21 Nurmis
974 405 51 22 eller

195 434 131 22 lidensalmi.
357 434 61 21 Hvad
437 440 152 21 passagerarne
612 434 108 23 beträffar,
736 434 72 21 kunde
824 434 37 21 der
877 434 98 27 möjligen
991 440 33 15 om

195 469 122 16 sommaren
338 469 49 15 resa
410 463 67 26 någon
500 463 64 21 turist
586 463 52 20 eller
661 463 181 26 handelsexpedit,
865 463 39 22 och
925 462 100 22 vintertid

193 493 50 20 åter
265 491 60 22 torde
341 491 27 27 pä
384 492 64 21 linien
464 491 220 22 Vaala—lidensalmi
700 491 63 22 nedåt
779 491 19 26 ej
815 492 86 21 komma
915 494 32 18 att
963 491 62 21 fram-

195 520 81 22 skaffas
292 521 65 26 något
372 522 66 19 annat
453 520 53 26 gods
521 522 27 19 än
563 520 123 26 snöplogen,
702 526 45 15 som
764 520 100 21 behöfves
880 520 33 21 för
924 522 32 19 att
968 519 57 21 hålla

192 549 120 27 jernvägen
327 549 27 20 fri
369 549 47 21 från
432 551 127 23 snömassor,
576 555 51 19 som,
645 549 128 20 åtminstone
790 549 24 21 så
830 549 61 27 länge
904 549 37 27 jag
957 548 68 21 bodde

197 577 44 24 der,
264 579 76 19 nästan
364 577 159 27 omöjliggjorde
538 576 28 22 all
583 576 125 22 samfärdsel
724 577 80 21 mellan
819 577 66 21 Vaala
901 577 40 21 och
955 577 70 21 Tiden-

195 605 68 22 salmi.
295 606 44 21 När
355 605 71 21 derför
441 612 35 20 nu,
492 606 66 25 enligt
574 605 48 21 mitt
637 607 43 19 sätt
696 608 32 18 att
744 606 72 24 tänka,
833 608 66 24 vägen
915 605 32 22 till
962 604 63 23 Uleå-

197 635 53 26 borg
272 634 89 21 sålunda
379 634 97 21 kommer
490 636 32 19 att
538 634 29 20 bli
583 634 77 27 obygd,
675 634 93 21 återstår
783 634 33 22 för
832 635 42 26 mig
889 637 32 19 att
934 634 91 27 jemföra

196 663 193 27 vägsträckningen
405 662 218 27 Nurmo—Uleåborg
639 662 47 22 med
702 663 190 27 vägsträckningen
908 663 116 21 Davidstad

196 703 17 4 —
227 692 93 26 Kuopio.

265 720 41 27 Jag
321 720 72 28 frägar
409 720 26 21 dä
450 720 32 21 till
498 720 58 25 först,
572 720 138 21 hvilkendera
726 720 86 21 trakten
827 726 29 15 nu
866 720 75 21 främst
954 719 71 21 behöf-

196 755 38 14 ver
247 748 96 27 jernväg,
363 749 136 21 Österbotten
516 748 51 21 eller
582 748 110 22 Savolaks.
723 749 75 20 Denna
814 749 58 20 trakt
886 748 46 21 från
949 748 76 21 David-

196 777 49 22 stad
269 777 32 21 till
323 777 86 27 Kuopio
432 779 24 19 är
476 777 27 26 pä
519 777 104 21 hvardera
639 777 59 21 sidan
714 777 86 21 försedd
816 777 47 21 med
880 777 25 21 de
920 776 53 22 allra
988 783 37 20 yp-

197 807 73 26 persta
285 806 133 26 vattendrag,
435 805 100 22 förenade
551 811 75 21 genom
644 805 87 22 kanaler
746 805 40 22 och
803 806 48 27 dyrt
866 805 91 27 anlagda
972 805 53 21 slus-

197 841 35 15 sar
247 834 46 21 icke
316 834 90 21 allenast
424 835 46 20 med
492 834 25 21 de
532 836 80 19 största
627 835 23 20 af
663 835 51 20 vära
729 834 86 27 insjöar,
832 837 50 18 utan
898 834 65 21 ocksä
978 834 47 21 med

195 863 71 28 finska
282 863 67 26 viken,
367 863 136 25 hvarigenom
520 863 26 20 de
561 863 63 20 hafva
640 869 26 15 en
683 865 67 24 öppen
768 865 41 25 väg
824 863 31 21 till
872 863 47 20 hela
934 861 91 22 verlden.

196 892 32 21 Ar
243 891 28 22 dä
287 891 68 22 denna
371 892 33 21 del
420 891 22 21 af
456 891 48 22 värt
518 891 50 21 land
584 891 33 21 till
632 892 54 21 först
701 891 7 21 i
725 891 66 22 behof
805 891 21 21 af
838 891 95 27 jernväg,
949 891 76 21 medan

197 920 49 22 hela
262 920 40 21 den
319 922 58 19 stora
393 920 148 21 landsträckan
558 920 76 21 mellan
650 919 167 28 Gamlakarleby
834 920 38 21 och
884 919 85 28 Utsjoki
977 920 49 21 sak-

197 955 39 15 nar
259 949 78 27 nödiga
359 949 113 26 tidsenliga
495 949 224 21 kommunikationer?
749 949 38 20 Att
809 949 67 21 under
890 949 80 20 sådana
985 948 40 21 för-

197 977 116 22 hållanden
329 979 56 25 säga,
401 980 32 19 att
448 977 302 27 Davidstad—Kuopiobanan
767 977 39 21 bör
822 977 78 27 byggas
916 977 32 21 till
964 977 61 23 först,

197 1012 52 15 vore
272 1006 119 21 detsamma
414 1012 44 15 som
478 1012 33 15 om
533 1012 25 15 en
574 1006 33 21 rik
623 1012 48 15 man
687 1006 87 21 tänkte:
788 1006 38 27 jag
840 1012 35 15 ser
890 1006 42 21 min
949 1005 77 22 broder

198 1035 45 20 lida
264 1034 59 27 brist,
346 1041 48 15 men
417 1035 52 21 först
489 1036 39 19 när
550 1035 48 20 mitt
614 1034 100 22 öfverflöd
732 1034 68 21 blifvit
815 1035 23 21 sä
854 1037 61 23 stort,
932 1041 45 14 som
990 1034 37 27 jag

198 1063 85 25 önskar,
302 1063 34 20 vill
350 1063 37 26 jag
403 1063 85 21 komma
503 1063 77 20 honom
597 1063 32 20 till
646 1063 63 26 hjelp,
725 1066 52 17 utan
793 1065 32 18 att
836 1063 94 23 besinna,
943 1065 31 18 att
985 1063 41 20 han

198 1091 147 22 dessförinnan
362 1091 81 21 kunnat
458 1091 57 21 duka
530 1091 68 21 under
612 1091 7 20 i
635 1092 32 21 sin
683 1091 49 21 nöd.
752 1091 86 22 Samma
854 1097 49 15 vore
918 1091 107 26 verkligen

197 1119 151 25 förhållandet,
365 1126 33 15 om
415 1120 99 21 Finlands
530 1119 49 26 folk,
590 1119 32 22 för
638 1122 31 19 att
681 1119 131 27 lyckliggöra
825 1126 26 15 en
864 1119 102 24 landsort,
981 1125 45 15 som

195 1149 132 20 åtminstone
344 1149 27 26 på
387 1149 64 26 något
468 1149 25 20 10
509 1149 30 20 tal
555 1148 24 21 år
595 1149 18 26 ej
629 1149 101 20 behöfver
740 1148 71 21 bättre
820 1148 207 27 kommunikationer

198 1179 27 18 än
249 1177 41 21 den
316 1177 44 26 har,
386 1177 54 21 låter
465 1183 25 16 en
514 1177 22 21 så
556 1177 94 28 betydlig
666 1177 147 21 landssträcka
828 1183 44 21 som
889 1176 137 22 Österbotter

198 1205 92 22 förtvina
313 1206 22 21 af
352 1206 54 21 brist
421 1206 27 26 på
463 1205 77 28 dylika.
570 1206 42 25 Jag
635 1206 64 26 vågar
715 1207 57 25 säga,
787 1208 33 19 att
835 1201 136 26 Österbotten
988 1205 40 21 fått

199 1234 92 21 förtvina
314 1234 23 21 af
358 1234 55 21 brist
434 1235 26 26 på
482 1234 216 21 kommunikationer.
728 1234 41 26 Jag
790 1237 36 18 vet
841 1234 33 21 väl
890 1236 32 19 att
938 1234 35 21 det
989 1234 39 21 här

198 1265 63 24 göres
284 1266 45 18 mot
351 1263 44 26 mig
414 1263 39 21 den
469 1263 175 26 anmärkningen,
660 1265 32 19 att
707 1263 70 21 denna
793 1263 95 21 landsort
903 1263 47 21 icke
965 1264 24 19 är
1004 1262 24 21 så

199 1291 88 22 alldeles
313 1292 6 20 i
343 1291 81 21 saknad
440 1291 22 22 af
475 1291 221 25 kommunikationer;
714 1291 39 21 den
770 1291 39 21 har
822 1291 23 26 ju
860 1291 92 26 segelled
968 1291 60 26 längs

199 1319 79 22 hafvet.
309 1320 49 21 Men
379 1321 37 26 jag
435 1323 50 22 tror,
500 1322 33 19 att
548 1321 40 20 den
604 1327 46 14 som
665 1320 24 21 så
704 1322 68 24 säger,
790 1321 18 26 ej
825 1320 83 21 försökt
923 1322 32 19 att
970 1320 58 25 segla

199 1349 27 26 på
243 1349 60 21 detta
319 1349 36 20 haf
371 1349 39 21 och
426 1348 70 21 derför
511 1349 46 21 icke
573 1349 82 21 känner
669 1349 32 21 till
718 1349 26 20 de
759 1349 139 26 svårigheter,
913 1348 32 21 för
957 1348 72 21 hvilka

199 1383 49 15 man
269 1377 26 26 på
312 1377 60 21 detta
387 1377 37 21 haf
438 1377 41 21 kan
495 1377 64 22 blifva
574 1379 74 20 utsatt.
680 1377 49 21 Man
745 1377 42 21 kan
804 1379 57 25 säga,
877 1379 32 19 att
925 1377 26 21 de
966 1377 63 21 hafva

195 1405 308 26 ångbåtskommunikationer.
534 1407 41 20 Det
598 1408 24 19 är
645 1408 53 23 sant,
723 1412 47 15 men
794 1407 69 20 denna
878 1405 151 27 ångbåtskom-

199 1434 134 21 munikation
349 1434 76 21 räcker
438 1435 24 25 ju
477 1435 81 26 knappt
573 1437 13 18 4
602 1435 29 25 1/,
647 1435 101 20 månader
764 1440 34 15 om
814 1435 53 20 året.
898 1434 46 20 Den
960 1434 69 26 öfriga

199 1462 59 21 tiden
275 1462 22 21 af
310 1462 47 22 året
372 1464 25 20 är
412 1463 210 21 kommunikationen
639 1462 87 22 alldeles
742 1462 106 22 afbruten.
879 1462 68 21 Måste
963 1462 66 21 under

199 1491 71 21 denna
285 1491 32 21 tid
332 1491 24 21 af
369 1492 47 20 året
431 1492 69 26 någon
516 1498 47 15 resa
580 1494 14 18 t.
611 1498 32 14 ex.
660 1491 33 21 till
709 1491 162 24 hufvudstaden,
888 1492 23 20 så
927 1493 45 19 tror
985 1490 44 26 jag,

197 1521 35 19 att
254 1519 80 22 enhvar
354 1520 57 21 inser
433 1520 55 21 huru
504 1520 110 22 mödosam
630 1526 26 15 en
672 1520 66 21 sådan
755 1526 48 15 resa
818 1522 30 19 är.
880 1519 48 21 Man
945 1519 39 21 har
999 1519 31 20 vi-
