1103 1803
223 135 42 20 694
436 139 160 18 Presteståndet
610 141 56 16 1882.
691 141 23 16 31
727 144 62 13 mars.

195 209 71 21 såsom
281 210 74 25 sådan,
371 215 48 14 men
435 209 39 21 den
491 209 85 27 vanliga
592 209 125 21 ormvråken
734 210 73 25 (buteo
823 209 102 27 vulgaris)
935 211 25 19 är
971 208 53 21 dock

195 237 68 21 hellre
279 244 25 14 en
319 238 70 26 nyttig
404 237 56 27 fågel
476 239 26 19 än
518 244 26 14 en
560 238 95 26 roffågel.
686 238 75 21 Såsom
773 238 81 20 bekant
864 238 61 20 föder
935 238 40 20 den
985 237 38 26 sig,

195 266 70 21 såsom
288 266 61 21 äfven
370 266 21 21 af
415 268 86 19 namnet
522 266 101 27 framgår,
644 266 22 21 af
687 272 72 15 ormar
775 266 38 21 och
830 266 102 26 reptilier,
949 266 74 23 råttor,

195 297 58 19 möss
268 295 39 21 och
323 295 85 26 grodor,
430 301 47 15 men
493 301 49 15 man
558 295 42 21 kan
616 295 67 26 knapt
697 294 63 27 påstå
776 297 32 19 att
824 295 40 21 den
880 295 63 21 lifnär
957 294 32 27 sig
1004 294 22 21 af

195 324 125 26 matnyttigt
335 323 64 26 vildt;
415 324 128 20 åtminstone
562 323 67 21 finnes
644 324 18 26 ej
679 324 69 26 någon
764 324 84 25 zoolog,
864 330 45 14 som
925 324 47 20 med
987 323 38 21 nå-

195 358 41 20 gon
253 352 102 21 säkerhet
370 352 80 26 påstått
467 352 44 22 det;
528 352 36 21 det
579 352 71 20 kunde
665 352 100 26 möjligen
776 352 72 21 hända
859 354 32 19 att
901 353 39 20 den
952 352 71 20 ibland

196 381 68 20 dödar
280 381 69 25 någon
366 381 51 20 liten
433 380 93 26 harunge
543 387 47 14 men
607 381 35 20 det
658 382 24 19 är
699 381 61 26 högst
783 380 170 26 problematiskt.
983 380 42 21 Det

195 409 68 21 finnes
280 409 53 20 dock
350 415 25 14 en
392 415 68 14 annan
476 411 34 18 art
525 409 22 20 af
562 409 58 24 vråk,
637 409 107 26 bivråken,
761 409 72 26 (buteo
849 409 108 26 apicorus)
979 414 44 15 som

196 440 25 19 är
236 437 64 27 farlig
316 437 65 21 också
396 437 33 21 för
444 437 108 26 haryngel,
568 444 47 14 men
632 438 108 21 betraktas
752 438 4 19 i
769 437 116 22 allmänhet
896 438 69 21 såsom
975 437 48 21 hök,

196 467 90 20 emedan
310 467 39 20 den
373 466 40 21 har
435 467 102 20 utseende
559 466 21 21 af
600 466 43 21 hök
660 466 39 21 och
715 466 46 21 icke
777 467 114 26 väsentligt
907 466 72 27 skiljer
993 466 32 26 sig

196 495 46 21 från
265 495 74 21 denne.
370 495 32 20 De
425 494 79 27 tillägg,
526 501 45 14 som
595 495 39 20 här
649 497 36 18 äro
701 495 77 26 gjorda
794 495 67 20 måste
877 495 72 20 derför
963 501 62 14 anses

198 523 45 22 dels
266 524 69 21 såsom
360 523 125 26 obehöfliga,
502 523 44 21 dels
570 523 68 21 såsom
655 526 48 18 rent
719 523 24 21 af
757 523 105 26 skadliga,
878 524 68 20 såsom
963 526 14 18 t.
993 529 30 15 ex.

196 552 61 21 fallet
279 554 24 18 är
325 552 48 20 med
393 552 130 20 hänförande
539 552 23 20 af
576 553 40 19 den
633 552 110 26 oskyldiga
760 552 125 21 ormvråken
903 552 63 20 bland
983 551 41 21 rof-

196 580 104 28 fåglarne.
331 580 62 21 Hvad
409 581 25 20 de
450 580 68 27 öfriga
530 580 129 26 roffåglarne
676 580 108 25 beträffar,
801 583 24 18 är
838 581 36 20 det
889 580 86 21 alldeles
985 580 40 20 lik-

196 610 78 25 giltigt,
291 615 34 14 om
342 609 25 21 de
383 608 77 22 räknas
476 609 31 20 till
524 609 115 26 skadedjur
654 608 52 22 eller
721 609 53 26 icke,
791 611 23 25 ty
830 609 36 21 det
876 609 45 21 står
931 609 33 21 för
974 609 51 21 hvar

197 638 39 21 och
260 644 26 14 en
306 637 47 21 fritt
373 639 32 19 att
420 638 52 20 fälla
487 638 53 20 dem.
571 638 41 25 Jag
628 640 44 18 tror
687 638 84 21 således
787 640 33 18 att
835 638 47 20 med
898 638 99 20 afseende
1013 638 12 20 å

197 667 87 26 djurens
305 666 108 26 indelning
433 667 47 20 icke
500 666 66 26 något
590 666 113 26 väsentligt
724 666 149 27 förekommer,
896 673 45 14 som
958 666 67 21 skulle

197 696 72 20 kunna
285 694 110 21 föranleda
411 695 57 21 detta
484 694 121 27 Jagförslag.

267 723 49 21 Med
332 723 99 21 afseende
448 723 12 21 å
475 723 123 26 matnyttigt
620 723 113 21 villebråds
750 723 130 26 skyddande,
897 723 38 21 har
952 723 72 26 början

198 752 22 21 af
241 751 196 27 fridlysningstiden
461 751 119 28 föreslagits
604 751 31 21 till
658 752 39 20 den
721 753 25 20 15
770 752 101 21 februari.
903 753 64 19 Detta
988 752 38 20 har

199 781 56 21 dock
276 780 47 21 icke
345 781 64 26 nägot
430 781 46 20 skäl
495 780 33 21 för
543 781 38 25 sig.
598 783 22 23 ty
636 780 77 27 följden
730 780 61 21 deraf
806 787 55 18 vore,
878 783 32 18 att
926 781 39 20 den
981 787 44 14 som

199 810 50 20 kort
265 809 58 21 förut
339 809 38 20 fält
392 809 123 27 matnyttigt
531 809 59 25 vildt,
605 809 67 20 mäste
687 809 28 26 pä
732 811 30 18 ett
778 809 52 21 eller
846 812 65 18 annat
922 811 43 19 sätt
975 811 52 24 göra

198 839 33 26 sig
247 838 21 21 af
283 837 47 21 med
347 838 117 21 detsamma
480 837 38 22 och
535 837 71 21 derför
622 837 53 26 sälja
691 838 36 20 det
744 838 32 20 till
793 838 118 26 underpris,
928 840 50 18 utan
995 839 31 18 att

199 867 128 20 villebrädet
342 872 74 21 genom
433 866 59 21 detta
508 866 118 27 stadgande
642 866 67 21 skulle
720 866 7 20 i
738 866 69 26 någon
825 866 64 27 högre
900 867 52 26 grad
964 866 62 26 skyd-

199 896 44 21 das.
275 895 42 21 Det
340 897 24 18 är
385 895 137 26 exempellöst
537 895 5 20 i
560 895 26 20 de
609 894 81 27 sydliga
714 895 88 21 delarna
818 895 22 20 af
855 895 46 21 värt
917 895 56 25 land,
995 897 32 18 att

199 924 62 21 leken
283 923 69 22 skulle
375 923 60 27 börja
450 923 71 21 förrän
538 925 40 19 den
597 925 24 19 15
638 929 60 15 mars.
731 924 62 20 Hvad
809 924 94 25 äterigen
919 923 57 21 tiden
993 929 33 14 om

199 953 76 20 hösten
299 951 107 27 beträffar,
429 952 38 21 har
482 952 116 21 utskottets
614 952 109 26 pluralitet
738 952 90 21 kommit
844 953 32 20 till
892 953 39 20 den
947 951 80 22 menin-

199 987 40 20 gen
256 983 32 19 att
304 981 35 20 det
355 987 27 14 nu
398 981 97 26 gällande
511 981 129 26 stadgandet
655 987 50 14 vore
722 984 31 17 att
764 981 114 26 föredraga
887 980 89 21 framför
987 981 40 20 den

199 1010 80 26 nädiga
297 1009 165 27 propositionen,
485 1016 47 14 men
546 1009 45 26 just
607 1009 58 20 detta
681 1015 61 20 synes
759 1010 43 25 mig
819 1009 93 27 tydligen
928 1009 51 22 visa.
996 1011 31 18 att

200 1039 63 22 ingen
287 1038 114 26 tillräcklig
424 1038 68 25 grund
514 1037 67 22 finnes
602 1038 33 21 för
656 1038 102 21 stiftande
774 1038 23 21 af
811 1044 27 21 ny
853 1038 40 26 lag.
909 1051 28 2 —
953 1037 73 22 Såsom

200 1067 79 20 doktor
300 1066 79 21 Geitlin
396 1068 64 19 redan
476 1066 118 21 framhällit
610 1066 39 21 och
664 1066 7 20 i
688 1066 64 26 detalj
768 1066 50 21 sökt
834 1067 50 24 visa,
901 1066 62 21 söker
979 1072 48 14 man

199 1096 7 20 i
223 1095 70 20 denna
308 1095 34 26 lag
357 1094 104 26 förgäfves
478 1095 35 20 det
528 1101 45 14 som
585 1095 38 20 der
638 1095 88 20 framför
742 1095 38 20 allt
796 1095 71 20 kunde
878 1096 81 23 väntas,
970 1096 58 19 näm-

200 1124 58 26 ligen
281 1129 41 20 nya
345 1123 130 26 stadganden
491 1130 34 14 om
542 1123 144 26 rofdjursjagt.
718 1125 61 20 Huru
795 1124 76 25 vigtigt
886 1123 59 21 detta
960 1123 67 20 skulle

201 1159 57 19 vara,
283 1151 99 22 behöfver
404 1152 36 26 jag
462 1152 46 21 icke
524 1153 37 20 här
576 1153 53 19 söka
644 1154 98 19 närmare
758 1152 139 26 ädagalägga.
927 1152 43 21 För
985 1152 42 20 min

201 1181 33 21 del
259 1181 38 20 har
318 1181 37 26 jag
378 1181 64 20 ocksä
458 1181 32 20 vid
507 1181 40 20 den
563 1181 48 20 9:de
626 1181 134 26 paragrafen,
776 1187 45 14 som
838 1182 6 19 i
861 1181 39 20 den
917 1180 112 27 kejserliga

201 1209 159 28 propositionen
384 1211 24 19 är
429 1209 114 27 ordagrant
567 1209 134 26 likalydande
725 1209 48 21 med
797 1215 80 15 samma
899 1209 102 26 paragraf
1021 1209 6 20 i

200 1238 101 27 gällanda
322 1237 130 27 förordning,
471 1238 31 20 uti
524 1238 106 21 utskottet
652 1238 62 21 väckt
735 1238 61 25 fråga
818 1244 33 14 om
868 1240 32 18 att
916 1240 50 23 taga
981 1238 46 20 ord-

201 1267 81 20 nandet
297 1265 24 22 af
334 1266 165 27 rofdjursjagten
516 1267 5 20 i
538 1267 155 25 öfvervägande
716 1267 38 21 och
772 1267 52 20 söka
840 1267 148 20 åstadkomma
1003 1273 25 14 en

201 1295 177 26 lagbestämning,
394 1301 45 15 som
456 1296 5 19 i
478 1295 59 20 detta
553 1295 99 20 afseende
668 1301 48 15 vore
732 1295 21 20 af
768 1295 69 26 någon
855 1295 114 26 betydelse,
981 1302 47 13 men

201 1323 118 22 utskottets
343 1323 108 27 pluralitet
474 1323 39 21 har
532 1326 71 18 ansett
626 1324 58 20 detta
704 1323 98 27 omöjligt
822 1323 52 21 eller
889 1323 140 26 öfverflödigt,

202 1352 134 21 hvilketdera
358 1352 42 21 kan
421 1353 36 26 jag
478 1352 18 27 ej
520 1352 108 21 bestämdt
651 1352 79 27 afgöra.
763 1353 74 20 Denna
854 1353 54 20 enda
923 1352 45 26 sak,
984 1359 45 14 som

201 1387 52 15 vore
269 1381 22 21 af
306 1381 49 26 vigt,
371 1383 23 18 är
409 1381 82 21 således
514 1381 88 21 alldeles
624 1381 89 20 oberörd
731 1381 5 20 i
754 1381 60 20 detta
830 1381 120 26 lagförslag,
966 1383 22 24 ty
1005 1381 24 20 de

203 1409 202 27 tillskottspremier,
421 1416 33 14 om
470 1409 72 21 hvilka
558 1409 38 21 här
612 1409 60 26 talas,
689 1410 67 20 måste
773 1409 35 27 jag
824 1410 32 20 för
871 1409 42 21 min
930 1409 33 21 del
979 1415 51 14 anse

201 1444 53 15 vara
276 1438 22 21 af
319 1438 99 25 temligen
435 1438 151 26 problematisk
603 1438 114 26 betydelse.
748 1438 44 20 Det
810 1440 24 18 är
849 1438 104 26 nämligen
971 1437 60 21 fallet

202 1467 53 20 först
278 1466 39 21 och
338 1466 81 27 främst,
439 1469 32 18 att
487 1466 70 27 dylika
573 1466 92 26 premier
680 1467 18 26 ej
716 1466 90 21 behöfva
822 1468 92 19 utsättas
929 1466 7 21 i
952 1466 79 20 allmän

202 1495 41 25 lag,
260 1497 51 19 utan
327 1496 71 20 kunna
414 1495 27 26 på
456 1495 156 21 administrativ
627 1496 39 25 väg
682 1495 166 21 åstadkommas.
880 1494 75 22 Dertill
971 1494 60 21 kom-

203 1530 46 14 mer
264 1525 64 24 ännu,
345 1526 31 18 att
391 1524 69 21 denna
476 1530 74 15 senare
566 1525 40 25 väg
622 1526 50 18 utan
689 1523 71 21 tvifvel
778 1525 24 19 är
818 1523 124 27 lämpligare
955 1525 26 19 än
993 1523 38 21 all-
