1070 1739
398 137 39 18 Den
456 135 23 19 15
497 135 108 20 November.
830 135 40 21 675

71 199 46 22 låta
132 200 32 27 sig
180 199 63 23 deraf
256 200 126 25 bestämma,
398 206 64 15 anser
475 199 38 28 jag
529 200 120 21 detsamma
664 200 40 21 alls
720 200 47 21 icke
783 207 51 15 vara
848 202 51 20 onö-

73 229 56 26 digt;
143 229 37 28 jag
194 229 73 22 helsar
283 229 37 21 det
334 229 50 20 med
399 228 198 27 tillfredsställelse,
614 229 90 21 emedan
718 229 38 27 jag
770 229 69 22 håller
854 229 45 22 före

72 259 33 20 att
124 259 131 26 agitationen
275 257 42 21 kan
332 257 7 20 i
360 257 32 21 sin
408 257 49 21 mån
473 257 64 21 hafva
552 257 107 27 inflytelse
674 257 29 27 på
719 258 37 21 det
771 257 128 28 oförnuftiga

72 286 134 22 förtärandet
222 286 40 21 och
277 287 32 20 att
324 285 42 22 den
381 285 116 22 innefattar
512 286 92 21 likasom
620 293 25 14 en
661 286 87 27 maning
763 286 39 21 och
819 288 32 19 ett
865 289 33 18 ta-

73 315 35 21 del
124 315 58 22 öfver
198 316 42 21 den
256 315 128 21 omoraliska
399 314 133 27 förtäringen
548 314 23 21 af
584 315 99 26 bränvin;
699 315 71 27 någon
782 321 69 15 annan
861 315 38 22 be-

73 344 83 27 tydelse
172 350 63 21 synes
252 344 40 20 den
308 343 42 27 mig
366 343 47 22 icke
429 343 70 22 hafva.

141 373 55 21 Herr
212 372 180 22 Silfversvan:
409 372 56 21 Herr
481 372 121 22 Schauman
618 372 40 21 har
673 373 55 20 trott
744 372 33 27 sig
792 372 6 21 i
814 373 84 21 utskot-

73 403 44 20 tets
132 401 138 22 betänkande
286 401 63 26 spåra
365 403 33 19 ett
412 401 55 21 visst
482 401 187 27 undertryckande
685 401 22 21 af
720 401 179 27 petitionärernes

74 430 66 26 åsigt;
152 430 38 27 jag
205 430 36 21 vill
260 429 70 21 derför
346 430 92 26 upplysa
452 430 79 20 honom
548 431 33 19 att
595 430 57 21 inom
669 430 108 21 utskottet
791 431 48 20 icke
854 436 45 15 mer

74 460 27 19 än
117 465 26 15 en
159 458 57 27 åsigt
232 458 49 22 sökt
296 459 52 26 göra
364 458 33 27 sig
412 458 107 26 gällande,
535 458 147 28 befrämjande
698 458 23 21 af
734 458 114 28 nykterhet
859 458 41 22 och

73 487 127 21 hämmande
223 486 23 22 af
267 486 183 28 dryckenskapen.
481 487 29 21 Af
531 488 70 20 denna
617 487 57 27 åsigt
691 487 88 22 lifvades
802 488 49 21 hela
865 488 35 20 ut-

75 516 89 26 skottet,
188 522 48 15 men
254 522 50 15 man
326 515 67 27 ansåg
413 516 32 26 sig
461 516 56 21 dock
533 516 47 21 icke
595 516 74 21 kunna
684 516 73 22 skrida
771 517 33 21 till
819 516 82 22 sådana

74 545 108 27 åtgärder,
202 551 47 15 som
268 544 99 28 möjligen
384 544 69 22 skulle
468 544 115 22 framkalla
598 545 101 27 lagbrott,
717 545 39 21 och
772 545 71 22 derför
860 552 39 14 un-

75 573 129 22 derkastade
219 580 50 15 man
284 573 34 27 sig
332 573 68 22 hellre
416 575 32 19 att
461 573 111 22 bibehålla
587 573 79 27 siffran,
683 574 90 20 emedan
788 580 48 15 man
852 574 48 21 icke

74 602 57 22 hade
146 602 68 27 några
229 602 64 22 säkra
308 602 47 21 skäl
366 604 32 19 att
408 602 99 21 förkasta
518 602 47 22 den.
589 602 56 22 Herr
656 602 120 22 Schauman
787 602 39 22 har
835 602 64 22 fram-

75 631 64 21 hållit
154 633 32 19 att
202 632 37 20 det
254 633 24 19 är
292 631 78 21 lättare
386 630 32 22 för
434 637 95 21 suparen
545 633 32 19 att
592 630 58 22 finna
660 631 95 26 bränvin,
767 632 28 20 då
804 632 42 20 han
861 632 40 20 har

75 659 222 28 försäljningslokalen
312 659 88 22 framför
415 660 33 26 sig
469 660 52 21 med
540 661 69 26 öppen
625 660 63 27 skylt,
706 662 26 19 än
747 660 27 21 då
788 660 41 21 han
845 660 55 21 skall

76 688 69 22 skaffa
161 689 33 27 sig
210 688 112 22 bränvinet
336 688 29 27 på
380 688 85 27 olofliga
481 691 72 25 vägar.
577 689 41 27 Jag
629 688 33 22 för
677 689 42 21 min
735 688 33 22 del
784 688 67 22 finner
863 689 37 21 det

75 724 52 14 vara
137 718 77 26 bättre,
231 719 33 19 att
278 724 48 14 man
336 717 41 21 har
386 717 80 27 krogar
477 718 50 20 med
538 719 76 25 öppen,
624 719 57 25 yttre
692 718 64 26 skylt,
768 720 26 18 än
806 724 34 15 om
851 724 50 15 man

75 746 40 21 har
130 746 80 21 sådana
226 746 49 21 med
290 746 44 21 inre
350 746 88 27 skyltar.
461 746 45 22 Det
521 748 24 19 är
560 746 49 22 vida
624 746 78 26 bättre,
719 748 22 25 ty
757 746 27 21 då
799 746 41 22 kan
851 753 50 14 man

75 775 79 21 lättare
173 775 88 26 vidtaga
281 774 85 22 direkta
381 774 102 27 åtgärder
498 774 33 22 för
547 776 33 20 att
595 774 65 28 stäfja
676 775 181 27 dryckenskapen,
873 777 28 19 än

76 806 39 18 när
138 804 41 21 den
195 804 50 20 sker
260 804 7 20 i
282 810 64 20 smyg.
378 804 43 20 Det
436 805 24 19 är
475 804 88 26 mycket
577 804 72 20 bättre
665 806 33 19 att
712 810 64 15 varan
792 804 67 21 finnes
874 804 29 26 på

75 832 73 27 lofliga
162 834 66 25 vägar
244 834 27 19 än
286 832 27 27 på
329 832 91 26 olofliga.
452 832 28 21 Af
494 832 162 27 lönnkrögeriet
674 832 39 22 har
726 833 37 27 jag
779 839 24 15 en
820 832 25 22 så
859 832 42 22 bit-

76 863 33 19 ter
128 860 127 27 erfarenhet,
276 862 31 20 att
323 861 38 27 jag
376 861 47 21 icke
438 860 43 22 kan
498 863 65 19 annat
580 861 68 21 önska
664 863 26 19 än
707 863 32 19 att
754 862 54 20 intet
823 861 78 21 sådant

76 890 69 21 skulle
160 889 68 22 finnas
244 890 7 20 i
265 890 79 21 landet.

144 918 56 22 Herr
219 918 161 26 Schauman,
400 918 25 21 B.
446 918 37 21 O.:
505 918 30 22 På
551 918 38 22 det
604 918 53 22 allra
672 919 54 21 sista
741 918 110 28 yttrandet
866 918 36 22 vill

74 947 37 27 jag
134 954 62 14 svara
218 948 33 20 ett
272 954 38 19 par
332 947 46 20 ord.
408 947 44 21 Det
473 948 64 20 torde
560 947 47 21 icke
629 954 52 15 vara
703 948 49 20 herr
771 947 131 22 Silfversvan

77 975 81 22 okändt
180 977 34 20 att
236 975 61 22 äfven
319 975 69 21 under
408 975 41 22 den
463 975 127 22 nuvarande
605 975 162 28 lagstiftningen
783 977 36 20 det
833 975 68 22 finnes

77 1004 85 27 olofliga
184 1004 215 27 försäljningsställen
422 1003 40 22 och
485 1004 87 27 olofliga
594 1011 63 14 varor
677 1011 45 15 som
738 1005 71 27 säljas.
840 1005 63 21 Hvad

77 1035 24 19 är
116 1033 27 21 dä
158 1035 80 19 vunnet
253 1033 87 21 dermed
354 1034 32 19 att
402 1033 37 20 det
454 1032 70 22 finnes
541 1033 24 21 sä
575 1033 78 27 mänga
668 1033 84 22 tillätna
766 1034 91 25 butiker,
875 1033 28 22 dä

77 1062 37 21 det
129 1062 44 21 lika
188 1061 49 22 fullt
252 1062 104 21 existerar
370 1061 44 21 lika
429 1061 80 27 mänga
525 1062 104 21 otillätna.

145 1091 49 20 Med
210 1090 112 27 anledning
338 1089 22 22 af
378 1090 41 21 den
440 1090 92 21 sälunda
547 1090 112 21 förefallna
675 1091 155 26 diskussionen,
847 1097 53 20 upp-

76 1119 68 21 lästes
160 1125 29 15 nu
204 1119 32 21 till
252 1119 132 22 besvarande
399 1125 26 15 en
440 1119 143 26 proposition,
600 1119 24 21 sä
639 1119 102 27 lydande:

147 1165 8 9 y
160 1148 52 25 Den,
230 1154 46 15 som
298 1148 124 26 godkänner
445 1148 228 21 Ekonomiutskottets
696 1148 68 21 under
779 1148 40 21 N:o
837 1149 9 20 1
863 1147 38 22 be-

77 1177 105 21 tecknade
198 1176 85 27 förslag,
300 1183 74 15 svarar
386 1176 34 27 ja;

144 1205 73 22 vinner
232 1206 41 26 nej,
285 1205 39 21 blir
335 1205 173 26 Ridderskapets
521 1205 40 22 och
573 1205 79 22 Adelns
663 1205 77 26 beslut,
756 1207 31 20 att
798 1205 32 21 till
840 1205 60 21 Hans

75 1234 122 27 Kejserliga
212 1234 103 27 Majestät
329 1234 51 26 ingä
395 1234 49 21 med
458 1234 136 27 underdänig
609 1234 91 27 petition
712 1235 77 25 derom,
799 1235 32 20 att
841 1234 61 21 Hans

76 1263 103 26 Majestät
201 1263 49 21 ville
273 1264 50 25 taga
345 1263 7 20 i
371 1262 160 27 öfvervägande
554 1269 34 15 om
610 1263 188 26 maximibeloppet
820 1261 23 22 af
864 1263 37 20 det

75 1291 97 27 bränvin,
187 1297 46 15 som
249 1291 31 21 fär
295 1291 7 21 i
316 1291 75 22 landet
406 1291 94 26 lagligen
517 1291 117 27 tillverkas,
650 1291 43 21 kan
710 1291 133 25 inskränkas,
863 1291 40 20 och

77 1320 74 21 derest
173 1320 77 21 sådant
272 1320 41 21 kan
336 1320 45 26 ske,
403 1319 65 27 nådig
482 1320 136 27 proposition
637 1322 51 19 näst
702 1319 201 22 sammanträdande

77 1349 89 21 ständer
187 1348 120 27 förelägga;
329 1348 33 21 för
385 1348 85 21 hvilken
493 1349 105 26 petitions
621 1349 146 26 uppsättande
786 1349 119 20 momentet

77 1377 169 22 äterremitteras
262 1377 33 21 till
309 1377 129 21 utskottet*.

145 1406 34 21 Då
198 1405 70 22 denna
286 1405 134 28 proposition
435 1405 36 22 vid
487 1405 96 22 anställd
598 1406 98 26 votering
710 1404 129 23 besvarades
854 1405 50 21 med

77 1436 27 19 28
118 1434 24 27 ja
157 1434 40 21 och
213 1437 12 19 8
241 1435 41 26 nej,
298 1441 37 14 var
355 1435 120 20 utskottets
491 1435 139 21 betänkande
645 1435 7 20 i
668 1434 100 22 afseende
784 1435 13 21 ä
811 1440 62 15 mom.
892 1435 9 19 1

77 1463 117 26 godkändt.

147 1492 56 21 Utan
224 1491 122 22 diskussion
366 1491 126 27 godkändes
515 1490 55 22 efter
589 1491 120 22 hvarandra
724 1490 27 22 de
767 1490 138 22 äterstäende

77 1526 84 15 momm.
178 1522 77 19 2—10.

820 1590 22 17 14
