1070 1739
182 126 41 21 882
463 130 40 18 Den
519 129 27 19 30
562 130 109 18 November.

221 194 41 19 2:0.
295 193 143 25 ,Godkänner
453 193 159 28 Ridderskapet
628 193 40 22 och
676 193 88 22 Adeln
758 188 12 37 2
778 192 198 23 hufvudmomentet

152 221 6 20 i
174 221 119 21 utskottets
309 221 135 22 betänkande
459 222 40 21 N:o
517 224 9 19 1
545 223 41 21 och
601 223 7 20 i
623 222 154 27 sammanhang
790 223 86 20 dermed
887 222 89 21 stående

154 251 8 20 1
180 255 64 16 mom.
269 250 46 21 utaf
334 251 245 22 utskottsbetänkandet
592 251 40 22 N:o
652 253 19 24 3,
691 251 49 22 med
756 251 90 27 ändring
862 251 52 22 eller
928 253 48 19 ute-

153 279 95 26 slutning
264 279 22 21 af
300 279 36 22 det
352 279 102 28 uppgifna
468 280 218 27 kostnadsbeloppet;

221 308 75 21 vinner
310 309 40 27 nej,
367 309 95 22 besluter
478 309 87 21 ståndet
580 309 7 21 i
603 309 95 26 enlighet
713 308 48 22 med
777 309 50 21 herr
842 309 82 21 Antells
935 308 42 22 för-

153 336 48 27 slag
216 337 32 20 till
264 337 111 27 byggande
390 337 23 22 af
433 344 25 15 en
479 337 90 28 jernväg
592 338 89 21 emellan
696 337 144 22 Tammerfors
857 338 39 21 och
911 337 66 22 Niko-

153 365 80 21 laistad
248 368 71 19 vester
334 372 35 15 om
391 366 106 28 Näsijärvi
513 367 40 20 och
575 367 65 21 Ikalis
657 367 57 27 sjöar
730 368 56 19 samt
801 365 32 22 att
849 366 129 22 öfverlemna

154 394 24 21 åt
192 394 126 27 regeringen
341 397 32 19 att
396 397 96 20 närmare
513 395 121 22 bestämma
653 395 82 22 banans
751 395 94 27 riktning
860 396 54 21 dock
930 395 48 21 med

154 423 112 21 uttalande
290 423 60 21 deraf
370 425 33 20 att
422 424 117 27 jernvägen
561 425 67 20 borde
651 425 60 21 ledas
735 424 24 21 så
775 426 32 19 att
822 424 110 27 möjlighet
946 424 33 21 för

154 452 103 21 städerna
272 452 138 28 Björneborg,
426 452 145 22 Kristinestad
588 453 40 21 och
642 453 74 21 Kaskö
733 454 32 20 att
781 453 91 27 anlägga
883 453 94 25 bibanor,

155 480 70 22 såvidt
240 481 78 26 görligt
334 483 29 24 är,
379 481 153 27 underlättas",

223 509 85 21 hvilken
324 510 132 27 proposition
472 510 129 22 besvarades
616 511 48 21 med
682 512 25 20 39
722 510 24 27 ja
762 510 38 22 och
818 512 26 19 14
860 510 41 28 nej.

224 540 52 23 3:0).
308 538 53 26 Vill
378 539 158 27 Ridderskapet
552 540 40 20 och
607 539 68 22 Adeln
691 546 24 14 ur
728 540 9 20 2
746 539 198 21 hufvudmomentet
959 538 22 21 af

157 567 243 22 utskottsbetänkandet
414 568 39 22 N:o
471 570 9 19 1
497 568 97 22 utesluta
609 568 55 22 hvad
680 570 118 19 momentet
812 568 118 21 innehåller
946 574 33 14 om

157 596 37 21 det
209 596 122 22 beräknade
346 596 217 28 kostnadsbeloppet;

224 624 75 22 vinner
313 626 41 26 nej,
370 628 106 25 upptages
495 626 121 22 kostnaden
635 626 32 21 till
686 626 38 21 det
739 626 84 26 belopp,
840 626 83 21 hvartill
940 626 40 20 den

156 654 7 20 i
179 653 119 24 utskottets
315 660 75 16 senare
405 654 136 22 betänkande
557 655 137 21 beräknats".

226 682 76 22 Denna
323 684 132 26 proposition
479 684 128 22 besvarades
630 684 49 22 med
702 684 89 21 allmänt
813 684 42 27 nej,
879 683 31 21 till
929 683 52 27 följd

157 710 77 22 hvaraf
246 711 90 22 likasom
352 712 22 22 af
387 713 106 27 utgången
509 712 48 22 utaf
571 712 26 22 de
605 715 77 19 tvenne
693 712 130 27 föregående
833 712 149 27 voteringarne

158 740 84 21 ståndet
253 740 97 22 -beslutit
365 743 32 19 att
412 741 113 27 godkänna
541 743 12 19 2
569 741 200 22 hufvudmomentet
785 741 22 21 af
816 742 117 20 utskottets
944 741 37 21 be-

159 769 109 21 tänkande
284 769 39 22 N:o
341 772 17 21 1,
374 770 56 21 dock
444 770 48 22 med
509 770 90 27 ändring
614 770 24 22 af
655 771 37 21 det
712 770 46 22 deri
773 770 128 27 uppgående
923 770 59 21 kost-

158 798 158 27 nadsbeloppet
330 798 32 21 till
378 798 37 22 det
430 799 6 21 i
451 799 119 21 utskottets
586 799 137 22 betänkande
738 799 41 21 N:o
797 801 12 19 3
825 799 122 21 beräknade
963 798 22 22 af

160 828 128 25 20,750,000
304 827 66 21 mark.

228 855 95 22 Emedan
347 856 37 21 det
406 856 67 22 under
495 856 41 22 den
559 856 152 28 försiggångna
732 856 149 22 diskussionen
897 856 23 21 af
932 856 51 22 flere

159 884 214 22 ståndsmedlemmar
388 885 75 27 gjorda
477 884 80 28 förslag
573 892 34 14 om
623 885 144 22 nedsättande
778 885 23 21 af
810 892 25 14 en
846 885 138 21 kommission

159 912 34 22 för
217 913 159 22 verkställande
402 914 22 21 af
446 914 79 27 nödiga
550 914 288 28 jernvägsundersökningar
862 914 123 27 lämpligast

160 942 72 21 kunde
253 942 65 21 blifva
344 942 87 21 föremål
455 942 33 21 för
510 942 115 27 afgörande
648 944 6 20 i
680 942 155 27 sammanhang
859 943 49 20 med
932 943 53 20 sista

160 971 120 20 momentet
301 971 6 20 i
330 971 225 26 Jernvägsutskottets
579 971 136 22 betänkande
738 971 40 21 N:o
804 973 17 24 1,
847 971 66 27 ansåg
936 971 49 21 herr

160 999 208 22 Landtmarskalken
390 999 122 28 lämpligast
534 1000 65 22 blifva
618 1002 33 20 att
669 1001 57 21 först
743 1000 110 27 diskutera
869 1002 11 19 3
897 999 88 22 hufvud-

160 1029 119 20 momentet
294 1028 6 21 i
316 1028 61 21 detta
391 1028 142 22 betänkande.

230 1057 96 21 Friherre
342 1063 42 15 von
400 1057 79 26 Troil,
499 1057 21 22 S.
536 1058 40 26 W.,
596 1064 45 15 som
657 1058 49 21 med
720 1057 114 27 anledning
849 1057 63 21 häraf
920 1057 67 21 utbad

162 1085 32 27 sig
210 1085 62 22 ordet
287 1086 94 27 yttrade:
398 1086 10 21 I
423 1086 222 22 öfverensstämmelse
660 1087 50 21 med
726 1086 57 21 hvad
795 1087 38 26 jag
848 1086 32 21 uti
895 1087 41 20 min
955 1086 32 21 till

162 1114 180 22 Statsutskottets
359 1115 226 26 anslagsbetänkande
601 1115 77 27 fogade
695 1115 133 21 reservation
843 1115 40 21 har
891 1115 95 27 påyrkat,

162 1143 41 21 och
219 1143 27 21 då
262 1143 36 21 det
313 1143 47 22 icke
378 1145 24 20 är
417 1144 65 27 något
497 1144 47 21 skäl
559 1146 39 24 att,
615 1147 51 18 enär
681 1144 37 21 lån
734 1144 47 21 icke
797 1144 62 21 torde
874 1143 33 22 för
922 1143 65 22 ända-

162 1171 67 22 målet
243 1171 86 22 komma
342 1174 33 19 att
391 1174 114 25 upptagas,
521 1173 117 26 uppskjuta
652 1173 50 21 med
718 1172 144 27 påbörjandet
877 1172 23 21 af
909 1173 40 20 den
960 1179 28 14 nu

162 1200 115 21 beslutade
290 1201 235 27 jernvägsbyggnaden,
542 1201 64 22 utber
617 1202 38 27 jag
671 1201 44 27 mig
730 1201 110 21 vördsamt
855 1203 33 19 att
903 1201 21 21 få
934 1201 55 21 före-

163 1229 33 21 slå
210 1230 33 20 att
258 1228 24 22 af
300 1229 287 22 kommunikationsfondens
608 1231 116 26 tillgångar
742 1229 33 22 för
795 1229 70 22 denna
879 1230 110 27 jernvägs-

162 1257 100 28 byggnad
278 1260 32 19 ett
324 1258 111 21 bestämdt
450 1258 111 27 årsanslag
576 1258 22 22 af
612 1261 12 19 3
640 1259 99 28 miljoner
754 1258 67 22 måtte
830 1259 69 21 under
908 1259 82 20 instun-

164 1287 69 21 dande
248 1285 157 28 femårsperiod
420 1287 91 21 anvisas.

232 1315 57 22 Herr
310 1315 142 22 Mechelin:
483 1316 41 26 Jag
546 1316 39 21 ber
607 1315 32 22 för
656 1316 44 21 min
718 1315 34 22 del
767 1315 22 22 få
804 1316 86 21 biträda
903 1315 88 22 friberre

163 1350 41 15 von
220 1344 70 21 Troils
305 1343 23 22 af
340 1344 78 21 honom
434 1344 32 21 till
484 1344 179 22 Statsutskottets
677 1344 139 22 betänkande
826 1345 41 20 N:o
880 1345 25 20 12
915 1344 76 27 fogade

163 1373 133 21 reservation
311 1373 7 20 i
334 1373 70 21 denna
420 1373 40 26 del,
477 1379 48 15 men
541 1373 125 22 hemställer
680 1373 78 26 tillika,
774 1373 105 21 huruvida
895 1373 37 21 det
945 1373 47 21 icke

165 1403 23 19 är
204 1401 131 27 nödvändigt
351 1403 39 25 att,
398 1403 39 20 när
453 1402 131 27 landtdagen
599 1402 90 21 beslutit
704 1402 33 21 till
749 1407 26 16 en
785 1401 207 28 jernvägsbyggnad,

165 1430 67 21 ocksä
247 1430 62 21 anslä
323 1430 49 21 hela
388 1430 37 21 det
440 1430 84 27 kapital
539 1437 47 15 som
600 1430 110 28 företaget
723 1431 106 20 beräknas
845 1431 70 25 kosta,
931 1430 61 21 äfven

165 1464 35 14 om
222 1465 50 15 man
295 1459 46 21 icke
364 1461 62 24 tager
447 1459 36 21 för
497 1459 66 26 gifvet
583 1461 31 19 att
629 1459 50 21 hela
694 1459 107 27 kapitalet
816 1459 96 21 kommer
926 1459 68 21 under

164 1488 110 20 närmaste
296 1486 176 28 finansreglering
497 1489 32 19 att
551 1488 114 21 användas.
696 1488 44 26 Jag
763 1487 70 21 skulle
855 1486 33 22 för
902 1487 42 21 min
960 1487 35 22 del

164 1517 34 19 tro
214 1517 34 19 att
263 1516 37 21 det
315 1522 50 15 vore
382 1516 47 21 skäl
444 1518 33 19 att
494 1516 33 21 till
541 1515 89 23 friherre
645 1522 42 16 von
703 1516 70 21 Troils
789 1516 133 22 reservation
936 1516 7 20 i
954 1516 40 22 den

166 1543 62 22 delen
244 1545 53 25 göra
313 1544 36 22 det
364 1544 76 28 tillägg
456 1546 31 20 att
506 1544 37 22 det
560 1544 93 23 derefter
673 1544 71 23 skulle
765 1545 114 21 ankomma
893 1544 28 28 pä
935 1544 59 22 kom-
