1070 1739
396 130 40 17 Den
452 128 27 19 30
490 129 109 18 November.
842 127 41 20 845

88 193 37 21 det
139 193 42 22 kan
196 193 36 22 vid
252 199 25 15 en
300 192 128 22 kommande
450 192 104 27 landtdag
576 192 138 26 bestämmas,
731 191 54 22 huru
801 191 64 22 dessa
878 191 35 21 lån

88 221 60 22 skola
162 224 101 23 ersättas,
283 221 90 27 troligen
391 227 25 15 ur
433 221 197 22 bränvinsskatten.
664 221 77 26 Börjas
761 220 81 21 banans
861 221 52 26 byg-

88 251 70 26 gande
180 251 48 22 icke
250 250 70 27 precis
345 252 54 19 1878
422 252 52 19 utan
496 251 62 25 1879,
579 250 26 21 så
619 252 24 19 är
658 249 131 27 ställningen
804 249 67 21 redan
887 255 26 14 en

87 279 46 22 helt
148 286 76 19 annan,
240 279 40 21 och
295 279 169 26 beräkningarne
479 279 74 21 kunna
571 279 45 21 helt
635 278 133 21 annorlunda
785 277 127 27 uppställas.

87 308 11 21 I
112 308 74 28 hvarje
200 308 37 21 fall
252 307 68 22 skulle
333 308 37 27 jag
385 307 33 22 för
432 307 43 22 min
492 307 35 22 del
541 309 40 24 tro,
597 309 33 20 att
645 307 80 27 nödiga
738 307 118 26 penningar
866 305 48 22 icke

87 337 87 22 komma
196 339 33 19 att
250 338 63 25 tryta,
336 338 51 19 utan
407 338 33 20 att
458 337 51 21 med
526 336 139 27 regeringens
684 335 91 28 tillhjelp
795 335 26 22 de
836 334 77 26 medel,

88 372 46 15 som
149 366 75 26 finnas,
241 365 61 22 skola
316 365 65 22 blifva
398 365 135 27 tillräckliga.

155 395 57 21 Herr
227 400 40 15 von
283 393 115 22 Alfthan:
423 394 56 21 Herr
488 393 130 28 Lagerborg,
626 393 104 28 Hjalmar,
739 393 40 21 har
786 392 56 27 tagit
851 392 62 22 Jern-

90 423 163 27 vägsutskottet
267 423 7 21 i
285 423 137 27 upptuktelse
432 423 59 21 såväl
499 423 33 21 för
545 423 50 21 dess
607 423 91 21 motiver
709 428 46 15 som
767 421 49 21 dess
827 421 86 26 förslag.

87 452 42 27 Jag
145 454 23 19 är
183 451 124 28 öfvertygad
322 458 35 15 om
372 453 32 19 att
418 451 75 27 hvarje
509 451 96 22 ledamot
618 451 7 21 i
633 450 216 28 Jernvägsutskottet
857 456 57 20 myc-

88 483 37 19 ket
140 480 109 28 beklagar,
266 482 32 19 att
313 480 47 22 icke
374 480 70 22 under
463 486 27 16 en
508 480 75 27 längre
601 480 32 21 tid
652 480 64 21 hafva
734 478 82 23 kunnat
830 478 85 28 ätnjuta

89 509 111 22 förmånen
215 509 23 21 af
251 509 49 21 herr
317 509 135 27 Lagerborgs
473 508 124 22 erfarenhet
615 509 41 21 och
675 508 57 28 goda
749 508 45 21 råd.
825 506 90 23 Förhäl-

88 538 75 22 landet
186 540 24 20 är
231 538 105 26 nemligen
359 538 71 21 såsom
448 538 83 21 bekant
551 538 37 21 det
606 539 32 20 att
656 537 51 22 herr
722 537 123 27 Lagerborg
860 536 55 22 först

89 567 69 22 under
178 567 143 21 innevarande
339 567 51 21 höst
407 566 70 22 blifvit
503 567 72 21 invald
595 566 32 22 till
649 566 116 27 suppleant
782 566 7 21 i
807 565 109 22 utskottet

90 596 46 26 och,
152 596 72 21 såvidt
236 596 37 27 jag
288 596 41 20 kan
345 596 88 25 minnas,
450 596 79 21 endast
545 596 69 21 under
634 597 32 20 ett
681 595 56 21 enda
755 594 158 22 sammanträde

89 624 95 28 bidragit
201 624 33 22 till
252 624 118 22 utskottets
389 624 72 22 beslut
476 624 6 21 i
499 624 164 27 ifrågavarande
678 623 91 26 ärende;
789 629 48 16 men
855 622 60 22 detta

89 654 160 21 sammanträde
262 653 40 21 har
317 653 54 21 dock
386 653 61 27 gifvit
459 653 53 22 herr
529 652 128 28 Lagerborg
679 652 84 22 tillfälle
782 652 40 21 och
843 651 72 21 anled-

89 682 52 27 ning
155 684 33 20 att
203 682 32 22 uti
250 688 27 16 en
291 682 87 27 bifogad
392 682 134 22 reservation
541 682 69 21 uttala
624 682 33 21 sin
676 682 58 26 åsigt
753 687 34 15 om
803 680 112 28 jernvägs-

89 711 153 27 byggnaderna
262 711 6 21 i
287 711 73 21 landet
378 711 41 21 och
434 711 119 21 ständerna
567 710 64 23 hafva
646 710 92 22 sålunda
751 710 84 21 kunnat
849 708 66 22 blifva

90 740 110 27 delaktiga
215 739 23 22 af
250 740 56 21 hvad
321 740 42 21 han
378 740 6 20 i
400 740 67 21 saken
483 740 84 21 tänker.
583 752 28 2 —
627 740 113 21 Utskottet
754 738 39 22 har
804 737 55 22 dock
868 736 48 22 icke

90 769 78 21 saknat
187 769 40 21 råd
244 768 23 21 af
285 768 73 27 andra,
372 768 79 28 jemväl
466 768 33 22 uti
516 769 65 21 dessa
596 768 96 22 ärenden
707 767 84 22 erfarna
805 772 110 22 personer,

91 797 75 22 såvida
180 797 52 22 flere
248 797 59 22 äldre
323 797 122 27 ingeniörer
464 797 58 22 varit
536 797 140 22 medlemmar
694 796 22 22 af
734 796 126 25 detsamma,
876 794 40 22 och

89 826 109 22 utskottet
220 826 109 22 dessutom
345 826 41 21 tidt
406 826 40 22 och
461 826 47 22 ofta
522 826 67 21 vändt
604 826 32 27 sig
652 826 33 21 till
704 823 213 28 Jernvägsstyrelsen

90 855 41 21 och
153 855 50 21 dess
227 854 53 27 chef,
304 855 118 21 statsrådet
445 854 133 27 Strömberg,
603 861 46 15 som
668 855 94 26 benäget
779 854 82 21 lemnat
876 852 42 21 alla

89 884 86 27 möjliga
190 884 152 30 upplysningar
357 890 46 15 som
417 884 56 21 varit
488 884 25 21 af
525 884 72 21 nöden
612 884 41 21 och
672 883 102 22 särskildt
792 888 35 15 om
846 882 70 20 träva-

89 912 125 22 rutrafiken.
244 912 68 22 Äfven
330 912 57 22 inom
406 912 109 22 utskottet
533 913 109 21 uttalades
662 911 74 23 tvifvel
756 911 79 25 derom,
851 910 66 21 huru-

89 941 50 21 vida
154 941 38 21 det
207 942 69 21 skulle
290 940 91 23 förhålla
396 941 33 27 sig
445 942 30 25 så,
493 943 33 19 att
541 941 185 22 trävarurörelsen
745 946 50 15 vore
815 939 41 21 den
871 938 45 27 vig-

89 970 81 26 tigaste
190 970 40 21 och
252 970 153 27 väsentligaste
422 969 34 22 för
472 970 150 27 jernvägarne.
653 969 51 22 Med
722 967 115 27 anledning
857 966 62 23 deraf

90 999 118 21 anställdes
228 999 106 26 åtskilliga
353 999 150 26 beräkningar,
522 999 73 21 hvilka
612 998 32 22 till
663 1005 27 15 en
708 998 35 21 del
762 996 70 23 blifvit
847 1002 69 15 omar-

89 1027 79 22 betade
185 1027 41 22 och
238 1027 118 28 justerade,
372 1028 40 21 och
426 1027 117 22 resultatet
559 1027 23 22 af
595 1027 49 22 dem
659 1033 39 16 var
708 1027 77 21 sådant
795 1031 46 16 som
853 1030 63 22 synes

90 1055 23 22 af
127 1056 94 21 tabellen
243 1057 28 26 på
294 1057 38 20 sid.
348 1058 33 19 23.
412 1056 55 21 Herr
485 1056 127 27 Lagerborg
632 1055 88 23 anförde
738 1055 67 27 några
820 1053 97 26 siffertal,

89 1084 73 22 hvilka
178 1085 37 21 det
230 1085 134 27 naturligtvis
381 1087 24 19 är
419 1085 88 27 mycket
522 1085 59 22 svårt
597 1087 33 20 att
639 1084 138 26 kontrollera,
788 1089 49 15 men
848 1081 71 22 såvidt

88 1113 38 28 jag
141 1114 72 21 kunde
228 1114 54 21 höra
297 1114 53 27 dem,
368 1114 24 21 så
407 1116 45 19 tror
464 1114 40 27 jag
519 1115 33 20 att
567 1114 27 21 de
610 1113 58 22 öfver
682 1112 81 23 hufvud
773 1113 62 25 taget
850 1110 66 23 öfver-

91 1142 124 22 ensstämde
238 1143 49 22 med
309 1143 25 21 de
358 1143 96 27 kalkyler
476 1149 49 15 som
545 1142 28 22 då
591 1143 94 27 gjordes,
706 1141 52 22 eller
777 1142 33 20 att
825 1139 38 23 det
877 1139 42 22 blir

93 1171 91 22 allenast
203 1177 27 16 en
249 1171 108 28 obetydlig
375 1171 57 22 vinst
450 1171 23 22 af
490 1171 193 22 trävarurörelsen.
713 1171 44 21 Det
770 1169 69 22 finnes
854 1168 64 22 emel-

92 1200 64 21 lertid
178 1200 66 22 saker
266 1207 46 15 som
334 1207 64 21 synas
421 1200 40 21 och
484 1201 66 21 saker
565 1207 47 15 som
626 1200 49 21 icke
690 1205 72 22 synas.
791 1197 64 22 Hvad
869 1203 50 16 man

92 1229 48 21 icke
155 1229 55 27 tagit
224 1229 8 21 i
246 1229 149 26 betraktande,
412 1231 24 19 är
451 1229 42 21 den
510 1229 83 27 ganska
607 1229 81 27 vigtiga
703 1226 160 27 omständighet
873 1231 46 16 som

92 1258 50 21 herr
157 1257 174 22 Standertskiöld
346 1258 66 21 redan
426 1257 107 27 framhöll,
549 1258 115 27 nemligen:
681 1259 33 20 att
728 1262 86 16 massan
825 1254 22 22 af
857 1260 63 16 varor

93 1293 47 15 som
156 1287 73 26 släpas
245 1287 41 21 och
302 1287 140 26 distanserna,
458 1287 29 26 på
503 1286 74 22 hvilka
592 1287 26 21 de
629 1286 63 26 föras,
702 1287 37 20 äro
748 1283 119 27 väsentliga
874 1282 46 21 fak-

92 1317 65 25 torer,
173 1321 47 16 som
236 1316 69 21 måste
320 1315 132 22 observeras.
467 1327 30 3 —
513 1315 51 21 Man
580 1315 69 22 måste
664 1315 93 21 uträkna
767 1320 26 15 en
803 1313 44 21 viss
858 1311 61 21 kost-

93 1344 42 21 nad
149 1350 40 21 per
205 1344 134 27 centnermil;
355 1351 49 14 man
419 1344 99 21 kommer
529 1344 31 21 till
570 1344 70 21 denna
652 1343 60 22 siffra
724 1342 98 25 sålunda,
831 1341 32 21 att
871 1346 49 15 man

93 1373 106 21 dividerar
218 1373 50 21 hela
285 1373 83 21 antalet
390 1373 127 21 centnermil
540 1372 23 22 af
587 1373 42 21 alla
652 1378 62 16 varor
733 1371 32 22 uti
789 1369 49 22 hela
858 1369 62 20 kost-

92 1401 76 26 naden,
186 1401 40 22 och
242 1401 38 22 det
295 1401 95 22 erhållna
404 1401 54 22 talet
473 1408 41 20 ger
529 1401 28 22 då
571 1401 202 25 medelkostnaden;
793 1399 37 21 det
844 1399 24 20 är
883 1403 37 16 na-

91 1430 81 27 turligt,
194 1432 33 19 att
246 1430 27 21 då
295 1432 125 20 trävarorna
438 1430 32 21 till
489 1430 36 21 sin
543 1430 107 27 qvantitet
668 1429 74 28 uppgå
760 1428 39 25 till,
815 1427 38 27 jag
868 1427 51 25 tror,

91 1458 83 22 hälften
190 1459 23 21 af
226 1459 42 21 alla
284 1459 67 27 öfriga
366 1465 62 15 varor
443 1465 46 15 som
506 1461 160 25 transporteras
684 1457 64 27 (hvad
765 1462 46 16 som
831 1454 91 22 dernäst

91 1487 97 21 kommer
204 1489 24 19 är
243 1488 96 26 spanmål
355 1487 40 22 och
410 1487 57 27 mjöl,
483 1487 75 21 hvilka
572 1488 68 20 under
657 1487 51 21 åren
726 1485 141 22 1872—1875
883 1490 37 14 va-

91 1516 67 21 rierat
180 1516 91 21 emellan
287 1519 11 18 5
318 1516 41 21 och
380 1518 25 19 12
422 1516 26 25 %
467 1518 61 20 emot
546 1518 27 19 50
585 1516 26 26 %
628 1522 46 15 som
693 1515 86 21 komma
798 1512 29 28 pä
849 1514 71 19 träva-

91 1550 70 21 rorna,
177 1544 112 23 hvaremot
311 1545 43 23 alla
376 1545 27 23 de
422 1544 69 27 öfriga
511 1544 61 28 gifvit
590 1547 56 20 ännu
661 1542 91 28 mindre)
768 1542 38 22 det
821 1542 99 25 tvärtom,
