1070 1739
194 126 42 21 892
478 131 39 18 Den
536 130 8 18 1
565 131 105 18 December.

165 191 37 21 det
224 191 56 22 varit
302 193 105 27 epithetet
431 194 74 27 ,stad*
529 200 46 16 som
598 195 56 22 varit
672 195 24 22 så
714 195 111 22 lockande.
856 195 50 22 Man
920 197 67 21 måste

165 219 55 22 dock
236 222 78 26 antaga
329 223 33 20 att
377 223 36 21 det
428 225 25 20 är
468 223 89 22 allmänt
571 223 68 22 kändt
654 226 33 20 att
702 225 62 20 orten
775 224 44 21 lika
828 224 48 21 litet
886 224 102 27 förtjenar

163 248 69 23 kallas
249 255 27 16 en
291 251 54 27 stad,
362 257 46 16 som
424 258 26 15 en
463 252 106 22 Luumäki
584 253 102 22 rök-kota
702 255 24 20 är
742 254 32 20 ett
789 253 76 27 palats.

232 278 42 27 Jag
289 279 37 22 ber
342 280 100 28 slutligen
457 281 77 22 endast
549 281 22 22 få
586 282 120 21 återhemta
720 282 50 21 mitt
784 282 80 27 förslag
879 281 45 22 från
932 281 53 28 igår,

163 312 46 16 som
232 307 69 22 skulle
323 309 55 27 lyda,
402 312 33 19 att
457 311 116 21 ständerna
595 311 49 21 ville
659 311 7 21 i
681 311 172 27 underdånighet
872 311 39 21 hos
925 311 60 22 Hans

162 335 120 28 Kejserliga
305 337 101 28 Majestät
424 339 85 22 anhålla
528 345 35 16 om
582 339 135 22 tillsättande
736 339 24 22 af
776 346 26 15 en
822 340 93 21 blandad
927 340 58 27 jern-

162 365 197 28 vägskommission,
379 367 118 22 bestående
517 367 22 22 af
555 369 109 25 statistici,
685 368 76 22 affärs-
781 369 40 21 och
841 369 98 21 fackmän
953 369 33 22 för

161 395 139 26 uppgörande
315 395 22 22 af
350 397 32 20 ett
396 396 79 28 förslag
490 397 32 21 till
538 397 156 26 stambansnät,
710 397 83 28 byggdt
807 398 28 27 på
847 397 60 22 äfven
918 398 67 21 andra

162 422 94 26 grunder
278 425 27 19 än
328 424 37 22 det
386 432 28 14 nu
433 425 152 27 föreliggande,
607 426 40 22 och
667 427 31 20 till
714 426 83 21 hvilket
812 426 98 22 ändamål
926 429 58 18 stän-

162 450 66 22 derna
242 451 46 22 från
304 453 272 23 kommunikationsfonden
591 455 69 21 skulle
676 454 62 22 anslå
751 456 90 24 160,000
851 455 66 26 mark,
929 457 56 19 samt

162 481 33 19 att
212 480 60 22 Hans
291 481 102 28 Majestät
412 484 67 20 sedan
496 484 86 21 täcktes
604 483 110 28 förelägga
733 484 250 22 nästsammanträdande

161 508 89 22 ständer
265 510 63 28 nådig
343 512 133 26 proposition
491 512 6 21 i
513 514 78 20 ämnet.

229 537 55 23 Herr
294 539 135 23 Mechelin:
446 541 46 21 Den
503 541 147 27 promemoria,
660 541 94 23 rörande
762 541 219 27 sammansättningen

160 565 23 22 af
198 566 267 28 jernvägskommissionen
488 570 40 21 och
555 570 82 22 hvilket
662 570 123 22 förfarande
811 571 69 21 denna
902 570 79 21 komité

159 595 67 22 borde
248 596 102 28 iakttaga,
370 604 46 16 som
434 599 49 21 herr
502 599 129 27 Lagerborg,
652 600 104 27 Hjalmar,
776 606 28 14 nu
824 599 76 26 anfört,
920 599 61 22 torde

158 624 35 22 väl
214 624 7 22 i
240 625 116 23 allmänhet
376 628 24 20 så
419 630 109 20 motsvara
546 628 178 22 beskaffenheten
741 628 22 22 af
776 628 137 27 ifrågavande
927 634 54 21 upp-

158 652 58 28 drag,
238 656 32 20 att
289 656 94 22 särdeles
402 657 75 22 delade
495 657 111 27 meningar
624 658 73 21 derom
716 656 51 28 föga
782 657 62 21 torde
859 656 120 22 förefinnas.

158 681 42 22 Det
218 682 42 22 kan
279 684 105 28 svårligen
404 686 54 21 dock
477 686 155 27 ifrågakomma
650 688 32 20 att
698 686 62 22 detta
775 686 64 22 stånd
854 686 52 22 eller
921 688 59 19 stän-

158 710 66 23 derna
239 712 69 22 skulle
322 713 8 21 i
345 714 39 21 sitt
398 714 72 22 beslut
484 715 6 21 i
504 714 75 28 frågan
595 715 73 27 intaga
683 713 34 23 till
733 714 87 28 ledning
835 714 32 22 för
887 714 93 28 regerin-

156 745 42 21 gen
212 740 41 22 alla
269 742 26 21 de
309 748 29 16 nu
352 742 133 23 framställda
501 744 100 27 detaljer;
618 744 104 22 särskildt
738 744 67 22 också
813 744 76 26 derför,
898 745 32 20 att
944 744 36 21 de-

156 774 92 17 sammas
271 770 93 22 innehåll
386 773 65 21 redan
467 772 68 28 ligger
550 773 7 21 i
578 773 77 21 sakens
671 774 71 20 natur.
772 773 63 21 Hvad
850 772 131 22 vidkommer

156 796 165 30 formuleringen
336 800 23 21 af
372 800 42 22 den
424 801 121 27 föreslagna
555 802 99 21 anhållan
667 808 35 16 om
714 808 27 15 en
751 802 144 25 kommission,
907 801 74 27 skiljer

156 826 32 27 sig
203 828 43 20 min
262 828 135 28 uppfattning
411 830 66 26 något
492 830 47 22 från
558 830 204 28 förlagsställarens.
793 830 43 22 Det
857 836 61 21 synes
936 830 44 27 mig

155 862 47 15 som
218 856 70 22 skulle
305 857 186 29 förhandlingarne
509 859 7 21 i
537 860 60 21 detta
617 860 63 21 stånd
697 859 43 22 och
752 859 79 27 jemväl
847 859 6 21 i
869 858 27 22 de
911 858 68 28 öfriga

154 885 92 21 stånden
264 886 102 22 innebära
386 888 114 27 anledning
519 890 32 20 att
570 888 47 22 icke
636 888 145 28 uttryckligen
801 888 81 26 begära
898 887 81 27 förslag

153 913 33 21 till
204 914 154 28 stambansnät,
379 918 23 26 ty
422 917 77 21 sådant
517 917 71 21 skulle
608 917 124 26 förutsätta,
753 918 32 20 att
805 923 49 15 man
869 918 62 24 tager
946 916 33 22 för

154 942 66 27 gifvet
236 945 32 19 att
283 944 71 21 beslut
370 951 34 15 om
419 946 48 21 hela
481 947 62 20 nätet
557 946 67 21 borde
644 946 22 21 af
682 945 131 22 kommande
832 945 88 21 ständer
938 945 40 21 fat-

154 972 40 20 tas.
224 971 44 22 Det
283 974 24 19 är
322 973 54 22 dock
391 974 83 27 möjligt
488 976 33 19 att
536 973 60 23 äfven
612 977 64 19 nästa
690 974 107 27 landtdag
812 980 63 15 anser
885 973 31 28 sig
931 973 47 22 icke

153 999 53 22 böra
224 1000 86 23 besluta
328 1003 110 25 angående
457 1003 48 21 hela
526 1005 67 25 nätet,
614 1005 52 20 utan
685 1003 59 21 blott
758 1003 85 21 besluta
859 1009 34 15 om
908 1002 70 27 någon

153 1029 92 21 särskild
262 1029 209 30 jernvägsbyggnad,
489 1031 34 22 för
539 1032 64 21 hvars
622 1032 165 22 bestämmande
809 1038 26 15 en
854 1031 123 27 förslagsvis

152 1057 106 28 uppgjord
273 1059 49 26 plan
338 1059 40 22 bör
392 1060 70 22 lemna
477 1061 92 27 ledning.
599 1061 43 22 Det
658 1063 24 20 är
697 1061 51 21 med
758 1060 82 27 hänsyn
851 1060 69 21 dertill
932 1066 45 15 som

150 1086 38 27 jag
209 1087 64 21 utber
295 1088 47 27 mig,
361 1090 54 20 utan
430 1091 35 20 att
483 1089 8 22 i
511 1089 67 22 saken
595 1090 51 21 eller
662 1089 166 28 uppfattningen
848 1089 69 21 afvika
931 1089 46 21 från

152 1115 50 22 herr
217 1115 130 29 Lagerborg,
370 1117 80 22 föreslå
469 1118 89 27 ungefär
577 1118 93 28 följande
691 1117 114 28 affattning
821 1117 22 22 af
857 1118 68 21 denna
940 1124 37 15 an-

152 1143 84 22 hållan:
254 1147 32 19 att
303 1146 135 27 ,,ständerna,
454 1147 7 21 i
479 1147 143 22 betraktande
638 1146 68 27 deraf,
724 1148 32 20 att
770 1146 33 22 för
817 1146 124 27 pröfningen
957 1146 23 21 af

151 1172 80 27 frågan,
248 1173 71 23 hvilka
333 1175 198 28 bansträckningar,
547 1176 84 22 utöfver
647 1176 26 22 de
689 1175 108 22 härintills
813 1175 90 26 anlagda
925 1175 52 21 eller

151 1201 105 27 beslutna,
280 1203 148 28 förnämligast
450 1206 36 20 äro
510 1205 83 26 egnade
615 1207 33 19 att
667 1205 75 21 såsom
757 1204 124 21 stambanor
896 1203 81 22 utföras

150 1229 33 22 för
198 1232 84 21 statens
298 1232 95 27 räkning,
410 1233 105 22 erfordras
536 1240 26 15 en
581 1233 121 28 mångsidig
722 1233 40 21 och
780 1239 110 20 noggrann
905 1233 71 20 utred-

150 1259 56 28 ning,
222 1260 112 27 angående
350 1261 42 22 alla
408 1262 26 21 de
450 1262 138 21 ekonomiska
603 1262 157 26 förhållanden,
776 1261 61 22 som
825 1255 13 38 i
847 1261 130 22 hufvudsak-

149 1288 29 27 lig
193 1289 53 26 grad
262 1289 86 28 betinga
364 1291 26 21 de
409 1291 56 21 olika
483 1291 155 27 jernvägarnes
656 1290 122 28 betydelse,
797 1290 41 21 hos
857 1290 59 21 Hans
931 1289 46 22 Ma-

147 1317 68 27 jestät
230 1317 7 22 i
256 1319 172 27 underdånighet
450 1319 85 22 anhålla
557 1326 34 15 om
610 1319 137 22 tillsättande
762 1319 22 21 af
797 1325 26 15 en
839 1318 138 22 kommission

148 1346 50 21 med
216 1347 98 27 uppdrag
332 1349 34 20 att
388 1348 149 21 åstadkomma
556 1349 67 26 sagda
642 1348 123 26 utredning,
783 1348 68 27 jemte
867 1347 36 22 det
918 1349 58 20 stän-

149 1375 65 22 derna
229 1377 83 20 emotse
328 1378 33 19 att
375 1377 178 22 nästkommande
568 1377 104 27 landtdag
682 1383 80 21 genom
770 1377 64 26 nådig
844 1376 132 27 proposition

147 1403 7 21 i
170 1405 72 21 ämnet
258 1405 90 21 beredes
365 1405 83 22 tillfälle
463 1408 32 19 att
510 1406 28 27 på
553 1406 66 21 sådan
635 1405 107 28 grundval
757 1405 87 22 besluta
859 1411 34 15 om
903 1405 73 21 vidare

145 1431 233 30 jernvägsbyggnader,
399 1436 57 20 samt
473 1436 33 19 att
524 1435 117 21 ständerna
658 1434 36 22 för
712 1434 135 21 bekostande
863 1433 22 22 af
899 1433 77 22 omför-

146 1461 72 21 mälda
240 1462 146 27 kommission,
403 1463 109 21 äfvensom
531 1463 26 21 de
575 1463 167 22 instrumentala
755 1462 220 28 jernvägsundersök-

146 1489 82 27 ningar,
244 1496 47 16 som
307 1492 123 27 ytterligare
447 1494 36 19 äro
499 1491 23 22 af
535 1491 76 28 nöden,
628 1492 62 22 anslå
708 1497 26 16 en
750 1498 83 15 summa
847 1490 23 22 af
886 1492 89 26 160,000

147 1518 66 26 mark,
229 1520 34 20 att
278 1519 46 22 från
339 1520 286 23 kommunikationsfondens
641 1520 119 28 tillgångar
773 1520 74 28 utgå".
