1070 1739
384 131 41 18 Den
442 128 26 21 29
485 130 109 19 November.
819 129 40 20 1785

62 194 86 22 komma
170 195 32 22 till
224 194 66 27 något
307 195 66 20 annat
393 194 98 25 resultat,
509 194 27 21 då
551 194 39 27 jag
608 193 49 22 med
674 193 101 22 afseende
791 193 51 22 derå
857 194 33 21 att

62 223 130 28 landtdagen
213 223 75 21 nalkas
308 223 38 20 sitt
364 223 44 20 slut
427 223 7 20 i
450 223 76 26 sjelfva
541 223 75 21 verket
632 222 68 21 finner
716 222 37 21 det
768 223 122 26 opraktiskt

63 254 33 19 att
118 253 157 22 återremittera
296 253 72 20 ämnet
390 251 32 22 till
445 251 110 22 utskottet
576 251 33 21 för
631 251 132 26 vidtagande
783 250 22 21 af
824 257 26 15 en
866 251 24 20 så

63 281 99 28 grundlig
177 280 154 27 omarbetning,
341 286 46 15 som
402 280 175 21 utmönstrandet
592 279 22 22 af
628 279 163 27 ifrågavarande
807 279 82 26 princip

64 310 69 21 skulle
153 309 181 26 nödvändiggöra,
355 311 27 19 än
402 311 33 19 att
450 308 34 22 för
500 309 42 21 min
558 309 35 21 del
609 309 86 21 biträda
710 309 62 20 deras
787 307 102 28 yrkande,

64 339 72 21 hvilka
154 341 72 20 ansett
242 340 32 19 att
288 337 78 27 nådiga
381 337 163 28 propositionen
560 337 41 22 och
616 337 120 22 utskottets
752 337 138 21 betänkande

63 367 48 22 icke
127 368 67 21 borde
210 367 32 21 till
256 367 70 26 någon
341 366 226 27 lagstiftningsåtgärd
583 366 117 22 föranleda.
731 366 42 26 Jag
787 365 104 27 beklagar

65 396 70 21 denna
154 396 88 27 utgång,
259 395 27 22 då
303 395 139 27 lagförslaget
457 395 6 21 i
479 395 78 27 många
572 395 94 27 punkter
681 395 119 21 innehåller
815 397 74 18 nämn-

64 425 67 21 värda
146 425 122 21 företräden
283 423 87 22 framför
386 426 54 19 1873
457 424 36 21 års
509 424 132 26 författning,
658 430 48 14 men
719 424 37 26 jag
773 429 34 15 ser
823 423 18 27 ej
853 429 37 15 an-

64 460 42 14 nan
120 455 66 25 utväg
201 453 41 21 och
256 452 32 22 får
302 452 54 28 förty
372 453 74 21 törena
460 453 45 27 mig
520 459 34 15 om
571 453 41 21 den
628 452 22 22 af
658 452 51 21 herr
718 452 107 22 Mechelin
835 451 56 22 före-

65 482 76 27 slagna
154 482 171 26 formuleringen.

133 511 56 21 Herr
203 510 191 28 Björkenheim,
410 510 34 21 R.:
460 510 75 22 Ehuru
549 510 95 22 ledamot
660 510 22 21 af
696 510 36 22 det
742 510 90 26 utskott,
845 515 46 15 som

65 540 117 21 behandlat
198 539 69 21 denna
281 538 66 28 fräga,
363 539 39 21 har
416 539 38 27 jag
469 539 64 26 dock,
550 541 109 25 upptagen
675 538 22 22 af
711 541 33 19 ett
757 541 64 19 annat
832 540 59 20 stän-

65 568 130 26 derutskott,
216 568 48 21 icke
283 568 81 21 kunnat
383 568 118 21 medverka
520 568 33 21 till
573 568 119 21 utskottets
710 568 73 21 arbete
798 568 7 20 i
821 567 71 21 denna

65 597 42 26 del,
122 598 82 21 hvilket
217 597 37 27 jag
270 602 62 16 anser
346 596 44 27 mig
405 597 53 21 böra
474 597 91 26 anmäla,
583 596 90 22 emedan
686 596 38 28 jag
734 597 7 20 i
752 596 81 27 princip
845 596 47 21 stär

64 626 29 27 pä
112 626 45 22 helt
176 632 70 15 annan
261 626 74 20 botten
350 628 28 18 än
393 626 117 21 utskottet.
541 626 41 26 Jag
597 626 69 26 hyllar
680 625 107 27 nemligen
802 624 89 22 alldeles

65 662 82 14 samma
168 655 62 27 äsigt,
248 660 45 16 som
312 654 39 21 här
368 654 69 22 blifvit
452 654 128 22 framhällen
595 654 23 22 af
631 654 75 22 herrar
720 654 113 26 Mechelin,
849 660 43 14 von

65 684 89 21 Alfthan
174 690 26 15 m.
216 683 20 21 fl.
254 683 39 21 och
313 683 62 26 skall,
392 683 27 21 dä
434 683 38 27 jag
491 683 49 21 fullt
559 684 97 20 ansluter
673 683 43 27 mig
732 683 32 21 till
779 683 62 21 deras
857 683 35 20 ut-

65 713 107 26 talanden,
193 719 29 15 nu
241 712 47 21 icke
308 714 94 25 upptaga
422 712 99 21 ständets
541 712 32 21 tid
592 712 50 21 med
658 714 72 24 annat,
747 714 26 18 än
790 711 49 21 med
853 711 38 21 be-

65 741 106 21 svarande
186 741 23 21 af
222 741 68 26 nägra
304 741 78 26 inkast,
399 747 47 15 som
461 740 70 22 blifvit
547 741 80 27 gjorda.
653 741 56 21 Herr
723 740 120 27 Jägerhorn
854 740 39 20 har

65 770 33 21 till
117 770 82 21 försvar
217 770 32 21 för
264 776 28 14 nu
307 769 147 27 föreliggande
469 770 118 26 lagförslag
602 770 85 26 uttalat,
704 772 33 18 att
751 776 49 14 man
816 774 77 22 genom

65 799 61 27 lagar
144 799 39 21 bör
198 798 57 22 tillse
271 800 32 19 att
317 798 47 22 icke
380 798 32 22 för
428 798 87 27 mycket
529 805 70 21 gynna
614 799 38 21 det
668 805 40 15 ena
724 798 51 22 eller
791 798 66 21 andra
873 796 22 22 af

66 828 90 26 stridiga
175 828 112 20 intressen.
317 827 55 21 Herr
392 827 122 27 Jägerhorn
532 828 40 20 har
591 827 105 27 uppträdt
715 827 32 21 till
763 826 82 22 försvar
860 825 33 22 för

65 856 80 27 nädiga
164 856 160 27 propositionen
343 856 40 21 och
402 856 120 21 utskottets
538 856 144 26 betänkande,
698 856 72 21 hvilka
785 856 7 20 i
807 856 25 20 sä
847 855 46 25 vig-

66 885 45 27 tiga
131 885 107 27 principer
257 884 63 28 skilja
335 884 33 27 sig
383 884 47 21 frän
446 891 28 14 nu
491 885 101 26 gällande
607 885 42 27 lag,
666 885 40 21 och
722 885 43 21 han
780 890 63 15 anser
858 884 35 20 sä-

65 914 61 21 ledes
147 916 32 19 att
198 914 7 20 i
223 920 29 14 nu
266 914 117 20 bestäende
398 913 36 27 lag
450 915 33 19 ett
499 914 22 21 af
535 914 27 21 de
577 914 113 26 intressen,
707 920 46 15 som
767 913 34 21 stä
816 913 7 21 i
839 912 54 21 strid

65 944 46 19 mot
125 942 127 26 hvarandra,
268 942 68 21 blifvit
351 942 93 26 lidande,
461 942 28 21 dä
505 943 43 20 han
564 942 42 21 kan
622 942 87 21 ansluta
719 942 33 27 sig
763 942 31 21 till
805 943 32 20 ett
847 941 45 26 lag-

65 970 88 28 förslag,
170 977 47 15 som
236 971 79 20 rubbar
334 971 42 20 alla
396 971 108 21 intressen
524 971 23 21 ät
562 973 32 19 ett
609 971 51 26 häll,
676 977 46 15 som
738 971 77 21 endast
830 969 64 22 söker

65 1000 116 26 tillgodose
197 999 37 22 det
250 1005 39 16 ena
304 999 108 22 intresset.
434 999 43 22 Det
491 999 44 22 kan
551 999 47 22 icke
613 999 101 22 förnekas
730 1001 33 19 att
778 999 67 22 under
857 998 37 21 det

66 1028 125 22 decennium
208 1028 52 21 eller
274 1027 100 28 möjligen
390 1027 27 22 de
433 1028 36 21 tvä
485 1028 121 27 decennier,
622 1029 68 20 under
706 1028 71 21 hvilka
793 1027 100 27 sägindu-

65 1057 54 21 strin
142 1057 7 21 i
168 1057 74 21 landet
261 1057 88 21 kommit
369 1057 32 20 till
421 1057 33 21 sin
472 1057 125 21 nuvarande
613 1057 140 27 ständpunkt,
770 1063 26 15 en
811 1055 82 22 rörelse

65 1086 41 21 och
125 1085 113 26 intressen,
255 1085 71 22 hvilka
340 1085 58 22 förut
413 1085 48 22 icke
477 1089 70 23 anats,
564 1086 68 21 under
648 1085 127 27 bristfälliga
791 1084 102 27 stadgan-

66 1115 41 21 den
123 1115 69 20 mäste
207 1114 63 27 bryta
285 1114 32 27 sig
330 1116 48 25 väg,
394 1120 49 15 men
459 1114 106 21 huruvida
577 1114 60 22 detta
648 1115 32 20 till
691 1116 69 19 större
771 1113 53 28 grad
835 1113 59 21 skett

65 1143 47 21 frän
128 1143 36 21 det
180 1149 41 15 ena
236 1143 67 21 hället
317 1145 27 18 än
358 1142 47 22 frän
420 1143 37 21 det
472 1143 75 26 andra,
559 1143 62 21 torde
637 1143 49 21 med
702 1143 46 21 skäl
759 1143 72 21 kunna
840 1141 53 22 lem-

65 1179 39 14 nas
125 1171 113 28 oafgjordt.
268 1171 42 27 Jag
329 1171 36 21 vill
385 1171 112 22 framhälla
517 1172 71 21 säsom
607 1172 96 26 exempel
719 1173 33 20 att
765 1171 37 21 fall
817 1170 76 26 finnas,

66 1201 27 21 dä
106 1200 122 28 jordegare,
244 1199 33 22 för
292 1201 31 20 att
340 1202 32 19 ett
388 1200 121 27 stockparti
524 1201 42 20 fätt
581 1207 90 20 passera
686 1207 26 15 en
727 1200 44 22 fors
783 1206 33 15 om
827 1199 67 27 nägra

65 1231 97 24 gvarters
185 1229 71 26 längd,
275 1228 81 22 fordrat
379 1235 27 15 en
429 1229 123 27 ersättning
572 1229 22 21 af
615 1231 75 24 12,000
711 1229 59 21 mark
790 1235 33 15 om
839 1228 54 26 året,

65 1257 122 22 oberoende
203 1257 23 22 af
239 1257 119 27 ersättning
373 1257 33 22 för
420 1257 75 27 hvarje
512 1258 74 26 skada,
604 1264 46 15 som
666 1258 140 26 strandegare
817 1263 77 20 genom

65 1287 71 21 denna
151 1286 99 27 flottning
264 1286 71 21 kunde
350 1286 50 21 lida.
424 1287 43 20 Det
482 1285 70 23 finnes
569 1289 32 19 ett
616 1288 66 20 annat
696 1286 43 26 fall,
752 1286 27 21 dä
794 1286 57 21 inom
867 1291 27 14 en

64 1315 108 26 kommun,
182 1315 63 21 hvars
255 1315 129 21 vattensträt
392 1321 38 15 var
438 1315 93 27 ungefär
539 1315 46 28 fyra
593 1315 35 21 mil
636 1315 56 27 läng,
703 1315 37 22 det
748 1314 93 22 fordrats
853 1313 41 21 och

65 1351 48 14 man
123 1344 91 26 nödgats
224 1343 85 27 erlägga
318 1350 25 15 en
352 1343 61 27 afgift
421 1343 22 22 af
451 1345 78 24 18,000
538 1344 61 21 mark
607 1344 22 21 ät
638 1343 187 28 strandegarne
797 1338 23 37 pä
831 1342 63 21 hvar-

65 1373 52 21 dera
137 1373 67 26 sidan,
220 1372 53 21 eller
292 1372 21 21 in
329 1378 83 15 summa
428 1373 79 25 36,000
523 1373 67 26 mark,
606 1372 32 22 för
654 1374 33 19 att
702 1372 105 26 flottning,
821 1370 74 21 förrän

65 1407 38 22 syn
118 1401 72 22 kunde
205 1401 108 26 förrättas,
328 1401 48 21 icke
393 1401 69 21 skulle
474 1401 159 28 omöjliggöras.
655 1402 70 21 Dessa
735 1403 78 19 tvenne
823 1405 71 15 exem-

64 1430 41 27 pel,
123 1430 32 21 till
175 1429 72 22 hvilka
265 1429 61 22 torde
342 1429 73 22 kunna
429 1429 62 27 fogas
509 1431 74 26 andra,
600 1430 61 21 torde
676 1430 74 21 bevisa
766 1430 32 21 att
813 1427 82 28 svärig-

64 1459 97 25 heterna,
176 1458 136 26 förlusterna,
328 1458 47 21 icke
391 1459 62 20 torde
473 1459 86 21 drabba
574 1459 77 21 endast
663 1459 136 26 jordegarne.
829 1457 67 21 Detta

64 1486 68 22 borde
152 1486 33 22 för
205 1486 85 26 enhvar,
307 1492 46 16 som
373 1486 48 22 haft
441 1486 85 22 tillfälle
543 1489 32 19 att
590 1489 50 25 taga
656 1487 52 21 reda
722 1486 29 27 pä
765 1485 130 22 hithörande

63 1515 155 26 förhällanden,
234 1521 52 15 vara
301 1516 31 20 ett
346 1514 90 27 faktum,
453 1514 122 28 ojäfaktigt,
593 1517 32 19 att
641 1515 27 22 de
683 1514 155 24 förhällanden,
848 1520 47 15 som

64 1544 100 26 uppstätt
184 1543 88 22 emellan
293 1543 136 27 virkesegare
445 1542 40 22 och
498 1544 124 27 jordegare,
639 1544 49 21 med
703 1542 73 28 hvarje
792 1542 23 22 är
831 1542 65 22 blifva
