1070 1739
407 139 39 18 Den
464 138 7 18 1
491 139 105 18 December.
849 135 40 20 927

94 203 47 21 icke
156 201 51 28 vilja
222 201 72 22 betala
309 201 69 22 denna
393 201 69 27 skatt;
479 201 42 22 han
537 201 62 22 torde
609 201 101 27 påminna
720 200 32 27 sig
763 201 33 20 att
807 200 40 22 den
857 199 61 27 åsigt,

95 233 34 20 att
149 231 26 21 de
196 230 78 27 fattiga
290 232 14 19 t.
321 237 17 14 o.
355 237 27 14 m.
406 230 67 21 hellre
496 231 49 26 vilja
565 231 53 26 göra
634 230 42 25 det,
701 231 26 19 än
744 229 26 22 de
785 229 52 26 rika,
854 228 66 22 också

94 260 57 27 gjort
166 259 33 27 sig
215 259 104 27 gällande,
336 259 40 21 och
392 261 33 18 att
440 259 40 21 den
498 261 23 19 är
536 259 47 21 vida
598 259 99 20 utbredd.

162 288 58 21 Herr
236 287 178 28 Godenhjelm:
444 288 41 26 Jag
501 288 38 21 ber
563 287 66 22 också
643 287 22 21 få
680 286 139 27 understödja
834 285 84 22 utskot-

94 319 43 19 tets
154 317 86 26 förslag.
271 317 41 26 Jag
334 315 33 22 för
389 317 43 20 min
455 317 34 21 del
512 317 64 27 hyser
599 316 40 21 den
658 316 90 26 åsigten,
765 317 32 19 att
812 315 37 21 det
865 314 55 21 enda

95 346 50 26 slut,
168 352 46 15 som
236 345 43 21 kan
302 346 62 25 göras
384 345 28 26 på
432 345 73 26 saken,
527 347 24 19 är
571 347 32 19 att
617 345 115 20 instämma
746 344 49 21 med
812 344 26 21 de
854 343 66 21 andra

95 374 98 26 stånden,
209 374 123 27 isynnerhet
348 380 45 15 som
408 373 105 27 förslaget
528 376 25 19 är
567 374 52 27 godt
634 373 40 22 och
686 373 32 21 till
729 373 43 21 alla
783 372 59 21 delar
852 371 66 26 lämp-

94 403 49 27 ligt;
164 409 48 15 men
225 403 37 27 jag
282 403 95 21 önskade
393 405 57 18 ännu
465 403 95 26 tillägga,
577 404 33 19 att
625 401 62 22 äfven
703 402 26 21 de
746 401 137 22 medlemmar
899 399 22 22 af

95 432 93 26 ståndet,
213 437 46 15 som
280 431 56 21 förra
359 431 89 27 gången,
473 431 27 21 då
517 431 75 27 frågan
607 437 36 15 var
657 430 52 24 före,
725 430 63 21 hafva
802 431 71 20 röstat
887 428 33 21 för

94 460 51 22 herr
160 460 132 21 Grotenfelts
308 459 84 27 förslag,
404 460 49 21 med
464 460 82 26 ganska
557 460 52 26 godt
620 461 96 19 samvete
726 465 29 15 nu
764 459 73 21 kunna
845 456 75 28 frångå

95 490 34 20 sin
145 489 65 27 åsigt;
227 490 22 26 ty
265 488 59 22 detta
340 490 23 19 är
378 489 34 21 väl
427 489 47 21 icke
491 494 26 16 en
533 488 67 22 sådan
616 487 149 28 principfråga,
782 487 38 21 der
832 486 88 22 ståndet

95 518 140 26 ovilkorligen
257 517 65 21 borde
346 518 34 20 stå
402 518 35 20 vid
461 518 42 25 det,
527 524 46 14 som
593 517 84 27 engång
692 516 39 22 har
746 516 68 22 blifvit
829 514 89 29 yttradt,

95 548 58 24 utan,
170 552 34 16 om
220 546 87 21 ståndet
322 552 28 15 nu
365 546 104 21 vidhåller
485 546 33 21 sin
533 546 58 22 förra
607 546 62 26 åsigt,
686 552 50 14 vore
752 546 37 20 det
799 545 78 21 endast
888 544 32 21 ett

96 575 70 22 envist
180 575 142 21 fasthållande
337 575 36 21 vid
389 581 26 15 en
432 575 107 27 subjektiv
557 575 91 27 mening,
670 580 46 16 som
733 574 48 21 icke
796 574 39 21 har
849 573 71 26 någon

95 604 95 27 objektiv
206 604 68 27 grund
290 603 31 22 för
336 604 39 26 sig.

164 632 56 22 Herr
243 632 74 22 Rein:
346 632 35 22 Då
402 632 40 21 här
456 632 6 21 i
478 632 43 27 dag
542 633 118 26 upprepats
680 631 134 27 påståendet,
831 632 32 20 att
879 630 41 21 den

95 661 55 22 form
171 661 33 21 för
226 661 154 27 bevillningens
404 662 121 26 utgörande
545 667 47 15 som
609 661 108 21 utskottet
732 660 96 22 förordat
851 658 69 22 skulle

94 690 85 22 hvälfva
201 690 87 21 skatten
309 690 29 27 på
356 690 26 21 de
398 690 112 26 fattigaste
527 689 220 26 samhällsklasserna,
764 689 25 21 så
804 689 38 21 ber
854 688 38 27 jag
908 688 12 20 å

94 719 43 21 min
152 718 48 22 sida
214 718 22 21 få
250 718 112 22 framhålla
378 720 38 25 att,
433 719 24 21 så
473 724 46 16 som
535 719 118 21 utskottets
670 718 80 26 förslag
758 720 23 18 är
791 716 128 28 uppställdt,

95 748 70 21 denna
180 747 115 27 bevillning
309 748 7 20 i
332 747 75 27 sjelfva
421 747 76 22 verket
513 748 40 21 blir
569 748 24 20 så
603 747 83 26 lindrig,
698 748 32 20 att
741 747 70 26 ingen,
822 746 48 20 icke
882 751 37 15 ens

95 777 41 21 den
151 776 111 27 fattigaste
285 776 41 21 kan
348 776 72 21 känna
439 776 33 26 sig
487 776 62 21 deraf
562 776 28 27 på
605 776 66 26 något
686 776 31 21 vis
733 774 115 27 betungad.
879 774 42 26 Jag

94 804 68 22 finner
185 805 37 21 det
243 804 33 22 för
298 805 42 21 min
364 805 34 21 del
420 811 52 15 vara
495 806 38 20 det
551 805 152 25 sakenligaste,
720 806 32 19 att
768 804 69 21 denna
853 802 67 28 gåfva,

95 834 86 21 hvilken
202 834 38 26 jag
262 834 110 20 betraktar
391 834 72 21 såsom
479 840 27 15 en
522 833 63 27 gåfva
600 833 21 21 af
634 832 70 22 finska
720 834 76 25 staten,
813 838 107 15 samman-

96 862 85 27 bringas
205 868 76 21 genom
304 868 25 16 en
352 862 101 27 personel
475 862 66 26 skatt,
557 862 49 27 lagd
621 862 29 27 på
665 862 99 26 samtliga
778 861 142 26 medborgare

95 892 28 26 på
146 892 32 20 ett
200 890 78 22 sådant
300 893 50 23 sätt,
370 893 32 19 att
418 892 40 20 den
473 891 49 21 icke
537 892 40 20 blir
593 891 116 27 tryckande
724 890 33 22 för
772 890 77 26 någon.
880 889 41 26 Jag

95 922 46 19 tror
156 920 24 20 så
196 920 85 26 mycket
296 920 81 21 mindre
392 921 33 20 att
441 920 26 21 de
486 919 102 27 fattigare
609 919 220 25 samhällsklasserna,
848 918 73 21 hvilka

95 949 86 20 komma
203 950 33 19 att
258 948 86 27 deltaga
359 949 6 20 i
382 948 49 21 dess
453 948 121 25 betalande,
599 948 60 21 skola
677 948 63 26 klaga
756 947 102 25 deröfver,
875 952 46 15 som

97 977 37 20 det
149 977 105 25 ändamål,
270 976 32 22 för
317 977 81 21 hvilket
414 976 76 27 gåfvan
507 977 70 21 blifvit
592 976 76 27 gifven,
682 976 47 27 just
744 976 56 21 inom
819 975 26 22 de
857 975 65 27 djupa

95 1005 89 22 lederna
198 1004 24 22 af
234 1005 48 22 vårt
296 1005 44 22 folk
357 1005 101 22 omfattas
472 1005 51 22 med
538 1012 72 15 varma
625 1005 123 27 sympatier.

164 1033 56 22 Herr
243 1034 194 27 Björkenheim,
454 1035 34 20 R.:
521 1035 56 20 Herr
592 1034 121 21 Schauman
728 1033 39 22 har
782 1031 93 28 beskyllt
895 1032 26 21 de

96 1063 139 21 medlemmar
250 1069 46 15 som
311 1063 66 21 tänka
391 1063 44 20 lika
450 1063 49 21 med
516 1063 48 26 mig,
581 1065 32 19 att
628 1062 63 21 hafva
707 1062 66 27 glömt
784 1061 41 22 den
837 1060 84 21 diskus-

97 1092 46 21 sion
166 1097 46 15 som
228 1091 6 21 i
249 1091 75 27 frågan
346 1091 119 27 försiggätt.
496 1091 57 22 Herr
569 1091 120 22 Schauman
704 1091 39 21 har
760 1091 7 20 i
782 1093 57 18 ännu
855 1089 67 27 högre

96 1120 55 21 mått
173 1120 68 27 glömt
262 1120 56 21 hvad
337 1120 39 21 här
392 1122 24 19 är
437 1119 61 27 fråga
515 1127 40 14 om.
586 1121 48 20 Man
650 1120 36 21 vill
701 1119 47 22 icke
765 1120 115 25 utestänga
896 1118 26 21 de

95 1149 78 26 fattiga
188 1148 157 22 folkklasserna
359 1149 47 21 frän
422 1150 32 19 att
470 1149 94 26 deltaga,
581 1149 24 21 sä
620 1149 84 27 mycket
720 1149 26 20 de
762 1147 55 28 vilja,
834 1147 6 20 i
851 1147 71 21 ansla-

96 1179 37 25 get
152 1177 32 21 för
200 1177 37 22 det
255 1177 161 27 ifrägavarande
432 1177 129 26 ändamälet,
579 1178 26 21 de
620 1177 63 22 hafva
698 1176 83 22 tillfälle
797 1175 72 22 dertill
885 1181 36 21 ge-

96 1212 49 15 nom
168 1206 101 28 teckning
290 1206 28 27 pä
341 1207 26 20 de
383 1205 98 22 öfverallt
496 1206 7 21 i
520 1206 73 21 landet
608 1206 88 27 spridda
711 1204 211 27 teckningslistorna,

96 1241 53 15 men:
160 1241 49 14 man
224 1235 37 21 vill
276 1235 46 21 icke
338 1237 38 24 att,
394 1235 66 21 sedan
472 1235 26 21 de
509 1234 135 27 förmögnare
655 1234 163 25 folkklasserna,
831 1233 26 21 de
868 1233 54 20 folk-

96 1263 84 22 klasser
195 1269 46 15 som
261 1263 35 21 vid
311 1263 131 27 landtdagen
462 1265 37 19 äro
521 1263 183 27 representerade,
720 1263 89 21 beslutit
825 1261 56 27 gifva
897 1267 26 16 en

97 1291 68 28 gäfva,
181 1298 48 15 man
246 1292 54 21 skall
315 1293 72 26 tvinga
403 1292 27 21 de
444 1291 80 28 fattiga
539 1294 33 19 att
587 1292 72 21 betala
674 1292 47 21 den.

165 1321 98 20 Friherre
279 1327 40 15 von
334 1321 79 26 Born,
430 1320 36 21 V.:
490 1315 72 37 Ehuru
572 1321 33 27 jag
619 1320 49 21 fullt
684 1320 39 21 och
732 1320 42 21 tast
784 1320 89 25 hoppas,
891 1319 33 20 att

97 1349 171 26 Ridderskapets
288 1349 38 22 och
343 1349 80 22 Adelns
446 1349 112 26 pluralitet
574 1349 54 22 skall
643 1349 93 21 vidhälla
752 1348 98 22 ständets
866 1347 58 20 förra

97 1377 71 22 beslut
184 1378 6 20 i
205 1377 82 27 frägan,
304 1378 24 21 sä
343 1384 64 15 anser
420 1378 37 27 jag
473 1378 57 21 dock
539 1379 36 20 det
583 1384 51 15 vara
642 1377 135 27 försigtigast
785 1378 32 19 att
826 1382 51 15 vara
886 1375 37 21 be-

97 1406 54 21 redd
166 1407 28 26 pä
210 1413 25 14 en
252 1413 69 14 annan
336 1407 91 26 utgäng;
444 1407 40 20 och
500 1407 37 20 vill
551 1407 37 26 jag
604 1406 83 21 derföre
704 1408 56 19 ännu
770 1403 113 24 framhälla
892 1405 32 20 ett

97 1435 54 20 skäl.
181 1435 44 21 Det
248 1437 30 24 är,
302 1435 142 27 synnerligast
460 1435 6 20 i
483 1435 62 21 detta
563 1435 68 26 ständ,
648 1435 114 26 angeläget
777 1435 33 20 att
825 1432 48 21 icke
889 1433 35 20 vid

97 1463 67 21 första
179 1463 102 26 vindpust
301 1463 115 27 öfvergifva
436 1463 33 21 sin
485 1464 65 26 äsigt,
567 1466 32 18 att
614 1463 46 21 icke
676 1463 36 21 vid
728 1463 63 21 dessa
807 1461 46 21 ofta
868 1461 56 21 äter-

97 1492 128 20 kommande
248 1492 150 26 inbjudningar
420 1491 75 27 frångå
512 1492 46 21 sina
574 1491 56 22 förra
645 1492 78 26 beslut,
740 1491 95 24 emedan,
853 1489 71 21 såsom

97 1520 20 21 vi
133 1520 42 21 alla
190 1522 55 24 veta,
262 1520 86 22 ståndet
364 1521 40 21 den
421 1526 40 15 ena
477 1520 72 26 dagen
568 1522 23 19 är
610 1522 140 19 sammansatt
769 1519 22 21 af
805 1520 27 19 70
848 1520 76 19 närva-

97 1548 66 21 rande
179 1548 143 27 medlemmar,
340 1550 40 20 den
400 1548 67 22 andra
487 1549 72 27 dagen
575 1548 22 21 af
612 1551 31 18 17.
660 1560 28 3 —
704 1548 80 21 Sådant
799 1546 68 27 gifver
883 1546 41 21 till-
