1070 1739
193 128 40 19 924
484 131 39 17 Den
543 130 6 18 1
569 131 105 17 December.

163 191 181 23 Statsutskottets
360 193 121 22 förfarande
497 194 92 21 rörande
597 194 69 21 denna
674 195 51 26 post
733 193 62 22 torde
804 193 106 28 svårligen
917 193 72 22 kunna

162 219 96 23 befinnas
282 221 69 22 afvika
373 222 47 21 från
442 223 55 21 hvad
519 222 243 27 finansexpeditionen
755 215 13 39 i
781 223 41 20 den
845 223 90 21 berörda
951 229 37 15 an-

162 249 140 27 märkningen
315 252 74 25 yttrat.
419 251 114 22 Utskottet
548 251 40 22 har
603 252 55 21 blott
669 251 71 27 dragit
750 251 187 27 konseqvenserna
948 252 40 21 och

161 278 49 21 med
226 278 87 27 ledning
328 279 23 21 af
364 280 26 21 de
406 286 88 15 numera
505 281 95 20 erhållna
610 280 138 27 uppgifterna
759 286 33 15 om
801 281 186 21 tullinkomsterna

161 307 33 21 för
209 307 7 20 i
231 307 23 21 år
270 308 106 27 uppvisat,
393 310 33 19 att
442 311 62 19 dessa
520 309 61 21 skola
596 309 70 22 lemna
682 309 41 21 den
738 309 7 21 i
756 309 231 28 finansexpeditionens

161 335 73 28 kalkyl
248 335 117 23 förutsatta
381 337 115 28 tillgången
511 338 33 21 till
560 338 134 21 betäckande
714 337 24 22 af
758 338 67 26 sagde
848 338 68 21 skuld.
946 338 41 21 Till

162 364 39 21 och
217 365 50 20 med
282 365 35 21 vill
333 365 37 22 det
385 372 69 21 synas,
471 369 32 18 att
519 367 187 21 tullinkomsterna
721 366 33 22 för
772 367 6 20 i
799 367 24 21 år
842 367 65 21 blifva
921 367 66 27 något

160 393 68 26 högre
251 395 27 19 än
301 394 109 22 utskottet
432 395 111 21 beräknat.
575 395 89 22 Således
683 397 25 20 är
724 395 37 21 det
776 395 34 21 väl
827 396 112 26 sannolikt,
954 397 33 20 att

160 422 70 26 någon
246 422 134 27 betydligare
397 423 34 21 del
446 424 23 20 af
483 424 69 21 denna
568 424 146 22 statsfondens
730 424 64 21 skuld
809 424 48 21 icke
873 425 61 20 torde
950 425 36 20 be-

160 450 64 21 höfva
246 450 114 22 balansera
382 452 58 21 öfver
461 452 32 22 till
517 454 32 20 ett
571 453 128 21 kommande
718 453 29 21 år.
777 453 48 21 Den
841 455 60 19 extra
915 452 70 28 utgift,

160 485 46 15 som
221 479 51 21 herr
288 480 110 22 Molander
414 480 70 22 anfört
499 482 72 20 såsom
587 482 126 21 minskande
724 482 139 27 möjligheten
874 484 33 19 att
914 482 72 21 betala

159 507 167 23 militiefondens
346 509 92 27 fordran,
459 510 78 21 verkar
556 510 48 22 icke
624 510 96 22 särdeles
736 510 90 27 mycket.
858 511 39 25 11/,
914 510 71 28 miljon

159 536 60 21 mark
242 536 32 21 uti
297 538 102 26 präglade
422 539 150 27 markstycken
595 539 75 27 skulle,
688 545 34 15 om
737 546 48 14 man
801 539 113 21 realiserar
930 539 54 26 dem,

160 565 20 21 d.
197 566 19 20 ä.
232 564 108 23 förvanlar
356 566 47 22 dem
419 568 32 20 till
467 567 150 27 silfverplants,
634 568 96 22 medföra
746 574 25 15 en
787 568 77 21 förlust
879 568 23 21 af
921 568 64 26 högst

160 595 10 19 3
188 593 12 21 &
216 595 92 25 400,000
324 596 70 26 mark;
410 602 47 15 men
473 598 32 20 att
520 597 24 21 så
560 596 78 22 förfara
653 597 48 21 med
717 596 50 22 heia
775 597 60 21 detta
845 597 77 27 belopp
934 603 50 15 vore

158 622 33 21 väl
208 622 66 22 också
290 624 94 27 onödigt,
401 625 27 21 då
444 625 36 21 det
497 625 112 21 efterhand
624 626 41 21 kan
683 626 71 20 såsom
774 630 59 22 mynt
849 625 23 22 af
889 626 94 21 rörelsen

158 651 136 22 absorberas.
325 653 32 21 En
380 653 64 27 utgift
467 656 24 19 är
513 655 37 21 det
573 655 122 27 egentligen
720 654 55 22 dock
790 654 49 22 icke
855 656 32 20 att
902 654 82 22 invexla

157 680 101 26 prägladt
273 683 59 25 mynt
346 684 46 19 mot
406 682 77 22 sedlar.

226 709 42 27 Jag
283 710 39 21 har
344 710 82 22 kanske
442 712 66 20 redan
524 712 72 21 alltför
610 712 62 26 länge
688 712 56 26 tagit
759 712 168 27 Ridderskapets
944 712 40 21 och

156 737 80 21 Adelns
253 738 94 22 tålamod
363 739 6 21 i
386 740 92 26 anspråk
493 740 33 22 för
542 741 64 21 dessa
620 741 148 26 förklaringar,
786 746 46 16 som
847 740 48 22 med
911 741 72 21 anled-

157 766 51 26 ning
228 766 22 21 af
271 767 49 21 herr
342 768 122 22 Molanders
485 769 87 21 sakrika
595 770 152 26 upplysningar
765 769 40 21 och
821 770 163 26 anmärkningar

158 797 57 19 emot
229 796 148 22 betänkandet
392 797 55 21 dock
462 798 61 22 torde
539 798 64 21 hafva
618 799 50 21 bort
683 797 97 27 afgifvas.
811 798 47 21 Den
870 798 112 21 reflektion

156 824 62 20 torde
234 824 108 22 måhända
357 826 91 26 mången
464 833 69 15 annan
549 829 60 19 utom
623 828 49 26 mig,
689 827 69 21 under
773 826 118 22 afhörande
903 827 22 21 af
934 827 49 21 herr

156 852 123 22 Molanders
295 855 99 25 yttrande
410 855 63 27 gjort,
490 857 32 20 att
537 856 60 21 detta
613 856 182 21 Statsutskottets
803 856 136 21 betänkande
950 856 32 20 till

157 887 26 15 en
198 880 157 29 öfvervägande
372 883 34 21 del
421 884 47 22 icke
484 884 69 22 skulle
569 885 55 21 varit
640 884 137 26 erforderligt
795 884 40 21 och
855 886 32 19 att
906 884 75 22 beräk-

155 909 103 27 ningarne
274 911 8 21 i
298 911 56 22 vissa
377 912 59 21 delar
456 914 52 20 utan
531 913 73 21 tvifvel
619 914 83 20 kunnat
718 913 65 21 blifva
799 913 94 27 säkrare,
910 914 72 20 derest

154 938 180 27 upplysningarne
350 940 41 21 och
406 941 123 27 kalkylerna
545 942 91 21 rörande
652 942 40 21 den
703 941 128 22 kommande
842 941 138 27 finansperio-

154 967 52 21 dens
223 967 114 27 tillgångar
353 969 40 21 och
408 969 53 27 kraf,
481 970 56 21 hade
557 971 28 26 på
600 970 90 21 förhand
711 970 120 21 meddelats
849 970 71 21 såsom
936 970 44 21 led-

154 995 51 27 ning
227 995 33 22 för
283 996 145 27 fullgörandet
451 999 22 20 af
494 999 40 21 den
557 999 171 21 Statsutskottet
744 999 65 26 enligt
825 998 10 28 $
851 1001 26 19 36
893 999 7 21 i
914 999 23 21 L.
955 999 24 21 O.

154 1024 114 27 åliggande
292 1025 90 28 uppgift.
413 1027 36 21 Uti
473 1027 26 22 de
519 1027 23 22 af
555 1028 50 21 herr
620 1027 113 22 Molander
747 1034 29 14 nu
791 1027 88 22 anförda
894 1028 86 27 upplys-

153 1053 81 26 ningar,
259 1054 71 21 såvidt
349 1055 38 27 jag
408 1055 83 22 kunnat
513 1056 55 21 fatta
591 1057 39 21 och
648 1057 93 21 bedöma
757 1056 114 27 desamma,
888 1057 42 20 kan
942 1057 38 26 jag

154 1081 55 21 dock
224 1081 33 22 för
272 1083 43 21 min
332 1083 34 21 del
381 1084 47 21 icke
444 1091 23 15 se
483 1085 69 26 någon
569 1085 64 21 orsak
649 1087 33 20 att
697 1085 94 21 förklara
799 1085 180 21 Statsutskottets

154 1110 146 27 beräkningar
322 1112 119 27 ohållbara;
464 1120 47 15 men
530 1114 71 21 såsom
614 1114 37 27 jag
666 1115 81 24 nämnt,
763 1113 64 22 utber
839 1114 37 27 jag
891 1114 42 26 mig
948 1115 33 20 att

154 1138 90 22 härnäst
259 1139 22 22 få
296 1140 144 27 komplettera
456 1142 25 21 de
497 1142 140 27 förklaringar
649 1143 37 26 jag
702 1149 29 14 nu
746 1142 46 21 haft
807 1144 52 19 äran
874 1142 83 26 afgifva.

223 1168 29 21 På
269 1169 49 21 herr
332 1169 220 23 Landtmarskalkens
568 1171 157 27 framställning
740 1171 71 22 beslöt
827 1171 86 21 ståndet
928 1171 51 21 att
969 1164 13 38 i

154 1195 95 28 enlighet
264 1198 49 21 med
328 1198 50 21 herr
393 1199 158 28 Montgomerys
567 1199 82 28 förslag
664 1200 118 27 uppskjuta
798 1200 40 21 den
853 1200 73 21 vidare
942 1200 36 21 be-

152 1224 132 28 handlingen
300 1226 59 22 såväl
375 1227 23 21 af
411 1228 180 22 Statsutskottets
608 1231 73 19 senast
696 1228 127 27 föredragna
835 1229 142 25 betänkande,

152 1259 46 15 som
214 1254 67 21 också
297 1255 61 21 detta
373 1257 95 20 utskotts
483 1257 151 22 betänkanden
650 1257 113 27 angående
777 1257 202 26 fängelseväsendet

151 1282 41 21 och
215 1283 338 29 stämpelpappersförordningen
577 1287 40 20 och
635 1286 252 26 Bevillningsutskottets
903 1286 74 21 betän-

151 1311 73 22 kande
239 1312 92 22 rörande
347 1313 134 22 sistnämnda
497 1314 129 27 förordning,
644 1315 109 21 äfvensom
769 1317 33 18 att
817 1314 112 27 godkänna
942 1315 36 20 det

151 1339 23 21 af
194 1340 50 21 herr
266 1341 147 28 Montgomery
436 1342 122 28 föreslagna
579 1343 233 27 föredragningssättet
831 1343 33 21 för
879 1343 99 26 samtliga

151 1368 64 22 dessa
233 1369 159 22 betänkanden.

218 1397 10 21 I
244 1399 154 26 sammanhang
414 1399 86 22 härmed
517 1401 40 21 och
573 1401 28 26 på
616 1401 81 26 förslag
708 1400 23 21 af
742 1400 89 22 friherre
842 1406 40 15 von
898 1400 78 27 Troil,

150 1425 21 21 S.
188 1425 40 27 W.,
244 1427 73 21 beslöt
333 1428 87 21 ståndet
434 1429 77 26 jemväl
529 1431 32 19 att
576 1429 92 22 nämnda
683 1429 160 23 betänkanden,
860 1429 70 21 hvilka
940 1435 37 15 va-

150 1453 28 21 rit
193 1455 92 26 tidigare
300 1456 118 26 bordlagda
434 1460 25 18 än
477 1457 66 27 öfriga
559 1458 30 20 till
605 1460 63 19 nästa
683 1458 88 26 plenum
787 1457 118 27 bordlagda
916 1459 61 19 ären-

150 1482 47 26 den,
214 1484 71 21 skulle
300 1484 126 28 föredragas
443 1486 86 22 framför
546 1487 25 21 de
588 1487 40 21 sist
644 1486 102 28 antydda.
