1070 1739
202 137 41 21 504
492 139 40 17 Den
549 137 11 18 8
577 138 109 18 November.

173 202 79 27 många
268 202 56 27 slags
340 201 112 23 frestelser
467 201 7 22 i
489 201 94 27 verlden,
600 207 47 16 som
662 207 49 15 man
726 200 49 22 icke
790 200 7 22 i
812 199 187 28 lagstiftningsväg

174 231 43 21 kan
238 230 138 23 förekomma.
407 230 43 21 Vill
473 237 48 15 man
542 231 47 21 åter
609 230 64 22 ställa
688 229 161 28 lagstiftningen
865 229 30 26 så,
912 230 31 20 att
958 229 41 22 den

174 260 35 21 må
224 259 74 22 utöfva
313 262 31 19 ett
363 259 108 28 paternelt
491 259 68 28 skydd
580 258 59 23 öfver
659 259 43 21 alla
717 264 67 21 svaga
799 258 125 22 karakterer
939 257 60 22 äfven

174 289 7 20 i
202 287 101 23 afseende
322 289 13 21 å
355 288 140 22 användande
515 287 22 22 af
551 288 63 21 deras
629 287 178 28 handpenningar
823 287 52 22 eller
890 287 69 26 kassa,
975 288 24 20 är

176 317 37 21 det
228 317 95 22 särdeles
339 317 149 26 ofullständigt
504 323 34 16 om
553 323 50 15 man
618 317 78 21 endast
710 316 89 21 hindrar
809 315 189 28 gårdfarihandeln.

175 346 51 21 Man
240 346 67 22 borde
322 347 74 21 utrota
411 345 170 27 landthandlare,
605 352 46 15 som
674 345 7 22 i
700 345 151 28 kyrkobyarna
866 345 40 21 och
920 345 28 27 på
963 351 36 15 an-

177 374 39 22 dra
235 375 83 26 ställen,
340 375 38 22 der
398 374 44 22 folk
462 375 43 21 kan
525 375 85 24 samlas,
627 375 91 27 utbjuda
735 374 46 21 sina
797 380 68 20 varor,
882 380 47 15 men
944 373 56 28 isyn-

176 403 77 22 nerhet
275 404 66 21 borde
364 410 50 15 man
436 403 99 28 förbjuda
557 403 189 22 handelsbodarna
767 403 7 21 i
795 403 107 26 städerna,
923 404 21 26 ty
962 404 38 19 när

177 432 130 22 landtfolket
325 432 97 22 kommer
440 432 32 22 till
491 432 83 26 staden,
591 434 24 19 är
630 432 38 22 det
683 431 113 27 vanligtvis
812 431 32 21 för
860 432 32 20 att
908 431 36 21 der
958 431 42 21 för-

178 461 54 27 sälja
252 461 47 22 sina
317 468 63 15 varor
400 461 40 22 och
459 461 91 21 sålunda
570 460 22 22 få
610 461 81 21 kassan
706 460 115 26 förstärkt;
837 460 38 22 der
890 460 68 21 mötas
975 459 26 22 de

179 490 120 22 emellertid
314 490 35 22 vid
364 490 73 27 hvarje
453 492 50 25 gata
519 489 23 22 af
556 490 92 26 butiker,
665 496 47 15 som
728 489 66 22 verka
804 488 109 22 frestande
923 488 27 27 på
961 488 39 22 den

179 519 141 22 oassurerade
335 519 145 27 inbillningen,
497 519 41 21 och
554 519 64 21 dessa
633 518 112 22 frestelser
760 518 71 21 kunna
846 518 7 21 i
871 518 83 28 mycket
963 517 38 22 hö-

179 554 38 20 gre
232 548 53 27 grad
300 548 66 27 draga
386 548 48 22 bort
456 548 125 27 penningar,
606 550 26 19 än
656 548 57 21 om
702 542 17 38 i
739 547 129 22 ödemarken
894 553 25 15 en
940 546 61 28 gård-

178 576 144 23 farihandlare
344 577 76 28 bjuder
442 579 25 19 ut
487 578 33 21 ett
535 576 74 28 stycke
625 576 97 27 sherting
738 576 53 22 eller
806 582 26 15 en
847 575 91 22 halsduk
952 575 51 22 eller

179 607 65 20 annat
260 606 70 26 smått,
346 612 46 22 som
408 606 36 22 det
459 606 71 27 någon
546 606 57 27 gång
618 606 42 21 kan
676 612 52 15 vara
743 606 44 20 rätt
802 605 39 21 bra
857 606 33 20 att
903 606 50 20 utan
966 604 36 22 be-

179 636 49 20 svär
244 635 113 21 åtkomma.
378 635 61 21 Ända
454 635 33 21 till
503 634 64 22 dessa
582 635 162 27 konseqvenser
759 634 56 22 lärer
825 634 50 21 herr
885 640 40 15 von
935 633 68 22 Bons-

179 663 56 22 dorff
249 664 19 27 ej
284 664 49 27 vilja
348 664 33 27 gå.
412 664 41 27 Jag
468 664 43 21 kan
525 663 33 22 för
573 664 43 21 min
633 663 34 22 del
683 664 48 21 icke
748 669 37 15 ens
802 662 27 28 gå
845 663 24 21 så
883 662 59 28 långt
957 668 46 16 som

178 694 33 20 att
226 698 78 21 genom
317 693 35 27 lag
367 692 108 22 förhindra
491 692 26 22 de
532 692 58 22 faror
605 692 32 22 för
648 692 171 28 sparsamheten,
831 698 46 15 som
887 692 6 20 i
904 691 48 22 herr
962 696 40 17 von

174 721 126 22 Bonsdorffs
314 721 99 28 föredrag
427 721 69 23 blifvit
511 721 115 22 skildrade.

246 750 105 28 Föröfrigt
373 750 79 22 tillåter
472 750 38 28 jag
532 750 43 28 mig
594 750 116 22 hemställa
731 756 34 16 om
780 749 48 22 icke
844 749 47 21 skäl
906 755 50 16 vore
971 750 33 20 att

177 778 77 22 främst
268 779 57 22 hålla
340 779 34 27 sig
388 780 33 20 till
438 779 41 22 den
492 778 101 28 paragraf
607 786 46 15 som
668 786 29 14 nu
714 781 24 19 är
754 778 133 27 föredragen,
899 778 104 26 nemligen

178 810 24 19 11
226 807 16 29 $,
264 808 86 22 hvilken
368 808 48 22 icke
437 808 66 27 angår
523 808 143 27 utländingar,
682 808 97 22 hvarken
795 807 143 27 arkangeliter
953 806 50 22 eller

176 836 78 28 polska
267 837 69 27 judar.
367 837 76 22 Denna
457 837 101 27 paragraf
572 836 62 27 afser,
651 837 67 27 enligt
734 836 119 22 utskottets
869 835 86 28 förslag,
971 837 33 20 att

177 866 81 21 bereda
274 866 130 28 välfrejdade
419 866 40 22 och
475 872 77 16 annars
564 865 121 28 oförvitliga
695 865 71 22 finska
778 865 140 27 medborgare
929 864 74 27 rättig-

178 894 39 22 het
237 896 33 20 att
290 895 50 21 idka
356 895 41 21 den
412 894 72 28 lofliga
499 895 80 27 näring,
596 901 46 15 som
657 894 76 22 består
748 894 39 27 uti,
803 895 32 21 att
850 894 68 21 under
932 893 71 27 kring-

179 924 111 26 vandring,
309 924 39 22 och
364 924 84 22 således
468 924 49 22 med
533 924 82 26 ganska
630 924 91 27 mycken
736 923 65 22 möda
817 922 40 22 och
871 922 83 27 besvär,
971 928 32 16 er-

178 952 67 27 bjuda
264 958 63 16 varor
348 952 22 22 åt
386 953 48 21 dem
448 959 46 15 som
510 953 73 20 kunna
598 952 92 22 behöfva
705 952 56 21 dem.
791 952 42 26 Jag
848 953 46 20 tror
909 951 47 22 icke
971 952 33 20 att

178 981 71 26 någon
266 981 56 21 skall
336 981 73 22 kunna
424 981 49 22 med
487 981 84 22 visshet
585 981 112 27 förutsäga
713 982 33 20 att
760 981 37 21 det
808 980 69 21 skulle
888 980 72 28 lyckas
972 981 33 20 att

178 1015 78 21 genom
271 1009 136 28 lagstiftning
422 1010 53 22 eller
489 1010 159 28 polisåtgärder
662 1010 78 27 bringa
755 1009 89 22 Finland
855 1009 6 21 i
873 1009 40 22 den
923 1009 81 22 undan-

178 1039 158 27 tagsställning,
358 1041 33 19 att
409 1039 55 22 intet
484 1039 134 28 utbjudande
638 1038 23 23 af
677 1045 65 16 varor
756 1038 69 22 under
839 1038 166 27 kringvandring

178 1067 40 21 här
238 1067 69 22 skulle
326 1067 103 23 behöfvas
451 1068 51 22 eller
523 1068 86 26 önskas,
630 1074 51 16 vare
700 1067 33 28 sig
748 1067 47 22 från
811 1067 63 21 deras
890 1067 52 26 sida,
959 1072 46 16 som

178 1095 50 28 vilja
243 1095 74 23 utöfva
332 1097 77 21 sådant
423 1096 86 27 förvärf,
527 1097 51 21 eller
595 1097 69 25 deras,
681 1103 47 15 som
745 1096 48 21 icke
808 1095 63 22 hafva
879 1095 83 22 tillfälle
973 1096 32 20 att

178 1125 100 26 uppsöka
299 1131 44 16 mer
363 1125 52 22 eller
434 1126 83 21 mindre
537 1125 91 28 aflägset
646 1125 86 22 boende
747 1124 108 22 handlare.
886 1124 7 21 I
904 1124 48 22 alla
968 1130 36 15 an-

178 1153 39 22 dra
236 1153 75 22 länder
331 1153 67 23 finnes
415 1155 37 21 det
467 1161 26 15 en
509 1155 63 21 talrik
588 1155 79 26 mängd
682 1153 149 28 medborgare,
847 1153 72 22 hvilka
934 1153 71 22 såsom

178 1181 83 22 förvärf
282 1182 90 23 omfatta
395 1183 78 22 sådant
495 1183 132 28 utbjudande
648 1183 22 22 af
687 1189 71 15 varor.
789 1182 68 22 Äfven
873 1182 38 22 der
924 1182 80 27 byarne

178 1212 38 20 äro
240 1211 91 28 belägna
356 1212 66 27 några
443 1212 104 21 minuters
567 1214 41 25 väg
626 1211 46 22 från
686 1211 121 22 hvarandra
823 1211 40 22 och
879 1210 126 22 landthand-

177 1239 46 22 lare
242 1239 69 23 finnas
332 1240 7 22 i
359 1240 72 28 hvarje
450 1241 34 27 by,
505 1241 100 27 erbjuder
625 1241 33 27 sig
673 1241 57 21 dock
745 1239 84 22 tillfälle
845 1241 32 20 att
893 1239 60 22 äfven
969 1245 36 21 ge-

178 1274 51 15 nom
248 1269 188 27 kringvandrande
456 1269 80 22 afsätta
555 1275 62 16 varor
635 1269 39 22 hos
691 1269 152 22 allmänheten.
873 1268 61 22 Huru
949 1274 56 21 myc-

178 1297 38 22 ket
232 1303 46 16 mer
295 1300 23 19 är
334 1298 27 21 då
376 1298 18 28 ej
412 1298 188 27 gårdfarihandeln
617 1304 26 16 en
658 1298 96 27 naturlig
770 1297 41 22 och
826 1297 94 27 behöflig
931 1297 76 27 näring

178 1325 7 22 i
207 1327 32 20 ett
260 1326 51 22 land
331 1327 43 27 der,
394 1327 25 22 så
438 1333 46 16 som
501 1333 26 15 en
541 1327 131 27 föregående
687 1327 70 22 talare
773 1326 104 26 anmärkt,
894 1325 113 23 afstånden

180 1357 36 19 äro
233 1355 28 21 så
276 1357 59 20 stora
350 1357 33 20 att
398 1363 48 14 man
463 1356 76 22 endast
554 1362 76 21 genom
646 1362 27 15 en
688 1355 131 22 tidsödande
834 1361 50 16 resa
899 1355 41 21 kan
950 1354 58 22 finna

180 1383 42 22 den
238 1390 53 15 vara
307 1391 45 15 som
369 1385 108 26 behöfves,
494 1385 70 21 såvidt
579 1391 49 15 man
644 1385 48 21 icke
708 1385 66 21 råkar
790 1390 49 16 vara
854 1384 74 21 bosatt
942 1383 7 22 i
959 1385 48 20 när-

180 1412 66 22 heten
270 1413 22 22 af
313 1414 71 27 någon
406 1413 24 22 af
448 1414 27 21 de
495 1413 117 22 tillsvidare
626 1414 82 27 ganska
724 1413 57 27 glest
797 1413 69 22 sådda
880 1412 127 22 landthand-

178 1441 54 21 lare.
248 1453 28 3 —
292 1442 41 27 Jag
354 1442 82 22 tillåter
454 1443 42 26 mig
517 1442 6 21 i
543 1442 139 27 förbigående
702 1441 104 22 anmärka
826 1443 33 20 att
875 1441 27 22 då
914 1441 43 28 jag,
974 1441 34 21 så-

180 1475 47 15 som
247 1471 92 21 medlem
359 1471 6 21 i
378 1471 40 22 den
433 1470 86 27 komité,
536 1471 84 21 hvilken
636 1471 122 28 uppgjorde
772 1470 81 27 förslag
868 1470 32 21 till
916 1470 40 21 den
971 1469 36 21 nå-

181 1498 51 27 diga
246 1499 169 27 propositionen,
431 1500 48 22 icke
494 1500 138 22 reserverade
648 1500 43 26 mig
706 1501 47 20 mot
768 1500 33 20 att
817 1498 41 22 den
873 1498 75 22 hittills
964 1498 45 27 gäl-

180 1526 65 23 lande
268 1528 162 28 bestämningen
446 1530 45 20 mot
506 1528 187 28 gårdfarihandeln
710 1528 70 22 skulle
795 1527 96 27 fortfara,
907 1534 37 15 var
959 1527 50 22 skä-
