1070 1739
377 141 39 18 Den
433 139 26 20 22
475 141 110 18 November.
834 137 39 22 121

80 204 34 21 del
131 204 22 21 af
166 205 25 21 sä
205 203 144 23 framstående
362 204 107 27 juridiska
484 203 115 28 förmågor,
616 210 46 15 som
678 210 29 15 nu
723 206 24 19 är
756 203 66 28 fallet,
834 206 23 19 är
868 203 37 22 det

79 233 50 21 med
145 240 25 15 en
185 234 43 21 viss
244 233 78 21 tvekan
335 233 37 27 jag
388 233 119 27 uppträder
521 233 48 26 här,
585 239 49 15 men
650 233 28 21 dä
693 233 43 21 min
753 232 56 27 äsigt
819 232 86 28 mycket

79 262 74 27 skiljer
172 262 33 27 sig
223 261 47 22 från
290 261 118 22 utskottets
429 261 111 27 angående
556 261 164 28 uppfattningen
738 261 22 21 af
773 261 75 27 sjelfva
863 261 40 21 den

79 291 6 20 i
100 291 60 26 fråga
174 291 94 21 varande
283 290 130 22 förseelsens
431 293 71 24 natur,
519 297 63 15 anser
596 291 38 26 jag
648 291 44 26 mig
707 290 76 27 pligtig
798 292 33 19 att
846 290 7 21 i
868 289 37 21 det

80 319 111 22 afseendet
212 319 118 22 framställa
345 319 43 21 min
408 319 61 27 äsigt.
501 320 48 21 Den
571 319 69 22 första
664 318 184 23 samhällsformen
864 317 40 22 och

79 349 41 20 den
144 349 101 26 tidigaste
268 350 30 24 är,
321 348 72 21 säsom
416 349 87 26 bekant,
527 348 101 27 familjen.
659 349 39 20 Att
714 354 26 15 en
755 348 43 21 viss
815 347 90 26 ordning

79 377 38 22 der
139 377 39 22 bör
200 383 51 16 vara
272 377 94 21 rädande
390 377 40 21 och
454 379 32 19 att
508 377 57 28 förty
583 377 105 27 familjens
710 378 118 26 styresman
849 375 55 22 skall

79 406 63 22 hafva
158 412 26 15 en
200 406 60 21 stark
276 406 123 26 auktoritet,
416 406 62 21 torde
494 406 48 21 icke
557 406 115 21 bestridas.
693 406 10 21 I
718 405 43 22 den
775 405 49 22 män
834 404 70 21 famil-

77 435 37 26 jen
137 434 105 28 öfvergätt
264 434 7 21 i
294 434 114 22 samhället
427 434 40 22 och
487 435 114 21 samhället
620 434 115 27 öfvertagit
749 434 119 21 ordnandet
883 432 23 22 af

79 463 161 22 förhällandena
258 463 57 21 inom
334 464 41 20 den
394 464 70 20 större
481 463 192 26 samhällsformen,
690 469 47 15 som
752 462 100 28 uppstätt
867 468 36 20 ge-

79 498 49 15 nom
143 492 101 28 familjers
259 492 101 27 förening,
376 492 40 21 har
430 492 106 28 familjens
553 492 74 28 styrka
643 492 40 21 och
694 492 60 21 makt
771 491 133 27 smäningom

79 520 70 22 blifvit
163 521 118 21 inskränkt.
311 521 43 21 Det
369 523 24 19 är
407 521 64 21 likväl
488 524 63 24 ännu,
569 523 45 19 tror
626 521 44 27 jag,
687 520 33 22 för
735 520 63 28 tidigt
814 522 32 20 att
859 520 45 21 helt

79 550 41 21 och
142 550 67 21 hället
231 550 99 26 borttaga
350 550 52 21 eller
417 552 33 18 att
468 550 26 21 sä
509 550 86 27 mycket
610 556 46 15 som
672 550 83 27 möjligt
769 549 92 28 upplösa
877 548 26 22 de

79 578 64 27 band,
159 585 46 15 som
224 578 64 22 hafva
306 578 157 22 sammanhällit
479 579 119 27 ordningen
613 579 57 21 inom
686 578 100 27 familjen.
817 578 40 21 Till
871 577 32 21 fa-

78 608 79 26 miljen,
177 608 7 20 i
202 608 26 21 sä
246 608 118 21 vidsträckt
376 607 143 27 bemärkelse,
535 608 70 21 skulle
618 608 38 26 jag
672 608 66 21 också
752 607 68 21 räkna
835 607 68 27 tjena-

78 642 44 15 ren.
153 636 48 22 Han
220 636 39 22 bör
278 642 50 15 vara
347 636 148 22 underkastad
516 636 42 22 den
574 636 91 27 ordning
680 636 41 22 och
737 636 104 27 disciplin,
857 642 46 14 som

78 665 57 21 inom
150 665 94 27 familjen
260 665 55 21 skall
329 672 52 14 vara
395 665 102 25 rädande,
508 672 34 15 om
557 666 48 20 icke
620 665 50 21 hela
685 665 149 21 institutionen
849 664 54 21 skall

78 694 54 21 räka
146 694 7 21 i
168 694 70 22 förfall
254 694 40 21 och
309 694 108 27 upplösas,
434 694 40 21 och
489 694 87 22 hvilken
591 694 53 27 följd
660 694 37 21 det
712 694 69 21 skulle
796 693 63 21 hafva
869 699 34 15 om

77 722 241 28 familjeinstitutionens
334 722 58 22 band
407 723 70 21 skulle
493 723 59 21 lösas
569 723 40 21 och
624 722 125 22 densamma
767 722 80 22 förlora
870 722 33 21 sin

79 752 117 27 betydelse,
213 752 61 21 torde
287 752 37 26 jag
339 752 47 20 icke
401 751 93 22 behöfva
509 752 91 27 päpeka.
630 752 42 26 Jag
690 758 63 15 anser
768 758 25 14 en
809 751 94 27 tjenares

78 780 126 27 förlöpande
220 780 22 22 af
256 780 32 22 sin
304 780 66 27 tjenst
385 780 53 22 eller
451 780 107 28 brytande
574 780 23 22 af
609 780 102 28 legoaftal
726 780 23 22 af
762 780 84 25 honom,
868 779 34 21 sä-

78 815 47 15 som
147 809 93 21 varande
260 816 26 14 en
304 809 91 21 medlem
411 808 23 22 af
446 808 96 28 familjen
558 810 41 21 och
614 810 118 20 arbetande
747 808 33 22 för
795 809 50 21 dess
860 808 42 22 för-

77 838 81 26 kofran,
174 839 78 26 utgöra
266 838 47 21 icke
328 838 56 21 blott
400 840 32 19 ett
446 838 183 26 kontraktsbrott,
646 838 28 27 pä
689 840 44 19 sätt
748 838 108 21 utskottet
864 837 39 21 har

78 867 80 21 uttalat
173 867 71 21 säsom
260 866 33 22 sin
308 866 88 28 princip,
416 868 52 20 utan
485 868 34 20 ett
533 868 60 20 brott
607 871 46 17 mot
668 867 123 27 ordningen,
809 866 94 27 discipli-

77 901 42 15 nen
134 896 57 21 inom
206 895 99 28 familjen,
322 895 41 21 den
378 894 70 22 första
462 895 84 22 formen
563 896 22 21 af
599 896 113 21 samhället
745 896 84 21 Sädana
844 895 59 21 brott

76 926 46 19 mot
145 924 113 22 samhället
280 924 84 22 straffas
388 926 85 25 strängt
497 925 40 21 och
561 925 37 21 det
620 924 49 22 med
689 926 65 25 rätta,
771 924 88 22 emedan
875 924 27 21 de

76 953 53 21 hota
143 953 124 21 samhällets
284 953 98 21 existens.
413 953 31 20 På
460 953 72 21 denna
548 953 69 27 grund
633 953 69 21 skulle
716 954 37 26 jag
768 953 67 21 också
851 958 52 15 anse

77 983 33 20 att
125 983 32 20 ett
172 982 50 21 vida
236 983 111 25 strängare
364 981 66 26 straff,
447 983 27 19 än
491 982 43 26 det,
552 988 46 15 som
614 982 94 21 drabbar
722 981 105 26 brytande
839 981 22 22 af
871 983 32 19 ett

76 1011 81 26 vanligt
172 1010 108 26 civilaftal,
296 1011 39 20 bör
351 1010 83 21 drabba
450 1010 48 26 den,
515 1017 46 15 som
582 1011 73 27 bryter
673 1012 45 20 mot
736 1010 105 27 familjens
853 1010 49 21 ord-

76 1039 51 27 ning
143 1039 39 21 och
198 1039 104 26 disciplin.
322 1039 47 21 Den
384 1045 29 15 nu
429 1039 101 26 gällande
545 1040 64 26 lagen
624 1039 8 21 i
646 1039 139 22 förevarande
796 1039 36 21 fall
843 1039 60 21 stad-

77 1074 38 20 gar
137 1068 63 21 böter
222 1068 71 21 säsom
315 1067 62 22 straff
397 1067 33 22 för
450 1068 61 21 brott
530 1068 22 21 af
565 1068 139 22 förevarande
720 1070 34 19 art
768 1068 40 21 och
823 1069 79 20 ersätt-

76 1096 190 28 ningsskyldighet.
297 1096 33 21 Nu
354 1099 23 18 är
397 1096 38 21 det
455 1097 90 21 allmänt
564 1097 87 26 bekant,
666 1097 56 21 huru
738 1097 52 21 liten
804 1096 98 27 förmäga

76 1127 33 19 att
127 1125 87 27 erlägga
233 1125 62 22 böter
312 1125 51 21 eller
383 1125 122 27 ersättning
520 1126 38 21 vär
573 1126 100 27 tjenande
688 1126 59 21 klass
763 1126 6 21 i
785 1125 118 22 allmänhet

76 1154 48 26 har;
149 1154 63 21 dessa
235 1153 62 22 straff
316 1153 122 22 förvandlas
462 1154 88 22 säledes
571 1155 32 20 till
618 1154 103 27 fängelse.
751 1155 95 21 Böterna
861 1154 41 21 och

77 1183 145 26 ersättningen
245 1182 33 21 fär
299 1182 127 22 husbonden
448 1183 42 21 ock
515 1189 51 15 vara
584 1185 58 19 utan.
673 1184 44 21 Det
736 1182 165 28 fängelsestraff,

75 1211 86 22 hvartill
183 1212 91 21 böterna
288 1211 128 26 förvandlas,
436 1211 43 21 kan
500 1211 33 22 för
548 1212 98 27 mängen,
662 1218 33 15 om
712 1212 36 22 det
763 1211 96 22 inträffar
873 1212 30 27 pä

76 1247 27 14 en
119 1241 66 20 sädan
201 1240 32 21 tid
249 1240 27 21 dä
292 1240 72 21 arbete
380 1242 24 19 är
420 1240 89 21 svärare
525 1242 32 19 att
572 1241 67 26 tillgä,
655 1247 51 15 vara
722 1247 26 15 en
763 1241 82 27 ganska
859 1240 43 27 god

75 1269 85 27 tillflykt
182 1269 71 21 undan
273 1268 76 21 nöden.
381 1268 89 22 Således
495 1269 70 22 skulle
585 1270 38 27 jag
641 1269 34 22 för
693 1270 42 21 min
752 1269 34 22 del
801 1275 52 16 anse
869 1271 33 19 att

74 1297 182 28 fängelsestraffet
270 1297 7 21 i
293 1297 36 21 det
343 1297 51 21 hela
411 1297 39 21 bra
465 1297 51 22 litet
530 1298 83 26 verkar,
630 1300 51 19 utan
698 1299 36 21 det
749 1299 7 20 i
771 1298 130 27 propositio-

74 1333 42 14 nen
131 1326 122 27 föreslagna
268 1325 83 22 straffet
366 1325 22 22 af
400 1326 183 22 korrektionshus
594 1333 51 15 vara
656 1329 32 19 att
698 1327 118 26 föredraga.
840 1326 62 21 Dock

75 1355 35 21 vill
124 1355 37 27 jag
176 1355 48 21 icke
240 1356 58 20 sätta
312 1355 42 26 mig
370 1356 45 19 mot
430 1355 122 22 utskottets
563 1355 81 27 förslag
654 1355 120 28 härvidlag;
783 1356 38 27 jag
831 1355 70 21 skulle

75 1384 78 21 endast
176 1384 68 21 önska
264 1385 33 20 att
314 1383 35 21 vid
368 1383 102 22 iteration
487 1383 24 22 af
525 1384 82 21 sädana
621 1385 65 25 brott,
703 1385 27 20 dä
746 1385 36 20 det
797 1384 57 21 visar
869 1383 33 27 sig

75 1414 32 19 att
126 1413 48 26 den,
190 1419 46 14 som
255 1418 26 15 en
297 1412 56 27 gäng
367 1411 70 22 blifvit
453 1412 90 22 straffad
558 1413 33 21 för
607 1419 25 15 en
648 1413 68 21 sädan
732 1412 169 28 oregelbunden-

74 1441 43 26 het,
139 1443 56 20 ännu
216 1441 73 21 vidare
307 1441 72 26 bryter
396 1442 46 19 mot
462 1447 84 16 samma
561 1441 80 27 lagbud
657 1441 40 22 och
713 1442 47 21 icke
775 1442 42 21 kan
833 1441 69 21 korri-

74 1476 62 20 geras
153 1476 77 20 genom
246 1471 31 19 ett
291 1469 81 21 mindre
388 1469 68 25 straff,
472 1470 81 26 kunde,
565 1470 28 27 pä
603 1472 45 19 sätt
658 1471 6 20 i
675 1471 161 26 propositionen
845 1469 56 22 före-

74 1498 83 27 slagits,
181 1498 71 21 säsom
274 1496 125 23 lösdrifvare
421 1498 130 26 behandlas;
571 1498 39 22 och
633 1498 96 22 anhäller
746 1498 37 27 jag
796 1498 57 28 förty
869 1500 33 19 att

73 1526 116 28 höglofliga
204 1526 158 26 Ridderskapet
378 1526 40 21 och
433 1526 72 22 Adeln
520 1527 50 21 ville
590 1528 79 26 antaga
685 1527 65 21 andra
765 1533 62 15 mom.
843 1527 8 21 i
866 1528 34 20 ut-

73 1555 94 21 skottets
183 1554 134 22 betänkande
332 1554 49 22 med
390 1554 38 22 det
436 1554 79 28 tillägg
525 1557 38 25 att,
577 1556 3 20 i
591 1556 104 22 händelse
706 1556 131 27 tjenstehjon
847 1562 54 20 upp-
