1070 1739
387 119 39 17 Den
442 117 12 18 8
470 118 109 17 November.
822 116 41 19 539

73 182 76 21 sådant
167 182 81 27 tillägg,
268 187 46 15 som
333 181 107 21 utskottet
458 180 8 21 i
482 186 77 16 senare
573 181 119 21 momentet
706 179 118 28 föreslagit,
841 186 52 16 vara

73 209 127 29 fullkomligt
215 211 27 26 på
258 209 32 22 sin
305 209 63 27 plats,
385 209 40 22 och
439 209 43 21 kan
497 209 50 22 icke
560 209 69 21 heiler
643 209 58 21 finna
713 211 34 20 att
757 209 36 22 det
804 209 89 22 anförda

74 240 105 27 exemplet
194 246 35 15 om
244 239 32 21 ett
290 238 112 21 utländskt
416 238 76 27 fartyg,
509 244 47 15 som
573 237 69 22 skulle
657 238 59 21 lossa
732 244 27 15 en
775 238 34 21 del
825 237 22 22 af
860 238 32 21 la-

73 269 48 20 sten
136 269 7 20 i
158 275 26 15 en
199 269 64 20 hamn
282 267 38 21 och
336 273 26 15 en
377 273 70 15 annan
462 267 35 21 del
512 267 7 20 i
535 273 27 14 en
578 273 76 20 annan,
670 267 70 21 skulle
755 267 90 22 hänföra
860 267 33 26 sig

74 297 31 20 till
119 297 106 27 seglation
244 295 89 22 emellan
352 295 112 22 inhemska
479 295 90 22 hamnar
585 295 52 22 eller
652 301 16 16 s.
684 295 21 21 k.
721 295 99 22 kustfart.
851 295 42 27 Jag

74 325 116 28 tillstyrker
206 324 84 23 säledes
305 325 97 26 tillägget
417 324 7 21 i
439 324 120 21 utskottets
575 324 144 21 betänkande.

141 354 55 22 Herr
210 360 43 15 von
267 353 149 22 Bonsdorff:
433 353 42 26 Jag
490 355 24 19 är
529 353 68 21 redan
610 352 147 22 förekommen
771 352 23 22 af
802 352 90 23 friherre

73 389 42 15 von
129 383 63 22 Troil.
224 382 71 21 Orden
312 382 117 27 ,seglation
444 382 91 21 emellan
553 381 113 22 inhemska
682 382 77 24 orter*,
775 388 46 15 som
837 381 55 22 före-

73 412 85 21 komma
179 412 7 21 i
208 412 122 25 momentet,
353 410 67 22 borde
442 410 48 22 icke
509 411 74 21 kunna
601 410 139 27 missförstås,
757 411 71 21 såsom
843 411 50 21 herr

74 440 110 22 Molander
198 440 89 27 antagit,
304 439 40 22 och
358 439 119 21 utskottets
493 439 128 27 motivering
632 438 94 28 angifver
737 438 62 23 äfven
809 439 83 28 tydligt,

74 469 57 22 hvad
149 470 49 21 med
218 469 64 21 dessa
300 468 38 22 ord
358 467 64 27 afses,
439 468 27 21 då
482 468 39 22 der
535 468 107 27 nemligen
658 468 45 21 står
720 485 7 9 ,
732 468 107 22 utskottet
854 468 39 21 har

74 497 33 22 för
124 498 32 22 sin
177 498 35 22 del
230 497 48 22 icke
292 497 82 21 kunnat
389 496 133 22 annorlunda
537 496 69 22 förstå
620 496 118 22 innehållet
753 497 22 21 af
789 497 71 21 denna
875 496 16 28 $,

74 528 27 20 än
124 528 32 20 att
178 528 41 20 den
241 526 102 22 innebure
358 526 103 26 rättighet
476 525 33 22 för
523 526 91 21 sålunda
630 525 137 27 qvalificerad
781 526 112 26 utländing

73 557 38 25 att,
133 556 79 27 jemväl
233 555 50 21 med
304 554 78 22 honom
404 554 115 27 tillhöriga,
540 554 68 22 under
622 554 104 22 utländsk
741 554 56 28 flagg
809 554 84 28 gående

73 584 76 28 fartyg,
164 584 40 22 här
218 584 7 21 i
240 584 73 21 landet
326 583 51 22 idka
392 582 75 29 sjöfart
483 583 91 22 emellan
589 583 112 22 inhemska
715 585 64 20 orter.
809 584 34 21 Då
859 583 34 22 så-

75 613 52 21 dant
149 613 64 21 likväl
235 613 71 21 kunde
328 612 50 22 leda
397 612 33 22 till
445 613 57 21 stort
516 612 85 27 förfång
615 612 33 22 för
664 612 26 22 de
705 612 112 22 inhemska
831 613 62 21 rede-

73 642 77 26 rierna,
166 642 40 21 och
222 642 37 21 det
275 641 109 22 dessutom
399 647 62 21 synes
477 647 52 15 vara
544 640 150 28 tvifvelaktigt,
705 641 106 22 huruvida
821 647 27 15 en
859 641 34 21 så-

75 671 41 21 dan
131 672 44 20 rätt
189 670 33 22 för
236 670 111 27 utländing
361 670 8 21 i
383 670 164 27 propositionen
562 670 83 26 afsetts,
658 672 51 19 enär
719 670 37 21 det
767 670 127 21 derutinnan

74 699 33 21 för
128 700 133 21 närvarande
283 698 98 28 gällande
404 698 77 22 förbud
504 699 48 21 icke
571 698 144 28 uttryckligen
730 698 109 28 upphäfts,
855 699 39 21 har

74 728 71 22 denna
159 728 11 27 $
186 728 153 26 omredigerats
355 728 87 26 derhän,
458 728 35 20 att
506 728 114 26 utländing
634 728 35 21 väl
679 727 114 22 förklarats
804 728 89 21 berätti-

74 757 42 26 gad
138 758 32 20 att
191 756 53 22 reda
266 757 6 21 i
295 756 73 28 skepp,
389 763 49 15 men
453 756 105 27 sjöfarten
573 756 91 22 emellan
680 756 111 22 inhemska
805 756 89 22 hamnar

75 785 96 22 deremot
185 785 132 22 förbehållits
333 785 77 22 endast
425 785 83 21 sådana
522 784 77 28 fartyg,
614 784 34 22 för
662 785 74 21 hvilka
746 785 55 22 finsk
811 788 83 26 man
869 780 29 38 är

73 814 157 22 hufvudredare
247 814 51 22 eller
313 820 46 15 som
375 816 37 19 äro
429 814 181 22 hemmahörande
625 814 8 21 i
648 814 178 28 kejsaredömet.*
857 813 37 23 Äf-

74 849 40 15 ven
129 849 34 15 om
178 844 127 20 momentets
320 843 82 27 lydelse
416 842 73 22 kunde
505 842 139 27 missförstås,
660 843 82 22 hvilket
752 843 38 27 jag
799 843 48 21 icke
857 843 36 21 vill

73 873 40 25 tro,
130 872 85 27 angifva
228 872 24 27 ju
267 872 117 21 motiverna
399 872 95 27 tydligen
509 872 57 22 hvad
580 872 40 21 här
634 878 81 15 menas.

142 901 55 21 Herr
216 900 135 22 Mechelin:
374 900 42 22 För
435 901 44 21 min
498 901 35 21 del
549 900 69 22 skulle
632 900 36 28 jag
683 900 57 22 finna
756 900 93 27 önskligt
863 902 32 20 att

75 929 61 21 ordet
152 930 130 26 ,seglation*
299 928 69 23 blefve
379 930 73 26 utbytt
462 931 60 20 emot
532 929 63 22 ordet
607 929 126 27 ,kustfart*,
746 930 71 21 såsom
827 930 67 26 lämp-

73 958 68 27 ligare
163 958 40 21 och
226 958 88 21 säkrare
332 957 161 28 förebyggande
514 958 68 22 sådan
598 958 72 27 möjlig
686 958 95 27 tolkning
797 957 22 22 af
832 964 60 21 para-

75 986 80 27 grafen,
172 993 46 15 som
232 986 50 22 herr
296 986 111 22 Molander
423 988 74 20 ansett
511 987 74 21 kunna
600 993 40 20 ega
654 993 53 15 rum.
737 987 44 22 Det
796 989 23 19 är
835 987 59 21 dess-

73 1017 61 19 utom
156 1021 26 16 en
204 1017 61 25 term,
282 1021 45 16 som
347 1015 47 28 just
415 1016 7 21 i
442 1017 22 26 ty
479 1015 39 22 fall
534 1018 23 19 är
572 1016 131 27 vedertagen
718 1016 40 21 och
772 1016 123 27 lämpligast

74 1044 62 21 torde
152 1044 104 27 återgifva
272 1044 40 21 den
326 1044 7 21 i
349 1044 27 21 de
391 1044 176 22 internationella
581 1045 135 21 traktaterna
730 1044 131 27 begagnade.

143 1073 56 22 Herr
213 1073 187 28 Montgomery:
414 1073 42 27 Jag
471 1073 58 22 skall
543 1073 28 22 be
587 1073 21 21 få
622 1073 85 22 biträda
717 1073 50 22 herr
777 1073 117 22 Mechelins

74 1101 87 28 förslag,
178 1104 32 19 att
225 1102 75 27 utbyta
315 1102 61 21 ordet
393 1102 133 27 ,seglation*
537 1104 58 19 emot
610 1101 127 28 ,kustfart*,
754 1109 46 15 som
814 1102 81 27 precist

75 1129 41 23 och.
131 1132 105 25 noggrant
251 1131 109 27 uttrycker
374 1131 62 28 hvad
446 1137 50 15 man
512 1131 37 22 vill
564 1133 57 25 säga.

143 1159 56 22 Herr
221 1165 41 16 von
281 1159 119 22 Hellens:
423 1159 69 22 Äfven
507 1159 44 28 mig
565 1159 109 22 företaller
688 1160 109 27 uttrycket
813 1160 82 26 ,segla-

75 1187 46 22 tion
144 1188 90 21 emellan
255 1188 111 21 inhemska
388 1189 78 26 orter",
490 1188 49 22 icke
561 1195 52 15 vara
631 1189 34 21 väl
684 1189 64 26 valdt,
764 1189 29 27 på
808 1189 26 20 de
850 1189 46 21 skäl

75 1217 50 21 herr
139 1217 112 22 Molander
265 1216 121 27 framhållit,
404 1217 40 22 och
459 1223 66 16 anser
541 1217 61 22 äfven
613 1217 38 28 jag
666 1217 119 22 detsamma
799 1217 53 22 böra
863 1219 33 19 ut-

75 1245 62 27 bytas
153 1247 58 20 emot
224 1245 125 28 lämpligare
363 1246 156 27 uttryckssätt;
535 1246 83 21 kanske
632 1246 73 21 kunde
720 1247 63 21 ordet
795 1245 100 27 kustfart,

76 1280 46 15 som
145 1274 21 21 af
183 1275 68 26 några
270 1275 64 21 ärade
354 1274 69 22 talare
437 1274 132 28 föreslagits,
584 1281 52 15 vara
651 1274 110 29 tillfyllest,
777 1281 49 15 men
842 1275 54 21 dock

76 1303 70 22 skulle
158 1303 37 27 jag
210 1303 33 22 för
257 1303 43 22 min
315 1303 34 22 del
364 1303 109 28 tillstyrka
490 1305 33 20 att
541 1305 118 20 momentet
673 1303 67 22 bellre
755 1303 141 22 återremitte-

75 1331 63 22 rades
154 1332 33 21 till
201 1331 107 22 utskottet
322 1331 33 22 för
369 1332 166 27 omredigering.

144 1361 56 21 Herr
215 1360 23 22 af
250 1361 138 26 Forselles,
404 1361 66 21 Emil:
487 1361 44 22 För
545 1361 44 21 min
605 1361 34 22 del
654 1361 69 22 skulle
736 1361 38 28 jag
788 1360 7 21 i
805 1361 92 21 motsats

75 1390 46 21 mot
141 1389 40 22 den
201 1389 129 27 föregående
349 1389 83 22 talaren
449 1389 60 22 finna
523 1390 38 21 det
573 1395 52 16 vara
640 1390 129 27 tillräckligt,
787 1395 34 16 om
837 1389 61 22 ordet

77 1417 132 28 »,Seglation"
226 1419 86 26 utbytes
335 1420 58 20 emot
413 1418 122 27 ,kustfart*
553 1417 40 23 och
608 1419 39 21 ber
659 1418 22 22 få
695 1418 139 27 understödja
848 1418 51 22 herr

75 1446 118 22 Mechelins
208 1446 86 27 förslag.

144 1475 56 21 Herr
214 1475 147 22 Molander:
382 1475 41 27 Jag
438 1477 24 20 är
477 1475 70 21 också
562 1480 52 16 ense
628 1476 50 21 med
693 1475 108 27 åtskilliga
815 1475 83 27 föregå-

76 1504 55 21 ende
153 1504 68 22 talare
244 1504 73 22 derom
339 1505 33 20 att
387 1504 63 22 ordet
469 1503 122 27 ,kustfart*
607 1504 120 27 preciserar
745 1504 37 22 det
796 1504 101 27 begrepp,

76 1538 46 16 som
145 1538 49 16 man
214 1533 63 22 söker
293 1532 109 28 återgifva,
418 1539 49 15 men
482 1532 73 22 skulle
571 1532 54 22 dock
640 1532 74 23 förena
727 1533 43 27 mig
785 1533 50 22 med
849 1533 50 21 herr
