1070 1739
382 145 38 18 Den
440 144 7 18 1
466 143 106 20 December.
824 143 40 20 933

71 207 23 20 åt
109 207 32 26 sig
156 207 49 20 mitt
220 207 105 26 yttrande,
341 207 23 21 åt
379 207 33 21 sin
426 213 80 21 person
523 207 40 21 och
579 207 23 21 åt
618 207 40 21 den
675 208 67 21 andra
756 207 138 22 ledamoten
880 203 19 35 i

71 235 87 21 ståndet
174 241 46 15 som
235 235 103 22 bekläder
353 242 26 15 en
394 237 176 26 guvernörspost.
593 236 42 27 Jag
650 237 39 20 har
696 236 56 21 blott
761 237 67 26 yttrat
837 235 58 27 mig
883 231 15 36 i

71 264 39 21 sak
126 264 40 21 och
180 264 48 21 icke
244 271 34 14 om
293 270 84 21 person.
408 265 42 26 Jag
465 265 40 20 har
519 265 47 21 icke
582 265 48 21 med
646 267 33 18 ett
694 265 38 21 ord
748 267 73 18 nämnt
832 265 64 21 dessa

71 293 64 21 ärade
158 293 74 21 herrar
254 295 138 25 guvernörer;
413 293 37 27 jag
472 293 41 21 har
534 293 55 22 talat
612 299 34 16 om
660 293 179 28 länestyrelserne
855 293 40 21 och

71 323 49 25 sagt
135 323 33 20 att
183 322 37 21 det
230 322 114 27 möjligtvis
361 322 69 21 skulle
447 323 54 25 göra
517 322 180 27 länestyrelserne
712 329 59 14 mera
785 322 60 25 bråk,
861 328 34 15 om

71 350 304 27 vägbyggnadsskyldigheten
390 351 122 21 fördelades
527 351 28 27 på
571 351 37 21 det
623 351 23 21 af
656 351 109 21 utskottet
775 351 120 26 föreslagna

72 381 73 24 sättet,
169 385 49 15 men
240 379 123 27 derigenom
384 379 65 22 likväl
465 379 49 22 icke
529 379 119 28 ifrågasatt,
666 381 32 20 att
710 380 38 27 jag
763 380 47 21 icke
825 379 69 22 skulle

72 415 51 14 vara
145 407 125 28 öfvertygad
292 410 32 19 att
345 408 182 27 länestyrelserne
550 409 41 21 och
612 409 74 26 hvarje
709 410 105 25 guvernör
829 414 66 21 gerna

72 436 133 22 underkasta
220 436 32 27 sig
269 439 31 19 ett
315 436 77 22 sådant
406 437 55 21 bråk
476 443 35 15 om
527 437 169 27 vägbyggnaden
715 436 68 22 blefve
797 437 84 21 lättare.

141 465 60 21 Efter
223 465 87 21 härmed
334 465 93 22 afslutad
450 466 124 21 diskussion
589 466 111 27 upplästes
716 466 32 21 till
763 466 132 22 besvarande

73 500 25 15 en
114 494 133 27 proposition
262 494 23 21 af
298 494 92 27 följande
406 494 91 22 innhåll:

143 523 65 26 »Den,
225 529 46 15 som
286 523 124 27 godkänner
426 525 10 19 1
450 529 65 15 mom.
527 523 21 21 af
559 526 11 18 3
580 523 10 28 $
599 523 21 21 af
627 525 154 20 sammansatta
789 524 54 27 Lag-
855 522 40 23 och

71 552 225 21 Ekonomiutskottets
307 552 136 21 betänkande
454 552 112 26 angående
576 555 66 24 vägar
651 552 39 22 och
701 553 69 25 broar,
782 558 73 16 svarar
862 552 32 27 ja;

141 581 74 21 vinner
229 581 41 27 nej,
287 583 88 25 antages
393 583 8 19 1
420 581 41 21 och
477 582 13 20 2
506 588 84 14 momm.
606 582 6 20 i
628 587 82 15 samma
724 581 100 27 paragraf
836 582 7 20 i
858 581 37 21 nå-

73 609 50 27 diga
137 610 181 26 propositionen".

142 638 40 21 Vid
198 638 92 21 anställd
305 638 97 27 votering
418 638 75 22 utföllo
509 640 100 20 rösterna
627 638 49 22 med
694 641 24 19 19
732 639 24 27 ja
770 639 41 21 och
825 640 13 20 9
853 638 42 27 nej,

73 667 32 21 till
121 666 51 28 följd
188 667 77 21 hvaraf
277 667 118 21 utskottets
411 667 82 27 förslag
508 668 7 20 i
531 668 69 21 denna
616 668 33 21 del
665 674 37 15 var
716 668 115 27 godkändt.

142 698 12 19 2
170 702 63 15 mom.
250 698 11 19 3
278 695 10 28 $
304 696 124 26 godkändes
444 698 53 19 utan
517 696 139 22 disskussion.

142 724 81 22 Likaså
230 724 124 28 godkändes
363 727 52 19 utan
426 725 141 27 anmärkning
577 724 23 28 $$
609 727 54 19 4—5
674 728 56 18 samt
739 727 9 19 1
758 732 61 14 mom.
829 724 23 22 af
858 724 11 28 $
877 726 18 20 6.

141 753 137 21 Beträffande
294 754 12 20 2
322 759 62 15 mom.
399 754 22 21 af
435 753 11 27 $
463 756 11 19 6
491 754 86 26 yttrade

142 782 56 22 Herr
211 788 41 15 von
268 782 123 22 Kremer:
422 782 41 26 Jag
487 782 69 22 skulle
579 783 50 27 vilja
644 782 79 22 föreslå
746 782 39 22 den
801 782 95 27 ändring,

75 812 32 20 att
123 810 37 22 det
180 812 83 26 engång
284 810 33 22 för
339 811 41 21 alla
403 811 70 21 skulle
497 811 130 22 bestämmas
651 812 30 24 så,
697 814 33 18 att
745 818 24 15 en
785 814 41 24 väg
842 811 55 21 skall

74 846 76 20 grusas
173 840 32 20 till
227 840 50 21 hela
296 840 32 20 sin
347 840 73 25 bredd,
438 840 67 21 sedan
521 840 42 21 den
579 840 83 27 engång
677 843 24 18 är
715 840 76 28 byggd,
808 840 89 21 emedan

75 868 37 21 det
127 868 40 21 blir
190 875 26 15 en
239 869 48 21 svår
309 868 103 27 pröfning,
429 868 86 22 hvilken
534 869 96 21 kommer
645 871 33 19 att
692 869 50 21 leda
756 869 31 21 till
803 869 95 26 ständigt

75 897 107 27 missnöje,
198 898 78 20 besvär
291 897 38 21 och
346 897 150 26 ledsamheter,
514 904 34 14 om
564 900 131 24 guvernören
712 898 53 21 skall
782 897 33 22 för
824 898 73 26 hvarje

74 928 41 24 väg
129 926 126 26 bestämma,
272 926 32 21 till
322 926 85 21 hvilken
424 926 68 21 bredd
509 927 41 20 den
569 926 54 21 skall
639 933 81 20 grusas.
751 926 42 22 D6t
807 926 41 22 blir
863 932 34 15 se-

75 955 40 20 dan
138 954 60 27 fråga
221 961 33 14 om
278 955 37 20 det
330 954 54 21 skall
405 954 64 21 blifva
486 955 82 20 midten
584 955 52 21 eller
651 961 40 15 ena
711 955 60 21 sidan
787 954 22 22 af
823 957 73 24 vägen,

75 989 45 15 som
136 983 55 21 skall
206 989 81 21 grusas.
317 983 49 21 Med
384 985 31 19 ett
428 983 38 21 ord
480 983 39 27 jag
534 990 63 15 anser
612 985 33 20 att
662 986 92 25 vägarne
769 983 66 22 också
850 983 47 22 icke

75 1012 6 21 i
96 1012 92 27 längden
211 1012 72 21 kunna
304 1012 33 21 väl
354 1012 144 25 underhållas,
515 1018 34 15 om
565 1012 26 21 de
607 1013 47 21 icke
672 1015 36 18 äro
721 1013 69 26 jemnt
805 1012 92 27 grusade

75 1040 58 22 öfver
148 1040 49 22 hela
213 1041 32 21 sin
260 1041 72 21 bredd.

142 1069 56 21 Herr
213 1069 104 22 Brakel:
348 1069 38 22 Att
401 1069 106 27 stipulera
523 1076 26 15 en
565 1070 67 21 sådan
650 1069 128 27 förordning,
795 1076 46 15 som
856 1070 41 21 den

74 1098 129 27 föregående
219 1099 65 21 ärade
300 1098 81 22 talaren
397 1098 120 27 föreslagit,
533 1099 111 26 nemligen,
662 1101 32 18 att
705 1099 48 21 hela
762 1101 68 24 vägen
841 1098 55 21 skall

75 1133 83 21 grusas,
174 1133 64 15 anser
250 1127 38 27 jag
303 1133 50 15 vara
369 1133 26 15 en
411 1127 132 27 omöjlighet,
560 1129 22 26 ty
595 1127 37 27 jag
647 1127 35 22 vill
698 1127 63 27 påstå
774 1129 32 19 att
815 1127 83 26 knappt

75 1157 69 26 någon
160 1158 40 25 väg
216 1158 24 19 är
249 1155 47 22 fullt
307 1155 80 28 grusad
397 1155 32 21 till
440 1156 50 21 hela
502 1157 49 20 dess
562 1156 74 21 bredd.
662 1156 41 21 För
714 1158 32 19 att
757 1156 76 21 sådant
844 1155 54 22 skall

75 1185 72 21 kunna
156 1185 134 26 verkställas,
303 1185 37 21 bör
352 1185 36 21 det
398 1185 131 21 åtminstone
541 1185 71 21 anslås
624 1185 69 27 någon
704 1185 92 21 särskild
807 1191 89 19 summa,

75 1213 33 22 för
123 1215 33 20 att
170 1213 42 21 alla
226 1215 67 25 vägar
307 1213 54 22 först
376 1213 62 21 skola
452 1213 77 22 ställas
545 1214 7 21 i
569 1214 36 21 det
620 1214 66 25 skick,
706 1216 32 19 att
756 1213 26 22 de
798 1215 36 20 äro
850 1213 49 21 fullt

75 1243 98 26 grusade,
190 1249 48 14 men
254 1244 32 19 att
302 1242 76 27 ålägga
393 1241 26 22 de
434 1242 252 27 vägbyggnadsskyldige
706 1244 32 19 ett
752 1242 77 21 sådant
844 1247 53 16 onus

75 1273 34 20 att
123 1273 52 19 nära
190 1277 42 21 nog
247 1271 53 27 ånyo
316 1271 70 27 bygga
400 1271 49 21 hela
463 1273 77 24 vägen,
557 1277 49 15 vore
621 1271 47 21 icke
684 1271 103 27 lämpligt.

144 1300 55 21 Herr
214 1306 41 15 von
277 1299 118 22 Alfthan:
427 1299 43 22 Det
493 1299 40 22 har
555 1300 28 27 på
599 1306 75 15 senare
689 1300 56 21 tider
759 1299 35 22 vid
809 1299 88 26 anlägg-

75 1329 78 26 ningen
169 1328 23 21 af
211 1335 42 20 nya
275 1331 64 24 vägar
361 1328 69 21 blifvit
446 1328 99 21 alltmera
560 1329 113 26 iakttaget,
690 1330 32 19 att
738 1328 55 27 gifva
808 1327 49 22 dem
873 1333 26 15 en

76 1359 46 20 stor
136 1357 68 22 bredd
219 1357 90 21 emellan
324 1357 173 26 dikeskanterna,
515 1357 88 21 emedan
619 1364 48 14 man
682 1357 90 21 sålunda
787 1356 50 22 sökt
843 1355 57 22 före-

76 1387 86 20 komma
184 1387 38 25 att,
238 1388 39 19 när
300 1386 76 21 dikena
397 1386 126 27 isynnerhet
544 1386 32 21 uti
599 1386 79 21 backar
700 1386 40 21 och
756 1385 108 22 nedfarter
879 1384 23 21 af

77 1415 108 21 vårfloden
200 1414 64 22 rifvas
280 1421 42 20 upp
338 1415 41 20 och
394 1416 69 25 vägen
479 1415 161 26 genomskäres,
658 1415 40 21 den
717 1415 48 20 icke
782 1412 70 23 blefve
867 1412 33 22 för

77 1444 53 21 smal
151 1445 33 20 att
202 1449 90 21 passera
312 1443 39 21 och
368 1443 48 21 svår
432 1445 32 18 att
480 1443 56 27 laga.
567 1443 42 22 Det
624 1446 24 18 är
663 1443 22 22 af
702 1443 69 21 denna
787 1442 114 27 anledning

77 1479 48 14 man
140 1473 46 26 höjt
201 1471 96 22 bredden
313 1471 22 21 af
348 1472 159 25 landsvägarne
521 1472 47 20 från
584 1474 12 19 8
612 1472 31 20 till
661 1474 26 18 10
698 1472 64 20 alnar.
786 1471 38 20 Att
835 1476 66 20 grusa

77 1501 49 21 hela
142 1500 70 22 denna
226 1500 67 22 bredd
309 1506 63 21 synes
387 1500 44 26 mig
446 1498 142 29 öfverflödigt,
609 1502 23 25 ty
647 1506 48 15 man
710 1500 41 21 kan
767 1499 86 27 mycket
868 1499 34 22 väl

77 1529 116 21 inskränka
208 1529 32 26 sig
255 1528 32 21 till
303 1530 11 19 6
330 1529 60 21 alnar
406 1528 22 21 af
440 1528 89 22 midten.
560 1529 33 21 De
608 1530 77 20 tvenne
701 1528 59 22 alnar
774 1533 47 15 som
834 1528 66 21 blifva

78 1564 52 20 qvar
151 1558 28 26 på
201 1557 104 21 hvardera
328 1557 66 27 sidan,
417 1559 37 19 äro
469 1557 132 27 tillräckliga
618 1556 33 22 för
673 1559 33 19 att
720 1556 83 28 skydda
818 1557 32 26 sig
866 1556 33 21 för
