1070 1739
188 121 42 23 822
468 126 41 19 Den
525 126 26 19 29
567 128 109 18 November.

160 190 28 19 än
204 188 41 22 den
260 195 46 20 ena,
321 189 86 22 hvartill
422 190 70 22 medel
507 197 29 14 nu
552 191 101 27 möjligen
668 190 71 23 skulle
754 190 76 27 finnas,
838 197 51 15 vore
899 190 24 22 så
930 190 51 22 nöd-

159 217 94 27 vändigt,
276 218 28 26 på
326 218 38 22 det
382 218 26 21 de
423 219 125 27 ledigblifna
562 220 164 21 skottkärrorna
741 219 47 22 från
804 220 41 21 den
859 219 57 22 förra
930 219 51 22 ban-

158 246 128 27 byggnaden
307 247 35 22 må
360 247 64 22 vinna
438 248 141 27 användning,
597 249 28 20 då
640 249 70 21 denna
725 249 58 20 bana
797 249 75 26 slutar,
888 251 44 18 tror
945 248 36 27 jag

157 275 54 22 icke.
242 275 76 22 Finnas
334 276 122 27 penningar,
476 283 43 21 nog
533 277 22 21 få
575 277 165 22 skottkärrorna
761 277 141 27 användning.
936 277 45 21 Har

157 304 177 23 nästkommande
342 305 103 28 landtdag
455 306 120 27 penningar
587 308 32 19 att
635 306 122 27 disponera,
772 305 26 22 så
813 307 24 20 är
852 307 41 20 den
908 305 73 22 säkert

158 332 48 22 icke
221 333 69 22 heller
303 334 8 21 i
325 333 134 28 förlägenhet
474 336 33 20 att
522 335 56 21 hitta
592 335 28 27 på
635 335 69 22 banor
718 337 34 19 att
766 335 77 27 bygga,
859 335 25 21 så
899 336 31 19 att
943 335 36 21 be-

158 361 44 22 slut
216 361 29 28 på
259 361 91 23 förhand
362 363 8 21 i
386 363 60 22 detta
460 363 102 22 afseende
577 364 48 21 icke
641 364 59 27 tjena
715 364 33 21 till
763 363 124 28 någonting.

226 390 56 22 Herr
297 391 155 28 Schauman,
467 393 95 26 August:
578 393 42 26 Jag
635 393 36 21 vill
687 393 78 21 endast
775 393 49 21 med
835 393 67 26 några
910 398 68 16 exem-

156 419 36 27 pel
208 419 70 21 erinra
292 426 40 20 om,
348 421 56 21 huru
418 421 119 21 vacklande
553 421 109 27 åsigterna
678 428 34 15 om
724 421 255 27 jernvägsbyggnaderna

155 448 7 20 i
185 448 73 21 landet
272 448 64 22 hafva
356 450 56 20 varit
426 450 91 21 emellan
533 450 42 21 den
591 456 40 15 ena
645 450 133 26 landtdagen
795 450 40 21 och
850 450 42 21 den
906 450 71 21 andra.

156 478 54 20 1863
226 477 35 21 års
276 478 88 22 ständer
379 478 90 27 beslöto,
487 478 72 22 såsom
574 479 87 26 bekant,
677 479 50 21 med
744 480 45 20 stor
805 478 131 27 enhällighet
946 480 33 20 att

154 505 70 21 banan
239 506 288 23 Tavastehus-Tammerfors
543 514 38 15 var
597 507 41 22 den
651 508 69 21 första
737 514 46 15 som
801 508 70 21 skulle
888 508 88 26 byggas.

154 534 48 22 Den
216 534 71 22 banan
302 535 45 22 blef
359 536 47 21 icke
421 536 71 27 byggd
507 536 47 22 före
570 538 54 20 1867
641 537 35 21 års
692 536 111 27 landtdag,
820 536 40 22 och
874 538 39 19 när
922 538 53 19 1867

154 562 144 23 ärs?ständer
316 564 86 22 kommo
422 565 32 21 till
469 572 102 18 samman,
588 565 25 21 sä
628 566 85 21 beslöto
730 565 27 21 de
772 566 49 20 med
837 568 56 18 ännu
907 566 69 20 större

154 591 132 28 enhällighet
294 595 32 19 att
338 593 42 22 den
394 592 68 23 första
473 594 65 21 linien
554 594 70 22 skulle
639 594 67 22 blifva
721 594 160 22 Riihimäki-S:t
891 594 82 21 Peters-

153 620 64 27 burg;
240 621 70 22 denna
331 622 45 22 blef
395 622 70 28 färdig
483 622 46 22 före
549 624 61 25 1872,
626 630 50 14 men
692 623 38 22 det
746 625 23 19 är
784 623 48 21 icke
848 623 73 21 säkert
936 624 39 25 att,

153 655 35 15 om
209 651 55 20 1872
287 651 33 21 ärs
341 651 88 22 ständer
447 652 55 21 hade
522 652 95 21 beslutat
632 658 34 15 om
681 652 115 28 byggande
812 652 23 21 af
848 658 27 15 en
887 652 88 27 jernväg

152 678 33 21 till
208 678 33 22 S:t
262 678 138 29 Petersburg,
416 680 70 22 denna
499 680 57 22 hade
571 681 91 21 kommit
676 683 34 19 att
725 681 53 27 utgä
792 680 47 22 frän
855 680 119 26 Riihimäki,

152 708 53 20 utan
220 708 108 22 sannolikt
342 708 56 22 hade
413 710 41 20 den
470 709 81 27 dragits
563 709 46 21 frän
617 709 136 27 Helsingfors
763 710 62 26 längs
834 710 48 21 med
890 710 83 20 kusten.

152 736 67 21 Detta
237 738 45 20 tror
294 737 38 27 jag
346 737 43 22 alla
404 738 60 22 skola
479 744 51 16 vara
545 744 52 16 ense
612 744 40 16 om.
685 738 48 22 Och
748 738 25 22 sä
787 738 70 22 mäste
873 738 36 21 det
924 744 51 15 vara

153 765 50 21 med
218 765 109 27 äsigterna
342 772 34 16 om
389 767 226 27 jernvägsbyggnader
628 767 40 21 här
683 768 7 20 i
705 767 82 27 landet,
799 768 36 21 der
844 767 7 21 i
859 767 116 21 allmänhet

152 793 43 22 alla
207 794 87 27 möjliga
309 794 147 23 förhällanden
471 798 38 19 äro
525 796 25 21 sä
564 796 48 21 litet
627 796 137 22 utvecklade.

220 822 56 22 Herr
290 824 139 22 Mechelin:
458 824 57 22 Herr
530 824 108 22 Snellman
653 825 41 21 har
708 824 119 22 framhällit
841 826 38 24 att,
896 830 32 15 om
936 826 37 20 nä-

151 852 35 20 sta
200 851 105 28 landtdag
312 852 68 22 finner
394 853 33 27 sig
434 853 72 22 kunna
514 853 115 27 disponera
636 854 122 27 penningar
765 853 34 21 till
807 853 166 27 jernvägsbygg-

149 879 73 27 nader,
246 887 49 15 man
314 888 41 20 nog
377 882 68 21 hittar
463 882 28 27 pä
513 882 72 27 nägon
608 882 50 22 linie
686 884 34 20 att
742 882 99 22 använda
863 882 48 21 dem
933 881 38 22 för.

151 908 42 27 Jag
207 910 46 20 tror
267 910 47 21 icke
330 911 46 21 atti
384 910 118 22 allmänhet
509 910 74 28 frågor
591 917 33 15 om
630 911 229 27 jernvägsbyggnader
867 911 71 21 kunna
946 911 27 26 pä

150 937 78 21 sädant
243 940 45 19 sätt
303 939 124 21 behandlas.
458 939 40 21 Om
514 940 117 21 ständerna
646 947 28 14 nu
689 940 89 21 besluta
791 941 33 19 att
834 939 97 21 använda
941 939 31 21 till

146 965 226 28 jernvägsbyggnader
394 968 39 21 allt
454 968 56 21 hvad
532 968 7 21 i
561 968 278 22 kommunikationsfonden
857 968 42 21 kan
916 974 55 15 sam-

149 994 136 27 manbringas
302 995 31 22 till
349 996 41 22 och
403 997 50 21 med
470 998 60 25 1882,
547 997 25 21 sä
587 997 107 22 förefaller
711 997 38 21 det
763 997 65 26 högst
843 996 87 27 otroligt
940 998 32 19 att

148 1022 68 27 några
238 1023 106 28 kapitaler
366 1025 69 22 skulle
457 1025 35 21 vid
507 1025 129 22 kommande
651 1025 107 27 landtdag
772 1025 69 22 finnas
857 1027 33 19 att
905 1025 66 26 tillgå,

147 1051 73 22 säsom
242 1052 98 23 frestelse
358 1055 33 20 att
404 1054 70 27 bygga
489 1054 27 21 de
528 1054 116 27 jernvägar
660 1061 47 15 som
723 1060 50 15 man
789 1054 27 21 dä
831 1054 70 21 skulle
916 1054 56 21 hitta

146 1080 30 26 pä
190 1082 33 19 att
238 1081 91 22 besluta.
358 1082 63 21 Hvad
435 1085 165 25 resonemanget
615 1089 34 15 om
658 1083 167 21 skottkärrorna
833 1082 137 27 vidkommer,

147 1114 47 16 som
213 1109 39 27 jag
274 1110 39 21 har
334 1111 114 27 anledning
463 1113 32 20 att
510 1117 52 16 anse
577 1111 82 22 riktadt
674 1114 62 19 emot
750 1111 50 27 mig,
817 1111 25 22 sä
856 1111 62 22 torde
935 1111 36 21 det

147 1137 47 22 icke
216 1137 74 23 kunna
311 1139 129 28 framläggas
462 1140 67 27 nägot
546 1140 60 21 bevis
626 1142 58 19 emot
700 1140 43 21 den
759 1140 70 21 sunda
843 1139 79 28 regeln,
939 1142 32 19 att

146 1172 50 15 man
218 1167 40 21 bör
280 1168 94 21 undvika
396 1170 33 19 att
451 1168 84 28 afbryta
554 1168 234 27 arbetsfördelningens
805 1169 56 26 gäng
875 1169 7 20 i
897 1169 74 20 landet

147 1200 77 21 genom
243 1197 61 20 stora
317 1196 84 27 företag
416 1203 46 16 som
476 1197 86 22 komma
577 1204 29 14 nu
621 1198 41 21 och
678 1197 30 22 dä
724 1197 72 22 säsom
811 1197 159 26 undantagsan-

146 1224 132 27 strängning,
294 1227 23 25 ty
331 1225 33 22 för
378 1225 52 22 vära
445 1225 165 22 industriidkare
626 1227 41 20 och
680 1226 147 27 jordbrukare
835 1228 24 19 är
867 1226 37 21 det
911 1226 59 27 inga-

146 1251 66 22 lunda
226 1252 108 29 likgiltigt,
351 1260 34 15 om
400 1261 49 14 man
464 1255 99 27 plötsligt
577 1256 39 25 gör
631 1261 26 15 en
666 1255 73 26 appell
748 1255 31 20 till
788 1254 182 22 arbetskrafterna

147 1280 40 21 och
210 1281 91 22 sälunda
322 1282 33 22 för
378 1289 26 15 en
426 1283 32 22 tid
473 1285 85 25 stegrar
573 1283 41 22 alla
629 1283 138 22 arbetslöner
782 1283 33 22 för
831 1285 32 19 att
879 1283 92 22 derefter

146 1309 47 22 äter
208 1309 71 23 lemna
295 1311 63 22 dessa
373 1311 156 22 arbetskrafter
543 1312 77 27 lediga.
650 1313 53 20 Man
720 1312 82 27 bygger
816 1311 98 28 billigare
930 1311 39 22 och

145 1338 81 21 rubbar
244 1339 82 22 mindre
346 1340 85 21 landets
451 1341 104 26 ekonomi,
576 1347 34 15 om
624 1347 49 15 man
689 1341 45 20 kan
749 1340 98 27 företaga
859 1341 110 27 jernvägs-

145 1366 125 27 byggnader
292 1369 7 20 i
321 1375 26 15 en
365 1369 139 27 fortsättning
519 1369 24 22 är
558 1369 33 22 för
606 1369 29 27 är,
652 1369 46 22 tills
715 1375 50 16 man
780 1369 133 27 smäningom
928 1369 42 21 kan

145 1394 22 21 tä
186 1395 38 22 det
243 1397 50 21 hela
309 1397 85 28 färdigt.
425 1398 169 21 Skottkärrorna
609 1400 86 20 ensamt
711 1398 61 27 spela
787 1398 74 21 dervid
877 1404 25 15 en
916 1398 54 27 jem-

145 1422 111 24 förelsevis
272 1426 60 27 ringa
346 1427 47 26 roll,
410 1427 40 21 och
463 1427 37 27 jag
514 1427 83 27 hoppas
612 1429 32 19 att
659 1426 114 29 yttrandet
788 1433 59 15 mera
863 1426 59 27 afsäg
938 1428 33 19 att

147 1451 51 22 lifva
212 1453 103 23 debatten
330 1461 76 21 genom
422 1457 32 20 ett
469 1455 76 26 skämt,
563 1458 27 18 än
605 1457 33 20 att
653 1457 80 25 utgöra
748 1455 66 27 nägot
830 1455 57 27 slags
903 1455 66 21 bevis.

214 1481 56 23 Herr
286 1483 154 27 Schauman,
456 1484 23 21 B.
496 1484 32 21 O.:
544 1484 35 21 Då
591 1484 37 27 jag
644 1486 23 20 är
683 1483 25 22 af
721 1483 46 22 helt
783 1484 40 21 och
838 1484 68 21 hållet
915 1485 55 20 mot-

146 1510 44 20 satt
206 1510 56 28 äsigt
277 1514 45 20 mot
336 1514 138 20 reservanten
489 1512 50 22 herr
553 1512 131 28 Lagerborg,
702 1512 103 28 Hjalmar,
821 1512 7 21 i
837 1512 53 22 hans
900 1518 69 16 reser-

144 1538 78 28 vation,
244 1539 38 23 der
296 1541 42 21 han
354 1543 64 25 säger
433 1543 32 19 att
479 1542 42 21 han
537 1543 25 19 är
577 1541 129 28 öfvertygad
722 1547 33 15 om
771 1543 32 19 att
818 1541 73 27 hvarje
907 1540 22 22 af
944 1542 25 20 de
