1070 1739
206 130 40 20 550
487 131 40 18 Den
544 129 25 19 10
585 131 107 18 November.

174 194 171 27 beskattningen.
375 194 67 21 Detta
457 194 122 27 stadgande
594 193 69 22 skulle
678 193 48 22 icke
736 192 73 21 kunna
819 191 114 27 tillämpas,
942 196 55 15 eme-

175 223 41 21 dan
236 223 37 22 det
292 223 7 21 i
318 223 33 22 sin
366 223 133 27 tillämpning
514 223 91 21 innebär
620 229 26 15 en
662 221 108 28 synnerlig
785 220 119 27 obillighet,
920 220 78 20 nästan

174 258 27 15 en
216 251 129 28 omöjlighet.
375 252 41 27 Jag
432 252 69 21 skulle
517 251 72 22 derför
604 251 86 22 förorda
706 250 43 22 den
763 249 93 22 nämnda
871 248 127 22 reservatio-

174 287 51 20 nen;
246 282 22 26 ty
287 280 43 22 ifall
344 281 160 22 reservationen
520 281 132 26 godkännes,
669 279 40 22 och
725 279 37 21 det
776 278 48 22 icke
840 278 61 21 desto
916 276 83 21 mindre

174 309 114 22 inträffade
304 311 32 20 att
350 309 46 22 före
412 309 61 22 detta
488 309 99 22 utöfvare
603 309 22 22 af
638 310 33 21 ett
686 307 139 28 näringsyrke
841 306 69 22 blefve
929 305 70 22 derför

174 339 122 26 beskattad,
312 339 24 21 så
351 341 24 19 är
390 339 37 21 det
441 338 79 28 tydligt
536 340 39 25 att,
592 345 34 15 om
640 338 44 21 han
698 337 90 22 utreder
796 337 32 20 att
835 336 43 21 han
885 335 47 22 icke
940 340 60 15 mera

174 367 86 22 utöfvar
274 367 66 28 yrket,
356 367 43 22 han
414 367 93 28 lagligen
521 368 69 21 måste
605 366 79 23 befrias
699 365 48 22 från
763 365 41 22 den
819 365 79 21 honom
910 363 89 28 påförda

174 396 173 27 beskattningen,
371 396 40 22 och
434 397 7 21 i
464 397 41 21 alla
528 395 37 22 fall
584 402 51 15 vore
654 395 54 22 vitet
728 394 38 21 der
784 393 72 22 såsom
871 399 27 16 en
913 392 86 27 lämplig

176 425 106 27 ovilkorlig
301 425 80 27 påföljd
401 425 23 21 af
442 425 53 21 hans
516 425 150 21 försummelse
688 425 33 20 att
737 424 52 26 göra
804 422 98 22 anmälan
918 427 33 15 om
967 422 32 20 att

174 454 97 22 rörelsen
287 454 98 26 upphört.

242 482 34 22 Då
294 482 64 27 ingen
378 488 70 16 annan
466 482 23 22 af
505 482 99 22 ståndets
622 481 139 22 medlemmar
776 479 95 23 önskade
886 480 58 26 yttra
959 478 39 27 sig,

174 511 40 21 och
230 512 37 21 det
283 511 22 21 af
317 511 89 22 friherre
421 518 41 15 von
477 511 58 22 Born
550 511 79 22 väckta
642 510 107 27 förslaget
761 509 47 21 icke
818 508 70 22 blifvit
899 508 21 21 af
928 507 70 27 någon

174 546 70 15 annan
259 540 134 27 understödt,
409 540 46 22 blef
468 540 11 28 $
495 542 34 25 22,
545 540 28 27 på
587 540 50 22 herr
652 538 220 23 Landtmarskalkens
883 536 114 22 framställ-

173 569 57 27 ning,
246 568 23 22 af
283 569 85 21 ständet
383 569 106 27 godkänd.

243 597 23 28 88
282 599 84 21 23—28
382 598 125 27 godkändes
523 599 53 20 utan
592 597 131 22 diskussion.

242 626 113 22 Likaledes
372 627 125 27 godkändes
507 628 53 20 utan
571 626 140 27 anmärkning
723 627 10 19 1
747 624 40 22 och
805 626 5 20 2
821 630 83 16 momm.
914 622 22 22 af
943 622 10 28 $
962 624 33 20 29.

241 656 35 21 Då
291 655 92 23 derefter
404 658 6 19 3
426 662 63 16 mom.
505 655 23 22 af
542 657 26 20 29
585 655 11 28 $
611 655 119 27 föredrogs,
746 653 87 29 yttrade

240 684 100 22 Friherre
354 691 42 15 von
410 685 78 26 Born,
504 684 33 22 V.:
562 684 138 22 Beträffande
716 689 63 15 mom.
797 684 11 19 3
826 682 23 22 af
861 681 11 28 $
887 683 27 19 29
929 680 69 22 mäste

170 713 38 27 jag
222 713 28 22 be
265 715 33 20 att
311 713 22 22 få
346 713 88 22 förorda
449 714 40 22 den
504 713 80 27 nådiga
598 713 171 27 propositionen,
781 711 87 22 hvilken
879 710 61 22 äfven
950 708 47 22 blif-

172 742 30 22 vit
221 742 23 22 af
260 742 218 22 utskottsledamoten
493 742 51 22 herr
559 742 131 22 Silfversvan
706 741 7 21 i
730 748 26 15 en
771 739 146 23 betänkandet
930 737 68 23 vidfo-

172 771 42 27 gad
229 771 133 22 reservation
377 771 110 28 tilistyrkt.
515 771 109 27 Derjemte
640 771 36 22 vill
688 770 40 28 jag
743 769 97 27 upplysa,
856 769 33 21 att
905 768 40 21 den
960 767 36 21 nä-

172 800 50 26 diga
239 800 173 28 propositionens
430 800 82 28 lydelse
531 800 8 21 i
557 800 61 22 detta
637 800 97 21 moment
748 800 23 20 är
786 798 44 21 lika
844 797 49 22 med
907 794 90 24 komit6-

171 828 104 28 förslaget
290 829 31 21 till
336 829 124 27 förordning
476 835 34 15 om
525 829 137 27 näringarne.

240 858 56 21 Herr
318 858 156 26 Schauman,
497 858 95 27 August:
623 858 41 26 Jag
682 857 41 21 har
742 856 77 26 begärt
838 854 62 22 ordet
916 854 34 22 för
965 855 33 19 att

170 886 94 27 förorda,
284 887 7 21 i
309 886 69 22 likhet
396 887 50 21 med
461 886 90 22 friherre
569 892 41 16 von
628 886 64 26 Born,
710 886 43 21 den
769 884 122 26 Kejserliga
900 882 96 28 proposi-

171 915 84 22 tionens
274 915 156 27 godkännande
444 916 7 21 i
467 916 70 22 denna
552 916 41 26 del,
609 915 72 21 säsom
697 914 68 22 ocksä
778 913 75 21 herrar
869 912 129 22 Silfversvan

172 944 40 21 och
226 944 60 21 Julin
300 944 7 21 i
322 945 63 20 deras
400 944 81 27 ingifna
495 944 134 22 reservation
644 943 65 22 hafva
725 942 111 27 tillstyrkt.
865 941 44 21 Det
923 940 75 26 tillägg

172 971 22 22 af
208 973 115 26 utskottet,
340 979 46 15 som
399 973 38 27 jag
452 973 48 22 ville
515 973 22 21 få
551 973 117 26 borttaget,
685 971 83 28 åsyftar
782 969 107 27 nemligen
900 970 32 20 att
942 969 55 21 läro-

171 1000 53 23 aftal
244 1001 70 22 skulle
331 1001 33 22 för
382 1002 93 27 yngling,
491 1008 46 15 som
555 1001 48 28 fyllt
623 1003 25 19 18
666 1001 28 26 är,
711 1001 74 20 kunna
800 998 122 23 utsträckas
938 997 59 22 öfver

170 1030 217 27 myndighetsäldern.
416 1031 35 21 Nu
470 1031 45 26 har,
535 1031 72 21 såsom
625 1030 88 26 bekant,
732 1029 69 21 skälet
820 1027 33 22 för
873 1027 41 22 den
928 1028 67 20 retro-

169 1059 68 26 grada
251 1059 178 27 lagbestämning,
445 1065 46 16 som
505 1059 50 22 med
570 1059 25 22 sä
610 1059 86 27 mycket
712 1057 61 22 skrik
787 1057 8 21 i
807 1056 74 22 landet
893 1055 101 28 päyrkats

170 1088 40 21 och
228 1087 89 22 hvarom
334 1087 82 28 förslag
431 1090 24 19 är
470 1088 116 27 framlagdt
605 1088 7 21 i
630 1087 42 22 den
689 1085 124 28 Kejserliga
827 1084 167 28 propositionen,

170 1116 107 27 nemligen
295 1123 33 15 om
343 1117 111 22 läroaftals
470 1117 150 26 utsträckning
635 1116 32 22 till
682 1115 45 22 fem
742 1115 29 26 är,
787 1114 56 22 varit
857 1113 38 22 det
910 1114 36 23 att,
962 1113 33 20 sä-

170 1151 46 15 som
238 1151 50 16 man
307 1145 89 28 pästätt,
417 1152 26 15 en
463 1151 71 22 gosse,
550 1151 47 16 som
615 1145 37 22 vid
671 1145 85 21 12—13
773 1143 23 22 är
810 1143 97 21 kommer
909 1137 14 40 i
942 1141 52 27 lära,

169 1174 58 21 inom
242 1175 34 20 tre
291 1174 24 22 är
328 1174 48 22 icke
391 1174 75 22 hinner
481 1175 46 21 lära
542 1175 33 26 sig
590 1174 22 21 af
626 1174 38 21 sitt
679 1173 55 28 yrke
749 1172 25 21 sä
788 1171 91 28 mycket,
894 1171 32 21 att
940 1170 54 21 hans

168 1203 106 26 principal
297 1203 66 22 under
386 1203 69 22 denna
477 1203 31 22 tid
531 1203 32 22 får
582 1203 71 27 någon
672 1203 64 26 nytta
756 1200 22 22 af
796 1201 84 25 honom,
895 1200 52 21 utan
963 1200 32 20 att

168 1231 114 28 lärjungen
301 1231 47 28 just
369 1232 36 22 vid
427 1232 42 21 den
491 1232 38 27 tid,
548 1231 28 22 dä
594 1232 42 21 han
654 1231 43 21 lärt
714 1229 24 22 af
752 1230 38 21 sitt
804 1229 53 28 yrke
872 1228 25 21 sä
911 1227 84 28 mycket

169 1261 33 20 att
223 1260 72 27 nägon
316 1262 61 26 nyttä
398 1261 72 22 kunde
491 1261 78 26 dragas
590 1260 23 21 af
628 1260 86 26 honom,
732 1258 41 22 blir
787 1258 27 21 fri
828 1257 48 22 frän
891 1257 38 21 sitt
944 1255 51 22 aftal

168 1289 41 22 och
230 1289 44 22 kan
296 1291 89 25 antagas
404 1290 8 21 i
432 1296 81 15 annans
532 1289 73 28 tjenst.
635 1289 67 21 Detta
724 1287 48 22 skäl
790 1286 68 22 finnes
873 1285 49 22 icke
936 1291 59 15 mera

168 1324 58 21 avar,
242 1318 67 27 enligt
323 1318 43 21 min
381 1318 64 27 äsigt,
460 1317 33 23 för
507 1325 28 15 en
549 1318 93 27 yngling,
658 1323 48 16 som
722 1316 36 22 vid
774 1317 26 20 18
816 1315 24 22 är
854 1314 70 27 ingått
938 1313 8 22 i
960 1320 34 21 yr-

166 1346 44 21 ket.
226 1347 34 21 En
277 1349 25 19 18
318 1347 34 21 ärs
368 1347 86 27 yngling
468 1349 23 19 är
507 1347 25 21 sä
547 1347 85 27 mycket
647 1352 45 15 mer
709 1343 117 23 utvecklad
841 1343 33 22 till
889 1343 47 21 sina
950 1341 42 22 för-

166 1375 141 27 mögenheter
321 1377 27 20 än
364 1381 26 16 en
407 1377 25 20 12
448 1375 41 27 års,
506 1377 33 20 att
555 1382 49 15 man
618 1375 70 21 måste
704 1373 119 22 förutsätta
838 1373 33 20 att
883 1372 43 21 han
935 1371 57 21 inom

165 1403 68 27 nägot
248 1404 24 21 är
286 1404 32 22 lär
332 1404 34 27 sig
382 1404 105 27 betydligt
501 1411 46 15 mer
562 1404 23 21 af
598 1403 38 22 sitt
650 1403 54 28 yrke
720 1402 42 22 och
776 1402 43 21 kan
830 1402 53 26 göra
893 1401 33 21 sin
936 1399 57 28 prin-

166 1432 56 27 cipal
242 1433 41 21 och
298 1435 93 20 mästare
406 1433 50 22 vida
471 1439 87 16 snarare
573 1439 57 20 gagn
646 1435 27 18 än
688 1437 30 16 en
736 1432 25 20 12
778 1430 13 21 4
808 1432 24 19 13
849 1429 35 22 års
899 1429 92 28 yngling.

164 1461 40 21 Att
223 1461 85 22 derföre
325 1463 117 26 yttermera
460 1461 50 27 vilja
529 1461 28 27 gä
575 1461 90 21 tillbaka
679 1460 59 21 ifrän
753 1459 42 21 den
809 1458 124 22 nuvarande
947 1457 45 27 lag-

165 1488 126 28 stiftningen
304 1490 7 21 i
326 1490 102 22 afseende
442 1490 12 22 å
468 1490 106 26 läroaftal,
591 1490 72 21 såsom
678 1488 111 22 utskottet
804 1487 63 27 gjort,
883 1492 63 16 anser
954 1486 37 26 jag

163 1524 52 16 vara
229 1518 30 27 pä
274 1518 54 22 intet
342 1519 32 21 vis
390 1519 134 22 motiveradt.
549 1519 42 27 Jag
605 1518 64 28 yrkar
684 1516 87 23 derföre
786 1516 8 21 i
808 1516 69 21 likhet
892 1515 48 22 med
955 1514 36 22 fri-

163 1546 64 23 herre
243 1553 41 16 von
300 1547 57 23 Born
372 1548 28 27 pä
416 1548 77 27 nädiga
507 1547 173 28 propositionens
698 1545 131 27 antagande.
