1070 1739
190 125 40 20 686
472 128 39 17 Den
530 127 23 18 17
571 129 109 18 November.

160 189 122 22 Grotenfelt
304 190 6 21 i
333 191 64 20 dessa
420 191 48 21 ord:
494 191 68 26 ,skall
584 191 70 22 finska
676 191 68 22 folket
759 190 63 22 hafva
836 190 67 22 heder
918 190 23 21 af
954 191 33 22 sin

160 217 69 28 gåfva,
241 218 56 21 skall
308 219 36 22 det
354 219 18 27 ej
384 225 76 21 genom
472 220 138 22 småsinnade
621 221 103 26 åtgärder
734 220 94 27 förringa
839 220 50 21 dess
900 220 86 26 värde",

160 247 25 21 så
200 247 36 21 vill
249 247 39 27 jag
303 248 54 21 blott
372 249 67 21 ändra
455 249 60 21 detta
529 249 101 27 yttrande
646 249 97 26 sålunda,
760 251 33 19 att
813 249 36 20 det
863 248 69 21 finska
948 248 39 21 fol-

159 275 49 22 kets
224 279 174 24 representanter
413 277 66 22 också
494 278 47 21 icke
562 278 62 21 skola
644 284 76 21 genom
742 277 135 22 småsinnade
893 277 93 21 uttalan-

160 305 41 20 den
216 304 94 28 förringa
325 306 69 21 denna
410 306 68 27 gåfva.
509 307 47 21 Och
576 307 37 21 det
632 309 24 19 är
670 307 29 27 på
715 307 70 21 denna
798 306 75 27 grund,
890 311 46 16 som
949 306 38 27 jag

160 333 69 22 måste
245 334 125 28 missbilliga
386 335 26 21 de
427 336 121 26 yttranden,
565 342 46 15 som
626 335 40 22 här
681 335 67 27 fällts,
767 335 55 21 först
842 334 23 22 af
881 335 49 21 herr
945 335 41 21 Fu-

159 362 98 27 ruhjelm,
280 363 66 21 sedan
365 363 23 22 af
406 364 50 21 herr
474 365 158 26 Björkenheim,
654 371 18 15 o.
694 371 16 15 s.
731 371 19 14 v.
765 376 29 3 —
809 364 30 27 Ty
855 365 33 20 att
902 363 40 22 här
957 371 29 14 nu

159 391 47 21 äter
221 391 61 28 börja
301 392 63 27 skilja
386 393 90 21 emellan
493 393 26 21 de
535 393 58 22 olika
608 393 98 26 ständen,
723 393 73 21 hvilka
815 399 47 15 som
881 393 62 27 yrkat
958 393 28 26 pä

160 420 70 21 denna
244 420 73 27 miljon
333 421 40 21 och
388 422 71 20 hvilka
474 428 45 15 som
535 422 48 21 icke
605 422 56 27 gjort
677 422 43 25 det,
738 427 63 15 anser
817 421 39 27 jag
871 428 50 15 vara
936 421 50 27 föga

160 448 220 23 öfverenstämmande
403 450 49 22 med
474 450 56 22 hvad
553 457 47 15 som
620 450 131 22 tillkommer
769 450 101 22 Finlands
885 450 45 22 folk
946 450 39 21 och

160 477 49 21 dess
225 480 179 24 representanter.

227 506 98 22 Friherre
341 514 41 15 von
398 508 84 26 Troil,
499 508 20 22 S.
536 508 43 22 W.:
610 509 34 21 Dä
659 515 49 15 man
725 508 98 21 anmärkt
843 509 32 20 att
891 508 94 21 Statsut-

159 534 84 22 skottet
258 536 32 20 uti
306 536 36 21 det
357 536 143 27 betänkande,
517 543 46 15 som
579 537 61 21 detta
660 538 86 20 utskott
762 536 99 22 sistlidne
875 537 38 21 vär
929 536 58 27 afgaf

159 564 92 20 rörande
268 564 68 22 denna
349 565 67 27 fräga,
432 566 47 21 icke
494 566 57 21 hade
571 566 49 21 bort
640 566 104 27 uppgifva
759 565 52 22 eller
826 565 79 22 föreslä
920 565 66 27 nägot

159 594 51 22 sätt,
226 592 82 28 hvarpä
323 594 26 22 de
366 594 22 21 af
401 595 108 21 utskottet
524 595 118 27 tillstyrkta
656 595 88 21 medlen
754 594 66 22 borde
831 594 154 22 sammanbrin-

158 627 44 20 gas,
220 628 64 15 anser
296 623 36 27 jag
351 623 44 27 mig
415 624 71 21 säsom
505 624 96 21 ledamot
618 624 7 21 i
641 624 171 22 Statsutskottet
827 624 53 20 böra
895 623 90 27 upplysa

158 651 32 19 att
209 650 120 27 utskottets
348 652 80 27 förslag
446 652 92 22 rörande
559 653 95 21 medlens
678 652 215 27 sammanbringande
909 658 76 20 genom

157 678 118 28 bevillning
297 681 163 27 ursprungligen
483 681 61 26 afsäg
564 683 33 20 att
616 681 76 27 gäfvan
712 681 48 21 icke
777 681 69 21 skulle
861 683 61 25 tagas
938 680 46 22 frän

157 707 68 27 några
241 708 101 22 tillhands
358 710 94 21 varande
467 710 40 22 och
523 710 23 22 af
559 711 117 21 ständerna
687 710 143 27 disponerade
840 709 80 27 fonder,
932 712 53 19 utan

159 738 33 19 att
208 737 41 21 den
264 738 56 21 blott
335 738 69 22 skulle
420 740 77 26 utgöra
512 746 26 14 en
554 738 68 28 gäfva,
639 746 46 14 som
701 738 49 22 utaf
763 739 26 21 de
802 738 98 27 gifvande
911 738 74 27 sjelfve

156 765 86 22 komme
258 768 33 20 att
305 767 109 22 bekostas.
444 768 10 20 I
469 768 94 27 enlighet
578 768 48 22 med
642 768 50 21 herr
707 767 152 27 Björkenheim
870 768 68 20 måste
947 767 38 27 jag

157 794 71 21 uttala
242 795 44 21 min
301 795 111 27 förvåning
428 796 58 22 öfver
501 798 33 20 att
548 796 245 28 Bevillningsutskottet
806 798 73 19 ansett
889 796 33 26 sig
932 796 53 21 böra

156 822 80 22 föreslå
252 825 33 20 att
300 824 69 22 denna
384 825 62 27 gåfva
461 825 69 21 skulle
545 826 85 21 komma
646 828 32 19 att
695 825 82 21 drabba
792 830 109 22 personer,
913 825 72 21 hvilka

156 851 32 21 till
205 853 82 21 största
303 853 62 21 dalen
380 854 40 21 alls
435 854 47 22 icke
497 854 64 22 hafva
576 855 70 26 någon
668 854 136 26 delaktighet
824 854 7 20 i
850 854 85 21 landets
951 860 32 15 re-

156 881 149 25 presentation
321 882 53 22 eller
388 883 28 27 på
431 883 62 21 valen
509 883 32 21 till
557 884 123 20 densamma
695 883 74 21 kunna
784 882 74 22 utöfva
872 882 67 27 något
952 882 31 21 in-

156 908 100 28 flytande,
274 910 19 21 d.
309 917 19 15 v.
343 917 16 15 s.
376 912 41 21 den
433 912 116 22 obesuttna
565 912 152 27 befolkningen
734 911 40 22 och
790 911 134 21 arbetarne
912 904 13 39 i
939 913 44 19 stä-

156 938 73 26 derna,
245 938 72 22 hvilka
332 939 127 22 folkklasser
472 941 47 26 just
533 942 78 25 utgöra
627 941 41 21 den
684 940 113 27 fattigaste
810 940 62 21 delen
883 939 48 22 utaf
938 940 45 21 lan-

158 966 49 21 dets
224 967 134 22 innevånare.
389 969 41 26 Jag
445 969 35 22 vill
495 969 48 22 icke
558 969 97 22 bestrida
663 969 129 22 ständernas
800 968 104 27 rättighet
913 970 32 19 att
952 968 33 21 för

155 995 121 28 statsbehof
293 997 93 27 pålägga
401 997 84 22 landets
501 998 129 21 innevånare
646 997 148 27 beskattning,
811 1003 49 15 men
878 997 106 21 huruvida

156 1024 117 22 ständerna
288 1025 62 22 hafva
365 1026 104 27 rättighet
485 1028 32 20 att
532 1026 33 22 för
579 1027 76 27 gåfvor
670 1027 104 21 beskatta
783 1026 80 21 sådana
873 1032 109 21 personer,

154 1052 74 22 hvilka
243 1053 49 22 icke
307 1054 39 22 alls
364 1055 86 27 deltaga
465 1055 6 21 i
486 1056 203 26 representationen
706 1055 53 22 eller
773 1055 29 26 på
817 1055 61 21 valen
889 1055 32 20 till
932 1055 51 21 den-

155 1087 82 16 samma
252 1082 74 22 utöfva
341 1083 67 28 något
422 1083 122 28 inflytande,
561 1085 65 26 vågar
639 1084 37 27 jag
692 1084 7 21 i
715 1083 80 28 högsta
809 1083 68 22 måtto
889 1083 92 22 betvifla.

155 1109 33 22 Då
201 1110 39 27 jag
252 1111 79 26 jemväl
346 1118 64 15 anser
425 1113 36 21 det
476 1119 51 15 vara
543 1113 132 27 ogrannlaga
694 1114 40 25 att,
755 1112 28 21 då
800 1112 183 27 Borgareståndet

154 1138 88 27 afslagit
257 1140 69 21 denna
341 1141 69 26 gåfva,
426 1141 44 22 låta
485 1141 125 22 densamma
624 1142 7 21 i
646 1142 73 27 någon
735 1141 52 21 eller
803 1147 38 16 ens
861 1141 7 20 i
887 1141 96 26 ringaste

154 1167 50 22 mån
220 1168 82 22 drabba
317 1169 59 22 detta
392 1170 62 21 stånd
470 1171 51 20 eller
537 1171 26 21 de
579 1170 194 25 samhällsklasser,
791 1175 46 16 som
849 1169 60 22 detta
919 1169 64 22 stånd

153 1199 169 25 representerar,
346 1198 24 21 så
392 1199 42 21 kan
454 1199 38 27 jag
514 1199 48 22 icke
585 1201 67 20 annat
674 1201 29 20 än
726 1199 86 20 ansluta
827 1198 44 27 mig
886 1198 32 21 till
933 1197 50 22 herr

155 1225 164 26 Björkenheims
340 1226 86 28 förslag,
442 1228 83 21 likvisst
547 1229 49 20 med
612 1228 41 21 den
668 1227 149 22 modifikation
833 1227 51 26 deri,
901 1233 46 15 som
963 1227 22 20 af

153 1253 50 22 herr
218 1253 23 22 af
254 1255 106 22 Forselles
378 1256 91 27 gjordes,
486 1257 20 21 d.
521 1263 17 15 v.
556 1263 16 15 s.
590 1258 32 20 att
638 1257 90 26 gåfvans
746 1256 78 27 belopp
841 1255 70 22 skulle
926 1261 56 16 sam-

152 1283 140 27 manbringas
307 1285 68 21 under
390 1285 74 27 loppet
481 1285 23 21 af
517 1287 33 20 tre
567 1285 28 22 år.

221 1312 99 22 Friherre
335 1319 41 15 von
391 1313 77 27 Born,
485 1314 35 21 V.:
551 1315 56 20 Herr
623 1314 131 25 Schauman,
766 1313 25 21 B.
808 1313 32 26 O.,
849 1312 86 29 yttrade
950 1311 33 23 för

152 1341 32 20 ett
200 1341 115 26 ögonblick
335 1342 67 21 sedan
422 1344 32 19 att
473 1343 110 26 ätskilliga
603 1342 156 27 andraganden
778 1342 7 21 i
801 1342 42 27 dag
858 1341 56 22 hade
928 1341 55 22 varit

151 1369 147 23 smäsinnade.
327 1371 42 26 Jag
385 1373 73 19 ämnar
472 1371 33 22 väl
521 1371 48 22 icke
585 1372 108 27 uppträda
709 1371 33 21 till
762 1370 84 22 försvar
859 1370 34 21 för
907 1376 75 21 perso-

150 1403 44 20 ner,
212 1404 47 15 som
276 1398 75 28 sjelfva
366 1401 38 20 äro
419 1400 138 26 närvarande,
573 1407 49 14 men
635 1401 39 26 jag
692 1400 45 21 kan
752 1399 48 22 icke
820 1399 114 22 underläta
950 1400 32 20 att

150 1425 77 22 härvid
249 1427 102 27 päminna
373 1428 43 27 mig
439 1429 39 21 och
499 1429 37 21 det
551 1429 115 27 höglofliga
682 1428 96 26 ständet,
795 1429 33 20 att
843 1428 38 21 det
895 1427 48 22 icke
958 1429 24 20 är

149 1453 69 22 första
233 1456 84 26 gängen
332 1457 51 21 herr
399 1457 119 21 Schauman
534 1458 58 20 velat
606 1458 29 26 pä
650 1459 33 20 ett
700 1457 53 21 eller
768 1458 66 20 annat
849 1457 45 21 sätt
904 1456 77 21 under-

149 1483 76 31 trycka
241 1484 82 27 äsigter
338 1485 57 21 inom
410 1486 92 26 ständet,
520 1486 124 21 särskildt
639 1479 13 39 i
662 1486 71 21 denna
755 1484 68 28 fräga.
853 1485 71 21 Jemte
945 1484 37 22 det

147 1517 37 21 jag
199 1512 50 21 med
266 1513 84 27 obehag
366 1516 113 20 annoterar
495 1515 72 27 dylika
582 1516 95 20 attentat
698 1515 46 20 mot
765 1520 26 16 en
808 1514 27 21 fri
851 1513 129 26 diskussion,

148 1540 43 21 kan
204 1540 39 28 jag
258 1541 84 23 likvisst
358 1544 48 20 med
422 1543 50 27 lugn
487 1543 84 28 förbigä
587 1544 55 26 dem,
659 1544 92 21 emedan
764 1543 38 27 jag
818 1545 23 19 är
857 1542 124 28 öfvertygad
