1070 1739
372 124 40 17 Den
425 122 25 19 10
466 123 109 18 November.
820 121 39 21 571

63 185 115 28 sjelffallet,
196 187 32 21 att
241 186 44 27 jag,
302 186 27 21 då
342 186 36 27 jag
393 185 150 23 återhemtade
557 185 43 22 min
616 185 140 27 reservation,
772 186 48 22 icke
831 186 61 27 afsåg

63 215 60 20 detta
145 215 113 26 vilkorliga
280 214 170 27 slutpåstående,
466 216 53 20 utan
542 214 172 22 reservationens
734 214 58 22 förra
807 215 41 22 del.
864 226 28 4 —

63 243 56 21 Herr
134 243 152 28 Björkenheim
301 243 127 27 refererade,
445 245 33 20 att
495 243 37 22 det
547 243 48 22 icke
611 243 61 22 alltid
692 245 24 20 är
731 243 67 27 gifvet
813 246 32 19 att
860 245 33 20 ett

64 272 74 21 arbete
154 273 70 21 skulle
240 271 64 22 blifva
319 272 93 27 skadligt
427 271 33 23 för
475 279 26 14 en
524 272 130 27 minderårig
670 272 70 21 under
756 274 26 19 12
798 273 23 20 år
841 273 51 21 eller

62 301 126 27 natt-tjenst
209 301 34 21 för
265 307 26 15 en
313 301 67 21 sådan
398 301 68 22 under
484 303 25 19 18
526 301 30 21 år.
587 301 43 22 Det
646 303 24 18 är
685 301 55 21 visst
755 301 88 27 möjligt,
860 303 33 19 att

61 329 49 22 icke
133 330 52 21 hvar
208 329 41 22 och
265 335 24 16 en
306 329 69 22 skulle
390 332 52 25 taga
457 329 70 22 skada
542 329 23 22 af
579 331 33 20 att
627 329 68 22 redan
710 329 36 22 vid
761 330 92 26 tidigare
869 330 24 21 år

62 357 65 22 blifva
142 360 109 25 upptagen
267 357 22 22 af
302 359 69 26 någon
386 358 220 28 arbetsutpressning,
623 365 48 15 men
682 358 36 21 vill
728 358 51 22 herr
788 359 104 27 Björken-

62 387 57 21 heim
134 387 33 22 för
183 387 65 21 dessa
263 387 111 22 sanrolika
388 387 161 27 undantagsfall
567 387 84 21 riskera
665 387 77 21 helsan
757 387 33 22 för
804 387 88 27 plurali-

63 417 59 20 teten
138 415 22 22 af
174 416 100 21 arbetare
288 416 35 21 vid
339 416 69 21 denna
426 416 74 21 älder?
530 416 67 22 Detta
618 416 51 27 vilja
692 415 130 23 ätminstone
845 416 47 21 icke

63 444 26 22 de
105 444 117 22 utländska
241 444 93 27 lagarna,
358 450 34 16 om
407 445 74 21 hvilka
493 444 38 28 jag
546 444 67 22 redan
629 444 106 27 andragit.
765 445 49 21 Alla
829 445 62 21 deras

63 472 135 28 stadganden
214 475 37 19 äro
268 473 131 27 ovilkorliga.
429 474 74 26 Nägra
518 473 58 27 goda
591 473 65 22 motiv
667 473 33 21 för
710 473 112 28 vilkorliga
833 473 59 22 stad-

62 502 84 27 ganden
161 502 129 22 härutinnan
306 502 90 27 specielt
410 502 40 22 hos
466 508 37 16 oss
520 508 64 22 synas
600 502 44 27 mig
659 502 47 21 icke
721 502 70 22 heller
810 508 51 16 vara
871 501 24 23 af

63 530 26 22 de
106 531 66 21 ärade
188 531 96 21 talarene
298 530 132 23 framhällna.
450 542 23 4 —
491 532 56 20 Herr
562 530 153 28 Björkenheim
730 531 67 27 ansäg
811 532 80 24 vidare,

62 561 33 20 att
111 566 35 15 om
160 560 54 21 barn
230 559 47 21 icke
292 560 67 21 redan
375 560 45 22 före
438 561 24 20 12
480 560 35 22 ärs
536 560 60 21 älder
618 560 33 20 till
667 559 130 27 dagsarbete
812 562 80 20 använ-

64 588 45 27 des,
126 588 70 22 skulle
212 588 27 22 de
256 588 31 22 slä
302 588 33 28 sig
349 589 29 27 pä
392 589 124 21 latbänken.
547 589 51 21 Men
613 588 68 22 sedan
696 588 119 22 folkskolor
824 588 69 22 blifvit

61 617 40 22 hos
118 623 35 16 oss
169 616 90 27 införda,
276 619 23 19 är
314 618 37 21 det
365 618 112 27 pätagligt,
495 619 33 20 att
543 617 93 22 barnens
652 617 32 21 tid
691 617 97 22 kommer
798 619 33 20 att
843 624 50 21 upp-

63 647 61 26 tagas
141 645 22 22 af
175 646 137 22 verksamhet
327 646 7 21 i
349 646 128 26 folkskolan,
494 646 41 22 och
551 646 111 22 dessutom
678 646 23 21 af
710 646 95 27 inöfning
815 652 78 21 genom

61 674 145 22 föräldrarnes
221 674 129 22 medverkan
365 675 32 21 uti
413 675 110 27 åtskilliga
536 674 137 28 hemslöjder.
690 685 25 5 —
733 675 106 27 Slutligen
849 675 44 21 till-

63 703 56 22 läter
132 704 38 27 jag
185 703 43 27 mig
241 710 102 21 upprepa,
360 705 33 21 att
408 710 49 15 man
472 704 41 21 hos
529 710 35 15 oss
580 704 7 21 i
603 704 70 21 denna
687 703 62 28 fräga
763 704 48 22 icke
826 704 67 22 borde

62 732 47 22 helt
125 732 40 22 och
180 732 68 22 hället
264 732 62 28 skilja
341 733 33 27 sig
388 732 47 22 frän
451 732 105 22 utländsk
571 732 42 28 lag,
629 734 53 20 utan
697 734 52 26 taga
763 732 83 28 hänsyn
861 732 32 22 till

62 761 57 22 hvad
133 761 7 21 i
156 761 78 22 sädant
250 760 101 23 afseende
366 762 28 26 pä
404 762 83 21 utrikes
499 763 59 20 orter
568 760 68 23 finnes
648 761 109 27 stadgadt.
782 762 33 20 De
826 761 66 21 ärade

63 790 74 26 talare,
161 796 47 15 som
230 790 62 28 yrkat
313 790 28 27 pä
364 792 32 20 att
418 790 121 22 utskottets
556 790 138 22 betänkande
710 790 69 22 skulle
795 791 98 26 antagas,

63 818 71 27 hafva,
151 818 71 22 sävidt
237 818 37 28 jag
288 819 42 21 kan
345 819 101 27 påminna
459 819 52 27 mig,
527 819 7 21 i
549 818 52 22 flere
616 819 68 21 andra
698 818 37 22 fall
746 819 105 27 åberopat
861 818 34 28 sig

63 847 30 27 pä
107 848 103 21 utländsk
225 847 42 27 lag,
284 854 48 15 men
347 848 7 21 i
370 848 70 22 denna
454 847 64 28 fräga
533 854 64 22 synas
614 848 26 22 de
654 848 47 21 helt
716 848 41 22 och
766 848 68 21 hället
843 847 52 28 vilja

63 876 111 28 negligera
189 876 129 22 densamma.

133 905 99 22 Friherre
246 905 102 27 Wrede,
372 905 93 27 August:
496 905 43 27 Jag
553 905 40 22 ber
607 905 57 21 blott
679 906 33 20 att
726 904 22 22 fä
762 904 75 22 förena
851 904 44 28 mig

66 934 49 21 med
130 934 50 21 herr
194 940 42 15 von
252 933 115 22 Bonsdorff
380 934 8 21 i
402 934 55 21 hans
473 933 89 28 förslag,
579 934 79 21 sädant
673 934 42 21 han
730 934 8 21 i
755 934 38 21 sitt
807 935 87 20 senaste

69 963 138 26 andragande
223 962 103 22 förklarat
341 963 43 25 det,
394 963 40 21 och
443 962 98 22 anhäller
549 964 33 20 att
590 963 90 21 ärendet
691 962 70 22 blefve
775 962 120 22 äterremit-

65 991 73 22 teradt
153 991 32 21 till
201 991 114 26 utskottet,
331 990 33 23 för
380 993 32 20 att
426 991 129 22 formuleras
570 991 8 21 i
593 991 79 22 sädant
687 990 61 29 syfte.

132 1020 56 21 Herr
203 1020 190 27 Montgomery:
424 1019 34 22 Dä
477 1020 40 27 jag
540 1022 76 19 senast
637 1020 57 21 hade
714 1020 69 26 ordet,
799 1019 97 27 förbisäg

63 1049 38 27 jag
117 1049 32 21 att
164 1049 50 21 herr
229 1055 41 16 von
285 1048 125 23 Bonsdorffs
425 1049 136 22 reservation
576 1049 48 21 icke
639 1048 133 22 innefattade
783 1055 27 15 en
822 1048 74 21 anhäl-

66 1077 36 22 lan
117 1083 35 16 om
168 1077 130 22 äterremiss.
328 1077 42 28 Jag
393 1077 69 22 skulle
485 1084 31 15 nu
530 1077 28 22 be
574 1079 33 20 att
621 1077 23 22 fä
658 1077 33 22 för
705 1077 44 22 min
765 1077 34 22 del
814 1077 83 27 päyrka

65 1106 123 22 återremiss
204 1106 7 21 i
228 1106 36 22 det
280 1105 61 28 syfte,
356 1106 51 22 herr
421 1113 41 15 von
477 1106 130 22 Bonsdorffs
622 1106 133 22 reservation
770 1105 125 22 innehåller.

133 1135 57 22 Herr
205 1135 161 27 Schauman,
388 1135 26 22 B.
438 1135 36 22 O.:
506 1135 44 22 Det
564 1141 38 16 var
617 1135 89 22 alldeles
721 1134 33 22 för
769 1135 126 26 detsamma,

66 1170 47 15 som
127 1163 51 22 herr
193 1164 149 27 Montgomery
361 1164 91 27 yttrade,
473 1169 49 16 som
537 1164 38 27 jag
592 1163 96 28 begärde
704 1164 67 21 ordet.
801 1163 42 27 Jag
858 1165 38 20 ön-

67 1193 68 21 skade
151 1193 40 21 ock
208 1194 32 20 att
255 1192 126 28 paragrafen
397 1193 67 21 mätte
480 1193 172 21 äterremitteras
668 1192 32 22 för
718 1192 157 27 omredigering
889 1192 8 21 i

66 1221 37 22 det
119 1221 62 28 syfte,
197 1221 50 22 herr
262 1227 41 16 von
318 1221 125 22 Bonsdorffs
454 1221 135 22 reservation
597 1221 125 27 innehåller,
734 1221 103 22 särskildt
847 1221 49 21 med

65 1249 102 23 afseende
183 1250 13 21 å
213 1250 168 28 läkareintygen.

133 1279 56 22 Herr
212 1279 144 22 Järnefelt:
387 1279 74 22 Under
484 1278 157 27 förutsättning
663 1279 33 20 att
713 1278 116 27 höglofliga
843 1278 53 21 Rid-

66 1307 119 28 derskapet
208 1307 41 22 och
271 1307 69 22 Adeln
362 1307 97 22 besluter
479 1307 34 22 till
529 1314 26 15 en
569 1307 100 22 anhållan
684 1307 40 22 hos
740 1307 106 28 styrelsen
862 1313 34 15 om

64 1336 134 27 proposition
214 1336 33 21 till
270 1342 25 15 en
314 1336 80 27 speciel
410 1336 42 27 lag,
476 1336 95 21 rörande
585 1336 155 27 minderåriges
756 1335 141 22 användande

65 1365 36 21 vid
117 1364 76 27 fabrik,
210 1365 95 22 anhäller
318 1365 38 27 jag
372 1366 32 20 att
418 1365 161 21 vördsammast
593 1364 22 21 få
629 1364 87 22 förorda
738 1363 122 28 antagande
876 1363 23 22 af

64 1393 120 22 utskottets
200 1394 137 22 betänkande
352 1393 7 22 i
376 1395 10 20 1
404 1393 40 22 och
460 1395 13 20 2
488 1399 87 16 momm.
592 1393 22 21 af
628 1393 70 22 denna
714 1394 26 20 34
756 1393 17 28 $,
789 1394 23 26 ty
828 1392 68 22 ehuru

65 1429 27 15 en
108 1422 35 22 del
158 1422 90 22 arbeten
262 1423 73 20 kunna
350 1429 52 15 vara
418 1422 100 27 skadliga
533 1422 32 22 för
580 1422 82 26 helsan,
686 1421 68 22 finnes
777 1427 26 16 en
819 1421 79 27 mängd

65 1451 82 22 sådana
162 1451 24 21 af
200 1451 26 22 de
242 1451 35 22 vid
292 1451 70 22 fabrik
378 1451 40 22 och
433 1451 56 21 bruk
505 1450 183 27 förekommande,
698 1450 73 22 hvilka
781 1449 116 27 ingalunda

65 1481 38 20 äro
119 1480 43 26 det,
179 1480 73 21 såsom
268 1480 36 21 det
319 1479 23 22 af
355 1479 50 22 herr
419 1479 109 21 Mechelin
544 1479 135 27 omnämnda,
694 1478 39 22 och
743 1478 154 22 företrädesvis

65 1508 75 22 arbete
154 1508 8 21 i
176 1507 40 23 fria
230 1508 75 26 luften,
321 1508 91 26 radning
427 1507 23 22 af
462 1508 49 26 ved,
528 1508 100 21 bokande
644 1507 24 22 af
681 1509 49 19 sten
745 1507 35 21 vid
792 1506 105 28 jernbruk

65 1536 40 22 och
128 1536 52 23 flere
202 1537 74 27 andra,
300 1536 40 22 och
363 1536 28 22 då
414 1536 80 22 abusus
510 1543 44 15 non
570 1536 54 22 tollit
638 1542 70 20 usum,
724 1535 109 22 missbruk
848 1535 48 22 icke
