1070 1739
182 124 42 21 880
458 126 40 19 Den
515 125 26 20 30
557 127 109 18 November.

152 189 71 27 styrkt
238 195 76 21 genom
328 189 89 22 friherre
432 196 41 15 von
489 190 69 22 Troils
575 192 87 20 senaste
676 189 107 29 yttrande,
801 189 27 21 då
843 189 42 21 han
901 189 27 26 på
939 189 36 22 det

152 220 107 19 varmaste
281 218 112 22 förordade
413 219 41 21 den
469 218 22 22 af
504 219 50 22 herr
569 219 123 27 Lagerborg
711 218 122 27 föreslagna
850 218 64 21 linien
929 218 46 21 från

152 247 88 21 Urdiala
256 246 58 22 öfver
329 247 131 28 Björneborg
480 248 32 21 till
527 249 141 20 Nikolaistad.
698 247 43 27 Jag
760 247 39 22 ber
814 254 26 15 en
855 247 58 25 hvar,
929 253 46 15 som

152 275 35 22 vill
203 276 66 21 tänka
284 277 32 26 sig
330 277 84 21 landets
431 277 106 22 blifvande
551 277 146 27 jernvägsnät,
714 278 34 19 att
767 276 72 21 blicka
857 277 28 26 på
900 276 74 21 kartan

153 304 41 21 och
210 311 23 15 se
249 305 55 21 huru
319 311 26 16 en
361 305 66 22 sådan
442 306 56 21 bana
513 312 46 15 som
575 305 183 28 Loimijokibanan
773 305 68 21 skulle
849 305 85 22 komma
944 307 32 19 att

153 335 51 25 taga
227 334 33 26 sig
282 336 29 19 ut.
342 335 41 21 Om
406 335 40 21 den
468 335 80 27 bygges
572 335 25 21 så
612 341 45 15 som
678 335 42 21 den
735 334 112 27 föreslogs,
864 334 25 21 så
904 336 23 19 är
942 334 33 21 väl

152 364 108 20 närmaste
270 363 78 27 följden
364 363 61 22 deraf
439 364 46 25 den,
503 366 32 19 att
550 370 49 15 man
614 364 35 21 vid
664 365 65 20 nästa
746 363 103 26 landtdag
863 362 67 22 fäster
945 362 30 22 af-

153 391 79 22 seende
256 392 72 21 dervid
350 394 34 19 att
406 393 36 20 det
463 393 48 21 icke
535 395 24 19 är
581 399 59 15 mera
660 395 26 19 än
710 394 27 19 30
760 392 36 21 mil
816 391 46 22 från
882 392 93 21 Nikolai-

153 421 49 20 stad
223 420 32 21 till
271 421 105 27 Uleåborg
392 421 40 21 och
450 423 32 19 att
501 422 38 20 der
554 421 68 21 finnas
642 422 42 26 två,
705 423 34 19 tre
759 421 52 21 eller
826 420 45 28 fyra
886 421 89 21 småstä-

153 449 37 21 der
205 449 29 27 på
248 451 73 25 vägen.
352 450 50 20 Man
421 449 112 22 fortsätter
549 450 85 22 således
653 450 71 22 denna
739 450 57 20 bana
815 449 39 21 och
871 449 28 21 då
914 449 61 21 hafva

152 477 20 21 vi
187 478 47 21 icke
250 480 32 19 ett
294 479 139 27 jernvägsnät
454 478 33 22 för
509 479 89 21 Finland
614 480 51 20 utan
681 479 20 21 vi
717 477 64 22 hafva
794 478 119 28 jernvägar,
930 484 44 15 som

151 506 51 27 löpa
217 506 61 28 långs
294 508 77 21 kusten
388 508 38 20 och
442 507 70 22 lemna
531 508 35 21 nio
587 508 135 21 tiondedelar
742 507 22 21 af
777 507 76 21 landet
867 509 52 19 utan
935 507 40 21 alla

150 535 115 27 jernvägar
287 536 66 21 under
376 536 125 22 återstoden
524 536 23 22 af
567 536 153 22 århundradet.
751 536 66 21 Detta
836 542 57 20 vore,
911 536 64 26 enligt

152 564 48 21 mitt
208 565 70 27 tycke,
288 572 26 14 en
321 565 88 27 ytterlig
418 566 103 21 orättvisa
534 567 58 20 emot
602 566 36 21 det
652 565 69 27 öfriga
735 565 79 21 landet.
846 564 59 22 Skall
915 564 60 27 fråga

152 600 29 14 nu
197 594 79 26 uppstå
292 600 32 15 om
340 594 71 26 någon
426 594 174 27 bansträckning,
617 594 25 22 sä
657 594 69 27 gifver
742 594 38 27 jag
795 594 125 26 obetingadt
935 594 40 20 den

152 622 23 21 af
195 622 109 22 utskottet
326 622 136 22 härförinnan
484 623 121 26 förordade,
628 623 46 21 frän
698 622 142 22 Tammerfors
864 624 57 20 öster
942 629 33 15 om

152 651 108 27 Näsijärvi
268 652 31 20 till
308 652 71 21 Etseri
388 652 39 21 och
436 652 93 21 derifrän
537 652 33 21 till
578 652 142 26 Nikolaistad,
730 652 124 21 företrädet.
876 652 46 21 Den
934 651 41 21 för-

152 686 36 15 ser
204 680 128 22 ätminstone
349 687 25 15 en
392 681 33 21 del
441 681 22 21 af
477 681 26 21 de
519 681 46 21 inre
580 683 72 19 vestra
668 681 88 21 delarna
771 680 23 22 af
807 680 74 22 landet
891 680 48 22 med
950 687 25 15 en

154 708 68 22 sädan
238 709 182 22 kommunikation
436 710 39 21 och
490 710 39 21 har
545 716 25 16 en
586 710 79 27 mängd
681 710 69 21 andra
764 709 129 26 företräden,
905 709 71 22 hvilka

152 738 40 20 här
214 738 67 21 redan
304 738 67 22 blifvit
391 739 25 21 sä
434 739 77 27 många
534 739 81 27 gånger
629 738 135 27 framhällna,
781 740 33 20 att
826 738 38 28 jag
878 738 47 21 icke
940 738 35 22 vill

152 768 68 20 trötta
236 767 85 21 ständet
336 768 49 20 med
400 769 32 19 att
447 774 96 21 upprepa
559 768 53 21 dem.

220 796 56 21 Herr
291 796 209 27 Pippingsköld:
531 797 42 26 Jag
589 796 95 22 anhäller
700 798 33 19 att
748 796 55 21 blott
818 796 49 21 med
881 802 39 20 par
938 796 37 21 ord

150 824 22 21 fä
187 824 70 22 lemna
273 825 41 21 den
328 825 127 27 upplysning
471 826 32 20 att
520 825 118 27 ingalunda
655 827 72 20 staten
743 825 7 21 i
765 825 78 27 Norige
860 824 76 22 endast
952 826 23 20 är

151 859 25 15 en
197 854 71 26 vanlig
289 854 129 26 aktieegare,
439 854 72 21 säsom
531 854 49 22 herr
598 852 106 24 Mechelin
721 854 118 25 anmärkte,
855 854 32 20 uti
903 853 25 21 de
943 853 31 21 bi-

150 882 67 22 banor
232 882 6 21 i
254 882 72 22 hvilka
342 889 26 15 en
385 883 33 21 del
433 883 126 21 kommuner
566 883 62 21 hafva
639 885 70 19 större
720 882 69 22 andel.
814 882 79 26 Hellre,
906 882 68 22 skulle

148 910 38 28 jag
201 913 40 24 tro,
257 912 43 20 kan
315 918 48 14 man
379 911 57 21 kalla
454 912 153 21 kommunerne
628 910 274 29 obligationsinnehafvare.
933 910 40 22 Ge-

151 946 49 14 nom
216 942 32 19 ett
263 940 94 27 exempel
373 940 102 27 upplyses
491 941 60 20 detta
570 941 55 20 bäst.
656 941 48 21 Den
723 940 86 26 längsta
825 940 89 27 jernväg
929 946 45 15 som

151 968 80 27 Norige
247 975 29 14 nu
291 969 37 21 har
344 971 24 19 är
383 969 41 21 den
439 975 46 15 som
501 969 109 27 öppnades
620 969 70 22 denna
700 975 101 20 sommar,
813 970 56 20 samt
879 969 95 21 sträcker

151 997 32 26 sig
206 997 67 26 högre
288 1004 42 21 upp
346 999 45 20 mot
413 998 80 21 norden
509 1000 27 19 än
552 999 69 26 någon
637 1005 76 19 annan,
731 997 40 22 och
787 997 6 21 i
809 1003 26 15 en
851 997 122 26 sträckning

151 1026 56 21 ända
222 1026 32 21 till
270 1026 134 28 Trondhjem.
437 1027 10 20 I
463 1027 69 21 denna
545 1027 191 27 jernvägssträcka
752 1026 86 27 deltaga
853 1028 32 19 tre
902 1026 12 21 &
928 1025 45 28 fyra

149 1060 95 21 grupper
259 1054 23 22 af
302 1055 124 22 kommuner
441 1056 48 21 med
505 1056 58 21 vissa
578 1056 85 27 bidrag;
686 1055 26 22 sä
727 1055 69 21 finnes
812 1055 37 22 det
864 1061 25 15 en
905 1061 67 21 grupp

150 1089 46 15 som
212 1084 48 21 med
276 1090 26 15 en
317 1084 100 21 femtedel
432 1084 22 21 af
467 1085 121 20 kostnaden
603 1084 33 22 för
651 1084 159 27 anläggningen
827 1083 99 22 omfattar
937 1084 36 21 de-

149 1112 35 21 len
200 1112 223 28 Trondhjem-Stören,
440 1119 26 15 en
482 1120 69 15 annan
572 1113 34 22 del
627 1119 46 16 som
688 1113 52 22 med
760 1119 25 15 en
801 1113 112 21 niondedel
929 1119 43 14 om-

149 1140 67 22 fattar
231 1141 63 22 delen
310 1141 165 22 Stören-Aamot
490 1142 39 21 och
546 1149 25 14 en
588 1142 68 27 tredje
664 1148 70 21 grupp
744 1148 46 15 som
801 1141 100 22 omfattar
912 1141 61 22 delen

148 1170 201 27 Fidsvold-Hamar,
366 1170 39 22 och
421 1171 80 21 kanske
518 1173 56 18 ännu
591 1177 25 15 en
632 1171 74 27 fjerde.
738 1170 48 21 Alla
801 1171 64 20 dessa
880 1176 92 21 grupper

148 1198 71 21 lemna
234 1199 56 21 blott
306 1199 63 22 dessa
384 1199 81 22 mindre
485 1200 75 27 bidrag
579 1206 45 15 som
643 1200 26 21 de
688 1199 97 22 inbetala
800 1199 57 21 inom
873 1201 32 19 ett
919 1199 53 20 visst

149 1229 71 20 större
242 1228 59 21 antal
323 1228 30 21 är.
384 1227 76 22 Staten
483 1228 67 27 gifver
573 1229 48 20 dem
643 1228 64 27 ingen
728 1227 105 28 rättighet
848 1227 35 22 vid
899 1227 73 28 sjelfva

147 1255 157 28 förvaltningen
326 1257 52 21 eller
392 1256 7 21 i
415 1257 139 26 direktionen,
578 1257 27 22 de
627 1257 63 21 hafva
714 1257 39 21 der
774 1257 64 26 ingen
860 1257 46 20 röst
921 1256 51 21 eller

148 1287 100 25 stämma;
265 1292 49 15 men
329 1286 24 21 sä
368 1287 60 20 snart
444 1286 25 21 de
485 1286 82 21 betalat
582 1285 50 22 hela
647 1286 110 27 beloppet,
774 1291 46 16 som
835 1285 28 27 pä
876 1285 48 21 dem
935 1291 36 15 an-

147 1313 103 27 kommer,
267 1314 40 21 och
322 1314 90 21 såframt
427 1314 69 21 banan
511 1314 68 27 gifver
595 1314 69 28 någon
680 1314 83 27 verklig
778 1314 161 25 nettoinkomst,
950 1313 21 21 få

148 1342 26 22 de
190 1343 98 27 uppbära
304 1343 32 21 sin
351 1343 64 22 andel
430 1343 6 21 i
452 1343 156 27 behållningen.
640 1343 40 22 Om
695 1345 74 20 staten
786 1343 37 21 der
839 1343 54 20 skall
904 1342 66 21 kallas

147 1371 130 28 aktieegare,
302 1371 24 22 så
348 1374 24 19 är
396 1372 40 21 den
459 1372 129 21 åtminstone
609 1372 40 21 den
666 1372 153 21 dominerande
835 1371 136 27 aktieegaren

147 1401 39 20 och
203 1401 25 20 så
244 1400 50 22 vida
308 1403 80 24 vägnar
404 1401 157 26 dominerande,
578 1402 32 20 att
626 1401 41 22 den
685 1401 141 26 smalspåriga
844 1400 71 21 banan
925 1399 46 22 från

147 1427 130 24 Christiania
292 1436 42 21 upp
350 1429 23 22 ät
388 1429 128 28 Trondhjem
531 1430 34 21 väl
581 1431 24 20 är
618 1436 34 15 om
662 1430 72 27 någon
745 1429 7 21 i
762 1429 79 27 Norige
853 1435 25 15 en
889 1430 81 20 statens

146 1458 120 21 stambana.

214 1486 56 21 Herr
286 1493 40 15 von
342 1486 147 22 Frenckell:
519 1486 30 22 Pä
565 1487 67 27 grund
649 1486 23 22 af
686 1486 26 22 de
730 1486 47 21 skäl
793 1492 46 15 som
854 1486 39 21 här
908 1485 61 22 fram-

144 1514 61 22 lades
229 1514 23 22 af
272 1516 50 21 herr
343 1515 107 22 Mechelin
465 1515 40 22 och
521 1522 46 15 som
582 1516 28 26 pä
632 1515 148 27 förmiddagen
797 1514 136 22 omnämndes
949 1514 22 22 af

144 1543 75 22 herrar
234 1544 108 22 Snellman
358 1544 41 22 och
414 1544 111 22 Molander
540 1550 63 16 anser
618 1544 60 23 äfven
690 1544 41 28 jag
747 1546 32 20 att
798 1543 66 28 nägot
879 1543 93 28 uppskof
