1070 1739
196 124 41 19 736
478 127 40 17 Den
535 125 26 18 22
577 126 109 18 November.

235 187 56 22 Herr
305 188 137 22 Molander
457 189 68 21 utbad
540 189 34 27 sig
588 196 29 15 nu
633 189 63 22 ordet
711 189 41 22 och
767 189 59 27 afgaf
838 189 95 28 följande
948 191 42 26 ytt-

167 216 67 21 rande
254 217 49 21 med
320 217 114 28 anledning
449 217 22 22 af
485 218 60 21 detta
560 218 148 22 betänkande:
739 219 34 20 Då
785 219 38 26 jag
839 219 76 26 begärt
930 219 62 21 ordet

167 245 32 21 uti
215 245 60 22 detta
291 246 85 27 ärende,
392 245 34 22 får
438 247 38 27 jag
490 247 77 21 främst
575 247 70 21 uttala
656 249 32 20 ett
699 247 138 22 erkännande
848 247 23 21 af
877 247 41 22 den
928 248 64 21 möda

168 273 171 23 Statsutskottet
356 275 90 26 nedlagt
459 275 29 27 på
503 275 141 22 förevarande
659 276 139 21 betänkande
815 276 40 21 och
871 275 68 22 tillika
954 276 37 21 be-

170 303 64 26 klaga
250 305 33 19 att
297 304 108 21 utskottet
420 303 70 22 funnit
505 305 48 20 skäl
568 305 33 20 till
616 305 51 21 flere
684 305 171 26 anmärkningar.

235 332 48 21 Den
305 332 63 22 korta
390 333 61 22 tiden
473 333 67 22 sedan
559 333 150 22 betänkandet
728 333 114 22 utdelades
859 333 40 22 och
914 333 77 27 många

168 360 180 27 embetsgöromål
370 361 64 22 hafva
456 362 19 27 ej
499 362 75 21 tillåtit
588 362 44 27 mig
646 364 33 19 att
694 363 51 26 ingå
760 363 7 20 i
781 362 132 27 granskning
928 361 22 22 af
965 362 26 21 de

167 389 164 27 anmärkningar
350 396 46 15 som
418 391 69 27 gjorts
503 392 46 20 mot
563 391 109 27 åtskilliga
686 391 72 22 siffror
772 391 32 21 uti
820 391 41 21 den
877 390 22 22 af
913 390 77 21 finans-

167 418 150 26 expeditionen
332 419 79 27 afgifoa
425 419 92 22 relation
532 425 34 15 om
583 420 143 21 statsverkets
742 419 105 22 tillstånd.
872 420 65 20 Detta
947 419 43 21 till-

166 446 50 22 fälle
238 447 41 21 och
302 448 60 20 detta
383 454 47 15 rum
452 448 63 21 torde
534 448 18 27 ej
573 448 67 22 heller
654 448 73 28 lämpa
743 448 32 27 sig
791 448 77 22 dertill.
898 448 41 26 Jag
953 448 37 21 vill

168 474 84 22 derföre
267 476 77 22 endast
358 476 112 22 framhålla
485 478 32 20 att
533 477 97 26 orsaken,
647 477 100 22 hvarföre
763 477 110 27 åtskilliga
887 477 7 21 i
904 476 86 22 relatio-

166 510 40 14 nen
227 504 85 27 angifna
329 504 70 22 siffror
413 506 92 21 rörande
519 506 126 26 inkomster,
662 506 96 27 utgifter,
774 506 124 26 behållning
912 512 26 14 m.
955 512 34 20 m.,

167 532 46 21 dels
237 533 18 27 ej
280 535 36 19 äro
335 533 49 22 fullt
402 534 78 22 exakta
495 535 46 21 dels
558 535 18 27 ej
593 537 192 19 sammanstämma
799 534 49 22 med
863 534 46 21 från
926 536 65 19 annat

166 560 43 22 håll
226 562 94 21 erhållna
335 562 114 28 uppgifter,
465 564 76 20 härrör
556 563 61 22 deraf
631 565 33 20 att
678 563 139 28 uppgifterna
832 564 7 20 i
855 563 69 21 denna
937 563 53 21 lika-

166 596 47 15 som
236 590 7 21 i
266 591 26 21 de
314 591 138 22 härförinnan
475 591 79 27 afgifna
572 592 113 22 enahanda
700 592 145 22 relationerna
860 592 82 26 grunda
957 592 33 26 sig

166 618 139 23 uteslutande
323 620 29 27 på
370 620 26 22 de
412 621 143 21 summariska
569 621 150 27 räkningarne.
750 622 67 20 Detta
832 620 158 28 förfaringssätt

166 648 40 20 har
227 648 119 27 iakttagits,
362 650 90 21 emedan
475 650 225 27 specialräkningarne
724 656 76 15 senare
823 650 107 21 inkomma
950 649 40 21 och

167 676 67 27 derpå
249 678 109 26 grundade
373 678 200 27 kapitalräkningar
588 679 18 27 ej
622 679 73 21 kunna
705 679 34 21 för
750 679 25 21 de
787 678 141 22 sistförflutna
938 678 51 21 åren

167 707 121 25 upprättas,
311 713 47 15 men
381 706 218 28 finansexpeditionen
620 708 55 21 dock
692 708 58 21 velat
764 708 7 20 i
786 708 119 21 relationen
920 707 70 21 lemna

167 740 27 15 en
216 734 102 28 öfversigt
336 735 23 21 af
376 736 127 26 ställningen
521 736 62 21 äfven
597 736 33 22 för
645 737 66 21 dessa
726 736 30 21 år.
787 736 47 21 Den
850 736 22 21 af
885 736 104 21 finansex-

166 762 125 27 peditionen
311 764 78 26 afgifna
409 765 118 21 relationen
546 765 63 21 torde
627 765 63 22 äfven
704 766 55 20 böra
773 764 119 26 betraktas,
909 764 81 22 hvilket

165 792 101 21 rubriken
285 792 60 22 äfven
362 794 95 26 antyder,
474 794 71 21 såsom
562 800 27 15 en
603 794 119 22 berättelse
739 794 40 21 och
795 794 18 26 ej
830 794 71 20 såsom
917 800 25 14 en
957 800 32 14 »e-

165 820 106 26 dogörelse
292 820 32 22 för
343 822 27 21 de
390 822 107 22 särskilda
516 822 114 22 fondernas
647 822 109 26 ställning.
788 822 48 21 Men
853 823 7 20 i
875 822 114 21 framdeles

164 848 120 27 afgifvande
300 850 115 22 relationer
430 851 39 21 bör
483 858 50 14 man
544 851 53 21 söka
608 853 32 19 att
649 851 55 22 efter
712 851 139 27 möjligheten
860 850 130 22 förekomma

166 878 148 26 oriktigheter.
344 879 43 21 Det
403 886 76 20 genom
494 880 80 26 nådiga
588 880 64 27 kung.
670 880 41 22 den
722 882 26 19 19
758 880 49 21 Okt.
819 881 54 19 1876
882 880 108 26 påbjudna

165 906 129 22 förändrade
310 909 44 19 sätt
369 908 33 21 för
413 908 173 27 uppställningen
595 908 22 22 af
622 908 240 28 landträkenskaperna
870 908 39 21 bör
918 908 73 21 kunna

166 936 52 25 göra
232 936 174 27 räkenskaperna
421 937 7 20 i
444 937 117 21 allmänhet
575 938 105 26 redigare.

234 963 62 22 Efter
318 965 60 21 detta
400 965 63 22 korta
485 965 141 22 meddelande
646 966 39 21 ber
701 966 39 27 jag
756 967 32 19 att
801 965 23 21 få
838 965 71 22 lemna
924 965 66 27 några

165 992 153 27 upplysningar
340 993 133 23 beträffande
492 995 26 20 de
537 994 203 27 hufvudsakligaste
758 994 169 27 anmärkningar,
944 1000 46 15 som

164 1021 70 21 blifvit
249 1022 74 27 gjorda
338 1024 58 20 emot
411 1023 119 22 relationen
545 1023 56 22 hvad
616 1024 67 27 angår
693 1023 27 22 de
730 1022 22 22 af
759 1023 117 21 ständerna
885 1023 105 26 beviljade

166 1050 40 21 och
222 1051 67 20 andra
304 1051 106 22 likartade
425 1051 78 22 medel.

234 1079 63 22 Hvad
315 1086 29 15 nu
362 1080 56 21 först
435 1080 102 22 beträffar
555 1081 205 27 bevillningsmedlen
774 1080 40 21 har
829 1080 108 21 utskottet
953 1086 36 15 an-

164 1107 72 22 märkt
250 1115 49 20 pag.
316 1111 26 19 24
359 1111 33 20 att
406 1109 48 22 icke
469 1110 88 26 hälften,
573 1111 52 20 utan
642 1111 64 25 7,000
715 1109 60 22 mark
784 1109 82 21 mindre
875 1111 25 18 än
909 1108 81 21 hälften

165 1136 23 21 af
201 1136 166 28 skolstyrelsens
383 1139 45 20 stat
443 1139 69 26 bordt,
529 1139 67 26 enligt
610 1139 130 21 ständernas
756 1138 35 21 vid
808 1139 53 20 1872
878 1137 33 21 års
920 1137 70 21 landt-

165 1164 42 27 dag
222 1165 82 22 fattade
319 1167 78 26 beslut,
414 1167 23 22 af
448 1167 212 28 bevillningsmedlen
675 1167 116 26 bestridas,
809 1172 47 16 men
873 1167 32 20 att
920 1165 70 22 denna

164 1199 60 16 norm
241 1194 18 27 ej
276 1195 69 21 blifvit
360 1195 118 28 iakttagen,
495 1198 52 19 utan
563 1196 99 27 anslaget
672 1195 52 22 med
732 1195 67 27 några
807 1197 65 18 tusen
880 1194 61 21 mark
951 1200 39 20 per

164 1222 24 21 år
208 1223 70 21 skulle
297 1223 155 23 öfverskridits.
482 1225 39 25 Då,
538 1225 67 27 enligt
620 1223 92 28 uppgift,
729 1224 26 21 de
771 1223 47 22 från
832 1222 157 27 finansexpedi-

166 1251 72 21 tionen
260 1251 170 24 Statsutskottet
452 1253 95 28 långifna
569 1253 143 22 summariska
732 1252 143 27 räkningarne
886 1251 37 22 för
938 1251 52 21 åren

165 1281 55 20 1874
236 1281 42 20 och
295 1282 53 21 1875
365 1282 18 27 ej
399 1281 70 22 blifvit
483 1282 133 27 återställda,
632 1282 40 21 har
687 1282 37 27 jag
740 1281 18 27 ej
775 1281 55 21 varit
844 1280 5 21 i
862 1279 84 22 tillfälle
957 1281 33 20 att

163 1308 96 22 inhemta
274 1310 129 27 upplysning
419 1311 78 26 derom,
514 1311 56 21 huru
585 1311 89 21 härmed
691 1310 34 26 sig
740 1309 115 26 förhåller.

233 1337 79 22 Vidare
327 1338 40 22 har
382 1339 113 25 utskottet,
512 1346 48 21 pag.
577 1341 33 24 25,
627 1339 101 22 anmärkt
744 1339 33 20 att
790 1337 23 22 af
821 1337 118 22 relationen
950 1337 40 20 och

163 1368 99 20 närmare
278 1367 24 21 af
313 1367 79 27 nådiga
407 1369 161 26 propositionen
583 1374 35 15 n:o
635 1370 25 19 31
678 1368 60 27 (pag.
755 1369 22 24 3)
793 1365 197 33 inhemtas
909 1361 35 41 att
955 1361 40 41 be-

163 1394 171 27 villningsmedel
362 1397 104 22 användts
488 1397 33 22 för
543 1397 125 28 byggnader
691 1396 34 21 för
747 1395 242 22 folkskoleseminariers

162 1422 72 27 behof,
251 1431 50 15 men
316 1426 38 25 att,
371 1427 52 20 enär
438 1426 117 21 ständerna
569 1425 36 22 vid
622 1427 54 20 1872
694 1425 36 21 års
745 1424 103 26 landtdag
859 1423 79 21 uttalat
950 1422 40 33 den

164 1450 56 28 åsigt
236 1454 33 20 att
283 1453 49 27 inga
348 1453 123 27 byggnader
485 1454 33 22 för
534 1454 166 22 seminariernas
716 1452 67 22 behof
796 1453 53 21 böra
859 1451 49 21 med
916 1451 74 21 bevill-

162 1479 135 27 ningsmedel
313 1482 108 26 uppföras,
431 1484 52 20 utan
491 1483 27 21 de
528 1482 80 27 nödiga
617 1482 113 22 lokalerna
740 1482 73 20 kunna
823 1480 115 27 upphyras,
946 1480 45 26 sty-

162 1508 71 22 relsen
244 1509 56 21 hade
310 1510 64 21 bordt
384 1511 100 27 antingen
495 1511 115 21 underlåta
618 1510 136 28 uppförande
763 1509 22 22 af
792 1510 67 26 sagde
868 1508 123 32 byggnader

163 1536 52 22 eller
231 1538 41 21 ock
288 1538 46 22 icke
351 1539 74 22 anvisa
435 1540 118 22 kostnader
561 1540 33 21 för
603 1540 47 21 dem
658 1540 30 26 på
697 1537 221 28 bevillningsmedlen,
927 1543 63 15 innan
