1070 1739
176 115 41 19 618
459 118 39 17 Den
516 117 25 18 13
557 117 108 18 November.

147 179 47 26 ting
208 179 7 20 i
231 178 75 28 sjelfva
320 179 75 22 verket
410 180 88 21 hindrar
513 180 85 22 banken
614 181 33 20 att
656 179 100 22 förändra
767 179 106 22 kurserna
883 179 90 22 emellan

149 207 27 22 de
191 207 73 27 dagar,
281 208 28 21 då
324 209 64 21 dessa
403 209 82 22 åsättas
501 209 30 27 på
546 209 69 27 grund
632 208 22 22 af
667 209 153 27 noteringarna
834 209 29 26 på
875 209 98 26 Europas

148 236 82 27 börser,
246 243 49 15 men
310 243 34 16 om
359 237 84 22 banken
459 238 75 21 städse
550 237 55 22 skall
620 237 65 22 hafva
700 239 32 20 ett
746 238 51 27 pris,
816 237 55 22 efter
892 237 82 21 hvilket

147 265 57 22 både
219 265 43 28 köp
278 265 40 22 och
332 266 126 27 försäljning
473 267 56 21 skall
545 267 45 26 ske,
607 267 41 21 och
662 267 70 21 måste
748 267 61 21 anslå
825 267 109 21 desamma
941 265 33 22 för

148 295 33 20 att
196 294 56 27 gälla
266 294 34 22 för
315 301 25 16 en
355 295 79 27 mängd
448 296 167 25 transaktioner,
632 295 24 22 så
671 295 71 22 måste
758 301 26 15 en
800 295 94 28 objektiv
905 294 69 27 grund

148 324 90 25 antagas
262 323 32 22 för
311 324 216 27 prisbestämningen,
548 324 40 21 och
609 324 27 21 då
656 324 91 22 emellan
767 324 148 27 kursdagarna
934 323 39 22 hos

149 357 35 15 oss
208 351 78 22 saknas
310 359 26 14 en
359 353 57 27 dylik
438 353 75 27 grund,
531 353 25 22 så
571 353 40 21 blir
626 352 146 23 förhållandet
786 353 8 21 i
809 353 76 27 sjelfva
899 352 75 22 verket

149 379 43 27 det,
209 382 33 19 att
257 381 83 21 banken
356 381 90 22 emellan
462 381 150 28 kursdagarna
626 381 48 22 icke
691 388 67 21 gerna
773 382 42 21 kan
829 381 101 22 förändra
941 381 33 21 sin

148 409 105 27 notering.
284 410 87 21 Banken
393 411 42 20 kan
459 413 110 24 emottaga
587 410 254 27 privat-underrättelser
855 410 48 22 från
917 410 56 21 Lon-

149 437 47 27 don,
220 438 73 21 Berlin
315 438 41 22 och
374 439 109 27 Hamburg
503 441 34 19 att
557 446 25 14 en
598 439 124 27 förändring
737 439 7 21 i
758 439 87 27 prisena
860 439 28 27 på
903 439 70 27 mynt-

147 466 127 22 metallerna
290 467 39 21 och
345 467 85 22 således
446 468 31 21 uti
491 468 107 21 kurserna
613 470 24 19 är
652 470 34 19 att
693 470 74 24 vänta;
777 475 48 14 man
833 468 39 21 har
883 474 26 15 en
920 467 53 21 kän-

149 495 33 21 sla
201 494 62 22 deraf
280 496 28 26 på
327 496 108 27 börserna,
451 503 49 15 men
516 497 65 21 dessa
598 496 108 28 uppgifter
722 499 79 25 antaga
816 496 69 27 aldrig
901 497 33 21 ett
949 496 24 21 så

148 524 110 21 bestämdt
273 524 99 27 innebåll,
389 527 32 19 att
436 526 37 21 det
488 526 70 21 skulle
573 532 51 15 vara
640 526 84 27 möjligt
739 525 33 22 för
780 526 97 21 bankens
887 524 87 22 förvalt-

149 552 51 27 ning
219 554 33 20 att
270 553 66 27 något
354 554 24 21 så
393 556 38 20 när
446 555 81 26 precist
541 555 50 21 med
607 555 116 27 anledning
738 554 61 22 deraf
812 554 101 22 förändra
929 553 46 21 sina

150 581 76 27 priser.
257 582 11 20 I
290 588 27 16 en
339 589 70 15 annan
424 583 102 27 ställning
541 585 25 19 är
581 583 98 22 deremot
694 584 41 21 den
752 583 97 22 enskilde
864 582 110 22 bankiren.

151 610 49 21 Han
216 610 43 21 kan
274 610 29 28 på
318 612 68 26 grund
402 612 22 21 af
438 612 81 22 sådana
535 612 127 22 obestämda
678 612 82 22 notiser
778 614 52 25 göra
841 618 26 16 en
875 611 100 27 spekula-

150 639 52 26 tion,
223 645 26 15 en
266 640 52 21 eller
333 646 70 16 annan
418 640 59 27 affär,
493 640 32 22 för
540 641 86 21 hvilken
642 641 42 21 han
700 642 74 27 tycker
789 642 34 26 sig
837 641 73 21 kunna
923 640 54 21 bära

149 668 83 26 risken;
248 674 49 16 men
311 669 92 27 banken,
419 669 33 23 för
467 670 85 21 hvilken
567 670 106 22 affärerna
681 672 51 25 taga
744 669 103 27 ofantliga
857 669 118 22 demensio-

149 702 47 21 ner,
214 696 40 22 har
273 697 85 27 mycket
378 698 58 22 svårt
454 700 33 20 att
501 699 29 27 på
545 699 25 21 så
585 698 117 22 sväfvande
717 699 83 21 notiser
815 700 49 20 röra
879 698 34 27 sig
927 698 49 21 med

149 725 105 22 kurserna
275 726 54 22 fram
352 726 52 22 eller
426 727 94 22 tillbaka.
551 728 104 21 Deremot
674 728 43 21 blir
737 728 36 21 det
788 728 85 27 mycket
889 726 86 22 enklare

149 754 41 21 och
205 754 99 27 redigare
318 755 56 22 både
388 755 33 22 för
435 756 102 27 publiken
553 756 40 22 och
608 756 87 22 banken
712 758 32 20 att
758 756 86 22 banken
855 756 121 27 publicerar

150 782 47 22 sina
219 783 70 27 priser
310 784 56 22 blott
384 784 34 22 för
433 785 95 27 dagarna
543 785 55 22 efter
612 785 150 27 kursdagarna
777 785 13 21 &
805 784 171 22 verldsmarkna-

150 811 42 21 den
208 811 28 21 då
250 812 84 22 banken
349 813 39 22 har
404 813 26 22 de
445 813 60 22 fakta
519 814 33 21 för
568 816 84 25 ögonen
668 820 47 16 som
730 814 121 22 bestämma
864 814 111 25 kurserna,

149 846 49 16 men
214 840 130 23 deremellan
359 842 40 22 och
414 842 8 21 i
437 842 116 28 synnerhet
569 843 28 21 då
612 843 136 22 direktionen
762 842 40 22 har
817 842 71 28 någon
903 842 73 22 anled-

149 869 52 27 ning
219 871 33 19 att
271 869 117 23 förutsätta
403 871 85 22 svårare
504 870 155 29 förändringar,
676 872 36 21 må
728 871 135 22 direktionen
878 872 52 26 göra
946 870 30 22 af-

149 897 57 22 färer
226 898 32 21 till
280 898 25 22 de
320 900 76 26 priser,
412 906 46 16 som
473 900 196 22 öfverenskommas
685 900 93 22 emellan
793 900 85 22 banken
893 900 41 21 och
950 900 26 21 de

150 926 104 22 enskilde.
285 928 43 21 Det
348 930 24 20 är
386 928 47 22 icke
449 929 104 27 antagligt
569 931 32 19 att
616 930 37 21 det
668 929 71 22 skulle
754 928 65 23 blifva
834 929 82 21 sådana
931 928 45 22 svå-

150 955 96 26 righeter
260 955 34 22 för
308 956 26 22 de
350 957 103 27 enskilde,
469 957 45 22 ifall
529 957 194 22 bankdirektionen
740 957 70 22 skulle
820 957 58 22 hålla
889 959 31 19 ett
928 957 48 21 allt-

149 983 33 22 för
205 985 152 22 oresonnabelt
379 985 51 28 pris,
453 987 33 20 att
508 986 27 21 de
555 986 48 22 icke
622 986 41 22 hos
684 987 68 21 andra
766 986 144 27 inrättningar
925 986 52 21 eller

149 1012 191 28 privatbankerna,
366 1014 130 23 åtminstone
519 1015 7 21 i
548 1015 135 28 Helsingfors
700 1015 40 22 och
756 1015 26 22 de
797 1014 119 23 förnämsta
932 1016 44 20 stä-

151 1041 72 26 derna,
248 1041 53 22 eller
322 1042 40 22 hos
385 1043 96 22 enskilde
504 1043 115 22 affärsmän
642 1044 70 21 skulle
731 1044 73 21 kunna
819 1045 97 26 uppgöra
931 1044 47 21 sina

151 1069 83 27 affärer,
258 1071 42 21 och
319 1071 7 22 i
346 1073 73 20 värsta
439 1072 37 22 fall
490 1073 73 21 kunna
579 1073 26 21 de
620 1075 66 20 vänta
701 1073 33 21 till
751 1073 26 21 de
793 1073 73 26 dagar,
883 1072 28 21 då
926 1073 51 21 ban-

150 1098 42 22 ken
211 1100 88 21 noterar
314 1100 46 21 sina
376 1101 82 22 kurser.
488 1101 42 27 Jag
545 1101 40 22 har
599 1101 33 22 för
646 1102 43 21 min
708 1101 34 22 del
757 1101 49 22 icke
820 1101 54 22 känt
888 1101 43 27 mig
946 1100 31 22 öf-

149 1127 106 28 vertygad
271 1127 23 22 af
307 1128 56 22 hvad
378 1129 7 21 i
400 1130 108 21 utskottet
523 1129 81 22 anförts
620 1133 58 19 emot
693 1132 34 20 ett
737 1130 79 21 sådant
825 1129 86 28 förslag.
935 1130 43 21 Det

150 1162 63 21 synes
228 1157 51 26 mig,
296 1157 28 22 då
337 1164 50 15 man
403 1159 39 26 gör
457 1159 36 21 det
509 1159 94 27 anspråk
618 1161 33 20 att
665 1159 87 22 banken
768 1159 56 21 skall
839 1159 58 21 hålla
907 1158 70 21 mark-

149 1185 43 20 nad
206 1185 30 26 på
250 1185 117 23 utländska
381 1187 90 27 valutor,
481 1189 32 20 att
520 1194 50 15 man
584 1188 71 21 kunde
672 1188 131 21 åtminstone
818 1187 91 22 förunna
925 1187 53 21 ban-

149 1213 43 22 ken
208 1213 37 22 det
261 1215 33 20 att
308 1215 48 22 icke
371 1215 92 22 behöfva
477 1216 58 21 hålla
551 1217 69 21 denna
635 1216 106 22 marknad
756 1223 47 15 mer
818 1218 27 19 än
861 1216 36 21 två
913 1216 66 27 dagar

150 1241 7 22 i
172 1242 90 27 veckan,
278 1243 28 22 då
320 1243 165 28 bankstyrelsen
500 1245 89 22 alldeles
606 1245 49 22 med
670 1245 140 22 bestämdhet
824 1245 41 21 bar
879 1244 33 23 för
927 1245 50 26 ögo-

150 1276 42 16 nen
208 1270 27 22 de
251 1271 58 27 data,
324 1272 83 28 hvarpå
422 1273 125 28 noteringen
563 1274 69 21 beror.
956 1275 3 2 N

218 1299 58 22 Herr
299 1300 186 28 Charpentier:
515 1303 43 26 Jag
577 1303 37 21 vill
632 1302 115 22 framhälla
762 1303 72 21 säsom
850 1303 32 21 ett
897 1301 82 28 ytterli-

150 1334 51 21 gare
224 1329 55 27 skäl,
303 1329 85 22 hvarför
410 1331 101 21 Finlands
533 1331 69 22 banks
621 1332 126 26 noteringar
767 1331 62 21 alltid
847 1331 67 22 borde
929 1337 51 15 vara

149 1357 73 21 kända
237 1364 78 21 genom
331 1359 75 27 anslag
421 1359 33 22 för
469 1359 150 28 allmänheten,
636 1362 32 19 att
684 1360 39 21 det
738 1360 43 21 kan
794 1359 132 22 förekomma
936 1359 43 27 pri-

150 1387 50 20 vata
221 1393 105 20 personer
349 1388 90 21 emellan
458 1388 97 27 ligvider,
574 1395 46 15 som
636 1389 50 27 lyda
701 1389 15 21 &
730 1388 113 22 utländskt
857 1390 65 25 mynt,
940 1387 39 22 och

149 1414 127 27 vexellagen
294 1415 137 23 föreskrifver
451 1419 32 19 att
502 1417 26 22 de
548 1417 61 22 skola
622 1418 84 21 betalas
724 1417 55 22 efter
793 1417 102 22 Finlands
911 1417 68 21 banks

150 1443 106 22 noterade
272 1444 83 22 kurser.
386 1445 77 22 Finnes
480 1446 37 21 det
531 1446 48 21 icke
595 1446 70 27 nägon
679 1446 93 21 noterad
787 1446 52 21 kurs
855 1445 33 22 för
904 1445 75 27 dagen,

150 1471 84 27 tvingas
254 1472 113 22 kunderna
388 1475 32 20 att
439 1474 87 27 springa
544 1481 44 21 upp
604 1475 32 21 till
651 1475 87 21 banken
753 1474 33 22 för
801 1476 33 20 att
849 1474 62 26 fräga
924 1474 57 21 hvad

151 1499 100 32 gällande
270 1501 70 27 priset
359 1501 33 23 för
412 1502 69 28 dagen
497 1505 30 24 är,
544 1504 41 20 och
600 1504 60 21 detta
676 1506 30 23 är,
724 1504 60 20 utom
799 1503 58 21 hvad
871 1502 110 22 utskottet

150 1528 59 22 förut
231 1529 41 22 har
295 1530 75 28 anfört,
394 1532 32 21 ett
446 1532 82 26 ganska
543 1532 76 27 vigtigt
634 1532 48 22 skäl
697 1532 35 22 för
748 1534 32 20 att
795 1532 101 21 Finlands
912 1531 68 22 banks
