<?xml version="1.0" encoding="UTF-8"?>
<alto xmlns="http://www.loc.gov/standards/alto/ns-v3#" xmlns:xlink="http://www.w3.org/1999/xlink" xmlns:xsi="http://www.w3.org/2001/XMLSchema-instance" xsi:schemaLocation="http://www.loc.gov/standards/alto/ns-v3# http://www.loc.gov/alto/v3/alto-3-0.xsd">
	<Description>
		<MeasurementUnit>pixel</MeasurementUnit>
		<sourceImageInformation>
			<fileName>/tmp/tess_xfg0ug3d_input.PNG</fileName>
		</sourceImageInformation>
		<OCRProcessing ID="OCR_0">
			<ocrProcessingStep>
				<processingSoftware>
					<softwareName>tesseract 5.3.4</softwareName>
				</processingSoftware>
			</ocrProcessingStep>
		</OCRProcessing>
	</Description>
	<Layout>
		<Page WIDTH="1070" HEIGHT="1739" PHYSICAL_IMG_NR="0" ID="page_0">
			<PrintSpace HPOS="0" VPOS="0" WIDTH="1070" HEIGHT="1739">
				<GraphicalElement ID="cblock_0" HPOS="0" VPOS="702" WIDTH="5" HEIGHT="1012"></GraphicalElement >
				<ComposedBlock ID="cblock_1" HPOS="202" VPOS="131" WIDTH="484" HEIGHT="20">
					<TextBlock ID="block_0" HPOS="202" VPOS="131" WIDTH="484" HEIGHT="20">
						<TextLine ID="line_0" HPOS="202" VPOS="131" WIDTH="484" HEIGHT="20">
							<String ID="string_0" HPOS="202" VPOS="131" WIDTH="42" HEIGHT="20" WC="0.96" CONTENT="692"/><SP WIDTH="234" VPOS="131" HPOS="244"/>
							<String ID="string_1" HPOS="478" VPOS="133" WIDTH="39" HEIGHT="18" WC="0.95" CONTENT="Den"/><SP WIDTH="19" VPOS="133" HPOS="517"/>
							<String ID="string_2" HPOS="536" VPOS="131" WIDTH="23" HEIGHT="19" WC="0.95" CONTENT="17"/><SP WIDTH="18" VPOS="131" HPOS="559"/>
							<String ID="string_3" HPOS="577" VPOS="133" WIDTH="109" HEIGHT="18" WC="0.95" CONTENT="November."/>
						</TextLine>
					</TextBlock>
				</ComposedBlock>
				<ComposedBlock ID="cblock_2" HPOS="169" VPOS="192" WIDTH="834" HEIGHT="1380">
					<TextBlock ID="block_1" HPOS="171" VPOS="192" WIDTH="829" HEIGHT="462">
						<TextLine ID="line_1" HPOS="172" VPOS="192" WIDTH="825" HEIGHT="31">
							<String ID="string_4" HPOS="172" VPOS="197" WIDTH="24" HEIGHT="20" WC="0.96" CONTENT="är"/><SP WIDTH="16" VPOS="197" HPOS="196"/>
							<String ID="string_5" HPOS="212" VPOS="196" WIDTH="100" HEIGHT="21" WC="0.96" CONTENT="orättvist"/><SP WIDTH="15" VPOS="196" HPOS="312"/>
							<String ID="string_6" HPOS="327" VPOS="195" WIDTH="65" HEIGHT="28" WC="0.96" CONTENT="enligt"/><SP WIDTH="15" VPOS="195" HPOS="392"/>
							<String ID="string_7" HPOS="407" VPOS="195" WIDTH="44" HEIGHT="22" WC="0.96" CONTENT="min"/><SP WIDTH="15" VPOS="195" HPOS="451"/>
							<String ID="string_8" HPOS="466" VPOS="195" WIDTH="144" HEIGHT="28" WC="0.96" CONTENT="uppfattning,"/><SP WIDTH="16" VPOS="195" HPOS="610"/>
							<String ID="string_9" HPOS="626" VPOS="195" WIDTH="41" HEIGHT="22" WC="0.96" CONTENT="och"/><SP WIDTH="15" VPOS="195" HPOS="667"/>
							<String ID="string_10" HPOS="682" VPOS="195" WIDTH="45" HEIGHT="21" WC="0.96" CONTENT="lika"/><SP WIDTH="15" VPOS="195" HPOS="727"/>
							<String ID="string_11" HPOS="742" VPOS="194" WIDTH="47" HEIGHT="21" WC="0.96" CONTENT="litet"/><SP WIDTH="16" VPOS="194" HPOS="789"/>
							<String ID="string_12" HPOS="805" VPOS="199" WIDTH="46" HEIGHT="16" WC="0.96" CONTENT="som"/><SP WIDTH="13" VPOS="199" HPOS="851"/>
							<String ID="string_13" HPOS="864" VPOS="192" WIDTH="37" HEIGHT="28" WC="0.95" CONTENT="jag"/><SP WIDTH="15" VPOS="192" HPOS="901"/>
							<String ID="string_14" HPOS="916" VPOS="192" WIDTH="35" HEIGHT="21" WC="0.93" CONTENT="vill"/><SP WIDTH="11" VPOS="192" HPOS="951"/>
							<String ID="string_15" HPOS="962" VPOS="194" WIDTH="35" HEIGHT="20" WC="0.93" CONTENT="ut-"/>
						</TextLine>
						<TextLine ID="line_2" HPOS="172" VPOS="221" WIDTH="825" HEIGHT="31">
							<String ID="string_16" HPOS="172" VPOS="224" WIDTH="48" HEIGHT="23" WC="0.92" CONTENT="öfva"/><SP WIDTH="14" VPOS="224" HPOS="220"/>
							<String ID="string_17" HPOS="234" VPOS="225" WIDTH="66" HEIGHT="27" WC="0.96" CONTENT="tvång"/><SP WIDTH="15" VPOS="225" HPOS="300"/>
							<String ID="string_18" HPOS="315" VPOS="227" WIDTH="57" HEIGHT="19" WC="0.93" CONTENT="emot"/><SP WIDTH="14" VPOS="227" HPOS="372"/>
							<String ID="string_19" HPOS="386" VPOS="225" WIDTH="185" HEIGHT="27" WC="0.92" CONTENT="Borgareståndet"/><SP WIDTH="14" VPOS="225" HPOS="571"/>
							<String ID="string_20" HPOS="585" VPOS="225" WIDTH="8" HEIGHT="20" WC="0.96" CONTENT="i"/><SP WIDTH="16" VPOS="225" HPOS="593"/>
							<String ID="string_21" HPOS="609" VPOS="225" WIDTH="69" HEIGHT="21" WC="0.96" CONTENT="denna"/><SP WIDTH="16" VPOS="225" HPOS="678"/>
							<String ID="string_22" HPOS="694" VPOS="223" WIDTH="42" HEIGHT="26" WC="0.96" CONTENT="del,"/><SP WIDTH="16" VPOS="223" HPOS="736"/>
							<String ID="string_23" HPOS="752" VPOS="223" WIDTH="43" HEIGHT="21" WC="0.96" CONTENT="lika"/><SP WIDTH="15" VPOS="223" HPOS="795"/>
							<String ID="string_24" HPOS="810" VPOS="222" WIDTH="49" HEIGHT="21" WC="0.87" CONTENT="litet"/><SP WIDTH="15" VPOS="222" HPOS="859"/>
							<String ID="string_25" HPOS="874" VPOS="221" WIDTH="78" HEIGHT="26" WC="0.91" CONTENT="villjag"/><SP WIDTH="7" VPOS="221" HPOS="952"/>
							<String ID="string_26" HPOS="959" VPOS="222" WIDTH="38" HEIGHT="21" WC="0.92" CONTENT="be-"/>
						</TextLine>
						<TextLine ID="line_3" HPOS="171" VPOS="249" WIDTH="826" HEIGHT="32">
							<String ID="string_27" HPOS="171" VPOS="253" WIDTH="75" HEIGHT="22" WC="0.96" CONTENT="skatta"/><SP WIDTH="15" VPOS="253" HPOS="246"/>
							<String ID="string_28" HPOS="261" VPOS="253" WIDTH="41" HEIGHT="22" WC="0.96" CONTENT="den"/><SP WIDTH="15" VPOS="253" HPOS="302"/>
							<String ID="string_29" HPOS="317" VPOS="253" WIDTH="110" HEIGHT="28" WC="0.96" CONTENT="fattigaste"/><SP WIDTH="17" VPOS="253" HPOS="427"/>
							<String ID="string_30" HPOS="444" VPOS="254" WIDTH="62" HEIGHT="21" WC="0.96" CONTENT="delen"/><SP WIDTH="15" VPOS="254" HPOS="506"/>
							<String ID="string_31" HPOS="521" VPOS="253" WIDTH="23" HEIGHT="22" WC="0.96" CONTENT="af"/><SP WIDTH="13" VPOS="253" HPOS="544"/>
							<String ID="string_32" HPOS="557" VPOS="253" WIDTH="159" HEIGHT="26" WC="0.95" CONTENT="befolkningen."/><SP WIDTH="31" VPOS="253" HPOS="716"/>
							<String ID="string_33" HPOS="747" VPOS="251" WIDTH="39" HEIGHT="22" WC="0.95" CONTENT="Att"/><SP WIDTH="15" VPOS="251" HPOS="786"/>
							<String ID="string_34" HPOS="801" VPOS="251" WIDTH="70" HEIGHT="22" WC="0.96" CONTENT="denna"/><SP WIDTH="16" VPOS="251" HPOS="871"/>
							<String ID="string_35" HPOS="887" VPOS="249" WIDTH="33" HEIGHT="22" WC="0.90" CONTENT="del"/><SP WIDTH="11" VPOS="249" HPOS="920"/>
							<String ID="string_36" HPOS="931" VPOS="250" WIDTH="66" HEIGHT="21" WC="0.90" CONTENT="afbe-"/>
						</TextLine>
						<TextLine ID="line_4" HPOS="172" VPOS="279" WIDTH="826" HEIGHT="30">
							<String ID="string_37" HPOS="172" VPOS="281" WIDTH="125" HEIGHT="28" WC="0.91" CONTENT="folkningen"/><SP WIDTH="23" VPOS="281" HPOS="297"/>
							<String ID="string_38" HPOS="320" VPOS="283" WIDTH="68" HEIGHT="21" WC="0.96" CONTENT="skulle"/><SP WIDTH="23" VPOS="283" HPOS="388"/>
							<String ID="string_39" HPOS="411" VPOS="282" WIDTH="93" HEIGHT="21" WC="0.92" CONTENT="drabbas"/><SP WIDTH="15" VPOS="282" HPOS="504"/>
							<String ID="string_40" HPOS="519" VPOS="282" WIDTH="66" HEIGHT="21" WC="0.92" CONTENT="hårdt"/><SP WIDTH="18" VPOS="282" HPOS="585"/>
							<String ID="string_41" HPOS="603" VPOS="281" WIDTH="23" HEIGHT="22" WC="0.96" CONTENT="af"/><SP WIDTH="14" VPOS="281" HPOS="626"/>
							<String ID="string_42" HPOS="640" VPOS="281" WIDTH="70" HEIGHT="22" WC="0.96" CONTENT="denna"/><SP WIDTH="15" VPOS="281" HPOS="710"/>
							<String ID="string_43" HPOS="725" VPOS="280" WIDTH="139" HEIGHT="26" WC="0.96" CONTENT="beskattning"/><SP WIDTH="15" VPOS="280" HPOS="864"/>
							<String ID="string_44" HPOS="879" VPOS="279" WIDTH="38" HEIGHT="21" WC="0.96" CONTENT="har"/><SP WIDTH="15" VPOS="279" HPOS="917"/>
							<String ID="string_45" HPOS="932" VPOS="279" WIDTH="66" HEIGHT="20" WC="0.96" CONTENT="också"/>
						</TextLine>
						<TextLine ID="line_5" HPOS="171" VPOS="307" WIDTH="826" HEIGHT="30">
							<String ID="string_46" HPOS="171" VPOS="311" WIDTH="109" HEIGHT="21" WC="0.96" CONTENT="utskottet"/><SP WIDTH="6" VPOS="311" HPOS="280"/>
							<String ID="string_47" HPOS="286" VPOS="311" WIDTH="80" HEIGHT="26" WC="0.96" CONTENT="erkänt,"/><SP WIDTH="8" VPOS="311" HPOS="366"/>
							<String ID="string_48" HPOS="374" VPOS="311" WIDTH="28" HEIGHT="22" WC="0.96" CONTENT="då"/><SP WIDTH="8" VPOS="311" HPOS="402"/>
							<String ID="string_49" HPOS="410" VPOS="311" WIDTH="37" HEIGHT="22" WC="0.95" CONTENT="det"/><SP WIDTH="5" VPOS="311" HPOS="447"/>
							<String ID="string_50" HPOS="452" VPOS="310" WIDTH="111" HEIGHT="27" WC="0.95" CONTENT="föreslagit"/><SP WIDTH="5" VPOS="310" HPOS="563"/>
							<String ID="string_51" HPOS="568" VPOS="313" WIDTH="33" HEIGHT="19" WC="0.93" CONTENT="att"/><SP WIDTH="9" VPOS="313" HPOS="601"/>
							<String ID="string_52" HPOS="610" VPOS="311" WIDTH="101" HEIGHT="26" WC="0.90" CONTENT="droppvis"/><SP WIDTH="6" VPOS="311" HPOS="711"/>
							<String ID="string_53" HPOS="717" VPOS="309" WIDTH="131" HEIGHT="22" WC="0.91" CONTENT="utminutera"/><SP WIDTH="8" VPOS="309" HPOS="848"/>
							<String ID="string_54" HPOS="856" VPOS="309" WIDTH="68" HEIGHT="20" WC="0.96" CONTENT="denna"/><SP WIDTH="8" VPOS="309" HPOS="924"/>
							<String ID="string_55" HPOS="932" VPOS="307" WIDTH="65" HEIGHT="26" WC="0.96" CONTENT="skatt,"/>
						</TextLine>
						<TextLine ID="line_6" HPOS="172" VPOS="336" WIDTH="827" HEIGHT="25">
							<String ID="string_56" HPOS="172" VPOS="340" WIDTH="28" HEIGHT="21" WC="0.96" CONTENT="då"/><SP WIDTH="15" VPOS="340" HPOS="200"/>
							<String ID="string_57" HPOS="215" VPOS="339" WIDTH="41" HEIGHT="22" WC="0.96" CONTENT="den"/><SP WIDTH="15" VPOS="339" HPOS="256"/>
							<String ID="string_58" HPOS="271" VPOS="339" WIDTH="93" HEIGHT="22" WC="0.96" CONTENT="fördelas"/><SP WIDTH="8" VPOS="339" HPOS="364"/>
							<String ID="string_59" HPOS="372" VPOS="340" WIDTH="68" HEIGHT="21" WC="0.96" CONTENT="under"/><SP WIDTH="8" VPOS="340" HPOS="440"/>
							<String ID="string_60" HPOS="448" VPOS="339" WIDTH="41" HEIGHT="22" WC="0.96" CONTENT="fem"/><SP WIDTH="10" VPOS="339" HPOS="489"/>
							<String ID="string_61" HPOS="499" VPOS="340" WIDTH="23" HEIGHT="21" WC="0.96" CONTENT="år"/><SP WIDTH="8" VPOS="340" HPOS="522"/>
							<String ID="string_62" HPOS="530" VPOS="339" WIDTH="33" HEIGHT="22" WC="0.96" CONTENT="för"/><SP WIDTH="9" VPOS="339" HPOS="563"/>
							<String ID="string_63" HPOS="572" VPOS="341" WIDTH="33" HEIGHT="20" WC="0.96" CONTENT="att"/><SP WIDTH="11" VPOS="341" HPOS="605"/>
							<String ID="string_64" HPOS="616" VPOS="339" WIDTH="49" HEIGHT="22" WC="0.96" CONTENT="icke"/><SP WIDTH="12" VPOS="339" HPOS="665"/>
							<String ID="string_65" HPOS="677" VPOS="339" WIDTH="84" HEIGHT="22" WC="0.96" CONTENT="bördan"/><SP WIDTH="13" VPOS="339" HPOS="761"/>
							<String ID="string_66" HPOS="774" VPOS="337" WIDTH="55" HEIGHT="22" WC="0.96" CONTENT="skall"/><SP WIDTH="10" VPOS="337" HPOS="829"/>
							<String ID="string_67" HPOS="839" VPOS="337" WIDTH="81" HEIGHT="21" WC="0.89" CONTENT="kännas"/><SP WIDTH="17" VPOS="337" HPOS="920"/>
							<String ID="string_68" HPOS="937" VPOS="336" WIDTH="62" HEIGHT="21" WC="0.89" CONTENT="allför"/>
						</TextLine>
						<TextLine ID="line_7" HPOS="171" VPOS="365" WIDTH="828" HEIGHT="30">
							<String ID="string_69" HPOS="171" VPOS="370" WIDTH="59" HEIGHT="25" WC="0.96" CONTENT="tung."/><SP WIDTH="32" VPOS="370" HPOS="230"/>
							<String ID="string_70" HPOS="262" VPOS="369" WIDTH="49" HEIGHT="21" WC="0.96" CONTENT="Man"/><SP WIDTH="21" VPOS="369" HPOS="311"/>
							<String ID="string_71" HPOS="332" VPOS="369" WIDTH="40" HEIGHT="21" WC="0.96" CONTENT="har"/><SP WIDTH="22" VPOS="369" HPOS="372"/>
							<String ID="string_72" HPOS="394" VPOS="370" WIDTH="55" HEIGHT="25" WC="0.96" CONTENT="sagt,"/><SP WIDTH="24" VPOS="370" HPOS="449"/>
							<String ID="string_73" HPOS="473" VPOS="370" WIDTH="32" HEIGHT="20" WC="0.96" CONTENT="att"/><SP WIDTH="23" VPOS="370" HPOS="505"/>
							<String ID="string_74" HPOS="528" VPOS="369" WIDTH="26" HEIGHT="21" WC="0.96" CONTENT="de"/><SP WIDTH="23" VPOS="369" HPOS="554"/>
							<String ID="string_75" HPOS="577" VPOS="375" WIDTH="109" HEIGHT="20" WC="0.95" CONTENT="personer,"/><SP WIDTH="26" VPOS="375" HPOS="686"/>
							<String ID="string_76" HPOS="712" VPOS="373" WIDTH="46" HEIGHT="16" WC="0.96" CONTENT="som"/><SP WIDTH="16" VPOS="373" HPOS="758"/>
							<String ID="string_77" HPOS="774" VPOS="373" WIDTH="29" HEIGHT="15" WC="0.96" CONTENT="nu"/><SP WIDTH="15" VPOS="373" HPOS="803"/>
							<String ID="string_78" HPOS="818" VPOS="366" WIDTH="53" HEIGHT="27" WC="0.96" CONTENT="yrka"/><SP WIDTH="14" VPOS="366" HPOS="871"/>
							<String ID="string_79" HPOS="885" VPOS="365" WIDTH="29" HEIGHT="27" WC="0.96" CONTENT="på"/><SP WIDTH="15" VPOS="365" HPOS="914"/>
							<String ID="string_80" HPOS="929" VPOS="365" WIDTH="70" HEIGHT="22" WC="0.96" CONTENT="denna"/>
						</TextLine>
						<TextLine ID="line_8" HPOS="172" VPOS="394" WIDTH="826" HEIGHT="31">
							<String ID="string_81" HPOS="172" VPOS="397" WIDTH="84" HEIGHT="28" WC="0.92" CONTENT="miljons"/><SP WIDTH="16" VPOS="397" HPOS="256"/>
							<String ID="string_82" HPOS="272" VPOS="397" WIDTH="118" HEIGHT="27" WC="0.92" CONTENT="uttagande"/><SP WIDTH="14" VPOS="397" HPOS="390"/>
							<String ID="string_83" HPOS="404" VPOS="397" WIDTH="47" HEIGHT="21" WC="0.96" CONTENT="från"/><SP WIDTH="10" VPOS="397" HPOS="451"/>
							<String ID="string_84" HPOS="461" VPOS="397" WIDTH="78" HEIGHT="28" WC="0.96" CONTENT="jorden"/><SP WIDTH="19" VPOS="397" HPOS="539"/>
							<String ID="string_85" HPOS="558" VPOS="397" WIDTH="54" HEIGHT="22" WC="0.96" CONTENT="efter"/><SP WIDTH="18" VPOS="397" HPOS="612"/>
							<String ID="string_86" HPOS="630" VPOS="397" WIDTH="88" HEIGHT="26" WC="0.96" CONTENT="mantal,"/><SP WIDTH="18" VPOS="397" HPOS="718"/>
							<String ID="string_87" HPOS="736" VPOS="395" WIDTH="68" HEIGHT="22" WC="0.96" CONTENT="skulle"/><SP WIDTH="15" VPOS="395" HPOS="804"/>
							<String ID="string_88" HPOS="819" VPOS="395" WIDTH="64" HEIGHT="21" WC="0.96" CONTENT="hafva"/><SP WIDTH="15" VPOS="395" HPOS="883"/>
							<String ID="string_89" HPOS="898" VPOS="394" WIDTH="54" HEIGHT="22" WC="0.93" CONTENT="varit"/><SP WIDTH="15" VPOS="394" HPOS="952"/>
							<String ID="string_90" HPOS="967" VPOS="394" WIDTH="31" HEIGHT="21" WC="0.92" CONTENT="in-"/>
						</TextLine>
						<TextLine ID="line_9" HPOS="172" VPOS="423" WIDTH="826" HEIGHT="29">
							<String ID="string_91" HPOS="172" VPOS="426" WIDTH="154" HEIGHT="26" WC="0.92" CONTENT="konseqventa,"/><SP WIDTH="24" VPOS="426" HPOS="326"/>
							<String ID="string_92" HPOS="350" VPOS="426" WIDTH="28" HEIGHT="21" WC="0.96" CONTENT="då"/><SP WIDTH="22" VPOS="426" HPOS="378"/>
							<String ID="string_93" HPOS="400" VPOS="427" WIDTH="109" HEIGHT="20" WC="0.96" CONTENT="desamma"/><SP WIDTH="23" VPOS="427" HPOS="509"/>
							<String ID="string_94" HPOS="532" VPOS="426" WIDTH="61" HEIGHT="22" WC="0.93" CONTENT="alltid"/><SP WIDTH="23" VPOS="426" HPOS="593"/>
							<String ID="string_95" HPOS="616" VPOS="425" WIDTH="72" HEIGHT="22" WC="0.92" CONTENT="drifvit"/><SP WIDTH="14" VPOS="425" HPOS="688"/>
							<String ID="string_96" HPOS="702" VPOS="425" WIDTH="30" HEIGHT="27" WC="0.96" CONTENT="på"/><SP WIDTH="14" VPOS="425" HPOS="732"/>
							<String ID="string_97" HPOS="746" VPOS="424" WIDTH="104" HEIGHT="26" WC="0.96" CONTENT="förslaget"/><SP WIDTH="15" VPOS="424" HPOS="850"/>
							<String ID="string_98" HPOS="865" VPOS="429" WIDTH="34" HEIGHT="15" WC="0.93" CONTENT="om"/><SP WIDTH="12" VPOS="429" HPOS="899"/>
							<String ID="string_99" HPOS="911" VPOS="423" WIDTH="87" HEIGHT="27" WC="0.91" CONTENT="jordbe-"/>
						</TextLine>
						<TextLine ID="line_10" HPOS="173" VPOS="451" WIDTH="825" HEIGHT="31">
							<String ID="string_100" HPOS="173" VPOS="454" WIDTH="149" HEIGHT="27" WC="0.92" CONTENT="skattningens"/><SP WIDTH="16" VPOS="454" HPOS="322"/>
							<String ID="string_101" HPOS="338" VPOS="454" WIDTH="120" HEIGHT="28" WC="0.90" CONTENT="aflyftande."/><SP WIDTH="30" VPOS="454" HPOS="458"/>
							<String ID="string_102" HPOS="488" VPOS="455" WIDTH="43" HEIGHT="21" WC="0.95" CONTENT="Det"/><SP WIDTH="16" VPOS="455" HPOS="531"/>
							<String ID="string_103" HPOS="547" VPOS="456" WIDTH="24" HEIGHT="20" WC="0.95" CONTENT="är"/><SP WIDTH="10" VPOS="456" HPOS="571"/>
							<String ID="string_104" HPOS="581" VPOS="454" WIDTH="47" HEIGHT="22" WC="0.96" CONTENT="icke"/><SP WIDTH="11" VPOS="454" HPOS="628"/>
							<String ID="string_105" HPOS="639" VPOS="454" WIDTH="39" HEIGHT="22" WC="0.96" CONTENT="här"/><SP WIDTH="10" VPOS="454" HPOS="678"/>
							<String ID="string_106" HPOS="688" VPOS="454" WIDTH="61" HEIGHT="26" WC="0.96" CONTENT="fråga"/><SP WIDTH="11" VPOS="454" HPOS="749"/>
							<String ID="string_107" HPOS="760" VPOS="459" WIDTH="33" HEIGHT="15" WC="0.96" CONTENT="om"/><SP WIDTH="11" VPOS="459" HPOS="793"/>
							<String ID="string_108" HPOS="804" VPOS="452" WIDTH="70" HEIGHT="26" WC="0.92" CONTENT="någon"/><SP WIDTH="8" VPOS="452" HPOS="874"/>
							<String ID="string_109" HPOS="882" VPOS="451" WIDTH="116" HEIGHT="28" WC="0.92" CONTENT="jordskatt,"/>
						</TextLine>
						<TextLine ID="line_11" HPOS="174" VPOS="480" WIDTH="825" HEIGHT="30">
							<String ID="string_110" HPOS="174" VPOS="484" WIDTH="36" HEIGHT="21" WC="0.96" CONTENT="det"/><SP WIDTH="16" VPOS="484" HPOS="210"/>
							<String ID="string_111" HPOS="226" VPOS="486" WIDTH="24" HEIGHT="18" WC="0.96" CONTENT="är"/><SP WIDTH="13" VPOS="486" HPOS="250"/>
							<String ID="string_112" HPOS="263" VPOS="483" WIDTH="61" HEIGHT="27" WC="0.96" CONTENT="fråga"/><SP WIDTH="15" VPOS="483" HPOS="324"/>
							<String ID="string_113" HPOS="339" VPOS="490" WIDTH="33" HEIGHT="15" WC="0.96" CONTENT="om"/><SP WIDTH="16" VPOS="490" HPOS="372"/>
							<String ID="string_114" HPOS="388" VPOS="485" WIDTH="33" HEIGHT="19" WC="0.96" CONTENT="att"/><SP WIDTH="15" VPOS="485" HPOS="421"/>
							<String ID="string_115" HPOS="436" VPOS="484" WIDTH="71" HEIGHT="21" WC="0.96" CONTENT="betala"/><SP WIDTH="15" VPOS="484" HPOS="507"/>
							<String ID="string_116" HPOS="522" VPOS="484" WIDTH="50" HEIGHT="21" WC="0.96" CONTENT="bort"/><SP WIDTH="16" VPOS="484" HPOS="572"/>
							<String ID="string_117" HPOS="588" VPOS="490" WIDTH="25" HEIGHT="15" WC="0.93" CONTENT="en"/><SP WIDTH="16" VPOS="490" HPOS="613"/>
							<String ID="string_118" HPOS="629" VPOS="483" WIDTH="69" HEIGHT="27" WC="0.91" CONTENT="gåfva,"/><SP WIDTH="10" VPOS="483" HPOS="698"/>
							<String ID="string_119" HPOS="708" VPOS="488" WIDTH="46" HEIGHT="16" WC="0.95" CONTENT="som"/><SP WIDTH="9" VPOS="488" HPOS="754"/>
							<String ID="string_120" HPOS="763" VPOS="488" WIDTH="49" HEIGHT="15" WC="0.92" CONTENT="man"/><SP WIDTH="11" VPOS="488" HPOS="812"/>
							<String ID="string_121" HPOS="823" VPOS="480" WIDTH="66" HEIGHT="28" WC="0.92" CONTENT="gifvit,"/><SP WIDTH="12" VPOS="480" HPOS="889"/>
							<String ID="string_122" HPOS="901" VPOS="480" WIDTH="39" HEIGHT="22" WC="0.96" CONTENT="och"/><SP WIDTH="11" VPOS="480" HPOS="940"/>
							<String ID="string_123" HPOS="951" VPOS="480" WIDTH="48" HEIGHT="21" WC="0.96" CONTENT="icke"/>
						</TextLine>
						<TextLine ID="line_12" HPOS="173" VPOS="509" WIDTH="826" HEIGHT="30">
							<String ID="string_124" HPOS="173" VPOS="512" WIDTH="70" HEIGHT="22" WC="0.96" CONTENT="vältra"/><SP WIDTH="16" VPOS="512" HPOS="243"/>
							<String ID="string_125" HPOS="259" VPOS="512" WIDTH="81" HEIGHT="22" WC="0.96" CONTENT="bördan"/><SP WIDTH="16" VPOS="512" HPOS="340"/>
							<String ID="string_126" HPOS="356" VPOS="512" WIDTH="23" HEIGHT="21" WC="0.96" CONTENT="af"/><SP WIDTH="14" VPOS="512" HPOS="379"/>
							<String ID="string_127" HPOS="393" VPOS="512" WIDTH="124" HEIGHT="22" WC="0.95" CONTENT="densamma"/><SP WIDTH="15" VPOS="512" HPOS="517"/>
							<String ID="string_128" HPOS="532" VPOS="512" WIDTH="29" HEIGHT="27" WC="0.96" CONTENT="på"/><SP WIDTH="15" VPOS="512" HPOS="561"/>
							<String ID="string_129" HPOS="576" VPOS="512" WIDTH="72" HEIGHT="21" WC="0.95" CONTENT="andra."/><SP WIDTH="30" VPOS="512" HPOS="648"/>
							<String ID="string_130" HPOS="678" VPOS="512" WIDTH="58" HEIGHT="21" WC="0.93" CONTENT="Herr"/><SP WIDTH="12" VPOS="512" HPOS="736"/>
							<String ID="string_131" HPOS="748" VPOS="510" WIDTH="141" HEIGHT="27" WC="0.90" CONTENT="Godenhjelm"/><SP WIDTH="10" VPOS="510" HPOS="889"/>
							<String ID="string_132" HPOS="899" VPOS="509" WIDTH="100" HEIGHT="26" WC="0.95" CONTENT="slutligen"/>
						</TextLine>
						<TextLine ID="line_13" HPOS="174" VPOS="538" WIDTH="825" HEIGHT="30">
							<String ID="string_133" HPOS="174" VPOS="540" WIDTH="122" HEIGHT="28" WC="0.96" CONTENT="uppträdde"/><SP WIDTH="20" VPOS="540" HPOS="296"/>
							<String ID="string_134" HPOS="316" VPOS="543" WIDTH="58" HEIGHT="19" WC="0.96" CONTENT="emot"/><SP WIDTH="17" VPOS="543" HPOS="374"/>
							<String ID="string_135" HPOS="391" VPOS="541" WIDTH="49" HEIGHT="21" WC="0.96" CONTENT="mitt"/><SP WIDTH="18" VPOS="541" HPOS="440"/>
							<String ID="string_136" HPOS="458" VPOS="540" WIDTH="85" HEIGHT="28" WC="0.96" CONTENT="förslag,"/><SP WIDTH="20" VPOS="540" HPOS="543"/>
							<String ID="string_137" HPOS="563" VPOS="541" WIDTH="95" HEIGHT="26" WC="0.96" CONTENT="emedan,"/><SP WIDTH="22" VPOS="541" HPOS="658"/>
							<String ID="string_138" HPOS="680" VPOS="540" WIDTH="74" HEIGHT="22" WC="0.96" CONTENT="såsom"/><SP WIDTH="17" VPOS="540" HPOS="754"/>
							<String ID="string_139" HPOS="771" VPOS="539" WIDTH="42" HEIGHT="21" WC="0.95" CONTENT="han"/><SP WIDTH="16" VPOS="539" HPOS="813"/>
							<String ID="string_140" HPOS="829" VPOS="538" WIDTH="58" HEIGHT="26" WC="0.93" CONTENT="sade,"/><SP WIDTH="18" VPOS="538" HPOS="887"/>
							<String ID="string_141" HPOS="905" VPOS="538" WIDTH="32" HEIGHT="26" WC="0.91" CONTENT=",vi"/><SP WIDTH="15" VPOS="538" HPOS="937"/>
							<String ID="string_142" HPOS="952" VPOS="538" WIDTH="47" HEIGHT="20" WC="0.96" CONTENT="icke"/>
						</TextLine>
						<TextLine ID="line_14" HPOS="171" VPOS="566" WIDTH="829" HEIGHT="31">
							<String ID="string_143" HPOS="171" VPOS="570" WIDTH="116" HEIGHT="27" WC="0.92" CONTENT="jordegare"/><SP WIDTH="16" VPOS="570" HPOS="287"/>
							<String ID="string_144" HPOS="303" VPOS="570" WIDTH="60" HEIGHT="21" WC="0.96" CONTENT="äfven"/><SP WIDTH="15" VPOS="570" HPOS="363"/>
							<String ID="string_145" HPOS="378" VPOS="570" WIDTH="50" HEIGHT="27" WC="0.96" CONTENT="vilja"/><SP WIDTH="17" VPOS="570" HPOS="428"/>
							<String ID="string_146" HPOS="445" VPOS="569" WIDTH="88" HEIGHT="27" WC="0.96" CONTENT="bidraga"/><SP WIDTH="20" VPOS="569" HPOS="533"/>
							<String ID="string_147" HPOS="553" VPOS="570" WIDTH="32" HEIGHT="21" WC="0.96" CONTENT="till"/><SP WIDTH="18" VPOS="570" HPOS="585"/>
							<String ID="string_148" HPOS="603" VPOS="568" WIDTH="162" HEIGHT="28" WC="0.96" CONTENT="ifrågavarande"/><SP WIDTH="20" VPOS="568" HPOS="765"/>
							<String ID="string_149" HPOS="785" VPOS="567" WIDTH="118" HEIGHT="23" WC="0.72" CONTENT="ändamål.”"/><SP WIDTH="31" VPOS="567" HPOS="903"/>
							<String ID="string_150" HPOS="934" VPOS="566" WIDTH="66" HEIGHT="21" WC="0.96" CONTENT="Detta"/>
						</TextLine>
						<TextLine ID="line_15" HPOS="174" VPOS="594" WIDTH="825" HEIGHT="31">
							<String ID="string_151" HPOS="174" VPOS="598" WIDTH="46" HEIGHT="22" WC="0.96" CONTENT="står"/><SP WIDTH="16" VPOS="598" HPOS="220"/>
							<String ID="string_152" HPOS="236" VPOS="604" WIDTH="26" HEIGHT="15" WC="0.96" CONTENT="en"/><SP WIDTH="16" VPOS="604" HPOS="262"/>
							<String ID="string_153" HPOS="278" VPOS="598" WIDTH="52" HEIGHT="22" WC="0.96" CONTENT="hvar"/><SP WIDTH="14" VPOS="598" HPOS="330"/>
							<String ID="string_154" HPOS="344" VPOS="598" WIDTH="130" HEIGHT="27" WC="0.96" CONTENT="fullkomligt"/><SP WIDTH="14" VPOS="598" HPOS="474"/>
							<String ID="string_155" HPOS="488" VPOS="598" WIDTH="55" HEIGHT="26" WC="0.96" CONTENT="fritt;"/><SP WIDTH="16" VPOS="598" HPOS="543"/>
							<String ID="string_156" HPOS="559" VPOS="599" WIDTH="53" HEIGHT="21" WC="0.96" CONTENT="röda"/><SP WIDTH="15" VPOS="599" HPOS="612"/>
							<String ID="string_157" HPOS="627" VPOS="599" WIDTH="88" HEIGHT="21" WC="0.96" CONTENT="korsets"/><SP WIDTH="15" VPOS="599" HPOS="715"/>
							<String ID="string_158" HPOS="730" VPOS="598" WIDTH="62" HEIGHT="20" WC="0.96" CONTENT="listor"/><SP WIDTH="18" VPOS="598" HPOS="792"/>
							<String ID="string_159" HPOS="810" VPOS="596" WIDTH="106" HEIGHT="22" WC="0.93" CONTENT="cirkulera"/><SP WIDTH="15" VPOS="596" HPOS="916"/>
							<String ID="string_160" HPOS="931" VPOS="594" WIDTH="68" HEIGHT="22" WC="0.92" CONTENT="öfver-"/>
						</TextLine>
						<TextLine ID="line_16" HPOS="174" VPOS="625" WIDTH="697" HEIGHT="29">
							<String ID="string_161" HPOS="174" VPOS="627" WIDTH="41" HEIGHT="21" WC="0.96" CONTENT="allt"/><SP WIDTH="14" VPOS="627" HPOS="215"/>
							<String ID="string_162" HPOS="229" VPOS="627" WIDTH="6" HEIGHT="21" WC="0.96" CONTENT="i"/><SP WIDTH="16" VPOS="627" HPOS="235"/>
							<String ID="string_163" HPOS="251" VPOS="627" WIDTH="83" HEIGHT="27" WC="0.96" CONTENT="landet;"/><SP WIDTH="16" VPOS="627" HPOS="334"/>
							<String ID="string_164" HPOS="350" VPOS="628" WIDTH="62" HEIGHT="26" WC="0.95" CONTENT="ingen"/><SP WIDTH="18" VPOS="628" HPOS="412"/>
							<String ID="string_165" HPOS="430" VPOS="630" WIDTH="23" HEIGHT="18" WC="0.95" CONTENT="är"/><SP WIDTH="14" VPOS="630" HPOS="453"/>
							<String ID="string_166" HPOS="467" VPOS="627" WIDTH="124" HEIGHT="22" WC="0.96" CONTENT="förhindrad"/><SP WIDTH="16" VPOS="627" HPOS="591"/>
							<String ID="string_167" HPOS="607" VPOS="629" WIDTH="33" HEIGHT="20" WC="0.96" CONTENT="att"/><SP WIDTH="15" VPOS="629" HPOS="640"/>
							<String ID="string_168" HPOS="655" VPOS="627" WIDTH="80" HEIGHT="22" WC="0.96" CONTENT="teckna"/><SP WIDTH="15" VPOS="627" HPOS="735"/>
							<String ID="string_169" HPOS="750" VPOS="626" WIDTH="33" HEIGHT="26" WC="0.93" CONTENT="sig"/><SP WIDTH="16" VPOS="626" HPOS="783"/>
							<String ID="string_170" HPOS="799" VPOS="625" WIDTH="72" HEIGHT="27" WC="0.92" CONTENT="derpå."/>
						</TextLine>
					</TextBlock>
					<TextBlock ID="block_2" HPOS="172" VPOS="652" WIDTH="831" HEIGHT="491">
						<TextLine ID="line_17" HPOS="244" VPOS="652" WIDTH="759" HEIGHT="31">
							<String ID="string_171" HPOS="244" VPOS="656" WIDTH="56" HEIGHT="21" WC="0.93" CONTENT="Herr"/><SP WIDTH="14" VPOS="656" HPOS="300"/>
							<String ID="string_172" HPOS="314" VPOS="656" WIDTH="157" HEIGHT="27" WC="0.90" CONTENT="Furuhjelm,"/><SP WIDTH="16" VPOS="656" HPOS="471"/>
							<String ID="string_173" HPOS="487" VPOS="656" WIDTH="55" HEIGHT="22" WC="0.92" CONTENT="Elis:"/><SP WIDTH="31" VPOS="656" HPOS="542"/>
							<String ID="string_174" HPOS="573" VPOS="656" WIDTH="34" HEIGHT="22" WC="0.95" CONTENT="Då"/><SP WIDTH="15" VPOS="656" HPOS="607"/>
							<String ID="string_175" HPOS="622" VPOS="656" WIDTH="62" HEIGHT="22" WC="0.96" CONTENT="äfven"/><SP WIDTH="13" VPOS="656" HPOS="684"/>
							<String ID="string_176" HPOS="697" VPOS="656" WIDTH="39" HEIGHT="27" WC="0.96" CONTENT="jag"/><SP WIDTH="15" VPOS="656" HPOS="736"/>
							<String ID="string_177" HPOS="751" VPOS="654" WIDTH="47" HEIGHT="22" WC="0.96" CONTENT="haft"/><SP WIDTH="16" VPOS="654" HPOS="798"/>
							<String ID="string_178" HPOS="814" VPOS="654" WIDTH="40" HEIGHT="22" WC="0.96" CONTENT="den"/><SP WIDTH="17" VPOS="654" HPOS="854"/>
							<String ID="string_179" HPOS="871" VPOS="655" WIDTH="51" HEIGHT="19" WC="0.96" CONTENT="äran"/><SP WIDTH="16" VPOS="655" HPOS="922"/>
							<String ID="string_180" HPOS="938" VPOS="654" WIDTH="32" HEIGHT="20" WC="0.96" CONTENT="att"/><SP WIDTH="11" VPOS="654" HPOS="970"/>
							<String ID="string_181" HPOS="981" VPOS="652" WIDTH="22" HEIGHT="21" WC="0.96" CONTENT="af"/>
						</TextLine>
						<TextLine ID="line_18" HPOS="173" VPOS="682" WIDTH="828" HEIGHT="30">
							<String ID="string_182" HPOS="173" VPOS="684" WIDTH="51" HEIGHT="22" WC="0.96" CONTENT="herr"/><SP WIDTH="23" VPOS="684" HPOS="224"/>
							<String ID="string_183" HPOS="247" VPOS="684" WIDTH="126" HEIGHT="28" WC="0.93" CONTENT="Schauman,"/><SP WIDTH="23" VPOS="684" HPOS="373"/>
							<String ID="string_184" HPOS="396" VPOS="685" WIDTH="24" HEIGHT="21" WC="0.92" CONTENT="B."/><SP WIDTH="24" VPOS="685" HPOS="420"/>
							<String ID="string_185" HPOS="444" VPOS="684" WIDTH="32" HEIGHT="27" WC="0.91" CONTENT="O.,"/><SP WIDTH="24" VPOS="684" HPOS="476"/>
							<String ID="string_186" HPOS="500" VPOS="685" WIDTH="79" HEIGHT="22" WC="0.96" CONTENT="hedras"/><SP WIDTH="20" VPOS="685" HPOS="579"/>
							<String ID="string_187" HPOS="599" VPOS="686" WIDTH="49" HEIGHT="20" WC="0.96" CONTENT="med"/><SP WIDTH="15" VPOS="686" HPOS="648"/>
							<String ID="string_188" HPOS="663" VPOS="684" WIDTH="166" HEIGHT="28" WC="0.96" CONTENT="beskyllningar,"/><SP WIDTH="21" VPOS="684" HPOS="829"/>
							<String ID="string_189" HPOS="850" VPOS="682" WIDTH="24" HEIGHT="21" WC="0.96" CONTENT="så"/><SP WIDTH="16" VPOS="682" HPOS="874"/>
							<String ID="string_190" HPOS="890" VPOS="684" WIDTH="61" HEIGHT="24" WC="0.96" CONTENT="tager"/><SP WIDTH="12" VPOS="684" HPOS="951"/>
							<String ID="string_191" HPOS="963" VPOS="682" WIDTH="38" HEIGHT="26" WC="0.96" CONTENT="jag"/>
						</TextLine>
						<TextLine ID="line_19" HPOS="174" VPOS="710" WIDTH="827" HEIGHT="31">
							<String ID="string_192" HPOS="174" VPOS="713" WIDTH="44" HEIGHT="27" WC="0.96" CONTENT="mig"/><SP WIDTH="16" VPOS="713" HPOS="218"/>
							<String ID="string_193" HPOS="234" VPOS="714" WIDTH="66" HEIGHT="20" WC="0.96" CONTENT="också"/><SP WIDTH="14" VPOS="714" HPOS="300"/>
							<String ID="string_194" HPOS="314" VPOS="713" WIDTH="91" HEIGHT="22" WC="0.96" CONTENT="friheten"/><SP WIDTH="16" VPOS="713" HPOS="405"/>
							<String ID="string_195" HPOS="421" VPOS="715" WIDTH="38" HEIGHT="25" WC="0.96" CONTENT="att,"/><SP WIDTH="16" VPOS="715" HPOS="459"/>
							<String ID="string_196" HPOS="475" VPOS="714" WIDTH="90" HEIGHT="21" WC="0.96" CONTENT="likasom"/><SP WIDTH="14" VPOS="714" HPOS="565"/>
							<String ID="string_197" HPOS="579" VPOS="714" WIDTH="37" HEIGHT="27" WC="0.96" CONTENT="jag"/><SP WIDTH="15" VPOS="714" HPOS="616"/>
							<String ID="string_198" HPOS="631" VPOS="714" WIDTH="77" HEIGHT="21" WC="0.96" CONTENT="hittills"/><SP WIDTH="16" VPOS="714" HPOS="708"/>
							<String ID="string_199" HPOS="724" VPOS="713" WIDTH="23" HEIGHT="21" WC="0.96" CONTENT="åt"/><SP WIDTH="11" VPOS="713" HPOS="747"/>
							<String ID="string_200" HPOS="758" VPOS="712" WIDTH="37" HEIGHT="22" WC="0.96" CONTENT="det"/><SP WIDTH="10" VPOS="712" HPOS="795"/>
							<String ID="string_201" HPOS="805" VPOS="711" WIDTH="67" HEIGHT="21" WC="0.91" CONTENT="hållet"/><SP WIDTH="11" VPOS="711" HPOS="872"/>
							<String ID="string_202" HPOS="883" VPOS="710" WIDTH="44" HEIGHT="22" WC="0.96" CONTENT="ofta"/><SP WIDTH="11" VPOS="710" HPOS="927"/>
							<String ID="string_203" HPOS="938" VPOS="710" WIDTH="63" HEIGHT="27" WC="0.96" CONTENT="gjort,"/>
						</TextLine>
						<TextLine ID="line_20" HPOS="174" VPOS="738" WIDTH="828" HEIGHT="32">
							<String ID="string_204" HPOS="174" VPOS="742" WIDTH="33" HEIGHT="22" WC="0.96" CONTENT="för"/><SP WIDTH="15" VPOS="742" HPOS="207"/>
							<String ID="string_205" HPOS="222" VPOS="742" WIDTH="113" HEIGHT="22" WC="0.93" CONTENT="framtiden"/><SP WIDTH="15" VPOS="742" HPOS="335"/>
							<String ID="string_206" HPOS="350" VPOS="742" WIDTH="135" HEIGHT="28" WC="0.91" CONTENT="undanbedja"/><SP WIDTH="15" VPOS="742" HPOS="485"/>
							<String ID="string_207" HPOS="500" VPOS="743" WIDTH="44" HEIGHT="27" WC="0.93" CONTENT="mig"/><SP WIDTH="16" VPOS="743" HPOS="544"/>
							<String ID="string_208" HPOS="560" VPOS="742" WIDTH="54" HEIGHT="22" WC="0.91" CONTENT="slika"/><SP WIDTH="16" VPOS="742" HPOS="614"/>
							<String ID="string_209" HPOS="630" VPOS="742" WIDTH="120" HEIGHT="26" WC="0.96" CONTENT="obefogade"/><SP WIDTH="19" VPOS="742" HPOS="750"/>
							<String ID="string_210" HPOS="769" VPOS="740" WIDTH="164" HEIGHT="28" WC="0.93" CONTENT="beskyllningar."/><SP WIDTH="15" VPOS="740" HPOS="933"/>
							<String ID="string_211" HPOS="948" VPOS="750" WIDTH="29" HEIGHT="4" WC="0.92" CONTENT="—"/><SP WIDTH="15" VPOS="750" HPOS="977"/>
							<String ID="string_212" HPOS="992" VPOS="738" WIDTH="10" HEIGHT="22" WC="0.95" CONTENT="I"/>
						</TextLine>
						<TextLine ID="line_21" HPOS="174" VPOS="767" WIDTH="827" HEIGHT="30">
							<String ID="string_213" HPOS="174" VPOS="770" WIDTH="50" HEIGHT="22" WC="0.96" CONTENT="herr"/><SP WIDTH="22" VPOS="770" HPOS="224"/>
							<String ID="string_214" HPOS="246" VPOS="777" WIDTH="42" HEIGHT="15" WC="0.93" CONTENT="von"/><SP WIDTH="21" VPOS="777" HPOS="288"/>
							<String ID="string_215" HPOS="309" VPOS="771" WIDTH="98" HEIGHT="21" WC="0.91" CONTENT="Alfthans"/><SP WIDTH="23" VPOS="771" HPOS="407"/>
							<String ID="string_216" HPOS="430" VPOS="771" WIDTH="49" HEIGHT="21" WC="0.96" CONTENT="med"/><SP WIDTH="16" VPOS="771" HPOS="479"/>
							<String ID="string_217" HPOS="495" VPOS="773" WIDTH="46" HEIGHT="20" WC="0.93" CONTENT="stor"/><SP WIDTH="15" VPOS="773" HPOS="541"/>
							<String ID="string_218" HPOS="556" VPOS="771" WIDTH="53" HEIGHT="22" WC="0.91" CONTENT="ifver"/><SP WIDTH="17" VPOS="771" HPOS="609"/>
							<String ID="string_219" HPOS="626" VPOS="770" WIDTH="125" HEIGHT="27" WC="0.91" CONTENT="framsagda"/><SP WIDTH="14" VPOS="770" HPOS="751"/>
							<String ID="string_220" HPOS="765" VPOS="768" WIDTH="138" HEIGHT="28" WC="0.91" CONTENT="andragande"/><SP WIDTH="15" VPOS="768" HPOS="903"/>
							<String ID="string_221" HPOS="918" VPOS="767" WIDTH="83" HEIGHT="27" WC="0.96" CONTENT="fälldes,"/>
						</TextLine>
						<TextLine ID="line_22" HPOS="172" VPOS="796" WIDTH="829" HEIGHT="31">
							<String ID="string_222" HPOS="172" VPOS="800" WIDTH="67" HEIGHT="26" WC="0.96" CONTENT="jemte"/><SP WIDTH="16" VPOS="800" HPOS="239"/>
							<String ID="string_223" HPOS="255" VPOS="802" WIDTH="71" HEIGHT="23" WC="0.96" CONTENT="annat,"/><SP WIDTH="17" VPOS="802" HPOS="326"/>
							<String ID="string_224" HPOS="343" VPOS="802" WIDTH="31" HEIGHT="19" WC="0.96" CONTENT="ett"/><SP WIDTH="15" VPOS="802" HPOS="374"/>
							<String ID="string_225" HPOS="389" VPOS="800" WIDTH="98" HEIGHT="27" WC="0.96" CONTENT="yttrande"/><SP WIDTH="16" VPOS="800" HPOS="487"/>
							<String ID="string_226" HPOS="503" VPOS="802" WIDTH="33" HEIGHT="20" WC="0.96" CONTENT="att"/><SP WIDTH="16" VPOS="802" HPOS="536"/>
							<String ID="string_227" HPOS="552" VPOS="800" WIDTH="37" HEIGHT="22" WC="0.96" CONTENT="det"/><SP WIDTH="18" VPOS="800" HPOS="589"/>
							<String ID="string_228" HPOS="607" VPOS="806" WIDTH="50" HEIGHT="16" WC="0.93" CONTENT="vore"/><SP WIDTH="20" VPOS="806" HPOS="657"/>
							<String ID="string_229" HPOS="677" VPOS="799" WIDTH="158" HEIGHT="26" WC="0.92" CONTENT="inkonsegvent"/><SP WIDTH="20" VPOS="799" HPOS="835"/>
							<String ID="string_230" HPOS="855" VPOS="799" WIDTH="38" HEIGHT="25" WC="0.96" CONTENT="att,"/><SP WIDTH="18" VPOS="799" HPOS="893"/>
							<String ID="string_231" HPOS="911" VPOS="796" WIDTH="26" HEIGHT="22" WC="0.96" CONTENT="då"/><SP WIDTH="15" VPOS="796" HPOS="937"/>
							<String ID="string_232" HPOS="952" VPOS="802" WIDTH="49" HEIGHT="15" WC="0.96" CONTENT="man"/>
						</TextLine>
						<TextLine ID="line_23" HPOS="174" VPOS="825" WIDTH="828" HEIGHT="31">
							<String ID="string_233" HPOS="174" VPOS="828" WIDTH="28" HEIGHT="27" WC="0.96" CONTENT="på"/><SP WIDTH="14" VPOS="828" HPOS="202"/>
							<String ID="string_234" HPOS="216" VPOS="828" WIDTH="56" HEIGHT="21" WC="0.96" CONTENT="visst"/><SP WIDTH="15" VPOS="828" HPOS="272"/>
							<String ID="string_235" HPOS="287" VPOS="828" WIDTH="43" HEIGHT="21" WC="0.97" CONTENT="håll"/><SP WIDTH="15" VPOS="828" HPOS="330"/>
							<String ID="string_236" HPOS="345" VPOS="828" WIDTH="57" HEIGHT="22" WC="0.96" CONTENT="inom"/><SP WIDTH="16" VPOS="828" HPOS="402"/>
							<String ID="string_237" HPOS="418" VPOS="829" WIDTH="85" HEIGHT="21" WC="0.96" CONTENT="ståndet"/><SP WIDTH="20" VPOS="829" HPOS="503"/>
							<String ID="string_238" HPOS="523" VPOS="828" WIDTH="58" HEIGHT="22" WC="0.93" CONTENT="velat"/><SP WIDTH="20" VPOS="828" HPOS="581"/>
							<String ID="string_239" HPOS="601" VPOS="828" WIDTH="72" HEIGHT="28" WC="0.92" CONTENT="aflyfta"/><SP WIDTH="18" VPOS="828" HPOS="673"/>
							<String ID="string_240" HPOS="691" VPOS="828" WIDTH="165" HEIGHT="27" WC="0.90" CONTENT="grundskatten,"/><SP WIDTH="16" VPOS="828" HPOS="856"/>
							<String ID="string_241" HPOS="872" VPOS="832" WIDTH="29" HEIGHT="15" WC="0.96" CONTENT="nu"/><SP WIDTH="14" VPOS="832" HPOS="901"/>
							<String ID="string_242" HPOS="915" VPOS="825" WIDTH="87" HEIGHT="21" WC="0.96" CONTENT="förorda"/>
						</TextLine>
						<TextLine ID="line_24" HPOS="175" VPOS="854" WIDTH="826" HEIGHT="25">
							<String ID="string_243" HPOS="175" VPOS="857" WIDTH="125" HEIGHT="21" WC="0.95" CONTENT="densamma"/><SP WIDTH="15" VPOS="857" HPOS="300"/>
							<String ID="string_244" HPOS="315" VPOS="857" WIDTH="38" HEIGHT="21" WC="0.93" CONTENT="och"/><SP WIDTH="16" VPOS="857" HPOS="353"/>
							<String ID="string_245" HPOS="369" VPOS="859" WIDTH="15" HEIGHT="19" WC="0.92" CONTENT="t."/><SP WIDTH="18" VPOS="859" HPOS="384"/>
							<String ID="string_246" HPOS="402" VPOS="863" WIDTH="18" HEIGHT="15" WC="0.91" CONTENT="o."/><SP WIDTH="16" VPOS="863" HPOS="420"/>
							<String ID="string_247" HPOS="436" VPOS="864" WIDTH="27" HEIGHT="14" WC="0.87" CONTENT="m."/><SP WIDTH="17" VPOS="864" HPOS="463"/>
							<String ID="string_248" HPOS="480" VPOS="858" WIDTH="42" HEIGHT="21" WC="0.96" CONTENT="öka"/><SP WIDTH="15" VPOS="858" HPOS="522"/>
							<String ID="string_249" HPOS="537" VPOS="858" WIDTH="42" HEIGHT="21" WC="0.95" CONTENT="den"/><SP WIDTH="15" VPOS="858" HPOS="579"/>
							<String ID="string_250" HPOS="594" VPOS="857" WIDTH="33" HEIGHT="22" WC="0.95" CONTENT="för"/><SP WIDTH="16" VPOS="857" HPOS="627"/>
							<String ID="string_251" HPOS="643" VPOS="858" WIDTH="62" HEIGHT="21" WC="0.96" CONTENT="detta"/><SP WIDTH="16" VPOS="858" HPOS="705"/>
							<String ID="string_252" HPOS="721" VPOS="856" WIDTH="89" HEIGHT="22" WC="0.94" CONTENT="tillfälle."/><SP WIDTH="31" VPOS="856" HPOS="810"/>
							<String ID="string_253" HPOS="841" VPOS="855" WIDTH="33" HEIGHT="21" WC="0.94" CONTENT="Då"/><SP WIDTH="19" VPOS="855" HPOS="874"/>
							<String ID="string_254" HPOS="893" VPOS="861" WIDTH="28" HEIGHT="14" WC="0.93" CONTENT="nu"/><SP WIDTH="16" VPOS="861" HPOS="921"/>
							<String ID="string_255" HPOS="937" VPOS="854" WIDTH="64" HEIGHT="21" WC="0.91" CONTENT="emel-"/>
						</TextLine>
						<TextLine ID="line_25" HPOS="174" VPOS="882" WIDTH="828" HEIGHT="31">
							<String ID="string_256" HPOS="174" VPOS="886" WIDTH="64" HEIGHT="21" WC="0.92" CONTENT="lertid"/><SP WIDTH="16" VPOS="886" HPOS="238"/>
							<String ID="string_257" HPOS="254" VPOS="886" WIDTH="69" HEIGHT="21" WC="0.96" CONTENT="denna"/><SP WIDTH="15" VPOS="886" HPOS="323"/>
							<String ID="string_258" HPOS="338" VPOS="886" WIDTH="59" HEIGHT="21" WC="0.96" CONTENT="skatt"/><SP WIDTH="15" VPOS="886" HPOS="397"/>
							<String ID="string_259" HPOS="412" VPOS="886" WIDTH="47" HEIGHT="21" WC="0.96" CONTENT="icke"/><SP WIDTH="16" VPOS="886" HPOS="459"/>
							<String ID="string_260" HPOS="475" VPOS="888" WIDTH="24" HEIGHT="19" WC="0.93" CONTENT="är"/><SP WIDTH="22" VPOS="888" HPOS="499"/>
							<String ID="string_261" HPOS="521" VPOS="886" WIDTH="116" HEIGHT="27" WC="0.92" CONTENT="uppphäfd,"/><SP WIDTH="21" VPOS="886" HPOS="637"/>
							<String ID="string_262" HPOS="658" VPOS="886" WIDTH="28" HEIGHT="22" WC="0.96" CONTENT="då"/><SP WIDTH="16" VPOS="886" HPOS="686"/>
							<String ID="string_263" HPOS="702" VPOS="886" WIDTH="70" HEIGHT="21" WC="0.96" CONTENT="denna"/><SP WIDTH="16" VPOS="886" HPOS="772"/>
							<String ID="string_264" HPOS="788" VPOS="885" WIDTH="59" HEIGHT="21" WC="0.96" CONTENT="skatt"/><SP WIDTH="17" VPOS="885" HPOS="847"/>
							<String ID="string_265" HPOS="864" VPOS="886" WIDTH="56" HEIGHT="18" WC="0.93" CONTENT="ännu"/><SP WIDTH="15" VPOS="886" HPOS="920"/>
							<String ID="string_266" HPOS="935" VPOS="882" WIDTH="67" HEIGHT="22" WC="0.91" CONTENT="hvilar"/>
						</TextLine>
						<TextLine ID="line_26" HPOS="174" VPOS="912" WIDTH="827" HEIGHT="30">
							<String ID="string_267" HPOS="174" VPOS="914" WIDTH="28" HEIGHT="27" WC="0.96" CONTENT="på"/><SP WIDTH="12" VPOS="914" HPOS="202"/>
							<String ID="string_268" HPOS="214" VPOS="914" WIDTH="84" HEIGHT="27" WC="0.96" CONTENT="jorden,"/><SP WIDTH="17" VPOS="914" HPOS="298"/>
							<String ID="string_269" HPOS="315" VPOS="917" WIDTH="23" HEIGHT="19" WC="0.96" CONTENT="är"/><SP WIDTH="16" VPOS="917" HPOS="338"/>
							<String ID="string_270" HPOS="354" VPOS="915" WIDTH="37" HEIGHT="21" WC="0.96" CONTENT="det"/><SP WIDTH="15" VPOS="915" HPOS="391"/>
							<String ID="string_271" HPOS="406" VPOS="915" WIDTH="115" HEIGHT="26" WC="0.93" CONTENT="ingalunda"/><SP WIDTH="15" VPOS="915" HPOS="521"/>
							<String ID="string_272" HPOS="536" VPOS="915" WIDTH="160" HEIGHT="27" WC="0.92" CONTENT="klandervärdt,"/><SP WIDTH="18" VPOS="915" HPOS="696"/>
							<String ID="string_273" HPOS="714" VPOS="916" WIDTH="34" HEIGHT="20" WC="0.96" CONTENT="att"/><SP WIDTH="13" VPOS="916" HPOS="748"/>
							<String ID="string_274" HPOS="761" VPOS="920" WIDTH="48" HEIGHT="14" WC="0.96" CONTENT="man"/><SP WIDTH="16" VPOS="920" HPOS="809"/>
							<String ID="string_275" HPOS="825" VPOS="913" WIDTH="56" HEIGHT="21" WC="0.96" CONTENT="låter"/><SP WIDTH="17" VPOS="913" HPOS="881"/>
							<String ID="string_276" HPOS="898" VPOS="912" WIDTH="40" HEIGHT="21" WC="0.96" CONTENT="den"/><SP WIDTH="11" VPOS="912" HPOS="938"/>
							<String ID="string_277" HPOS="949" VPOS="912" WIDTH="52" HEIGHT="26" WC="0.96" CONTENT="utgå"/>
						</TextLine>
						<TextLine ID="line_27" HPOS="174" VPOS="940" WIDTH="826" HEIGHT="28">
							<String ID="string_278" HPOS="174" VPOS="943" WIDTH="6" HEIGHT="20" WC="0.93" CONTENT="i"/><SP WIDTH="16" VPOS="943" HPOS="180"/>
							<String ID="string_279" HPOS="196" VPOS="942" WIDTH="101" HEIGHT="22" WC="0.91" CONTENT="förökadt"/><SP WIDTH="14" VPOS="942" HPOS="297"/>
							<String ID="string_280" HPOS="311" VPOS="943" WIDTH="55" HEIGHT="21" WC="0.96" CONTENT="mått"/><SP WIDTH="14" VPOS="943" HPOS="366"/>
							<String ID="string_281" HPOS="380" VPOS="944" WIDTH="48" HEIGHT="20" WC="0.96" CONTENT="med"/><SP WIDTH="16" VPOS="944" HPOS="428"/>
							<String ID="string_282" HPOS="444" VPOS="943" WIDTH="101" HEIGHT="22" WC="0.93" CONTENT="afseende"/><SP WIDTH="21" VPOS="943" HPOS="545"/>
							<String ID="string_283" HPOS="566" VPOS="944" WIDTH="12" HEIGHT="20" WC="0.92" CONTENT="å"/><SP WIDTH="22" VPOS="944" HPOS="578"/>
							<String ID="string_284" HPOS="600" VPOS="944" WIDTH="54" HEIGHT="23" WC="0.96" CONTENT="dem,"/><SP WIDTH="18" VPOS="944" HPOS="654"/>
							<String ID="string_285" HPOS="672" VPOS="950" WIDTH="48" HEIGHT="15" WC="0.96" CONTENT="som"/><SP WIDTH="14" VPOS="950" HPOS="720"/>
							<String ID="string_286" HPOS="734" VPOS="943" WIDTH="55" HEIGHT="21" WC="0.96" CONTENT="visat"/><SP WIDTH="16" VPOS="943" HPOS="789"/>
							<String ID="string_287" HPOS="805" VPOS="942" WIDTH="33" HEIGHT="26" WC="0.96" CONTENT="sig"/><SP WIDTH="15" VPOS="942" HPOS="838"/>
							<String ID="string_288" HPOS="853" VPOS="942" WIDTH="56" HEIGHT="19" WC="0.93" CONTENT="mest"/><SP WIDTH="14" VPOS="942" HPOS="909"/>
							<String ID="string_289" HPOS="923" VPOS="940" WIDTH="77" HEIGHT="21" WC="0.90" CONTENT="intres-"/>
						</TextLine>
						<TextLine ID="line_28" HPOS="174" VPOS="968" WIDTH="826" HEIGHT="30">
							<String ID="string_290" HPOS="174" VPOS="971" WIDTH="76" HEIGHT="22" WC="0.96" CONTENT="serade"/><SP WIDTH="16" VPOS="971" HPOS="250"/>
							<String ID="string_291" HPOS="266" VPOS="971" WIDTH="24" HEIGHT="21" WC="0.96" CONTENT="af"/><SP WIDTH="13" VPOS="971" HPOS="290"/>
							<String ID="string_292" HPOS="303" VPOS="972" WIDTH="39" HEIGHT="21" WC="0.93" CONTENT="den"/><SP WIDTH="16" VPOS="972" HPOS="342"/>
							<String ID="string_293" HPOS="358" VPOS="971" WIDTH="68" HEIGHT="27" WC="0.91" CONTENT="gåfva,"/><SP WIDTH="16" VPOS="971" HPOS="426"/>
							<String ID="string_294" HPOS="442" VPOS="972" WIDTH="86" HEIGHT="21" WC="0.91" CONTENT="hvarom"/><SP WIDTH="17" VPOS="972" HPOS="528"/>
							<String ID="string_295" HPOS="545" VPOS="972" WIDTH="54" HEIGHT="22" WC="0.96" CONTENT="varit"/><SP WIDTH="15" VPOS="972" HPOS="599"/>
							<String ID="string_296" HPOS="614" VPOS="972" WIDTH="37" HEIGHT="21" WC="0.93" CONTENT="tal."/><SP WIDTH="16" VPOS="972" HPOS="651"/>
							<String ID="string_297" HPOS="667" VPOS="984" WIDTH="28" HEIGHT="3" WC="0.92" CONTENT="—"/><SP WIDTH="16" VPOS="984" HPOS="695"/>
							<String ID="string_298" HPOS="711" VPOS="971" WIDTH="31" HEIGHT="22" WC="0.96" CONTENT="På"/><SP WIDTH="16" VPOS="971" HPOS="742"/>
							<String ID="string_299" HPOS="758" VPOS="970" WIDTH="69" HEIGHT="27" WC="0.96" CONTENT="grund"/><SP WIDTH="16" VPOS="970" HPOS="827"/>
							<String ID="string_300" HPOS="843" VPOS="969" WIDTH="22" HEIGHT="22" WC="0.96" CONTENT="af"/><SP WIDTH="8" VPOS="969" HPOS="865"/>
							<String ID="string_301" HPOS="873" VPOS="969" WIDTH="71" HEIGHT="21" WC="0.92" CONTENT="hvilka"/><SP WIDTH="10" VPOS="969" HPOS="944"/>
							<String ID="string_302" HPOS="954" VPOS="968" WIDTH="46" HEIGHT="21" WC="0.92" CONTENT="filo-"/>
						</TextLine>
						<TextLine ID="line_29" HPOS="174" VPOS="996" WIDTH="829" HEIGHT="32">
							<String ID="string_303" HPOS="174" VPOS="999" WIDTH="81" HEIGHT="22" WC="0.92" CONTENT="sofiska"/><SP WIDTH="19" VPOS="999" HPOS="255"/>
							<String ID="string_304" HPOS="274" VPOS="1000" WIDTH="160" HEIGHT="27" WC="0.96" CONTENT="spekulationer"/><SP WIDTH="18" VPOS="1000" HPOS="434"/>
							<String ID="string_305" HPOS="452" VPOS="1001" WIDTH="49" HEIGHT="21" WC="0.93" CONTENT="herr"/><SP WIDTH="19" VPOS="1001" HPOS="501"/>
							<String ID="string_306" HPOS="520" VPOS="1001" WIDTH="142" HEIGHT="27" WC="0.91" CONTENT="Godenhjelm"/><SP WIDTH="22" VPOS="1001" HPOS="662"/>
							<String ID="string_307" HPOS="684" VPOS="1000" WIDTH="77" HEIGHT="23" WC="0.96" CONTENT="vunnit"/><SP WIDTH="19" VPOS="1000" HPOS="761"/>
							<String ID="string_308" HPOS="780" VPOS="999" WIDTH="33" HEIGHT="22" WC="0.96" CONTENT="sin"/><SP WIDTH="16" VPOS="999" HPOS="813"/>
							<String ID="string_309" HPOS="829" VPOS="997" WIDTH="135" HEIGHT="28" WC="0.96" CONTENT="uppfattning"/><SP WIDTH="16" VPOS="997" HPOS="964"/>
							<String ID="string_310" HPOS="980" VPOS="996" WIDTH="23" HEIGHT="22" WC="0.97" CONTENT="af"/>
						</TextLine>
						<TextLine ID="line_30" HPOS="174" VPOS="1026" WIDTH="827" HEIGHT="30">
							<String ID="string_311" HPOS="174" VPOS="1028" WIDTH="120" HEIGHT="27" WC="0.96" CONTENT="begreppet"/><SP WIDTH="21" VPOS="1028" HPOS="294"/>
							<String ID="string_312" HPOS="315" VPOS="1029" WIDTH="131" HEIGHT="26" WC="0.96" CONTENT="aristokrati,"/><SP WIDTH="23" VPOS="1029" HPOS="446"/>
							<String ID="string_313" HPOS="469" VPOS="1031" WIDTH="24" HEIGHT="20" WC="0.97" CONTENT="är"/><SP WIDTH="21" VPOS="1031" HPOS="493"/>
							<String ID="string_314" HPOS="514" VPOS="1030" WIDTH="44" HEIGHT="26" WC="0.96" CONTENT="mig"/><SP WIDTH="22" VPOS="1030" HPOS="558"/>
							<String ID="string_315" HPOS="580" VPOS="1030" WIDTH="99" HEIGHT="21" WC="0.96" CONTENT="obekant."/><SP WIDTH="33" VPOS="1030" HPOS="679"/>
							<String ID="string_316" HPOS="712" VPOS="1029" WIDTH="54" HEIGHT="21" WC="0.96" CONTENT="Ville"/><SP WIDTH="23" VPOS="1029" HPOS="766"/>
							<String ID="string_317" HPOS="789" VPOS="1034" WIDTH="48" HEIGHT="15" WC="0.96" CONTENT="man"/><SP WIDTH="16" VPOS="1034" HPOS="837"/>
							<String ID="string_318" HPOS="853" VPOS="1027" WIDTH="39" HEIGHT="21" WC="0.96" CONTENT="här"/><SP WIDTH="15" VPOS="1027" HPOS="892"/>
							<String ID="string_319" HPOS="907" VPOS="1026" WIDTH="94" HEIGHT="21" WC="0.96" CONTENT="utesluta"/>
						</TextLine>
						<TextLine ID="line_31" HPOS="174" VPOS="1054" WIDTH="826" HEIGHT="30">
							<String ID="string_320" HPOS="174" VPOS="1057" WIDTH="160" HEIGHT="27" WC="0.91" CONTENT="Ridderskapet"/><SP WIDTH="16" VPOS="1057" HPOS="334"/>
							<String ID="string_321" HPOS="350" VPOS="1058" WIDTH="40" HEIGHT="21" WC="0.93" CONTENT="och"/><SP WIDTH="15" VPOS="1058" HPOS="390"/>
							<String ID="string_322" HPOS="405" VPOS="1058" WIDTH="68" HEIGHT="21" WC="0.91" CONTENT="Adeln"/><SP WIDTH="15" VPOS="1058" HPOS="473"/>
							<String ID="string_323" HPOS="488" VPOS="1057" WIDTH="46" HEIGHT="22" WC="0.96" CONTENT="från"/><SP WIDTH="17" VPOS="1057" HPOS="534"/>
							<String ID="string_324" HPOS="551" VPOS="1060" WIDTH="33" HEIGHT="19" WC="0.96" CONTENT="att"/><SP WIDTH="15" VPOS="1060" HPOS="584"/>
							<String ID="string_325" HPOS="599" VPOS="1059" WIDTH="72" HEIGHT="21" WC="0.96" CONTENT="betala"/><SP WIDTH="19" VPOS="1059" HPOS="671"/>
							<String ID="string_326" HPOS="690" VPOS="1058" WIDTH="71" HEIGHT="21" WC="0.96" CONTENT="denna"/><SP WIDTH="22" VPOS="1058" HPOS="761"/>
							<String ID="string_327" HPOS="783" VPOS="1057" WIDTH="66" HEIGHT="25" WC="0.96" CONTENT="skatt,"/><SP WIDTH="21" VPOS="1057" HPOS="849"/>
							<String ID="string_328" HPOS="870" VPOS="1055" WIDTH="26" HEIGHT="22" WC="0.93" CONTENT="då"/><SP WIDTH="16" VPOS="1055" HPOS="896"/>
							<String ID="string_329" HPOS="912" VPOS="1054" WIDTH="88" HEIGHT="27" WC="0.90" CONTENT="medgif-"/>
						</TextLine>
						<TextLine ID="line_32" HPOS="174" VPOS="1083" WIDTH="826" HEIGHT="30">
							<String ID="string_330" HPOS="174" VPOS="1091" WIDTH="38" HEIGHT="16" WC="0.93" CONTENT="ves"/><SP WIDTH="16" VPOS="1091" HPOS="212"/>
							<String ID="string_331" HPOS="228" VPOS="1088" WIDTH="32" HEIGHT="19" WC="0.93" CONTENT="att"/><SP WIDTH="15" VPOS="1088" HPOS="260"/>
							<String ID="string_332" HPOS="275" VPOS="1086" WIDTH="161" HEIGHT="27" WC="0.92" CONTENT="beskyllningen"/><SP WIDTH="16" VPOS="1086" HPOS="436"/>
							<String ID="string_333" HPOS="452" VPOS="1086" WIDTH="33" HEIGHT="22" WC="0.96" CONTENT="för"/><SP WIDTH="15" VPOS="1086" HPOS="485"/>
							<String ID="string_334" HPOS="500" VPOS="1087" WIDTH="123" HEIGHT="21" WC="0.93" CONTENT="aristokrati"/><SP WIDTH="17" VPOS="1087" HPOS="623"/>
							<String ID="string_335" HPOS="640" VPOS="1087" WIDTH="54" HEIGHT="26" WC="0.92" CONTENT="egde"/><SP WIDTH="17" VPOS="1087" HPOS="694"/>
							<String ID="string_336" HPOS="711" VPOS="1087" WIDTH="31" HEIGHT="20" WC="0.96" CONTENT="sin"/><SP WIDTH="16" VPOS="1087" HPOS="742"/>
							<String ID="string_337" HPOS="758" VPOS="1084" WIDTH="140" HEIGHT="27" WC="0.96" CONTENT="tillämpning,"/><SP WIDTH="12" VPOS="1084" HPOS="898"/>
							<String ID="string_338" HPOS="910" VPOS="1090" WIDTH="47" HEIGHT="15" WC="0.91" CONTENT="men"/><SP WIDTH="9" VPOS="1090" HPOS="957"/>
							<String ID="string_339" HPOS="966" VPOS="1083" WIDTH="34" HEIGHT="22" WC="0.91" CONTENT="så-"/>
						</TextLine>
						<TextLine ID="line_33" HPOS="174" VPOS="1112" WIDTH="782" HEIGHT="31">
							<String ID="string_340" HPOS="174" VPOS="1121" WIDTH="47" HEIGHT="15" WC="0.96" CONTENT="som"/><SP WIDTH="15" VPOS="1121" HPOS="221"/>
							<String ID="string_341" HPOS="236" VPOS="1115" WIDTH="68" HEIGHT="21" WC="0.96" CONTENT="saken"/><SP WIDTH="14" VPOS="1115" HPOS="304"/>
							<String ID="string_342" HPOS="318" VPOS="1121" WIDTH="29" HEIGHT="15" WC="0.96" CONTENT="nu"/><SP WIDTH="16" VPOS="1121" HPOS="347"/>
							<String ID="string_343" HPOS="363" VPOS="1117" WIDTH="30" HEIGHT="24" WC="0.96" CONTENT="är,"/><SP WIDTH="16" VPOS="1117" HPOS="393"/>
							<String ID="string_344" HPOS="409" VPOS="1117" WIDTH="24" HEIGHT="19" WC="0.96" CONTENT="är"/><SP WIDTH="16" VPOS="1117" HPOS="433"/>
							<String ID="string_345" HPOS="449" VPOS="1122" WIDTH="24" HEIGHT="15" WC="0.96" CONTENT="en"/><SP WIDTH="17" VPOS="1122" HPOS="473"/>
							<String ID="string_346" HPOS="490" VPOS="1116" WIDTH="41" HEIGHT="21" WC="0.96" CONTENT="slik"/><SP WIDTH="16" VPOS="1116" HPOS="531"/>
							<String ID="string_347" HPOS="547" VPOS="1116" WIDTH="139" HEIGHT="27" WC="0.95" CONTENT="anmärkning"/><SP WIDTH="16" VPOS="1116" HPOS="686"/>
							<String ID="string_348" HPOS="702" VPOS="1114" WIDTH="131" HEIGHT="26" WC="0.93" CONTENT="fullkomligt"/><SP WIDTH="16" VPOS="1114" HPOS="833"/>
							<String ID="string_349" HPOS="849" VPOS="1112" WIDTH="107" HEIGHT="27" WC="0.91" CONTENT="grundlös."/>
						</TextLine>
					</TextBlock>
					<TextBlock ID="block_3" HPOS="169" VPOS="1141" WIDTH="832" HEIGHT="431">
						<TextLine ID="line_34" HPOS="243" VPOS="1141" WIDTH="758" HEIGHT="30">
							<String ID="string_350" HPOS="243" VPOS="1143" WIDTH="57" HEIGHT="22" WC="0.92" CONTENT="Herr"/><SP WIDTH="14" VPOS="1143" HPOS="300"/>
							<String ID="string_351" HPOS="314" VPOS="1144" WIDTH="140" HEIGHT="21" WC="0.91" CONTENT="Mechelin:"/><SP WIDTH="30" VPOS="1144" HPOS="454"/>
							<String ID="string_352" HPOS="484" VPOS="1144" WIDTH="41" HEIGHT="21" WC="0.96" CONTENT="För"/><SP WIDTH="16" VPOS="1144" HPOS="525"/>
							<String ID="string_353" HPOS="541" VPOS="1145" WIDTH="42" HEIGHT="20" WC="0.96" CONTENT="min"/><SP WIDTH="16" VPOS="1145" HPOS="583"/>
							<String ID="string_354" HPOS="599" VPOS="1145" WIDTH="34" HEIGHT="21" WC="0.96" CONTENT="del"/><SP WIDTH="17" VPOS="1145" HPOS="633"/>
							<String ID="string_355" HPOS="650" VPOS="1145" WIDTH="39" HEIGHT="20" WC="0.92" CONTENT="bar"/><SP WIDTH="13" VPOS="1145" HPOS="689"/>
							<String ID="string_356" HPOS="702" VPOS="1144" WIDTH="39" HEIGHT="27" WC="0.96" CONTENT="jag"/><SP WIDTH="16" VPOS="1144" HPOS="741"/>
							<String ID="string_357" HPOS="757" VPOS="1143" WIDTH="40" HEIGHT="21" WC="0.96" CONTENT="den"/><SP WIDTH="16" VPOS="1143" HPOS="797"/>
							<String ID="string_358" HPOS="813" VPOS="1141" WIDTH="141" HEIGHT="28" WC="0.96" CONTENT="uppfattning,"/><SP WIDTH="15" VPOS="1141" HPOS="954"/>
							<String ID="string_359" HPOS="969" VPOS="1142" WIDTH="32" HEIGHT="19" WC="0.96" CONTENT="att"/>
						</TextLine>
						<TextLine ID="line_35" HPOS="174" VPOS="1169" WIDTH="826" HEIGHT="30">
							<String ID="string_360" HPOS="174" VPOS="1171" WIDTH="40" HEIGHT="22" WC="0.96" CONTENT="här"/><SP WIDTH="21" VPOS="1171" HPOS="214"/>
							<String ID="string_361" HPOS="235" VPOS="1171" WIDTH="111" HEIGHT="28" WC="0.96" CONTENT="ingenting"/><SP WIDTH="23" VPOS="1171" HPOS="346"/>
							<String ID="string_362" HPOS="369" VPOS="1174" WIDTH="65" HEIGHT="20" WC="0.94" CONTENT="annat"/><SP WIDTH="23" VPOS="1174" HPOS="434"/>
							<String ID="string_363" HPOS="457" VPOS="1172" WIDTH="119" HEIGHT="27" WC="0.94" CONTENT="föreligger,"/><SP WIDTH="17" VPOS="1172" HPOS="576"/>
							<String ID="string_364" HPOS="593" VPOS="1175" WIDTH="25" HEIGHT="19" WC="0.96" CONTENT="än"/><SP WIDTH="17" VPOS="1175" HPOS="618"/>
							<String ID="string_365" HPOS="635" VPOS="1173" WIDTH="40" HEIGHT="21" WC="0.96" CONTENT="den"/><SP WIDTH="17" VPOS="1173" HPOS="675"/>
							<String ID="string_366" HPOS="692" VPOS="1174" WIDTH="50" HEIGHT="19" WC="0.96" CONTENT="rent"/><SP WIDTH="14" VPOS="1174" HPOS="742"/>
							<String ID="string_367" HPOS="756" VPOS="1170" WIDTH="119" HEIGHT="23" WC="0.96" CONTENT="finansiella"/><SP WIDTH="15" VPOS="1170" HPOS="875"/>
							<String ID="string_368" HPOS="890" VPOS="1169" WIDTH="110" HEIGHT="27" WC="0.96" CONTENT="uppgiften"/>
						</TextLine>
						<TextLine ID="line_36" HPOS="174" VPOS="1198" WIDTH="826" HEIGHT="30">
							<String ID="string_369" HPOS="174" VPOS="1202" WIDTH="32" HEIGHT="19" WC="0.96" CONTENT="att"/><SP WIDTH="15" VPOS="1202" HPOS="206"/>
							<String ID="string_370" HPOS="221" VPOS="1200" WIDTH="29" HEIGHT="27" WC="0.96" CONTENT="på"/><SP WIDTH="15" VPOS="1200" HPOS="250"/>
							<String ID="string_371" HPOS="265" VPOS="1202" WIDTH="33" HEIGHT="20" WC="0.96" CONTENT="ett"/><SP WIDTH="9" VPOS="1202" HPOS="298"/>
							<String ID="string_372" HPOS="307" VPOS="1201" WIDTH="49" HEIGHT="21" WC="0.96" CONTENT="med"/><SP WIDTH="10" VPOS="1201" HPOS="356"/>
							<String ID="string_373" HPOS="366" VPOS="1201" WIDTH="91" HEIGHT="22" WC="0.96" CONTENT="rättvisa"/><SP WIDTH="11" VPOS="1201" HPOS="457"/>
							<String ID="string_374" HPOS="468" VPOS="1201" WIDTH="39" HEIGHT="22" WC="0.93" CONTENT="och"/><SP WIDTH="11" VPOS="1201" HPOS="507"/>
							<String ID="string_375" HPOS="518" VPOS="1202" WIDTH="98" HEIGHT="26" WC="0.92" CONTENT="billighet"/><SP WIDTH="12" VPOS="1202" HPOS="616"/>
							<String ID="string_376" HPOS="628" VPOS="1199" WIDTH="234" HEIGHT="24" WC="0.90" CONTENT="öfverensstämmande"/><SP WIDTH="11" VPOS="1199" HPOS="862"/>
							<String ID="string_377" HPOS="873" VPOS="1200" WIDTH="45" HEIGHT="20" WC="0.92" CONTENT="sätt"/><SP WIDTH="10" VPOS="1200" HPOS="918"/>
							<String ID="string_378" HPOS="928" VPOS="1198" WIDTH="72" HEIGHT="21" WC="0.92" CONTENT="åstad-"/>
						</TextLine>
						<TextLine ID="line_37" HPOS="174" VPOS="1227" WIDTH="826" HEIGHT="30">
							<String ID="string_379" HPOS="174" VPOS="1229" WIDTH="86" HEIGHT="21" WC="0.96" CONTENT="komma"/><SP WIDTH="23" VPOS="1229" HPOS="260"/>
							<String ID="string_380" HPOS="283" VPOS="1235" WIDTH="26" HEIGHT="16" WC="0.96" CONTENT="en"/><SP WIDTH="21" VPOS="1235" HPOS="309"/>
							<String ID="string_381" HPOS="330" VPOS="1229" WIDTH="73" HEIGHT="28" WC="0.95" CONTENT="miljon"/><SP WIDTH="16" VPOS="1229" HPOS="403"/>
							<String ID="string_382" HPOS="419" VPOS="1230" WIDTH="65" HEIGHT="26" WC="0.96" CONTENT="mark,"/><SP WIDTH="23" VPOS="1230" HPOS="484"/>
							<String ID="string_383" HPOS="507" VPOS="1230" WIDTH="33" HEIGHT="21" WC="0.96" CONTENT="för"/><SP WIDTH="15" VPOS="1230" HPOS="540"/>
							<String ID="string_384" HPOS="555" VPOS="1232" WIDTH="33" HEIGHT="19" WC="0.96" CONTENT="att"/><SP WIDTH="15" VPOS="1232" HPOS="588"/>
							<String ID="string_385" HPOS="603" VPOS="1231" WIDTH="88" HEIGHT="20" WC="0.96" CONTENT="dermed"/><SP WIDTH="16" VPOS="1231" HPOS="691"/>
							<String ID="string_386" HPOS="707" VPOS="1229" WIDTH="93" HEIGHT="22" WC="0.96" CONTENT="betäcka"/><SP WIDTH="15" VPOS="1229" HPOS="800"/>
							<String ID="string_387" HPOS="815" VPOS="1228" WIDTH="38" HEIGHT="21" WC="0.96" CONTENT="det"/><SP WIDTH="13" VPOS="1228" HPOS="853"/>
							<String ID="string_388" HPOS="866" VPOS="1227" WIDTH="46" HEIGHT="21" WC="0.93" CONTENT="från"/><SP WIDTH="15" VPOS="1227" HPOS="912"/>
							<String ID="string_389" HPOS="927" VPOS="1227" WIDTH="73" HEIGHT="21" WC="0.91" CONTENT="bevill-"/>
						</TextLine>
						<TextLine ID="line_38" HPOS="173" VPOS="1255" WIDTH="827" HEIGHT="30">
							<String ID="string_390" HPOS="173" VPOS="1257" WIDTH="144" HEIGHT="27" WC="0.91" CONTENT="ningsfonden"/><SP WIDTH="15" VPOS="1257" HPOS="317"/>
							<String ID="string_391" HPOS="332" VPOS="1258" WIDTH="83" HEIGHT="27" WC="0.95" CONTENT="utgifna"/><SP WIDTH="14" VPOS="1258" HPOS="415"/>
							<String ID="string_392" HPOS="429" VPOS="1258" WIDTH="122" HEIGHT="22" WC="0.95" CONTENT="förskottet."/><SP WIDTH="32" VPOS="1258" HPOS="551"/>
							<String ID="string_393" HPOS="583" VPOS="1259" WIDTH="29" HEIGHT="21" WC="0.95" CONTENT="Så"/><SP WIDTH="14" VPOS="1259" HPOS="612"/>
							<String ID="string_394" HPOS="626" VPOS="1259" WIDTH="85" HEIGHT="21" WC="0.96" CONTENT="tillvida"/><SP WIDTH="15" VPOS="1259" HPOS="711"/>
							<String ID="string_395" HPOS="726" VPOS="1260" WIDTH="24" HEIGHT="19" WC="0.96" CONTENT="är"/><SP WIDTH="14" VPOS="1260" HPOS="750"/>
							<String ID="string_396" HPOS="764" VPOS="1256" WIDTH="111" HEIGHT="28" WC="0.96" CONTENT="uppgiften"/><SP WIDTH="18" VPOS="1256" HPOS="875"/>
							<String ID="string_397" HPOS="893" VPOS="1255" WIDTH="42" HEIGHT="22" WC="0.93" CONTENT="olik"/><SP WIDTH="14" VPOS="1255" HPOS="935"/>
							<String ID="string_398" HPOS="949" VPOS="1261" WIDTH="51" HEIGHT="16" WC="0.90" CONTENT="van-"/>
						</TextLine>
						<TextLine ID="line_39" HPOS="172" VPOS="1284" WIDTH="828" HEIGHT="31">
							<String ID="string_399" HPOS="172" VPOS="1286" WIDTH="44" HEIGHT="27" WC="0.91" CONTENT="liga"/><SP WIDTH="14" VPOS="1286" HPOS="216"/>
							<String ID="string_400" HPOS="230" VPOS="1286" WIDTH="230" HEIGHT="27" WC="0.90" CONTENT="beskattningsfrågor,"/><SP WIDTH="21" VPOS="1286" HPOS="460"/>
							<String ID="string_401" HPOS="481" VPOS="1289" WIDTH="32" HEIGHT="19" WC="0.96" CONTENT="att"/><SP WIDTH="20" VPOS="1289" HPOS="513"/>
							<String ID="string_402" HPOS="533" VPOS="1287" WIDTH="37" HEIGHT="22" WC="0.96" CONTENT="det"/><SP WIDTH="20" VPOS="1287" HPOS="570"/>
							<String ID="string_403" HPOS="590" VPOS="1287" WIDTH="46" HEIGHT="22" WC="0.96" CONTENT="icke"/><SP WIDTH="22" VPOS="1287" HPOS="636"/>
							<String ID="string_404" HPOS="658" VPOS="1287" WIDTH="70" HEIGHT="28" WC="0.96" CONTENT="gäller"/><SP WIDTH="19" VPOS="1287" HPOS="728"/>
							<String ID="string_405" HPOS="747" VPOS="1288" WIDTH="33" HEIGHT="19" WC="0.96" CONTENT="att"/><SP WIDTH="15" VPOS="1288" HPOS="780"/>
							<String ID="string_406" HPOS="795" VPOS="1286" WIDTH="68" HEIGHT="26" WC="0.96" CONTENT="skapa"/><SP WIDTH="15" VPOS="1286" HPOS="863"/>
							<String ID="string_407" HPOS="878" VPOS="1285" WIDTH="70" HEIGHT="26" WC="0.89" CONTENT="någon"/><SP WIDTH="15" VPOS="1285" HPOS="948"/>
							<String ID="string_408" HPOS="963" VPOS="1284" WIDTH="37" HEIGHT="21" WC="0.89" CONTENT="be-"/>
						</TextLine>
						<TextLine ID="line_40" HPOS="174" VPOS="1312" WIDTH="825" HEIGHT="31">
							<String ID="string_409" HPOS="174" VPOS="1315" WIDTH="92" HEIGHT="21" WC="0.96" CONTENT="stående"/><SP WIDTH="16" VPOS="1315" HPOS="266"/>
							<String ID="string_410" HPOS="282" VPOS="1315" WIDTH="154" HEIGHT="22" WC="0.96" CONTENT="inkomstkälla"/><SP WIDTH="14" VPOS="1315" HPOS="436"/>
							<String ID="string_411" HPOS="450" VPOS="1316" WIDTH="32" HEIGHT="21" WC="0.96" CONTENT="för"/><SP WIDTH="16" VPOS="1316" HPOS="482"/>
							<String ID="string_412" HPOS="498" VPOS="1318" WIDTH="78" HEIGHT="25" WC="0.96" CONTENT="staten,"/><SP WIDTH="17" VPOS="1318" HPOS="576"/>
							<String ID="string_413" HPOS="593" VPOS="1318" WIDTH="52" HEIGHT="19" WC="0.96" CONTENT="utan"/><SP WIDTH="16" VPOS="1318" HPOS="645"/>
							<String ID="string_414" HPOS="661" VPOS="1318" WIDTH="33" HEIGHT="19" WC="0.96" CONTENT="att"/><SP WIDTH="15" VPOS="1318" HPOS="694"/>
							<String ID="string_415" HPOS="709" VPOS="1315" WIDTH="66" HEIGHT="21" WC="0.95" CONTENT="täcka"/><SP WIDTH="15" VPOS="1315" HPOS="775"/>
							<String ID="string_416" HPOS="790" VPOS="1321" WIDTH="25" HEIGHT="14" WC="0.91" CONTENT="en"/><SP WIDTH="12" VPOS="1321" HPOS="815"/>
							<String ID="string_417" HPOS="827" VPOS="1313" WIDTH="92" HEIGHT="26" WC="0.96" CONTENT="tillfällig"/><SP WIDTH="11" VPOS="1313" HPOS="919"/>
							<String ID="string_418" HPOS="930" VPOS="1312" WIDTH="69" HEIGHT="27" WC="0.96" CONTENT="utgift."/>
						</TextLine>
						<TextLine ID="line_41" HPOS="173" VPOS="1341" WIDTH="827" HEIGHT="31">
							<String ID="string_419" HPOS="173" VPOS="1343" WIDTH="41" HEIGHT="22" WC="0.96" CONTENT="Vid"/><SP WIDTH="17" VPOS="1343" HPOS="214"/>
							<String ID="string_420" HPOS="231" VPOS="1343" WIDTH="80" HEIGHT="22" WC="0.96" CONTENT="sådant"/><SP WIDTH="13" VPOS="1343" HPOS="311"/>
							<String ID="string_421" HPOS="324" VPOS="1343" WIDTH="134" HEIGHT="23" WC="0.95" CONTENT="förhållande"/><SP WIDTH="15" VPOS="1343" HPOS="458"/>
							<String ID="string_422" HPOS="473" VPOS="1345" WIDTH="38" HEIGHT="20" WC="0.96" CONTENT="har"/><SP WIDTH="16" VPOS="1345" HPOS="511"/>
							<String ID="string_423" HPOS="527" VPOS="1345" WIDTH="37" HEIGHT="21" WC="0.96" CONTENT="det"/><SP WIDTH="15" VPOS="1345" HPOS="564"/>
							<String ID="string_424" HPOS="579" VPOS="1348" WIDTH="59" HEIGHT="24" WC="0.96" CONTENT="synts"/><SP WIDTH="16" VPOS="1348" HPOS="638"/>
							<String ID="string_425" HPOS="654" VPOS="1345" WIDTH="45" HEIGHT="26" WC="0.95" CONTENT="mig"/><SP WIDTH="16" VPOS="1345" HPOS="699"/>
							<String ID="string_426" HPOS="715" VPOS="1344" WIDTH="62" HEIGHT="25" WC="0.95" CONTENT="klart,"/><SP WIDTH="18" VPOS="1344" HPOS="777"/>
							<String ID="string_427" HPOS="795" VPOS="1344" WIDTH="33" HEIGHT="20" WC="0.96" CONTENT="att"/><SP WIDTH="16" VPOS="1344" HPOS="828"/>
							<String ID="string_428" HPOS="844" VPOS="1343" WIDTH="37" HEIGHT="20" WC="0.96" CONTENT="det"/><SP WIDTH="14" VPOS="1343" HPOS="881"/>
							<String ID="string_429" HPOS="895" VPOS="1341" WIDTH="48" HEIGHT="22" WC="0.96" CONTENT="icke"/><SP WIDTH="15" VPOS="1341" HPOS="943"/>
							<String ID="string_430" HPOS="958" VPOS="1341" WIDTH="42" HEIGHT="21" WC="0.96" CONTENT="kan"/>
						</TextLine>
						<TextLine ID="line_42" HPOS="172" VPOS="1370" WIDTH="827" HEIGHT="30">
							<String ID="string_431" HPOS="172" VPOS="1372" WIDTH="156" HEIGHT="27" WC="0.92" CONTENT="ifrågakomma"/><SP WIDTH="16" VPOS="1372" HPOS="328"/>
							<String ID="string_432" HPOS="344" VPOS="1374" WIDTH="33" HEIGHT="20" WC="0.96" CONTENT="att"/><SP WIDTH="15" VPOS="1374" HPOS="377"/>
							<String ID="string_433" HPOS="392" VPOS="1373" WIDTH="67" HEIGHT="21" WC="0.96" CONTENT="införa"/><SP WIDTH="14" VPOS="1373" HPOS="459"/>
							<String ID="string_434" HPOS="473" VPOS="1373" WIDTH="71" HEIGHT="27" WC="0.96" CONTENT="någon"/><SP WIDTH="15" VPOS="1373" HPOS="544"/>
							<String ID="string_435" HPOS="559" VPOS="1373" WIDTH="95" HEIGHT="22" WC="0.96" CONTENT="indirekt"/><SP WIDTH="15" VPOS="1373" HPOS="654"/>
							<String ID="string_436" HPOS="669" VPOS="1372" WIDTH="140" HEIGHT="26" WC="0.96" CONTENT="beskattning"/><SP WIDTH="14" VPOS="1372" HPOS="809"/>
							<String ID="string_437" HPOS="823" VPOS="1371" WIDTH="34" HEIGHT="22" WC="0.96" CONTENT="för"/><SP WIDTH="15" VPOS="1371" HPOS="857"/>
							<String ID="string_438" HPOS="872" VPOS="1370" WIDTH="127" HEIGHT="21" WC="0.96" CONTENT="ändamålet."/>
						</TextLine>
						<TextLine ID="line_43" HPOS="172" VPOS="1399" WIDTH="828" HEIGHT="26">
							<String ID="string_439" HPOS="172" VPOS="1401" WIDTH="33" HEIGHT="20" WC="0.97" CONTENT="En"/><SP WIDTH="15" VPOS="1401" HPOS="205"/>
							<String ID="string_440" HPOS="220" VPOS="1401" WIDTH="95" HEIGHT="22" WC="0.96" CONTENT="indirekt"/><SP WIDTH="23" VPOS="1401" HPOS="315"/>
							<String ID="string_441" HPOS="338" VPOS="1401" WIDTH="58" HEIGHT="22" WC="0.96" CONTENT="skatt"/><SP WIDTH="22" VPOS="1401" HPOS="396"/>
							<String ID="string_442" HPOS="418" VPOS="1402" WIDTH="99" HEIGHT="21" WC="0.96" CONTENT="inverkar"/><SP WIDTH="15" VPOS="1402" HPOS="517"/>
							<String ID="string_443" HPOS="532" VPOS="1402" WIDTH="60" HEIGHT="21" WC="0.96" CONTENT="alltid"/><SP WIDTH="21" VPOS="1402" HPOS="592"/>
							<String ID="string_444" HPOS="613" VPOS="1409" WIDTH="45" HEIGHT="14" WC="0.96" CONTENT="mer"/><SP WIDTH="23" VPOS="1409" HPOS="658"/>
							<String ID="string_445" HPOS="681" VPOS="1401" WIDTH="54" HEIGHT="22" WC="0.96" CONTENT="eller"/><SP WIDTH="22" VPOS="1401" HPOS="735"/>
							<String ID="string_446" HPOS="757" VPOS="1401" WIDTH="82" HEIGHT="21" WC="0.95" CONTENT="mindre"/><SP WIDTH="15" VPOS="1401" HPOS="839"/>
							<String ID="string_447" HPOS="854" VPOS="1399" WIDTH="146" HEIGHT="26" WC="0.95" CONTENT="ingripande"/><SP WIDTH="-12" VPOS="1399" HPOS="1000"/>
							<String ID="string_448" HPOS="988" VPOS="1395" WIDTH="15" HEIGHT="37" WC="0.96" CONTENT="i"/>
						</TextLine>
						<TextLine ID="line_44" HPOS="172" VPOS="1427" WIDTH="829" HEIGHT="30">
							<String ID="string_449" HPOS="172" VPOS="1429" WIDTH="70" HEIGHT="26" WC="0.96" CONTENT="någon"/><SP WIDTH="16" VPOS="1429" HPOS="242"/>
							<String ID="string_450" HPOS="258" VPOS="1430" WIDTH="116" HEIGHT="27" WC="0.96" CONTENT="produktiv"/><SP WIDTH="16" VPOS="1430" HPOS="374"/>
							<String ID="string_451" HPOS="390" VPOS="1430" WIDTH="75" HEIGHT="27" WC="0.96" CONTENT="näring"/><SP WIDTH="15" VPOS="1430" HPOS="465"/>
							<String ID="string_452" HPOS="480" VPOS="1431" WIDTH="39" HEIGHT="20" WC="0.96" CONTENT="och"/><SP WIDTH="16" VPOS="1431" HPOS="519"/>
							<String ID="string_453" HPOS="535" VPOS="1431" WIDTH="42" HEIGHT="20" WC="0.96" CONTENT="kan"/><SP WIDTH="16" VPOS="1431" HPOS="577"/>
							<String ID="string_454" HPOS="593" VPOS="1431" WIDTH="7" HEIGHT="20" WC="0.96" CONTENT="i"/><SP WIDTH="16" VPOS="1431" HPOS="600"/>
							<String ID="string_455" HPOS="616" VPOS="1431" WIDTH="119" HEIGHT="21" WC="0.96" CONTENT="allmänhet"/><SP WIDTH="17" VPOS="1431" HPOS="735"/>
							<String ID="string_456" HPOS="752" VPOS="1429" WIDTH="47" HEIGHT="22" WC="0.96" CONTENT="icke"/><SP WIDTH="12" VPOS="1429" HPOS="799"/>
							<String ID="string_457" HPOS="811" VPOS="1428" WIDTH="107" HEIGHT="22" WC="0.96" CONTENT="användas"/><SP WIDTH="12" VPOS="1428" HPOS="918"/>
							<String ID="string_458" HPOS="930" VPOS="1427" WIDTH="71" HEIGHT="21" WC="0.96" CONTENT="såsom"/>
						</TextLine>
						<TextLine ID="line_45" HPOS="172" VPOS="1456" WIDTH="829" HEIGHT="30">
							<String ID="string_459" HPOS="172" VPOS="1463" WIDTH="27" HEIGHT="15" WC="0.91" CONTENT="en"/><SP WIDTH="23" VPOS="1463" HPOS="199"/>
							<String ID="string_460" HPOS="222" VPOS="1458" WIDTH="98" HEIGHT="27" WC="0.91" CONTENT="tillfällig,"/><SP WIDTH="24" VPOS="1458" HPOS="320"/>
							<String ID="string_461" HPOS="344" VPOS="1461" WIDTH="110" HEIGHT="24" WC="0.96" CONTENT="temporär"/><SP WIDTH="21" VPOS="1461" HPOS="454"/>
							<String ID="string_462" HPOS="475" VPOS="1461" WIDTH="71" HEIGHT="25" WC="0.95" CONTENT="utväg."/><SP WIDTH="32" VPOS="1461" HPOS="546"/>
							<String ID="string_463" HPOS="578" VPOS="1459" WIDTH="72" HEIGHT="21" WC="0.95" CONTENT="Också"/><SP WIDTH="22" VPOS="1459" HPOS="650"/>
							<String ID="string_464" HPOS="672" VPOS="1459" WIDTH="41" HEIGHT="21" WC="0.93" CONTENT="har"/><SP WIDTH="22" VPOS="1459" HPOS="713"/>
							<String ID="string_465" HPOS="735" VPOS="1458" WIDTH="96" HEIGHT="21" WC="0.92" CONTENT="hvarken"/><SP WIDTH="15" VPOS="1458" HPOS="831"/>
							<String ID="string_466" HPOS="846" VPOS="1457" WIDTH="32" HEIGHT="21" WC="0.96" CONTENT="uti"/><SP WIDTH="16" VPOS="1457" HPOS="878"/>
							<String ID="string_467" HPOS="894" VPOS="1456" WIDTH="107" HEIGHT="21" WC="0.96" CONTENT="utskottet"/>
						</TextLine>
						<TextLine ID="line_46" HPOS="172" VPOS="1484" WIDTH="829" HEIGHT="30">
							<String ID="string_468" HPOS="172" VPOS="1486" WIDTH="53" HEIGHT="21" WC="0.96" CONTENT="eller"/><SP WIDTH="16" VPOS="1486" HPOS="225"/>
							<String ID="string_469" HPOS="241" VPOS="1486" WIDTH="70" HEIGHT="22" WC="0.96" CONTENT="denna"/><SP WIDTH="16" VPOS="1486" HPOS="311"/>
							<String ID="string_470" HPOS="327" VPOS="1488" WIDTH="65" HEIGHT="20" WC="0.96" CONTENT="ärade"/><SP WIDTH="15" VPOS="1488" HPOS="392"/>
							<String ID="string_471" HPOS="407" VPOS="1487" WIDTH="124" HEIGHT="27" WC="0.96" CONTENT="församling"/><SP WIDTH="15" VPOS="1487" HPOS="531"/>
							<String ID="string_472" HPOS="546" VPOS="1488" WIDTH="70" HEIGHT="26" WC="0.96" CONTENT="någon"/><SP WIDTH="12" VPOS="1488" HPOS="616"/>
							<String ID="string_473" HPOS="628" VPOS="1488" WIDTH="82" HEIGHT="20" WC="0.96" CONTENT="uttalat"/><SP WIDTH="14" VPOS="1488" HPOS="710"/>
							<String ID="string_474" HPOS="724" VPOS="1487" WIDTH="33" HEIGHT="26" WC="0.96" CONTENT="sig"/><SP WIDTH="10" VPOS="1487" HPOS="757"/>
							<String ID="string_475" HPOS="767" VPOS="1486" WIDTH="33" HEIGHT="21" WC="0.96" CONTENT="för"/><SP WIDTH="10" VPOS="1486" HPOS="800"/>
							<String ID="string_476" HPOS="810" VPOS="1486" WIDTH="72" HEIGHT="25" WC="0.96" CONTENT="annat,"/><SP WIDTH="12" VPOS="1486" HPOS="882"/>
							<String ID="string_477" HPOS="894" VPOS="1487" WIDTH="27" HEIGHT="19" WC="0.96" CONTENT="än"/><SP WIDTH="11" VPOS="1487" HPOS="921"/>
							<String ID="string_478" HPOS="932" VPOS="1484" WIDTH="69" HEIGHT="22" WC="0.96" CONTENT="direkt"/>
						</TextLine>
						<TextLine ID="line_47" HPOS="170" VPOS="1512" WIDTH="830" HEIGHT="35">
							<String ID="string_479" HPOS="170" VPOS="1514" WIDTH="229" HEIGHT="33" WC="0.91" CONTENT="beskattningsåtgärd"/><SP WIDTH="15" VPOS="1514" HPOS="399"/>
							<String ID="string_480" HPOS="414" VPOS="1516" WIDTH="7" HEIGHT="21" WC="0.96" CONTENT="i"/><SP WIDTH="17" VPOS="1516" HPOS="421"/>
							<String ID="string_481" HPOS="438" VPOS="1516" WIDTH="72" HEIGHT="22" WC="0.95" CONTENT="saken."/><SP WIDTH="30" VPOS="1516" HPOS="510"/>
							<String ID="string_482" HPOS="540" VPOS="1516" WIDTH="42" HEIGHT="27" WC="0.96" CONTENT="Jag"/><SP WIDTH="20" VPOS="1516" HPOS="582"/>
							<String ID="string_483" HPOS="602" VPOS="1516" WIDTH="39" HEIGHT="21" WC="0.96" CONTENT="har"/><SP WIDTH="21" VPOS="1516" HPOS="641"/>
							<String ID="string_484" HPOS="662" VPOS="1516" WIDTH="132" HEIGHT="21" WC="0.96" CONTENT="åtminstone"/><SP WIDTH="20" VPOS="1516" HPOS="794"/>
							<String ID="string_485" HPOS="814" VPOS="1514" WIDTH="36" HEIGHT="21" WC="0.95" CONTENT="vid"/><SP WIDTH="19" VPOS="1514" HPOS="850"/>
							<String ID="string_486" HPOS="869" VPOS="1515" WIDTH="33" HEIGHT="20" WC="0.95" CONTENT="ett"/><SP WIDTH="15" VPOS="1515" HPOS="902"/>
							<String ID="string_487" HPOS="917" VPOS="1512" WIDTH="83" HEIGHT="22" WC="0.96" CONTENT="tillfälle"/>
						</TextLine>
						<TextLine ID="line_48" HPOS="169" VPOS="1542" WIDTH="832" HEIGHT="30">
							<String ID="string_488" HPOS="169" VPOS="1543" WIDTH="91" HEIGHT="27" WC="0.96" CONTENT="tidigare"/><SP WIDTH="16" VPOS="1543" HPOS="260"/>
							<String ID="string_489" HPOS="276" VPOS="1544" WIDTH="29" HEIGHT="27" WC="0.96" CONTENT="på"/><SP WIDTH="15" VPOS="1544" HPOS="305"/>
							<String ID="string_490" HPOS="320" VPOS="1544" WIDTH="61" HEIGHT="22" WC="0.96" CONTENT="detta"/><SP WIDTH="19" VPOS="1544" HPOS="381"/>
							<String ID="string_491" HPOS="400" VPOS="1551" WIDTH="47" HEIGHT="15" WC="0.95" CONTENT="rum"/><SP WIDTH="20" VPOS="1551" HPOS="447"/>
							<String ID="string_492" HPOS="467" VPOS="1544" WIDTH="46" HEIGHT="22" WC="0.95" CONTENT="haft"/><SP WIDTH="14" VPOS="1544" HPOS="513"/>
							<String ID="string_493" HPOS="527" VPOS="1545" WIDTH="115" HEIGHT="27" WC="0.96" CONTENT="anledning"/><SP WIDTH="23" VPOS="1545" HPOS="642"/>
							<String ID="string_494" HPOS="665" VPOS="1546" WIDTH="34" HEIGHT="20" WC="0.96" CONTENT="att"/><SP WIDTH="15" VPOS="1546" HPOS="699"/>
							<String ID="string_495" HPOS="714" VPOS="1544" WIDTH="70" HEIGHT="22" WC="0.96" CONTENT="uttala"/><SP WIDTH="15" VPOS="1544" HPOS="784"/>
							<String ID="string_496" HPOS="799" VPOS="1543" WIDTH="44" HEIGHT="21" WC="0.93" CONTENT="min"/><SP WIDTH="16" VPOS="1543" HPOS="843"/>
							<String ID="string_497" HPOS="859" VPOS="1542" WIDTH="142" HEIGHT="28" WC="0.91" CONTENT="öfvertygelse"/>
						</TextLine>
					</TextBlock>
				</ComposedBlock>
			</PrintSpace>
		</Page>
	</Layout>
</alto>
