1070 1739
394 125 40 18 Den
451 123 26 20 30
493 124 108 18 November.
839 121 39 21 875

87 188 74 22 utmed
176 188 80 21 kusten
271 185 66 24 finnes
353 193 38 16 ens
407 189 31 20 ett
454 187 25 22 så
494 189 56 20 stort
565 186 246 23 samfärdselbehofsom
819 186 90 23 emellan

87 217 142 22 Tammerfors
245 215 40 22 och
301 216 71 27 Wasa,
390 228 26 3 —
430 217 37 26 jag
482 217 92 21 nämnde
590 216 77 21 enkom
682 216 47 21 icke
745 215 73 22 Kaskö
834 218 23 25 ty
873 215 36 22 det

88 247 24 19 är
126 245 106 28 troligtvis
248 251 59 15 mera
322 245 22 21 af
357 245 150 22 arithmetiska
523 245 53 26 skäl,
588 251 46 16 som
645 245 70 21 denna
726 251 16 15 s.
754 245 19 20 k.
787 244 49 21 stad
845 244 65 22 också

88 275 65 26 tagits
175 274 49 22 med
247 274 71 21 såsom
340 281 27 14 en
389 273 77 27 faktor,
490 274 33 21 för
543 276 32 19 att
593 274 72 21 kunna
680 274 45 21 tala
741 279 34 16 om
790 275 33 20 tre
837 273 73 21 städer

88 303 7 21 i
111 303 72 22 stället
198 303 32 21 för
246 302 42 22 två.

156 333 44 20 Det
221 331 39 21 har
282 331 66 22 också
367 332 28 26 på
413 331 148 28 förmiddagen
577 331 94 28 antydts,
688 332 32 20 att
735 337 49 16 man
799 330 23 22 af
835 329 74 28 försig-

88 361 69 27 tighet
178 361 48 21 icke
248 360 39 21 bör
305 361 66 26 draga
389 360 32 22 för
439 361 85 26 mycket
542 361 29 26 pä
588 360 194 22 bränvinsskatten.
814 359 95 21 Statsut-

89 390 82 21 skottet
185 389 40 22 har
240 389 105 22 beräknat
360 391 32 20 att
407 389 35 22 vid
460 391 55 20 1882
530 390 35 21 ärs
581 389 81 27 utgäng
677 389 81 22 inemot
774 391 25 19 18
815 388 96 27 miljoner

89 419 68 21 skulle
175 418 69 21 finnas
260 418 125 26 disponibla.
416 418 40 22 Om
472 425 48 14 man
535 419 109 26 begynner
657 417 253 28 jernvägsbyggnaderna

89 447 67 21 redan
173 448 61 25 1879,
250 446 25 22 sä
290 446 68 22 skulle
373 453 49 15 man
438 446 35 22 vid
483 447 59 21 tiden
553 446 32 22 för
593 448 64 20 nästa
664 446 113 27 landtdags
789 445 120 23 afslutande

89 476 47 21 icke
155 475 64 21 hafva
238 476 66 26 byggt
319 482 58 14 mera
392 478 27 19 än
435 476 6 20 i
456 475 46 28 fyra
518 476 35 21 ärs
569 476 38 26 tid,
623 475 41 22 och
679 476 72 21 derest
766 482 48 14 man
829 474 81 28 bygger

89 504 33 22 för
144 504 59 22 cirka
227 506 33 19 tre
282 504 96 27 miljoner
397 510 35 16 om
447 505 53 26 äret,
517 504 69 22 skulle
604 506 25 20 12
644 504 98 27 miljoner
757 504 46 27 gätt
818 504 29 26 ät,
863 509 48 15 men

90 540 34 15 om
143 540 48 14 man
208 533 65 21 ocksä
288 533 68 21 skulle
373 534 98 20 använda
487 535 12 19 4
515 533 97 28 miljoner
628 540 34 14 om
678 534 52 26 äret,
747 533 68 21 skulle
826 532 37 22 det
873 531 38 22 fin-

90 568 39 16 nas
145 562 83 22 tillfälle
243 562 33 21 för
291 562 251 22 nästsammanträdande
557 562 89 22 ständer
655 563 33 20 att
696 562 99 27 supplera
803 560 107 27 behofvet,

91 592 73 20 derest
179 598 26 14 en
221 591 94 21 kolossa]
330 591 144 27 missräkning
489 592 70 20 skulle
575 591 46 21 visa
636 591 34 27 sig
684 591 8 21 i
708 590 100 22 afseende
824 590 13 21 ä
852 596 60 15 reve-

90 626 42 21 nyn
154 619 23 22 af
194 620 70 21 denna
279 620 64 21 skatt.
374 620 42 21 Det
431 619 68 23 finnes
516 620 27 22 dä
558 620 66 22 ocksä
639 620 111 26 möjlighet
765 621 32 20 att
812 618 101 22 förordna

91 655 34 15 om
147 649 41 21 den
211 648 175 22 tillskottskredit
409 655 46 15 som
477 649 101 27 möjligen
593 649 41 21 blir
650 648 129 28 erforderlig.
810 648 51 21 Men
875 653 36 21 ge-

91 684 49 15 nom
162 677 147 27 fördelningen
331 677 22 22 af
372 678 70 21 denna
459 678 100 27 byggnad
575 678 28 27 pä
617 677 52 22 flere
685 677 24 21 är
722 677 75 22 vinner
812 682 49 16 man
876 676 37 21 det

91 706 81 27 vigtiga
194 706 119 22 företrädet
334 708 32 20 att
388 707 79 26 kunna,
492 707 74 21 derest
580 706 128 22 kommande
723 706 88 22 ständer
826 704 87 22 besluta

92 741 34 15 om
147 735 74 22 vidare
240 735 125 27 jernvägars
385 736 140 26 anläggande,
541 736 46 21 läta
602 735 82 22 sädana
700 735 88 21 arbeten
803 734 110 22 oafbrutet

91 763 71 27 fortgå
182 770 34 16 om
235 764 66 22 också
315 764 7 21 i
337 764 84 27 måttlig
436 764 68 26 skala,
520 764 136 27 naturligtvis
672 764 107 22 beroende
795 763 64 27 uppå,
873 762 40 22 hu-

92 792 76 22 ruvida
190 793 35 21 vid
248 793 128 27 tidpunkten
396 793 33 21 för
443 793 130 22 kommande
588 793 104 26 landtdag
706 793 97 27 lämpligt
819 791 94 23 befinnes

93 823 32 20 att
145 821 67 21 anlita
232 822 154 21 statskrediten
401 822 33 22 för
448 822 74 22 vidare
537 822 130 28 byggnader.
684 834 24 3 —
724 822 42 26 Jag
780 822 38 21 ber
829 820 84 22 således

93 852 33 20 att
141 850 22 21 få
178 850 28 28 på
221 850 37 22 det
273 852 107 20 varmaste
394 850 93 27 förorda,
505 853 32 19 att
552 858 49 14 man
616 851 48 21 icke
680 857 28 15 nu
720 851 66 21 måtte
794 849 81 22 afhålla
883 848 32 27 sig

93 879 54 21 ifrån
170 881 32 19 att
224 879 90 21 omfatta
336 886 26 14 en
386 879 143 28 öfvertygelse
549 880 7 21 i
576 880 66 21 saken
658 880 40 21 och
714 879 77 22 endast
805 878 67 22 tänka
887 877 28 27 på

93 908 115 27 kapitalets
231 908 142 26 förräntande,
397 910 53 20 utan
469 909 69 21 hellre
553 908 55 22 fatta
623 908 37 22 det
676 908 71 22 beslut
762 909 33 20 att
809 907 106 21 förbättra

93 936 142 22 samfärdseln
257 937 7 20 i
286 936 178 22 fäderneslandet.
496 938 42 21 För
560 938 43 21 min
623 937 35 21 del
677 937 67 26 gifver
756 936 37 27 jag
807 935 66 22 bland
889 935 26 21 de

93 965 105 27 påtänkta
213 965 89 28 linjerna
317 965 107 22 företräde
440 966 22 21 åt
478 966 71 22 banan
563 966 48 21 från
626 965 142 22 Tammerfors
777 965 59 22 öfver
844 963 71 22 Etseri

93 994 32 21 till
141 994 71 21 Wasa.

161 1023 57 21 Herr
234 1023 22 21 af
269 1023 143 27 Forselles,
429 1023 64 22 Emil:
525 1024 50 21 Med
591 1023 115 28 anledning
720 1023 23 22 af
756 1023 37 21 det
801 1021 115 28 höglofliga

94 1052 98 21 ståndets
208 1052 72 21 beslut
294 1052 6 21 i
315 1052 38 27 går
368 1052 40 22 har
422 1052 75 27 frågan
515 1059 33 15 om
565 1054 31 20 ett
611 1053 72 21 beslut
692 1051 109 28 angående
811 1053 32 19 ett
851 1052 65 20 stam-

94 1081 92 22 bansnät
201 1080 33 22 för
246 1081 143 27 jernvägarna
404 1081 7 21 i
427 1081 90 22 Finland
531 1081 95 22 förfallit.
649 1081 10 21 I
674 1081 69 21 likhet
757 1080 48 21 med
815 1079 50 22 herr
876 1085 40 15 von

95 1109 85 22 Alfthan
204 1109 69 22 måste
290 1110 38 27 jag
345 1110 65 21 likväl
426 1110 94 27 beklaga
536 1110 70 22 denna
622 1110 87 27 utgång,
725 1109 89 22 emedan
827 1108 37 27 jag
879 1108 37 27 hy-

95 1145 35 15 ser
152 1139 41 21 den
213 1138 57 27 åsigt
288 1140 32 19 att
338 1141 32 19 ett
384 1139 78 21 sådant
477 1139 82 28 förslag
573 1139 32 21 till
621 1139 149 21 stambansnät
784 1137 33 22 för
832 1137 84 21 landets

93 1168 116 27 jernvägar
224 1167 56 22 hade
296 1167 54 22 varit
364 1168 78 27 vigtigt
457 1168 41 21 och
514 1168 33 21 för
562 1168 151 26 utvecklingen
728 1167 23 22 af
759 1166 84 22 landets
854 1165 63 22 fram-

95 1197 45 21 tida
152 1196 183 27 jernvägssystem
350 1196 113 27 högeligen
480 1197 154 27 betryggande.
666 1196 74 21 Likväl
756 1196 41 21 kan
810 1195 38 27 jag
858 1195 60 26 inga-

94 1225 66 22 lunda
178 1231 52 15 anse
249 1225 69 21 denna
333 1225 161 27 omständighet
510 1226 53 21 böra
576 1225 49 22 leda
641 1225 80 22 derhän
737 1226 32 20 att
784 1230 49 15 man
849 1223 69 22 skulle

95 1254 81 27 påyrka
191 1256 33 19 att
238 1253 56 22 inom
310 1256 62 19 nästa
387 1253 157 28 femårsperiod
559 1254 50 27 inga
616 1253 225 29 jernvägsbyggnader
851 1251 67 22 borde

94 1283 116 26 företagas.
240 1283 43 21 Det
305 1283 60 21 torde
388 1289 51 16 vara
461 1285 34 20 ett
519 1283 90 22 erkändt
630 1283 83 21 faktum
732 1284 32 19 att
781 1280 102 23 behofvet
898 1280 22 21 af

92 1312 114 27 jernvägar
228 1311 33 22 för
284 1313 31 20 ett
336 1311 51 22 land
406 1313 25 20 är
450 1313 33 20 ett
503 1311 23 22 af
540 1312 99 21 nutidens
650 1313 56 20 mest
721 1309 118 28 trängande
854 1308 66 22 behof

95 1341 39 21 och
151 1340 37 27 jag
208 1340 42 21 kan
269 1340 47 21 icke
335 1339 57 22 finna
407 1340 67 27 något
490 1341 48 21 skäl
553 1340 124 26 förhanden,
694 1339 97 22 hvarföre
806 1338 49 21 icke
870 1337 48 22 Fin-

94 1369 51 22 land
163 1369 7 21 i
188 1369 68 21 likhet
270 1369 48 22 med
334 1369 67 27 öfriga
417 1369 134 22 civiliserade
567 1369 74 22 länder
656 1369 69 21 skulle
741 1367 82 28 skynda
839 1366 33 27 sig
888 1367 32 20 att

95 1398 26 21 så
143 1397 45 22 vidt
209 1397 83 28 möjligt
314 1398 144 27 tillgodogöra
482 1399 35 26 sig
536 1398 61 21 detta
615 1398 108 27 verkligen
739 1395 96 23 radikala
850 1395 69 21 medel

94 1427 34 21 för
151 1427 39 21 allt
214 1427 135 21 ekonomiskt
372 1427 203 21 framåtskridande.
606 1426 78 22 Härtill
700 1426 94 21 kommer
810 1426 57 19 ännu
884 1424 36 21 det

95 1456 66 20 redan
181 1455 126 21 framhållna
326 1455 40 21 och
381 1456 7 20 i
404 1455 43 21 min
463 1455 66 21 tanke
545 1456 81 24 ganska
642 1455 79 27 vigtiga
738 1454 69 21 skälet
823 1454 33 20 att
871 1453 27 21 de
913 1453 7 20 i

95 1484 75 21 landet
185 1484 64 21 redan
267 1483 109 27 befintliga
390 1484 146 27 jernvägarna
552 1484 156 26 otvifvelaktigt
718 1482 85 21 komma
815 1482 33 20 att
858 1481 62 22 vinna

95 1512 6 21 i
125 1512 101 22 afseende
249 1512 13 21 å
280 1512 134 22 rentabilitet
431 1512 6 20 i
454 1512 42 21 den
513 1513 48 21 mån
578 1518 45 16 som
638 1512 85 21 landets
737 1511 183 27 jernvägssystem

96 1540 184 28 förfullständigas
304 1541 39 22 och
366 1540 118 23 utvecklas.
517 1542 44 27 Att,
585 1542 71 22 såsom
678 1540 38 23 här
734 1540 55 22 varit
802 1539 63 29 fråga
879 1545 40 22 om,
