<?xml version="1.0" encoding="UTF-8"?>
<alto xmlns="http://www.loc.gov/standards/alto/ns-v3#" xmlns:xlink="http://www.w3.org/1999/xlink" xmlns:xsi="http://www.w3.org/2001/XMLSchema-instance" xsi:schemaLocation="http://www.loc.gov/standards/alto/ns-v3# http://www.loc.gov/alto/v3/alto-3-0.xsd">
	<Description>
		<MeasurementUnit>pixel</MeasurementUnit>
		<sourceImageInformation>
			<fileName>/tmp/tess_lgkwew_p_input.PNG</fileName>
		</sourceImageInformation>
		<OCRProcessing ID="OCR_0">
			<ocrProcessingStep>
				<processingSoftware>
					<softwareName>tesseract 5.3.4</softwareName>
				</processingSoftware>
			</ocrProcessingStep>
		</OCRProcessing>
	</Description>
	<Layout>
		<Page WIDTH="1070" HEIGHT="1739" PHYSICAL_IMG_NR="0" ID="page_0">
			<PrintSpace HPOS="0" VPOS="0" WIDTH="1070" HEIGHT="1739">
				<ComposedBlock ID="cblock_0" HPOS="384" VPOS="116" WIDTH="486" HEIGHT="20">
					<TextBlock ID="block_0" HPOS="384" VPOS="116" WIDTH="486" HEIGHT="20">
						<TextLine ID="line_0" HPOS="384" VPOS="116" WIDTH="486" HEIGHT="20">
							<String ID="string_0" HPOS="384" VPOS="119" WIDTH="40" HEIGHT="17" WC="0.96" CONTENT="Den"/><SP WIDTH="16" VPOS="119" HPOS="424"/>
							<String ID="string_1" HPOS="440" VPOS="116" WIDTH="12" HEIGHT="19" WC="0.96" CONTENT="8"/><SP WIDTH="16" VPOS="116" HPOS="452"/>
							<String ID="string_2" HPOS="468" VPOS="117" WIDTH="109" HEIGHT="18" WC="0.96" CONTENT="November."/><SP WIDTH="252" VPOS="117" HPOS="577"/>
							<String ID="string_3" HPOS="829" VPOS="116" WIDTH="41" HEIGHT="20" WC="0.96" CONTENT="503"/>
						</TextLine>
					</TextBlock>
				</ComposedBlock>
				<ComposedBlock ID="cblock_1" HPOS="72" VPOS="179" WIDTH="828" HEIGHT="1383">
					<TextBlock ID="block_1" HPOS="72" VPOS="179" WIDTH="828" HEIGHT="974">
						<TextLine ID="line_1" HPOS="77" VPOS="179" WIDTH="823" HEIGHT="29">
							<String ID="string_4" HPOS="77" VPOS="180" WIDTH="38" HEIGHT="21" WC="0.96" CONTENT="det"/><SP WIDTH="19" VPOS="180" HPOS="115"/>
							<String ID="string_5" HPOS="134" VPOS="181" WIDTH="124" HEIGHT="26" WC="0.93" CONTENT="visserligen"/><SP WIDTH="20" VPOS="181" HPOS="258"/>
							<String ID="string_6" HPOS="278" VPOS="182" WIDTH="68" HEIGHT="25" WC="0.89" CONTENT="sannt,"/><SP WIDTH="20" VPOS="182" HPOS="346"/>
							<String ID="string_7" HPOS="366" VPOS="182" WIDTH="32" HEIGHT="20" WC="0.96" CONTENT="att"/><SP WIDTH="16" VPOS="182" HPOS="398"/>
							<String ID="string_8" HPOS="414" VPOS="181" WIDTH="26" HEIGHT="21" WC="0.96" CONTENT="de"/><SP WIDTH="16" VPOS="181" HPOS="440"/>
							<String ID="string_9" HPOS="456" VPOS="179" WIDTH="64" HEIGHT="23" WC="0.96" CONTENT="hafva"/><SP WIDTH="15" VPOS="179" HPOS="520"/>
							<String ID="string_10" HPOS="535" VPOS="181" WIDTH="92" HEIGHT="26" WC="0.96" CONTENT="gammal"/><SP WIDTH="15" VPOS="181" HPOS="627"/>
							<String ID="string_11" HPOS="642" VPOS="187" WIDTH="56" HEIGHT="16" WC="0.96" CONTENT="vana"/><SP WIDTH="14" VPOS="187" HPOS="698"/>
							<String ID="string_12" HPOS="712" VPOS="182" WIDTH="34" HEIGHT="20" WC="0.96" CONTENT="att"/><SP WIDTH="14" VPOS="182" HPOS="746"/>
							<String ID="string_13" HPOS="760" VPOS="181" WIDTH="27" HEIGHT="26" WC="0.96" CONTENT="gå"/><SP WIDTH="15" VPOS="181" HPOS="787"/>
							<String ID="string_14" HPOS="802" VPOS="180" WIDTH="98" HEIGHT="28" WC="0.96" CONTENT="omkring"/>
						</TextLine>
						<TextLine ID="line_2" HPOS="76" VPOS="209" WIDTH="822" HEIGHT="28">
							<String ID="string_15" HPOS="76" VPOS="209" WIDTH="49" HEIGHT="26" WC="0.96" CONTENT="här;"/><SP WIDTH="16" VPOS="209" HPOS="125"/>
							<String ID="string_16" HPOS="141" VPOS="216" WIDTH="48" HEIGHT="15" WC="0.96" CONTENT="men"/><SP WIDTH="16" VPOS="216" HPOS="189"/>
							<String ID="string_17" HPOS="205" VPOS="211" WIDTH="33" HEIGHT="20" WC="0.96" CONTENT="att"/><SP WIDTH="14" VPOS="211" HPOS="238"/>
							<String ID="string_18" HPOS="252" VPOS="215" WIDTH="49" HEIGHT="15" WC="0.96" CONTENT="man"/><SP WIDTH="14" VPOS="215" HPOS="301"/>
							<String ID="string_19" HPOS="315" VPOS="209" WIDTH="48" HEIGHT="22" WC="0.96" CONTENT="icke"/><SP WIDTH="16" VPOS="209" HPOS="363"/>
							<String ID="string_20" HPOS="379" VPOS="209" WIDTH="70" HEIGHT="22" WC="0.96" CONTENT="skulle"/><SP WIDTH="15" VPOS="209" HPOS="449"/>
							<String ID="string_21" HPOS="464" VPOS="209" WIDTH="64" HEIGHT="22" WC="0.96" CONTENT="hafva"/><SP WIDTH="15" VPOS="209" HPOS="528"/>
							<String ID="string_22" HPOS="543" VPOS="209" WIDTH="84" HEIGHT="28" WC="0.96" CONTENT="lyckats"/><SP WIDTH="11" VPOS="209" HPOS="627"/>
							<String ID="string_23" HPOS="638" VPOS="211" WIDTH="34" HEIGHT="20" WC="0.93" CONTENT="att"/><SP WIDTH="10" VPOS="211" HPOS="672"/>
							<String ID="string_24" HPOS="682" VPOS="209" WIDTH="66" HEIGHT="28" WC="0.92" CONTENT="stäfja"/><SP WIDTH="10" VPOS="209" HPOS="748"/>
							<String ID="string_25" HPOS="758" VPOS="209" WIDTH="70" HEIGHT="23" WC="0.96" CONTENT="denna"/><SP WIDTH="9" VPOS="209" HPOS="828"/>
							<String ID="string_26" HPOS="837" VPOS="216" WIDTH="61" HEIGHT="21" WC="0.95" CONTENT="vana,"/>
						</TextLine>
						<TextLine ID="line_3" HPOS="77" VPOS="237" WIDTH="823" HEIGHT="29">
							<String ID="string_27" HPOS="77" VPOS="244" WIDTH="63" HEIGHT="16" WC="0.95" CONTENT="anser"/><SP WIDTH="12" VPOS="244" HPOS="140"/>
							<String ID="string_28" HPOS="152" VPOS="239" WIDTH="38" HEIGHT="27" WC="0.96" CONTENT="jag"/><SP WIDTH="15" VPOS="239" HPOS="190"/>
							<String ID="string_29" HPOS="205" VPOS="238" WIDTH="47" HEIGHT="21" WC="0.96" CONTENT="icke"/><SP WIDTH="15" VPOS="238" HPOS="252"/>
							<String ID="string_30" HPOS="267" VPOS="244" WIDTH="51" HEIGHT="15" WC="0.96" CONTENT="vara"/><SP WIDTH="15" VPOS="244" HPOS="318"/>
							<String ID="string_31" HPOS="333" VPOS="237" WIDTH="48" HEIGHT="22" WC="0.96" CONTENT="fullt"/><SP WIDTH="13" VPOS="237" HPOS="381"/>
							<String ID="string_32" HPOS="394" VPOS="238" WIDTH="87" HEIGHT="27" WC="0.96" CONTENT="riktigt;"/><SP WIDTH="16" VPOS="238" HPOS="481"/>
							<String ID="string_33" HPOS="497" VPOS="244" WIDTH="49" HEIGHT="16" WC="0.96" CONTENT="man"/><SP WIDTH="16" VPOS="244" HPOS="546"/>
							<String ID="string_34" HPOS="562" VPOS="238" WIDTH="40" HEIGHT="21" WC="0.96" CONTENT="har"/><SP WIDTH="15" VPOS="238" HPOS="602"/>
							<String ID="string_35" HPOS="617" VPOS="238" WIDTH="48" HEIGHT="22" WC="0.96" CONTENT="icke"/><SP WIDTH="15" VPOS="238" HPOS="665"/>
							<String ID="string_36" HPOS="680" VPOS="238" WIDTH="83" HEIGHT="27" WC="0.96" CONTENT="lyckats"/><SP WIDTH="16" VPOS="238" HPOS="763"/>
							<String ID="string_37" HPOS="779" VPOS="241" WIDTH="34" HEIGHT="19" WC="0.97" CONTENT="att"/><SP WIDTH="14" VPOS="241" HPOS="813"/>
							<String ID="string_38" HPOS="827" VPOS="240" WIDTH="73" HEIGHT="21" WC="0.96" CONTENT="utrota"/>
						</TextLine>
						<TextLine ID="line_4" HPOS="77" VPOS="266" WIDTH="822" HEIGHT="29">
							<String ID="string_39" HPOS="77" VPOS="266" WIDTH="38" HEIGHT="22" WC="0.96" CONTENT="det"/><SP WIDTH="15" VPOS="266" HPOS="115"/>
							<String ID="string_40" HPOS="130" VPOS="268" WIDTH="62" HEIGHT="26" WC="0.95" CONTENT="onda,"/><SP WIDTH="16" VPOS="268" HPOS="192"/>
							<String ID="string_41" HPOS="208" VPOS="273" WIDTH="48" HEIGHT="15" WC="0.96" CONTENT="men"/><SP WIDTH="13" VPOS="273" HPOS="256"/>
							<String ID="string_42" HPOS="269" VPOS="267" WIDTH="37" HEIGHT="27" WC="0.96" CONTENT="jag"/><SP WIDTH="15" VPOS="267" HPOS="306"/>
							<String ID="string_43" HPOS="321" VPOS="268" WIDTH="46" HEIGHT="20" WC="0.96" CONTENT="tror"/><SP WIDTH="14" VPOS="268" HPOS="367"/>
							<String ID="string_44" HPOS="381" VPOS="273" WIDTH="49" HEIGHT="15" WC="0.96" CONTENT="man"/><SP WIDTH="16" VPOS="273" HPOS="430"/>
							<String ID="string_45" HPOS="446" VPOS="267" WIDTH="48" HEIGHT="22" WC="0.96" CONTENT="icke"/><SP WIDTH="14" VPOS="267" HPOS="494"/>
							<String ID="string_46" HPOS="508" VPOS="267" WIDTH="40" HEIGHT="22" WC="0.96" CONTENT="här"/><SP WIDTH="15" VPOS="267" HPOS="548"/>
							<String ID="string_47" HPOS="563" VPOS="267" WIDTH="7" HEIGHT="21" WC="0.92" CONTENT="i"/><SP WIDTH="15" VPOS="267" HPOS="570"/>
							<String ID="string_48" HPOS="585" VPOS="267" WIDTH="88" HEIGHT="22" WC="0.92" CONTENT="verlden"/><SP WIDTH="9" VPOS="267" HPOS="673"/>
							<String ID="string_49" HPOS="682" VPOS="267" WIDTH="85" HEIGHT="28" WC="0.96" CONTENT="lyckats"/><SP WIDTH="10" VPOS="267" HPOS="767"/>
							<String ID="string_50" HPOS="777" VPOS="269" WIDTH="74" HEIGHT="20" WC="0.93" CONTENT="utrota"/><SP WIDTH="10" VPOS="269" HPOS="851"/>
							<String ID="string_51" HPOS="861" VPOS="267" WIDTH="38" HEIGHT="22" WC="0.92" CONTENT="nå-"/>
						</TextLine>
						<TextLine ID="line_5" HPOS="76" VPOS="295" WIDTH="823" HEIGHT="28">
							<String ID="string_52" HPOS="76" VPOS="297" WIDTH="38" HEIGHT="25" WC="0.96" CONTENT="got"/><SP WIDTH="15" VPOS="297" HPOS="114"/>
							<String ID="string_53" HPOS="129" VPOS="296" WIDTH="52" HEIGHT="21" WC="0.96" CONTENT="ondt"/><SP WIDTH="15" VPOS="296" HPOS="181"/>
							<String ID="string_54" HPOS="196" VPOS="295" WIDTH="144" HEIGHT="27" WC="0.96" CONTENT="fullständigt;"/><SP WIDTH="17" VPOS="295" HPOS="340"/>
							<String ID="string_55" HPOS="357" VPOS="297" WIDTH="37" HEIGHT="20" WC="0.96" CONTENT="det"/><SP WIDTH="16" VPOS="297" HPOS="394"/>
							<String ID="string_56" HPOS="410" VPOS="298" WIDTH="24" HEIGHT="19" WC="0.96" CONTENT="är"/><SP WIDTH="14" VPOS="298" HPOS="434"/>
							<String ID="string_57" HPOS="448" VPOS="302" WIDTH="43" HEIGHT="21" WC="0.96" CONTENT="nog"/><SP WIDTH="16" VPOS="302" HPOS="491"/>
							<String ID="string_58" HPOS="507" VPOS="297" WIDTH="33" HEIGHT="20" WC="0.96" CONTENT="att"/><SP WIDTH="15" VPOS="297" HPOS="540"/>
							<String ID="string_59" HPOS="555" VPOS="295" WIDTH="118" HEIGHT="22" WC="0.96" CONTENT="förminska"/><SP WIDTH="16" VPOS="295" HPOS="673"/>
							<String ID="string_60" HPOS="689" VPOS="296" WIDTH="42" HEIGHT="21" WC="0.96" CONTENT="det."/><SP WIDTH="31" VPOS="296" HPOS="731"/>
							<String ID="string_61" HPOS="762" VPOS="296" WIDTH="41" HEIGHT="27" WC="0.96" CONTENT="Jag"/><SP WIDTH="15" VPOS="296" HPOS="803"/>
							<String ID="string_62" HPOS="818" VPOS="297" WIDTH="81" HEIGHT="21" WC="0.96" CONTENT="erinrar"/>
						</TextLine>
						<TextLine ID="line_6" HPOS="76" VPOS="324" WIDTH="823" HEIGHT="28">
							<String ID="string_63" HPOS="76" VPOS="325" WIDTH="43" HEIGHT="26" WC="0.96" CONTENT="mig"/><SP WIDTH="22" VPOS="325" HPOS="119"/>
							<String ID="string_64" HPOS="141" VPOS="325" WIDTH="67" HEIGHT="21" WC="0.96" CONTENT="också"/><SP WIDTH="21" VPOS="325" HPOS="208"/>
							<String ID="string_65" HPOS="229" VPOS="324" WIDTH="46" HEIGHT="21" WC="0.96" CONTENT="från"/><SP WIDTH="23" VPOS="324" HPOS="275"/>
							<String ID="string_66" HPOS="298" VPOS="325" WIDTH="56" HEIGHT="21" WC="0.96" CONTENT="mina"/><SP WIDTH="19" VPOS="325" HPOS="354"/>
							<String ID="string_67" HPOS="373" VPOS="331" WIDTH="66" HEIGHT="21" WC="0.96" CONTENT="yngre"/><SP WIDTH="20" VPOS="331" HPOS="439"/>
							<String ID="string_68" HPOS="459" VPOS="325" WIDTH="67" HEIGHT="27" WC="0.96" CONTENT="dagar"/><SP WIDTH="15" VPOS="325" HPOS="526"/>
							<String ID="string_69" HPOS="541" VPOS="326" WIDTH="33" HEIGHT="20" WC="0.92" CONTENT="att"/><SP WIDTH="15" VPOS="326" HPOS="574"/>
							<String ID="string_70" HPOS="589" VPOS="325" WIDTH="184" HEIGHT="26" WC="0.91" CONTENT="arkangeliternes"/><SP WIDTH="14" VPOS="325" HPOS="773"/>
							<String ID="string_71" HPOS="787" VPOS="325" WIDTH="60" HEIGHT="21" WC="0.95" CONTENT="antal"/><SP WIDTH="14" VPOS="325" HPOS="847"/>
							<String ID="string_72" HPOS="861" VPOS="332" WIDTH="38" HEIGHT="15" WC="0.96" CONTENT="var"/>
						</TextLine>
						<TextLine ID="line_7" HPOS="76" VPOS="353" WIDTH="823" HEIGHT="28">
							<String ID="string_73" HPOS="76" VPOS="353" WIDTH="99" HEIGHT="27" WC="0.96" CONTENT="ofantligt"/><SP WIDTH="22" VPOS="353" HPOS="175"/>
							<String ID="string_74" HPOS="197" VPOS="353" WIDTH="84" HEIGHT="27" WC="0.96" CONTENT="mycket"/><SP WIDTH="23" VPOS="353" HPOS="281"/>
							<String ID="string_75" HPOS="304" VPOS="355" WIDTH="76" HEIGHT="25" WC="0.95" CONTENT="större,"/><SP WIDTH="24" VPOS="355" HPOS="380"/>
							<String ID="string_76" HPOS="404" VPOS="356" WIDTH="27" HEIGHT="19" WC="0.96" CONTENT="än"/><SP WIDTH="20" VPOS="356" HPOS="431"/>
							<String ID="string_77" HPOS="451" VPOS="353" WIDTH="38" HEIGHT="22" WC="0.96" CONTENT="det"/><SP WIDTH="20" VPOS="353" HPOS="489"/>
							<String ID="string_78" HPOS="509" VPOS="360" WIDTH="29" HEIGHT="15" WC="0.96" CONTENT="nu"/><SP WIDTH="15" VPOS="360" HPOS="538"/>
							<String ID="string_79" HPOS="553" VPOS="356" WIDTH="34" HEIGHT="24" WC="0.96" CONTENT="är;"/><SP WIDTH="14" VPOS="356" HPOS="587"/>
							<String ID="string_80" HPOS="601" VPOS="354" WIDTH="37" HEIGHT="27" WC="0.96" CONTENT="jag"/><SP WIDTH="14" VPOS="354" HPOS="638"/>
							<String ID="string_81" HPOS="652" VPOS="354" WIDTH="41" HEIGHT="21" WC="0.97" CONTENT="har"/><SP WIDTH="15" VPOS="354" HPOS="693"/>
							<String ID="string_82" HPOS="708" VPOS="353" WIDTH="55" HEIGHT="22" WC="0.96" CONTENT="dock"/><SP WIDTH="15" VPOS="353" HPOS="763"/>
							<String ID="string_83" HPOS="778" VPOS="354" WIDTH="77" HEIGHT="21" WC="0.96" CONTENT="vistats"/><SP WIDTH="15" VPOS="354" HPOS="855"/>
							<String ID="string_84" HPOS="870" VPOS="355" WIDTH="29" HEIGHT="26" WC="0.96" CONTENT="på"/>
						</TextLine>
						<TextLine ID="line_8" HPOS="75" VPOS="382" WIDTH="822" HEIGHT="27">
							<String ID="string_85" HPOS="75" VPOS="382" WIDTH="78" HEIGHT="27" WC="0.96" CONTENT="många"/><SP WIDTH="15" VPOS="382" HPOS="153"/>
							<String ID="string_86" HPOS="168" VPOS="384" WIDTH="59" HEIGHT="19" WC="0.96" CONTENT="orter"/><SP WIDTH="14" VPOS="384" HPOS="227"/>
							<String ID="string_87" HPOS="241" VPOS="382" WIDTH="7" HEIGHT="21" WC="0.96" CONTENT="i"/><SP WIDTH="14" VPOS="382" HPOS="248"/>
							<String ID="string_88" HPOS="262" VPOS="382" WIDTH="80" HEIGHT="22" WC="0.94" CONTENT="landet."/><SP WIDTH="30" VPOS="382" HPOS="342"/>
							<String ID="string_89" HPOS="372" VPOS="383" WIDTH="70" HEIGHT="21" WC="0.93" CONTENT="Deras"/><SP WIDTH="16" VPOS="383" HPOS="442"/>
							<String ID="string_90" HPOS="458" VPOS="382" WIDTH="124" HEIGHT="27" WC="0.91" CONTENT="skadlighet"/><SP WIDTH="14" VPOS="382" HPOS="582"/>
							<String ID="string_91" HPOS="596" VPOS="383" WIDTH="40" HEIGHT="21" WC="0.96" CONTENT="har"/><SP WIDTH="10" VPOS="383" HPOS="636"/>
							<String ID="string_92" HPOS="646" VPOS="383" WIDTH="48" HEIGHT="21" WC="0.96" CONTENT="icke"/><SP WIDTH="10" VPOS="383" HPOS="694"/>
							<String ID="string_93" HPOS="704" VPOS="382" WIDTH="68" HEIGHT="22" WC="0.96" CONTENT="heller"/><SP WIDTH="10" VPOS="382" HPOS="772"/>
							<String ID="string_94" HPOS="782" VPOS="382" WIDTH="69" HEIGHT="23" WC="0.93" CONTENT="blifvit"/><SP WIDTH="9" VPOS="382" HPOS="851"/>
							<String ID="string_95" HPOS="860" VPOS="383" WIDTH="37" HEIGHT="21" WC="0.91" CONTENT="be-"/>
						</TextLine>
						<TextLine ID="line_9" HPOS="76" VPOS="411" WIDTH="821" HEIGHT="27">
							<String ID="string_96" HPOS="76" VPOS="411" WIDTH="69" HEIGHT="21" WC="0.91" CONTENT="stridd"/><SP WIDTH="15" VPOS="411" HPOS="145"/>
							<String ID="string_97" HPOS="160" VPOS="411" WIDTH="24" HEIGHT="21" WC="0.96" CONTENT="af"/><SP WIDTH="13" VPOS="411" HPOS="184"/>
							<String ID="string_98" HPOS="197" VPOS="411" WIDTH="61" HEIGHT="21" WC="0.96" CONTENT="deras"/><SP WIDTH="16" VPOS="411" HPOS="258"/>
							<String ID="string_99" HPOS="274" VPOS="411" WIDTH="119" HEIGHT="22" WC="0.96" CONTENT="försvarare"/><SP WIDTH="15" VPOS="411" HPOS="393"/>
							<String ID="string_100" HPOS="408" VPOS="411" WIDTH="46" HEIGHT="21" WC="0.96" CONTENT="här."/><SP WIDTH="25" VPOS="411" HPOS="454"/>
							<String ID="string_101" HPOS="479" VPOS="411" WIDTH="64" HEIGHT="22" WC="0.96" CONTENT="Hvad"/><SP WIDTH="14" VPOS="411" HPOS="543"/>
							<String ID="string_102" HPOS="557" VPOS="411" WIDTH="102" HEIGHT="22" WC="0.96" CONTENT="beträffar"/><SP WIDTH="10" VPOS="411" HPOS="659"/>
							<String ID="string_103" HPOS="669" VPOS="413" WIDTH="33" HEIGHT="19" WC="0.96" CONTENT="att"/><SP WIDTH="10" VPOS="413" HPOS="702"/>
							<String ID="string_104" HPOS="712" VPOS="411" WIDTH="105" HEIGHT="27" WC="0.96" CONTENT="allmogen"/><SP WIDTH="11" VPOS="411" HPOS="817"/>
							<String ID="string_105" HPOS="828" VPOS="411" WIDTH="69" HEIGHT="22" WC="0.96" CONTENT="skulle"/>
						</TextLine>
						<TextLine ID="line_10" HPOS="75" VPOS="439" WIDTH="822" HEIGHT="28">
							<String ID="string_106" HPOS="75" VPOS="439" WIDTH="58" HEIGHT="28" WC="0.96" CONTENT="hylla"/><SP WIDTH="15" VPOS="439" HPOS="133"/>
							<String ID="string_107" HPOS="148" VPOS="440" WIDTH="54" HEIGHT="26" WC="0.96" CONTENT="dem,"/><SP WIDTH="16" VPOS="440" HPOS="202"/>
							<String ID="string_108" HPOS="218" VPOS="440" WIDTH="65" HEIGHT="27" WC="0.96" CONTENT="vågar"/><SP WIDTH="13" VPOS="440" HPOS="283"/>
							<String ID="string_109" HPOS="296" VPOS="440" WIDTH="36" HEIGHT="27" WC="0.95" CONTENT="jag"/><SP WIDTH="15" VPOS="440" HPOS="332"/>
							<String ID="string_110" HPOS="347" VPOS="440" WIDTH="97" HEIGHT="22" WC="0.95" CONTENT="bestrida"/><SP WIDTH="16" VPOS="440" HPOS="444"/>
							<String ID="string_111" HPOS="460" VPOS="440" WIDTH="44" HEIGHT="22" WC="0.96" CONTENT="det."/><SP WIDTH="30" VPOS="440" HPOS="504"/>
							<String ID="string_112" HPOS="534" VPOS="440" WIDTH="45" HEIGHT="21" WC="0.94" CONTENT="Det"/><SP WIDTH="12" VPOS="440" HPOS="579"/>
							<String ID="string_113" HPOS="591" VPOS="442" WIDTH="24" HEIGHT="20" WC="0.96" CONTENT="är"/><SP WIDTH="10" VPOS="442" HPOS="615"/>
							<String ID="string_114" HPOS="625" VPOS="440" WIDTH="35" HEIGHT="22" WC="0.96" CONTENT="väl"/><SP WIDTH="9" VPOS="440" HPOS="660"/>
							<String ID="string_115" HPOS="669" VPOS="441" WIDTH="54" HEIGHT="26" WC="0.96" CONTENT="ungt"/><SP WIDTH="9" VPOS="441" HPOS="723"/>
							<String ID="string_116" HPOS="732" VPOS="439" WIDTH="45" HEIGHT="23" WC="0.96" CONTENT="folk"/><SP WIDTH="10" VPOS="439" HPOS="777"/>
							<String ID="string_117" HPOS="787" VPOS="440" WIDTH="40" HEIGHT="22" WC="0.93" CONTENT="och"/><SP WIDTH="11" VPOS="440" HPOS="827"/>
							<String ID="string_118" HPOS="838" VPOS="440" WIDTH="59" HEIGHT="27" WC="0.89" CONTENT="qvin-"/>
						</TextLine>
						<TextLine ID="line_11" HPOS="75" VPOS="468" WIDTH="822" HEIGHT="28">
							<String ID="string_119" HPOS="75" VPOS="475" WIDTH="66" HEIGHT="15" WC="0.91" CONTENT="norna"/><SP WIDTH="22" VPOS="475" HPOS="141"/>
							<String ID="string_120" HPOS="163" VPOS="468" WIDTH="7" HEIGHT="22" WC="0.93" CONTENT="i"/><SP WIDTH="23" VPOS="468" HPOS="170"/>
							<String ID="string_121" HPOS="193" VPOS="468" WIDTH="110" HEIGHT="28" WC="0.92" CONTENT="gårdarne,"/><SP WIDTH="23" VPOS="468" HPOS="303"/>
							<String ID="string_122" HPOS="326" VPOS="475" WIDTH="46" HEIGHT="15" WC="0.96" CONTENT="som"/><SP WIDTH="20" VPOS="475" HPOS="372"/>
							<String ID="string_123" HPOS="392" VPOS="468" WIDTH="57" HEIGHT="28" WC="0.95" CONTENT="hylla"/><SP WIDTH="16" VPOS="468" HPOS="449"/>
							<String ID="string_124" HPOS="465" VPOS="469" WIDTH="49" HEIGHT="21" WC="0.96" CONTENT="dem"/><SP WIDTH="14" VPOS="469" HPOS="514"/>
							<String ID="string_125" HPOS="528" VPOS="470" WIDTH="63" HEIGHT="20" WC="0.96" CONTENT="mest."/><SP WIDTH="30" VPOS="470" HPOS="591"/>
							<String ID="string_126" HPOS="621" VPOS="469" WIDTH="63" HEIGHT="21" WC="0.90" CONTENT="Hvad"/><SP WIDTH="15" VPOS="469" HPOS="684"/>
							<String ID="string_127" HPOS="699" VPOS="469" WIDTH="107" HEIGHT="27" WC="0.96" CONTENT="allmogen"/><SP WIDTH="14" VPOS="469" HPOS="806"/>
							<String ID="string_128" HPOS="820" VPOS="469" WIDTH="77" HEIGHT="22" WC="0.96" CONTENT="tänker"/>
						</TextLine>
						<TextLine ID="line_12" HPOS="76" VPOS="497" WIDTH="821" HEIGHT="27">
							<String ID="string_129" HPOS="76" VPOS="503" WIDTH="35" HEIGHT="16" WC="0.96" CONTENT="om"/><SP WIDTH="15" VPOS="503" HPOS="111"/>
							<String ID="string_130" HPOS="126" VPOS="498" WIDTH="54" HEIGHT="26" WC="0.95" CONTENT="dem,"/><SP WIDTH="16" VPOS="498" HPOS="180"/>
							<String ID="string_131" HPOS="196" VPOS="498" WIDTH="58" HEIGHT="21" WC="0.96" CONTENT="läser"/><SP WIDTH="13" VPOS="498" HPOS="254"/>
							<String ID="string_132" HPOS="267" VPOS="504" WIDTH="49" HEIGHT="15" WC="0.96" CONTENT="man"/><SP WIDTH="14" VPOS="504" HPOS="316"/>
							<String ID="string_133" HPOS="330" VPOS="498" WIDTH="8" HEIGHT="20" WC="0.96" CONTENT="i"/><SP WIDTH="16" VPOS="498" HPOS="338"/>
							<String ID="string_134" HPOS="354" VPOS="497" WIDTH="44" HEIGHT="22" WC="0.96" CONTENT="ofta"/><SP WIDTH="15" VPOS="497" HPOS="398"/>
							<String ID="string_135" HPOS="413" VPOS="497" WIDTH="176" HEIGHT="23" WC="0.93" CONTENT="förekommande"/><SP WIDTH="16" VPOS="497" HPOS="589"/>
							<String ID="string_136" HPOS="605" VPOS="498" WIDTH="201" HEIGHT="26" WC="0.92" CONTENT="kommunalbeslut,"/><SP WIDTH="13" VPOS="498" HPOS="806"/>
							<String ID="string_137" HPOS="819" VPOS="498" WIDTH="38" HEIGHT="22" WC="0.93" CONTENT="der"/><SP WIDTH="9" VPOS="498" HPOS="857"/>
							<String ID="string_138" HPOS="866" VPOS="498" WIDTH="31" HEIGHT="22" WC="0.92" CONTENT="vi-"/>
						</TextLine>
						<TextLine ID="line_13" HPOS="75" VPOS="526" WIDTH="822" HEIGHT="27">
							<String ID="string_139" HPOS="75" VPOS="527" WIDTH="37" HEIGHT="21" WC="0.96" CONTENT="ten"/><SP WIDTH="16" VPOS="527" HPOS="112"/>
							<String ID="string_140" HPOS="128" VPOS="526" WIDTH="88" HEIGHT="27" WC="0.96" CONTENT="åläggas"/><SP WIDTH="16" VPOS="526" HPOS="216"/>
							<String ID="string_141" HPOS="232" VPOS="527" WIDTH="26" HEIGHT="21" WC="0.96" CONTENT="de"/><SP WIDTH="15" VPOS="527" HPOS="258"/>
							<String ID="string_142" HPOS="273" VPOS="532" WIDTH="108" HEIGHT="21" WC="0.96" CONTENT="personer,"/><SP WIDTH="17" VPOS="532" HPOS="381"/>
							<String ID="string_143" HPOS="398" VPOS="532" WIDTH="46" HEIGHT="16" WC="0.96" CONTENT="som"/><SP WIDTH="15" VPOS="532" HPOS="444"/>
							<String ID="string_144" HPOS="459" VPOS="526" WIDTH="80" HEIGHT="22" WC="0.96" CONTENT="handla"/><SP WIDTH="15" VPOS="526" HPOS="539"/>
							<String ID="string_145" HPOS="554" VPOS="526" WIDTH="50" HEIGHT="22" WC="0.96" CONTENT="med"/><SP WIDTH="16" VPOS="526" HPOS="604"/>
							<String ID="string_146" HPOS="620" VPOS="527" WIDTH="54" HEIGHT="21" WC="0.93" CONTENT="dem."/><SP WIDTH="30" VPOS="527" HPOS="674"/>
							<String ID="string_147" HPOS="704" VPOS="527" WIDTH="80" HEIGHT="21" WC="0.92" CONTENT="Derom"/><SP WIDTH="14" VPOS="527" HPOS="784"/>
							<String ID="string_148" HPOS="798" VPOS="527" WIDTH="40" HEIGHT="21" WC="0.96" CONTENT="har"/><SP WIDTH="9" VPOS="527" HPOS="838"/>
							<String ID="string_149" HPOS="847" VPOS="533" WIDTH="50" HEIGHT="15" WC="0.96" CONTENT="man"/>
						</TextLine>
						<TextLine ID="line_14" HPOS="75" VPOS="554" WIDTH="822" HEIGHT="29">
							<String ID="string_150" HPOS="75" VPOS="554" WIDTH="62" HEIGHT="23" WC="0.96" CONTENT="äfven"/><SP WIDTH="18" VPOS="554" HPOS="137"/>
							<String ID="string_151" HPOS="155" VPOS="555" WIDTH="83" HEIGHT="27" WC="0.95" CONTENT="nyligen"/><SP WIDTH="17" VPOS="555" HPOS="238"/>
							<String ID="string_152" HPOS="255" VPOS="555" WIDTH="43" HEIGHT="21" WC="0.96" CONTENT="läst"/><SP WIDTH="14" VPOS="555" HPOS="298"/>
							<String ID="string_153" HPOS="312" VPOS="556" WIDTH="7" HEIGHT="20" WC="0.96" CONTENT="i"/><SP WIDTH="15" VPOS="556" HPOS="319"/>
							<String ID="string_154" HPOS="334" VPOS="556" WIDTH="137" HEIGHT="26" WC="0.95" CONTENT="tidningarna"/><SP WIDTH="16" VPOS="556" HPOS="471"/>
							<String ID="string_155" HPOS="487" VPOS="557" WIDTH="32" HEIGHT="20" WC="0.96" CONTENT="ett"/><SP WIDTH="16" VPOS="557" HPOS="519"/>
							<String ID="string_156" HPOS="535" VPOS="556" WIDTH="102" HEIGHT="27" WC="0.96" CONTENT="exempel."/><SP WIDTH="30" VPOS="556" HPOS="637"/>
							<String ID="string_157" HPOS="667" VPOS="556" WIDTH="51" HEIGHT="21" WC="0.96" CONTENT="Man"/><SP WIDTH="14" VPOS="556" HPOS="718"/>
							<String ID="string_158" HPOS="732" VPOS="556" WIDTH="39" HEIGHT="21" WC="0.96" CONTENT="har"/><SP WIDTH="15" VPOS="556" HPOS="771"/>
							<String ID="string_159" HPOS="786" VPOS="556" WIDTH="111" HEIGHT="22" WC="0.96" CONTENT="dessutom"/>
						</TextLine>
						<TextLine ID="line_15" HPOS="75" VPOS="584" WIDTH="822" HEIGHT="28">
							<String ID="string_160" HPOS="75" VPOS="584" WIDTH="33" HEIGHT="27" WC="0.96" CONTENT="sig"/><SP WIDTH="22" VPOS="584" HPOS="108"/>
							<String ID="string_161" HPOS="130" VPOS="584" WIDTH="86" HEIGHT="26" WC="0.96" CONTENT="bekant,"/><SP WIDTH="24" VPOS="584" HPOS="216"/>
							<String ID="string_162" HPOS="240" VPOS="586" WIDTH="33" HEIGHT="19" WC="0.96" CONTENT="att"/><SP WIDTH="20" VPOS="586" HPOS="273"/>
							<String ID="string_163" HPOS="293" VPOS="584" WIDTH="85" HEIGHT="22" WC="0.96" CONTENT="landets"/><SP WIDTH="20" VPOS="584" HPOS="378"/>
							<String ID="string_164" HPOS="398" VPOS="584" WIDTH="93" HEIGHT="28" WC="0.96" CONTENT="styrelse"/><SP WIDTH="19" VPOS="584" HPOS="491"/>
							<String ID="string_165" HPOS="510" VPOS="585" WIDTH="102" HEIGHT="21" WC="0.96" CONTENT="besvarat"/><SP WIDTH="16" VPOS="585" HPOS="612"/>
							<String ID="string_166" HPOS="628" VPOS="584" WIDTH="42" HEIGHT="22" WC="0.96" CONTENT="alla"/><SP WIDTH="15" VPOS="584" HPOS="670"/>
							<String ID="string_167" HPOS="685" VPOS="584" WIDTH="65" HEIGHT="22" WC="0.96" CONTENT="dessa"/><SP WIDTH="14" VPOS="584" HPOS="750"/>
							<String ID="string_168" HPOS="764" VPOS="584" WIDTH="77" HEIGHT="23" WC="0.96" CONTENT="inviter"/><SP WIDTH="16" VPOS="584" HPOS="841"/>
							<String ID="string_169" HPOS="857" VPOS="585" WIDTH="40" HEIGHT="21" WC="0.96" CONTENT="och"/>
						</TextLine>
						<TextLine ID="line_16" HPOS="74" VPOS="612" WIDTH="821" HEIGHT="28">
							<String ID="string_170" HPOS="74" VPOS="612" WIDTH="109" HEIGHT="28" WC="0.96" CONTENT="klagomål"/><SP WIDTH="15" VPOS="612" HPOS="183"/>
							<String ID="string_171" HPOS="198" VPOS="612" WIDTH="45" HEIGHT="22" WC="0.96" CONTENT="från"/><SP WIDTH="15" VPOS="612" HPOS="243"/>
							<String ID="string_172" HPOS="258" VPOS="613" WIDTH="50" HEIGHT="27" WC="0.96" CONTENT="rysk"/><SP WIDTH="15" VPOS="613" HPOS="308"/>
							<String ID="string_173" HPOS="323" VPOS="613" WIDTH="53" HEIGHT="27" WC="0.95" CONTENT="sida,"/><SP WIDTH="17" VPOS="613" HPOS="376"/>
							<String ID="string_174" HPOS="393" VPOS="614" WIDTH="48" HEIGHT="21" WC="0.96" CONTENT="dem"/><SP WIDTH="15" VPOS="614" HPOS="441"/>
							<String ID="string_175" HPOS="456" VPOS="613" WIDTH="52" HEIGHT="22" WC="0.96" CONTENT="herr"/><SP WIDTH="14" VPOS="613" HPOS="508"/>
							<String ID="string_176" HPOS="522" VPOS="620" WIDTH="43" HEIGHT="15" WC="0.93" CONTENT="von"/><SP WIDTH="14" VPOS="620" HPOS="565"/>
							<String ID="string_177" HPOS="579" VPOS="613" WIDTH="88" HEIGHT="22" WC="0.90" CONTENT="Alfthan"/><SP WIDTH="15" VPOS="613" HPOS="667"/>
							<String ID="string_178" HPOS="682" VPOS="613" WIDTH="134" HEIGHT="27" WC="0.92" CONTENT="omnämnde,"/><SP WIDTH="11" VPOS="613" HPOS="816"/>
							<String ID="string_179" HPOS="827" VPOS="626" WIDTH="28" HEIGHT="2" WC="0.92" CONTENT="—"/><SP WIDTH="10" VPOS="626" HPOS="855"/>
							<String ID="string_180" HPOS="865" VPOS="613" WIDTH="30" HEIGHT="23" WC="0.91" CONTENT="ef-"/>
						</TextLine>
						<TextLine ID="line_17" HPOS="75" VPOS="641" WIDTH="821" HEIGHT="29">
							<String ID="string_181" HPOS="75" VPOS="643" WIDTH="34" HEIGHT="20" WC="0.95" CONTENT="ter"/><SP WIDTH="14" VPOS="643" HPOS="109"/>
							<String ID="string_182" HPOS="123" VPOS="643" WIDTH="33" HEIGHT="20" WC="0.96" CONTENT="att"/><SP WIDTH="14" VPOS="643" HPOS="156"/>
							<String ID="string_183" HPOS="170" VPOS="641" WIDTH="63" HEIGHT="23" WC="0.92" CONTENT="hafva"/><SP WIDTH="14" VPOS="641" HPOS="233"/>
							<String ID="string_184" HPOS="247" VPOS="642" WIDTH="104" HEIGHT="22" WC="0.91" CONTENT="infordrat"/><SP WIDTH="15" VPOS="642" HPOS="351"/>
							<String ID="string_185" HPOS="366" VPOS="642" WIDTH="129" HEIGHT="22" WC="0.96" CONTENT="utlåtanden"/><SP WIDTH="14" VPOS="642" HPOS="495"/>
							<String ID="string_186" HPOS="509" VPOS="642" WIDTH="54" HEIGHT="27" WC="0.96" CONTENT="utaf,"/><SP WIDTH="13" VPOS="642" HPOS="563"/>
							<String ID="string_187" HPOS="576" VPOS="642" WIDTH="37" HEIGHT="28" WC="0.96" CONTENT="jag"/><SP WIDTH="15" VPOS="642" HPOS="613"/>
							<String ID="string_188" HPOS="628" VPOS="644" WIDTH="52" HEIGHT="24" WC="0.96" CONTENT="tror,"/><SP WIDTH="11" VPOS="644" HPOS="680"/>
							<String ID="string_189" HPOS="691" VPOS="642" WIDTH="100" HEIGHT="27" WC="0.93" CONTENT="samtliga"/><SP WIDTH="9" VPOS="642" HPOS="791"/>
							<String ID="string_190" HPOS="800" VPOS="642" WIDTH="96" HEIGHT="22" WC="0.92" CONTENT="auktori-"/>
						</TextLine>
						<TextLine ID="line_18" HPOS="75" VPOS="670" WIDTH="820" HEIGHT="28">
							<String ID="string_191" HPOS="75" VPOS="672" WIDTH="56" HEIGHT="20" WC="0.92" CONTENT="teter"/><SP WIDTH="18" VPOS="672" HPOS="131"/>
							<String ID="string_192" HPOS="149" VPOS="670" WIDTH="7" HEIGHT="22" WC="0.96" CONTENT="i"/><SP WIDTH="15" VPOS="670" HPOS="156"/>
							<String ID="string_193" HPOS="171" VPOS="670" WIDTH="81" HEIGHT="27" WC="0.95" CONTENT="landet,"/><SP WIDTH="16" VPOS="670" HPOS="252"/>
							<String ID="string_194" HPOS="268" VPOS="671" WIDTH="71" HEIGHT="22" WC="0.96" CONTENT="hvilka"/><SP WIDTH="15" VPOS="671" HPOS="339"/>
							<String ID="string_195" HPOS="354" VPOS="671" WIDTH="42" HEIGHT="21" WC="0.96" CONTENT="alla"/><SP WIDTH="15" VPOS="671" HPOS="396"/>
							<String ID="string_196" HPOS="411" VPOS="672" WIDTH="73" HEIGHT="21" WC="0.96" CONTENT="ansett"/><SP WIDTH="16" VPOS="672" HPOS="484"/>
							<String ID="string_197" HPOS="500" VPOS="672" WIDTH="64" HEIGHT="21" WC="0.96" CONTENT="dessa"/><SP WIDTH="14" VPOS="672" HPOS="564"/>
							<String ID="string_198" HPOS="578" VPOS="671" WIDTH="109" HEIGHT="27" WC="0.96" CONTENT="klagomål"/><SP WIDTH="15" VPOS="671" HPOS="687"/>
							<String ID="string_199" HPOS="702" VPOS="671" WIDTH="48" HEIGHT="22" WC="0.96" CONTENT="icke"/><SP WIDTH="15" VPOS="671" HPOS="750"/>
							<String ID="string_200" HPOS="765" VPOS="678" WIDTH="52" HEIGHT="15" WC="0.92" CONTENT="vara"/><SP WIDTH="15" VPOS="678" HPOS="817"/>
							<String ID="string_201" HPOS="832" VPOS="677" WIDTH="63" HEIGHT="21" WC="0.91" CONTENT="grun-"/>
						</TextLine>
						<TextLine ID="line_19" HPOS="75" VPOS="699" WIDTH="820" HEIGHT="28">
							<String ID="string_202" HPOS="75" VPOS="699" WIDTH="61" HEIGHT="27" WC="0.92" CONTENT="dade,"/><SP WIDTH="16" VPOS="699" HPOS="136"/>
							<String ID="string_203" HPOS="152" VPOS="711" WIDTH="14" HEIGHT="4" WC="0.87" CONTENT="—"/><SP WIDTH="14" VPOS="711" HPOS="166"/>
							<String ID="string_204" HPOS="180" VPOS="700" WIDTH="91" HEIGHT="21" WC="0.96" CONTENT="sålunda"/><SP WIDTH="14" VPOS="700" HPOS="271"/>
							<String ID="string_205" HPOS="285" VPOS="701" WIDTH="33" HEIGHT="20" WC="0.96" CONTENT="att"/><SP WIDTH="14" VPOS="701" HPOS="318"/>
							<String ID="string_206" HPOS="332" VPOS="706" WIDTH="49" HEIGHT="15" WC="0.96" CONTENT="man"/><SP WIDTH="13" VPOS="706" HPOS="381"/>
							<String ID="string_207" HPOS="394" VPOS="700" WIDTH="48" HEIGHT="22" WC="0.96" CONTENT="icke"/><SP WIDTH="15" VPOS="700" HPOS="442"/>
							<String ID="string_208" HPOS="457" VPOS="700" WIDTH="72" HEIGHT="22" WC="0.96" CONTENT="kunde"/><SP WIDTH="16" VPOS="700" HPOS="529"/>
							<String ID="string_209" HPOS="545" VPOS="700" WIDTH="28" HEIGHT="27" WC="0.96" CONTENT="gå"/><SP WIDTH="14" VPOS="700" HPOS="573"/>
							<String ID="string_210" HPOS="587" VPOS="700" WIDTH="22" HEIGHT="22" WC="0.96" CONTENT="in"/><SP WIDTH="15" VPOS="700" HPOS="609"/>
							<String ID="string_211" HPOS="624" VPOS="700" WIDTH="29" HEIGHT="27" WC="0.95" CONTENT="på"/><SP WIDTH="15" VPOS="700" HPOS="653"/>
							<String ID="string_212" HPOS="668" VPOS="700" WIDTH="37" HEIGHT="22" WC="0.96" CONTENT="det"/><SP WIDTH="14" VPOS="700" HPOS="705"/>
							<String ID="string_213" HPOS="719" VPOS="700" WIDTH="96" HEIGHT="27" WC="0.91" CONTENT="begärda"/><SP WIDTH="14" VPOS="700" HPOS="815"/>
							<String ID="string_214" HPOS="829" VPOS="700" WIDTH="66" HEIGHT="27" WC="0.91" CONTENT="frigif-"/>
						</TextLine>
						<TextLine ID="line_20" HPOS="74" VPOS="728" WIDTH="822" HEIGHT="28">
							<String ID="string_215" HPOS="74" VPOS="728" WIDTH="80" HEIGHT="22" WC="0.92" CONTENT="vandet"/><SP WIDTH="21" VPOS="728" HPOS="154"/>
							<String ID="string_216" HPOS="175" VPOS="728" WIDTH="23" HEIGHT="22" WC="0.96" CONTENT="af"/><SP WIDTH="20" VPOS="728" HPOS="198"/>
							<String ID="string_217" HPOS="218" VPOS="729" WIDTH="70" HEIGHT="21" WC="0.96" CONTENT="denna"/><SP WIDTH="21" VPOS="729" HPOS="288"/>
							<String ID="string_218" HPOS="309" VPOS="729" WIDTH="84" HEIGHT="21" WC="0.95" CONTENT="handel."/><SP WIDTH="31" VPOS="729" HPOS="393"/>
							<String ID="string_219" HPOS="424" VPOS="729" WIDTH="42" HEIGHT="27" WC="0.96" CONTENT="Jag"/><SP WIDTH="18" VPOS="729" HPOS="466"/>
							<String ID="string_220" HPOS="484" VPOS="730" WIDTH="47" HEIGHT="21" WC="0.96" CONTENT="tror"/><SP WIDTH="18" VPOS="730" HPOS="531"/>
							<String ID="string_221" HPOS="549" VPOS="729" WIDTH="48" HEIGHT="22" WC="0.96" CONTENT="icke"/><SP WIDTH="17" VPOS="729" HPOS="597"/>
							<String ID="string_222" HPOS="614" VPOS="731" WIDTH="32" HEIGHT="19" WC="0.96" CONTENT="att"/><SP WIDTH="14" VPOS="731" HPOS="646"/>
							<String ID="string_223" HPOS="660" VPOS="728" WIDTH="86" HEIGHT="22" WC="0.96" CONTENT="landets"/><SP WIDTH="16" VPOS="728" HPOS="746"/>
							<String ID="string_224" HPOS="762" VPOS="729" WIDTH="90" HEIGHT="27" WC="0.96" CONTENT="styrelse"/><SP WIDTH="15" VPOS="729" HPOS="852"/>
							<String ID="string_225" HPOS="867" VPOS="736" WIDTH="29" HEIGHT="14" WC="0.96" CONTENT="nu"/>
						</TextLine>
						<TextLine ID="line_21" HPOS="74" VPOS="757" WIDTH="823" HEIGHT="29">
							<String ID="string_226" HPOS="74" VPOS="757" WIDTH="69" HEIGHT="21" WC="0.96" CONTENT="skulle"/><SP WIDTH="21" VPOS="757" HPOS="143"/>
							<String ID="string_227" HPOS="164" VPOS="757" WIDTH="47" HEIGHT="21" WC="0.96" CONTENT="visa"/><SP WIDTH="22" VPOS="757" HPOS="211"/>
							<String ID="string_228" HPOS="233" VPOS="759" WIDTH="32" HEIGHT="20" WC="0.96" CONTENT="ett"/><SP WIDTH="22" VPOS="759" HPOS="265"/>
							<String ID="string_229" HPOS="287" VPOS="758" WIDTH="24" HEIGHT="21" WC="0.92" CONTENT="så"/><SP WIDTH="22" VPOS="758" HPOS="311"/>
							<String ID="string_230" HPOS="333" VPOS="758" WIDTH="113" HEIGHT="28" WC="0.90" CONTENT="ombytligt"/><SP WIDTH="21" VPOS="758" HPOS="446"/>
							<String ID="string_231" HPOS="467" VPOS="758" WIDTH="98" HEIGHT="27" WC="0.96" CONTENT="sinnelag"/><SP WIDTH="23" VPOS="758" HPOS="565"/>
							<String ID="string_232" HPOS="588" VPOS="758" WIDTH="40" HEIGHT="22" WC="0.96" CONTENT="och"/><SP WIDTH="19" VPOS="758" HPOS="628"/>
							<String ID="string_233" HPOS="647" VPOS="758" WIDTH="66" HEIGHT="21" WC="0.96" CONTENT="ändra"/><SP WIDTH="19" VPOS="758" HPOS="713"/>
							<String ID="string_234" HPOS="732" VPOS="758" WIDTH="91" HEIGHT="27" WC="0.95" CONTENT="mening."/><SP WIDTH="30" VPOS="758" HPOS="823"/>
							<String ID="string_235" HPOS="853" VPOS="758" WIDTH="44" HEIGHT="22" WC="0.95" CONTENT="Det"/>
						</TextLine>
						<TextLine ID="line_22" HPOS="73" VPOS="785" WIDTH="822" HEIGHT="29">
							<String ID="string_236" HPOS="73" VPOS="785" WIDTH="73" HEIGHT="22" WC="0.96" CONTENT="kunde"/><SP WIDTH="15" VPOS="785" HPOS="146"/>
							<String ID="string_237" HPOS="161" VPOS="786" WIDTH="85" HEIGHT="22" WC="0.96" CONTENT="således"/><SP WIDTH="15" VPOS="786" HPOS="246"/>
							<String ID="string_238" HPOS="261" VPOS="786" WIDTH="77" HEIGHT="28" WC="0.95" CONTENT="hända,"/><SP WIDTH="17" VPOS="786" HPOS="338"/>
							<String ID="string_239" HPOS="355" VPOS="788" WIDTH="33" HEIGHT="20" WC="0.96" CONTENT="att"/><SP WIDTH="14" VPOS="788" HPOS="388"/>
							<String ID="string_240" HPOS="402" VPOS="793" WIDTH="50" HEIGHT="15" WC="0.96" CONTENT="man"/><SP WIDTH="15" VPOS="793" HPOS="452"/>
							<String ID="string_241" HPOS="467" VPOS="792" WIDTH="78" HEIGHT="21" WC="0.96" CONTENT="genom"/><SP WIDTH="15" VPOS="792" HPOS="545"/>
							<String ID="string_242" HPOS="560" VPOS="786" WIDTH="112" HEIGHT="23" WC="0.96" CONTENT="införande"/><SP WIDTH="15" VPOS="786" HPOS="672"/>
							<String ID="string_243" HPOS="687" VPOS="786" WIDTH="23" HEIGHT="22" WC="0.96" CONTENT="af"/><SP WIDTH="13" VPOS="786" HPOS="710"/>
							<String ID="string_244" HPOS="723" VPOS="793" WIDTH="27" HEIGHT="15" WC="0.96" CONTENT="en"/><SP WIDTH="10" VPOS="793" HPOS="750"/>
							<String ID="string_245" HPOS="760" VPOS="786" WIDTH="17" HEIGHT="28" WC="0.74" CONTENT="&amp;,"/><SP WIDTH="12" VPOS="786" HPOS="777"/>
							<String ID="string_246" HPOS="789" VPOS="793" WIDTH="46" HEIGHT="15" WC="0.93" CONTENT="som"/><SP WIDTH="11" VPOS="793" HPOS="835"/>
							<String ID="string_247" HPOS="846" VPOS="786" WIDTH="49" HEIGHT="22" WC="0.92" CONTENT="stri-"/>
						</TextLine>
						<TextLine ID="line_23" HPOS="75" VPOS="814" WIDTH="820" HEIGHT="29">
							<String ID="string_248" HPOS="75" VPOS="814" WIDTH="38" HEIGHT="22" WC="0.96" CONTENT="der"/><SP WIDTH="22" VPOS="814" HPOS="113"/>
							<String ID="string_249" HPOS="135" VPOS="816" WIDTH="57" HEIGHT="20" WC="0.95" CONTENT="emot"/><SP WIDTH="19" VPOS="816" HPOS="192"/>
							<String ID="string_250" HPOS="211" VPOS="815" WIDTH="115" HEIGHT="27" WC="0.93" CONTENT="styrelsens"/><SP WIDTH="20" VPOS="815" HPOS="326"/>
							<String ID="string_251" HPOS="346" VPOS="816" WIDTH="62" HEIGHT="26" WC="0.91" CONTENT="åsigt,"/><SP WIDTH="21" VPOS="816" HPOS="408"/>
							<String ID="string_252" HPOS="429" VPOS="815" WIDTH="70" HEIGHT="22" WC="0.91" CONTENT="skulle"/><SP WIDTH="19" VPOS="815" HPOS="499"/>
							<String ID="string_253" HPOS="518" VPOS="816" WIDTH="142" HEIGHT="27" WC="0.91" CONTENT="tillintetgöra"/><SP WIDTH="14" VPOS="816" HPOS="660"/>
							<String ID="string_254" HPOS="674" VPOS="815" WIDTH="49" HEIGHT="22" WC="0.93" CONTENT="hela"/><SP WIDTH="15" VPOS="815" HPOS="723"/>
							<String ID="string_255" HPOS="738" VPOS="816" WIDTH="157" HEIGHT="27" WC="0.92" CONTENT="näringslagen,"/>
						</TextLine>
						<TextLine ID="line_24" HPOS="75" VPOS="843" WIDTH="821" HEIGHT="29">
							<String ID="string_256" HPOS="75" VPOS="843" WIDTH="129" HEIGHT="23" WC="0.96" CONTENT="åtminstone"/><SP WIDTH="18" VPOS="843" HPOS="204"/>
							<String ID="string_257" HPOS="222" VPOS="844" WIDTH="34" HEIGHT="22" WC="0.96" CONTENT="för"/><SP WIDTH="20" VPOS="844" HPOS="256"/>
							<String ID="string_258" HPOS="276" VPOS="844" WIDTH="67" HEIGHT="22" WC="0.92" CONTENT="denna"/><SP WIDTH="20" VPOS="844" HPOS="343"/>
							<String ID="string_259" HPOS="363" VPOS="844" WIDTH="109" HEIGHT="28" WC="0.92" CONTENT="landtdag."/><SP WIDTH="17" VPOS="844" HPOS="472"/>
							<String ID="string_260" HPOS="489" VPOS="856" WIDTH="27" HEIGHT="3" WC="0.90" CONTENT="—"/><SP WIDTH="16" VPOS="856" HPOS="516"/>
							<String ID="string_261" HPOS="532" VPOS="844" WIDTH="43" HEIGHT="28" WC="0.96" CONTENT="Jag"/><SP WIDTH="18" VPOS="844" HPOS="575"/>
							<String ID="string_262" HPOS="593" VPOS="846" WIDTH="52" HEIGHT="25" WC="0.95" CONTENT="tror,"/><SP WIDTH="19" VPOS="846" HPOS="645"/>
							<String ID="string_263" HPOS="664" VPOS="844" WIDTH="34" HEIGHT="22" WC="0.96" CONTENT="för"/><SP WIDTH="18" VPOS="844" HPOS="698"/>
							<String ID="string_264" HPOS="716" VPOS="846" WIDTH="33" HEIGHT="20" WC="0.96" CONTENT="att"/><SP WIDTH="14" VPOS="846" HPOS="749"/>
							<String ID="string_265" HPOS="763" VPOS="844" WIDTH="86" HEIGHT="22" WC="0.96" CONTENT="komma"/><SP WIDTH="14" VPOS="844" HPOS="849"/>
							<String ID="string_266" HPOS="863" VPOS="844" WIDTH="33" HEIGHT="22" WC="0.96" CONTENT="till"/>
						</TextLine>
						<TextLine ID="line_25" HPOS="75" VPOS="872" WIDTH="821" HEIGHT="29">
							<String ID="string_267" HPOS="75" VPOS="872" WIDTH="40" HEIGHT="22" WC="0.96" CONTENT="den"/><SP WIDTH="20" VPOS="872" HPOS="115"/>
							<String ID="string_268" HPOS="135" VPOS="872" WIDTH="69" HEIGHT="28" WC="0.96" CONTENT="tredje"/><SP WIDTH="19" VPOS="872" HPOS="204"/>
							<String ID="string_269" HPOS="223" VPOS="872" WIDTH="117" HEIGHT="28" WC="0.93" CONTENT="kategorin,"/><SP WIDTH="17" VPOS="872" HPOS="340"/>
							<String ID="string_270" HPOS="357" VPOS="873" WIDTH="99" HEIGHT="28" WC="0.90" CONTENT="judarne,"/><SP WIDTH="17" VPOS="873" HPOS="456"/>
							<String ID="string_271" HPOS="473" VPOS="875" WIDTH="34" HEIGHT="20" WC="0.93" CONTENT="att"/><SP WIDTH="15" VPOS="875" HPOS="507"/>
							<String ID="string_272" HPOS="522" VPOS="873" WIDTH="65" HEIGHT="22" WC="0.92" CONTENT="desse"/><SP WIDTH="15" VPOS="873" HPOS="587"/>
							<String ID="string_273" HPOS="602" VPOS="873" WIDTH="126" HEIGHT="27" WC="0.96" CONTENT="visserligen"/><SP WIDTH="16" VPOS="873" HPOS="728"/>
							<String ID="string_274" HPOS="744" VPOS="875" WIDTH="36" HEIGHT="20" WC="0.96" CONTENT="äro"/><SP WIDTH="17" VPOS="875" HPOS="780"/>
							<String ID="string_275" HPOS="797" VPOS="873" WIDTH="26" HEIGHT="22" WC="0.91" CONTENT="de"/><SP WIDTH="14" VPOS="873" HPOS="823"/>
							<String ID="string_276" HPOS="837" VPOS="873" WIDTH="59" HEIGHT="22" WC="0.91" CONTENT="farli-"/>
						</TextLine>
						<TextLine ID="line_26" HPOS="74" VPOS="900" WIDTH="823" HEIGHT="30">
							<String ID="string_277" HPOS="74" VPOS="902" WIDTH="62" HEIGHT="26" WC="0.92" CONTENT="gaste"/><SP WIDTH="15" VPOS="902" HPOS="136"/>
							<String ID="string_278" HPOS="151" VPOS="900" WIDTH="23" HEIGHT="23" WC="0.96" CONTENT="af"/><SP WIDTH="13" VPOS="900" HPOS="174"/>
							<String ID="string_279" HPOS="187" VPOS="902" WIDTH="51" HEIGHT="26" WC="0.96" CONTENT="alla;"/><SP WIDTH="22" VPOS="902" HPOS="238"/>
							<String ID="string_280" HPOS="260" VPOS="908" WIDTH="48" HEIGHT="16" WC="0.96" CONTENT="men"/><SP WIDTH="14" VPOS="908" HPOS="308"/>
							<String ID="string_281" HPOS="322" VPOS="902" WIDTH="38" HEIGHT="27" WC="0.96" CONTENT="jag"/><SP WIDTH="14" VPOS="902" HPOS="360"/>
							<String ID="string_282" HPOS="374" VPOS="902" WIDTH="40" HEIGHT="22" WC="0.96" CONTENT="har"/><SP WIDTH="14" VPOS="902" HPOS="414"/>
							<String ID="string_283" HPOS="428" VPOS="902" WIDTH="34" HEIGHT="22" WC="0.96" CONTENT="för"/><SP WIDTH="22" VPOS="902" HPOS="462"/>
							<String ID="string_284" HPOS="484" VPOS="902" WIDTH="43" HEIGHT="22" WC="0.96" CONTENT="fem"/><SP WIDTH="23" VPOS="902" HPOS="527"/>
							<String ID="string_285" HPOS="550" VPOS="902" WIDTH="25" HEIGHT="22" WC="0.96" CONTENT="år"/><SP WIDTH="22" VPOS="902" HPOS="575"/>
							<String ID="string_286" HPOS="597" VPOS="902" WIDTH="67" HEIGHT="22" WC="0.95" CONTENT="sedan"/><SP WIDTH="23" VPOS="902" HPOS="664"/>
							<String ID="string_287" HPOS="687" VPOS="902" WIDTH="125" HEIGHT="27" WC="0.94" CONTENT="tillräckligt"/><SP WIDTH="16" VPOS="902" HPOS="812"/>
							<String ID="string_288" HPOS="828" VPOS="904" WIDTH="69" HEIGHT="26" WC="0.96" CONTENT="yttrat"/>
						</TextLine>
						<TextLine ID="line_27" HPOS="73" VPOS="930" WIDTH="824" HEIGHT="28">
							<String ID="string_289" HPOS="73" VPOS="930" WIDTH="44" HEIGHT="26" WC="0.96" CONTENT="mig"/><SP WIDTH="14" VPOS="930" HPOS="117"/>
							<String ID="string_290" HPOS="131" VPOS="936" WIDTH="35" HEIGHT="16" WC="0.96" CONTENT="om"/><SP WIDTH="16" VPOS="936" HPOS="166"/>
							<String ID="string_291" HPOS="182" VPOS="930" WIDTH="54" HEIGHT="27" WC="0.96" CONTENT="dem,"/><SP WIDTH="16" VPOS="930" HPOS="236"/>
							<String ID="string_292" HPOS="252" VPOS="930" WIDTH="33" HEIGHT="22" WC="0.96" CONTENT="för"/><SP WIDTH="15" VPOS="930" HPOS="285"/>
							<String ID="string_293" HPOS="300" VPOS="932" WIDTH="32" HEIGHT="20" WC="0.96" CONTENT="att"/><SP WIDTH="14" VPOS="932" HPOS="332"/>
							<String ID="string_294" HPOS="346" VPOS="938" WIDTH="30" HEIGHT="14" WC="0.93" CONTENT="nu"/><SP WIDTH="9" VPOS="938" HPOS="376"/>
							<String ID="string_295" HPOS="385" VPOS="930" WIDTH="93" HEIGHT="23" WC="0.91" CONTENT="behöfva"/><SP WIDTH="16" VPOS="930" HPOS="478"/>
							<String ID="string_296" HPOS="494" VPOS="932" WIDTH="47" HEIGHT="21" WC="0.93" CONTENT="åter"/><SP WIDTH="15" VPOS="932" HPOS="541"/>
							<String ID="string_297" HPOS="556" VPOS="931" WIDTH="112" HEIGHT="27" WC="0.91" CONTENT="uppfriska"/><SP WIDTH="14" VPOS="931" HPOS="668"/>
							<String ID="string_298" HPOS="682" VPOS="931" WIDTH="58" HEIGHT="21" WC="0.96" CONTENT="mina"/><SP WIDTH="15" VPOS="931" HPOS="740"/>
							<String ID="string_299" HPOS="755" VPOS="931" WIDTH="38" HEIGHT="22" WC="0.96" CONTENT="ord"/><SP WIDTH="15" VPOS="931" HPOS="793"/>
							<String ID="string_300" HPOS="808" VPOS="930" WIDTH="7" HEIGHT="22" WC="0.96" CONTENT="i"/><SP WIDTH="12" VPOS="930" HPOS="815"/>
							<String ID="string_301" HPOS="827" VPOS="931" WIDTH="70" HEIGHT="22" WC="0.96" CONTENT="denna"/>
						</TextLine>
						<TextLine ID="line_28" HPOS="74" VPOS="958" WIDTH="819" HEIGHT="29">
							<String ID="string_302" HPOS="74" VPOS="959" WIDTH="45" HEIGHT="21" WC="0.94" CONTENT="sak."/><SP WIDTH="31" VPOS="959" HPOS="119"/>
							<String ID="string_303" HPOS="150" VPOS="958" WIDTH="38" HEIGHT="22" WC="0.95" CONTENT="Att"/><SP WIDTH="20" VPOS="958" HPOS="188"/>
							<String ID="string_304" HPOS="208" VPOS="959" WIDTH="26" HEIGHT="22" WC="0.96" CONTENT="de"/><SP WIDTH="16" VPOS="959" HPOS="234"/>
							<String ID="string_305" HPOS="250" VPOS="959" WIDTH="60" HEIGHT="22" WC="0.96" CONTENT="skola"/><SP WIDTH="15" VPOS="959" HPOS="310"/>
							<String ID="string_306" HPOS="325" VPOS="961" WIDTH="36" HEIGHT="20" WC="0.96" CONTENT="äta"/><SP WIDTH="15" VPOS="961" HPOS="361"/>
							<String ID="string_307" HPOS="376" VPOS="961" WIDTH="24" HEIGHT="20" WC="0.96" CONTENT="ut"/><SP WIDTH="16" VPOS="961" HPOS="400"/>
							<String ID="string_308" HPOS="416" VPOS="960" WIDTH="42" HEIGHT="21" WC="0.96" CONTENT="den"/><SP WIDTH="14" VPOS="960" HPOS="458"/>
							<String ID="string_309" HPOS="472" VPOS="959" WIDTH="114" HEIGHT="22" WC="0.93" CONTENT="inhemska"/><SP WIDTH="15" VPOS="959" HPOS="586"/>
							<String ID="string_310" HPOS="601" VPOS="959" WIDTH="188" HEIGHT="28" WC="0.91" CONTENT="gårdfarihandeln"/><SP WIDTH="15" VPOS="959" HPOS="789"/>
							<String ID="string_311" HPOS="804" VPOS="959" WIDTH="41" HEIGHT="22" WC="0.89" CONTENT="och"/><SP WIDTH="15" VPOS="959" HPOS="845"/>
							<String ID="string_312" HPOS="860" VPOS="966" WIDTH="33" HEIGHT="15" WC="0.89" CONTENT="ar-"/>
						</TextLine>
						<TextLine ID="line_29" HPOS="72" VPOS="987" WIDTH="823" HEIGHT="29">
							<String ID="string_313" HPOS="72" VPOS="987" WIDTH="153" HEIGHT="27" WC="0.92" CONTENT="kangeliterne,"/><SP WIDTH="17" VPOS="987" HPOS="225"/>
							<String ID="string_314" HPOS="242" VPOS="988" WIDTH="24" HEIGHT="21" WC="0.96" CONTENT="så"/><SP WIDTH="16" VPOS="988" HPOS="266"/>
							<String ID="string_315" HPOS="282" VPOS="990" WIDTH="58" HEIGHT="19" WC="0.96" CONTENT="snart"/><SP WIDTH="16" VPOS="990" HPOS="340"/>
							<String ID="string_316" HPOS="356" VPOS="988" WIDTH="27" HEIGHT="22" WC="0.96" CONTENT="de"/><SP WIDTH="15" VPOS="988" HPOS="383"/>
							<String ID="string_317" HPOS="398" VPOS="988" WIDTH="22" HEIGHT="21" WC="0.96" CONTENT="få"/><SP WIDTH="14" VPOS="988" HPOS="420"/>
							<String ID="string_318" HPOS="434" VPOS="991" WIDTH="71" HEIGHT="24" WC="0.96" CONTENT="vägen"/><SP WIDTH="15" VPOS="991" HPOS="505"/>
							<String ID="string_319" HPOS="520" VPOS="990" WIDTH="77" HEIGHT="26" WC="0.96" CONTENT="öppen,"/><SP WIDTH="17" VPOS="990" HPOS="597"/>
							<String ID="string_320" HPOS="614" VPOS="995" WIDTH="64" HEIGHT="15" WC="0.96" CONTENT="anser"/><SP WIDTH="12" VPOS="995" HPOS="678"/>
							<String ID="string_321" HPOS="690" VPOS="989" WIDTH="38" HEIGHT="27" WC="0.96" CONTENT="jag"/><SP WIDTH="15" VPOS="989" HPOS="728"/>
							<String ID="string_322" HPOS="743" VPOS="988" WIDTH="46" HEIGHT="22" WC="0.96" CONTENT="helt"/><SP WIDTH="10" VPOS="988" HPOS="789"/>
							<String ID="string_323" HPOS="799" VPOS="989" WIDTH="40" HEIGHT="21" WC="0.93" CONTENT="och"/><SP WIDTH="10" VPOS="989" HPOS="839"/>
							<String ID="string_324" HPOS="849" VPOS="988" WIDTH="46" HEIGHT="22" WC="0.92" CONTENT="hål-"/>
						</TextLine>
						<TextLine ID="line_30" HPOS="73" VPOS="1015" WIDTH="824" HEIGHT="30">
							<String ID="string_325" HPOS="73" VPOS="1016" WIDTH="30" HEIGHT="21" WC="0.93" CONTENT="let"/><SP WIDTH="15" VPOS="1016" HPOS="103"/>
							<String ID="string_326" HPOS="118" VPOS="1015" WIDTH="99" HEIGHT="28" WC="0.92" CONTENT="afgjordt,"/><SP WIDTH="17" VPOS="1015" HPOS="217"/>
							<String ID="string_327" HPOS="234" VPOS="1017" WIDTH="40" HEIGHT="21" WC="0.96" CONTENT="och"/><SP WIDTH="15" VPOS="1017" HPOS="274"/>
							<String ID="string_328" HPOS="289" VPOS="1017" WIDTH="104" HEIGHT="28" WC="0.96" CONTENT="följderna"/><SP WIDTH="14" VPOS="1017" HPOS="393"/>
							<String ID="string_329" HPOS="407" VPOS="1017" WIDTH="37" HEIGHT="22" WC="0.95" CONTENT="må"/><SP WIDTH="15" VPOS="1017" HPOS="444"/>
							<String ID="string_330" HPOS="459" VPOS="1017" WIDTH="42" HEIGHT="22" WC="0.97" CONTENT="den"/><SP WIDTH="16" VPOS="1017" HPOS="501"/>
							<String ID="string_331" HPOS="517" VPOS="1023" WIDTH="46" HEIGHT="16" WC="0.96" CONTENT="som"/><SP WIDTH="15" VPOS="1023" HPOS="563"/>
							<String ID="string_332" HPOS="578" VPOS="1017" WIDTH="37" HEIGHT="22" WC="0.96" CONTENT="vill"/><SP WIDTH="15" VPOS="1017" HPOS="615"/>
							<String ID="string_333" HPOS="630" VPOS="1019" WIDTH="53" HEIGHT="25" WC="0.96" CONTENT="göra"/><SP WIDTH="16" VPOS="1019" HPOS="683"/>
							<String ID="string_334" HPOS="699" VPOS="1017" WIDTH="33" HEIGHT="27" WC="0.95" CONTENT="sig"/><SP WIDTH="10" VPOS="1017" HPOS="732"/>
							<String ID="string_335" HPOS="742" VPOS="1017" WIDTH="52" HEIGHT="22" WC="0.96" CONTENT="reda"/><SP WIDTH="11" VPOS="1017" HPOS="794"/>
							<String ID="string_336" HPOS="805" VPOS="1016" WIDTH="44" HEIGHT="28" WC="0.96" CONTENT="för;"/><SP WIDTH="10" VPOS="1016" HPOS="849"/>
							<String ID="string_337" HPOS="859" VPOS="1017" WIDTH="38" HEIGHT="28" WC="0.96" CONTENT="jag"/>
						</TextLine>
						<TextLine ID="line_31" HPOS="76" VPOS="1045" WIDTH="821" HEIGHT="28">
							<String ID="string_338" HPOS="76" VPOS="1045" WIDTH="55" HEIGHT="21" WC="0.96" CONTENT="skall"/><SP WIDTH="14" VPOS="1045" HPOS="131"/>
							<String ID="string_339" HPOS="145" VPOS="1045" WIDTH="47" HEIGHT="22" WC="0.96" CONTENT="icke"/><SP WIDTH="16" VPOS="1045" HPOS="192"/>
							<String ID="string_340" HPOS="208" VPOS="1045" WIDTH="72" HEIGHT="22" WC="0.93" CONTENT="vidare"/><SP WIDTH="14" VPOS="1045" HPOS="280"/>
							<String ID="string_341" HPOS="294" VPOS="1045" WIDTH="108" HEIGHT="23" WC="0.92" CONTENT="beskrifva"/><SP WIDTH="16" VPOS="1045" HPOS="402"/>
							<String ID="string_342" HPOS="418" VPOS="1046" WIDTH="55" HEIGHT="22" WC="0.96" CONTENT="dem."/><SP WIDTH="30" VPOS="1046" HPOS="473"/>
							<String ID="string_343" HPOS="503" VPOS="1047" WIDTH="43" HEIGHT="21" WC="0.96" CONTENT="För"/><SP WIDTH="14" VPOS="1047" HPOS="546"/>
							<String ID="string_344" HPOS="560" VPOS="1046" WIDTH="44" HEIGHT="21" WC="0.96" CONTENT="min"/><SP WIDTH="15" VPOS="1046" HPOS="604"/>
							<String ID="string_345" HPOS="619" VPOS="1046" WIDTH="34" HEIGHT="22" WC="0.95" CONTENT="del"/><SP WIDTH="16" VPOS="1046" HPOS="653"/>
							<String ID="string_346" HPOS="669" VPOS="1046" WIDTH="96" HEIGHT="22" WC="0.96" CONTENT="anhåller"/><SP WIDTH="6" VPOS="1046" HPOS="765"/>
							<String ID="string_347" HPOS="771" VPOS="1046" WIDTH="38" HEIGHT="27" WC="0.96" CONTENT="jag"/><SP WIDTH="10" VPOS="1046" HPOS="809"/>
							<String ID="string_348" HPOS="819" VPOS="1052" WIDTH="36" HEIGHT="15" WC="0.95" CONTENT="om"/><SP WIDTH="10" VPOS="1052" HPOS="855"/>
							<String ID="string_349" HPOS="865" VPOS="1047" WIDTH="32" HEIGHT="20" WC="0.95" CONTENT="att"/>
						</TextLine>
						<TextLine ID="line_32" HPOS="75" VPOS="1073" WIDTH="822" HEIGHT="30">
							<String ID="string_350" HPOS="75" VPOS="1073" WIDTH="22" HEIGHT="22" WC="0.96" CONTENT="få"/><SP WIDTH="14" VPOS="1073" HPOS="97"/>
							<String ID="string_351" HPOS="111" VPOS="1075" WIDTH="105" HEIGHT="20" WC="0.95" CONTENT="motsätta"/><SP WIDTH="14" VPOS="1075" HPOS="216"/>
							<String ID="string_352" HPOS="230" VPOS="1075" WIDTH="43" HEIGHT="27" WC="0.96" CONTENT="mig"/><SP WIDTH="15" VPOS="1075" HPOS="273"/>
							<String ID="string_353" HPOS="288" VPOS="1075" WIDTH="42" HEIGHT="21" WC="0.96" CONTENT="alla"/><SP WIDTH="15" VPOS="1075" HPOS="330"/>
							<String ID="string_354" HPOS="345" VPOS="1075" WIDTH="26" HEIGHT="22" WC="0.96" CONTENT="de"/><SP WIDTH="16" VPOS="1075" HPOS="371"/>
							<String ID="string_355" HPOS="387" VPOS="1075" WIDTH="77" HEIGHT="27" WC="0.96" CONTENT="tillägg"/><SP WIDTH="15" VPOS="1075" HPOS="464"/>
							<String ID="string_356" HPOS="479" VPOS="1075" WIDTH="110" HEIGHT="22" WC="0.96" CONTENT="utskottet"/><SP WIDTH="16" VPOS="1075" HPOS="589"/>
							<String ID="string_357" HPOS="605" VPOS="1075" WIDTH="56" HEIGHT="28" WC="0.96" CONTENT="gjort"/><SP WIDTH="15" VPOS="1075" HPOS="661"/>
							<String ID="string_358" HPOS="676" VPOS="1075" WIDTH="7" HEIGHT="21" WC="0.96" CONTENT="i"/><SP WIDTH="16" VPOS="1075" HPOS="683"/>
							<String ID="string_359" HPOS="699" VPOS="1075" WIDTH="41" HEIGHT="22" WC="0.96" CONTENT="den"/><SP WIDTH="14" VPOS="1075" HPOS="740"/>
							<String ID="string_360" HPOS="754" VPOS="1075" WIDTH="79" HEIGHT="26" WC="0.93" CONTENT="nådiga"/><SP WIDTH="14" VPOS="1075" HPOS="833"/>
							<String ID="string_361" HPOS="847" VPOS="1081" WIDTH="50" HEIGHT="21" WC="0.92" CONTENT="pro-"/>
						</TextLine>
						<TextLine ID="line_33" HPOS="75" VPOS="1103" WIDTH="822" HEIGHT="28">
							<String ID="string_362" HPOS="75" VPOS="1103" WIDTH="128" HEIGHT="27" WC="0.96" CONTENT="positionen,"/><SP WIDTH="16" VPOS="1103" HPOS="203"/>
							<String ID="string_363" HPOS="219" VPOS="1103" WIDTH="7" HEIGHT="21" WC="0.96" CONTENT="i"/><SP WIDTH="15" VPOS="1103" HPOS="226"/>
							<String ID="string_364" HPOS="241" VPOS="1103" WIDTH="85" HEIGHT="23" WC="0.92" CONTENT="hvilken"/><SP WIDTH="15" VPOS="1103" HPOS="326"/>
							<String ID="string_365" HPOS="341" VPOS="1103" WIDTH="11" HEIGHT="28" WC="0.80" CONTENT="$"/><SP WIDTH="16" VPOS="1103" HPOS="352"/>
							<String ID="string_366" HPOS="368" VPOS="1104" WIDTH="26" HEIGHT="22" WC="0.97" CONTENT="de"/><SP WIDTH="16" VPOS="1104" HPOS="394"/>
							<String ID="string_367" HPOS="410" VPOS="1106" WIDTH="27" HEIGHT="19" WC="0.96" CONTENT="än"/><SP WIDTH="15" VPOS="1106" HPOS="437"/>
							<String ID="string_368" HPOS="452" VPOS="1104" WIDTH="36" HEIGHT="21" WC="0.96" CONTENT="må"/><SP WIDTH="15" VPOS="1104" HPOS="488"/>
							<String ID="string_369" HPOS="503" VPOS="1103" WIDTH="138" HEIGHT="28" WC="0.93" CONTENT="förekomma,"/><SP WIDTH="16" VPOS="1103" HPOS="641"/>
							<String ID="string_370" HPOS="657" VPOS="1103" WIDTH="71" HEIGHT="23" WC="0.93" CONTENT="sävidt"/><SP WIDTH="10" VPOS="1103" HPOS="728"/>
							<String ID="string_371" HPOS="738" VPOS="1104" WIDTH="27" HEIGHT="22" WC="0.97" CONTENT="de"/><SP WIDTH="9" VPOS="1104" HPOS="765"/>
							<String ID="string_372" HPOS="774" VPOS="1105" WIDTH="50" HEIGHT="20" WC="0.93" CONTENT="röra"/><SP WIDTH="10" VPOS="1105" HPOS="824"/>
							<String ID="string_373" HPOS="834" VPOS="1104" WIDTH="63" HEIGHT="27" WC="0.92" CONTENT="gård-"/>
						</TextLine>
						<TextLine ID="line_34" HPOS="75" VPOS="1131" WIDTH="138" HEIGHT="22">
							<String ID="string_374" HPOS="75" VPOS="1131" WIDTH="138" HEIGHT="22" WC="0.89" CONTENT="farihandeln."/>
						</TextLine>
					</TextBlock>
					<TextBlock ID="block_2" HPOS="74" VPOS="1160" WIDTH="826" HEIGHT="402">
						<TextLine ID="line_35" HPOS="144" VPOS="1160" WIDTH="753" HEIGHT="29">
							<String ID="string_375" HPOS="144" VPOS="1161" WIDTH="56" HEIGHT="21" WC="0.93" CONTENT="Herr"/><SP WIDTH="7" VPOS="1161" HPOS="200"/>
							<String ID="string_376" HPOS="207" VPOS="1160" WIDTH="70" HEIGHT="23" WC="0.92" CONTENT="Mech"/><SP WIDTH="7" VPOS="1160" HPOS="277"/>
							<String ID="string_377" HPOS="284" VPOS="1161" WIDTH="62" HEIGHT="22" WC="0.96" CONTENT="elin:"/><SP WIDTH="16" VPOS="1161" HPOS="346"/>
							<String ID="string_378" HPOS="362" VPOS="1161" WIDTH="10" HEIGHT="22" WC="0.93" CONTENT="I"/><SP WIDTH="8" VPOS="1161" HPOS="372"/>
							<String ID="string_379" HPOS="380" VPOS="1161" WIDTH="50" HEIGHT="22" WC="0.93" CONTENT="herr"/><SP WIDTH="8" VPOS="1161" HPOS="430"/>
							<String ID="string_380" HPOS="438" VPOS="1167" WIDTH="42" HEIGHT="16" WC="0.93" CONTENT="von"/><SP WIDTH="9" VPOS="1167" HPOS="480"/>
							<String ID="string_381" HPOS="489" VPOS="1161" WIDTH="133" HEIGHT="27" WC="0.92" CONTENT="Bonsdorffs,"/><SP WIDTH="10" VPOS="1161" HPOS="622"/>
							<String ID="string_382" HPOS="632" VPOS="1167" WIDTH="34" HEIGHT="16" WC="0.96" CONTENT="om"/><SP WIDTH="6" VPOS="1167" HPOS="666"/>
							<String ID="string_383" HPOS="672" VPOS="1161" WIDTH="38" HEIGHT="28" WC="0.96" CONTENT="jag"/><SP WIDTH="8" VPOS="1161" HPOS="710"/>
							<String ID="string_384" HPOS="718" VPOS="1161" WIDTH="25" HEIGHT="22" WC="0.96" CONTENT="så"/><SP WIDTH="7" VPOS="1161" HPOS="743"/>
							<String ID="string_385" HPOS="750" VPOS="1161" WIDTH="32" HEIGHT="22" WC="0.96" CONTENT="får"/><SP WIDTH="8" VPOS="1161" HPOS="782"/>
							<String ID="string_386" HPOS="790" VPOS="1163" WIDTH="59" HEIGHT="26" WC="0.93" CONTENT="säga,"/><SP WIDTH="9" VPOS="1163" HPOS="849"/>
							<String ID="string_387" HPOS="858" VPOS="1161" WIDTH="39" HEIGHT="22" WC="0.93" CONTENT="hu-"/>
						</TextLine>
						<TextLine ID="line_36" HPOS="75" VPOS="1189" WIDTH="822" HEIGHT="29">
							<String ID="string_388" HPOS="75" VPOS="1189" WIDTH="123" HEIGHT="22" WC="0.91" CONTENT="moristiska"/><SP WIDTH="21" VPOS="1189" HPOS="198"/>
							<String ID="string_389" HPOS="219" VPOS="1189" WIDTH="100" HEIGHT="28" WC="0.96" CONTENT="föredrag"/><SP WIDTH="22" VPOS="1189" HPOS="319"/>
							<String ID="string_390" HPOS="341" VPOS="1190" WIDTH="7" HEIGHT="21" WC="0.96" CONTENT="i"/><SP WIDTH="24" VPOS="1190" HPOS="348"/>
							<String ID="string_391" HPOS="372" VPOS="1191" WIDTH="72" HEIGHT="21" WC="0.96" CONTENT="ämnet"/><SP WIDTH="21" VPOS="1191" HPOS="444"/>
							<String ID="string_392" HPOS="465" VPOS="1190" WIDTH="130" HEIGHT="28" WC="0.96" CONTENT="uppfattade"/><SP WIDTH="17" VPOS="1190" HPOS="595"/>
							<String ID="string_393" HPOS="612" VPOS="1190" WIDTH="38" HEIGHT="28" WC="0.96" CONTENT="jag"/><SP WIDTH="20" VPOS="1190" HPOS="650"/>
							<String ID="string_394" HPOS="670" VPOS="1197" WIDTH="26" HEIGHT="15" WC="0.96" CONTENT="en"/><SP WIDTH="18" VPOS="1197" HPOS="696"/>
							<String ID="string_395" HPOS="714" VPOS="1190" WIDTH="91" HEIGHT="22" WC="0.96" CONTENT="ledande"/><SP WIDTH="20" VPOS="1190" HPOS="805"/>
							<String ID="string_396" HPOS="825" VPOS="1191" WIDTH="72" HEIGHT="26" WC="0.96" CONTENT="tanke,"/>
						</TextLine>
						<TextLine ID="line_37" HPOS="74" VPOS="1217" WIDTH="823" HEIGHT="30">
							<String ID="string_397" HPOS="74" VPOS="1217" WIDTH="86" HEIGHT="23" WC="0.96" CONTENT="hvilken"/><SP WIDTH="15" VPOS="1217" HPOS="160"/>
							<String ID="string_398" HPOS="175" VPOS="1218" WIDTH="61" HEIGHT="22" WC="0.96" CONTENT="äfven"/><SP WIDTH="16" VPOS="1218" HPOS="236"/>
							<String ID="string_399" HPOS="252" VPOS="1219" WIDTH="22" HEIGHT="22" WC="0.96" CONTENT="af"/><SP WIDTH="12" VPOS="1219" HPOS="274"/>
							<String ID="string_400" HPOS="286" VPOS="1219" WIDTH="42" HEIGHT="27" WC="0.96" CONTENT="mig"/><SP WIDTH="11" VPOS="1219" HPOS="328"/>
							<String ID="string_401" HPOS="339" VPOS="1219" WIDTH="67" HEIGHT="22" WC="0.95" CONTENT="delas."/><SP WIDTH="32" VPOS="1219" HPOS="406"/>
							<String ID="string_402" HPOS="438" VPOS="1219" WIDTH="172" HEIGHT="22" WC="0.95" CONTENT="Grundtanken"/><SP WIDTH="-8" VPOS="1219" HPOS="610"/>
							<String ID="string_403" HPOS="602" VPOS="1213" WIDTH="10" HEIGHT="38" WC="0.93" CONTENT="i"/><SP WIDTH="9" VPOS="1213" HPOS="612"/>
							<String ID="string_404" HPOS="621" VPOS="1219" WIDTH="50" HEIGHT="22" WC="0.96" CONTENT="herr"/><SP WIDTH="7" VPOS="1219" HPOS="671"/>
							<String ID="string_405" HPOS="678" VPOS="1225" WIDTH="41" HEIGHT="16" WC="0.93" CONTENT="von"/><SP WIDTH="10" VPOS="1225" HPOS="719"/>
							<String ID="string_406" HPOS="729" VPOS="1219" WIDTH="124" HEIGHT="22" WC="0.92" CONTENT="Bonsdorffs"/><SP WIDTH="10" VPOS="1219" HPOS="853"/>
							<String ID="string_407" HPOS="863" VPOS="1226" WIDTH="34" HEIGHT="21" WC="0.92" CONTENT="yr-"/>
						</TextLine>
						<TextLine ID="line_38" HPOS="74" VPOS="1247" WIDTH="825" HEIGHT="28">
							<String ID="string_408" HPOS="74" VPOS="1247" WIDTH="70" HEIGHT="22" WC="0.93" CONTENT="kande"/><SP WIDTH="16" VPOS="1247" HPOS="144"/>
							<String ID="string_409" HPOS="160" VPOS="1253" WIDTH="62" HEIGHT="22" WC="0.91" CONTENT="synes"/><SP WIDTH="15" VPOS="1253" HPOS="222"/>
							<String ID="string_410" HPOS="237" VPOS="1248" WIDTH="104" HEIGHT="27" WC="0.92" CONTENT="nemligen"/><SP WIDTH="16" VPOS="1248" HPOS="341"/>
							<String ID="string_411" HPOS="357" VPOS="1255" WIDTH="51" HEIGHT="15" WC="0.96" CONTENT="vara"/><SP WIDTH="16" VPOS="1255" HPOS="408"/>
							<String ID="string_412" HPOS="424" VPOS="1248" WIDTH="49" HEIGHT="27" WC="0.96" CONTENT="den,"/><SP WIDTH="16" VPOS="1248" HPOS="473"/>
							<String ID="string_413" HPOS="489" VPOS="1249" WIDTH="34" HEIGHT="21" WC="0.96" CONTENT="att"/><SP WIDTH="15" VPOS="1249" HPOS="523"/>
							<String ID="string_414" HPOS="538" VPOS="1248" WIDTH="37" HEIGHT="22" WC="0.93" CONTENT="det"/><SP WIDTH="14" VPOS="1248" HPOS="575"/>
							<String ID="string_415" HPOS="589" VPOS="1254" WIDTH="51" HEIGHT="15" WC="0.93" CONTENT="vore"/><SP WIDTH="14" VPOS="1254" HPOS="640"/>
							<String ID="string_416" HPOS="654" VPOS="1248" WIDTH="96" HEIGHT="22" WC="0.92" CONTENT="särdeles"/><SP WIDTH="12" VPOS="1248" HPOS="750"/>
							<String ID="string_417" HPOS="762" VPOS="1248" WIDTH="93" HEIGHT="27" WC="0.91" CONTENT="önskligt"/><SP WIDTH="10" VPOS="1248" HPOS="855"/>
							<String ID="string_418" HPOS="865" VPOS="1249" WIDTH="34" HEIGHT="20" WC="0.96" CONTENT="att"/>
						</TextLine>
						<TextLine ID="line_39" HPOS="75" VPOS="1275" WIDTH="824" HEIGHT="30">
							<String ID="string_419" HPOS="75" VPOS="1275" WIDTH="103" HEIGHT="28" WC="0.92" CONTENT="enfaldigt"/><SP WIDTH="23" VPOS="1275" HPOS="178"/>
							<String ID="string_420" HPOS="201" VPOS="1276" WIDTH="44" HEIGHT="21" WC="0.96" CONTENT="folk"/><SP WIDTH="22" VPOS="1276" HPOS="245"/>
							<String ID="string_421" HPOS="267" VPOS="1277" WIDTH="29" HEIGHT="27" WC="0.92" CONTENT="pä"/><SP WIDTH="20" VPOS="1277" HPOS="296"/>
							<String ID="string_422" HPOS="316" VPOS="1277" WIDTH="155" HEIGHT="28" WC="0.91" CONTENT="landsbygden,"/><SP WIDTH="26" VPOS="1277" HPOS="471"/>
							<String ID="string_423" HPOS="497" VPOS="1283" WIDTH="46" HEIGHT="16" WC="0.92" CONTENT="som"/><SP WIDTH="24" VPOS="1283" HPOS="543"/>
							<String ID="string_424" HPOS="567" VPOS="1277" WIDTH="48" HEIGHT="22" WC="0.90" CONTENT="icke"/><SP WIDTH="20" VPOS="1277" HPOS="615"/>
							<String ID="string_425" HPOS="635" VPOS="1277" WIDTH="42" HEIGHT="22" WC="0.93" CONTENT="kan"/><SP WIDTH="22" VPOS="1277" HPOS="677"/>
							<String ID="string_426" HPOS="699" VPOS="1277" WIDTH="59" HEIGHT="22" WC="0.90" CONTENT="hälla"/><SP WIDTH="20" VPOS="1277" HPOS="758"/>
							<String ID="string_427" HPOS="778" VPOS="1277" WIDTH="50" HEIGHT="27" WC="0.96" CONTENT="ihop"/><SP WIDTH="24" VPOS="1277" HPOS="828"/>
							<String ID="string_428" HPOS="852" VPOS="1277" WIDTH="47" HEIGHT="22" WC="0.96" CONTENT="sina"/>
						</TextLine>
						<TextLine ID="line_40" HPOS="74" VPOS="1305" WIDTH="825" HEIGHT="27">
							<String ID="string_429" HPOS="74" VPOS="1305" WIDTH="125" HEIGHT="27" WC="0.92" CONTENT="penningar,"/><SP WIDTH="20" VPOS="1305" HPOS="199"/>
							<String ID="string_430" HPOS="219" VPOS="1305" WIDTH="47" HEIGHT="22" WC="0.91" CONTENT="icke"/><SP WIDTH="20" VPOS="1305" HPOS="266"/>
							<String ID="string_431" HPOS="286" VPOS="1305" WIDTH="68" HEIGHT="22" WC="0.92" CONTENT="mätte"/><SP WIDTH="19" VPOS="1305" HPOS="354"/>
							<String ID="string_432" HPOS="373" VPOS="1307" WIDTH="95" HEIGHT="20" WC="0.91" CONTENT="utsättas"/><SP WIDTH="21" VPOS="1307" HPOS="468"/>
							<String ID="string_433" HPOS="489" VPOS="1305" WIDTH="33" HEIGHT="22" WC="0.96" CONTENT="för"/><SP WIDTH="16" VPOS="1305" HPOS="522"/>
							<String ID="string_434" HPOS="538" VPOS="1305" WIDTH="41" HEIGHT="22" WC="0.93" CONTENT="den"/><SP WIDTH="15" VPOS="1305" HPOS="579"/>
							<String ID="string_435" HPOS="594" VPOS="1305" WIDTH="113" HEIGHT="23" WC="0.92" CONTENT="frestelsen"/><SP WIDTH="17" VPOS="1305" HPOS="707"/>
							<String ID="string_436" HPOS="724" VPOS="1307" WIDTH="33" HEIGHT="20" WC="0.96" CONTENT="att"/><SP WIDTH="14" VPOS="1307" HPOS="757"/>
							<String ID="string_437" HPOS="771" VPOS="1312" WIDTH="29" HEIGHT="15" WC="0.96" CONTENT="nu"/><SP WIDTH="15" VPOS="1312" HPOS="800"/>
							<String ID="string_438" HPOS="815" VPOS="1306" WIDTH="41" HEIGHT="21" WC="0.96" CONTENT="och"/><SP WIDTH="15" VPOS="1306" HPOS="856"/>
							<String ID="string_439" HPOS="871" VPOS="1306" WIDTH="28" HEIGHT="21" WC="0.96" CONTENT="dä"/>
						</TextLine>
						<TextLine ID="line_41" HPOS="74" VPOS="1333" WIDTH="824" HEIGHT="29">
							<String ID="string_440" HPOS="74" VPOS="1333" WIDTH="57" HEIGHT="28" WC="0.93" CONTENT="köpa"/><SP WIDTH="15" VPOS="1333" HPOS="131"/>
							<String ID="string_441" HPOS="146" VPOS="1334" WIDTH="82" HEIGHT="27" WC="0.96" CONTENT="sådant,"/><SP WIDTH="17" VPOS="1334" HPOS="228"/>
							<String ID="string_442" HPOS="245" VPOS="1340" WIDTH="46" HEIGHT="15" WC="0.96" CONTENT="som"/><SP WIDTH="16" VPOS="1340" HPOS="291"/>
							<String ID="string_443" HPOS="307" VPOS="1334" WIDTH="25" HEIGHT="22" WC="0.96" CONTENT="de"/><SP WIDTH="16" VPOS="1334" HPOS="332"/>
							<String ID="string_444" HPOS="348" VPOS="1335" WIDTH="73" HEIGHT="21" WC="0.93" CONTENT="kunna"/><SP WIDTH="9" VPOS="1335" HPOS="421"/>
							<String ID="string_445" HPOS="430" VPOS="1335" WIDTH="103" HEIGHT="26" WC="0.96" CONTENT="undvara,"/><SP WIDTH="12" VPOS="1335" HPOS="533"/>
							<String ID="string_446" HPOS="545" VPOS="1337" WIDTH="39" HEIGHT="19" WC="0.96" CONTENT="och"/><SP WIDTH="12" VPOS="1337" HPOS="584"/>
							<String ID="string_447" HPOS="596" VPOS="1336" WIDTH="32" HEIGHT="20" WC="0.93" CONTENT="att"/><SP WIDTH="11" VPOS="1336" HPOS="628"/>
							<String ID="string_448" HPOS="639" VPOS="1335" WIDTH="37" HEIGHT="21" WC="0.93" CONTENT="det"/><SP WIDTH="7" VPOS="1335" HPOS="676"/>
							<String ID="string_449" HPOS="683" VPOS="1335" WIDTH="80" HEIGHT="27" WC="0.67" CONTENT="jemvä]"/><SP WIDTH="9" VPOS="1335" HPOS="763"/>
							<String ID="string_450" HPOS="772" VPOS="1341" WIDTH="51" HEIGHT="15" WC="0.93" CONTENT="vore"/><SP WIDTH="11" VPOS="1341" HPOS="823"/>
							<String ID="string_451" HPOS="834" VPOS="1334" WIDTH="64" HEIGHT="22" WC="0.92" CONTENT="önsk-"/>
						</TextLine>
						<TextLine ID="line_42" HPOS="74" VPOS="1362" WIDTH="826" HEIGHT="27">
							<String ID="string_452" HPOS="74" VPOS="1362" WIDTH="40" HEIGHT="27" WC="0.93" CONTENT="ligt"/><SP WIDTH="15" VPOS="1362" HPOS="114"/>
							<String ID="string_453" HPOS="129" VPOS="1364" WIDTH="33" HEIGHT="19" WC="0.93" CONTENT="att"/><SP WIDTH="13" VPOS="1364" HPOS="162"/>
							<String ID="string_454" HPOS="175" VPOS="1362" WIDTH="48" HEIGHT="22" WC="0.91" CONTENT="icke"/><SP WIDTH="16" VPOS="1362" HPOS="223"/>
							<String ID="string_455" HPOS="239" VPOS="1363" WIDTH="97" HEIGHT="22" WC="0.93" CONTENT="arbetare"/><SP WIDTH="21" VPOS="1363" HPOS="336"/>
							<String ID="string_456" HPOS="357" VPOS="1363" WIDTH="70" HEIGHT="22" WC="0.92" CONTENT="blefve"/><SP WIDTH="15" VPOS="1363" HPOS="427"/>
							<String ID="string_457" HPOS="442" VPOS="1363" WIDTH="92" HEIGHT="22" WC="0.92" CONTENT="lockade"/><SP WIDTH="15" VPOS="1363" HPOS="534"/>
							<String ID="string_458" HPOS="549" VPOS="1363" WIDTH="51" HEIGHT="22" WC="0.93" CONTENT="bort"/><SP WIDTH="14" VPOS="1363" HPOS="600"/>
							<String ID="string_459" HPOS="614" VPOS="1363" WIDTH="47" HEIGHT="22" WC="0.93" CONTENT="frän"/><SP WIDTH="15" VPOS="1363" HPOS="661"/>
							<String ID="string_460" HPOS="676" VPOS="1363" WIDTH="38" HEIGHT="22" WC="0.97" CONTENT="sitt"/><SP WIDTH="16" VPOS="1363" HPOS="714"/>
							<String ID="string_461" HPOS="730" VPOS="1363" WIDTH="74" HEIGHT="22" WC="0.96" CONTENT="arbete"/><SP WIDTH="15" VPOS="1363" HPOS="804"/>
							<String ID="string_462" HPOS="819" VPOS="1363" WIDTH="33" HEIGHT="22" WC="0.96" CONTENT="för"/><SP WIDTH="15" VPOS="1363" HPOS="852"/>
							<String ID="string_463" HPOS="867" VPOS="1365" WIDTH="33" HEIGHT="20" WC="0.96" CONTENT="att"/>
						</TextLine>
						<TextLine ID="line_43" HPOS="75" VPOS="1391" WIDTH="825" HEIGHT="28">
							<String ID="string_464" HPOS="75" VPOS="1391" WIDTH="68" HEIGHT="21" WC="0.93" CONTENT="skäda"/><SP WIDTH="10" VPOS="1391" HPOS="143"/>
							<String ID="string_465" HPOS="153" VPOS="1391" WIDTH="29" HEIGHT="27" WC="0.93" CONTENT="pä"/><SP WIDTH="9" VPOS="1391" HPOS="182"/>
							<String ID="string_466" HPOS="191" VPOS="1392" WIDTH="122" HEIGHT="21" WC="0.92" CONTENT="vandrande"/><SP WIDTH="11" VPOS="1392" HPOS="313"/>
							<String ID="string_467" HPOS="324" VPOS="1392" WIDTH="134" HEIGHT="22" WC="0.92" CONTENT="handlandes"/><SP WIDTH="10" VPOS="1392" HPOS="458"/>
							<String ID="string_468" HPOS="468" VPOS="1398" WIDTH="71" HEIGHT="21" WC="0.92" CONTENT="varor,"/><SP WIDTH="12" VPOS="1398" HPOS="539"/>
							<String ID="string_469" HPOS="551" VPOS="1392" WIDTH="137" HEIGHT="27" WC="0.93" CONTENT="hvarigenom"/><SP WIDTH="10" VPOS="1392" HPOS="688"/>
							<String ID="string_470" HPOS="698" VPOS="1392" WIDTH="121" HEIGHT="22" WC="0.92" CONTENT="tidsförlust"/><SP WIDTH="10" VPOS="1392" HPOS="819"/>
							<String ID="string_471" HPOS="829" VPOS="1392" WIDTH="71" HEIGHT="21" WC="0.96" CONTENT="skulle"/>
						</TextLine>
						<TextLine ID="line_44" HPOS="75" VPOS="1420" WIDTH="824" HEIGHT="27">
							<String ID="string_472" HPOS="75" VPOS="1420" WIDTH="135" HEIGHT="27" WC="0.91" CONTENT="uppkomma."/><SP WIDTH="30" VPOS="1420" HPOS="210"/>
							<String ID="string_473" HPOS="240" VPOS="1421" WIDTH="42" HEIGHT="26" WC="0.96" CONTENT="Jag"/><SP WIDTH="14" VPOS="1421" HPOS="282"/>
							<String ID="string_474" HPOS="296" VPOS="1421" WIDTH="42" HEIGHT="21" WC="0.93" CONTENT="kan"/><SP WIDTH="16" VPOS="1421" HPOS="338"/>
							<String ID="string_475" HPOS="354" VPOS="1421" WIDTH="48" HEIGHT="22" WC="0.92" CONTENT="icke"/><SP WIDTH="16" VPOS="1421" HPOS="402"/>
							<String ID="string_476" HPOS="418" VPOS="1423" WIDTH="67" HEIGHT="19" WC="0.96" CONTENT="annat"/><SP WIDTH="16" VPOS="1423" HPOS="485"/>
							<String ID="string_477" HPOS="501" VPOS="1423" WIDTH="26" HEIGHT="20" WC="0.93" CONTENT="än"/><SP WIDTH="15" VPOS="1423" HPOS="527"/>
							<String ID="string_478" HPOS="542" VPOS="1421" WIDTH="98" HEIGHT="22" WC="0.92" CONTENT="förmoda"/><SP WIDTH="15" VPOS="1421" HPOS="640"/>
							<String ID="string_479" HPOS="655" VPOS="1423" WIDTH="33" HEIGHT="20" WC="0.93" CONTENT="att"/><SP WIDTH="10" VPOS="1423" HPOS="688"/>
							<String ID="string_480" HPOS="698" VPOS="1421" WIDTH="79" HEIGHT="22" WC="0.92" CONTENT="enhvar"/><SP WIDTH="10" VPOS="1421" HPOS="777"/>
							<String ID="string_481" HPOS="787" VPOS="1421" WIDTH="65" HEIGHT="22" WC="0.93" CONTENT="funne"/><SP WIDTH="11" VPOS="1421" HPOS="852"/>
							<String ID="string_482" HPOS="863" VPOS="1421" WIDTH="36" HEIGHT="22" WC="0.96" CONTENT="det"/>
						</TextLine>
						<TextLine ID="line_45" HPOS="75" VPOS="1449" WIDTH="822" HEIGHT="27">
							<String ID="string_483" HPOS="75" VPOS="1455" WIDTH="50" HEIGHT="15" WC="0.96" CONTENT="vara"/><SP WIDTH="20" VPOS="1455" HPOS="125"/>
							<String ID="string_484" HPOS="145" VPOS="1450" WIDTH="44" HEIGHT="20" WC="0.96" CONTENT="rätt"/><SP WIDTH="15" VPOS="1450" HPOS="189"/>
							<String ID="string_485" HPOS="204" VPOS="1449" WIDTH="40" HEIGHT="27" WC="0.95" CONTENT="väl,"/><SP WIDTH="18" VPOS="1449" HPOS="244"/>
							<String ID="string_486" HPOS="262" VPOS="1455" WIDTH="34" HEIGHT="16" WC="0.96" CONTENT="om"/><SP WIDTH="15" VPOS="1455" HPOS="296"/>
							<String ID="string_487" HPOS="311" VPOS="1450" WIDTH="47" HEIGHT="26" WC="0.96" CONTENT="den,"/><SP WIDTH="18" VPOS="1450" HPOS="358"/>
							<String ID="string_488" HPOS="376" VPOS="1456" WIDTH="46" HEIGHT="15" WC="0.93" CONTENT="som"/><SP WIDTH="15" VPOS="1456" HPOS="422"/>
							<String ID="string_489" HPOS="437" VPOS="1450" WIDTH="49" HEIGHT="21" WC="0.92" CONTENT="icke"/><SP WIDTH="15" VPOS="1450" HPOS="486"/>
							<String ID="string_490" HPOS="501" VPOS="1450" WIDTH="40" HEIGHT="21" WC="0.92" CONTENT="har"/><SP WIDTH="14" VPOS="1450" HPOS="541"/>
							<String ID="string_491" HPOS="555" VPOS="1450" WIDTH="40" HEIGHT="21" WC="0.92" CONTENT="räd"/><SP WIDTH="15" VPOS="1450" HPOS="595"/>
							<String ID="string_492" HPOS="610" VPOS="1451" WIDTH="33" HEIGHT="20" WC="0.93" CONTENT="att"/><SP WIDTH="15" VPOS="1451" HPOS="643"/>
							<String ID="string_493" HPOS="658" VPOS="1450" WIDTH="58" HEIGHT="21" WC="0.93" CONTENT="slösa"/><SP WIDTH="15" VPOS="1450" HPOS="716"/>
							<String ID="string_494" HPOS="731" VPOS="1449" WIDTH="32" HEIGHT="22" WC="0.97" CONTENT="tid"/><SP WIDTH="16" VPOS="1449" HPOS="763"/>
							<String ID="string_495" HPOS="779" VPOS="1450" WIDTH="52" HEIGHT="21" WC="0.93" CONTENT="eller"/><SP WIDTH="15" VPOS="1450" HPOS="831"/>
							<String ID="string_496" HPOS="846" VPOS="1456" WIDTH="51" HEIGHT="20" WC="0.92" CONTENT="pen-"/>
						</TextLine>
						<TextLine ID="line_46" HPOS="75" VPOS="1477" WIDTH="823" HEIGHT="28">
							<String ID="string_497" HPOS="75" VPOS="1477" WIDTH="81" HEIGHT="26" WC="0.91" CONTENT="ningar,"/><SP WIDTH="18" VPOS="1477" HPOS="156"/>
							<String ID="string_498" HPOS="174" VPOS="1477" WIDTH="69" HEIGHT="22" WC="0.92" CONTENT="skulle"/><SP WIDTH="15" VPOS="1477" HPOS="243"/>
							<String ID="string_499" HPOS="258" VPOS="1478" WIDTH="45" HEIGHT="21" WC="0.92" CONTENT="Jäta"/><SP WIDTH="14" VPOS="1478" HPOS="303"/>
							<String ID="string_500" HPOS="317" VPOS="1478" WIDTH="31" HEIGHT="21" WC="0.96" CONTENT="bli"/><SP WIDTH="15" VPOS="1478" HPOS="348"/>
							<String ID="string_501" HPOS="363" VPOS="1480" WIDTH="33" HEIGHT="20" WC="0.93" CONTENT="att"/><SP WIDTH="14" VPOS="1480" HPOS="396"/>
							<String ID="string_502" HPOS="410" VPOS="1478" WIDTH="57" HEIGHT="27" WC="0.92" CONTENT="begä"/><SP WIDTH="15" VPOS="1478" HPOS="467"/>
							<String ID="string_503" HPOS="482" VPOS="1478" WIDTH="79" HEIGHT="22" WC="0.92" CONTENT="sädant"/><SP WIDTH="16" VPOS="1478" HPOS="561"/>
							<String ID="string_504" HPOS="577" VPOS="1478" WIDTH="82" HEIGHT="27" WC="0.91" CONTENT="slöseri,"/><SP WIDTH="16" VPOS="1478" HPOS="659"/>
							<String ID="string_505" HPOS="675" VPOS="1484" WIDTH="49" HEIGHT="16" WC="0.93" CONTENT="men"/><SP WIDTH="9" VPOS="1484" HPOS="724"/>
							<String ID="string_506" HPOS="733" VPOS="1478" WIDTH="165" HEIGHT="27" WC="0.92" CONTENT="konsegvensen"/>
						</TextLine>
						<TextLine ID="line_47" HPOS="75" VPOS="1505" WIDTH="824" HEIGHT="29">
							<String ID="string_507" HPOS="75" VPOS="1505" WIDTH="48" HEIGHT="22" WC="0.93" CONTENT="utaf"/><SP WIDTH="13" VPOS="1505" HPOS="123"/>
							<String ID="string_508" HPOS="136" VPOS="1506" WIDTH="60" HEIGHT="21" WC="0.93" CONTENT="detta"/><SP WIDTH="16" VPOS="1506" HPOS="196"/>
							<String ID="string_509" HPOS="212" VPOS="1506" WIDTH="176" HEIGHT="28" WC="0.92" CONTENT="äskädninsgsätt"/><SP WIDTH="18" VPOS="1506" HPOS="388"/>
							<String ID="string_510" HPOS="406" VPOS="1508" WIDTH="24" HEIGHT="20" WC="0.93" CONTENT="är"/><SP WIDTH="15" VPOS="1508" HPOS="430"/>
							<String ID="string_511" HPOS="445" VPOS="1507" WIDTH="50" HEIGHT="22" WC="0.92" CONTENT="icke"/><SP WIDTH="18" VPOS="1507" HPOS="495"/>
							<String ID="string_512" HPOS="513" VPOS="1506" WIDTH="133" HEIGHT="28" WC="0.96" CONTENT="nödvändigt"/><SP WIDTH="15" VPOS="1506" HPOS="646"/>
							<String ID="string_513" HPOS="661" VPOS="1507" WIDTH="47" HEIGHT="26" WC="0.96" CONTENT="den,"/><SP WIDTH="16" VPOS="1507" HPOS="708"/>
							<String ID="string_514" HPOS="724" VPOS="1508" WIDTH="33" HEIGHT="20" WC="0.96" CONTENT="att"/><SP WIDTH="15" VPOS="1508" HPOS="757"/>
							<String ID="string_515" HPOS="772" VPOS="1508" WIDTH="72" HEIGHT="20" WC="0.96" CONTENT="staten"/><SP WIDTH="15" VPOS="1508" HPOS="844"/>
							<String ID="string_516" HPOS="859" VPOS="1507" WIDTH="40" HEIGHT="21" WC="0.96" CONTENT="bör"/>
						</TextLine>
						<TextLine ID="line_48" HPOS="75" VPOS="1535" WIDTH="822" HEIGHT="27">
							<String ID="string_517" HPOS="75" VPOS="1540" WIDTH="76" HEIGHT="21" WC="0.96" CONTENT="genom"/><SP WIDTH="23" VPOS="1540" HPOS="151"/>
							<String ID="string_518" HPOS="174" VPOS="1535" WIDTH="46" HEIGHT="21" WC="0.96" CONTENT="sina"/><SP WIDTH="22" VPOS="1535" HPOS="220"/>
							<String ID="string_519" HPOS="242" VPOS="1535" WIDTH="58" HEIGHT="27" WC="0.93" CONTENT="lagar"/><SP WIDTH="22" VPOS="1535" HPOS="300"/>
							<String ID="string_520" HPOS="322" VPOS="1536" WIDTH="76" HEIGHT="21" WC="0.95" CONTENT="hindra"/><SP WIDTH="22" VPOS="1536" HPOS="398"/>
							<String ID="string_521" HPOS="420" VPOS="1536" WIDTH="39" HEIGHT="22" WC="0.93" CONTENT="allt"/><SP WIDTH="19" VPOS="1536" HPOS="459"/>
							<String ID="string_522" HPOS="478" VPOS="1535" WIDTH="85" HEIGHT="22" WC="0.96" CONTENT="tillfälle"/><SP WIDTH="19" VPOS="1535" HPOS="563"/>
							<String ID="string_523" HPOS="582" VPOS="1535" WIDTH="32" HEIGHT="22" WC="0.93" CONTENT="till"/><SP WIDTH="19" VPOS="1535" HPOS="614"/>
							<String ID="string_524" HPOS="633" VPOS="1535" WIDTH="105" HEIGHT="23" WC="0.93" CONTENT="frestelse."/><SP WIDTH="30" VPOS="1535" HPOS="738"/>
							<String ID="string_525" HPOS="768" VPOS="1536" WIDTH="43" HEIGHT="22" WC="0.93" CONTENT="Det"/><SP WIDTH="18" VPOS="1536" HPOS="811"/>
							<String ID="string_526" HPOS="829" VPOS="1535" WIDTH="68" HEIGHT="22" WC="0.96" CONTENT="finnes"/>
						</TextLine>
					</TextBlock>
				</ComposedBlock>
				<GraphicalElement ID="cblock_2" HPOS="1065" VPOS="635" WIDTH="3" HEIGHT="421"></GraphicalElement >
			</PrintSpace>
		</Page>
	</Layout>
</alto>
