1070 1739
189 131 40 20 758
465 133 40 18 Den
522 131 25 20 27
565 134 109 18 November.

159 197 51 22 ster,
227 195 40 21 och
282 195 88 27 beslöts,
379 196 29 27 på
422 196 49 21 herr
487 196 221 22 Landtmarskalkens
718 195 157 28 framställning
885 195 40 22 och
936 196 48 21 med

159 223 102 22 afseende
277 224 51 21 derå
342 226 32 19 att
390 225 68 26 sagda
472 225 137 22 betänkande
625 225 67 22 redan
708 225 55 22 varit
773 225 97 26 omkring
881 231 26 15 en
917 225 67 21 vecka

158 252 99 21 utdeladt
271 253 7 20 i
294 253 92 22 svenska
402 254 107 27 exemplar
520 256 57 19 samt
588 254 89 21 emedan
687 254 180 21 Statsutskottets
879 254 105 21 allmänna

158 281 224 27 anslagsbetänkande
397 282 54 27 icke,
467 283 72 21 såsom
554 283 36 21 vid
601 285 87 19 senaste
698 283 86 27 plenum
796 282 69 22 blifvit
875 282 108 27 förutsatt,

157 310 77 21 hunnit
249 310 112 27 inkomma,
378 311 7 21 i
400 312 108 21 anseende
523 311 86 22 hvartill
625 312 123 27 antagligen
759 311 224 27 Jernvägsutskottets

159 338 62 22 deraf
234 339 107 22 beroende
356 339 152 22 betänkanden
523 341 86 20 komme
624 342 33 19 att
672 340 125 27 ytterligare
808 340 135 26 bordläggas,
952 341 32 20 att

158 367 32 21 till
206 369 64 20 nästa
284 368 86 27 plenum
386 369 117 27 bordlägga
519 369 37 21 det
571 376 29 14 nu
614 368 130 29 föredragna
762 369 153 21 betänkandet.

228 442 118 27 Föredrogs
363 443 41 21 och
418 443 115 21 bordlades
549 443 32 21 till
597 443 113 27 fredagens
727 444 87 26 plenum
830 444 154 20 sammansatta

159 471 55 27 Lag-
238 472 40 20 och
300 472 225 21 Ekonomiutskottets
547 472 159 22 betänkande
699 467 14 36 i
727 472 114 27 anledning
863 472 24 22 af
906 472 78 26 nådiga

158 500 168 26 propositionen,
336 500 111 27 angående
464 507 26 15 en
505 500 124 27 förordning
645 508 34 15 om
694 504 78 24 vägars
788 501 40 21 och
844 501 74 21 broars
932 501 51 27 byg-

159 529 71 26 gande
245 528 41 22 och
301 529 113 21 underhåll
428 530 29 26 på
471 530 80 21 landet.

228 598 41 21 Till
284 598 130 27 behandling
428 598 112 28 föredrogs
555 599 54 21 härå
623 599 168 27 Lagutskottets
814 598 32 22 till
865 598 60 22 detta
938 598 44 27 ple-

157 633 51 14 num
222 626 120 28 bordlagda
356 628 136 21 betänkande
506 628 41 21 N:o
564 628 174 26 11,ianledning
753 626 23 22 af
788 627 80 27 nådiga
883 628 97 26 proposi-

159 656 80 25 tionen,
256 656 109 26 angående
381 656 80 27 förslag
475 656 33 21 till
524 656 263 27 dissenterförordningar.

227 684 56 21 Herr
297 684 117 27 Palmén,
435 686 70 25 Ernst,
523 685 68 21 utbad
606 686 32 26 sig
658 686 63 20 ordet
741 685 40 21 och
801 685 95 27 yttrade:
926 685 56 22 Utan

160 714 32 20 att
207 713 28 27 på
250 714 65 26 något
330 715 45 19 sätt
390 714 48 27 vilja
455 714 90 26 kringgå
560 714 171 27 Ridderskapets
752 714 40 21 och
811 714 80 21 Adelns
911 714 71 21 beslut

158 743 34 19 att
207 742 32 20 till
254 742 7 20 i
277 742 40 27 dag
338 742 119 27 bordlägga
479 742 60 22 detta
561 743 144 26 betänkande,
724 742 39 22 ber
775 742 37 27 jag
827 742 21 21 få
863 742 73 22 anföra
951 744 32 20 ett

160 770 47 21 skäl
222 770 33 22 för
270 770 50 22 dess
335 771 124 27 ytterligare
479 771 156 27 bordläggning
657 772 33 20 till
714 771 41 21 den
777 771 57 21 kraft
849 771 40 21 och
903 772 78 20 verkan

159 799 37 21 det
212 805 82 15 samma
308 800 34 20 må
358 806 63 15 anses
436 799 69 22 hafva.
537 800 75 21 Såsom
631 800 68 21 kändt
719 801 25 19 är
765 799 65 22 hafva
851 799 130 23 förhandlin-

158 834 66 20 garne
238 828 37 21 vid
290 828 37 22 det
341 828 132 27 kyrkomöte,
489 828 88 22 hvarvid
593 829 60 21 detta
668 828 117 27 lagförslag
803 828 68 22 blifvit
886 829 94 21 behand-

157 856 52 26 ladt,
225 863 88 15 numera
328 856 70 22 blifvit
413 857 155 27 färdigtryckta
585 858 39 20 och
642 857 116 27 anledning
768 856 68 22 finnes
848 859 33 19 att
891 857 88 26 förutse,

158 887 33 19 att
206 885 6 21 i
229 886 41 26 dag
281 886 108 26 exemplar
397 886 22 20 af
428 886 63 21 dessa
501 886 108 26 protokoll
621 886 61 21 skola
693 886 48 20 från
754 886 185 27 tryckningsorten
949 886 32 21 hit

156 914 115 22 inkomma.
301 915 33 21 Då
350 915 37 21 det
402 917 24 19 är
441 915 110 26 antagligt,
568 916 33 20 att
619 915 78 27 många
714 914 22 21 af
749 914 98 22 ståndets
863 914 118 22 ledamöter

156 944 51 26 vilja
223 945 50 24 taga
288 945 98 19 närmare
401 944 56 20 notis
473 950 34 14 om
522 943 148 27 kyrkomötets
687 943 154 26 diskussioner,
859 945 26 19 än
901 950 45 14 som
957 946 23 18 är

156 972 84 27 möjligt
255 971 22 22 af
292 972 25 21 de
332 971 81 22 referat
427 972 7 20 i
449 972 141 26 tidningarna,
605 972 73 21 hvilka
690 972 91 20 kommit
797 971 32 21 till
847 971 132 27 offentlighe-

156 1002 44 24 ten,
223 1000 81 21 tillåter
324 1001 38 26 jag
384 1001 43 26 mig
449 1000 110 21 vördsamt
581 1000 121 26 hemställa,
724 1000 105 21 huruvida
848 1000 48 21 icke
912 1001 68 20 denna

156 1029 160 26 omständighet
330 1029 72 21 kunde
416 1035 63 15 anses
494 1029 87 26 påkalla
596 1035 26 15 en
637 1029 127 27 ytterligare
779 1029 162 27 bordläggning.

225 1058 55 21 Herr
296 1057 165 28 Godenhjelm
476 1057 101 22 förenade
593 1058 33 27 sig
640 1058 8 21 i
663 1057 187 27 framställningen
867 1064 35 15 om
917 1058 62 21 bord-

155 1086 109 27 läggning.

223 1115 57 21 Herr
295 1115 152 26 Schauman,
466 1115 25 20 B.
512 1114 35 22 O.:
577 1114 41 27 Jag
637 1115 71 20 skulle
723 1114 33 21 för
771 1115 43 20 min
831 1114 34 21 del
881 1121 50 15 anse
947 1117 32 19 att

154 1143 37 21 det
213 1144 55 26 skäl,
292 1150 44 15 som
359 1144 50 20 herr
429 1142 88 22 Palmén
539 1143 76 26 anfört,
634 1143 69 22 borde
723 1149 51 15 vara
794 1143 23 21 af
833 1143 46 27 vigt
897 1143 32 22 för
948 1145 31 20 ett

153 1172 109 27 grundligt
278 1172 154 21 diskuterande
447 1171 22 22 af
483 1172 70 21 denna
567 1171 67 27 fråga,
650 1172 41 21 och
707 1171 33 22 får
752 1172 38 27 jag
806 1171 84 22 derföre
901 1172 77 21 under-

153 1201 71 26 stödja
240 1207 26 14 en
281 1201 125 27 ytterligare
420 1200 161 27 bordläggning,
593 1207 48 14 men
652 1200 7 21 i
670 1200 79 21 sådant
759 1200 36 21 fall
806 1201 28 26 på
847 1201 48 20 litet
905 1201 72 26 längre

152 1229 38 25 tid,
211 1229 57 22 helst
287 1229 32 21 till
340 1229 54 22 sista
414 1229 86 26 plenum
520 1229 7 20 i
547 1229 69 21 denna
636 1229 53 21 eller
704 1228 69 22 första
788 1229 108 26 plenum
885 1224 14 35 i
916 1231 62 19 nästa

152 1257 74 22 vecka.

221 1286 72 21 Sedan
314 1286 51 21 herr
387 1285 207 22 Landtmarskalken
617 1285 81 22 erinrat
719 1291 41 21 om,
779 1287 33 20 att
826 1285 51 22 herr
891 1286 86 21 Palmén

150 1314 48 21 icke
214 1315 63 26 yrkat
292 1315 28 26 på
334 1314 156 27 bordläggning
505 1314 41 21 och
562 1313 84 22 derföre
661 1313 106 28 tillfrågat
784 1314 51 21 herr
850 1314 125 27 Schauman,

150 1342 106 23 huruvida
271 1343 43 21 han
329 1342 105 22 definitivt
449 1342 95 22 önskade
559 1342 86 27 frågans
661 1343 164 26 bordläggning,
839 1343 85 27 yttrade

219 1373 56 20 Herr
292 1371 152 26 Schauman,
462 1371 36 21 det
512 1371 43 21 han
565 1371 67 27 ansåg
643 1373 33 19 att
687 1377 27 15 en
724 1371 156 22 förberedande
892 1371 83 22 diskus-

150 1399 46 22 sion
206 1401 101 26 möjligen
322 1401 72 20 kunde
410 1406 40 20 ega
465 1406 46 15 rum
526 1399 36 22 vid
578 1400 60 21 detta
653 1400 95 27 plenum,
765 1406 48 15 men
821 1401 39 25 att,
872 1401 66 20 sedan
950 1400 25 21 de

148 1429 140 21 medlemmar
304 1428 22 22 af
339 1429 94 26 ståndet,
450 1434 45 15 som
511 1428 36 21 det
563 1428 102 27 önskade,
682 1428 42 21 fått
742 1429 70 20 uttala
827 1429 46 20 sina
889 1428 85 27 åsigter,

147 1456 76 26 frågan
243 1458 67 20 borde
329 1457 7 20 i
357 1457 102 21 afseende
479 1457 12 20 å
512 1456 116 27 afgörande
644 1457 41 21 och
702 1457 123 21 diskussion
844 1457 130 27 paragrafvis

147 1484 130 28 bordläggas
294 1485 33 21 till
343 1487 65 19 annat
423 1485 92 27 plenum.

216 1514 56 20 Herr
292 1513 169 27 Godenhjelm
481 1514 52 20 sade
554 1513 33 27 sig
606 1513 64 22 hafva
687 1513 109 27 uppfattat
811 1513 50 22 herr
875 1514 98 22 Palméns

144 1542 100 26 yttrande
261 1543 71 21 såsom
348 1542 147 22 innefattande
511 1548 26 16 en
549 1541 94 25 definitiv
653 1542 103 22 anhållan
767 1548 34 16 om
811 1542 161 28 bordläggning,
