<?xml version="1.0" encoding="UTF-8"?>
<alto xmlns="http://www.loc.gov/standards/alto/ns-v3#" xmlns:xlink="http://www.w3.org/1999/xlink" xmlns:xsi="http://www.w3.org/2001/XMLSchema-instance" xsi:schemaLocation="http://www.loc.gov/standards/alto/ns-v3# http://www.loc.gov/alto/v3/alto-3-0.xsd">
	<Description>
		<MeasurementUnit>pixel</MeasurementUnit>
		<sourceImageInformation>
			<fileName>/tmp/tess_8t30yfvv_input.PNG</fileName>
		</sourceImageInformation>
		<OCRProcessing ID="OCR_0">
			<ocrProcessingStep>
				<processingSoftware>
					<softwareName>tesseract 5.3.4</softwareName>
				</processingSoftware>
			</ocrProcessingStep>
		</OCRProcessing>
	</Description>
	<Layout>
		<Page WIDTH="1070" HEIGHT="1739" PHYSICAL_IMG_NR="0" ID="page_0">
			<PrintSpace HPOS="0" VPOS="0" WIDTH="1070" HEIGHT="1739">
				<GraphicalElement ID="cblock_0" HPOS="13" VPOS="591" WIDTH="1" HEIGHT="377"></GraphicalElement >
				<ComposedBlock ID="cblock_1" HPOS="388" VPOS="125" WIDTH="480" HEIGHT="22">
					<TextBlock ID="block_0" HPOS="388" VPOS="125" WIDTH="480" HEIGHT="22">
						<TextLine ID="line_0" HPOS="388" VPOS="125" WIDTH="480" HEIGHT="22">
							<String ID="string_0" HPOS="388" VPOS="128" WIDTH="39" HEIGHT="17" WC="0.96" CONTENT="Den"/><SP WIDTH="19" VPOS="128" HPOS="427"/>
							<String ID="string_1" HPOS="446" VPOS="125" WIDTH="24" HEIGHT="20" WC="0.96" CONTENT="15"/><SP WIDTH="15" VPOS="125" HPOS="470"/>
							<String ID="string_2" HPOS="485" VPOS="127" WIDTH="109" HEIGHT="19" WC="0.96" CONTENT="November."/><SP WIDTH="234" VPOS="127" HPOS="594"/>
							<String ID="string_3" HPOS="828" VPOS="126" WIDTH="40" HEIGHT="21" WC="0.96" CONTENT="641"/>
						</TextLine>
					</TextBlock>
				</ComposedBlock>
				<ComposedBlock ID="cblock_2" HPOS="72" VPOS="189" WIDTH="827" HEIGHT="1059">
					<TextBlock ID="block_1" HPOS="73" VPOS="189" WIDTH="825" HEIGHT="86">
						<TextLine ID="line_1" HPOS="73" VPOS="189" WIDTH="825" HEIGHT="29">
							<String ID="string_4" HPOS="73" VPOS="189" WIDTH="114" HEIGHT="27" WC="0.96" CONTENT="utskottet,"/><SP WIDTH="16" VPOS="189" HPOS="187"/>
							<String ID="string_5" HPOS="203" VPOS="189" WIDTH="39" HEIGHT="22" WC="0.93" CONTENT="hos"/><SP WIDTH="16" VPOS="189" HPOS="242"/>
							<String ID="string_6" HPOS="258" VPOS="189" WIDTH="115" HEIGHT="27" WC="0.91" CONTENT="höglofliga"/><SP WIDTH="19" VPOS="189" HPOS="373"/>
							<String ID="string_7" HPOS="392" VPOS="190" WIDTH="88" HEIGHT="22" WC="0.93" CONTENT="ståndet"/><SP WIDTH="18" VPOS="190" HPOS="480"/>
							<String ID="string_8" HPOS="498" VPOS="190" WIDTH="121" HEIGHT="27" WC="0.92" CONTENT="hemställa,"/><SP WIDTH="18" VPOS="190" HPOS="619"/>
							<String ID="string_9" HPOS="637" VPOS="190" WIDTH="107" HEIGHT="22" WC="0.95" CONTENT="huruvida"/><SP WIDTH="17" VPOS="190" HPOS="744"/>
							<String ID="string_10" HPOS="761" VPOS="189" WIDTH="74" HEIGHT="29" WC="0.96" CONTENT="frågan"/><SP WIDTH="14" VPOS="189" HPOS="835"/>
							<String ID="string_11" HPOS="849" VPOS="191" WIDTH="49" HEIGHT="22" WC="0.96" CONTENT="icke"/>
						</TextLine>
						<TextLine ID="line_2" HPOS="73" VPOS="218" WIDTH="825" HEIGHT="27">
							<String ID="string_12" HPOS="73" VPOS="219" WIDTH="67" HEIGHT="21" WC="0.96" CONTENT="borde"/><SP WIDTH="15" VPOS="219" HPOS="140"/>
							<String ID="string_13" HPOS="155" VPOS="218" WIDTH="118" HEIGHT="22" WC="0.96" CONTENT="behandlas"/><SP WIDTH="15" VPOS="218" HPOS="273"/>
							<String ID="string_14" HPOS="288" VPOS="218" WIDTH="8" HEIGHT="21" WC="0.96" CONTENT="i"/><SP WIDTH="15" VPOS="218" HPOS="296"/>
							<String ID="string_15" HPOS="311" VPOS="221" WIDTH="155" HEIGHT="20" WC="0.93" CONTENT="sammansatta"/><SP WIDTH="21" VPOS="221" HPOS="466"/>
							<String ID="string_16" HPOS="487" VPOS="219" WIDTH="70" HEIGHT="22" WC="0.90" CONTENT="Stats-"/><SP WIDTH="20" VPOS="219" HPOS="557"/>
							<String ID="string_17" HPOS="577" VPOS="219" WIDTH="40" HEIGHT="22" WC="0.91" CONTENT="och"/><SP WIDTH="18" VPOS="219" HPOS="617"/>
							<String ID="string_18" HPOS="635" VPOS="219" WIDTH="176" HEIGHT="26" WC="0.91" CONTENT="Bankutskottet,"/><SP WIDTH="16" VPOS="219" HPOS="811"/>
							<String ID="string_19" HPOS="827" VPOS="220" WIDTH="28" HEIGHT="21" WC="0.96" CONTENT="då"/><SP WIDTH="15" VPOS="220" HPOS="855"/>
							<String ID="string_20" HPOS="870" VPOS="226" WIDTH="28" HEIGHT="15" WC="0.96" CONTENT="nu"/>
						</TextLine>
						<TextLine ID="line_3" HPOS="74" VPOS="247" WIDTH="455" HEIGHT="28">
							<String ID="string_21" HPOS="74" VPOS="247" WIDTH="83" HEIGHT="28" WC="0.96" CONTENT="engång"/><SP WIDTH="15" VPOS="247" HPOS="157"/>
							<String ID="string_22" HPOS="172" VPOS="248" WIDTH="156" HEIGHT="21" WC="0.96" CONTENT="sammansatta"/><SP WIDTH="14" VPOS="248" HPOS="328"/>
							<String ID="string_23" HPOS="342" VPOS="248" WIDTH="86" HEIGHT="21" WC="0.95" CONTENT="utskott"/><SP WIDTH="14" VPOS="248" HPOS="428"/>
							<String ID="string_24" HPOS="442" VPOS="248" WIDTH="87" HEIGHT="21" WC="0.96" CONTENT="bildats."/>
						</TextLine>
					</TextBlock>
					<TextBlock ID="block_2" HPOS="73" VPOS="276" WIDTH="826" HEIGHT="253">
						<TextLine ID="line_4" HPOS="141" VPOS="276" WIDTH="757" HEIGHT="28">
							<String ID="string_25" HPOS="141" VPOS="277" WIDTH="98" HEIGHT="21" WC="0.96" CONTENT="Friherre"/><SP WIDTH="15" VPOS="277" HPOS="239"/>
							<String ID="string_26" HPOS="254" VPOS="282" WIDTH="42" HEIGHT="15" WC="0.96" CONTENT="von"/><SP WIDTH="14" VPOS="282" HPOS="296"/>
							<String ID="string_27" HPOS="310" VPOS="276" WIDTH="84" HEIGHT="27" WC="0.92" CONTENT="Troil,"/><SP WIDTH="25" VPOS="276" HPOS="394"/>
							<String ID="string_28" HPOS="419" VPOS="277" WIDTH="21" HEIGHT="20" WC="0.89" CONTENT="S."/><SP WIDTH="24" VPOS="277" HPOS="440"/>
							<String ID="string_29" HPOS="464" VPOS="277" WIDTH="45" HEIGHT="21" WC="0.89" CONTENT="W.:"/><SP WIDTH="30" VPOS="277" HPOS="509"/>
							<String ID="string_30" HPOS="539" VPOS="277" WIDTH="42" HEIGHT="26" WC="0.96" CONTENT="Jag"/><SP WIDTH="17" VPOS="277" HPOS="581"/>
							<String ID="string_31" HPOS="598" VPOS="277" WIDTH="43" HEIGHT="21" WC="0.96" CONTENT="kan"/><SP WIDTH="15" VPOS="277" HPOS="641"/>
							<String ID="string_32" HPOS="656" VPOS="276" WIDTH="126" HEIGHT="28" WC="0.96" CONTENT="visserligen"/><SP WIDTH="15" VPOS="276" HPOS="782"/>
							<String ID="string_33" HPOS="797" VPOS="276" WIDTH="47" HEIGHT="22" WC="0.92" CONTENT="icke"/><SP WIDTH="15" VPOS="276" HPOS="844"/>
							<String ID="string_34" HPOS="859" VPOS="283" WIDTH="39" HEIGHT="15" WC="0.92" CONTENT="un-"/>
						</TextLine>
						<TextLine ID="line_5" HPOS="75" VPOS="305" WIDTH="823" HEIGHT="27">
							<String ID="string_35" HPOS="75" VPOS="305" WIDTH="109" HEIGHT="22" WC="0.91" CONTENT="derkänna"/><SP WIDTH="16" VPOS="305" HPOS="184"/>
							<String ID="string_36" HPOS="200" VPOS="305" WIDTH="26" HEIGHT="22" WC="0.96" CONTENT="de"/><SP WIDTH="16" VPOS="305" HPOS="226"/>
							<String ID="string_37" HPOS="242" VPOS="305" WIDTH="47" HEIGHT="21" WC="0.96" CONTENT="skäl"/><SP WIDTH="15" VPOS="305" HPOS="289"/>
							<String ID="string_38" HPOS="304" VPOS="311" WIDTH="46" HEIGHT="15" WC="0.96" CONTENT="som"/><SP WIDTH="15" VPOS="311" HPOS="350"/>
							<String ID="string_39" HPOS="365" VPOS="305" WIDTH="41" HEIGHT="22" WC="0.96" CONTENT="den"/><SP WIDTH="15" VPOS="305" HPOS="406"/>
							<String ID="string_40" HPOS="421" VPOS="305" WIDTH="130" HEIGHT="27" WC="0.96" CONTENT="föregående"/><SP WIDTH="16" VPOS="305" HPOS="551"/>
							<String ID="string_41" HPOS="567" VPOS="306" WIDTH="83" HEIGHT="21" WC="0.96" CONTENT="talaren"/><SP WIDTH="14" VPOS="306" HPOS="650"/>
							<String ID="string_42" HPOS="664" VPOS="305" WIDTH="133" HEIGHT="22" WC="0.96" CONTENT="framställde"/><SP WIDTH="9" VPOS="305" HPOS="797"/>
							<String ID="string_43" HPOS="806" VPOS="305" WIDTH="92" HEIGHT="22" WC="0.96" CONTENT="rörande"/>
						</TextLine>
						<TextLine ID="line_6" HPOS="73" VPOS="333" WIDTH="826" HEIGHT="28">
							<String ID="string_44" HPOS="73" VPOS="333" WIDTH="70" HEIGHT="22" WC="0.96" CONTENT="denna"/><SP WIDTH="14" VPOS="333" HPOS="143"/>
							<String ID="string_45" HPOS="157" VPOS="334" WIDTH="79" HEIGHT="27" WC="0.93" CONTENT="nådiga"/><SP WIDTH="14" VPOS="334" HPOS="236"/>
							<String ID="string_46" HPOS="250" VPOS="334" WIDTH="145" HEIGHT="27" WC="0.92" CONTENT="propositions"/><SP WIDTH="20" VPOS="334" HPOS="395"/>
							<String ID="string_47" HPOS="415" VPOS="334" WIDTH="131" HEIGHT="27" WC="0.96" CONTENT="behandling"/><SP WIDTH="25" VPOS="334" HPOS="546"/>
							<String ID="string_48" HPOS="571" VPOS="335" WIDTH="8" HEIGHT="20" WC="0.96" CONTENT="i"/><SP WIDTH="24" VPOS="335" HPOS="579"/>
							<String ID="string_49" HPOS="603" VPOS="336" WIDTH="141" HEIGHT="20" WC="0.93" CONTENT="sammansatt"/><SP WIDTH="21" VPOS="336" HPOS="744"/>
							<String ID="string_50" HPOS="765" VPOS="334" WIDTH="70" HEIGHT="22" WC="0.92" CONTENT="Stats-"/><SP WIDTH="24" VPOS="334" HPOS="835"/>
							<String ID="string_51" HPOS="859" VPOS="334" WIDTH="40" HEIGHT="21" WC="0.96" CONTENT="och"/>
						</TextLine>
						<TextLine ID="line_7" HPOS="73" VPOS="363" WIDTH="825" HEIGHT="26">
							<String ID="string_52" HPOS="73" VPOS="363" WIDTH="154" HEIGHT="26" WC="0.92" CONTENT="Bankutskott,"/><SP WIDTH="15" VPOS="363" HPOS="227"/>
							<String ID="string_53" HPOS="242" VPOS="368" WIDTH="49" HEIGHT="15" WC="0.96" CONTENT="men"/><SP WIDTH="16" VPOS="368" HPOS="291"/>
							<String ID="string_54" HPOS="307" VPOS="363" WIDTH="26" HEIGHT="21" WC="0.93" CONTENT="då"/><SP WIDTH="15" VPOS="363" HPOS="333"/>
							<String ID="string_55" HPOS="348" VPOS="363" WIDTH="171" HEIGHT="22" WC="0.92" CONTENT="Bankutskottet"/><SP WIDTH="18" VPOS="363" HPOS="519"/>
							<String ID="string_56" HPOS="537" VPOS="363" WIDTH="67" HEIGHT="22" WC="0.96" CONTENT="redan"/><SP WIDTH="15" VPOS="363" HPOS="604"/>
							<String ID="string_57" HPOS="619" VPOS="363" WIDTH="40" HEIGHT="22" WC="0.96" CONTENT="har"/><SP WIDTH="22" VPOS="363" HPOS="659"/>
							<String ID="string_58" HPOS="681" VPOS="363" WIDTH="33" HEIGHT="21" WC="0.96" CONTENT="till"/><SP WIDTH="22" VPOS="363" HPOS="714"/>
							<String ID="string_59" HPOS="736" VPOS="363" WIDTH="116" HEIGHT="22" WC="0.93" CONTENT="ständerna"/><SP WIDTH="14" VPOS="363" HPOS="852"/>
							<String ID="string_60" HPOS="866" VPOS="363" WIDTH="32" HEIGHT="21" WC="0.92" CONTENT="in-"/>
						</TextLine>
						<TextLine ID="line_8" HPOS="73" VPOS="390" WIDTH="826" HEIGHT="29">
							<String ID="string_61" HPOS="73" VPOS="391" WIDTH="88" HEIGHT="22" WC="0.96" CONTENT="kommit"/><SP WIDTH="14" VPOS="391" HPOS="161"/>
							<String ID="string_62" HPOS="175" VPOS="391" WIDTH="51" HEIGHT="22" WC="0.95" CONTENT="med"/><SP WIDTH="22" VPOS="391" HPOS="226"/>
							<String ID="string_63" HPOS="248" VPOS="390" WIDTH="124" HEIGHT="28" WC="0.95" CONTENT="fullständig"/><SP WIDTH="22" VPOS="390" HPOS="372"/>
							<String ID="string_64" HPOS="394" VPOS="391" WIDTH="115" HEIGHT="28" WC="0.96" CONTENT="utredning"/><SP WIDTH="23" VPOS="391" HPOS="509"/>
							<String ID="string_65" HPOS="532" VPOS="393" WIDTH="92" HEIGHT="20" WC="0.96" CONTENT="rörande"/><SP WIDTH="22" VPOS="393" HPOS="624"/>
							<String ID="string_66" HPOS="646" VPOS="392" WIDTH="101" HEIGHT="21" WC="0.96" CONTENT="Finlands"/><SP WIDTH="15" VPOS="392" HPOS="747"/>
							<String ID="string_67" HPOS="762" VPOS="392" WIDTH="63" HEIGHT="27" WC="0.96" CONTENT="bank,"/><SP WIDTH="17" VPOS="392" HPOS="825"/>
							<String ID="string_68" HPOS="842" VPOS="393" WIDTH="57" HEIGHT="20" WC="0.96" CONTENT="samt"/>
						</TextLine>
						<TextLine ID="line_9" HPOS="73" VPOS="419" WIDTH="826" HEIGHT="29">
							<String ID="string_69" HPOS="73" VPOS="427" WIDTH="27" HEIGHT="14" WC="0.97" CONTENT="en"/><SP WIDTH="15" VPOS="427" HPOS="100"/>
							<String ID="string_70" HPOS="115" VPOS="420" WIDTH="192" HEIGHT="27" WC="0.96" CONTENT="sammansättning"/><SP WIDTH="15" VPOS="420" HPOS="307"/>
							<String ID="string_71" HPOS="322" VPOS="419" WIDTH="23" HEIGHT="22" WC="0.96" CONTENT="af"/><SP WIDTH="13" VPOS="419" HPOS="345"/>
							<String ID="string_72" HPOS="358" VPOS="420" WIDTH="86" HEIGHT="21" WC="0.96" CONTENT="utskott"/><SP WIDTH="15" VPOS="420" HPOS="444"/>
							<String ID="string_73" HPOS="459" VPOS="420" WIDTH="62" HEIGHT="22" WC="0.96" CONTENT="alltid"/><SP WIDTH="16" VPOS="420" HPOS="521"/>
							<String ID="string_74" HPOS="537" VPOS="421" WIDTH="97" HEIGHT="21" WC="0.96" CONTENT="kommer"/><SP WIDTH="14" VPOS="421" HPOS="634"/>
							<String ID="string_75" HPOS="648" VPOS="422" WIDTH="33" HEIGHT="20" WC="0.96" CONTENT="att"/><SP WIDTH="15" VPOS="422" HPOS="681"/>
							<String ID="string_76" HPOS="696" VPOS="422" WIDTH="52" HEIGHT="26" WC="0.95" CONTENT="taga"/><SP WIDTH="14" VPOS="422" HPOS="748"/>
							<String ID="string_77" HPOS="762" VPOS="421" WIDTH="74" HEIGHT="27" WC="0.96" CONTENT="längre"/><SP WIDTH="15" VPOS="421" HPOS="836"/>
							<String ID="string_78" HPOS="851" VPOS="420" WIDTH="48" HEIGHT="21" WC="0.96" CONTENT="tidi"/>
						</TextLine>
						<TextLine ID="line_10" HPOS="73" VPOS="448" WIDTH="825" HEIGHT="28">
							<String ID="string_79" HPOS="73" VPOS="450" WIDTH="99" HEIGHT="26" WC="0.95" CONTENT="anspråk,"/><SP WIDTH="17" VPOS="450" HPOS="172"/>
							<String ID="string_80" HPOS="189" VPOS="449" WIDTH="41" HEIGHT="21" WC="0.96" CONTENT="och"/><SP WIDTH="14" VPOS="449" HPOS="230"/>
							<String ID="string_81" HPOS="244" VPOS="448" WIDTH="8" HEIGHT="21" WC="0.96" CONTENT="i"/><SP WIDTH="15" VPOS="448" HPOS="252"/>
							<String ID="string_82" HPOS="267" VPOS="448" WIDTH="63" HEIGHT="28" WC="0.96" CONTENT="öfrigt"/><SP WIDTH="22" VPOS="448" HPOS="330"/>
							<String ID="string_83" HPOS="352" VPOS="448" WIDTH="82" HEIGHT="22" WC="0.93" CONTENT="medför"/><SP WIDTH="22" VPOS="448" HPOS="434"/>
							<String ID="string_84" HPOS="456" VPOS="448" WIDTH="104" HEIGHT="23" WC="0.93" CONTENT="förökade"/><SP WIDTH="23" VPOS="448" HPOS="560"/>
							<String ID="string_85" HPOS="583" VPOS="450" WIDTH="119" HEIGHT="21" WC="0.95" CONTENT="kostnader"/><SP WIDTH="20" VPOS="450" HPOS="702"/>
							<String ID="string_86" HPOS="722" VPOS="456" WIDTH="75" HEIGHT="20" WC="0.96" CONTENT="genom"/><SP WIDTH="22" VPOS="456" HPOS="797"/>
							<String ID="string_87" HPOS="819" VPOS="449" WIDTH="79" HEIGHT="22" WC="0.96" CONTENT="arvode"/>
						</TextLine>
						<TextLine ID="line_11" HPOS="73" VPOS="477" WIDTH="825" HEIGHT="29">
							<String ID="string_88" HPOS="73" VPOS="477" WIDTH="33" HEIGHT="22" WC="0.93" CONTENT="för"/><SP WIDTH="15" VPOS="477" HPOS="106"/>
							<String ID="string_89" HPOS="121" VPOS="479" WIDTH="163" HEIGHT="21" WC="0.91" CONTENT="sekreterarene"/><SP WIDTH="15" VPOS="479" HPOS="284"/>
							<String ID="string_90" HPOS="299" VPOS="484" WIDTH="25" HEIGHT="14" WC="0.91" CONTENT="m."/><SP WIDTH="17" VPOS="484" HPOS="324"/>
							<String ID="string_91" HPOS="341" VPOS="484" WIDTH="34" HEIGHT="20" WC="0.92" CONTENT="m.,"/><SP WIDTH="10" VPOS="484" HPOS="375"/>
							<String ID="string_92" HPOS="385" VPOS="479" WIDTH="62" HEIGHT="25" WC="0.96" CONTENT="tager"/><SP WIDTH="12" VPOS="479" HPOS="447"/>
							<String ID="string_93" HPOS="459" VPOS="478" WIDTH="38" HEIGHT="27" WC="0.96" CONTENT="jag"/><SP WIDTH="16" VPOS="478" HPOS="497"/>
							<String ID="string_94" HPOS="513" VPOS="478" WIDTH="43" HEIGHT="27" WC="0.96" CONTENT="mig"/><SP WIDTH="15" VPOS="478" HPOS="556"/>
							<String ID="string_95" HPOS="571" VPOS="478" WIDTH="92" HEIGHT="22" WC="0.96" CONTENT="friheten"/><SP WIDTH="7" VPOS="478" HPOS="663"/>
							<String ID="string_96" HPOS="670" VPOS="478" WIDTH="81" HEIGHT="22" WC="0.96" CONTENT="föreslå"/><SP WIDTH="10" VPOS="478" HPOS="751"/>
							<String ID="string_97" HPOS="761" VPOS="480" WIDTH="32" HEIGHT="20" WC="0.93" CONTENT="att"/><SP WIDTH="7" VPOS="480" HPOS="793"/>
							<String ID="string_98" HPOS="800" VPOS="478" WIDTH="98" HEIGHT="28" WC="0.91" CONTENT="proposi-"/>
						</TextLine>
						<TextLine ID="line_12" HPOS="73" VPOS="506" WIDTH="515" HEIGHT="23">
							<String ID="string_99" HPOS="73" VPOS="506" WIDTH="73" HEIGHT="23" WC="0.96" CONTENT="tionen"/><SP WIDTH="14" VPOS="506" HPOS="146"/>
							<String ID="string_100" HPOS="160" VPOS="506" WIDTH="123" HEIGHT="22" WC="0.96" CONTENT="remitteras"/><SP WIDTH="15" VPOS="506" HPOS="283"/>
							<String ID="string_101" HPOS="298" VPOS="506" WIDTH="32" HEIGHT="21" WC="0.96" CONTENT="till"/><SP WIDTH="16" VPOS="506" HPOS="330"/>
							<String ID="string_102" HPOS="346" VPOS="506" WIDTH="73" HEIGHT="22" WC="0.91" CONTENT="enkelt"/><SP WIDTH="15" VPOS="506" HPOS="419"/>
							<String ID="string_103" HPOS="434" VPOS="506" WIDTH="154" HEIGHT="22" WC="0.88" CONTENT="Statsutskott."/>
						</TextLine>
					</TextBlock>
					<TextBlock ID="block_3" HPOS="73" VPOS="534" WIDTH="825" HEIGHT="58">
						<TextLine ID="line_13" HPOS="141" VPOS="534" WIDTH="757" HEIGHT="28">
							<String ID="string_104" HPOS="141" VPOS="536" WIDTH="56" HEIGHT="21" WC="0.96" CONTENT="Herr"/><SP WIDTH="22" VPOS="536" HPOS="197"/>
							<String ID="string_105" HPOS="219" VPOS="535" WIDTH="87" HEIGHT="22" WC="0.95" CONTENT="Taube"/><SP WIDTH="21" VPOS="535" HPOS="306"/>
							<String ID="string_106" HPOS="327" VPOS="534" WIDTH="102" HEIGHT="22" WC="0.95" CONTENT="förenade"/><SP WIDTH="23" VPOS="534" HPOS="429"/>
							<String ID="string_107" HPOS="452" VPOS="536" WIDTH="33" HEIGHT="26" WC="0.96" CONTENT="sig"/><SP WIDTH="19" VPOS="536" HPOS="485"/>
							<String ID="string_108" HPOS="504" VPOS="536" WIDTH="49" HEIGHT="21" WC="0.96" CONTENT="med"/><SP WIDTH="15" VPOS="536" HPOS="553"/>
							<String ID="string_109" HPOS="568" VPOS="536" WIDTH="90" HEIGHT="22" WC="0.76" CONTENT="friherre"/><SP WIDTH="14" VPOS="536" HPOS="658"/>
							<String ID="string_110" HPOS="672" VPOS="542" WIDTH="42" HEIGHT="15" WC="0.96" CONTENT="von"/><SP WIDTH="15" VPOS="542" HPOS="714"/>
							<String ID="string_111" HPOS="729" VPOS="536" WIDTH="58" HEIGHT="22" WC="0.96" CONTENT="Troil"/><SP WIDTH="20" VPOS="536" HPOS="787"/>
							<String ID="string_112" HPOS="807" VPOS="542" WIDTH="34" HEIGHT="16" WC="0.92" CONTENT="om"/><SP WIDTH="15" VPOS="542" HPOS="841"/>
							<String ID="string_113" HPOS="856" VPOS="535" WIDTH="42" HEIGHT="22" WC="0.92" CONTENT="frå-"/>
						</TextLine>
						<TextLine ID="line_14" HPOS="73" VPOS="564" WIDTH="412" HEIGHT="28">
							<String ID="string_114" HPOS="73" VPOS="570" WIDTH="52" HEIGHT="22" WC="0.91" CONTENT="gans"/><SP WIDTH="16" VPOS="570" HPOS="125"/>
							<String ID="string_115" HPOS="141" VPOS="564" WIDTH="131" HEIGHT="27" WC="0.96" CONTENT="behandling"/><SP WIDTH="14" VPOS="564" HPOS="272"/>
							<String ID="string_116" HPOS="286" VPOS="564" WIDTH="8" HEIGHT="21" WC="0.96" CONTENT="i"/><SP WIDTH="17" VPOS="564" HPOS="294"/>
							<String ID="string_117" HPOS="311" VPOS="564" WIDTH="174" HEIGHT="22" WC="0.96" CONTENT="Statsutskottet."/>
						</TextLine>
					</TextBlock>
					<TextBlock ID="block_4" HPOS="72" VPOS="592" WIDTH="827" HEIGHT="402">
						<TextLine ID="line_15" HPOS="141" VPOS="592" WIDTH="756" HEIGHT="28">
							<String ID="string_118" HPOS="141" VPOS="593" WIDTH="56" HEIGHT="21" WC="0.93" CONTENT="Herr"/><SP WIDTH="14" VPOS="593" HPOS="197"/>
							<String ID="string_119" HPOS="211" VPOS="592" WIDTH="197" HEIGHT="28" WC="0.92" CONTENT="Björkenheim,"/><SP WIDTH="17" VPOS="592" HPOS="408"/>
							<String ID="string_120" HPOS="425" VPOS="594" WIDTH="35" HEIGHT="20" WC="0.91" CONTENT="R.:"/><SP WIDTH="31" VPOS="594" HPOS="460"/>
							<String ID="string_121" HPOS="491" VPOS="594" WIDTH="11" HEIGHT="20" WC="0.95" CONTENT="I"/><SP WIDTH="14" VPOS="594" HPOS="502"/>
							<String ID="string_122" HPOS="516" VPOS="595" WIDTH="93" HEIGHT="20" WC="0.96" CONTENT="motsats"/><SP WIDTH="14" VPOS="595" HPOS="609"/>
							<String ID="string_123" HPOS="623" VPOS="595" WIDTH="46" HEIGHT="20" WC="0.96" CONTENT="mot"/><SP WIDTH="16" VPOS="595" HPOS="669"/>
							<String ID="string_124" HPOS="685" VPOS="594" WIDTH="27" HEIGHT="21" WC="0.96" CONTENT="de"/><SP WIDTH="11" VPOS="594" HPOS="712"/>
							<String ID="string_125" HPOS="723" VPOS="595" WIDTH="77" HEIGHT="21" WC="0.96" CONTENT="tvenne"/><SP WIDTH="11" VPOS="595" HPOS="800"/>
							<String ID="string_126" HPOS="811" VPOS="594" WIDTH="86" HEIGHT="21" WC="0.95" CONTENT="senaste"/>
						</TextLine>
						<TextLine ID="line_16" HPOS="73" VPOS="622" WIDTH="825" HEIGHT="28">
							<String ID="string_127" HPOS="73" VPOS="622" WIDTH="66" HEIGHT="21" WC="0.93" CONTENT="ärade"/><SP WIDTH="14" VPOS="622" HPOS="139"/>
							<String ID="string_128" HPOS="153" VPOS="622" WIDTH="97" HEIGHT="21" WC="0.91" CONTENT="talarene"/><SP WIDTH="14" VPOS="622" HPOS="250"/>
							<String ID="string_129" HPOS="264" VPOS="622" WIDTH="69" HEIGHT="27" WC="0.84" CONTENT="hyllar"/><SP WIDTH="13" VPOS="622" HPOS="333"/>
							<String ID="string_130" HPOS="346" VPOS="622" WIDTH="37" HEIGHT="27" WC="0.95" CONTENT="jag"/><SP WIDTH="15" VPOS="622" HPOS="383"/>
							<String ID="string_131" HPOS="398" VPOS="628" WIDTH="82" HEIGHT="15" WC="0.91" CONTENT="samma"/><SP WIDTH="17" VPOS="628" HPOS="480"/>
							<String ID="string_132" HPOS="497" VPOS="622" WIDTH="56" HEIGHT="27" WC="0.91" CONTENT="åsigt"/><SP WIDTH="16" VPOS="622" HPOS="553"/>
							<String ID="string_133" HPOS="569" VPOS="628" WIDTH="34" HEIGHT="16" WC="0.97" CONTENT="om"/><SP WIDTH="16" VPOS="628" HPOS="603"/>
							<String ID="string_134" HPOS="619" VPOS="623" WIDTH="41" HEIGHT="21" WC="0.93" CONTENT="den"/><SP WIDTH="10" VPOS="623" HPOS="660"/>
							<String ID="string_135" HPOS="670" VPOS="622" WIDTH="114" HEIGHT="28" WC="0.92" CONTENT="riktigaste"/><SP WIDTH="10" VPOS="622" HPOS="784"/>
							<String ID="string_136" HPOS="794" VPOS="622" WIDTH="104" HEIGHT="22" WC="0.96" CONTENT="remissen"/>
						</TextLine>
						<TextLine ID="line_17" HPOS="73" VPOS="650" WIDTH="826" HEIGHT="29">
							<String ID="string_137" HPOS="73" VPOS="650" WIDTH="7" HEIGHT="22" WC="0.96" CONTENT="i"/><SP WIDTH="15" VPOS="650" HPOS="80"/>
							<String ID="string_138" HPOS="95" VPOS="651" WIDTH="61" HEIGHT="21" WC="0.96" CONTENT="detta"/><SP WIDTH="14" VPOS="651" HPOS="156"/>
							<String ID="string_139" HPOS="170" VPOS="651" WIDTH="87" HEIGHT="25" WC="0.96" CONTENT="ärende,"/><SP WIDTH="16" VPOS="651" HPOS="257"/>
							<String ID="string_140" HPOS="273" VPOS="656" WIDTH="46" HEIGHT="16" WC="0.96" CONTENT="som"/><SP WIDTH="14" VPOS="656" HPOS="319"/>
							<String ID="string_141" HPOS="333" VPOS="650" WIDTH="50" HEIGHT="22" WC="0.95" CONTENT="herr"/><SP WIDTH="18" VPOS="650" HPOS="383"/>
							<String ID="string_142" HPOS="401" VPOS="651" WIDTH="150" HEIGHT="28" WC="0.95" CONTENT="Montgomery"/><SP WIDTH="16" VPOS="651" HPOS="551"/>
							<String ID="string_143" HPOS="567" VPOS="651" WIDTH="40" HEIGHT="22" WC="0.95" CONTENT="har"/><SP WIDTH="14" VPOS="651" HPOS="607"/>
							<String ID="string_144" HPOS="621" VPOS="652" WIDTH="85" HEIGHT="21" WC="0.96" CONTENT="uttalat."/><SP WIDTH="30" VPOS="652" HPOS="706"/>
							<String ID="string_145" HPOS="736" VPOS="652" WIDTH="83" HEIGHT="26" WC="0.96" CONTENT="Frågan"/><SP WIDTH="16" VPOS="652" HPOS="819"/>
							<String ID="string_146" HPOS="835" VPOS="651" WIDTH="64" HEIGHT="21" WC="0.96" CONTENT="berör"/>
						</TextLine>
						<TextLine ID="line_18" HPOS="73" VPOS="679" WIDTH="826" HEIGHT="28">
							<String ID="string_147" HPOS="73" VPOS="680" WIDTH="139" HEIGHT="26" WC="0.91" CONTENT="ovilkorligen"/><SP WIDTH="14" VPOS="680" HPOS="212"/>
							<String ID="string_148" HPOS="226" VPOS="679" WIDTH="100" HEIGHT="21" WC="0.96" CONTENT="Finlands"/><SP WIDTH="15" VPOS="679" HPOS="326"/>
							<String ID="string_149" HPOS="341" VPOS="679" WIDTH="63" HEIGHT="27" WC="0.96" CONTENT="bank,"/><SP WIDTH="16" VPOS="679" HPOS="404"/>
							<String ID="string_150" HPOS="420" VPOS="680" WIDTH="40" HEIGHT="21" WC="0.96" CONTENT="och"/><SP WIDTH="15" VPOS="680" HPOS="460"/>
							<String ID="string_151" HPOS="475" VPOS="680" WIDTH="74" HEIGHT="27" WC="0.96" CONTENT="hvarje"/><SP WIDTH="16" VPOS="680" HPOS="549"/>
							<String ID="string_152" HPOS="565" VPOS="680" WIDTH="80" HEIGHT="22" WC="0.96" CONTENT="ärende"/><SP WIDTH="15" VPOS="680" HPOS="645"/>
							<String ID="string_153" HPOS="660" VPOS="686" WIDTH="46" HEIGHT="16" WC="0.96" CONTENT="som"/><SP WIDTH="15" VPOS="686" HPOS="706"/>
							<String ID="string_154" HPOS="721" VPOS="680" WIDTH="48" HEIGHT="22" WC="0.96" CONTENT="utaf"/><SP WIDTH="14" VPOS="680" HPOS="769"/>
							<String ID="string_155" HPOS="783" VPOS="680" WIDTH="116" HEIGHT="21" WC="0.96" CONTENT="ständerna"/>
						</TextLine>
						<TextLine ID="line_19" HPOS="73" VPOS="708" WIDTH="826" HEIGHT="28">
							<String ID="string_156" HPOS="73" VPOS="708" WIDTH="55" HEIGHT="21" WC="0.93" CONTENT="skall"/><SP WIDTH="23" VPOS="708" HPOS="128"/>
							<String ID="string_157" HPOS="151" VPOS="708" WIDTH="85" HEIGHT="27" WC="0.92" CONTENT="afgöras"/><SP WIDTH="23" VPOS="708" HPOS="236"/>
							<String ID="string_158" HPOS="259" VPOS="708" WIDTH="41" HEIGHT="22" WC="0.96" CONTENT="och"/><SP WIDTH="21" VPOS="708" HPOS="300"/>
							<String ID="string_159" HPOS="321" VPOS="714" WIDTH="46" HEIGHT="16" WC="0.94" CONTENT="som"/><SP WIDTH="22" VPOS="714" HPOS="367"/>
							<String ID="string_160" HPOS="389" VPOS="708" WIDTH="64" HEIGHT="22" WC="0.95" CONTENT="berör"/><SP WIDTH="15" VPOS="708" HPOS="453"/>
							<String ID="string_161" HPOS="468" VPOS="709" WIDTH="71" HEIGHT="21" WC="0.96" CONTENT="denna"/><SP WIDTH="14" VPOS="709" HPOS="539"/>
							<String ID="string_162" HPOS="553" VPOS="709" WIDTH="129" HEIGHT="27" WC="0.96" CONTENT="institution,"/><SP WIDTH="16" VPOS="709" HPOS="682"/>
							<String ID="string_163" HPOS="698" VPOS="709" WIDTH="40" HEIGHT="21" WC="0.96" CONTENT="bör"/><SP WIDTH="14" VPOS="709" HPOS="738"/>
							<String ID="string_164" HPOS="752" VPOS="709" WIDTH="124" HEIGHT="22" WC="0.96" CONTENT="förberedas"/><SP WIDTH="16" VPOS="709" HPOS="876"/>
							<String ID="string_165" HPOS="892" VPOS="708" WIDTH="7" HEIGHT="21" WC="0.96" CONTENT="i"/>
						</TextLine>
						<TextLine ID="line_20" HPOS="73" VPOS="736" WIDTH="826" HEIGHT="29">
							<String ID="string_166" HPOS="73" VPOS="737" WIDTH="177" HEIGHT="21" WC="0.92" CONTENT="Bankutskottet."/><SP WIDTH="31" VPOS="737" HPOS="250"/>
							<String ID="string_167" HPOS="281" VPOS="736" WIDTH="34" HEIGHT="22" WC="0.95" CONTENT="Då"/><SP WIDTH="15" VPOS="736" HPOS="315"/>
							<String ID="string_168" HPOS="330" VPOS="737" WIDTH="37" HEIGHT="21" WC="0.96" CONTENT="det"/><SP WIDTH="15" VPOS="737" HPOS="367"/>
							<String ID="string_169" HPOS="382" VPOS="737" WIDTH="69" HEIGHT="21" WC="0.96" CONTENT="tillika"/><SP WIDTH="15" VPOS="737" HPOS="451"/>
							<String ID="string_170" HPOS="466" VPOS="740" WIDTH="25" HEIGHT="19" WC="0.96" CONTENT="är"/><SP WIDTH="14" VPOS="740" HPOS="491"/>
							<String ID="string_171" HPOS="505" VPOS="738" WIDTH="62" HEIGHT="26" WC="0.96" CONTENT="fråga"/><SP WIDTH="15" VPOS="738" HPOS="567"/>
							<String ID="string_172" HPOS="582" VPOS="744" WIDTH="34" HEIGHT="16" WC="0.96" CONTENT="om"/><SP WIDTH="16" VPOS="744" HPOS="616"/>
							<String ID="string_173" HPOS="632" VPOS="739" WIDTH="32" HEIGHT="21" WC="0.96" CONTENT="ett"/><SP WIDTH="15" VPOS="739" HPOS="664"/>
							<String ID="string_174" HPOS="679" VPOS="738" WIDTH="79" HEIGHT="27" WC="0.96" CONTENT="anslag,"/><SP WIDTH="20" VPOS="738" HPOS="758"/>
							<String ID="string_175" HPOS="778" VPOS="738" WIDTH="39" HEIGHT="22" WC="0.96" CONTENT="bör"/><SP WIDTH="16" VPOS="738" HPOS="817"/>
							<String ID="string_176" HPOS="833" VPOS="737" WIDTH="66" HEIGHT="22" WC="0.96" CONTENT="också"/>
						</TextLine>
						<TextLine ID="line_21" HPOS="73" VPOS="766" WIDTH="825" HEIGHT="28">
							<String ID="string_177" HPOS="73" VPOS="766" WIDTH="171" HEIGHT="21" WC="0.96" CONTENT="Statsutskottet"/><SP WIDTH="14" VPOS="766" HPOS="244"/>
							<String ID="string_178" HPOS="258" VPOS="766" WIDTH="70" HEIGHT="26" WC="0.96" CONTENT="höras,"/><SP WIDTH="18" VPOS="766" HPOS="328"/>
							<String ID="string_179" HPOS="346" VPOS="766" WIDTH="40" HEIGHT="21" WC="0.96" CONTENT="och"/><SP WIDTH="16" VPOS="766" HPOS="386"/>
							<String ID="string_180" HPOS="402" VPOS="766" WIDTH="71" HEIGHT="22" WC="0.96" CONTENT="derför"/><SP WIDTH="15" VPOS="766" HPOS="473"/>
							<String ID="string_181" HPOS="488" VPOS="766" WIDTH="44" HEIGHT="22" WC="0.96" CONTENT="kan"/><SP WIDTH="13" VPOS="766" HPOS="532"/>
							<String ID="string_182" HPOS="545" VPOS="767" WIDTH="37" HEIGHT="27" WC="0.96" CONTENT="jag"/><SP WIDTH="15" VPOS="767" HPOS="582"/>
							<String ID="string_183" HPOS="597" VPOS="767" WIDTH="48" HEIGHT="21" WC="0.96" CONTENT="icke"/><SP WIDTH="15" VPOS="767" HPOS="645"/>
							<String ID="string_184" HPOS="660" VPOS="766" WIDTH="58" HEIGHT="22" WC="0.96" CONTENT="finna"/><SP WIDTH="15" VPOS="766" HPOS="718"/>
							<String ID="string_185" HPOS="733" VPOS="768" WIDTH="32" HEIGHT="20" WC="0.96" CONTENT="att"/><SP WIDTH="16" VPOS="768" HPOS="765"/>
							<String ID="string_186" HPOS="781" VPOS="773" WIDTH="26" HEIGHT="15" WC="0.96" CONTENT="en"/><SP WIDTH="15" VPOS="773" HPOS="807"/>
							<String ID="string_187" HPOS="822" VPOS="766" WIDTH="76" HEIGHT="22" WC="0.95" CONTENT="remiss"/>
						</TextLine>
						<TextLine ID="line_22" HPOS="73" VPOS="794" WIDTH="826" HEIGHT="27">
							<String ID="string_188" HPOS="73" VPOS="794" WIDTH="121" HEIGHT="27" WC="0.91" CONTENT="lagenligen"/><SP WIDTH="20" VPOS="794" HPOS="194"/>
							<String ID="string_189" HPOS="214" VPOS="794" WIDTH="43" HEIGHT="22" WC="0.96" CONTENT="kan"/><SP WIDTH="23" VPOS="794" HPOS="257"/>
							<String ID="string_190" HPOS="280" VPOS="794" WIDTH="38" HEIGHT="22" WC="0.96" CONTENT="ske"/><SP WIDTH="22" VPOS="794" HPOS="318"/>
							<String ID="string_191" HPOS="340" VPOS="794" WIDTH="33" HEIGHT="22" WC="0.96" CONTENT="till"/><SP WIDTH="15" VPOS="794" HPOS="373"/>
							<String ID="string_192" HPOS="388" VPOS="796" WIDTH="66" HEIGHT="20" WC="0.96" CONTENT="annat"/><SP WIDTH="14" VPOS="796" HPOS="454"/>
							<String ID="string_193" HPOS="468" VPOS="796" WIDTH="88" HEIGHT="21" WC="0.96" CONTENT="utskott"/><SP WIDTH="15" VPOS="796" HPOS="556"/>
							<String ID="string_194" HPOS="571" VPOS="798" WIDTH="28" HEIGHT="18" WC="0.96" CONTENT="än"/><SP WIDTH="15" VPOS="798" HPOS="599"/>
							<String ID="string_195" HPOS="614" VPOS="797" WIDTH="143" HEIGHT="20" WC="0.96" CONTENT="sammansatt"/><SP WIDTH="15" VPOS="797" HPOS="757"/>
							<String ID="string_196" HPOS="772" VPOS="795" WIDTH="70" HEIGHT="22" WC="0.58" CONTENT="Stats."/><SP WIDTH="16" VPOS="795" HPOS="842"/>
							<String ID="string_197" HPOS="858" VPOS="795" WIDTH="41" HEIGHT="21" WC="0.96" CONTENT="och"/>
						</TextLine>
						<TextLine ID="line_23" HPOS="73" VPOS="823" WIDTH="826" HEIGHT="23">
							<String ID="string_198" HPOS="73" VPOS="824" WIDTH="152" HEIGHT="21" WC="0.91" CONTENT="Bankutskott."/><SP WIDTH="31" VPOS="824" HPOS="225"/>
							<String ID="string_199" HPOS="256" VPOS="823" WIDTH="98" HEIGHT="22" WC="0.96" CONTENT="Friherre"/><SP WIDTH="23" VPOS="823" HPOS="354"/>
							<String ID="string_200" HPOS="377" VPOS="830" WIDTH="41" HEIGHT="15" WC="0.96" CONTENT="von"/><SP WIDTH="22" VPOS="830" HPOS="418"/>
							<String ID="string_201" HPOS="440" VPOS="824" WIDTH="60" HEIGHT="21" WC="0.96" CONTENT="Troil"/><SP WIDTH="22" VPOS="824" HPOS="500"/>
							<String ID="string_202" HPOS="522" VPOS="824" WIDTH="41" HEIGHT="22" WC="0.96" CONTENT="har"/><SP WIDTH="22" VPOS="824" HPOS="563"/>
							<String ID="string_203" HPOS="585" VPOS="824" WIDTH="71" HEIGHT="22" WC="0.96" CONTENT="anfört"/><SP WIDTH="22" VPOS="824" HPOS="656"/>
							<String ID="string_204" HPOS="678" VPOS="826" WIDTH="32" HEIGHT="20" WC="0.92" CONTENT="att"/><SP WIDTH="19" VPOS="826" HPOS="710"/>
							<String ID="string_205" HPOS="729" VPOS="824" WIDTH="170" HEIGHT="22" WC="0.92" CONTENT="Bankutskottet"/>
						</TextLine>
						<TextLine ID="line_24" HPOS="72" VPOS="852" WIDTH="827" HEIGHT="28">
							<String ID="string_206" HPOS="72" VPOS="853" WIDTH="67" HEIGHT="21" WC="0.93" CONTENT="redan"/><SP WIDTH="15" VPOS="853" HPOS="139"/>
							<String ID="string_207" HPOS="154" VPOS="852" WIDTH="102" HEIGHT="22" WC="0.92" CONTENT="inlemnat"/><SP WIDTH="16" VPOS="852" HPOS="256"/>
							<String ID="string_208" HPOS="272" VPOS="858" WIDTH="26" HEIGHT="16" WC="0.96" CONTENT="en"/><SP WIDTH="14" VPOS="858" HPOS="298"/>
							<String ID="string_209" HPOS="312" VPOS="852" WIDTH="125" HEIGHT="27" WC="0.95" CONTENT="fullständig"/><SP WIDTH="14" VPOS="852" HPOS="437"/>
							<String ID="string_210" HPOS="451" VPOS="852" WIDTH="94" HEIGHT="22" WC="0.96" CONTENT="relation"/><SP WIDTH="16" VPOS="852" HPOS="545"/>
							<String ID="string_211" HPOS="561" VPOS="852" WIDTH="58" HEIGHT="23" WC="0.96" CONTENT="öfver"/><SP WIDTH="10" VPOS="852" HPOS="619"/>
							<String ID="string_212" HPOS="629" VPOS="853" WIDTH="96" HEIGHT="22" WC="0.96" CONTENT="bankens"/><SP WIDTH="11" VPOS="853" HPOS="725"/>
							<String ID="string_213" HPOS="736" VPOS="853" WIDTH="103" HEIGHT="27" WC="0.96" CONTENT="tillstånd,"/><SP WIDTH="11" VPOS="853" HPOS="839"/>
							<String ID="string_214" HPOS="850" VPOS="859" WIDTH="49" HEIGHT="15" WC="0.96" CONTENT="men"/>
						</TextLine>
						<TextLine ID="line_25" HPOS="73" VPOS="880" WIDTH="826" HEIGHT="29">
							<String ID="string_215" HPOS="73" VPOS="888" WIDTH="28" HEIGHT="14" WC="0.96" CONTENT="en"/><SP WIDTH="15" VPOS="888" HPOS="101"/>
							<String ID="string_216" HPOS="116" VPOS="881" WIDTH="82" HEIGHT="27" WC="0.96" CONTENT="ganska"/><SP WIDTH="19" VPOS="881" HPOS="198"/>
							<String ID="string_217" HPOS="217" VPOS="880" WIDTH="51" HEIGHT="28" WC="0.96" CONTENT="lång"/><SP WIDTH="20" VPOS="880" HPOS="268"/>
							<String ID="string_218" HPOS="288" VPOS="880" WIDTH="31" HEIGHT="22" WC="0.96" CONTENT="tid"/><SP WIDTH="14" VPOS="880" HPOS="319"/>
							<String ID="string_219" HPOS="333" VPOS="880" WIDTH="40" HEIGHT="22" WC="0.96" CONTENT="har"/><SP WIDTH="14" VPOS="880" HPOS="373"/>
							<String ID="string_220" HPOS="387" VPOS="881" WIDTH="91" HEIGHT="21" WC="0.96" CONTENT="förflutit"/><SP WIDTH="16" VPOS="881" HPOS="478"/>
							<String ID="string_221" HPOS="494" VPOS="882" WIDTH="67" HEIGHT="22" WC="0.96" CONTENT="sedan"/><SP WIDTH="16" VPOS="882" HPOS="561"/>
							<String ID="string_222" HPOS="577" VPOS="882" WIDTH="70" HEIGHT="22" WC="0.96" CONTENT="denna"/><SP WIDTH="14" VPOS="882" HPOS="647"/>
							<String ID="string_223" HPOS="661" VPOS="882" WIDTH="92" HEIGHT="22" WC="0.92" CONTENT="relation"/><SP WIDTH="14" VPOS="882" HPOS="753"/>
							<String ID="string_224" HPOS="767" VPOS="881" WIDTH="74" HEIGHT="28" WC="0.92" CONTENT="afgafs,"/><SP WIDTH="17" VPOS="881" HPOS="841"/>
							<String ID="string_225" HPOS="858" VPOS="882" WIDTH="41" HEIGHT="21" WC="0.96" CONTENT="och"/>
						</TextLine>
						<TextLine ID="line_26" HPOS="73" VPOS="909" WIDTH="826" HEIGHT="29">
							<String ID="string_226" HPOS="73" VPOS="910" WIDTH="28" HEIGHT="21" WC="0.96" CONTENT="då"/><SP WIDTH="15" VPOS="910" HPOS="101"/>
							<String ID="string_227" HPOS="116" VPOS="910" WIDTH="37" HEIGHT="21" WC="0.96" CONTENT="det"/><SP WIDTH="15" VPOS="910" HPOS="153"/>
							<String ID="string_228" HPOS="168" VPOS="912" WIDTH="24" HEIGHT="19" WC="0.96" CONTENT="är"/><SP WIDTH="14" VPOS="912" HPOS="192"/>
							<String ID="string_229" HPOS="206" VPOS="909" WIDTH="62" HEIGHT="27" WC="0.96" CONTENT="fråga"/><SP WIDTH="15" VPOS="909" HPOS="268"/>
							<String ID="string_230" HPOS="283" VPOS="916" WIDTH="34" HEIGHT="15" WC="0.96" CONTENT="om"/><SP WIDTH="15" VPOS="916" HPOS="317"/>
							<String ID="string_231" HPOS="332" VPOS="911" WIDTH="33" HEIGHT="20" WC="0.96" CONTENT="att"/><SP WIDTH="15" VPOS="911" HPOS="365"/>
							<String ID="string_232" HPOS="380" VPOS="910" WIDTH="115" HEIGHT="27" WC="0.96" CONTENT="disponera"/><SP WIDTH="16" VPOS="910" HPOS="495"/>
							<String ID="string_233" HPOS="511" VPOS="912" WIDTH="32" HEIGHT="20" WC="0.96" CONTENT="ett"/><SP WIDTH="14" VPOS="912" HPOS="543"/>
							<String ID="string_234" HPOS="557" VPOS="911" WIDTH="26" HEIGHT="21" WC="0.96" CONTENT="så"/><SP WIDTH="12" VPOS="911" HPOS="583"/>
							<String ID="string_235" HPOS="595" VPOS="912" WIDTH="55" HEIGHT="20" WC="0.96" CONTENT="stort"/><SP WIDTH="10" VPOS="912" HPOS="650"/>
							<String ID="string_236" HPOS="660" VPOS="911" WIDTH="78" HEIGHT="27" WC="0.96" CONTENT="belopp"/><SP WIDTH="12" VPOS="911" HPOS="738"/>
							<String ID="string_237" HPOS="750" VPOS="917" WIDTH="45" HEIGHT="15" WC="0.93" CONTENT="som"/><SP WIDTH="12" VPOS="917" HPOS="795"/>
							<String ID="string_238" HPOS="807" VPOS="912" WIDTH="92" HEIGHT="25" WC="0.89" CONTENT="600,000"/>
						</TextLine>
						<TextLine ID="line_27" HPOS="73" VPOS="938" WIDTH="826" HEIGHT="29">
							<String ID="string_239" HPOS="73" VPOS="939" WIDTH="66" HEIGHT="26" WC="0.96" CONTENT="mark,"/><SP WIDTH="17" VPOS="939" HPOS="139"/>
							<String ID="string_240" HPOS="156" VPOS="938" WIDTH="39" HEIGHT="21" WC="0.92" CONTENT="bör"/><SP WIDTH="19" VPOS="938" HPOS="195"/>
							<String ID="string_241" HPOS="214" VPOS="938" WIDTH="170" HEIGHT="22" WC="0.91" CONTENT="Bankutskottet"/><SP WIDTH="23" VPOS="938" HPOS="384"/>
							<String ID="string_242" HPOS="407" VPOS="938" WIDTH="64" HEIGHT="22" WC="0.96" CONTENT="blifva"/><SP WIDTH="16" VPOS="938" HPOS="471"/>
							<String ID="string_243" HPOS="487" VPOS="940" WIDTH="7" HEIGHT="20" WC="0.96" CONTENT="i"/><SP WIDTH="16" VPOS="940" HPOS="494"/>
							<String ID="string_244" HPOS="510" VPOS="939" WIDTH="83" HEIGHT="22" WC="0.93" CONTENT="tillfälle"/><SP WIDTH="16" VPOS="939" HPOS="593"/>
							<String ID="string_245" HPOS="609" VPOS="941" WIDTH="33" HEIGHT="20" WC="0.93" CONTENT="att"/><SP WIDTH="15" VPOS="941" HPOS="642"/>
							<String ID="string_246" HPOS="657" VPOS="939" WIDTH="78" HEIGHT="28" WC="0.92" CONTENT="afgifva"/><SP WIDTH="14" VPOS="939" HPOS="735"/>
							<String ID="string_247" HPOS="749" VPOS="939" WIDTH="100" HEIGHT="28" WC="0.96" CONTENT="yttrande"/><SP WIDTH="15" VPOS="939" HPOS="849"/>
							<String ID="string_248" HPOS="864" VPOS="945" WIDTH="35" HEIGHT="15" WC="0.96" CONTENT="om"/>
						</TextLine>
						<TextLine ID="line_28" HPOS="73" VPOS="966" WIDTH="825" HEIGHT="28">
							<String ID="string_249" HPOS="73" VPOS="967" WIDTH="73" HEIGHT="26" WC="0.96" CONTENT="saken,"/><SP WIDTH="8" VPOS="967" HPOS="146"/>
							<String ID="string_250" HPOS="154" VPOS="967" WIDTH="50" HEIGHT="21" WC="0.93" CONTENT="med"/><SP WIDTH="15" VPOS="967" HPOS="204"/>
							<String ID="string_251" HPOS="219" VPOS="966" WIDTH="83" HEIGHT="22" WC="0.91" CONTENT="fästadt"/><SP WIDTH="14" VPOS="966" HPOS="302"/>
							<String ID="string_252" HPOS="316" VPOS="967" WIDTH="102" HEIGHT="22" WC="0.93" CONTENT="afseende"/><SP WIDTH="16" VPOS="967" HPOS="418"/>
							<String ID="string_253" HPOS="434" VPOS="967" WIDTH="13" HEIGHT="21" WC="0.91" CONTENT="å"/><SP WIDTH="14" VPOS="967" HPOS="447"/>
							<String ID="string_254" HPOS="461" VPOS="968" WIDTH="103" HEIGHT="21" WC="0.96" CONTENT="Finlands"/><SP WIDTH="15" VPOS="968" HPOS="564"/>
							<String ID="string_255" HPOS="579" VPOS="969" WIDTH="69" HEIGHT="20" WC="0.96" CONTENT="banks"/><SP WIDTH="9" VPOS="969" HPOS="648"/>
							<String ID="string_256" HPOS="657" VPOS="969" WIDTH="123" HEIGHT="21" WC="0.96" CONTENT="nuvarande"/><SP WIDTH="11" VPOS="969" HPOS="780"/>
							<String ID="string_257" HPOS="791" VPOS="967" WIDTH="107" HEIGHT="27" WC="0.95" CONTENT="ställning."/>
						</TextLine>
					</TextBlock>
					<TextBlock ID="block_5" HPOS="72" VPOS="995" WIDTH="825" HEIGHT="58">
						<TextLine ID="line_29" HPOS="141" VPOS="995" WIDTH="756" HEIGHT="29">
							<String ID="string_258" HPOS="141" VPOS="995" WIDTH="50" HEIGHT="22" WC="0.95" CONTENT="Med"/><SP WIDTH="15" VPOS="995" HPOS="191"/>
							<String ID="string_259" HPOS="206" VPOS="995" WIDTH="101" HEIGHT="22" WC="0.93" CONTENT="afseende"/><SP WIDTH="15" VPOS="995" HPOS="307"/>
							<String ID="string_260" HPOS="322" VPOS="996" WIDTH="14" HEIGHT="21" WC="0.92" CONTENT="å"/><SP WIDTH="14" VPOS="996" HPOS="336"/>
							<String ID="string_261" HPOS="350" VPOS="996" WIDTH="27" HEIGHT="21" WC="0.96" CONTENT="de"/><SP WIDTH="9" VPOS="996" HPOS="377"/>
							<String ID="string_262" HPOS="386" VPOS="996" WIDTH="57" HEIGHT="21" WC="0.96" CONTENT="olika"/><SP WIDTH="9" VPOS="996" HPOS="443"/>
							<String ID="string_263" HPOS="452" VPOS="995" WIDTH="88" HEIGHT="29" WC="0.95" CONTENT="förslag,"/><SP WIDTH="12" VPOS="995" HPOS="540"/>
							<String ID="string_264" HPOS="552" VPOS="1003" WIDTH="47" HEIGHT="16" WC="0.96" CONTENT="som"/><SP WIDTH="10" VPOS="1003" HPOS="599"/>
							<String ID="string_265" HPOS="609" VPOS="997" WIDTH="68" HEIGHT="22" WC="0.93" CONTENT="under"/><SP WIDTH="11" VPOS="997" HPOS="677"/>
							<String ID="string_266" HPOS="688" VPOS="997" WIDTH="136" HEIGHT="22" WC="0.92" CONTENT="diskusionen"/><SP WIDTH="10" VPOS="997" HPOS="824"/>
							<String ID="string_267" HPOS="834" VPOS="996" WIDTH="63" HEIGHT="22" WC="0.92" CONTENT="fram-"/>
						</TextLine>
						<TextLine ID="line_30" HPOS="72" VPOS="1024" WIDTH="613" HEIGHT="29">
							<String ID="string_268" HPOS="72" VPOS="1024" WIDTH="90" HEIGHT="26" WC="0.93" CONTENT="kastats,"/><SP WIDTH="16" VPOS="1024" HPOS="162"/>
							<String ID="string_269" HPOS="178" VPOS="1024" WIDTH="112" HEIGHT="27" WC="0.93" CONTENT="upplästes"/><SP WIDTH="15" VPOS="1024" HPOS="290"/>
							<String ID="string_270" HPOS="305" VPOS="1031" WIDTH="29" HEIGHT="15" WC="0.96" CONTENT="nu"/><SP WIDTH="16" VPOS="1031" HPOS="334"/>
							<String ID="string_271" HPOS="350" VPOS="1031" WIDTH="27" HEIGHT="15" WC="0.96" CONTENT="en"/><SP WIDTH="15" VPOS="1031" HPOS="377"/>
							<String ID="string_272" HPOS="392" VPOS="1025" WIDTH="25" HEIGHT="21" WC="0.96" CONTENT="så"/><SP WIDTH="14" VPOS="1025" HPOS="417"/>
							<String ID="string_273" HPOS="431" VPOS="1025" WIDTH="94" HEIGHT="27" WC="0.96" CONTENT="lydande"/><SP WIDTH="14" VPOS="1025" HPOS="525"/>
							<String ID="string_274" HPOS="539" VPOS="1026" WIDTH="146" HEIGHT="27" WC="0.96" CONTENT="proposition:"/>
						</TextLine>
					</TextBlock>
					<TextBlock ID="block_6" HPOS="72" VPOS="1053" WIDTH="827" HEIGHT="86">
						<TextLine ID="line_31" HPOS="143" VPOS="1053" WIDTH="756" HEIGHT="26">
							<String ID="string_275" HPOS="143" VPOS="1053" WIDTH="66" HEIGHT="26" WC="0.89" CONTENT="»Den,"/><SP WIDTH="17" VPOS="1053" HPOS="209"/>
							<String ID="string_276" HPOS="226" VPOS="1059" WIDTH="46" HEIGHT="16" WC="0.96" CONTENT="som"/><SP WIDTH="14" VPOS="1059" HPOS="272"/>
							<String ID="string_277" HPOS="286" VPOS="1053" WIDTH="36" HEIGHT="22" WC="0.95" CONTENT="vill"/><SP WIDTH="15" VPOS="1053" HPOS="322"/>
							<String ID="string_278" HPOS="337" VPOS="1053" WIDTH="33" HEIGHT="22" WC="0.96" CONTENT="till"/><SP WIDTH="15" VPOS="1053" HPOS="370"/>
							<String ID="string_279" HPOS="385" VPOS="1056" WIDTH="156" HEIGHT="20" WC="0.93" CONTENT="sammansatta"/><SP WIDTH="9" VPOS="1056" HPOS="541"/>
							<String ID="string_280" HPOS="550" VPOS="1055" WIDTH="70" HEIGHT="21" WC="0.92" CONTENT="Stats-"/><SP WIDTH="12" VPOS="1055" HPOS="620"/>
							<String ID="string_281" HPOS="632" VPOS="1055" WIDTH="41" HEIGHT="22" WC="0.93" CONTENT="och"/><SP WIDTH="9" VPOS="1055" HPOS="673"/>
							<String ID="string_282" HPOS="682" VPOS="1055" WIDTH="169" HEIGHT="21" WC="0.91" CONTENT="Bankutskottet"/><SP WIDTH="13" VPOS="1055" HPOS="851"/>
							<String ID="string_283" HPOS="864" VPOS="1060" WIDTH="35" HEIGHT="15" WC="0.89" CONTENT="re-"/>
						</TextLine>
						<TextLine ID="line_32" HPOS="72" VPOS="1081" WIDTH="825" HEIGHT="30">
							<String ID="string_284" HPOS="72" VPOS="1082" WIDTH="87" HEIGHT="21" WC="0.92" CONTENT="mittera"/><SP WIDTH="22" VPOS="1082" HPOS="159"/>
							<String ID="string_285" HPOS="181" VPOS="1081" WIDTH="42" HEIGHT="22" WC="0.96" CONTENT="den"/><SP WIDTH="22" VPOS="1081" HPOS="223"/>
							<String ID="string_286" HPOS="245" VPOS="1082" WIDTH="79" HEIGHT="27" WC="0.96" CONTENT="nådiga"/><SP WIDTH="21" VPOS="1082" HPOS="324"/>
							<String ID="string_287" HPOS="345" VPOS="1083" WIDTH="165" HEIGHT="27" WC="0.96" CONTENT="propositionen"/><SP WIDTH="15" VPOS="1083" HPOS="510"/>
							<String ID="string_288" HPOS="525" VPOS="1083" WIDTH="111" HEIGHT="28" WC="0.96" CONTENT="angående"/><SP WIDTH="15" VPOS="1083" HPOS="636"/>
							<String ID="string_289" HPOS="651" VPOS="1083" WIDTH="118" HEIGHT="22" WC="0.96" CONTENT="understöd"/><SP WIDTH="14" VPOS="1083" HPOS="769"/>
							<String ID="string_290" HPOS="783" VPOS="1083" WIDTH="34" HEIGHT="22" WC="0.91" CONTENT="för"/><SP WIDTH="14" VPOS="1083" HPOS="817"/>
							<String ID="string_291" HPOS="831" VPOS="1083" WIDTH="66" HEIGHT="28" WC="0.91" CONTENT="hypo-"/>
						</TextLine>
						<TextLine ID="line_33" HPOS="72" VPOS="1111" WIDTH="310" HEIGHT="28">
							<String ID="string_292" HPOS="72" VPOS="1111" WIDTH="180" HEIGHT="26" WC="0.88" CONTENT="teksföreningen,"/><SP WIDTH="16" VPOS="1111" HPOS="252"/>
							<String ID="string_293" HPOS="268" VPOS="1117" WIDTH="72" HEIGHT="16" WC="0.96" CONTENT="svarar"/><SP WIDTH="9" VPOS="1117" HPOS="340"/>
							<String ID="string_294" HPOS="349" VPOS="1111" WIDTH="33" HEIGHT="28" WC="0.95" CONTENT="ja;"/>
						</TextLine>
					</TextBlock>
					<TextBlock ID="block_7" HPOS="140" VPOS="1140" WIDTH="723" HEIGHT="27">
						<TextLine ID="line_34" HPOS="140" VPOS="1140" WIDTH="723" HEIGHT="27">
							<String ID="string_295" HPOS="140" VPOS="1140" WIDTH="74" HEIGHT="21" WC="0.96" CONTENT="vinner"/><SP WIDTH="14" VPOS="1140" HPOS="214"/>
							<String ID="string_296" HPOS="228" VPOS="1140" WIDTH="41" HEIGHT="27" WC="0.96" CONTENT="nej,"/><SP WIDTH="16" VPOS="1140" HPOS="269"/>
							<String ID="string_297" HPOS="285" VPOS="1140" WIDTH="121" HEIGHT="22" WC="0.96" CONTENT="remitteras"/><SP WIDTH="16" VPOS="1140" HPOS="406"/>
							<String ID="string_298" HPOS="422" VPOS="1140" WIDTH="95" HEIGHT="22" WC="0.96" CONTENT="berörde"/><SP WIDTH="15" VPOS="1140" HPOS="517"/>
							<String ID="string_299" HPOS="532" VPOS="1141" WIDTH="80" HEIGHT="22" WC="0.96" CONTENT="ärende"/><SP WIDTH="15" VPOS="1141" HPOS="612"/>
							<String ID="string_300" HPOS="627" VPOS="1141" WIDTH="33" HEIGHT="22" WC="0.96" CONTENT="till"/><SP WIDTH="16" VPOS="1141" HPOS="660"/>
							<String ID="string_301" HPOS="676" VPOS="1141" WIDTH="187" HEIGHT="22" WC="0.73" CONTENT="Statsutskottet&quot;."/>
						</TextLine>
					</TextBlock>
					<TextBlock ID="block_8" HPOS="72" VPOS="1169" WIDTH="825" HEIGHT="79">
						<TextLine ID="line_35" HPOS="140" VPOS="1169" WIDTH="757" HEIGHT="28">
							<String ID="string_302" HPOS="140" VPOS="1169" WIDTH="33" HEIGHT="21" WC="0.96" CONTENT="Då"/><SP WIDTH="23" VPOS="1169" HPOS="173"/>
							<String ID="string_303" HPOS="196" VPOS="1169" WIDTH="70" HEIGHT="21" WC="0.96" CONTENT="denna"/><SP WIDTH="21" VPOS="1169" HPOS="266"/>
							<String ID="string_304" HPOS="287" VPOS="1169" WIDTH="134" HEIGHT="27" WC="0.95" CONTENT="proposition"/><SP WIDTH="21" VPOS="1169" HPOS="421"/>
							<String ID="string_305" HPOS="442" VPOS="1169" WIDTH="132" HEIGHT="23" WC="0.96" CONTENT="besvarades"/><SP WIDTH="23" VPOS="1169" HPOS="574"/>
							<String ID="string_306" HPOS="597" VPOS="1170" WIDTH="50" HEIGHT="22" WC="0.96" CONTENT="med"/><SP WIDTH="22" VPOS="1170" HPOS="647"/>
							<String ID="string_307" HPOS="669" VPOS="1170" WIDTH="90" HEIGHT="21" WC="0.96" CONTENT="allmänt"/><SP WIDTH="18" VPOS="1170" HPOS="759"/>
							<String ID="string_308" HPOS="777" VPOS="1169" WIDTH="42" HEIGHT="28" WC="0.96" CONTENT="nej,"/><SP WIDTH="22" VPOS="1169" HPOS="819"/>
							<String ID="string_309" HPOS="841" VPOS="1169" WIDTH="56" HEIGHT="22" WC="0.96" CONTENT="hade"/>
						</TextLine>
						<TextLine ID="line_36" HPOS="73" VPOS="1197" WIDTH="824" HEIGHT="30">
							<String ID="string_310" HPOS="73" VPOS="1198" WIDTH="86" HEIGHT="21" WC="0.96" CONTENT="ståndet"/><SP WIDTH="14" VPOS="1198" HPOS="159"/>
							<String ID="string_311" HPOS="173" VPOS="1197" WIDTH="98" HEIGHT="22" WC="0.96" CONTENT="beslutat"/><SP WIDTH="15" VPOS="1197" HPOS="271"/>
							<String ID="string_312" HPOS="286" VPOS="1198" WIDTH="40" HEIGHT="21" WC="0.96" CONTENT="den"/><SP WIDTH="15" VPOS="1198" HPOS="326"/>
							<String ID="string_313" HPOS="341" VPOS="1197" WIDTH="164" HEIGHT="28" WC="0.96" CONTENT="ifrågavarande"/><SP WIDTH="16" VPOS="1197" HPOS="505"/>
							<String ID="string_314" HPOS="521" VPOS="1199" WIDTH="78" HEIGHT="27" WC="0.93" CONTENT="nådiga"/><SP WIDTH="15" VPOS="1199" HPOS="599"/>
							<String ID="string_315" HPOS="614" VPOS="1199" WIDTH="171" HEIGHT="28" WC="0.91" CONTENT="propositionens"/><SP WIDTH="16" VPOS="1199" HPOS="785"/>
							<String ID="string_316" HPOS="801" VPOS="1198" WIDTH="96" HEIGHT="23" WC="0.91" CONTENT="remitte-"/>
						</TextLine>
						<TextLine ID="line_37" HPOS="72" VPOS="1226" WIDTH="356" HEIGHT="22">
							<String ID="string_317" HPOS="72" VPOS="1227" WIDTH="51" HEIGHT="21" WC="0.96" CONTENT="rade"/><SP WIDTH="16" VPOS="1227" HPOS="123"/>
							<String ID="string_318" HPOS="139" VPOS="1226" WIDTH="32" HEIGHT="22" WC="0.95" CONTENT="till"/><SP WIDTH="15" VPOS="1226" HPOS="171"/>
							<String ID="string_319" HPOS="186" VPOS="1226" WIDTH="73" HEIGHT="22" WC="0.93" CONTENT="enkelt"/><SP WIDTH="16" VPOS="1226" HPOS="259"/>
							<String ID="string_320" HPOS="275" VPOS="1226" WIDTH="153" HEIGHT="22" WC="0.90" CONTENT="Statsutskott."/>
						</TextLine>
					</TextBlock>
				</ComposedBlock>
				<ComposedBlock ID="cblock_3" HPOS="72" VPOS="1283" WIDTH="827" HEIGHT="115">
					<TextBlock ID="block_9" HPOS="72" VPOS="1283" WIDTH="827" HEIGHT="115">
						<TextLine ID="line_38" HPOS="141" VPOS="1283" WIDTH="756" HEIGHT="28">
							<String ID="string_321" HPOS="141" VPOS="1283" WIDTH="41" HEIGHT="22" WC="0.96" CONTENT="Till"/><SP WIDTH="22" VPOS="1283" HPOS="182"/>
							<String ID="string_322" HPOS="204" VPOS="1283" WIDTH="159" HEIGHT="28" WC="0.95" CONTENT="handläggning"/><SP WIDTH="17" VPOS="1283" HPOS="363"/>
							<String ID="string_323" HPOS="380" VPOS="1283" WIDTH="95" HEIGHT="28" WC="0.93" CONTENT="företogs"/><SP WIDTH="22" VPOS="1283" HPOS="475"/>
							<String ID="string_324" HPOS="497" VPOS="1284" WIDTH="54" HEIGHT="23" WC="0.91" CONTENT="härå"/><SP WIDTH="16" VPOS="1284" HPOS="551"/>
							<String ID="string_325" HPOS="567" VPOS="1285" WIDTH="177" HEIGHT="22" WC="0.92" CONTENT="Statsutskottets"/><SP WIDTH="16" VPOS="1285" HPOS="744"/>
							<String ID="string_326" HPOS="760" VPOS="1284" WIDTH="137" HEIGHT="23" WC="0.95" CONTENT="betänkande"/>
						</TextLine>
						<TextLine ID="line_39" HPOS="72" VPOS="1312" WIDTH="826" HEIGHT="29">
							<String ID="string_327" HPOS="72" VPOS="1313" WIDTH="7" HEIGHT="21" WC="0.96" CONTENT="i"/><SP WIDTH="16" VPOS="1313" HPOS="79"/>
							<String ID="string_328" HPOS="95" VPOS="1313" WIDTH="114" HEIGHT="26" WC="0.96" CONTENT="anledning"/><SP WIDTH="15" VPOS="1313" HPOS="209"/>
							<String ID="string_329" HPOS="224" VPOS="1312" WIDTH="22" HEIGHT="22" WC="0.96" CONTENT="af"/><SP WIDTH="12" VPOS="1312" HPOS="246"/>
							<String ID="string_330" HPOS="258" VPOS="1313" WIDTH="78" HEIGHT="26" WC="0.96" CONTENT="nådiga"/><SP WIDTH="13" VPOS="1313" HPOS="336"/>
							<String ID="string_331" HPOS="349" VPOS="1313" WIDTH="171" HEIGHT="27" WC="0.96" CONTENT="propositionen,"/><SP WIDTH="16" VPOS="1313" HPOS="520"/>
							<String ID="string_332" HPOS="536" VPOS="1314" WIDTH="112" HEIGHT="27" WC="0.93" CONTENT="angående"/><SP WIDTH="16" VPOS="1314" HPOS="648"/>
							<String ID="string_333" HPOS="664" VPOS="1315" WIDTH="115" HEIGHT="21" WC="0.91" CONTENT="anvisande"/><SP WIDTH="15" VPOS="1315" HPOS="779"/>
							<String ID="string_334" HPOS="794" VPOS="1313" WIDTH="22" HEIGHT="22" WC="0.96" CONTENT="af"/><SP WIDTH="10" VPOS="1313" HPOS="816"/>
							<String ID="string_335" HPOS="826" VPOS="1313" WIDTH="72" HEIGHT="22" WC="0.96" CONTENT="medel"/>
						</TextLine>
						<TextLine ID="line_40" HPOS="73" VPOS="1341" WIDTH="826" HEIGHT="28">
							<String ID="string_336" HPOS="73" VPOS="1342" WIDTH="33" HEIGHT="21" WC="0.92" CONTENT="till"/><SP WIDTH="14" VPOS="1342" HPOS="106"/>
							<String ID="string_337" HPOS="120" VPOS="1341" WIDTH="150" HEIGHT="22" WC="0.92" CONTENT="bestridandet"/><SP WIDTH="16" VPOS="1341" HPOS="270"/>
							<String ID="string_338" HPOS="286" VPOS="1341" WIDTH="22" HEIGHT="22" WC="0.93" CONTENT="af"/><SP WIDTH="12" VPOS="1341" HPOS="308"/>
							<String ID="string_339" HPOS="320" VPOS="1341" WIDTH="243" HEIGHT="28" WC="0.91" CONTENT="landtdagskostnader,"/><SP WIDTH="16" VPOS="1341" HPOS="563"/>
							<String ID="string_340" HPOS="579" VPOS="1343" WIDTH="40" HEIGHT="22" WC="0.96" CONTENT="och"/><SP WIDTH="15" VPOS="1343" HPOS="619"/>
							<String ID="string_341" HPOS="634" VPOS="1343" WIDTH="46" HEIGHT="22" WC="0.96" CONTENT="blef"/><SP WIDTH="14" VPOS="1343" HPOS="680"/>
							<String ID="string_342" HPOS="694" VPOS="1343" WIDTH="58" HEIGHT="22" WC="0.96" CONTENT="detta"/><SP WIDTH="10" VPOS="1343" HPOS="752"/>
							<String ID="string_343" HPOS="762" VPOS="1342" WIDTH="137" HEIGHT="23" WC="0.96" CONTENT="betänkande"/>
						</TextLine>
						<TextLine ID="line_41" HPOS="72" VPOS="1370" WIDTH="505" HEIGHT="28">
							<String ID="string_344" HPOS="72" VPOS="1372" WIDTH="53" HEIGHT="20" WC="0.96" CONTENT="utan"/><SP WIDTH="16" VPOS="1372" HPOS="125"/>
							<String ID="string_345" HPOS="141" VPOS="1370" WIDTH="122" HEIGHT="22" WC="0.96" CONTENT="diskussion"/><SP WIDTH="15" VPOS="1370" HPOS="263"/>
							<String ID="string_346" HPOS="278" VPOS="1370" WIDTH="33" HEIGHT="21" WC="0.96" CONTENT="till"/><SP WIDTH="15" VPOS="1370" HPOS="311"/>
							<String ID="string_347" HPOS="326" VPOS="1370" WIDTH="42" HEIGHT="22" WC="0.96" CONTENT="alla"/><SP WIDTH="16" VPOS="1370" HPOS="368"/>
							<String ID="string_348" HPOS="384" VPOS="1371" WIDTH="58" HEIGHT="21" WC="0.93" CONTENT="delar"/><SP WIDTH="15" VPOS="1371" HPOS="442"/>
							<String ID="string_349" HPOS="457" VPOS="1372" WIDTH="120" HEIGHT="26" WC="0.92" CONTENT="godkändt."/>
						</TextLine>
					</TextBlock>
				</ComposedBlock>
				<GraphicalElement ID="cblock_4" HPOS="464" VPOS="1413" WIDTH="90" HEIGHT="2"></GraphicalElement >
				<ComposedBlock ID="cblock_5" HPOS="72" VPOS="1426" WIDTH="827" HEIGHT="145">
					<TextBlock ID="block_10" HPOS="72" VPOS="1426" WIDTH="827" HEIGHT="145">
						<TextLine ID="line_42" HPOS="140" VPOS="1426" WIDTH="759" HEIGHT="31">
							<String ID="string_350" HPOS="140" VPOS="1427" WIDTH="56" HEIGHT="22" WC="0.96" CONTENT="Från"/><SP WIDTH="15" VPOS="1427" HPOS="196"/>
							<String ID="string_351" HPOS="211" VPOS="1426" WIDTH="129" HEIGHT="28" WC="0.96" CONTENT="föregående"/><SP WIDTH="16" VPOS="1426" HPOS="340"/>
							<String ID="string_352" HPOS="356" VPOS="1429" WIDTH="162" HEIGHT="21" WC="0.96" CONTENT="sammanträde"/><SP WIDTH="15" VPOS="1429" HPOS="518"/>
							<String ID="string_353" HPOS="533" VPOS="1429" WIDTH="56" HEIGHT="22" WC="0.93" CONTENT="hade"/><SP WIDTH="15" VPOS="1429" HPOS="589"/>
							<String ID="string_354" HPOS="604" VPOS="1429" WIDTH="112" HEIGHT="28" WC="0.91" CONTENT="bordlagts"/><SP WIDTH="15" VPOS="1429" HPOS="716"/>
							<String ID="string_355" HPOS="731" VPOS="1429" WIDTH="40" HEIGHT="22" WC="0.96" CONTENT="och"/><SP WIDTH="15" VPOS="1429" HPOS="771"/>
							<String ID="string_356" HPOS="786" VPOS="1427" WIDTH="113" HEIGHT="28" WC="0.96" CONTENT="föredrogs"/>
						</TextLine>
						<TextLine ID="line_43" HPOS="72" VPOS="1456" WIDTH="827" HEIGHT="28">
							<String ID="string_357" HPOS="72" VPOS="1463" WIDTH="29" HEIGHT="15" WC="0.95" CONTENT="nu"/><SP WIDTH="15" VPOS="1463" HPOS="101"/>
							<String ID="string_358" HPOS="116" VPOS="1457" WIDTH="33" HEIGHT="21" WC="0.96" CONTENT="till"/><SP WIDTH="17" VPOS="1457" HPOS="149"/>
							<String ID="string_359" HPOS="166" VPOS="1456" WIDTH="132" HEIGHT="26" WC="0.93" CONTENT="behandling"/><SP WIDTH="17" VPOS="1456" HPOS="298"/>
							<String ID="string_360" HPOS="315" VPOS="1456" WIDTH="199" HEIGHT="27" WC="0.91" CONTENT="Borgareståndets"/><SP WIDTH="19" VPOS="1456" HPOS="514"/>
							<String ID="string_361" HPOS="533" VPOS="1458" WIDTH="8" HEIGHT="20" WC="0.93" CONTENT="i"/><SP WIDTH="18" VPOS="1458" HPOS="541"/>
							<String ID="string_362" HPOS="559" VPOS="1457" WIDTH="199" HEIGHT="27" WC="0.91" CONTENT="protokollsutdrag"/><SP WIDTH="13" VPOS="1457" HPOS="758"/>
							<String ID="string_363" HPOS="771" VPOS="1457" WIDTH="128" HEIGHT="22" WC="0.96" CONTENT="meddelade"/>
						</TextLine>
						<TextLine ID="line_44" HPOS="72" VPOS="1482" WIDTH="827" HEIGHT="31">
							<String ID="string_364" HPOS="72" VPOS="1485" WIDTH="126" HEIGHT="28" WC="0.92" CONTENT="inbjudning"/><SP WIDTH="14" VPOS="1485" HPOS="198"/>
							<String ID="string_365" HPOS="212" VPOS="1484" WIDTH="33" HEIGHT="22" WC="0.93" CONTENT="till"/><SP WIDTH="15" VPOS="1484" HPOS="245"/>
							<String ID="string_366" HPOS="260" VPOS="1484" WIDTH="161" HEIGHT="28" WC="0.92" CONTENT="Ridderskapet"/><SP WIDTH="17" VPOS="1484" HPOS="421"/>
							<String ID="string_367" HPOS="438" VPOS="1485" WIDTH="41" HEIGHT="21" WC="0.93" CONTENT="och"/><SP WIDTH="19" VPOS="1485" HPOS="479"/>
							<String ID="string_368" HPOS="498" VPOS="1486" WIDTH="70" HEIGHT="22" WC="0.91" CONTENT="Adeln"/><SP WIDTH="18" VPOS="1486" HPOS="568"/>
							<String ID="string_369" HPOS="586" VPOS="1488" WIDTH="33" HEIGHT="20" WC="0.96" CONTENT="att"/><SP WIDTH="14" VPOS="1488" HPOS="619"/>
							<String ID="string_370" HPOS="633" VPOS="1486" WIDTH="75" HEIGHT="22" WC="0.96" CONTENT="förena"/><SP WIDTH="14" VPOS="1486" HPOS="708"/>
							<String ID="string_371" HPOS="722" VPOS="1486" WIDTH="34" HEIGHT="27" WC="0.96" CONTENT="sig"/><SP WIDTH="14" VPOS="1486" HPOS="756"/>
							<String ID="string_372" HPOS="770" VPOS="1486" WIDTH="7" HEIGHT="21" WC="0.93" CONTENT="i"/><SP WIDTH="15" VPOS="1486" HPOS="777"/>
							<String ID="string_373" HPOS="792" VPOS="1482" WIDTH="107" HEIGHT="31" WC="0.90" CONTENT="Borgare-"/>
						</TextLine>
						<TextLine ID="line_45" HPOS="73" VPOS="1512" WIDTH="826" HEIGHT="30">
							<String ID="string_374" HPOS="73" VPOS="1514" WIDTH="83" HEIGHT="22" WC="0.91" CONTENT="stådets"/><SP WIDTH="15" VPOS="1514" HPOS="156"/>
							<String ID="string_375" HPOS="171" VPOS="1513" WIDTH="74" HEIGHT="22" WC="0.96" CONTENT="beslut"/><SP WIDTH="14" VPOS="1513" HPOS="245"/>
							<String ID="string_376" HPOS="259" VPOS="1512" WIDTH="134" HEIGHT="23" WC="0.93" CONTENT="beträffande"/><SP WIDTH="16" VPOS="1512" HPOS="393"/>
							<String ID="string_377" HPOS="409" VPOS="1513" WIDTH="119" HEIGHT="23" WC="0.91" CONTENT="aflåtandet"/><SP WIDTH="15" VPOS="1513" HPOS="528"/>
							<String ID="string_378" HPOS="543" VPOS="1514" WIDTH="24" HEIGHT="22" WC="0.96" CONTENT="af"/><SP WIDTH="13" VPOS="1514" HPOS="567"/>
							<String ID="string_379" HPOS="580" VPOS="1522" WIDTH="26" HEIGHT="14" WC="0.93" CONTENT="en"/><SP WIDTH="15" VPOS="1522" HPOS="606"/>
							<String ID="string_380" HPOS="621" VPOS="1514" WIDTH="133" HEIGHT="28" WC="0.91" CONTENT="underdånig"/><SP WIDTH="9" VPOS="1514" HPOS="754"/>
							<String ID="string_381" HPOS="763" VPOS="1514" WIDTH="91" HEIGHT="28" WC="0.96" CONTENT="petition"/><SP WIDTH="10" VPOS="1514" HPOS="854"/>
							<String ID="string_382" HPOS="864" VPOS="1520" WIDTH="35" HEIGHT="16" WC="0.96" CONTENT="om"/>
						</TextLine>
						<TextLine ID="line_46" HPOS="72" VPOS="1541" WIDTH="582" HEIGHT="30">
							<String ID="string_383" HPOS="72" VPOS="1542" WIDTH="124" HEIGHT="27" WC="0.96" CONTENT="förändring"/><SP WIDTH="16" VPOS="1542" HPOS="196"/>
							<String ID="string_384" HPOS="212" VPOS="1542" WIDTH="22" HEIGHT="21" WC="0.96" CONTENT="af"/><SP WIDTH="13" VPOS="1542" HPOS="234"/>
							<String ID="string_385" HPOS="247" VPOS="1542" WIDTH="7" HEIGHT="21" WC="0.96" CONTENT="i"/><SP WIDTH="15" VPOS="1542" HPOS="254"/>
							<String ID="string_386" HPOS="269" VPOS="1541" WIDTH="75" HEIGHT="22" WC="0.96" CONTENT="landet"/><SP WIDTH="15" VPOS="1541" HPOS="344"/>
							<String ID="string_387" HPOS="359" VPOS="1548" WIDTH="29" HEIGHT="15" WC="0.95" CONTENT="nu"/><SP WIDTH="16" VPOS="1548" HPOS="388"/>
							<String ID="string_388" HPOS="404" VPOS="1542" WIDTH="101" HEIGHT="26" WC="0.93" CONTENT="gällande"/><SP WIDTH="16" VPOS="1542" HPOS="505"/>
							<String ID="string_389" HPOS="521" VPOS="1543" WIDTH="133" HEIGHT="28" WC="0.91" CONTENT="vigtsystem."/>
						</TextLine>
					</TextBlock>
				</ComposedBlock>
				<GraphicalElement ID="cblock_6" HPOS="1066" VPOS="560" WIDTH="2" HEIGHT="1154"></GraphicalElement >
			</PrintSpace>
		</Page>
	</Layout>
</alto>
