1070 1739
380 119 39 18 Den
438 117 25 19 10
479 119 108 18 November.
833 118 40 20 585

149 181 142 28 »Godkänner
306 181 159 28 Ridderskapet
481 181 40 22 och
537 181 69 22 Adeln
622 183 12 20 2
650 182 86 28 stycket
751 182 7 21 i
772 183 27 20 48
815 181 9 28 &
836 181 23 23 af
867 183 34 20 ut-

79 211 92 21 skottets
187 209 137 24 betänkande
339 209 148 28 oförändradt;

146 240 74 22 vinner
242 239 41 27 nej,
304 238 92 22 insättes
416 239 54 22 efter
487 241 24 24 ,1
529 239 11 27 $
557 240 12 20 6
584 239 48 27 kap.
649 239 27 22 H.
692 239 38 22 B.*
748 239 75 22 orden:
841 240 61 26 ,sist-

78 269 92 21 nämnde
192 269 84 26 lagrum
298 267 48 22 med
369 267 63 22 ofvan
446 267 8 22 i
469 267 11 28 8
497 269 24 20 11
543 267 110 22 bestämdt
668 268 134 27 undantag;*
819 268 7 21 i
840 269 63 21 hvar-

79 297 52 22 dera
152 297 64 22 fallen
237 297 70 21 rättas
330 296 115 28 tryckfelet
464 297 108 26 Keiserlig
594 297 49 21 med
662 297 51 21 kort
730 297 7 21 i
755 297 7 21 i
779 297 74 21 stället
870 297 33 22 för

78 326 61 27 långt
151 327 29 26 j*.

146 354 164 27 Propositionen
331 353 132 23 besvarades
481 355 50 21 med
547 354 87 21 allmänt
649 354 41 27 nej,
708 354 32 21 till
754 354 53 27 följd
821 354 81 26 hvaraf,

78 384 59 21 utom
159 383 91 21 rättelse
273 382 22 22 af
315 382 120 28 tryckfelet,
456 383 36 22 det
507 383 7 21 i
529 383 209 27 nej-propositionen
752 383 93 22 nämnda
860 383 43 21 till-

78 412 73 27 lägget
164 418 39 16 var
218 411 114 27 godkändt.

146 440 110 28 Derjemte
273 440 82 21 beslöts
376 440 28 26 på
424 439 80 28 förslag
519 440 23 22 af
555 440 50 22 herr
619 440 149 28 Montgomery
783 442 33 20 att
830 440 72 28 tryck-

78 468 53 23 felet
147 468 144 28 ,,upphäfves"
308 468 69 22 skulle
392 470 69 20 rättas
477 469 33 21 till
528 468 152 28 ,upphäfvas*.

147 498 9 21 I
172 497 101 23 afseende
289 497 13 21 å
317 498 53 21 sista
384 504 62 15 mom.
464 497 23 21 af
501 500 27 19 48
544 497 11 28 $
570 497 94 28 föreslog

147 526 56 22 Herr
224 526 142 27 Mechelin,
382 528 34 20 att
437 528 119 20 momentet
575 527 70 21 skulle
660 526 131 27 godkännas,
807 533 49 15 men
871 528 34 21 att

79 555 38 22 det
139 555 68 22 skulle
230 561 51 15 vara
300 555 110 21 utskottet
426 556 66 26 öppet
506 556 97 21 lemnadt
618 557 33 19 att
665 555 89 27 vidtaga
769 556 134 22 omformule-

78 584 47 27 ring
148 583 65 27 deraf,
237 584 73 21 derest
324 584 104 21 ståndens
447 584 73 22 beslut
535 584 111 28 angående
661 584 112 27 ingressen
788 584 63 27 gåfve
867 591 36 15 an-

77 613 88 27 ledning
179 612 33 22 till
228 612 89 27 ändring
330 612 23 22 af
366 612 88 22 formen.

147 642 55 21 Herr
224 641 179 28 Montgomery
426 642 118 26 anmärkte,
565 642 37 22 det
619 642 43 21 han
677 641 48 22 icke
740 641 62 28 insåg
817 643 32 20 att
864 642 38 22 nå-

78 672 38 25 got
129 670 104 22 hindrade
248 672 128 20 momentets
392 671 122 26 antagande
530 670 144 22 oförändradt.

147 699 56 21 Herr
221 699 133 21 Mechelin
374 699 86 27 yttrade
475 700 50 21 med
541 699 115 27 anledning
670 698 73 22 häraf:
759 699 44 21 Min
818 699 85 27 mening

77 734 38 16 var
137 728 56 21 blott
215 729 33 19 att
269 727 86 22 förorda
370 728 158 26 godkännande
544 727 23 22 af
581 728 60 22 detta
656 734 70 20 mom.,
743 728 55 21 dock
813 729 39 25 att,
869 734 34 16 om

79 757 41 21 den
143 756 87 27 slutliga
252 756 140 27 affattningen
415 756 70 22 skulle
504 756 57 28 gifva
575 756 116 27 anledning
707 758 32 20 att
754 756 151 22 omformulera

79 786 60 20 detta
154 791 70 20 mom.,
241 785 77 21 sådant
334 785 70 22 skulle
420 784 22 22 få
457 786 45 26 ske,
519 786 67 21 ehuru
600 786 38 27 jag
653 786 47 21 icke
710 785 110 22 bestämdt
829 786 76 26 påstår

79 815 32 20 att
127 814 37 22 det
178 813 71 22 blefve
264 813 108 27 behöfligt.

149 843 9 21 I
181 842 107 22 anseende
308 842 70 22 dertill
396 844 33 20 att
443 842 65 28 ingen
524 843 82 21 biträdt
620 843 50 21 herr
685 842 116 22 Mechelins
817 842 86 28 förslag,

78 871 45 22 blef
137 871 54 21 sista
205 873 117 19 momentet
337 871 23 21 af
373 871 34 28 $:n
422 873 52 20 utan
491 872 135 26 omröstning
642 871 118 27 godkändt.

149 900 70 22 Sedan
242 900 90 21 sålunda
354 900 102 27 samtliga
477 900 24 27 S8
525 900 22 22 af
567 900 139 27 lagförslaget
726 900 69 22 blifvit
817 906 87 21 genom-

80 928 90 27 gångna,
186 928 168 22 öfverlemnades
370 929 33 21 till
419 929 124 22 diskussion
559 930 41 21 den
615 929 7 21 i
637 929 120 21 utskottets
768 929 137 22 betänkande

80 963 48 22 pag.
145 959 25 20 27
186 957 106 27 ingående
307 957 117 27 ingressen.

149 986 55 21 Herr
219 986 186 28 Montgomery
420 986 86 27 yttrade
521 986 7 21 i
544 985 103 23 afseende
661 985 62 22 härå:
738 986 42 27 Jag
795 986 70 21 skulle
879 986 28 22 be

81 1016 33 19 att
128 1013 22 22 få
164 1014 86 22 förorda
263 1015 131 26 antagandet
409 1015 23 21 af
444 1015 119 27 ingressen,
581 1015 55 22 dock
656 1015 49 21 med
721 1015 41 21 den
777 1014 129 27 förändring,

81 1045 33 19 att
135 1043 7 22 i
164 1043 74 22 stället
258 1043 32 22 för
309 1044 66 21 orden
392 1043 40 27 ,de
449 1043 22 22 af
484 1044 110 21 utskottet
609 1043 114 22 förordade
738 1043 169 27 förändringar",

81 1078 47 15 som
150 1071 68 23 blifvit
241 1071 23 22 af
284 1072 160 27 Ridderskapet
460 1072 41 22 och
520 1073 69 21 Adeln
616 1072 121 27 godkända,
754 1071 70 22 skulle
839 1074 64 25 sägas

83 1101 62 26 »med
160 1101 26 21 de
202 1100 22 22 af
238 1101 117 22 ständerna
370 1101 46 22 deri
432 1102 94 26 antagna
540 1101 169 27 förändringar".

150 1129 56 22 Herr
221 1129 155 26 Schauman,
397 1130 93 27 August:
512 1131 42 26 Jag
569 1132 36 19 vet
619 1130 48 21 icke
680 1129 47 28 just
742 1131 32 20 att
789 1129 118 27 någonting

82 1158 23 22 af
121 1158 69 21 denna
208 1158 83 27 ingress
309 1159 43 20 kan
367 1159 66 21 blifva
448 1165 59 20 qvar,
523 1159 68 21 sedan
607 1158 160 27 Ridderskapet
782 1157 39 22 och
837 1157 70 22 Adeln

82 1187 91 27 vidtagit
188 1187 81 21 sådana
284 1187 147 27 förändringar
446 1187 8 22 i
467 1187 121 22 utskottets
604 1187 137 22 betänkande
754 1188 33 20 att
796 1186 112 27 ingressen

83 1216 40 21 alls
137 1216 48 21 icke
200 1222 60 15 mera
274 1222 82 21 passar.
387 1217 76 21 Denna
479 1218 25 19 är
519 1216 94 22 skrifven
629 1216 68 22 under
712 1215 155 27 förutsättning
877 1217 33 20 att

83 1245 41 22 den
140 1251 40 21 nya
196 1244 33 28 $:n
245 1245 111 26 angående
372 1245 189 26 gärdfarihandeln
577 1245 70 21 skulle
662 1245 7 20 i
684 1244 152 27 författningen
852 1244 57 27 ingå,

83 1273 41 22 och
147 1273 27 22 då
196 1273 92 22 nämnde
311 1273 11 27 &
346 1273 22 22 af
384 1273 163 28 Ridderskapet
565 1273 40 22 och
622 1273 70 22 Adeln
707 1273 68 21 blifvit
790 1272 119 27 förkastad,

83 1302 25 21 så
123 1304 24 19 är
162 1302 41 21 den
218 1301 122 28 föreslagna
354 1302 113 27 ingressen
481 1303 31 26 på
526 1303 56 21 intet
597 1304 45 19 sätt
656 1302 124 21 motiverad.

151 1331 56 21 Herr
229 1331 138 21 Mechelin:
391 1331 47 22 Den
461 1331 33 21 uti
513 1331 119 22 utskottets
650 1331 137 21 betänkande
801 1329 108 22 förekom-

83 1359 77 22 mande
182 1359 112 27 ingressen
315 1359 49 26 kan,
388 1360 73 21 såsom
483 1359 51 22 herr
555 1359 120 22 Schauman
693 1359 99 28 antydde,
808 1358 49 21 icke
871 1358 40 21 be-

83 1388 83 21 traktas
187 1388 72 21 såsom
278 1388 83 27 ingress
376 1389 8 20 i
398 1388 105 27 förslaget
518 1389 32 20 till
565 1388 132 27 författning,
714 1390 52 19 utan
782 1387 41 21 den
839 1388 24 19 är
878 1388 33 20 ett

84 1417 112 21 uttalande
218 1417 32 21 till
273 1417 123 21 ständerna.
426 1417 48 22 Den
497 1419 25 19 är
536 1417 8 21 i
559 1417 42 21 alla
624 1417 59 21 delar
706 1415 132 27 otillämplig.
868 1416 43 27 Jag

83 1445 83 27 hoppas
190 1445 66 22 också
279 1447 32 20 att
331 1446 41 21 den
391 1445 23 22 af
426 1446 185 27 Borgareståndet
627 1448 93 24 antagna
735 1445 111 26 ingressen
862 1444 49 21 icke

84 1474 41 21 blir
147 1474 106 26 godkänd,
272 1474 91 22 emedan
385 1474 41 22 den
431 1469 14 36 i
465 1475 111 21 stilistiskt
592 1473 102 22 afseende
709 1474 82 20 lemnar
806 1473 107 26 åtskilligt

85 1502 65 27 öfrigt
164 1504 33 20 att
212 1502 74 22 önska,
310 1502 33 22 Då
359 1503 25 21 så
398 1504 79 26 ytterst
493 1503 47 21 små
556 1502 114 27 ändringar
684 1502 8 21 i
706 1501 153 27 författningen
874 1503 38 19 äro

85 1530 81 28 gjorda,
188 1532 23 20 är
232 1531 36 21 det
284 1531 46 27 just
346 1531 48 22 icke
410 1531 48 22 skäl
474 1533 34 19 att
523 1531 61 27 börja
599 1531 48 22 med
663 1530 144 27 förklaringen
823 1531 33 20 att
871 1530 41 21 den
