1070 1739
385 125 39 17 Den
442 123 23 18 17
484 124 108 17 November.
832 122 40 20 683

76 187 57 21 blott
148 187 22 22 af
183 188 86 21 Hennes
285 187 103 27 Majestät
402 187 144 26 Kejsarinnan
562 187 51 20 utan
630 187 41 21 ock
686 185 23 22 af
725 186 60 21 Hans
800 187 103 28 Majestät

77 216 111 27 Kejsaren,
211 217 39 20 vär
272 215 47 22 ädle
343 215 126 27 Storfurste,
491 216 68 21 under
575 216 70 21 denna
659 215 33 22 för
707 215 79 21 honom
802 216 24 21 så
841 216 62 27 djupt

77 245 205 27 bekymmersamma
298 244 36 27 tid,
351 251 94 19 numera,
461 244 69 21 sedan
545 244 21 21 vi
582 244 42 21 alla
640 245 50 21 veta
698 245 33 20 att
748 243 59 22 dessa
819 244 83 27 pennin-

77 279 39 20 gar
130 274 47 21 icke
192 274 56 21 blott
263 273 84 21 komma
363 273 26 22 de
404 273 8 21 i
426 273 71 27 kriget
512 273 65 22 fallne
593 273 40 21 och
654 272 77 22 sårade
748 274 75 25 tappre
838 273 64 27 ryske

77 302 84 27 krigare
176 303 32 20 till
224 302 62 27 godo,
302 303 51 20 utan
370 302 40 21 ock
426 302 52 21 våra
493 302 7 21 i
516 302 63 21 deras
592 301 61 22 leder
664 301 109 22 stridande
785 301 116 25 landsmän,

78 337 94 20 numera,
182 332 66 21 sedan
264 331 41 21 den
319 331 87 26 blodiga
422 331 70 26 dagen
508 331 35 21 vid
559 330 184 28 Gorny-Dubniak
759 330 40 21 den
816 332 27 19 24
859 330 43 21 Ok-

77 359 62 22 tober
154 361 44 20 sett
212 360 92 26 mången
318 359 56 22 finsk
386 359 85 27 krigare
491 359 65 22 sårad
575 359 53 21 eller
645 359 71 26 fallen,
734 359 35 21 det
784 359 48 22 icke
848 358 55 21 skall

77 387 68 22 finnas
160 389 69 26 någon
244 387 56 22 finsk
315 395 48 14 man
379 388 52 21 eller
447 388 78 27 qvinna
540 388 7 21 i
562 388 75 21 landet
652 388 48 21 med
717 387 83 28 hjerta
790 383 10 36 i
811 388 90 25 bröstet,

77 423 46 15 som
138 417 47 21 icke
208 423 66 21 gerna
296 417 74 27 åtager
386 417 33 27 sig
435 417 71 21 denna
521 417 45 21 lilla
581 416 151 28 utgiftsbörda,
748 417 55 21 huru
819 416 41 21 den
876 419 27 18 än

77 446 36 20 må
127 445 65 22 blifva
206 446 119 21 uttaxerad.

145 474 55 22 Herr
216 474 198 28 Björkenheim,
431 475 36 21 R.:
499 474 40 22 Till
550 474 134 22 bedömande
693 473 22 22 af
725 474 69 22 denna
803 474 66 26 fråga,
880 475 23 19 är

78 502 37 22 det
130 502 23 22 af
172 503 71 21 nöden
266 505 32 19 att
320 503 28 27 gå
362 503 90 22 tillbaka
467 503 33 21 till
521 503 50 21 dess
587 503 131 27 begynnelse
732 502 32 22 för
779 502 72 22 såvidt
867 502 36 22 det

77 532 36 21 rör
128 533 67 20 sättet
210 534 32 20 att
258 532 171 27 sammanbringa
444 532 42 21 den
501 532 164 27 ifrågavarande
680 532 107 27 miljonen.
817 532 86 25 Någon-

77 560 46 27 ting
138 562 66 20 annat
218 561 114 27 föreligger
346 561 40 21 här
401 561 137 27 naturligtvis
554 561 48 21 icke
618 561 32 21 till
658 560 134 27 behandling.
816 560 86 22 Tvenne

77 588 23 22 af
113 589 85 21 landets
214 590 99 21 ständers
329 590 86 21 utskott
430 589 64 22 hafva
510 591 68 26 yttrat
593 590 34 26 sig
642 596 35 15 om
692 589 70 21 denna
776 589 45 27 sak,
833 589 70 21 Stats-

78 618 108 21 utskottet
206 618 7 21 i
237 618 39 22 sitt
298 619 40 21 den
362 620 25 20 19
411 619 41 27 maj
477 618 80 27 afgifna
572 618 138 22 betänkande
726 618 40 22 och
781 624 28 15 nu
824 618 79 21 Bevill-

78 646 177 28 ningsutskottet.
286 647 111 21 Hvardera
412 647 22 21 af
448 648 65 20 dessa
529 648 86 21 utskott
633 647 91 22 föreslår
744 648 31 20 ett
791 647 112 21 afvikande

79 677 44 19 sätt
138 675 32 22 för
186 676 214 27 sammanbringande
416 676 22 21 af
452 676 42 22 den
511 676 161 27 ifrågavarande
687 676 106 27 miljonen.
817 676 42 26 Jag
867 675 36 21 vill

77 704 71 21 lemna
163 704 81 22 derhän
260 710 34 16 om
310 705 169 21 Statsutskottet
499 704 48 22 haft
566 705 48 21 skäl
630 707 33 19 att
678 704 39 22 alls
732 704 108 22 inkomma
855 704 49 21 med

77 733 67 27 något
158 732 80 28 förslag
253 733 7 21 i
276 734 69 21 denna
360 734 45 26 del;
422 740 48 15 men
483 734 39 27 jag
537 734 42 21 kan
599 734 49 21 icke
663 734 71 21 lemna
752 733 87 21 alldeles
855 733 48 21 der-

78 762 48 26 hän,
146 763 32 20 att
198 762 174 26 Statsutskottet,
392 763 28 21 då
439 763 36 21 det
495 762 92 22 föreslår
606 769 26 15 en
648 763 25 21 så
688 762 99 22 bestämd
802 761 55 22 form
871 761 33 22 för

79 791 213 26 sammanbringande
311 790 22 22 af
350 790 164 27 ifrågavarande
534 792 80 27 miljon,
634 798 46 14 som
696 792 41 20 den
752 797 76 21 genom
844 792 61 20 extra

77 819 217 27 inkomstbevillning,
310 820 6 21 i
332 820 39 21 sitt
392 820 139 22 betänkande
554 820 48 22 icke
621 826 38 16 ens
675 820 49 21 med
740 822 31 19 ett
787 820 38 21 ord
840 819 65 21 moti-

77 854 63 15 verar
155 848 61 21 detta
234 848 86 27 förslag.
350 848 45 27 Mig
412 848 110 22 förefaller
541 850 43 25 det,
604 855 47 15 som
671 855 34 15 om
724 848 68 22 denna
810 848 95 22 bestäm-

77 876 68 22 melse
160 877 56 21 hade
231 877 7 21 i
254 877 180 22 Statsutskottets
450 878 138 22 betänkande
604 878 111 21 inkommit
725 884 76 20 genom
817 884 25 14 en
852 877 53 21 hän-

78 905 61 22 delse.
170 905 76 22 Säsom
262 906 19 21 vi
297 906 41 22 alla
353 908 56 25 veta,
426 908 24 19 är
465 906 39 22 det
519 907 28 27 pä
562 906 70 28 grund
648 906 22 22 af
688 908 74 20 trenne
777 906 75 21 ständs
868 906 37 21 be-

80 934 51 26 slut,
147 940 46 15 som
209 935 41 21 den
265 941 29 14 nu
309 934 160 27 ifrägavarande
486 936 127 26 taxeringen
628 935 169 27 ifrägakommer.
823 934 82 27 Borga-

77 963 113 21 reständet
204 969 38 15 var
257 963 31 21 till
305 964 81 21 sistone
402 965 58 20 emot
475 964 76 21 saken.
582 965 67 20 Detta
663 970 37 15 var
716 963 55 22 dock
791 963 114 26 naturligt-

77 991 32 22 vis
125 991 47 22 icke
188 991 86 27 bekant,
292 992 26 21 dä
334 992 171 22 Statsutskottet
521 992 58 27 afgaf
589 993 38 21 sitt
637 992 137 22 betänkande
785 992 39 21 och
834 991 72 22 derför

77 1019 62 22 faller
153 1020 47 21 icke
216 1021 38 21 det
269 1027 77 15 ansvar
360 1021 29 26 på
404 1021 173 22 Statsutskottet
591 1021 34 22 för
640 1021 50 22 dess
706 1020 143 27 betänkande,
859 1026 46 15 som

77 1049 62 20 fallet
153 1049 56 21 varit
224 1055 35 16 om
273 1051 32 20 ett
319 1049 87 28 förslag,
423 1051 33 20 att
473 1052 79 25 uttaga
571 1051 41 20 den
630 1049 162 28 ifrågavarande
808 1055 97 16 summan

78 1083 76 21 genom
170 1079 61 20 extra
246 1078 121 27 bavillning,
383 1079 56 21 hade
454 1079 127 22 tillkommit
596 1079 54 21 efter
669 1079 37 22 det
723 1078 183 27 Borgareståndet

78 1106 65 21 fattat
158 1106 39 21 sitt
211 1107 79 21 beslut.
319 1107 51 22 Men
386 1113 82 16 samma
483 1107 37 26 fel,
537 1114 47 15 som
600 1107 70 22 skulle
685 1107 63 22 hafva
763 1108 58 26 legat
835 1107 70 21 Stats-

78 1135 108 22 utskottet
209 1135 32 22 till
264 1136 42 21 last
321 1142 35 15 om
377 1136 49 21 dess
443 1137 140 21 betänkande
598 1137 56 21 varit
669 1136 87 27 afgifvet
771 1136 66 21 sedan
852 1135 53 22 Bor-

80 1163 140 27 gareståndet
234 1166 76 25 vägrat
324 1166 33 20 att
372 1165 115 22 medverka
503 1165 33 22 till
554 1165 162 27 ifrågavarande
736 1164 67 28 gåfva,
824 1171 82 15 samma

78 1192 28 21 fel
129 1192 68 22 hvilar
219 1199 29 16 nu
272 1193 65 27 enligt
359 1194 44 21 min
418 1193 140 28 uppfattning
573 1194 28 27 på
616 1194 245 27 Bevillningsutskottet,
879 1193 27 21 då

78 1221 240 27 Bevillningsutskottet
333 1221 113 28 föreslagit
460 1224 35 20 att
511 1223 41 22 den
567 1223 163 26 ifrågavarande
738 1223 100 26 miljonen
850 1221 55 22 skall

78 1251 110 20 uttaxeras
203 1251 29 26 på
247 1252 31 20 ett
294 1253 50 24 sätt,
360 1251 141 27 hvarigenom
522 1252 124 21 densamma
664 1253 78 20 nästan
760 1251 145 25 uteslutande,

78 1278 129 22 åtminstone
223 1279 32 22 till
271 1279 32 22 sin
318 1279 130 28 ojemförligt
463 1282 85 20 största
564 1281 41 26 del,
622 1281 55 20 skall
693 1281 102 26 påläggas
811 1286 26 15 en
849 1285 56 15 sam-

77 1307 115 22 hällsklass
213 1307 7 22 i
242 1308 95 26 Finland,
361 1315 47 15 som
430 1309 48 22 icke
495 1311 26 20 är
535 1309 40 21 här
589 1309 175 27 representerad;
781 1315 47 14 man
845 1307 61 22 anför

78 1336 72 21 såsom
165 1336 47 21 skäl
228 1336 70 22 derför
313 1337 6 20 i
335 1337 128 27 hufvudsak,
481 1349 26 4 —
525 1340 33 19 att
580 1338 127 27 betydelsen
723 1337 23 22 af
760 1338 68 21 denna
843 1335 63 28 gåfva

78 1365 70 21 skulle
162 1365 85 21 klarare
262 1365 96 26 framstå,
375 1372 34 15 om
425 1366 75 27 hvarje
521 1367 81 21 individ
617 1367 7 20 i
639 1367 79 25 landet,
738 1366 69 22 såvidt
821 1365 85 27 möjligt

78 1395 30 24 är,
124 1393 69 22 skulle
208 1394 50 21 med
273 1395 32 20 sin
321 1394 61 22 skärf
395 1395 90 27 bidraga
501 1395 33 22 till
551 1395 128 22 densamma,
710 1395 26 22 Ja
752 1395 40 26 väl,
808 1393 97 28 betydel-

78 1428 38 15 sen
139 1422 22 21 af
182 1422 70 21 denna
274 1423 62 27 gåfva
358 1423 56 22 hade
436 1424 88 21 klarare
539 1423 116 27 framstått,
672 1430 33 15 om
721 1423 79 22 enhvar
815 1422 92 27 deltagit

78 1450 52 26 deri,
147 1451 74 22 såvida
236 1451 75 27 frågan
326 1451 151 23 öfverlemnats
495 1453 24 21 åt
535 1453 42 21 den
593 1453 104 24 enskilde,
720 1459 34 14 om
769 1453 136 25 representa-

77 1479 74 21 tionen
173 1479 47 21 icke
242 1480 88 27 ingripit
350 1481 32 21 uti
398 1480 42 22 den
459 1481 175 27 beredvillighet,
658 1487 46 15 som
720 1480 88 22 allmänt
823 1479 37 27 gaf
874 1480 33 26 sig

77 1508 110 26 tillkänna,
210 1510 33 19 att
265 1515 77 20 genom
364 1509 101 27 frivilliga
480 1510 79 26 bidrag
573 1510 117 21 medverka
705 1509 32 21 till
753 1510 70 20 denna
838 1508 68 27 gåfva.

76 1536 50 21 Men
141 1536 27 22 då
184 1536 25 22 så
224 1537 47 22 icke
287 1538 65 26 skett,
370 1538 28 21 då
412 1539 204 26 representationen
631 1538 87 27 ingripit
733 1538 7 20 i
756 1538 69 21 denna
839 1537 67 26 fråga,
