1070 1739
195 125 41 20 936
479 127 39 18 Den
538 126 6 18 1
564 127 106 18 December.

167 192 48 25 väg,
232 196 50 15 vare
298 189 39 22 den
354 190 51 21 eller
421 190 32 27 de,
463 197 46 14 som
525 190 60 21 diket
600 190 75 27 nyttja,
692 189 97 28 skyldige
798 191 32 20 att
838 189 38 22 bro
893 189 97 22 deröfver

167 218 71 28 bygga
261 218 39 22 och
322 219 146 27 underhålla",
491 219 112 27 föreslagit
626 221 32 19 att
681 219 67 22 orden
769 225 93 20 ,annans
879 218 108 23 enskilda"

168 247 70 22 skulle
261 248 27 26 gå
303 249 29 25 ut,
347 248 77 21 hvaraf
444 248 69 21 skulle
535 247 64 22 hafva
620 247 48 28 följt
690 249 34 20 att
739 248 41 21 den
795 254 47 15 som
858 247 79 28 bygger
952 247 37 22 bro

167 276 59 22 öfver
248 276 77 21 allmän
347 279 47 25 väg,
418 277 55 21 hade
495 277 56 21 varit
571 277 84 27 skyldig
670 279 33 19 att
718 276 127 22 underhålla
861 276 128 26 densamma,

167 305 41 22 och
230 307 34 19 att
286 305 39 21 den
347 305 47 22 icke
418 306 68 21 skulle
507 305 62 22 hafva
584 306 70 26 ingått
669 306 6 21 i
692 305 38 22 det
745 305 107 22 allmänna
868 305 121 26 vägskiftet.

166 334 42 27 Jag
230 335 38 26 tog
290 335 41 26 mig
346 335 28 21 då
396 335 90 21 friheten
502 336 33 20 att
550 334 79 22 föreslå
644 336 33 20 att
692 335 65 21 dessa
773 334 38 21 ord
827 334 69 21 skulle
912 334 77 21 återin-

168 364 76 25 sättas,
266 364 88 20 emedan
374 363 36 22 det
429 364 68 21 måste
517 370 64 15 anses
597 370 51 15 vara
663 363 50 22 med
728 363 71 22 bättre
815 363 92 26 ordning
922 362 67 22 öfver-

166 392 167 26 enstämmande,
350 399 34 14 om
400 393 40 21 den
456 399 46 15 som
517 392 137 22 underhåller
670 399 26 15 en
711 392 96 27 vägalott
823 392 66 21 också
904 392 39 21 har
958 393 33 19 att

167 427 63 14 svara
252 420 32 21 för
305 421 27 27 på
348 421 70 21 denna
435 423 40 25 väg
491 421 110 27 befintliga
616 423 111 21 trummor,
742 421 124 27 isynnerhet
881 427 46 15 som
942 426 48 15 man

167 449 42 21 kan
225 448 67 22 tänka
307 450 32 26 sig
354 452 33 19 att
402 450 6 21 i
424 450 95 22 tidernas
534 450 71 26 längd,
623 450 27 21 då
666 456 26 15 en
709 450 52 21 eller
777 456 70 14 annan
862 456 27 21 ny
900 451 91 19 trumma

167 478 135 26 tillkommer,
326 479 37 21 det
385 478 95 22 befinnes
497 480 32 20 att
545 479 41 21 den
602 485 40 15 ena
657 479 39 21 har
712 485 26 15 en
754 480 97 24 trumma,
869 478 41 22 den
926 478 65 21 andra

168 513 25 15 en
217 513 69 15 annan
309 509 31 19 att
362 508 131 26 underhålla,
517 509 52 19 utan
593 509 32 19 att
647 507 162 22 vederbörande
827 507 164 27 kronobetjente

166 535 73 21 kunna
254 535 57 21 hålla
324 536 52 21 reda
391 536 28 27 på
434 536 41 22 alla
489 536 64 22 dessa
569 536 222 27 underhållsskyldige
810 536 40 21 och
867 536 122 26 derigenom

167 564 65 21 hafva
246 564 36 22 det
298 564 86 22 svårare
400 567 32 19 att
447 572 23 14 se
486 565 53 22 efter
554 567 80 25 vägens
651 565 68 21 skick.
750 564 125 22 Emellertid
885 564 39 21 har
935 570 55 15 sam-

168 594 108 20 mansatta
291 593 53 27 Lag-
360 594 40 21 och
416 594 219 26 Ekonomiutskottet,
652 600 46 16 som
711 595 73 20 ansett
795 594 59 21 detta
865 593 124 26 stadgande,

168 622 72 21 såsom
264 622 36 21 det
322 625 24 19 är
364 622 22 22 af
402 622 48 22 herr
466 623 129 21 Silfversvan
610 622 124 28 föreslaget,
750 622 35 22 stå
799 622 7 21 i
822 622 53 22 strid
891 622 48 21 med
954 622 36 21 nå-

169 650 49 27 diga
241 650 149 28 förordningen
414 658 33 15 om
468 652 186 26 vattenledningar
674 652 41 21 och
731 651 132 27 vattenverk,
880 651 28 27 på
924 650 67 22 denna

168 680 68 26 grund
252 679 67 28 afböjt
334 680 124 22 detsamma.
488 681 101 21 Tvärtom
605 687 63 21 synes
683 680 44 27 mig
743 680 49 22 herr
801 680 139 22 Silfversvans
948 679 42 22 för-

168 708 47 27 slag
238 708 34 21 stå
294 708 7 21 i
323 708 209 23 öfverenstämmelse
553 710 50 21 med
622 711 10 19 1
650 709 9 28 8
674 710 7 20 i
697 709 79 27 nådiga
791 708 151 27 förordningen
957 714 34 15 om

167 737 186 27 vattenledningar
369 738 39 22 och
425 738 131 27 vattenverk,
566 738 40 22 och
621 738 120 22 utskottets
756 738 81 26 förslag
853 738 52 21 eller
913 737 78 27 nådiga

165 766 161 26 propositionen
340 773 52 15 vara
414 767 6 21 i
440 767 53 21 strid
508 767 93 22 dermed.
632 768 43 21 Det
690 767 42 21 blir
745 766 32 22 till
792 766 52 28 följd
860 766 23 21 af
894 766 96 27 lydelsen

167 794 40 22 här
228 801 30 15 nu
281 796 123 26 detsamma,
428 802 45 15 som
489 803 48 14 man
553 796 28 22 då
595 796 49 22 ville
659 796 77 26 införa,
752 802 48 14 men
816 802 46 14 som
876 795 47 21 icke
939 795 52 27 god-

166 822 89 22 kändes.
286 824 71 27 Enligt
372 824 94 28 lydelsen
483 824 22 22 af
518 824 139 22 förenämnda
672 824 80 27 nådiga
770 824 134 27 proposition
922 823 69 22 skulle

167 852 61 21 detta
243 852 119 28 stadgande
385 854 56 26 gälla
463 854 76 22 endast
555 860 81 15 annans
652 853 99 22 enskilda
765 855 42 25 väg
822 853 40 21 och
877 859 29 15 nu
922 852 69 22 skulle

168 880 36 22 det
220 880 64 23 blifva
300 882 122 27 tillämpligt
436 883 27 26 på
479 883 42 21 alla
535 885 72 25 vägar.
637 882 43 27 Jag
694 882 34 21 får
743 882 28 27 på
787 882 69 21 denna
872 882 68 26 grund
953 888 38 14 un-

168 908 111 29 derstödja
293 912 165 21 reservationen.

235 938 57 22 Herr
306 939 191 27 Björkenheim,
515 941 35 20 R.:
581 940 120 26 Utskottet,
718 940 58 20 inom
791 939 82 21 hvilket
883 939 49 21 herr
943 938 48 22 Silf-

166 972 91 16 versvan
272 967 103 22 framlade
391 968 40 22 den
448 969 55 26 åsigt
519 975 46 15 som
579 968 68 23 finnes
663 968 98 27 uttryckt
774 967 7 22 i
789 967 53 22 hans
851 967 139 26 reservation,

167 994 40 22 har
232 995 48 22 icke
305 996 83 22 kunnat
414 997 113 27 godkänna
551 998 129 21 densamma.
721 997 113 21 Utskottet
855 996 40 21 har
917 996 74 21 nemli-

167 1029 47 21 gen,
231 1024 49 21 med
304 1025 40 22 den
369 1025 154 28 klassificering
548 1026 49 22 utaf
617 1027 108 21 allmänna
747 1027 66 26 vägar
836 1025 40 22 och
900 1025 92 27 byvägar

167 1058 46 15 som
228 1053 8 20 i
254 1053 78 28 nådiga
353 1055 160 26 propositionen
535 1055 68 22 finnes
626 1055 41 22 och
689 1061 91 15 numera
803 1056 24 19 är
849 1054 99 27 godkänd
971 1053 22 22 af

167 1081 93 27 ståndet,
277 1082 31 21 till
323 1083 94 27 byvägar
432 1083 85 22 hänfört
531 1084 78 27 många
628 1086 66 25 vägar
715 1089 47 16 som
780 1083 86 27 mycket
881 1082 111 22 trafikeras

167 1110 40 21 och
223 1110 32 21 till
272 1111 144 22 allmänheten
428 1113 34 20 stå
469 1113 96 21 isamma
580 1113 134 21 förhållande
728 1118 45 15 som
789 1111 133 28 landsvägar.
952 1111 40 22 Ut-

167 1138 83 22 skottet
266 1139 39 22 har
320 1140 85 23 derföre
425 1141 46 22 icke
494 1142 57 21 velat
566 1141 62 22 hafva
643 1142 72 27 någon
738 1140 85 22 skilnad
839 1141 6 20 i
861 1140 61 22 detta
938 1139 54 22 afse-

168 1168 54 21 ende
245 1168 89 22 emellan
358 1170 64 21 dessa
443 1172 76 19 tvenne
539 1171 46 26 slag
601 1170 22 21 af
636 1172 72 25 vägar.
740 1169 62 22 Hvad
818 1169 47 22 åter
879 1169 67 27 angår
961 1169 32 21 att

167 1202 70 15 annan
253 1203 85 21 person,
354 1204 46 15 som
414 1199 59 21 leder
489 1199 48 22 dike
553 1199 59 22 öfver
627 1205 26 16 en
668 1201 49 24 väg,
735 1199 77 20 endast
827 1198 70 21 skulle
915 1197 77 22 under-

166 1224 58 22 hålla
246 1225 38 22 bro
308 1226 58 22 öfver
389 1227 59 22 detta
468 1228 48 21 dike
532 1228 32 21 till
580 1228 49 21 dess
644 1227 70 22 första
729 1227 106 27 vägskifte
849 1226 103 26 inträffar,
968 1226 25 21 så

167 1253 39 22 har
221 1255 108 21 utskottet
344 1256 68 21 också
427 1258 71 20 ansett
513 1256 61 22 detta
590 1257 89 26 obilligt.
710 1256 35 21 Då
761 1255 36 22 det
813 1255 67 28 gäller
895 1257 33 20 att
938 1257 54 20 torr-

166 1282 64 27 lägga
252 1289 27 15 en
301 1284 66 26 mark,
392 1285 24 21 så
438 1285 66 22 finnes
528 1286 37 21 det
587 1286 6 21 i
616 1285 27 22 de
665 1285 65 22 flesta
752 1283 37 22 fall
812 1284 57 21 olika
892 1285 44 20 sätt
961 1285 32 20 att

166 1313 98 26 uppgöra
280 1318 25 15 en
321 1313 156 28 dikningsplan.
507 1314 47 21 Den
570 1314 108 27 billigaste
694 1313 42 22 och
751 1312 168 28 förjordegaren
928 1312 64 21 ända-

166 1340 162 27 målsenligaste
352 1344 24 19 är
398 1343 135 26 naturligtvis
550 1343 41 21 den
607 1345 33 20 att
657 1342 124 22 oberoende
797 1341 22 22 af
833 1343 32 20 att
881 1348 26 15 en
922 1341 70 21 lands-

167 1371 41 24 väg
224 1369 61 27 löper
306 1369 60 28 fram,
382 1371 50 21 leda
446 1373 83 20 vattnet
544 1373 59 20 tvärs
620 1371 58 22 öfver
694 1371 131 26 densamma,
848 1371 24 20 så
888 1370 44 21 ofta
947 1376 46 15 som

166 1397 37 22 det
225 1398 109 27 behöfves,
358 1406 49 15 men
429 1400 42 21 han
493 1401 42 20 kan
559 1401 39 20 ock
621 1400 45 21 ofta
681 1405 79 22 genom
775 1399 136 27 fördjupning
926 1398 22 21 af
961 1400 32 20 ett

166 1426 136 28 afloppsdike
324 1429 69 21 samla
416 1431 83 20 vattnet
521 1429 46 22 från
590 1429 47 22 sina
653 1435 53 21 egor
722 1429 41 21 och
778 1427 71 22 utföra
865 1428 37 21 det
917 1433 76 21 genom

166 1456 32 19 ett
212 1456 56 20 enda
283 1456 53 21 eller
352 1459 32 19 ett
399 1457 55 22 färre
470 1458 58 21 antal
544 1458 69 21 diken.
644 1457 141 22 Korrektivet
800 1458 58 20 emot
874 1458 31 20 ett
916 1456 77 21 sådant

167 1484 89 27 onödigt
272 1485 186 23 sönderskärande
474 1486 22 22 af
508 1486 138 27 landsvägen,
662 1492 47 16 som
718 1486 48 21 icke
777 1486 56 21 blott
843 1484 82 22 medför
933 1484 59 22 kost-

165 1512 67 31 nader
254 1515 52 19 utan
329 1514 67 22 också
418 1515 54 21 väda
494 1514 33 23 för
548 1514 98 28 trafiken,
669 1515 71 27 ligger
758 1514 32 22 uti
805 1516 34 19 att
851 1514 142 26 jordegarene

166 1540 76 28 sjelfva
257 1541 21 22 få
294 1543 127 22 underhålla
437 1544 26 22 de
479 1551 40 21 nya
534 1546 132 20 trummorna
681 1550 48 16 som
744 1542 123 23 framkallas
883 1542 22 22 af
919 1542 26 22 de
961 1542 29 22 di-
