1070 1739
378 120 40 17 Den
434 118 12 19 6
462 119 112 18 November.
816 117 41 20 483

63 183 183 28 bordläggningen
260 182 55 21 intill
332 183 49 21 dess
398 182 170 22 Statsutskottet
583 181 113 22 inkommit
711 182 49 21 med
777 181 39 22 sitt
831 187 58 16 sam-

63 211 147 23 manfattande
226 211 230 27 anslagsbetänkande.
487 211 47 22 Och
552 210 45 22 blef
613 211 71 22 denna
698 210 156 28 framställning
869 209 22 22 af

64 240 87 23 ståndet
163 240 95 29 jakande
273 239 112 23 besvarad.

133 298 41 22 För
197 297 87 22 ståndet
305 297 111 28 föredrogs
435 298 40 22 och
487 298 125 28 godkändes
627 299 53 20 utan
696 296 123 23 diskussion
834 297 55 27 Lag-

65 327 118 22 utskottets
205 326 118 27 bordlagda
344 326 138 23 betänkande
497 328 7 21 i
520 327 115 26 anledning
650 325 22 22 af
686 327 32 20 ett
733 326 57 21 inom
805 326 84 21 Bonde-

66 356 87 21 ståndet
173 355 131 22 framställdt
324 355 186 28 petitionsförslag
525 356 111 27 angående
652 355 68 22 sådan
736 354 90 28 ändring
841 354 23 22 af
878 356 12 20 7

66 383 11 28 &
94 386 24 20 11
135 385 48 26 kap.
197 385 25 21 R.
238 384 32 27 B.,
287 385 33 21 att
334 385 108 27 stämning
456 385 49 22 icke
513 385 56 27 finge
577 385 39 22 ske
624 390 36 16 om
668 385 48 21 sön-
725 383 52 23 eller
785 383 106 28 helgedag

67 413 14 21 ä
93 413 115 28 kyrkovall.

134 470 60 22 Härä
208 470 110 28 föredrogs
334 470 109 23 allmänna
456 471 216 22 Besvärsutskottets
686 470 119 28 bordlagda
815 470 76 22 betän-

66 499 71 22 kande
151 500 7 21 i
174 499 114 28 anledning
303 499 23 22 af
339 500 107 22 särskilda
461 500 117 28 petitioner
593 506 35 16 om
646 499 124 23 inrättande
788 499 23 22 af
823 498 69 22 finska

66 528 212 22 fruntimmerskolor.

135 557 55 22 Herr
203 557 194 27 Björkenheim,
408 558 32 26 R.,
451 558 68 22 erhöll
526 558 29 27 pä
562 558 95 27 begäran
672 557 62 22 ordet
750 557 40 22 och
797 556 94 29 yttrade:

67 586 41 26 Jag
130 586 95 22 anhäller
246 586 110 22 vördsamt
378 588 33 20 att
433 586 22 22 fä
468 586 58 23 fästa
542 587 37 21 det
593 586 117 28 höglofliga
724 586 99 22 ständets
839 592 53 22 upp-

67 614 146 23 märksamhet
227 614 35 22 vid
277 621 26 15 en
318 614 22 22 af
353 616 43 26 mig
412 616 73 21 säsom
499 616 96 21 ledamot
607 616 7 20 i
629 616 109 21 utskottet
753 614 92 28 afgifven
859 621 33 15 re-

67 644 113 21 servation.
211 644 76 21 Denna
308 644 135 22 reservation
458 645 58 21 afser
531 646 33 20 att
578 644 56 22 fatta
650 644 75 27 frägan
740 643 47 23 frän
802 650 27 16 en
843 643 50 22 vida

67 672 129 22 allmännare
205 672 108 28 synpunkt
322 675 26 19 än
357 673 42 22 den
407 680 26 14 ur
440 673 87 22 hvilken
537 674 169 26 petitionärerne
715 673 40 21 och
763 672 27 22 de
798 672 94 22 ledamö-

67 703 34 19 ter
117 701 22 21 af
147 702 114 26 utskottet,
276 708 45 15 som
334 702 69 22 denna
419 702 56 28 gäng
491 703 82 27 utgjort
589 702 49 22 dess
654 702 115 27 majoritet,
784 701 110 27 uppfattat

68 730 128 22 densamma.
227 730 76 22 Denna
317 731 132 22 reservation
465 730 58 23 afser
539 733 33 19 att
587 731 112 21 dessutom
713 730 132 22 förekomma
861 730 32 21 in-

67 760 111 21 rättandet
200 758 22 22 af
243 759 135 27 statsskolor,
394 760 38 21 der
447 760 83 22 sädana
547 760 101 26 möjligen
667 760 41 21 och
722 760 83 26 ganska
819 758 75 28 troligt

68 787 47 22 icke
131 788 69 21 skulle
215 788 46 22 visa
276 788 33 27 sig
330 794 52 16 vara
402 788 22 22 af
437 788 102 22 behofvet
554 788 120 28 påkallade.
705 788 48 22 Den
768 788 57 22 afser
839 789 34 20 att
887 787 7 21 i

68 815 88 23 främsta
178 818 92 20 rummet
292 816 118 23 understöd
434 818 70 21 skulle
522 818 82 21 lemnas
620 818 22 21 ät
657 817 149 27 privatskolor,
822 816 73 22 hvilka

67 845 85 21 bevisat
166 846 34 26 sig
214 852 52 15 vara
280 845 22 22 af
315 845 102 23 behofvet
431 846 116 27 påkallade
562 846 41 22 och
617 846 109 27 uppbäras
745 845 22 22 af
786 847 32 20 ett
832 845 62 21 verk-

68 873 39 28 ligt
121 874 175 27 bildningsbehof
309 874 39 22 och
365 874 61 22 detta
441 875 123 22 oberoende
579 874 22 22 af
614 875 38 21 det
667 874 71 28 språk,
759 880 46 16 som
815 874 7 21 i
831 874 64 21 dessa

69 902 72 22 skolor
156 904 63 26 utgör
234 903 261 28 undervisningsspräket.
525 904 76 22 Denna
618 904 134 21 reservation
770 903 63 27 utgär
848 902 47 22 frän

68 932 104 26 yrkandet
186 932 30 27 pä
229 932 61 27 billig
304 932 142 27 likställighet
461 933 27 21 de
504 933 57 21 olika
577 932 93 27 spräken
685 932 90 22 emellan
790 932 7 21 i
814 932 80 21 landet.

68 960 47 22 Den
138 961 64 21 söker
219 960 42 22 frid
280 961 40 21 och
338 961 54 26 icke,
409 961 74 22 säsom
498 968 50 15 man
563 963 72 25 tyvärr
650 961 36 22 vid
701 961 158 26 behandlingen
874 959 23 22 af

69 989 41 21 den
125 989 107 22 allmänna
248 989 121 27 skolfrägan
384 990 29 27 pä
428 990 79 27 mänga
521 990 45 21 häll
581 990 49 21 med
645 996 50 21 sorg
711 989 79 26 erfarit,
803 989 36 22 det
849 995 46 15 som

67 1017 48 22 frän
130 1019 66 20 annat
210 1017 45 22 häll
270 1018 90 22 sträfvas
376 1019 39 25 till,
431 1019 108 27 nemligen
554 1019 130 26 utvidgande
700 1018 22 22 af
735 1018 82 28 klyftan
831 1017 64 22 emel-

69 1046 34 22 lan
120 1046 27 22 de
162 1047 58 21 olika
235 1047 85 22 delarne
337 1046 23 22 af
373 1047 47 22 värt
431 1047 45 22 folk
487 1047 41 22 och
539 1047 188 28 upprätthällande
738 1047 23 22 af
770 1047 41 22 den
820 1047 75 21 konst-

69 1075 49 22 lade
133 1075 61 27 strid,
210 1081 47 16 som
272 1082 29 15 nu
315 1078 72 25 tyvärr
402 1075 123 23 förefinnes.

137 1104 56 22 Herr
208 1110 42 16 von
264 1105 124 22 Kramer:
418 1105 73 22 Jemte
514 1105 37 22 det
564 1106 38 27 jag
616 1105 39 22 ber
670 1105 22 21 fä
707 1104 140 27 understödja
861 1105 34 20 ut-

69 1133 95 22 skottets
186 1132 80 28 förslag
281 1133 7 22 i
303 1133 68 28 punkt
393 1133 23 27 a)
435 1134 41 21 och
491 1133 31 28 b),
539 1135 88 21 emedan
642 1134 37 27 jag
694 1134 7 21 i
715 1133 92 22 nämnde
822 1133 74 21 städer

69 1168 63 15 anser
146 1161 70 22 finska
230 1161 219 23 fruntimmersskolor
464 1163 86 27 nödiga,
562 1163 25 21 sä
598 1163 78 22 önskar
684 1163 37 27 jag
732 1162 33 21 till
775 1161 120 22 förlikande

69 1190 24 22 af
106 1191 27 21 de
155 1190 90 27 stridiga
268 1191 80 27 äsigter
367 1197 47 16 som
434 1191 99 26 uttalats,
549 1191 41 22 och
605 1191 7 22 i
627 1191 69 22 likhet
711 1191 49 22 med
775 1191 56 21 hvad
845 1190 50 21 herr

69 1219 151 28 Björkenheim
234 1220 50 21 med
299 1220 32 21 sin
346 1220 137 22 reservation
497 1220 37 22 vill
549 1220 155 26 åstadkomma,
720 1222 34 19 att
768 1219 63 22 ordet
843 1218 51 27 ,fin-

70 1249 51 20 ska*
137 1248 7 21 i
159 1249 69 26 punkt
243 1248 20 27 c)
280 1248 70 22 skulle
370 1250 95 25 uttagas,
484 1249 139 27 hvarigenom
642 1249 106 27 styrelsen
762 1248 48 22 icke
825 1247 70 22 blefve

69 1276 124 23 förhindrad
208 1278 33 20 att
255 1277 79 22 inrätta
350 1277 52 22 eller
419 1277 168 22 subventionera
597 1277 60 22 såväl
668 1277 92 22 svenska
770 1283 47 16 som
825 1276 70 21 finska

70 1305 79 27 skolor,
166 1306 37 21 der
217 1305 101 23 behofvet
333 1305 23 22 af
369 1306 81 21 endera
464 1307 57 21 visat
537 1307 33 26 sig
586 1306 103 27 existera;
709 1312 49 15 men
773 1306 61 21 detta
848 1305 47 21 hin-

71 1334 49 22 drar
134 1334 48 23 icke
198 1336 32 20 att
246 1335 27 21 de
288 1336 78 21 tvenne
381 1335 80 26 skolor,
478 1341 47 16 som
540 1337 37 20 äro
592 1335 96 27 begärda
702 1335 40 22 och
757 1334 23 22 af
788 1334 108 21 utskottet

71 1363 103 22 särskildt
188 1363 118 27 påpekade,
322 1363 66 22 blifva
402 1363 116 22 inrättade.

139 1391 98 22 Friherre
252 1398 41 15 von
304 1392 80 26 Born,
400 1392 36 21 V.:
467 1393 43 26 Jag
521 1393 38 21 ber
567 1393 33 21 att
607 1391 23 22 få
638 1392 125 27 obetingadt
770 1391 75 22 förena
853 1391 44 27 mig

71 1426 34 16 om
119 1421 50 21 herr
184 1421 162 27 Björkenheims
362 1421 141 26 reservation,
519 1421 41 22 och
577 1421 36 21 det
628 1420 89 29 fängnar
731 1421 43 26 mig
782 1420 109 26 särskildt,

71 1451 32 20 att
123 1449 57 22 finna
202 1449 50 22 herr
273 1449 162 27 Björkenheims
454 1456 65 15 namn
535 1450 69 21 denna
618 1449 56 28 gång
689 1449 99 22 förenadt
803 1449 49 22 med
867 1455 27 15 en

71 1478 64 26 åsigt,
151 1484 47 16 som
210 1478 37 27 jag
262 1477 45 23 ofta
321 1477 59 23 förut
394 1477 47 23 haft
456 1480 54 20 äran
525 1477 75 27 uttala,
616 1478 106 26 nemligen
738 1478 41 21 den
790 1478 63 26 åsigt,
865 1478 34 20 att

71 1506 117 22 ständerna
202 1506 48 22 icke
265 1506 53 22 böra
332 1506 7 22 i
354 1506 123 28 skolfrågor
492 1506 49 28 ingå
555 1506 8 21 i
572 1506 72 22 lokala
654 1506 99 27 detaljer;
770 1506 37 22 det
817 1508 24 19 är
850 1505 49 22 icke

71 1535 62 21 alltid
152 1535 38 27 jag
212 1535 50 22 hört
283 1535 50 22 herr
354 1535 155 27 Björkenheim
527 1534 58 28 hylla
605 1536 69 22 denna
690 1535 68 27 åsigt;
773 1535 26 22 så
813 1534 86 28 mycket

821 1577 10 17 2
