1070 1739
204 137 41 19 644
485 139 40 17 Den
543 137 25 19 15
584 138 108 18 November.

173 201 71 26 stånd,
260 201 71 21 hvilka
346 208 28 15 nu
390 201 144 27 undandragit
550 201 33 27 sig
598 201 86 27 frågans
700 201 131 27 granskning
846 201 7 21 i
869 201 71 27 detalj,
952 201 47 22 åter

172 229 71 22 skulle
265 232 95 25 upptaga
382 231 52 26 den;
456 237 50 14 men
529 230 38 21 det
584 231 25 20 är
626 230 50 24 icke
694 230 67 27 svårt,
781 236 35 15 om
831 236 49 15 man
895 230 104 27 granskar

172 258 152 22 diskussionen
338 259 7 21 i
360 259 86 22 Preste-
462 259 41 22 och
518 258 175 27 Bondestånden,
710 260 34 20 att
762 264 23 15 se
801 259 92 21 emellan
907 259 91 20 raderna

172 289 33 19 att
220 287 38 22 det
272 287 78 22 saknas
366 288 42 27 god
422 287 50 28 vilja
492 289 33 20 att
543 289 97 26 upptaga
658 288 66 21 saken
741 287 22 22 af
777 287 47 22 skäl
840 293 46 16 som
899 287 37 27 jag
951 287 47 22 icke

172 316 35 21 vill
229 316 41 21 här
290 316 86 22 vidröra
398 316 52 22 eller
464 316 121 22 bedömma.
615 316 43 27 Jag
680 319 24 18 är
726 315 72 22 derför
817 316 77 21 liksom
909 315 88 22 friherre

170 345 80 21 Wrede
264 344 124 28 öfvertygad
403 347 33 20 att
450 351 27 16 en
492 345 126 27 inbjudning
628 344 47 22 från
683 345 172 26 Ridderskapets
867 344 40 22 och
917 344 80 22 Adelns

171 373 53 22 eller
246 373 194 28 Borgareståndets
463 373 48 22 sida
532 374 48 21 icke
603 373 70 22 skulle
692 373 34 22 till
744 374 71 26 någon
831 379 70 16 annan
916 373 81 27 utgång

170 401 112 22 föranleda
298 405 25 19 än
340 403 41 21 den
395 409 29 15 nu
438 402 154 28 föreliggande.
617 402 39 21 Att
666 403 110 21 utskottet
785 402 48 21 icke
844 402 82 21 kunnat
935 402 61 22 verk-

170 431 66 21 ställa
258 437 26 15 en
306 431 68 21 sådan
395 431 132 27 inbjudning,
547 431 28 21 då
594 431 7 21 i
617 431 71 21 denna
702 431 62 27 fråga
779 431 36 21 två
831 431 64 21 stånd
910 432 87 20 stannat

171 460 59 21 emot
245 459 43 27 två,
312 462 23 19 är
354 460 62 21 klart.
447 460 58 21 Ifrån
521 459 99 22 ståndets
636 460 48 21 sida
699 459 70 22 skulle
781 459 39 28 jag
836 459 55 22 dock
905 458 33 23 för
952 459 44 21 min

171 488 34 21 del
221 488 61 26 ändå,
298 488 66 22 redan
379 488 57 22 blott
450 488 33 22 för
495 490 32 20 att
540 488 88 22 ståndet
645 488 36 22 må
699 487 65 23 hafva
779 488 39 21 sitt
833 490 94 20 samvete
943 487 52 27 fritt,

170 516 107 28 tillstyrka
300 519 31 19 ett
352 517 80 27 försök,
449 517 41 22 och
509 517 71 22 skulle
593 517 37 27 jag
646 517 86 22 således
748 523 51 15 vara
815 524 52 15 ense
883 517 48 21 med
946 517 50 21 herr

169 544 23 22 af
213 545 105 22 Forselles
342 552 34 16 om
399 547 33 20 att
451 546 49 22 med
519 546 102 22 afseende
638 546 12 21 å
664 546 88 27 frågans
767 547 60 20 stora
842 545 45 28 vigt
902 546 52 26 göra
969 552 26 15 en

169 574 127 27 inbjudning
311 580 33 16 om
360 581 27 15 en
402 575 68 21 sådan
485 574 117 27 förklaring
617 574 47 22 från
684 574 104 22 ståndens
805 574 52 22 sida.

238 602 10 22 I
263 603 114 27 anledning
392 603 23 22 af
428 604 26 21 de
473 604 68 21 under
561 603 153 23 diskussionen
734 603 97 22 uttalade
846 603 80 27 åsigter
941 609 53 21 upp-

168 631 90 21 ställdes
274 638 30 15 nu
318 638 27 16 en
360 632 26 22 så
399 632 93 28 lydande
506 632 144 27 proposition:

239 660 66 26 »Den,
330 667 47 15 som
392 661 35 22 vill
443 667 76 21 genom
536 661 127 27 deputation
678 660 90 28 inbjuda
783 660 163 22 Presteståndet
961 662 33 20 att

167 688 51 27 ingå
232 688 7 21 i
255 689 197 27 detaljgranskning
472 689 23 22 af
512 690 154 26 betänkandet,
686 690 113 26 angående
816 689 128 21 förändrade
957 689 37 21 be-

167 717 133 27 stämningar
314 718 32 22 för
361 718 182 26 häradsrätterne,
559 719 42 21 och
615 718 165 22 Bondeståndet
795 720 33 19 att
843 724 54 20 egna
905 717 89 28 förnyad

167 745 99 27 pröfning
282 746 22 22 åt
319 753 82 15 samma
414 747 144 26 betänkande,
575 753 73 16 svarar
661 747 32 27 ja;

235 774 75 22 vinner
331 776 41 26 nej,
396 782 63 15 anses
483 776 165 27 Lagutskottets
664 775 157 27 framställning
836 775 7 21 i
859 776 71 20 ämnet
945 775 48 21 icke

166 802 112 22 föranleda
292 804 32 21 till
339 804 71 27 någon
426 804 96 27 åtgärd".

234 832 46 21 Och
289 838 46 16 som
343 833 88 21 ståndet
439 839 77 21 genom
524 833 71 21 denna
602 833 147 27 propositions
758 832 135 22 besvarande
901 832 49 22 med
959 832 30 22 öf-

165 860 136 27 vervägande
313 861 23 27 ja
351 862 96 21 beslutat
462 862 32 21 till
508 862 94 21 nämnda
616 862 137 27 inbjudnings
771 861 108 22 aflåtande
894 861 32 21 till
941 861 50 21 Pre-

164 890 44 20 ste-
224 889 41 21 och
280 890 174 27 Bondestånden,
469 890 65 26 utsåg
549 890 50 22 herr
615 890 211 22 Landtmarskalken
841 890 33 21 till
889 890 101 21 medlem-

162 923 47 15 mar
224 917 7 21 i
246 918 42 22 den
305 918 132 28 deputation,
446 925 46 15 som
507 919 32 21 till
555 919 66 27 sagde
636 919 66 21 stånd
718 919 68 21 skulle
796 918 101 22 framföra
907 919 83 27 inbjud-

162 945 86 27 ningen,
265 946 74 23 herrar
354 948 111 26 Järnefelt,
481 948 149 27 Montgomery
646 948 40 21 och
703 947 24 22 af
740 947 114 26 Forselles,
870 947 62 21 Emil.

230 1002 57 22 Herr
308 1003 207 23 Landtmarskalken
538 1004 159 23 öfverlemnade
723 1004 68 27 härpå
817 1004 33 21 till
873 1003 116 28 afgörande

160 1030 188 24 Bankutskottets'
359 1033 137 22 betänkande
511 1033 111 27 angående
637 1033 83 26 förslag
734 1033 33 21 till
781 1039 28 21 ny
819 1033 129 21 instruktion
956 1032 33 22 för

160 1058 197 29 bankfullmäktige,
374 1061 24 22 af
417 1062 82 21 hvilket
513 1061 86 28 förslag,
615 1062 49 22 med
679 1061 142 28 förbigående
835 1061 24 22 af
871 1061 116 27 ingressen,

159 1093 63 16 mom.
239 1088 22 27 a)
276 1089 33 21 till
324 1089 54 22 först
393 1089 118 28 föredrogs.

228 1117 56 22 Herr
305 1118 177 28 Montgomery
504 1119 73 21 anhöll
598 1119 76 22 härvid
698 1125 34 15 om
753 1119 63 21 ordet
836 1119 40 21 och
891 1118 94 27 yttrade:

158 1144 34 21 Då
208 1145 41 21 den
264 1146 137 28 uppfattning
416 1147 23 22 af
452 1147 144 22 förhållandet
604 1148 92 21 emellan
707 1147 158 22 instruktionen
876 1147 33 21 för
919 1147 67 21 bank-

156 1172 137 29 fullmäktige
315 1175 48 22 utaf
384 1176 41 21 den
441 1178 11 19 9
468 1177 121 20 December
611 1178 54 20 1867
682 1177 43 21 och
743 1175 100 28 gällande
858 1175 127 27 bankregle-

156 1203 79 30 mente,
251 1209 47 15 som
312 1204 180 22 Bankutskottets
508 1205 137 22 betänkande
667 1205 92 26 utvisar,
779 1204 22 22 af
821 1204 44 27 mig
880 1204 48 21 icke
943 1205 42 20 kan

157 1229 32 21 till
204 1230 52 22 fullo
272 1232 66 27 delas,
355 1233 25 21 så
394 1233 39 22 ber
452 1233 38 27 jag
511 1233 22 21 få
551 1234 75 21 härom
640 1235 60 26 yttra
716 1233 48 27 mig.
794 1233 35 21 Då
845 1233 66 26 enligt
926 1234 58 20 stän-

156 1257 78 23 dernas
250 1260 36 21 vid
302 1262 54 20 1867
371 1261 34 22 års
428 1261 103 27 landtdag
553 1262 83 22 fattade
654 1262 75 22 beslut
744 1263 32 20 ett
791 1263 48 26 nytt
854 1261 129 27 reglemente

154 1285 34 22 för
209 1287 101 23 Finlands
333 1289 58 22 bank
414 1290 68 21 skulle
505 1292 115 25 uppgöras,
644 1291 73 27 ingick
739 1291 8 20 i
767 1291 60 20 detta
842 1290 73 21 beslut
930 1290 53 21 att
974 1281 14 42 i

154 1314 62 23 detta
231 1317 130 26 reglemente
377 1318 70 21 skulle
461 1319 50 26 ingå
526 1319 136 28 fullständigt
678 1320 28 21 de
722 1319 142 27 stadganden,
873 1325 46 15 som
934 1319 49 21 ord-

153 1344 56 21 nade
232 1345 96 22 bankens
351 1347 92 26 styrelse
465 1347 40 22 och
522 1347 136 28 förvaltning.
689 1348 11 21 I
716 1347 61 22 detta
792 1347 55 28 syfte
863 1353 38 16 var
916 1347 66 22 också

154 1371 106 32 förslaget
282 1375 32 20 till
341 1375 131 26 reglemente
498 1376 123 27 uppgjordt.
661 1377 53 21 Man
739 1377 83 26 upptog
847 1376 7 21 i
879 1375 103 26 förslaget

152 1399 54 23 ifrån
231 1403 55 21 1840
309 1403 34 22 års
359 1403 58 22 förut
435 1404 99 27 gällande
549 1405 139 26 reglemente,
705 1405 47 21 från
768 1405 79 26 nådiga
861 1404 119 21 förordnin-

151 1434 42 21 gen
208 1429 24 32 af
245 1431 42 21 den
296 1433 11 20 9
316 1432 119 22 December
445 1435 60 24 1867,
514 1433 40 22 och
562 1433 54 22 ifrån
624 1434 82 27 nådiga
713 1434 145 27 kungörelsen
866 1432 23 22 af
898 1439 83 16 samma

151 1457 48 26 dag,
215 1459 148 23 innefattande
378 1461 129 21 instruktion
522 1461 33 22 för
573 1462 202 26 bankfullmäktige,
791 1462 40 21 allt
846 1467 47 16 som
909 1468 36 14 var
960 1461 23 21 af

151 1484 42 22 den
209 1486 111 28 betydelse
336 1490 33 20 att
384 1490 37 20 det
437 1491 50 20 utan
510 1490 100 22 afseende
629 1491 29 27 på
677 1491 110 21 särskilda
801 1490 178 26 tidsomständig-

149 1512 62 23 heter
227 1514 67 24 borde
309 1517 58 27 gälla
381 1518 36 21 vid
432 1518 95 22 bankens
547 1518 136 28 förvaltning.
714 1520 10 20 I
742 1519 52 26 följd
811 1518 62 22 deraf
886 1518 71 27 ingick
971 1519 8 21 i

148 1541 204 31 barkfullmäktiges
368 1545 80 29 förslag
463 1547 34 22 vid
515 1548 54 21 1872
585 1548 34 22 års
635 1548 106 27 landtdag
756 1548 65 22 bland
833 1549 67 20 annat
911 1553 25 16 en
947 1547 31 22 uti
