1070 1739
181 121 43 20 808
463 123 39 18 Den
519 121 26 20 29
562 123 108 18 November.

151 185 78 27 ningen
244 185 33 22 för
291 185 176 23 kommissionens
483 185 81 28 förslag
579 186 10 21 I
605 186 28 27 (p.
651 185 94 26 28—32)
762 187 23 20 är
800 185 106 27 uppgjord
922 185 53 22 efter

151 215 123 21 nuvarande
288 215 98 27 billigare
400 215 44 26 pris
461 215 39 22 och
517 215 126 22 materielen
659 217 29 24 är,
705 215 72 21 såsom
789 214 109 27 antyddes,
910 215 65 25 tagen

151 243 85 28 mycket
251 243 115 28 knappare.
397 243 89 22 Derföre
502 244 39 21 har
556 245 108 20 utskottet
679 245 7 20 i
702 244 39 21 sitt
756 243 135 22 betänkande
902 249 48 20 pag.
962 245 13 20 8

151 278 76 21 genom
243 273 47 20 sina
306 272 132 28 sakkunniga
453 273 119 22 ledamöter
587 273 49 21 låtit
651 274 97 26 uppgöra
760 279 25 14 en
798 271 134 28 jemförande
943 273 32 20 ta-

151 301 42 21 bell
210 301 39 22 och
264 301 33 22 får
316 301 44 27 der,
383 302 67 21 under
471 301 156 28 förutsättning
642 304 32 19 att
689 301 142 27 bredspåriga
846 301 67 21 banor
927 301 48 21 med

152 332 53 25 tung
223 330 158 28 öfverbyggnad
403 331 80 27 byggas
507 330 55 22 efter
577 331 123 21 nuvarande
716 330 44 27 pris
775 330 39 21 och
831 330 48 21 med
895 336 81 15 samma

152 359 115 27 besparing
289 359 7 21 i
314 359 130 27 materielen,
466 366 26 15 en
513 360 94 21 kostnad
625 359 23 22 af
664 360 78 21 endast
760 360 77 25 85,400
858 359 59 20 mark
938 365 38 20 per

151 389 65 20 verst.
247 388 69 21 Alltså
331 389 39 21 blir
386 389 117 21 skillnaden
519 389 32 21 för
567 389 126 26 bredspårig
709 388 55 21 bana
779 387 50 22 med
845 389 51 25 tung
907 387 67 22 öfver-

152 416 98 27 byggnad
271 417 36 21 vid
329 418 121 20 nuvarande
472 418 69 26 priser
557 424 18 14 o.
593 424 16 14 s.
626 425 25 19 v.,
665 417 93 27 jemförd
782 417 49 21 med
850 416 126 27 bredspärig

152 445 56 21 bana
223 446 49 20 med
287 446 41 21 lätt
344 445 156 29 öfverbyggnad
516 446 49 22 vida
581 447 81 21 mindre
679 448 26 19 än
722 446 26 20 27
764 447 99 25 procent;
875 446 40 20 den
923 451 53 21 upp-

154 474 38 26 gär
214 474 68 26 knapt
304 474 32 22 till
360 476 25 20 10
408 476 94 26 procent.
533 475 44 21 Det
599 477 24 19 är
646 475 71 22 derför
733 481 46 15 som
799 474 37 27 jag
851 474 74 28 gjorde
940 480 37 15 an-

153 502 147 27 märkningen.

222 531 56 21 Herr
294 531 21 21 af
330 532 141 27 Forselles,
488 532 66 22 Emil:
586 532 70 22 Sedan
667 539 90 15 numera
767 532 49 21 herr
827 532 107 21 Snellman
945 531 32 21 till

154 560 39 21 sitt
208 561 151 27 ursprungliga
373 560 81 28 förslag
469 562 70 26 tillagt
555 568 26 14 en
597 562 82 21 önskan
696 562 73 21 derom
784 562 33 20 att
832 561 26 21 de
867 562 32 20 tre
910 560 68 22 första

153 588 121 28 punkterna
289 590 7 20 i
310 590 177 22 kommissionens
503 590 80 28 förslag
599 591 69 21 skulle
687 590 139 26 ovilkorligen
846 590 84 21 komma
946 591 32 19 att

154 618 58 26 gälla
226 618 32 21 vis
275 618 13 21 &
303 619 31 21 vis
357 620 60 20 detta
439 621 100 24 moment,
559 620 43 20 kan
618 620 38 26 jag
676 620 49 21 icke
741 619 73 27 längre
829 618 84 22 biträda
928 618 49 22 herr

154 646 120 22 Snellmans
297 647 85 27 förslag,
399 650 51 19 utan
473 649 38 21 ber
534 650 32 20 att
581 648 22 22 fä
617 648 87 22 förorda
721 648 60 21 detta
795 649 106 20 moments
917 649 60 19 anta-

154 676 70 26 gande
239 676 49 21 med
304 676 26 22 de
346 677 23 21 af
382 677 48 21 herr
446 678 105 21 Mechelin
565 677 121 27 föreslagna
702 677 67 21 orden
785 678 33 20 att
829 677 59 21 detta
899 678 78 26 system

154 704 48 22 med
225 705 121 27 möjligaste
368 706 148 27 noggrannhet
539 706 70 22 skulle
627 706 109 27 tillämpas
751 706 35 21 vid
800 705 123 27 byggandet
938 706 40 20 och

155 732 154 23 trafikerandet
324 734 22 22 af
360 734 41 22 den
414 735 95 27 jernväg,
526 742 46 14 som
587 735 89 21 härnäst
691 736 98 20 kommer
804 736 32 20 att
851 734 87 27 byggas.

223 762 56 22 Herr
295 763 141 27 Snellman,
452 764 19 21 J.
488 764 36 21 V.:
556 764 39 21 Om
611 758 134 38 ihöglofliga
760 763 161 27 Ridderskapets
938 763 40 21 och

153 790 81 22 Adelns
250 792 72 21 beslut
337 792 69 22 skulle
428 793 55 27 ingä,
507 795 38 24 att,
567 793 67 27 jemte
650 793 37 21 det
704 792 129 27 spärvidden
849 792 22 22 af
884 792 42 22 fem
942 798 35 15 en-

154 820 76 26 gelska
252 820 32 22 fot
306 821 124 27 bibehälles,
454 822 75 26 tägens
552 822 111 26 hastighet
682 822 14 21 &
716 822 69 21 banan
800 822 130 20 bestämmes
947 821 31 21 till

153 848 65 27 högst
233 849 37 21 tvä
285 850 39 21 och
340 856 26 15 en
382 850 46 22 half
440 850 36 21 mil
491 850 6 22 i
513 850 94 27 timmen,
626 852 33 20 att
674 850 83 22 banans
773 850 159 27 öfverbyggnad
947 850 31 20 in-

153 878 69 21 rättas
239 878 24 21 sä
279 880 32 20 att
327 878 26 22 de
368 879 117 21 bestående
497 880 154 27 jernvägarnas
667 886 81 20 vagnar
762 879 73 21 kunna
849 879 128 27 löpa
905 874 12 37 å
926 879 51 27 den-

154 912 88 20 samma,
259 907 40 21 och
317 908 7 20 i
342 907 64 27 öfrigt
422 908 36 22 det
473 908 22 21 af
512 908 167 22 kommissionen
697 908 124 26 föreslagna
837 909 102 26 systemet
954 908 25 20 sä

153 937 121 24 noggrannt
290 942 46 15 som
351 937 83 26 möjligt
448 937 113 26 iakttages,
579 938 24 20 sä
622 937 69 22 skulle
711 937 37 20 det
766 936 23 21 af
805 936 50 21 herr
874 936 105 21 Mechelin

153 963 122 28 föreslagna
290 965 109 27 uttrycket
414 965 84 22 komma
513 966 32 21 till
561 965 84 22 heders.
676 966 127 21 Detsamma
817 965 102 22 behöfves
931 965 47 21 allt-

152 991 34 22 för
201 993 35 20 väl
252 993 61 22 äfven
328 993 33 22 för
376 993 67 28 öfriga
458 995 97 26 punkter.
587 995 69 26 Fräga
670 995 43 21 kan
730 995 47 21 icke
793 1001 50 14 vara
859 995 78 24 derom,
947 995 32 20 att

153 1027 48 15 man
217 1021 69 22 skulle
302 1022 50 27 vilja
366 1023 28 26 gå
408 1023 47 21 från
471 1029 25 15 en
512 1023 100 27 spårvidd
629 1023 23 22 af
664 1023 43 22 fem
724 1023 41 26 fot;
781 1023 48 21 icke
840 1022 67 22 heller
918 1023 60 21 torde

153 1056 49 15 man
217 1050 50 27 vilja
282 1051 80 21 inrätta
381 1052 82 21 banans
482 1052 157 27 öfverbyggnad
660 1053 30 26 sä,
710 1053 33 20 att
756 1052 47 21 icke
820 1051 26 22 de
861 1052 117 21 bestäende

153 1078 107 23 banornas
282 1079 123 28 lastvagnar
427 1081 72 21 kunna
521 1081 107 21 inkomma
650 1081 28 27 pä
702 1081 42 21 den
766 1087 42 21 nya
823 1083 76 24 vägen.
929 1081 49 20 Men

153 1107 106 22 huruvida
275 1115 48 14 man
336 1109 36 21 vill
385 1109 57 22 hälla
458 1109 33 27 sig
506 1110 35 21 vid
557 1110 181 27 täghastigheten,
755 1109 68 22 sädan
839 1110 40 21 den
891 1111 23 19 är
923 1109 56 21 före-

153 1136 81 27 slagen,
250 1137 38 21 det
303 1139 24 19 är
342 1144 26 15 en
384 1145 68 14 annan
468 1138 66 27 fråga.
564 1139 10 20 I
589 1139 42 21 min
649 1139 65 21 tanke
729 1145 51 14 vore
797 1138 37 21 det
841 1139 65 26 högst
916 1138 63 21 önsk-

154 1165 69 27 värdt,
243 1171 35 16 om
298 1166 116 22 ständerna
431 1167 71 21 kunde
520 1167 7 21 i
546 1167 100 22 afseende
666 1168 12 21 ä
698 1174 29 15 nu
744 1167 64 22 redan
824 1167 85 27 byggda
922 1167 57 26 jern-

153 1195 66 25 vägar
239 1194 87 22 besluta
345 1195 33 21 till
400 1202 27 15 en
449 1196 99 21 bestämd
571 1196 115 27 hastighet,
709 1197 29 26 pä
761 1196 36 21 det
813 1196 47 21 icke
874 1195 106 26 tillfälliga

153 1222 67 27 högre
239 1223 130 28 inflytanden
387 1225 67 21 mätte
473 1226 52 25 göra
543 1225 33 27 sig
595 1225 105 26 gällande,
722 1224 62 26 (bra),
802 1227 53 19 utan
867 1225 112 27 jernvägs-

154 1251 107 28 styrelsen
284 1254 50 25 taga
356 1253 32 21 till
410 1253 50 22 räds
484 1253 83 26 endast,
591 1254 55 21 hvad
668 1254 34 21 för
725 1254 74 21 landet
822 1253 108 27 gagneligt
950 1255 29 19 är.

152 1280 80 22 Alltså:
256 1281 172 22 bestämmandet
449 1289 33 14 om
505 1282 174 27 täghastigheten
704 1284 26 19 är
750 1282 84 21 derföre
849 1282 83 27 vigtigt,
948 1283 33 20 att

152 1309 38 21 det
210 1309 47 22 icke
277 1310 117 27 medgifver
412 1311 66 26 nägra
501 1311 82 21 sädana
602 1311 138 28 inflytanden,
759 1311 39 21 och
818 1313 33 19 att
866 1311 40 21 den
922 1311 57 20 bort-

152 1339 62 26 tager
236 1339 28 20 all
286 1338 100 23 frestelse
405 1341 33 20 att
453 1341 51 26 göra
520 1340 169 22 lokomotiverna
714 1342 75 25 tyngre
813 1340 41 21 och
874 1340 107 21 skenormna

151 1366 7 21 i
174 1366 52 28 följd
246 1367 63 22 deraf
324 1369 82 26 tyngre,
426 1369 70 21 säsom
517 1369 23 20 af
559 1369 79 21 enhvar
655 1369 69 22 kändt
744 1371 29 23 är,
793 1371 33 19 att
846 1368 37 21 det
901 1367 80 28 tillgätt

152 1395 48 21 icke
224 1397 78 20 endast
316 1397 6 20 i
338 1397 66 21 smätt
422 1397 35 21 vid
475 1398 51 21 vära
545 1398 73 25 banor,
639 1400 52 19 utan
709 1397 201 26 öfverhufvudtaget
925 1397 7 20 i
947 1399 34 18 ut-

152 1423 80 28 landet,
249 1427 33 19 att
298 1425 104 28 nemligen
419 1427 54 20 ökad
489 1426 110 27 hastighet
614 1427 83 21 fordrat
712 1429 66 24 tunga
788 1426 142 21 lokomotiver
941 1425 40 22 och

153 1453 67 25 tunga
235 1453 143 23 lokomotiver
395 1455 63 21 hafva
475 1455 82 21 fordrat
576 1456 74 20 starka
670 1456 86 24 skenor,
777 1455 39 21 och
836 1455 25 21 sä
879 1455 39 20 har
932 1461 49 14 man

153 1480 91 27 fortgätt
264 1482 38 22 allt
321 1483 73 22 vidare
414 1484 40 21 och
473 1484 78 21 vidare.
583 1484 73 22 Skulle
676 1484 86 21 derföre
779 1484 69 21 denna
863 1483 69 27 punkt
947 1484 10 20 2
974 1484 7 20 i

152 1509 180 24 kommissionens
356 1512 81 28 förslag
457 1512 138 27 bortlemnas,
618 1520 62 14 anser
702 1513 38 27 jag
762 1514 33 20 att
814 1512 60 22 detta
889 1518 50 15 vore
956 1518 25 15 en

152 1538 82 28 verklig
249 1539 81 28 olycka.
