1070 1739
381 128 39 17 Den
437 126 26 19 22
479 128 110 17 November.
831 127 39 20 731

78 189 73 22 derest
166 190 71 22 denna
252 190 68 21 brutit
336 190 38 21 sitt
389 190 109 27 legoaftal,
515 191 53 21 eller
583 191 54 25 icke,
655 192 32 20 att
703 191 74 22 derest
792 197 26 16 en
834 191 67 22 sådan

77 218 36 27 lag
136 219 68 22 blefve
228 219 104 28 gällande,
356 219 57 21 inom
435 220 51 21 kort
507 219 42 22 alla
568 219 103 26 legoaftal
686 219 29 27 på
731 220 23 21 år
769 220 84 22 komme
869 222 32 20 att

77 247 103 27 upphöra.
211 249 42 26 Jag
274 248 48 21 ville
345 248 89 27 tillägga
457 250 32 19 att
508 248 51 21 flere
575 248 23 21 af
612 249 152 26 stränghetens
780 248 120 22 försvarare

77 276 29 27 på
129 277 59 24 detta
211 283 46 15 rum
277 276 62 22 hafva
358 277 70 21 anfört
443 277 82 26 ganska
540 277 122 27 väsentliga
677 277 96 27 exempel
789 278 28 26 på
832 278 69 21 denna

78 305 91 22 tendens
186 307 33 20 att
234 305 47 22 icke
297 305 49 28 vilja
360 305 50 26 ingå
426 305 224 28 tjensteförbindelser
665 305 33 22 för
713 306 46 21 helt
774 307 29 20 år.
829 306 71 21 Huru-

77 334 49 21 vida
142 334 26 21 de
181 334 134 27 jordegande
329 334 35 21 vid
375 335 138 21 inträdandet
525 334 22 22 af
557 336 32 19 ett
599 335 77 20 sådant
687 334 132 22 förhållande
831 335 69 21 skulle

78 369 51 15 anse
145 363 119 21 detsamma
279 363 135 26 välkommet,
431 363 144 22 öfverlemnar
588 363 37 28 jag
642 363 22 21 åt
680 363 48 22 dem
744 363 75 28 sjelfva
829 365 32 20 att
870 363 30 22 af-

77 393 59 25 göra.
166 391 42 27 Jag
230 394 46 19 tror
297 392 46 21 icke
366 393 33 20 att
418 399 26 14 en
463 393 68 20 sådan
549 392 53 27 följd
618 392 22 21 af
655 393 40 21 den
712 393 80 21 äskade
807 393 92 26 lagstift-

77 421 78 26 ningen
177 426 51 15 vore
251 421 41 21 den
314 421 130 26 påräknade,
468 421 41 21 och
525 421 38 27 jag
578 421 35 21 vill
630 421 71 21 derför
716 421 96 27 afstyrka
826 421 73 27 hvarje

77 455 71 15 annan
162 448 123 28 förändring
300 449 7 21 i
321 449 142 27 legostadgan
479 452 28 19 än
523 450 41 21 den
580 449 22 21 af
615 450 50 21 herr
672 450 164 28 Montgomery
826 444 14 38 i
846 450 53 21 hans

77 478 132 21 resetvation
224 477 126 28 föreslagna.

146 506 55 21 Herr
223 506 137 26 Mechelin:
391 507 43 21 Det
456 506 40 22 har
519 507 49 21 med
591 507 39 21 allt
653 507 47 21 skäl
720 507 127 22 framhällits
867 509 33 20 att

78 535 70 21 denna
169 535 61 27 fräga
253 538 24 18 är
300 535 20 22 af
342 536 102 21 särskildt
462 536 100 27 praktisk
577 536 118 27 betydelse.
725 536 56 22 Herr
795 536 105 22 Järnefelt

77 563 40 22 har
131 564 7 20 i
154 564 38 21 sitt
208 566 86 20 senaste
310 564 136 27 andragande
462 565 67 21 ocksä
545 565 49 21 med
609 566 58 20 rätta
674 565 101 27 päpekat,
784 565 115 21 huruledes

78 592 43 26 det,
138 599 46 15 som
198 592 75 22 lockar
288 594 111 20 arbetaren
414 593 47 21 från
471 594 104 26 ärstjenst
583 594 39 21 hos
628 594 163 26 jordbrukaren,
801 596 23 20 är
832 594 67 27 högre

77 621 41 21 och
141 628 58 14 mera
221 622 92 21 lönande
336 622 146 27 dagspenning
501 623 29 26 pä
550 624 66 20 annat
635 622 50 21 håll.
715 623 42 26 Jag
776 623 36 21 vill
831 622 66 27 fråga,

75 649 105 23 huruvida
203 656 48 15 man
273 651 43 21 kan
336 651 95 21 drömma
451 658 34 14 om
505 653 33 19 att
557 658 75 20 genom
651 651 248 27 lagstiftningsätgärder

74 678 73 22 kunna
161 678 110 22 förhindra
286 681 32 19 att
332 680 52 21 hvar
400 680 40 21 och
456 686 33 20 en,
506 680 63 21 hvars
585 680 149 27 förmögenhet
744 680 89 22 består
823 674 13 37 i
843 680 54 22 hans

75 714 70 14 armar
166 708 50 21 med
237 708 71 22 hvilka
329 708 42 22 han
394 708 93 26 arbetar,
509 709 82 21 känner
611 708 33 27 sig
659 711 95 19 närmast
770 710 79 26 dragen
866 709 31 21 till

75 736 37 21 det
133 736 80 27 arbete,
238 737 36 21 der
297 737 40 21 han
360 737 93 21 erhäller
472 737 65 22 bästa
555 738 139 26 betalningen
709 738 53 21 eller
777 738 62 27 eljest
854 738 42 21 för-

74 765 128 27 mänligaste
222 766 82 21 vilkor?
333 766 76 21 Denna
424 766 238 22 nationalekonomiska
676 767 100 27 naturlag
791 767 42 21 kan
848 773 49 15 man

74 794 48 21 icke
143 794 71 26 ändra,
234 794 40 22 och
290 796 31 20 att
337 795 40 21 den
393 795 104 21 särskildt
513 796 68 20 under
597 796 26 20 de
640 801 76 16 senare
731 796 85 21 tiderna
831 796 66 21 vällat

74 822 131 27 rubbningar
220 823 7 21 i
242 823 78 26 landet,
337 824 37 21 det
391 824 39 21 har
445 824 108 26 troligtvis
562 824 33 21 sin
604 824 69 26 grund
682 824 70 22 deruti
760 826 32 20 att
801 825 48 26 säg-
857 824 41 22 och

75 857 71 15 annan
161 852 92 21 industri
268 852 48 22 med
327 852 107 28 synnerlig
442 853 109 21 snabbhet
560 853 127 21 utvecklats.
716 853 69 21 Deras
795 854 103 20 inverkan

74 880 29 26 pä
116 880 169 27 jordbrukarnes
301 880 65 22 behof
380 881 22 21 af
417 882 100 21 arbetare
531 882 40 20 har
580 881 72 22 derför
660 882 103 27 uppträdt
771 882 48 21 med
828 883 70 20 större

74 908 108 27 häftighet
197 911 28 19 än
240 910 41 21 den
296 910 100 21 hvarmed
412 910 64 27 eljest
491 910 164 22 konkurrensen
668 911 75 27 plägar
751 912 52 26 göra
811 911 33 26 sig
853 911 44 26 gäl-

74 938 70 21 lande.
174 938 61 21 Efter
254 938 57 21 hand
330 939 54 21 skall
400 939 34 21 väl
449 939 62 21 detta
526 939 96 26 utjemna
638 940 32 25 sig
686 940 24 20 sä
725 941 33 20 att
773 940 26 21 de
814 940 83 21 arbets-

74 965 88 27 krafter,
178 972 46 15 som
239 967 7 20 i
260 967 74 21 landet
348 967 67 22 finnas
432 967 129 27 disponibla,
575 968 97 27 jemnare
688 967 81 22 fördela
784 968 33 27 sig
831 969 28 26 pä
871 968 26 21 de

75 995 58 20 olika
153 995 74 27 slagen
246 995 22 22 af
281 996 79 21 arbete.
392 996 142 27 Svärigheten
549 996 34 22 för
595 997 157 26 jordbrukarne
769 998 32 20 att
817 997 81 21 erhälla

75 1024 99 21 arbetare
189 1024 32 21 till
236 1024 44 21 lika
294 1025 45 26 lägt
354 1025 44 26 pris
414 1025 40 21 och
469 1025 46 21 lika
531 1027 56 19 stort
602 1025 58 21 antal
676 1031 45 16 som
736 1025 63 26 förut,
811 1026 40 21 har
858 1025 39 21 lik-

74 1052 34 21 väl
124 1051 92 22 medfört
232 1053 41 21 den
288 1053 102 27 fördelen,
406 1055 33 20 att
454 1054 125 27 derigenom
595 1054 71 27 gifvits
682 1054 76 27 impuls
775 1055 32 20 till
817 1056 33 19 att
861 1061 36 14 an-

75 1081 70 21 vända
167 1081 109 22 maskiner
298 1082 39 21 och
356 1083 7 20 i
380 1082 117 21 allmänhet
513 1089 59 15 mera
587 1083 100 21 hushälla
702 1083 49 22 med
767 1083 130 22 arbetskraf-

75 1111 61 20 terna
156 1111 27 20 än
202 1110 7 20 i
229 1111 59 21 äldre
304 1111 61 26 tider,
382 1111 28 21 dä
424 1118 49 14 man
489 1111 34 22 för
538 1111 86 27 ringare
639 1112 44 27 pris
698 1112 57 21 hade
769 1112 57 21 huru
841 1118 56 21 myc-

74 1138 38 21 ket
127 1139 98 22 arbetare
241 1145 45 16 som
302 1139 62 22 helst.
394 1140 44 21 Det
452 1140 40 21 har
508 1140 56 21 varit
575 1142 77 20 nästan
662 1147 26 14 en
696 1141 202 21 revolution
817 1134 13 38 i
839 1141 59 21 detta

74 1167 129 26 hänseende,
228 1174 45 15 som
296 1169 66 21 under
378 1168 37 22 det
435 1171 88 19 senaste
543 1169 115 22 decenniet
673 1170 56 27 gjort
744 1170 33 26 sig
792 1169 105 27 gällande.

74 1196 47 21 Den
137 1196 106 27 naturliga
258 1197 147 27 fördelningen
421 1197 22 22 af
457 1197 187 22 arbetskrafterna
660 1198 54 21 skall
727 1199 35 20 väl
773 1198 54 21 dock
838 1199 61 20 snart

75 1225 47 21 äter
137 1225 91 22 inträda.
258 1226 66 21 Detta
339 1226 55 21 hvad
409 1225 86 28 frägans
512 1227 112 26 praktiska
638 1227 111 27 betydelse
760 1227 137 22 vidkommer.

74 1253 33 21 En
123 1260 69 15 annan
208 1254 47 21 sida
271 1254 22 21 af
305 1254 80 27 frägan,
402 1261 46 15 som
464 1255 42 21 ock
521 1255 40 22 har
577 1255 32 22 sin
624 1256 112 27 praktiska
751 1256 50 27 vigt,
811 1258 23 19 är
850 1256 47 25 den,

75 1282 105 21 huruvida
196 1283 37 21 det
247 1283 33 22 för
295 1283 126 22 husbonden
438 1286 23 19 är
469 1284 97 27 önskligt
574 1286 33 19 att
614 1284 22 21 fä
644 1285 42 21 den
696 1284 96 27 förlupne
801 1284 97 27 tjenaren

75 1311 95 21 tillbaka.
202 1312 76 21 Denna
292 1312 39 21 sak
346 1312 39 21 har
399 1313 55 21 dock
469 1313 51 21 med
537 1315 12 19 2
565 1319 70 20 mom.,
652 1313 88 22 hvarom
748 1313 150 22 diskussionen

74 1341 96 20 närmast
184 1341 46 20 rört
246 1341 38 26 sig,
301 1341 109 27 ingenting
426 1343 141 25 gemensamt,
576 1343 22 26 ty
613 1342 33 21 uti
663 1344 9 19 1
688 1349 61 14 mom.
762 1345 23 18 är
796 1341 37 22 det
843 1341 55 21 bäde

74 1368 6 21 i
100 1369 167 26 propositionen,
287 1369 147 22 betänkandet
450 1370 39 21 och
506 1371 161 21 reservationen
682 1371 29 26 pä
725 1371 43 21 lika
783 1371 44 21 sätt
843 1369 54 22 före-

74 1397 71 27 slaget
166 1399 32 20 att
217 1397 127 22 husbonden
360 1399 55 21 skall
429 1398 64 22 hafva
508 1401 46 19 rätt
569 1401 33 19 att
618 1399 120 22 äterhemta
753 1400 32 21 sin
801 1398 97 27 förlupne

73 1425 90 28 tjenare.
193 1426 43 22 Det
251 1428 13 19 2
279 1433 61 15 mom.
358 1427 66 27 gäller
439 1427 57 22 blott
511 1427 34 22 för
561 1429 37 20 det
612 1427 37 22 fall
665 1430 33 19 att
711 1427 126 22 husbonden
851 1427 48 21 icke

73 1454 36 21 vill
125 1455 99 26 ätertaga
240 1455 40 21 och
296 1455 83 21 behålla
390 1456 40 22 den
441 1456 101 27 förlupne
553 1457 103 27 tjenaren,
669 1459 52 19 utan
729 1457 34 21 vill
772 1457 45 21 låta
824 1456 74 21 hämn-

74 1483 41 21 den
135 1483 85 22 komma
236 1483 58 22 öfver
309 1484 83 21 honom.
424 1485 41 21 Det
481 1486 24 20 är
523 1486 84 20 säledes
624 1487 32 20 ett
671 1487 94 20 moment
780 1484 23 22 af
816 1484 83 22 mindre

73 1512 98 27 praktisk
194 1512 111 27 betydelse
328 1513 60 21 detta
411 1515 12 19 2
446 1519 63 15 mom.
531 1520 46 15 som
595 1520 49 16 man
664 1516 56 20 mest
735 1514 61 22 hällit
812 1513 33 27 sig
860 1513 37 22 till.
