1070 1739
204 125 42 19 654
487 127 39 17 Den
545 125 24 19 15
586 126 109 18 November.

174 189 112 21 sättandet
301 189 21 21 af
336 188 94 23 embets-
448 189 40 22 och
502 189 175 28 tjenstemännen
692 189 6 21 i
714 187 160 23 statskontoret
889 186 60 28 fråga
964 194 36 15 va-

174 217 28 21 rit
217 217 65 22 väckt
296 217 7 22 i
318 218 107 27 styrelsen
441 218 74 22 derom
531 220 33 20 att
575 219 65 20 dessa
650 223 105 22 personer
765 217 48 22 icke
824 217 67 22 borde
901 215 21 22 få
932 217 69 21 tillika

173 252 53 16 vara
240 246 198 27 bankfullmäktige.

242 275 98 22 Friherre
355 281 42 16 von
412 275 84 27 Troil,
513 275 21 22 S.
551 276 43 21 W.:
610 276 42 21 För
667 275 43 21 min
728 274 34 22 del
777 275 42 20 kan
832 275 38 26 jag
885 273 47 22 icke
943 273 57 22 finna

173 304 57 21 hvad
245 310 46 15 som
305 304 70 22 skulla
389 305 77 21 hindra
482 311 26 15 en
524 305 96 21 direktör
636 305 53 21 eller
699 304 97 21 ledamot
811 303 6 22 i
833 303 164 26 statskontoret,

174 339 34 15 om
230 333 117 21 ständerna
369 334 49 21 med
434 334 38 21 sitt
491 333 123 22 förtroende
630 333 52 22 falla
696 333 30 27 på
742 339 26 15 en
784 332 67 21 sådan
867 337 84 22 person,
967 333 33 20 att

173 367 51 16 vara
246 361 184 28 bankfullmäktig,
453 362 44 22 lika
518 362 49 21 litet
585 368 47 15 som
652 369 26 14 en
697 360 220 27 senatorsbefattning
932 360 67 21 borde

172 391 79 26 utgöra
272 391 67 26 något
360 391 78 22 hinder
458 391 33 22 för
514 390 234 22 omhänderhafvandet
771 389 24 22 af
815 391 32 20 ett
870 389 67 28 dylikt
956 389 42 21 för-

173 419 196 27 troendeuppdrag.
399 420 42 26 Jag
463 420 70 21 skulle
557 419 83 22 derföre
656 419 109 27 tillstyrka
781 418 132 27 antagandet
928 417 23 22 af
963 419 34 19 ut-

173 447 95 21 skottets
284 448 142 22 betänkande.

241 476 146 27 Proposition:

242 521 10 10 »
255 504 42 22 Vill
317 506 158 27 Ridderskapet
492 506 41 21 och
548 506 70 21 Adeln
633 505 117 27 godkänna
765 511 62 15 mom.
844 504 16 28 i)
877 504 22 22 af
913 504 84 21 utskot-

172 534 43 21 tets
232 533 152 23 betänkande?

240 562 74 22 vinner
334 564 42 26 nej,
396 563 32 21 får
451 563 66 22 slutet
537 563 22 21 af
576 570 62 15 mom.
658 562 95 28 följande
769 562 92 28 lydelse:
880 561 67 27 ,dock
963 562 35 21 må

172 590 181 29 bankfullmäktig
368 592 48 22 icke
432 592 68 22 tillika
515 599 53 15 vara
583 594 93 24 senator,
694 592 97 21 direktör
806 591 52 22 eller
869 590 128 28 tjensteman

171 619 7 21 i
198 620 164 27 statskontoret,
382 621 231 27 hypoteksföreningen
632 621 52 21 eller
700 620 85 22 enskild
800 619 195 27 bankinrättning*.

241 648 82 22 Genom
348 650 173 27 propositionens
547 650 133 22 besvarande
703 650 50 21 med
776 648 156 27 öfvervägande
954 648 41 28 nej,

172 676 58 22 hade
246 678 87 22 ståndet
348 679 96 26 godkänt
459 679 41 22 den
523 678 23 22 af
566 679 50 21 herr
630 678 94 28 Pipping
734 678 124 27 föreslagna
868 677 128 22 förändrade

171 705 100 27 lydelsen
287 706 22 22 af
321 708 123 21 momentet.

240 735 64 22 Mom.
319 735 23 28 k)
360 736 123 27 godkändes
499 739 54 19 utan
568 736 147 27 anmärkning.

241 764 64 22 Mom.
321 764 22 27 1).

240 792 57 22 Herr
318 793 125 28 Pipping,
467 793 90 22 Fridolf:
580 794 42 21 För
640 792 143 23 annorstädes
800 794 27 20 än
842 792 7 22 i
864 792 132 27 Helsingfors

171 820 75 22 bosatt
261 821 306 29 bankfullmäktigssuppleant
582 823 40 21 och
637 822 142 22 bankrevisor
789 821 91 22 föreslår
890 821 107 21 utskottet

171 850 32 20 att
219 851 148 27 ersättningen
382 851 32 21 för
429 852 114 21 hvarderas
563 850 283 27 fortskaffningskostnader
861 850 35 22 vid
911 849 85 22 förefal-

170 878 64 21 lande
251 885 60 15 resor
326 880 55 21 skall
396 880 129 22 bestämmas
542 880 73 22 såsom
631 880 121 27 skjutslega
767 878 34 23 för
815 879 55 21 visst
885 878 58 22 antal
958 878 38 22 hä-

170 908 52 20 star.
253 907 50 22 Men
325 908 89 22 emedan
438 915 26 15 en
484 909 57 27 dylik
561 908 202 28 beräkningsgrund
783 908 48 22 icke
847 909 24 20 är
885 907 112 27 tillämplig

170 935 36 21 vid
228 942 50 15 resa
301 938 48 20 med
369 937 112 27 ångfartyg
496 938 53 21 eller
565 938 12 20 å
589 938 97 27 jernväg,
703 937 73 21 hvilka
791 936 205 27 fortskaffningsme-

171 963 34 22 del
228 971 89 15 numera
339 965 33 22 uti
393 965 93 22 fertalet
506 966 23 21 af
547 966 163 27 ifrågavarande
730 965 37 21 fall
787 965 62 22 torde
864 965 85 21 komma
965 966 32 20 att

170 992 119 27 begagnas,
311 993 33 22 lär
367 995 97 21 enklaste
486 995 100 21 metoden
608 997 33 19 att
660 995 121 21 bestämma
795 993 201 27 bankfullmäktigs-

170 1021 128 27 suppleants
315 1022 40 22 och
375 1023 92 22 revisors
490 1023 120 28 ersättning
627 1023 33 22 för
675 1022 173 27 fortskaffnings-
865 1022 39 21 och
920 1023 76 20 under-

169 1049 151 23 hållskostnad
340 1052 68 21 under
426 1058 54 21 resa,
500 1059 51 15 vara
570 1053 33 20 att
617 1052 101 21 bemälde
732 1051 149 22 funktionärer
896 1051 100 21 hänföras

169 1078 32 21 till
224 1079 71 27 någon
315 1080 43 21 viss
378 1081 65 26 klass,
462 1083 15 19 t.
493 1087 32 15 ex.
543 1081 41 21 den
599 1081 68 27 fjerde
682 1080 24 22 af
719 1087 29 14 nu
764 1080 100 27 gällande
879 1080 117 26 reseregle-

169 1109 79 25 mente,
264 1107 66 28 gifvet
346 1109 42 21 den
403 1111 12 19 6
430 1110 119 21 December
566 1111 61 24 1875,
644 1109 84 22 hvilket
742 1109 119 21 innehåller
877 1110 32 19 att
925 1108 27 22 de
966 1108 31 21 till

170 1136 66 26 sagde
259 1137 60 22 klass
338 1137 96 22 hörande
454 1139 133 21 embetsmän
607 1138 81 21 erhålla
704 1137 35 22 vid
755 1144 50 15 resa
819 1137 50 22 med
884 1137 69 27 skjuts
969 1138 26 20 25

168 1165 66 26 penni
256 1165 34 21 för
311 1167 86 20 versten
420 1169 56 19 samt
497 1167 28 27 på
545 1166 113 28 ångfartyg
674 1167 54 22 eller
741 1166 91 27 jernväg
847 1165 61 28 afgift
922 1165 34 22 för
970 1172 27 15 en

168 1193 58 26 plats
243 1193 24 21 af
279 1193 68 22 första
362 1195 87 22 klassen
460 1195 124 22 äfvensom
575 1189 14 39 i
597 1196 189 27 dagtraktamente
799 1197 24 19 16
835 1195 66 21 mark.
923 1194 74 22 Skulle

168 1221 44 21 min
235 1222 59 26 åsigt
312 1223 7 21 i
338 1223 70 22 denna
427 1224 39 21 sak
480 1224 64 21 vinna
559 1225 125 26 understöd,
701 1224 68 21 borde
784 1225 119 20 momentet
918 1223 7 21 i
940 1223 57 22 vissa

170 1249 61 22 delar
254 1252 154 27 omredigeras,
428 1253 106 27 nemligen
553 1253 25 22 så
593 1254 32 20 att
640 1253 47 22 från
706 1254 57 20 11:te
778 1253 67 20 raden
861 1251 55 22 efter
931 1252 65 21 orden

171 1279 74 27 »tjugu
268 1280 72 21 mark"
366 1281 38 22 det
426 1281 68 22 skulle
513 1282 58 26 heta,
590 1288 33 15 om
639 1281 42 22 han
698 1281 41 22 bor
754 1281 149 26 annorstädes,
920 1282 56 20 samt
990 1281 7 20 i

168 1307 136 23 sistnämnda
325 1308 37 22 fall
386 1310 109 21 dessutom
517 1311 33 21 för
571 1317 89 15 resorna
683 1310 34 21 till
740 1310 41 21 och
800 1309 55 22 ifrån
875 1310 49 21 stad
940 1309 57 27 dylik

168 1336 235 29 kostnadsersättning,
420 1345 47 15 som
482 1339 27 21 de
524 1339 31 22 uti
570 1339 68 27 fjerde
653 1339 90 22 klassen
759 1338 22 22 af
789 1338 80 27 nådiga
879 1338 118 27 reseregle-

168 1367 84 20 mentet
268 1367 41 20 den
326 1368 11 19 6
353 1367 119 22 December
488 1369 54 20 1875
557 1369 109 26 upptagne
683 1368 141 21 embetsmän.

237 1395 44 21 För
303 1395 82 22 revisor
408 1396 47 21 åter
473 1397 28 26 på
521 1397 56 20 sista
592 1397 66 21 raden
674 1396 24 22 af
712 1398 13 19 4
741 1396 40 21 sid.
798 1395 70 22 skulle
885 1395 37 22 det
936 1395 59 22 heta:

167 1422 83 31 revisor
265 1423 7 21 i
288 1423 84 22 banken
388 1424 75 22 undfår
479 1427 26 19 30
520 1425 61 22 mark
596 1425 33 22 för
643 1425 76 27 hvarje
730 1424 192 27 förrättningsdag,
934 1425 61 25 samt,

167 1457 7 14 i
196 1450 38 21 fall
254 1451 44 22 han
317 1452 40 22 bor
371 1453 29 26 på
415 1460 67 15 annan
499 1455 40 24 ort,
556 1453 110 22 dessutom
682 1453 36 22 för
733 1459 91 16 resorna
839 1453 33 21 till
888 1453 40 20 och
943 1452 54 21 ifrån

167 1478 78 34 staden
269 1480 225 29 kostnadsersättning
514 1482 55 22 efter
589 1482 114 22 enahanda
719 1482 76 27 grund,
813 1488 46 15 som
873 1481 8 21 i
896 1480 101 22 afseende

168 1513 12 15 å
196 1507 308 30 bankfullmäktigssuppleant
518 1511 66 21 redan
601 1512 69 20 utsatt
685 1512 32 20 är.

236 1537 58 21 Herr
313 1538 196 29 Montgomery:
533 1540 34 21 Då
589 1540 47 21 skäl
659 1539 117 22 förefinnes
799 1538 34 23 för
857 1538 37 22 det
914 1537 22 23 af
948 1538 50 22 herr
