1070 1739
368 133 40 17 Den
424 131 12 18 8
452 131 108 19 November.
810 129 39 21 531

62 195 56 26 glest
139 195 110 22 befolkadt
270 194 49 22 land
342 195 92 22 anställa
453 194 233 27 bevakningspersonal
705 194 33 22 för
754 201 26 15 en
795 194 47 27 sak,
859 194 24 21 så

62 223 94 28 måttligt
177 224 62 27 farlig
260 223 7 21 i
284 223 122 27 jemförelse
426 224 49 21 med
492 224 57 21 hvad
563 223 149 27 bevakningen
727 223 70 22 skulle
811 224 71 25 kosta,

63 252 40 21 och
125 253 83 21 derföre
228 251 68 22 finner
317 259 49 14 man
387 252 124 27 lämpligast
531 254 32 19 att
581 252 45 21 låta
640 252 39 21 allt
694 251 64 22 hafva
772 252 33 21 sin
820 252 63 27 gång.

62 281 42 26 Jag
118 281 40 22 har
172 281 77 22 endast
262 281 58 21 velat
334 281 114 21 framhålla
463 283 32 20 ett
511 283 66 20 annat
597 281 95 27 exempel
707 281 33 21 till
756 282 32 19 att
802 281 81 25 bevisa,

63 311 33 20 att
110 309 146 22 förhållanden
271 309 73 27 finnas,
361 310 38 21 der
414 316 49 15 man
478 309 83 22 förfarit
574 309 133 22 annorlunda
718 309 40 22 och
769 309 49 22 med
828 309 56 27 goda

64 339 57 26 skäl;
139 339 125 26 visserligen
283 339 42 21 kan
344 345 26 15 en
390 338 86 22 framtid
495 339 86 27 påfinna
595 345 41 21 nya
650 340 91 25 utvägar
755 338 8 21 i
778 338 61 21 detta
853 337 30 22 af-

64 367 90 26 seende;
170 374 48 15 men
233 367 33 22 för
280 367 42 22 min
338 367 35 22 del
388 367 68 22 finner
469 367 37 28 jag
521 368 60 21 tiden
597 369 57 20 ännu
668 367 48 22 icke
731 373 52 16 vara
792 367 49 21 inne
852 368 33 20 att

64 396 28 27 på
107 397 68 26 grund
190 395 23 22 af
225 396 68 27 knapt
308 398 26 19 20
350 396 35 21 års
404 396 122 22 erfarenhet
544 403 34 15 om
588 396 166 21 landthandelns
769 395 116 28 inflytande

64 425 45 21 låta
132 425 66 21 också
220 424 186 28 gårdfarihandeln
424 425 66 22 blifva
508 425 33 21 fri.
572 425 105 27 Slutligen
692 424 32 22 får
738 425 37 27 jag
789 425 33 21 till
837 424 48 21 mitt

65 453 58 22 förra
138 454 136 26 andragande
290 454 94 26 tillägga,
400 455 33 20 att
445 454 39 27 jag
498 454 33 22 för
545 454 45 21 min
605 454 35 21 del
655 453 48 22 icke
719 460 63 15 anser
797 459 38 15 ens
848 452 37 22 nå-

65 488 42 21 gon
129 482 67 22 sådan
219 482 101 22 afvikelse
342 482 48 22 från
410 483 41 21 den
471 483 78 27 nådiga
563 482 162 28 propositionen
740 482 7 22 i
762 483 72 21 ämnet
848 482 37 21 be-

66 511 63 22 höfva
151 517 40 21 ega
212 518 54 20 rum,
290 513 32 19 att
339 511 113 22 inhemska
472 512 161 21 industrialster
648 511 70 21 skulle
733 511 22 21 få
769 511 57 22 föras
842 517 44 15 om-

65 540 69 27 kring,
153 540 89 22 emedan
259 540 78 27 följden
356 540 70 22 blefve
448 547 26 15 en
490 541 79 26 onödig
583 540 150 27 utsträckning
749 540 21 21 af
784 539 102 28 gårdfari-

65 569 100 26 handeln,
182 568 28 22 då
224 569 65 21 likväl
303 569 165 21 landthandlare
491 569 85 22 tillfullo
591 569 67 21 borde
675 569 73 21 kunna
766 568 121 28 ombesörja

67 598 71 27 dylika
152 598 129 26 produkters
297 597 141 23 befordrande
453 598 34 21 till
502 598 187 22 konsumenterne.

135 626 55 22 Herr
209 626 144 22 Mechelin:
372 627 41 27 Jag
428 626 40 22 har
483 627 77 27 begärt
575 627 63 21 ordet
652 626 78 22 endast
745 626 32 22 för
792 628 33 20 att
839 626 48 21 icke

67 655 41 21 den
123 661 50 21 nyss
189 655 80 27 dragna
284 656 116 26 parallelen
416 656 91 22 emellan
525 656 64 26 stöld,
605 656 61 21 mord
682 654 40 23 och
736 655 68 27 fylleri
819 655 13 21 å
848 661 40 15 ena

67 684 68 26 sidan,
152 684 39 21 och
207 684 141 27 utbjudandet
363 684 23 22 af
399 691 63 15 varor
477 685 30 27 på
521 685 68 21 andra
603 684 69 27 sidan,
692 684 34 22 må
741 683 64 23 hafva
819 683 70 22 blifvit

67 712 76 22 anförd
157 714 52 20 utan
224 715 33 19 att
272 713 80 27 ådraga
367 714 33 26 sig
414 714 72 26 någon
502 714 146 26 anmärkning.

135 741 56 22 Herr
205 742 123 27 Pipping,
344 742 90 22 Fridolf:
451 742 52 22 Med
518 742 115 27 anledning
648 741 22 22 af
679 742 49 21 herr
738 747 41 16 von
790 740 98 22 Alfthans

67 776 51 21 nyss
139 770 32 21 till
186 770 43 27 mig
244 771 84 21 riktade
344 771 44 26 ord,
405 771 97 21 anhåller
513 772 39 27 jag
566 773 33 19 att
613 771 21 21 få
650 770 104 28 genmäla,
771 770 37 21 det
823 770 66 21 också

68 799 65 21 andra
156 798 22 22 af
200 799 97 22 ståndets
312 800 118 21 ledamöter
450 802 27 19 än
492 800 38 27 jag
545 800 110 27 uppfattat
669 800 50 21 herr
734 805 41 16 von
790 798 99 22 Alfthans

67 828 86 26 mening
167 828 43 21 lika
224 828 49 22 med
288 828 52 27 mig;
356 828 41 22 och
412 828 98 22 anhäller
523 830 37 26 jag
571 828 83 22 derföre
671 830 39 25 att,
729 828 3 21 i
745 827 103 22 händelse
858 827 32 21 uti

67 856 76 22 herrar
164 856 144 28 stenografers
327 858 154 26 anteckningar
504 858 142 21 förekommer
668 857 66 27 något
754 856 101 28 yttrande
871 855 22 22 af

67 884 51 22 herr
132 891 42 16 von
188 885 94 27 Alfthan,
298 886 81 22 hvilket
393 886 62 28 tyder
469 886 31 27 på
515 888 32 20 att
562 887 42 21 han
620 886 78 22 stödde
713 886 33 21 sin
762 885 81 27 harang
856 890 35 16 om

68 914 171 27 arkangeliterne
257 915 28 27 på
304 914 120 23 erfarenhet
444 914 48 22 från
508 916 120 27 Uleåborgs
643 915 43 27 län,
702 915 60 21 detta
776 914 68 22 måtte
859 913 32 22 bi-

67 942 105 23 behållas.

137 971 72 22 Sedan
224 971 41 22 den
280 971 7 22 i
302 971 74 28 frågan
390 972 155 28 försiggångna
561 972 110 28 vidlyftiga
682 971 150 22 diskussionen
842 971 49 21 här-

69 1000 49 22 med
140 1000 107 27 afslutats,
270 1001 140 27 uppställdes,
434 1001 50 22 med
504 1001 102 22 afseende
624 1001 52 21 derå
694 1003 32 19 att
742 1000 150 22 diskussionen

69 1029 100 22 omfattat
184 1029 59 22 såväl
260 1032 9 19 1
288 1036 45 15 som
348 1031 13 20 2
376 1036 85 15 momm.
473 1030 24 21 af
507 1032 24 20 11
549 1030 16 28 8,
581 1029 33 22 till
624 1029 132 23 besvarande
773 1035 26 16 en
813 1034 77 22 propo-

69 1058 64 22 sition
149 1058 23 21 af
184 1057 95 28 följande
294 1059 103 21 innehåll:

139 1087 65 26 »Den,
221 1093 47 16 som
283 1088 124 26 godkänner
423 1089 10 20 1
451 1088 41 21 och
509 1090 12 19 2
537 1094 84 15 momm.
632 1087 23 22 af
670 1089 24 20 11
711 1087 11 27 $
738 1086 22 22 af
773 1086 118 22 utskottets

69 1115 162 28 ifrägavarande
246 1117 141 26 betänkande,
403 1123 74 15 svarar
490 1117 35 27 ja;

137 1145 74 21 vinner
229 1145 42 27 nej,
292 1147 88 25 antages
398 1151 83 16 samma
501 1147 95 20 moment
610 1145 23 22 af
648 1145 41 22 den
704 1144 77 27 nädiga
795 1143 96 28 proposi-

69 1173 79 27 tionen,
164 1173 101 28 antingen
282 1173 134 27 oförändrad,
432 1174 53 21 eller
505 1175 48 21 med
571 1174 123 26 förändring
709 1173 8 21 i
732 1173 36 22 det
783 1172 62 28 syfte,
861 1173 33 20 att

69 1202 47 21 frän
132 1203 36 21 det
183 1202 7 21 i
207 1204 9 19 1
233 1209 63 15 mom.
313 1203 104 27 stadgade
432 1203 81 22 förbud
527 1203 135 26 undantages
678 1202 66 22 alster
760 1201 22 22 af
795 1201 98 22 inhemsk

69 1230 91 23 fabriks-
176 1231 40 22 och
231 1231 126 28 hemslöjd".

137 1260 163 27 Propositionen
315 1260 129 22 besvarades
461 1261 52 21 med
527 1260 56 22 både
597 1261 23 26 ja
636 1259 40 22 och
691 1259 41 28 nej,
748 1258 98 23 hvarföre
861 1258 33 21 till

70 1289 118 21 utrönande
212 1289 22 21 af
254 1289 98 22 ständets
376 1289 57 26 äsigt
456 1289 74 21 sluten
553 1289 133 26 omröstning
708 1288 123 26 anställdes,
853 1287 41 21 och

70 1319 51 20 enär
136 1318 70 21 denna
221 1317 61 22 utföll
297 1318 48 21 med
362 1319 25 20 19
402 1317 22 28 ja
440 1317 40 22 och
498 1320 27 19 36
542 1318 41 27 nej,
594 1323 51 16 voro
663 1319 9 20 1
690 1317 40 21 och
745 1319 12 19 2
773 1322 84 16 momm.
873 1315 22 21 af

72 1348 23 19 11
113 1345 10 28 8
139 1346 7 21 i
162 1347 40 21 den
218 1347 78 26 nädiga
309 1346 162 27 propositionen
483 1346 24 21 af
517 1347 88 21 ständet
616 1348 93 25 antagna
719 1345 49 22 med
779 1345 52 22 eller
842 1345 53 20 utan

70 1374 142 23 ofvannämda
226 1375 128 27 förändring.

137 1404 51 21 Med
203 1404 114 27 anledning
332 1403 22 22 af
369 1403 41 22 den
425 1404 82 27 utgäng
523 1404 126 27 voteringen
664 1403 92 26 erhällit,
772 1400 60 29 afgaf

137 1432 57 22 Herr
208 1433 130 21 Mechelin
352 1431 94 28 följande
461 1432 145 22 reservation:
627 1432 72 22 Sedan
714 1431 92 25 ständet,
817 1435 78 22 genom

70 1463 33 19 att
117 1461 96 21 förkasta
228 1461 185 27 gärdfarihandeln
428 1461 33 21 för
476 1461 114 21 inhemske
605 1461 146 25 medborgare,
764 1459 75 21 afvikit
847 1458 47 21 frän

70 1491 41 21 den
126 1492 48 24 väg,
190 1496 46 15 som
251 1490 66 26 enligt
332 1489 43 21 min
390 1488 140 28 uppfattning
547 1489 85 21 säkrast
648 1488 70 22 skulle
732 1488 45 22 ledt
791 1487 34 21 till
840 1486 53 22 stäf-

68 1519 65 27 jande
149 1518 22 22 af
184 1518 42 22 den
240 1518 84 26 handel,
341 1524 46 16 som
402 1517 109 23 bedrifves
529 1517 22 21 af
564 1517 178 28 arkangeliterne,
753 1517 39 21 ber
805 1516 38 27 jag
859 1521 35 15 re-

70 1547 151 22 servationsvis
242 1546 22 22 fä
286 1546 32 22 till
340 1546 131 27 protokollet
495 1546 123 22 antecknad
642 1546 41 22 den
703 1544 142 28 förhoppning
861 1544 35 20 att

819 1584 10 16 5
