1070 1739
372 115 39 17 Den
428 112 11 19 8
456 113 109 18 November.
817 111 39 20 501

67 177 73 22 starka
155 177 95 28 drycker,
266 178 21 26 ty
303 177 26 21 då
344 177 70 22 skulle
430 177 26 21 de
472 179 60 20 snart
547 177 83 21 riskera
646 178 32 20 att
693 175 80 23 förlora
787 176 50 23 hela
852 175 36 22 det

66 205 88 28 kapital,
170 213 46 15 som
238 206 27 21 de
286 205 68 28 inlagt
368 206 7 21 i
390 205 104 22 rörelsen.
524 206 10 21 I
557 205 70 22 denna
645 204 161 27 omständighet
820 205 69 27 ligger

68 241 27 15 en
109 235 44 22 viss
168 234 83 28 garanti
265 233 33 22 för
313 234 25 22 de
354 234 143 27 arkangelske
512 235 120 21 böndernes
657 233 151 28 qvalifikation.
839 234 50 21 Man

67 263 40 22 har
129 264 66 22 också
216 264 48 26 sagt
286 264 32 20 att
337 263 26 22 de
383 263 70 22 skulle
471 263 100 28 utsprida
586 263 157 22 smittosamma
758 262 129 27 sjukdomar.

68 292 82 22 Försök
171 291 63 22 hafva
256 291 68 22 blifvit
343 292 85 27 gjorda;
449 298 49 15 man
516 293 40 20 har
570 292 29 27 på
614 298 25 15 en
656 292 42 27 dag
714 291 35 22 vid
763 291 125 22 marknads-

68 320 83 23 tillfälle
170 321 50 21 lätit
237 320 100 22 församla
356 321 42 21 alla
414 321 145 27 arkangeliter
577 327 45 16 som
637 320 78 22 funnos
730 320 29 27 pä
774 322 67 24 orten,
857 320 32 21 till

69 351 32 20 ett
123 350 58 21 antal
196 349 23 22 af
236 349 88 22 emellan
340 351 32 20 ett
390 349 14 22 &
418 349 128 27 tvähundra,
563 350 39 21 och
618 350 70 21 denna
702 349 135 28 beskyllning
851 349 39 21 har

68 377 108 23 befunnits
193 378 87 22 alldeles
296 378 115 27 ogrundad.
442 379 63 21 Hvad
519 378 104 28 farhägan
636 378 33 23 för
676 378 65 27 judar
751 378 137 26 vidkommer,

69 407 26 22 sä
109 407 40 22 hör
160 407 39 27 jag
213 407 123 27 visserligen
354 407 33 22 till
403 407 48 22 dem
467 413 46 16 som
529 407 24 22 ät
567 407 137 22 bekännarne
720 406 23 23 af
756 407 41 22 den
811 406 78 22 mosai-

69 436 40 22 ska
131 437 48 21 tron
202 436 68 22 skulle
287 436 49 28 vilja
357 436 129 22 tillerkänna
501 436 171 27 medborgerliga
686 435 140 28 rättigheter;
841 441 49 15 men

69 464 34 22 för
125 465 62 21 deras
209 465 95 27 räkning,
320 471 46 15 som
386 471 52 15 anse
457 465 38 21 det
509 464 70 22 finska
593 464 68 22 folket
676 471 51 15 vara
742 464 25 22 sä
782 464 109 28 omyndigt

70 495 33 20 att
117 500 49 15 man
180 494 101 22 behöfver
296 494 81 27 skydda
393 494 37 22 det
449 496 46 19 mot
511 494 155 27 arkangeliters
683 494 40 21 och
736 493 75 28 judars
826 494 63 26 knep,

69 523 40 21 ber
121 523 37 27 jag
172 522 22 22 fä
208 523 90 27 upplysa
313 524 32 20 att
359 522 85 22 landets
459 523 100 27 regering
574 523 122 27 antagligen
712 525 24 19 är
750 522 48 22 utaf
811 528 27 16 en
853 528 37 15 an-

70 558 42 15 nan
132 551 141 28 uppfattning,
293 551 90 22 rörande
402 552 57 21 hvad
475 551 23 28 $$
515 554 25 19 13
557 552 40 22 och
614 553 26 20 14
655 552 7 21 i
678 552 69 21 denna
768 551 123 27 förordning

70 580 113 27 innehälla,
199 581 29 27 ity
243 582 32 20 att
290 580 115 27 samtidigt,
414 586 46 16 som
475 580 105 27 förslaget
595 580 32 22 till
641 580 71 22 denna
721 580 123 27 förordning
854 586 37 15 var

70 610 68 21 under
153 610 146 26 utarbetande,
315 609 124 22 utfärdades
455 609 34 21 till
504 610 85 21 landets
605 611 131 25 guvernörer
747 610 31 21 ett
789 608 99 26 cirkulär,

71 644 47 16 som
133 638 65 22 bland
213 640 64 20 annat
291 638 63 22 rörde
370 638 42 22 den
427 638 136 28 näringsrätt
577 644 47 16 som
638 638 130 22 tillkommer
778 637 113 22 afskedadt

71 666 126 23 underbefäl
212 667 39 21 och
267 667 101 27 manskap
384 667 36 21 vid
435 667 66 27 ryska
516 668 114 26 militären,
645 667 40 22 och
700 667 59 22 hvari
769 667 37 21 det
817 668 72 25 säges:

73 696 45 26 yDe
141 696 89 22 sålunda
246 696 77 27 jemväl
346 696 107 22 mosaiske
473 696 170 22 trosförvandter
663 696 35 22 vid
717 696 40 21 den
776 695 7 21 i
801 694 90 22 Finland

71 724 97 28 förlagda
190 725 64 27 ryska
275 724 77 22 militär
374 726 56 20 samt
452 725 63 22 deras
534 725 89 22 hustrur
637 725 40 21 och
694 725 66 21 enkor
773 724 118 22 förunnade

71 754 129 26 rättigheter
214 754 52 21 böra
282 754 53 21 dock
350 754 72 21 tolkas
438 754 68 27 enligt
525 754 149 28 ordalydelsen
692 754 31 21 uti
739 753 62 22 ofvan
817 752 74 22 äbero-

71 782 56 27 pade
142 782 83 27 Nädiga
239 782 123 28 förordning
372 783 41 21 och
428 782 7 22 i
451 782 223 22 öfverensstämmelse
687 782 49 22 med
746 782 71 27 kongl.
830 781 61 22 Com-

71 817 71 16 merce
161 811 88 27 Collegii
268 811 41 22 den
323 813 26 20 27
369 812 43 27 Maj
430 813 56 19 1782
501 811 121 26 utfärdade,
639 814 57 19 ännu
711 811 98 27 gällande
824 810 68 28 regle-

71 842 72 20 mente
158 839 33 23 för
206 840 48 22 dem
268 840 23 21 af
302 840 86 28 judiska
406 840 109 28 nationen,
532 846 46 16 som
593 840 50 28 vilja
658 840 32 21 hit
705 840 82 28 inflytta
803 839 40 22 och
859 839 33 27 sig

71 869 41 21 här
133 868 106 28 nedsätta,
259 869 80 21 hvilket
361 869 66 21 bland
446 871 67 20 annat
532 870 32 21 uti
584 869 23 28 $$
628 871 24 19 13
670 869 40 21 och
725 870 27 20 20
767 868 124 26 innehåller,

72 900 33 19 att
117 898 65 27 judar
196 898 48 22 icke
254 900 36 20 äro
301 898 135 26 berättigade
446 900 34 20 att
490 898 129 22 marknader
626 898 78 22 bivista
714 899 59 20 utom
784 898 41 21 den
835 897 56 25 stad,

73 927 38 21 der
125 927 27 21 de
167 928 36 20 äro
218 926 89 27 bofaste,
323 927 52 21 eller
390 928 33 20 att
437 927 29 27 pä
481 927 148 27 landsbygden
643 927 111 27 kringresa
765 926 38 22 och
814 925 78 22 handel

73 955 52 22 eller
138 955 119 22 handtverk
273 955 86 22 drifva".
389 955 78 27 Någon
487 955 172 27 öfversvämning
679 955 47 22 utaf
740 955 76 27 polska
828 954 64 27 judar

72 983 62 22 torde
149 984 92 27 således,
258 991 34 14 om
306 984 119 22 utskottets
440 984 84 27 förslag
535 986 96 25 antages,
643 984 48 21 icke
701 990 51 15 vara
765 985 33 20 att
811 982 80 23 befara.

72 1013 42 21 För
129 1014 32 21 ett
176 1012 78 22 sådant
268 1013 120 27 antagande
404 1019 63 22 synes
483 1013 44 27 mig
542 1013 102 27 slutligen
658 1013 65 21 också
735 1011 101 29 politiska
847 1011 46 22 skäl

72 1041 51 22 tala.
152 1041 44 22 Det
218 1044 23 19 är
264 1042 36 21 det
320 1041 116 28 höglofliga
454 1042 89 21 ståndet
561 1042 47 22 icke
624 1042 99 26 obekant,
740 1043 32 20 att
787 1040 27 22 de
829 1040 65 27 ryska

72 1070 182 27 myndigheterna,
273 1071 234 21 inrikes-ministerium
526 1070 109 22 äfvensom
656 1071 156 26 guvernörerne
831 1069 6 21 i
853 1069 38 21 Ar-

73 1099 78 27 kangel
166 1099 40 22 och
222 1099 89 22 Olonetz
326 1099 42 22 tidt
383 1099 41 22 och
439 1099 47 22 ofta
501 1099 67 22 vändt
583 1099 32 28 sig
628 1099 49 22 med
687 1098 164 23 reklamationer
861 1097 33 22 till

74 1127 41 22 den
133 1127 69 22 finska
220 1128 104 27 styrelsen
344 1129 33 20 att
391 1128 22 21 få
430 1128 190 27 gårdfarihandeln
636 1127 97 28 frigifven
750 1127 39 22 och
805 1128 32 20 att
853 1127 40 21 den

73 1156 130 23 fortfarande
220 1159 85 25 vägran,
322 1163 46 16 som
383 1157 70 22 blifvit
472 1157 66 22 ställd
554 1159 57 20 emot
626 1157 70 21 denna
710 1157 101 26 begäran,
826 1154 69 23 blifvit

73 1185 76 22 tolkad
170 1185 71 22 såsom
263 1192 25 15 en
311 1185 88 28 oginhet
419 1187 59 20 emot
495 1186 41 21 den
550 1186 64 27 ryska
629 1186 107 24 nationen,
754 1184 89 23 emedan
859 1184 37 21 det

73 1216 83 20 ansetts
179 1216 33 20 att
234 1215 64 21 dessa
319 1215 98 21 karelare
440 1217 38 19 äro
502 1215 86 21 hemma
607 1214 45 22 från
671 1214 89 26 trakter,
775 1213 72 22 hvilka
862 1212 33 21 till

73 1243 53 27 följd
141 1243 23 22 af
176 1243 38 22 sitt
227 1243 58 22 kalla
299 1243 75 22 klimat
388 1243 48 22 icke
451 1243 76 22 kunna
541 1243 68 22 skaffa
624 1243 151 27 befolkningen
788 1241 65 28 nödig
861 1243 34 20 ut-

73 1272 72 21 komst
160 1272 40 21 och
216 1272 70 22 derför
301 1279 23 15 se
339 1272 33 27 sig
387 1274 96 25 tvungne
500 1274 33 20 att
551 1272 93 27 tillgripa
660 1271 66 22 andra
740 1273 95 24 utvägar.
865 1269 31 22 På

73 1301 70 26 grund
158 1300 22 22 af
193 1301 55 21 hvad
260 1301 37 27 jag
311 1307 28 15 nu
354 1300 47 22 haft
416 1303 53 19 äran
487 1301 74 22 anföra
577 1301 39 21 och
631 1301 33 21 för
679 1302 33 20 att
724 1299 173 26 förfullständiga

74 1329 42 22 den
134 1329 116 22 frisinnade
268 1330 60 26 anda,
351 1329 7 22 i
377 1329 88 22 hvilken
488 1329 140 28 lagförslaget
647 1329 7 21 i
674 1328 65 28 öfrigt
757 1328 68 22 blifvit
842 1333 54 21 upp-

73 1358 89 27 rättadt,
185 1357 32 23 får
236 1359 38 27 jag
295 1358 85 22 förorda
402 1359 135 26 antagandet
560 1358 22 22 af
601 1358 119 21 utskottets
740 1356 157 23 betänkande
883 1352 18 38 i

74 1387 69 22 denna
159 1387 39 22 del.

142 1415 56 23 Herr
212 1422 40 16 von
268 1416 124 21 Kremer:
418 1416 75 22 Jemte
509 1416 37 21 det
559 1416 36 27 jag
610 1417 78 25 genast
701 1415 33 21 får
748 1414 101 25 förklara,
865 1414 33 21 att

71 1445 38 27 jag
123 1445 46 22 helt
184 1445 40 21 och
239 1445 67 22 hållet
319 1444 85 22 förenar
419 1445 44 26 mig
479 1445 51 21 med
545 1444 56 22 hvad
616 1444 50 21 herr
680 1450 40 15 von
731 1441 116 24 Bonsdorff
855 1443 42 26 ytt-

73 1474 58 25 rade,
154 1473 32 21 till
208 1473 63 22 hvars
293 1473 111 22 utlåtande
422 1473 39 27 jag
482 1473 71 21 måste
573 1472 85 22 anhålla
678 1474 32 19 att
728 1471 22 22 få
764 1473 53 25 göra
832 1471 67 26 några

73 1502 82 22 mindre
175 1502 75 27 tillägg
268 1501 45 23 från
332 1502 44 21 min
395 1502 117 27 synpunkt,
533 1500 26 22 så
573 1501 69 22 måste
656 1502 38 26 jag
708 1500 92 27 beklaga
815 1500 33 21 att
861 1499 38 27 jag

73 1530 48 22 icke
141 1530 76 22 endast
236 1531 7 21 i
260 1530 120 23 hufvudsak
396 1532 53 20 utan
464 1532 80 20 nästan
559 1536 43 21 nog
616 1530 7 21 i
638 1529 73 27 hvarje
726 1529 39 21 ord
781 1531 23 19 är
819 1527 23 22 af
855 1528 44 21 dia-
