1070 1739
204 146 41 19 932
498 147 41 18 Den
557 147 8 18 1
584 147 104 18 December.

174 209 92 22 behöfva
282 209 82 22 direkte
380 210 159 22 kommunicera
555 211 48 20 med
618 212 32 19 ett
660 209 83 22 mindre
753 209 246 28 vägbyggnadsdistrikt,

174 245 50 15 men
236 239 38 26 jag
289 238 82 27 hoppas
388 240 32 19 att
436 239 69 21 denna
520 239 111 27 svårighet
646 239 28 21 då
688 239 48 21 icke
752 239 55 20 skall
822 245 52 15 vara
889 240 69 20 större
974 241 26 18 än

176 269 33 20 att
224 267 42 21 den
281 267 54 21 skall
351 267 138 22 öfvervinnas.
520 268 44 21 Det
579 270 24 19 är
616 268 35 21 väl
667 267 55 22 dock
738 267 7 21 i
760 267 69 22 första
843 269 92 20 rummet
950 269 50 25 väg-

175 296 194 27 byggnadstungan
385 296 39 21 och
440 298 80 25 tungan
536 296 23 22 af
572 297 101 21 broarnes
689 296 120 27 underhåll,
825 303 46 15 som
887 303 47 14 man
944 295 57 22 afser

176 327 33 19 att
231 325 74 26 lindra,
328 325 48 21 icke
398 325 161 22 vederbörande
575 325 243 27 embetsmyndigheters
835 325 164 27 beqvämlighet,

176 360 49 15 man
241 353 64 22 söker
319 355 33 20 att
366 353 110 27 befrämja.
506 355 31 20 På
553 354 64 21 dessa
632 354 47 21 skäl
695 354 39 21 ber
746 354 37 27 jag
798 354 111 21 vördsamt
922 353 22 22 få
958 353 43 22 för-

177 383 53 20 orda
245 383 131 26 antagandet
391 382 23 21 af
426 383 79 26 nådiga
519 383 161 27 propositionen
696 383 7 20 i
719 382 70 22 denna
805 383 40 21 del.

244 411 56 21 Herr
320 411 167 21 Silfversvan:
519 412 50 20 Som
589 412 38 26 jag
650 411 92 27 deltagit
760 411 7 21 i
790 411 69 21 denna
877 411 71 27 frågas
963 411 37 21 be-

176 440 103 26 handling
294 440 6 20 i
315 440 113 26 utskottet,
444 439 33 22 får
489 440 38 27 jag
542 446 35 20 nu,
586 440 27 27 på
630 440 26 21 de
672 440 22 21 af
708 440 50 21 herr
772 440 151 27 Björkenheim
937 439 63 21 fram-

176 468 64 27 lagda
263 468 47 22 skäl
333 468 39 22 och
395 468 28 27 på
445 468 27 22 de
487 469 66 21 motiv
575 475 45 15 som
640 468 23 22 af
678 469 109 21 utskottet
802 469 96 25 uttalats,
914 468 87 22 förorda

176 497 154 21 betänkandet.
360 497 42 27 Jag
416 496 85 22 förenar
516 498 44 26 mig
575 498 83 21 således
674 497 50 22 med
741 497 48 21 herr
804 497 157 27 Björkenheim.

245 526 56 21 Herr
313 532 41 15 von
369 525 118 22 Alfthan:
518 526 42 27 Jag
576 526 67 22 skulle
658 527 51 27 vilja
724 526 60 27 fråga
799 526 50 22 herr
857 526 22 21 af
888 526 111 25 Forselles,

177 554 49 22 med
248 555 57 21 hvad
326 556 44 19 rätt
392 554 42 22 han
449 557 54 19 trott
518 555 34 27 sig
567 555 72 21 kunna
653 555 99 21 förmoda
766 556 33 20 att
814 555 39 21 här
867 554 133 22 närvarande

178 585 129 25 guvernörer
329 582 23 22 af
372 584 157 26 begvämlighet
550 583 33 22 för
606 584 32 21 sin
656 590 81 21 person
755 584 52 21 eller
822 584 27 21 de
865 584 134 20 embetsverk

178 619 45 15 som
240 612 26 22 de
282 612 81 22 förestä
386 612 68 22 skulle
477 612 111 28 föreslagit
607 619 26 15 en
656 613 68 21 sädan
748 612 83 27 ätgärd.
863 612 114 22 Skilnaden
993 612 6 20 i

177 642 101 20 besväret
293 642 35 20 vet
343 641 53 21 hvar
411 641 39 21 och
466 648 26 14 en
508 644 24 18 är
546 642 69 26 ingen,
637 642 120 26 omgängen
777 642 40 20 blir
832 641 7 21 i
855 641 42 21 alla
912 641 87 21 händel-

178 676 36 15 ser
236 671 33 20 att
292 670 66 21 saken
380 670 68 21 mäste
463 670 32 21 till
509 670 125 22 häradsrätt
649 671 40 21 och
704 670 92 21 derifrän
812 670 32 21 till
860 671 139 26 guvernören.

177 698 41 22 Vid
235 699 69 26 tinget
318 698 87 22 komma
420 699 63 21 dessa
498 699 91 21 ärender
604 699 6 21 i
625 699 42 21 alla
681 699 116 21 händelser
812 701 33 19 att
860 699 137 26 handläggas,

176 728 41 21 och
240 734 34 14 om
296 734 48 14 man
366 726 32 22 fär
420 729 32 19 ett
474 728 51 21 elier
547 727 51 22 flere
613 728 23 21 af
650 728 54 25 dem,
722 727 26 21 sä
762 729 39 25 gör
815 728 38 21 det
867 728 48 21 icke
930 728 69 26 nägon

177 756 90 22 skilnad.
298 756 41 27 Jag
354 756 128 22 ätminstone
497 757 39 21 har
551 757 47 21 icke
613 757 49 21 lätit
677 756 44 27 mig
736 756 105 27 päverkas
857 756 22 22 af
888 756 65 27 nägra
963 756 35 21 sä-

178 785 56 21 dana
241 785 187 21 konsiderationer
436 785 40 21 och
489 788 23 18 är
521 786 38 26 jag
567 785 131 27 öfvertygad,
716 786 33 20 att
764 785 119 21 detsamma
897 787 24 19 är
936 784 60 22 fallet

175 814 49 21 med
239 814 43 20 min
298 814 64 21 ärade
377 814 90 26 kollega,
485 820 45 15 som
545 814 61 22 torde
622 821 51 14 vara
688 814 24 21 af
733 814 88 21 alldeles
837 820 81 15 samma
932 814 65 20 tanke

176 849 46 15 som
235 843 44 26 jag.
309 842 41 27 Jag
365 842 39 21 har
414 849 28 14 nu
452 843 47 21 icke
507 843 67 26 några
584 843 122 21 statistiska
717 843 152 27 upplysningar
879 843 33 20 till
922 842 75 26 hands,

175 878 49 14 men
237 872 37 26 jag
287 871 41 21 kan
345 871 66 27 draga
432 872 43 26 mig
490 872 31 20 till
537 872 81 21 minnes
634 871 46 22 frän
696 872 71 26 gamla
783 872 56 21 tider
854 872 95 25 tillbaka,
966 873 33 19 att

174 900 8 21 i
197 900 120 26 Uleåborgs
332 900 35 21 län
382 900 76 21 funnos
473 900 130 27 kommuner,
620 900 37 22 der
673 901 37 21 det
726 900 28 27 pä
769 902 32 19 ett
816 900 80 21 mantal
911 900 87 26 belöpte

175 929 33 26 sig
223 928 42 22 fem
280 930 58 20 verst
353 929 103 26 landsväg
471 931 32 19 att
517 930 75 25 bygga,
608 929 76 21 medan
702 929 67 21 andra
784 929 72 21 kunde
872 929 68 26 slippa
949 928 48 22 med

175 963 26 15 en
224 957 152 27 obetydlighet.
407 957 43 21 Det
471 959 23 19 är
515 957 81 21 sädana
609 957 135 27 ojemnheter
759 963 46 15 som
820 957 118 22 utskottets
954 957 43 21 för-

173 986 47 27 slag
242 987 25 20 är
290 986 79 26 egnadt
390 987 33 20 att
444 985 33 22 för
498 985 112 22 framtiden
630 986 102 27 afhjelpa.
762 986 116 21 Dessutom
893 992 51 15 vore
960 987 37 20 det

172 1015 65 26 högst
252 1014 100 26 önskligt,
369 1014 71 21 såsom
453 1015 37 26 jag
505 1015 66 21 redan
586 1016 97 24 nämnde,
701 1017 39 23 att,
757 1015 56 20 hvad
827 1015 75 28 broars
916 1015 79 21 under-

171 1043 44 21 håll
236 1043 138 26 vidkommer,
398 1043 60 21 detta
480 1044 77 21 besvär
580 1050 33 15 om
631 1044 85 27 möjligt
731 1043 71 22 kunde
817 1043 93 22 fördelas
925 1043 29 28 pä
969 1046 27 19 än

172 1073 70 20 större
258 1072 91 21 distrikt.

240 1100 97 21 Friherre
350 1107 41 14 von
414 1101 82 25 Troil,
521 1101 20 20 S.
558 1101 42 20 W.:
630 1101 34 21 Dä
686 1101 108 20 allmänna
815 1103 76 24 vägars
912 1101 81 21 storlek

170 1129 57 21 inom
242 1129 33 21 för
291 1128 63 27 öfrigt
366 1129 127 27 fullkomligt
514 1129 44 21 lika
577 1131 59 19 stora
650 1130 127 21 kommuner
793 1132 24 19 är
832 1130 82 26 ganska
930 1130 63 25 olika,

170 1160 56 19 samt
241 1158 160 21 kommunerna.
417 1158 6 20 i
438 1158 102 21 händelse
556 1158 78 27 nädiga
648 1158 173 27 propositionens
834 1158 80 27 förslag
924 1159 70 20 skulle

169 1187 75 26 läggas
261 1186 32 21 till
308 1186 69 27 grund
392 1185 33 22 för
440 1187 99 20 ärendets
555 1187 135 26 behandling,
707 1186 134 27 följaktligen
850 1187 68 21 skulle
929 1187 66 21 blifva

169 1215 86 27 mycket
277 1215 57 21 olika
357 1215 122 26 betungade
495 1215 22 21 af
535 1215 311 27 vägbyggnadsskyldigheten,
863 1216 34 21 vid
913 1216 81 21 hvilket

168 1244 133 21 förhållande
323 1243 37 22 det
382 1243 70 22 skulle
467 1244 13 21 &
495 1245 214 26 guvernörsembetet
726 1244 112 21 ankomma
853 1246 33 19 att
900 1244 94 27 förflytta

167 1273 68 26 några
249 1272 127 27 lägenheter
391 1272 45 21 från
453 1279 25 14 en
494 1273 99 21 kommun
610 1273 31 20 till
657 1273 276 27 vägbyggnadsskyldighet
948 1273 6 20 i
965 1279 27 15 en

167 1308 75 19 annan,
260 1301 24 21 sä
300 1301 39 21 och
356 1301 28 21 dä
399 1301 80 21 bördan
494 1301 85 21 utfaller
592 1302 102 26 jemnare,
709 1301 26 27 ju
746 1303 68 20 större
825 1302 113 21 distrikten
948 1303 43 24 äro,

166 1331 82 26 nödgas
262 1330 38 27 jag
315 1329 33 22 för
362 1329 44 22 min
421 1329 35 22 del
471 1329 56 27 gifva
541 1329 107 22 företräde
667 1330 23 21 ät
709 1330 120 21 utskottets
849 1330 86 27 förslag,
952 1331 40 20 och

166 1365 63 15 anser
245 1360 32 19 att
294 1358 25 21 de
336 1358 22 21 af
371 1358 127 21 friherrarne
513 1358 78 21 Wrede
607 1359 40 21 och
662 1358 64 27 Boije
742 1359 39 20 och
795 1359 49 21 herr
855 1359 22 20 af
886 1359 105 21 Forselles

164 1387 33 22 till
212 1387 84 22 förmän
310 1386 32 21 för
358 1387 41 21 den
414 1387 78 27 nädiga
506 1387 159 27 propositionen
680 1387 130 22 framhällna
825 1388 47 21 skäl
885 1388 47 27 just
947 1388 44 21 tala

165 1417 32 20 till
213 1416 83 21 förmän
311 1415 33 21 för
359 1415 119 22 utskottets
493 1416 142 21 betänkande.

231 1445 57 21 Herr
304 1443 22 22 af
339 1444 147 26 Forselles,
502 1444 65 21 Emil:
597 1445 55 21 Herr
666 1451 43 15 von
726 1444 86 22 Alfthan
827 1445 40 21 har
883 1445 59 21 ställt
957 1445 33 21 till

163 1473 43 27 mig
222 1474 41 20 den
278 1472 81 26 frägan,
383 1473 49 21 med
455 1473 56 21 hvad
533 1474 44 20 rätt
589 1473 38 27 jag
640 1474 38 20 har
693 1473 61 21 velat
768 1475 52 25 göra
835 1473 105 27 gällande,
957 1476 33 19 att

162 1501 27 21 de
206 1502 64 21 ärade
286 1500 138 22 medlemmar
438 1501 23 21 af
475 1502 59 20 detta
549 1502 68 26 ständ,
634 1508 46 15 som
702 1502 95 21 bekläda
816 1502 173 27 guvernörsplat-

162 1536 40 20 ser,
219 1530 71 22 skulle
304 1528 64 23 hafva
382 1529 107 23 försvarat
503 1530 117 22 utskottets
636 1530 139 22 betänkande
791 1530 32 22 för
839 1530 32 22 sin
883 1536 52 22 egen
946 1531 39 22 del.

156 1558 46 28 Jag
218 1558 70 22 skulle
303 1558 50 27 vilja
375 1558 67 27 fräga,
459 1559 49 21 med
523 1558 56 23 hvad
594 1561 45 19 rätt
658 1559 36 22 vill
715 1558 50 23 herr
780 1566 41 15 von
836 1559 86 22 Alfthan
938 1562 51 26 taga
