1070 1739
388 132 41 17 Den
446 129 26 19 20
488 131 109 18 November.
841 129 40 20 705

87 193 60 27 dana,
170 196 54 20 utan
247 194 26 21 de
296 193 97 22 enskilde
415 193 168 22 medlemmarne
607 193 22 21 af
650 193 100 26 stånden,
773 199 47 16 som
842 192 69 23 skulle

86 223 100 26 granska.
216 223 42 21 För
280 223 33 20 att
335 228 26 15 en
381 223 130 21 ständernas
531 222 137 27 granskning,
690 224 32 19 ett
738 222 128 22 ständernas
880 222 32 21 in-

85 251 123 27 hemtande,
232 251 55 22 skall
309 251 72 22 kunna
404 251 86 22 komma
512 251 7 21 i
539 251 68 27 fråga,
623 250 85 22 fordras
725 251 139 26 ovilkorligen
879 251 33 21 att

87 281 117 21 ständerna
222 280 65 22 hafva
301 281 44 20 rätt
360 280 32 21 till
408 280 124 21 diskussion
548 280 23 21 in
583 280 76 26 pleno;
675 280 77 21 endast
764 279 22 21 in
801 279 63 27 pleno
880 279 31 21 in-

86 309 73 22 hemta
182 309 122 22 ständerna.
336 308 76 22 Såsom
435 309 94 21 resultat
551 308 49 21 utaf
618 309 129 21 ständernas
767 307 144 27 inhemtande,

87 338 78 21 sådant
187 338 37 21 det
246 338 7 21 i
274 339 26 20 27
315 337 11 28 &
342 337 22 22 af
378 337 22 22 L.
418 337 24 22 O.
455 337 69 22 finnes
541 337 117 22 ständerna
673 337 163 26 tillförsäkradt,
851 337 60 21 kom-

86 373 47 15 mer
154 373 28 15 nu
206 368 32 20 att
257 366 7 21 i
283 366 272 27 landtdagshandlingarna
575 366 89 27 gvarstä
680 365 179 22 Statsutskottets
874 366 38 21 be-

87 395 115 27 tänkande,
225 395 146 22 innefattande
394 401 27 16 en
442 396 80 26 mängd
546 395 172 26 anmärkningar,
740 401 25 15 en
785 394 78 27 mängd
880 394 32 21 in-

87 424 101 21 hemtade
208 424 190 26 omständigheter,
418 430 34 15 om
468 424 73 21 hvilka
556 431 49 14 man
620 424 48 21 icke
683 425 43 24 vet,
743 429 34 15 om
793 423 27 21 de
835 423 77 21 verkli-

88 459 42 20 gen
148 452 100 28 uttrycka
267 452 56 22 hvad
342 453 117 21 ständerna
478 453 112 21 inhemtat.
621 452 33 22 De
672 452 101 27 uttrycka
787 452 125 26 visserligen

87 482 56 21 hvad
160 481 168 22 Statsutskottet
342 481 112 27 inhemtat,
471 488 48 15 men
535 482 48 21 icke
597 481 55 21 hvad
669 481 117 21 ständerna
800 480 111 22 inhemtat.

87 510 109 21 Måhända
212 510 69 22 skulle
296 509 61 22 äfven
374 516 25 16 en
416 510 85 22 enskild
517 510 169 22 ständsmedlem
702 510 39 21 här
756 509 50 28 vilja
816 511 51 25 göra
876 516 36 14 an-

88 539 146 27 märkningar;
258 538 106 22 måhända
386 539 70 21 skulle
473 540 66 20 dessa
555 539 163 26 anmärkningar
733 538 85 22 komma
833 540 32 20 att
878 540 34 19 ut-

88 569 53 25 göra
163 574 27 15 en
213 567 34 22 del
270 567 60 22 äfven
348 567 22 22 af
383 568 57 22 hvad
456 568 118 22 ständerna
589 568 115 26 inhemtat;
721 567 107 21 mähända
843 567 69 21 skulle

88 597 57 21 inom
167 597 91 21 stånden
281 596 37 22 det
339 596 23 22 af
377 596 172 22 Statsutskottet
563 596 124 22 inhemtade
700 596 79 27 jemväl
794 596 64 21 blifva
874 596 38 21 be-

88 627 65 25 mött;
177 626 40 21 och
240 625 38 21 allt
298 626 59 20 detta
372 625 70 21 skulle
457 626 67 21 blifva
540 626 75 26 bidrag
630 625 33 21 till
678 625 57 21 hvad
751 625 115 21 ständerna
881 624 31 22 in-

88 654 89 22 hemtat.
207 654 45 21 Allt
274 654 59 21 detta
351 654 41 21 blir
412 660 28 15 nu
461 654 104 22 afskuret.
585 666 28 3 —
628 654 42 26 Jag
684 654 39 21 ber
738 655 33 20 att
785 654 7 20 i
807 660 106 14 samman-

89 683 56 27 hang
160 683 89 21 härmed
265 683 40 21 och
320 683 71 21 säsom
406 683 127 27 ytterligare
548 683 66 21 motiv
628 682 33 22 för
672 682 60 22 detta
742 682 49 21 mitt
800 682 112 21 uttalande

89 711 22 22 fä
125 714 84 24 nämna,
226 713 38 24 att,
280 712 66 21 ehuru
362 711 196 27 regeringsformen
574 712 88 26 stadgar
678 713 32 19 att
718 711 142 21 statsverkets
870 711 42 21 till-

90 740 63 22 ständ
172 740 41 22 bör
231 740 101 27 uppvisas
351 741 77 21 endast
442 741 35 26 för
493 741 128 21 ständernas
636 740 85 26 utskott,
738 740 40 21 och
793 740 23 21 L.
833 740 24 21 O.
875 741 38 25 gör

91 770 32 20 ett
141 769 78 27 vigtigt
233 768 102 28 framsteg
350 769 6 21 i
372 775 82 15 samma
468 769 68 27 fräga,
554 770 27 20 dä
597 770 41 20 den
653 769 131 21 bestämmer
799 770 33 20 att
847 770 65 19 stats-

89 798 87 21 verkets
198 798 98 21 tillstånd
317 798 39 21 bör
378 798 103 27 uppvisas
505 798 32 22 för
560 798 123 26 ständerna,
701 810 26 2 —
750 798 20 21 vi
783 797 48 22 icke
850 797 61 21 desto

89 826 83 22 mindre
187 833 29 15 nu
232 826 34 22 stå
281 829 69 19 sämre
366 829 27 19 än
408 833 49 15 man
473 827 52 21 stod
540 827 7 21 i
563 827 70 21 denna
647 826 61 28 fråga
723 826 49 22 kort
787 826 55 22 efter
858 827 54 20 1772

91 855 34 21 års
148 855 174 27 regeringsforms
346 856 110 21 tillkomst.
488 856 75 21 Under
585 856 139 26 riksdagarne
744 856 95 20 närmast
859 854 54 22 efter

91 885 55 20 1772
168 884 64 22 hafva
254 884 27 22 de
303 884 106 22 särskilda
427 884 93 22 stånden
540 884 91 22 faktiskt
650 884 121 21 diskuterat
786 884 37 21 det
837 884 76 20 betän-

89 912 77 27 kande,
182 919 47 15 som
244 913 169 21 Statsutskottet
429 912 84 28 afgifvit
527 914 49 21 med
592 913 113 27 anledning
722 912 22 22 af
751 912 118 22 relationen
879 918 34 15 om

90 942 143 21 statsverkets
248 942 101 21 tillstånd.
381 942 71 26 Detta,
470 942 73 21 såsom
559 942 37 21 det
610 942 72 21 kunde
699 942 81 27 tyckas,
796 941 117 27 besynner-

89 969 44 27 liga
147 969 134 22 förhållande
296 970 62 21 beror
373 970 29 27 på
418 970 40 21 den
469 971 122 26 märkeliga
599 970 192 27 omständigheten,
799 971 34 20 att
843 969 70 22 Stats-

89 999 109 21 utskottet
216 999 127 27 exempelvis
362 999 36 21 vid
418 1001 53 19 1779
497 999 41 22 och
555 1001 54 19 1786
627 999 34 21 års
677 999 112 26 riksdagar
804 997 58 28 afgaf
875 998 38 21 be-

89 1027 109 22 tänkande
213 1027 59 22 öfver
286 1028 119 21 relationen
421 1034 34 15 om
471 1028 144 21 statsverkets
631 1027 98 22 tillstånd
745 1028 5 21 i
762 1027 151 26 sammanhang

89 1055 50 22 med
161 1056 39 21 sitt
218 1057 135 21 betänkande
370 1063 33 15 om
419 1057 118 26 bevillning
553 1056 22 22 af
589 1057 75 26 anslag
679 1056 33 21 för
727 1056 105 21 särskilda
848 1055 65 22 ända-

89 1085 48 21 mål.
167 1085 42 26 Jag
225 1087 23 19 är
263 1085 7 21 i
286 1085 60 22 detta
361 1085 114 26 ögonblick
491 1085 7 21 i
514 1085 83 22 tillfälle
613 1087 33 20 att
661 1092 25 14 ur
703 1087 54 19 1786
769 1085 34 21 års
814 1085 99 26 riksdags

89 1113 86 28 tryckta
196 1114 107 27 protokoll
320 1114 128 21 konstatera
465 1114 63 21 detta
545 1114 82 21 faktum
644 1114 39 21 och
699 1114 80 26 bevisa,
795 1115 33 20 att
843 1113 70 21 Stats-

89 1142 119 21 utskottets
222 1143 135 21 betänkande
368 1143 28 21 då
407 1142 120 22 omfattade
538 1143 60 21 såväl
608 1143 119 21 relationen
738 1149 45 15 som
795 1143 26 20 de
832 1142 81 21 äskade

89 1171 235 27 bevillningsanslagen,
349 1171 40 22 och
412 1173 39 24 att,
475 1172 106 21 särskildt
600 1172 57 21 inom
674 1171 68 22 första
761 1171 92 26 ståndet,
871 1171 42 21 dis-

88 1199 118 22 kussionen
222 1200 141 21 obehindradt
378 1201 97 20 sträckte
492 1201 34 26 sig
541 1201 32 20 till
582 1201 157 21 betänkandets
750 1200 42 21 alla
803 1199 60 22 delar
873 1199 40 21 och

90 1228 85 22 således
191 1228 61 22 äfven
268 1229 116 21 omfattade
400 1229 53 21 eller
468 1229 133 22 åtminstone
616 1229 56 21 hade
680 1229 82 21 kunnat
773 1228 88 22 omfatta
870 1228 43 25 det,

89 1263 47 15 som
151 1264 28 15 nu
195 1259 24 20 är
234 1257 114 28 förbjudet.
378 1258 42 26 Jag
434 1259 53 25 tror,
505 1259 33 20 att
554 1258 70 21 denna
640 1259 60 20 snart
714 1257 83 22 hundra
813 1257 23 21 år
844 1256 70 27 gamla

89 1285 122 22 erfarenhet
233 1286 71 21 kunde
326 1287 102 20 innebära
450 1286 33 21 för
502 1287 87 21 landets
609 1287 89 21 ständer
716 1286 40 21 och
771 1287 96 20 närmast
881 1284 34 22 för

89 1314 171 22 Statsutskottet
280 1321 25 15 en
323 1314 153 28 fingervisning
492 1317 34 20 att
541 1315 115 22 framdeles
672 1314 78 27 afgifva
765 1316 32 21 ett
811 1313 104 22 likartadt

88 1343 144 26 betänkande,
248 1349 46 16 som
309 1343 67 27 detta,
398 1344 1 21 i
414 1344 157 27 sammanhang
586 1344 49 21 med
652 1343 37 22 det
704 1343 106 22 allmänna
818 1342 96 26 anslags-

88 1371 154 22 betänkandet.
272 1373 41 26 Jag
328 1374 51 25 tror,
397 1374 32 19 att
445 1372 132 22 åtminstone
593 1373 91 21 sålunda
699 1379 26 15 en
740 1371 127 26 diskussion,
879 1371 35 20 så-

89 1400 42 21 dan
146 1407 46 15 som
209 1401 40 22 den
265 1401 85 22 hvilken
364 1407 30 15 nu
410 1403 24 19 är
448 1401 7 21 i
470 1401 69 27 fråga,
556 1401 44 22 lika
614 1401 49 22 litet
678 1401 56 21 skall
749 1401 72 21 kunna
829 1401 85 25 vägras,

89 1435 46 15 som
159 1431 61 24 1786,
240 1429 32 22 för
290 1432 51 19 nära
360 1429 117 22 etthundra
497 1430 25 21 år
537 1430 91 21 tillbaka
642 1430 7 21 i
664 1429 67 22 tiden.
761 1430 42 25 Jag
817 1428 98 21 inskrän-

87 1457 40 21 ker
145 1458 43 26 mig
202 1459 134 26 naturligtvis
351 1465 29 14 nu
395 1458 33 21 till
444 1460 33 19 att
490 1458 36 22 för
541 1459 43 21 min
599 1459 61 26 ringa
676 1458 35 21 del
725 1458 70 21 uttala
810 1458 33 20 ett
857 1457 58 26 hopp

88 1487 33 20 att
144 1486 169 22 Statsutskottet
331 1486 68 22 måtte
414 1486 36 22 vid
465 1493 28 15 en
509 1487 129 22 kommande
653 1486 103 27 landtdag
772 1486 144 26 tillgodogöra

88 1514 33 27 sig
144 1514 41 22 den
208 1515 93 27 sorgliga
318 1515 127 26 erfarenhet,
459 1515 22 22 vi
497 1522 31 15 nu
543 1516 69 21 under
626 1517 78 20 tvenne
719 1514 129 27 landtdagar
861 1513 52 26 haft,

87 1542 125 28 isynnerhet
230 1543 7 21 i
252 1544 26 21 de
293 1544 37 22 två
344 1543 91 22 främsta
450 1544 101 22 stånden.
567 1556 27 3 —
608 1544 42 27 Jag
665 1544 83 21 minnes
763 1543 41 25 väl,
821 1544 33 20 att
871 1541 43 22 frå-
