<?xml version="1.0" encoding="UTF-8"?>
<alto xmlns="http://www.loc.gov/standards/alto/ns-v3#" xmlns:xlink="http://www.w3.org/1999/xlink" xmlns:xsi="http://www.w3.org/2001/XMLSchema-instance" xsi:schemaLocation="http://www.loc.gov/standards/alto/ns-v3# http://www.loc.gov/alto/v3/alto-3-0.xsd">
	<Description>
		<MeasurementUnit>pixel</MeasurementUnit>
		<sourceImageInformation>
			<fileName>/tmp/tess_b1kd18rw_input.PNG</fileName>
		</sourceImageInformation>
		<OCRProcessing ID="OCR_0">
			<ocrProcessingStep>
				<processingSoftware>
					<softwareName>tesseract 5.3.4</softwareName>
				</processingSoftware>
			</ocrProcessingStep>
		</OCRProcessing>
	</Description>
	<Layout>
		<Page WIDTH="1070" HEIGHT="1739" PHYSICAL_IMG_NR="0" ID="page_0">
			<PrintSpace HPOS="0" VPOS="0" WIDTH="1070" HEIGHT="1739">
				<ComposedBlock ID="cblock_0" HPOS="388" VPOS="117" WIDTH="477" HEIGHT="20">
					<TextBlock ID="block_0" HPOS="388" VPOS="117" WIDTH="477" HEIGHT="20">
						<TextLine ID="line_0" HPOS="388" VPOS="117" WIDTH="477" HEIGHT="20">
							<String ID="string_0" HPOS="388" VPOS="119" WIDTH="40" HEIGHT="18" WC="0.95" CONTENT="Den"/><SP WIDTH="17" VPOS="119" HPOS="428"/>
							<String ID="string_1" HPOS="445" VPOS="117" WIDTH="11" HEIGHT="19" WC="0.95" CONTENT="8"/><SP WIDTH="17" VPOS="117" HPOS="456"/>
							<String ID="string_2" HPOS="473" VPOS="119" WIDTH="108" HEIGHT="18" WC="0.94" CONTENT="November."/><SP WIDTH="244" VPOS="119" HPOS="581"/>
							<String ID="string_3" HPOS="825" VPOS="117" WIDTH="40" HEIGHT="20" WC="0.96" CONTENT="533"/>
						</TextLine>
					</TextBlock>
				</ComposedBlock>
				<ComposedBlock ID="cblock_1" HPOS="74" VPOS="181" WIDTH="838" HEIGHT="1383">
					<TextBlock ID="block_1" HPOS="74" VPOS="181" WIDTH="820" HEIGHT="57">
						<TextLine ID="line_1" HPOS="141" VPOS="181" WIDTH="753" HEIGHT="28">
							<String ID="string_4" HPOS="141" VPOS="182" WIDTH="11" HEIGHT="21" WC="0.96" CONTENT="I"/><SP WIDTH="15" VPOS="182" HPOS="152"/>
							<String ID="string_5" HPOS="167" VPOS="182" WIDTH="112" HEIGHT="26" WC="0.95" CONTENT="anledning"/><SP WIDTH="15" VPOS="182" HPOS="279"/>
							<String ID="string_6" HPOS="294" VPOS="181" WIDTH="22" HEIGHT="22" WC="0.96" CONTENT="af"/><SP WIDTH="14" VPOS="181" HPOS="316"/>
							<String ID="string_7" HPOS="330" VPOS="181" WIDTH="26" HEIGHT="22" WC="0.96" CONTENT="de"/><SP WIDTH="14" VPOS="181" HPOS="356"/>
							<String ID="string_8" HPOS="370" VPOS="182" WIDTH="91" HEIGHT="21" WC="0.92" CONTENT="sålunda"/><SP WIDTH="10" VPOS="182" HPOS="461"/>
							<String ID="string_9" HPOS="471" VPOS="181" WIDTH="79" HEIGHT="28" WC="0.91" CONTENT="afgifna"/><SP WIDTH="10" VPOS="181" HPOS="550"/>
							<String ID="string_10" HPOS="560" VPOS="183" WIDTH="130" HEIGHT="26" WC="0.90" CONTENT="yttrandena"/><SP WIDTH="10" VPOS="183" HPOS="690"/>
							<String ID="string_11" HPOS="700" VPOS="183" WIDTH="137" HEIGHT="26" WC="0.93" CONTENT="uppställdes"/><SP WIDTH="8" VPOS="183" HPOS="837"/>
							<String ID="string_12" HPOS="845" VPOS="187" WIDTH="49" HEIGHT="22" WC="0.92" CONTENT="pro-"/>
						</TextLine>
						<TextLine ID="line_2" HPOS="74" VPOS="210" WIDTH="342" HEIGHT="28">
							<String ID="string_13" HPOS="74" VPOS="210" WIDTH="120" HEIGHT="27" WC="0.96" CONTENT="positionen"/><SP WIDTH="16" VPOS="210" HPOS="194"/>
							<String ID="string_14" HPOS="210" VPOS="211" WIDTH="28" HEIGHT="27" WC="0.96" CONTENT="på"/><SP WIDTH="15" VPOS="211" HPOS="238"/>
							<String ID="string_15" HPOS="253" VPOS="210" WIDTH="93" HEIGHT="27" WC="0.96" CONTENT="följande"/><SP WIDTH="15" VPOS="210" HPOS="346"/>
							<String ID="string_16" HPOS="361" VPOS="212" WIDTH="55" HEIGHT="20" WC="0.96" CONTENT="sätt:"/>
						</TextLine>
					</TextBlock>
					<TextBlock ID="block_2" HPOS="75" VPOS="239" WIDTH="820" HEIGHT="57">
						<TextLine ID="line_3" HPOS="145" VPOS="239" WIDTH="750" HEIGHT="28">
							<String ID="string_17" HPOS="145" VPOS="241" WIDTH="64" HEIGHT="26" WC="0.84" CONTENT="»Den,"/><SP WIDTH="24" VPOS="241" HPOS="209"/>
							<String ID="string_18" HPOS="233" VPOS="245" WIDTH="46" HEIGHT="16" WC="0.96" CONTENT="som"/><SP WIDTH="21" VPOS="245" HPOS="279"/>
							<String ID="string_19" HPOS="300" VPOS="239" WIDTH="124" HEIGHT="27" WC="0.96" CONTENT="godkänner"/><SP WIDTH="23" VPOS="239" HPOS="424"/>
							<String ID="string_20" HPOS="447" VPOS="241" WIDTH="11" HEIGHT="19" WC="0.96" CONTENT="3"/><SP WIDTH="21" VPOS="241" HPOS="458"/>
							<String ID="string_21" HPOS="479" VPOS="246" WIDTH="62" HEIGHT="15" WC="0.96" CONTENT="mom."/><SP WIDTH="22" VPOS="246" HPOS="541"/>
							<String ID="string_22" HPOS="563" VPOS="239" WIDTH="22" HEIGHT="22" WC="0.96" CONTENT="af"/><SP WIDTH="16" VPOS="239" HPOS="585"/>
							<String ID="string_23" HPOS="601" VPOS="241" WIDTH="23" HEIGHT="20" WC="0.93" CONTENT="11"/><SP WIDTH="18" VPOS="241" HPOS="624"/>
							<String ID="string_24" HPOS="642" VPOS="239" WIDTH="8" HEIGHT="28" WC="0.70" CONTENT="$"/><SP WIDTH="17" VPOS="239" HPOS="650"/>
							<String ID="string_25" HPOS="667" VPOS="239" WIDTH="7" HEIGHT="21" WC="0.96" CONTENT="i"/><SP WIDTH="14" VPOS="239" HPOS="674"/>
							<String ID="string_26" HPOS="688" VPOS="239" WIDTH="118" HEIGHT="23" WC="0.93" CONTENT="utskottets"/><SP WIDTH="16" VPOS="239" HPOS="806"/>
							<String ID="string_27" HPOS="822" VPOS="240" WIDTH="73" HEIGHT="22" WC="0.92" CONTENT="betän-"/>
						</TextLine>
						<TextLine ID="line_4" HPOS="75" VPOS="267" WIDTH="481" HEIGHT="29">
							<String ID="string_28" HPOS="75" VPOS="267" WIDTH="70" HEIGHT="24" WC="0.96" CONTENT="kande"/><SP WIDTH="15" VPOS="267" HPOS="145"/>
							<String ID="string_29" HPOS="160" VPOS="268" WIDTH="110" HEIGHT="28" WC="0.93" CONTENT="angående"/><SP WIDTH="15" VPOS="268" HPOS="270"/>
							<String ID="string_30" HPOS="285" VPOS="268" WIDTH="134" HEIGHT="27" WC="0.92" CONTENT="näringarne,"/><SP WIDTH="17" VPOS="268" HPOS="419"/>
							<String ID="string_31" HPOS="436" VPOS="274" WIDTH="74" HEIGHT="16" WC="0.96" CONTENT="svarar"/><SP WIDTH="13" VPOS="274" HPOS="510"/>
							<String ID="string_32" HPOS="523" VPOS="269" WIDTH="33" HEIGHT="27" WC="0.95" CONTENT="ja;"/>
						</TextLine>
					</TextBlock>
					<TextBlock ID="block_3" HPOS="144" VPOS="297" WIDTH="751" HEIGHT="27">
						<TextLine ID="line_5" HPOS="144" VPOS="297" WIDTH="751" HEIGHT="27">
							<String ID="string_33" HPOS="144" VPOS="298" WIDTH="73" HEIGHT="21" WC="0.96" CONTENT="vinner"/><SP WIDTH="17" VPOS="298" HPOS="217"/>
							<String ID="string_34" HPOS="234" VPOS="297" WIDTH="40" HEIGHT="27" WC="0.93" CONTENT="nej,"/><SP WIDTH="17" VPOS="297" HPOS="274"/>
							<String ID="string_35" HPOS="291" VPOS="297" WIDTH="105" HEIGHT="22" WC="0.92" CONTENT="uteslutes"/><SP WIDTH="16" VPOS="297" HPOS="396"/>
							<String ID="string_36" HPOS="412" VPOS="303" WIDTH="26" HEIGHT="15" WC="0.96" CONTENT="ur"/><SP WIDTH="15" VPOS="303" HPOS="438"/>
							<String ID="string_37" HPOS="453" VPOS="299" WIDTH="118" HEIGHT="20" WC="0.95" CONTENT="momentet"/><SP WIDTH="16" VPOS="299" HPOS="571"/>
							<String ID="string_38" HPOS="587" VPOS="297" WIDTH="66" HEIGHT="22" WC="0.92" CONTENT="orden"/><SP WIDTH="17" VPOS="297" HPOS="653"/>
							<String ID="string_39" HPOS="670" VPOS="314" WIDTH="9" HEIGHT="9" WC="0.24" CONTENT=",,"/><SP WIDTH="3" VPOS="314" HPOS="679"/>
							<String ID="string_40" HPOS="682" VPOS="297" WIDTH="136" HEIGHT="27" WC="0.24" CONTENT="uppsamling"/><SP WIDTH="16" VPOS="297" HPOS="818"/>
							<String ID="string_41" HPOS="834" VPOS="297" WIDTH="61" HEIGHT="21" WC="0.90" CONTENT="och&quot;."/>
						</TextLine>
					</TextBlock>
					<TextBlock ID="block_4" HPOS="77" VPOS="325" WIDTH="820" HEIGHT="80">
						<TextLine ID="line_6" HPOS="144" VPOS="325" WIDTH="753" HEIGHT="28">
							<String ID="string_42" HPOS="144" VPOS="326" WIDTH="33" HEIGHT="21" WC="0.96" CONTENT="Då"/><SP WIDTH="15" VPOS="326" HPOS="177"/>
							<String ID="string_43" HPOS="192" VPOS="327" WIDTH="69" HEIGHT="20" WC="0.96" CONTENT="denna"/><SP WIDTH="14" VPOS="327" HPOS="261"/>
							<String ID="string_44" HPOS="275" VPOS="325" WIDTH="132" HEIGHT="28" WC="0.96" CONTENT="proposition"/><SP WIDTH="15" VPOS="325" HPOS="407"/>
							<String ID="string_45" HPOS="422" VPOS="326" WIDTH="130" HEIGHT="22" WC="0.96" CONTENT="besvarades"/><SP WIDTH="16" VPOS="326" HPOS="552"/>
							<String ID="string_46" HPOS="568" VPOS="326" WIDTH="49" HEIGHT="22" WC="0.91" CONTENT="med"/><SP WIDTH="11" VPOS="326" HPOS="617"/>
							<String ID="string_47" HPOS="628" VPOS="325" WIDTH="157" HEIGHT="28" WC="0.91" CONTENT="öfvervägande"/><SP WIDTH="10" VPOS="325" HPOS="785"/>
							<String ID="string_48" HPOS="795" VPOS="326" WIDTH="41" HEIGHT="21" WC="0.93" CONTENT="och"/><SP WIDTH="11" VPOS="326" HPOS="836"/>
							<String ID="string_49" HPOS="847" VPOS="326" WIDTH="50" HEIGHT="21" WC="0.91" CONTENT="obe-"/>
						</TextLine>
						<TextLine ID="line_7" HPOS="77" VPOS="354" WIDTH="819" HEIGHT="28">
							<String ID="string_50" HPOS="77" VPOS="354" WIDTH="64" HEIGHT="22" WC="0.92" CONTENT="stridt"/><SP WIDTH="19" VPOS="354" HPOS="141"/>
							<String ID="string_51" HPOS="160" VPOS="354" WIDTH="28" HEIGHT="28" WC="0.96" CONTENT="ja,"/><SP WIDTH="24" VPOS="354" HPOS="188"/>
							<String ID="string_52" HPOS="212" VPOS="355" WIDTH="55" HEIGHT="21" WC="0.96" CONTENT="hade"/><SP WIDTH="23" VPOS="355" HPOS="267"/>
							<String ID="string_53" HPOS="290" VPOS="354" WIDTH="86" HEIGHT="22" WC="0.96" CONTENT="ståndet"/><SP WIDTH="22" VPOS="354" HPOS="376"/>
							<String ID="string_54" HPOS="398" VPOS="355" WIDTH="96" HEIGHT="26" WC="0.96" CONTENT="godkänt"/><SP WIDTH="20" VPOS="355" HPOS="494"/>
							<String ID="string_55" HPOS="514" VPOS="357" WIDTH="11" HEIGHT="19" WC="0.97" CONTENT="3"/><SP WIDTH="20" VPOS="357" HPOS="525"/>
							<String ID="string_56" HPOS="545" VPOS="361" WIDTH="64" HEIGHT="16" WC="0.96" CONTENT="mom."/><SP WIDTH="17" VPOS="361" HPOS="609"/>
							<String ID="string_57" HPOS="626" VPOS="357" WIDTH="24" HEIGHT="19" WC="0.93" CONTENT="11"/><SP WIDTH="18" VPOS="357" HPOS="650"/>
							<String ID="string_58" HPOS="668" VPOS="354" WIDTH="11" HEIGHT="28" WC="0.56" CONTENT="$"/><SP WIDTH="17" VPOS="354" HPOS="679"/>
							<String ID="string_59" HPOS="696" VPOS="355" WIDTH="66" HEIGHT="27" WC="0.96" CONTENT="enligt"/><SP WIDTH="15" VPOS="355" HPOS="762"/>
							<String ID="string_60" HPOS="777" VPOS="355" WIDTH="119" HEIGHT="22" WC="0.96" CONTENT="utskottets"/>
						</TextLine>
						<TextLine ID="line_8" HPOS="77" VPOS="383" WIDTH="142" HEIGHT="22">
							<String ID="string_61" HPOS="77" VPOS="383" WIDTH="142" HEIGHT="22" WC="0.96" CONTENT="betänkande."/>
						</TextLine>
					</TextBlock>
					<TextBlock ID="block_5" HPOS="77" VPOS="411" WIDTH="821" HEIGHT="86">
						<TextLine ID="line_9" HPOS="147" VPOS="411" WIDTH="750" HEIGHT="29">
							<String ID="string_62" HPOS="147" VPOS="411" WIDTH="70" HEIGHT="23" WC="0.95" CONTENT="Sedan"/><SP WIDTH="15" VPOS="411" HPOS="217"/>
							<String ID="string_63" HPOS="232" VPOS="412" WIDTH="90" HEIGHT="22" WC="0.96" CONTENT="sålunda"/><SP WIDTH="15" VPOS="412" HPOS="322"/>
							<String ID="string_64" HPOS="337" VPOS="413" WIDTH="13" HEIGHT="25" WC="0.61" CONTENT="8"/><SP WIDTH="17" VPOS="413" HPOS="350"/>
							<String ID="string_65" HPOS="367" VPOS="414" WIDTH="24" HEIGHT="18" WC="0.96" CONTENT="11"/><SP WIDTH="17" VPOS="414" HPOS="391"/>
							<String ID="string_66" HPOS="408" VPOS="412" WIDTH="69" HEIGHT="22" WC="0.93" CONTENT="blifvit"/><SP WIDTH="16" VPOS="412" HPOS="477"/>
							<String ID="string_67" HPOS="493" VPOS="412" WIDTH="89" HEIGHT="28" WC="0.66" CONTENT="afejord,"/><SP WIDTH="17" VPOS="412" HPOS="582"/>
							<String ID="string_68" HPOS="599" VPOS="412" WIDTH="97" HEIGHT="27" WC="0.96" CONTENT="återgick"/><SP WIDTH="15" VPOS="412" HPOS="696"/>
							<String ID="string_69" HPOS="711" VPOS="412" WIDTH="88" HEIGHT="22" WC="0.96" CONTENT="ståndet"/><SP WIDTH="14" VPOS="412" HPOS="799"/>
							<String ID="string_70" HPOS="813" VPOS="412" WIDTH="33" HEIGHT="21" WC="0.93" CONTENT="till"/><SP WIDTH="15" VPOS="412" HPOS="846"/>
							<String ID="string_71" HPOS="861" VPOS="412" WIDTH="36" HEIGHT="21" WC="0.92" CONTENT="be-"/>
						</TextLine>
						<TextLine ID="line_10" HPOS="77" VPOS="440" WIDTH="821" HEIGHT="28">
							<String ID="string_72" HPOS="77" VPOS="440" WIDTH="102" HEIGHT="28" WC="0.95" CONTENT="handling"/><SP WIDTH="19" VPOS="440" HPOS="179"/>
							<String ID="string_73" HPOS="198" VPOS="440" WIDTH="24" HEIGHT="23" WC="0.96" CONTENT="af"/><SP WIDTH="15" VPOS="440" HPOS="222"/>
							<String ID="string_74" HPOS="237" VPOS="442" WIDTH="13" HEIGHT="21" WC="0.96" CONTENT="2"/><SP WIDTH="15" VPOS="442" HPOS="250"/>
							<String ID="string_75" HPOS="265" VPOS="447" WIDTH="61" HEIGHT="15" WC="0.96" CONTENT="mom."/><SP WIDTH="18" VPOS="447" HPOS="326"/>
							<String ID="string_76" HPOS="344" VPOS="442" WIDTH="12" HEIGHT="20" WC="0.93" CONTENT="8"/><SP WIDTH="16" VPOS="442" HPOS="356"/>
							<String ID="string_77" HPOS="372" VPOS="440" WIDTH="17" HEIGHT="28" WC="0.89" CONTENT="$,"/><SP WIDTH="16" VPOS="440" HPOS="389"/>
							<String ID="string_78" HPOS="405" VPOS="440" WIDTH="83" HEIGHT="23" WC="0.96" CONTENT="hvilket"/><SP WIDTH="14" VPOS="440" HPOS="488"/>
							<String ID="string_79" HPOS="502" VPOS="442" WIDTH="77" HEIGHT="21" WC="0.95" CONTENT="liksom"/><SP WIDTH="15" VPOS="442" HPOS="579"/>
							<String ID="string_80" HPOS="594" VPOS="443" WIDTH="11" HEIGHT="19" WC="0.96" CONTENT="3"/><SP WIDTH="17" VPOS="443" HPOS="605"/>
							<String ID="string_81" HPOS="622" VPOS="447" WIDTH="62" HEIGHT="16" WC="0.96" CONTENT="mom."/><SP WIDTH="16" VPOS="447" HPOS="684"/>
							<String ID="string_82" HPOS="700" VPOS="440" WIDTH="8" HEIGHT="22" WC="0.96" CONTENT="i"/><SP WIDTH="15" VPOS="440" HPOS="708"/>
							<String ID="string_83" HPOS="723" VPOS="447" WIDTH="82" HEIGHT="16" WC="0.93" CONTENT="samma"/><SP WIDTH="15" VPOS="447" HPOS="805"/>
							<String ID="string_84" HPOS="820" VPOS="440" WIDTH="11" HEIGHT="28" WC="0.77" CONTENT="$"/><SP WIDTH="15" VPOS="440" HPOS="831"/>
							<String ID="string_85" HPOS="846" VPOS="442" WIDTH="52" HEIGHT="20" WC="0.96" CONTENT="utan"/>
						</TextLine>
						<TextLine ID="line_11" HPOS="79" VPOS="469" WIDTH="283" HEIGHT="28">
							<String ID="string_86" HPOS="79" VPOS="470" WIDTH="138" HEIGHT="27" WC="0.96" CONTENT="anmärkning"/><SP WIDTH="15" VPOS="470" HPOS="217"/>
							<String ID="string_87" HPOS="232" VPOS="469" WIDTH="130" HEIGHT="28" WC="0.96" CONTENT="godkändes."/>
						</TextLine>
					</TextBlock>
					<TextBlock ID="block_6" HPOS="147" VPOS="498" WIDTH="439" HEIGHT="28">
						<TextLine ID="line_12" HPOS="147" VPOS="498" WIDTH="439" HEIGHT="28">
							<String ID="string_88" HPOS="147" VPOS="498" WIDTH="79" HEIGHT="22" WC="0.96" CONTENT="Likaså"/><SP WIDTH="14" VPOS="498" HPOS="226"/>
							<String ID="string_89" HPOS="240" VPOS="500" WIDTH="76" HEIGHT="26" WC="0.95" CONTENT="antogs"/><SP WIDTH="16" VPOS="500" HPOS="316"/>
							<String ID="string_90" HPOS="332" VPOS="500" WIDTH="53" HEIGHT="20" WC="0.96" CONTENT="utan"/><SP WIDTH="15" VPOS="500" HPOS="385"/>
							<String ID="string_91" HPOS="400" VPOS="498" WIDTH="123" HEIGHT="23" WC="0.93" CONTENT="diskussion"/><SP WIDTH="16" VPOS="498" HPOS="523"/>
							<String ID="string_92" HPOS="539" VPOS="498" WIDTH="11" HEIGHT="28" WC="0.92" CONTENT="$"/><SP WIDTH="16" VPOS="498" HPOS="550"/>
							<String ID="string_93" HPOS="566" VPOS="500" WIDTH="20" HEIGHT="21" WC="0.96" CONTENT="9."/>
						</TextLine>
					</TextBlock>
					<TextBlock ID="block_7" HPOS="147" VPOS="527" WIDTH="448" HEIGHT="29">
						<TextLine ID="line_13" HPOS="147" VPOS="527" WIDTH="448" HEIGHT="29">
							<String ID="string_94" HPOS="147" VPOS="527" WIDTH="135" HEIGHT="22" WC="0.96" CONTENT="Beträffande"/><SP WIDTH="16" VPOS="527" HPOS="282"/>
							<String ID="string_95" HPOS="298" VPOS="529" WIDTH="10" HEIGHT="19" WC="0.96" CONTENT="1"/><SP WIDTH="17" VPOS="529" HPOS="308"/>
							<String ID="string_96" HPOS="325" VPOS="533" WIDTH="63" HEIGHT="16" WC="0.96" CONTENT="mom."/><SP WIDTH="16" VPOS="533" HPOS="388"/>
							<String ID="string_97" HPOS="404" VPOS="527" WIDTH="23" HEIGHT="22" WC="0.96" CONTENT="af"/><SP WIDTH="15" VPOS="527" HPOS="427"/>
							<String ID="string_98" HPOS="442" VPOS="529" WIDTH="25" HEIGHT="19" WC="0.93" CONTENT="10"/><SP WIDTH="17" VPOS="529" HPOS="467"/>
							<String ID="string_99" HPOS="484" VPOS="528" WIDTH="11" HEIGHT="26" WC="0.75" CONTENT="$"/><SP WIDTH="16" VPOS="528" HPOS="495"/>
							<String ID="string_100" HPOS="511" VPOS="528" WIDTH="84" HEIGHT="28" WC="0.96" CONTENT="yttrade"/>
						</TextLine>
					</TextBlock>
					<TextBlock ID="block_8" HPOS="79" VPOS="555" WIDTH="822" HEIGHT="172">
						<TextLine ID="line_14" HPOS="148" VPOS="555" WIDTH="752" HEIGHT="28">
							<String ID="string_101" HPOS="148" VPOS="556" WIDTH="96" HEIGHT="22" WC="0.91" CONTENT="Friherre"/><SP WIDTH="18" VPOS="556" HPOS="244"/>
							<String ID="string_102" HPOS="262" VPOS="562" WIDTH="41" HEIGHT="16" WC="0.96" CONTENT="von"/><SP WIDTH="17" VPOS="562" HPOS="303"/>
							<String ID="string_103" HPOS="320" VPOS="556" WIDTH="82" HEIGHT="27" WC="0.95" CONTENT="Troil,"/><SP WIDTH="17" VPOS="556" HPOS="402"/>
							<String ID="string_104" HPOS="419" VPOS="556" WIDTH="21" HEIGHT="22" WC="0.93" CONTENT="S."/><SP WIDTH="16" VPOS="556" HPOS="440"/>
							<String ID="string_105" HPOS="456" VPOS="556" WIDTH="45" HEIGHT="22" WC="0.93" CONTENT="W.:"/><SP WIDTH="16" VPOS="556" HPOS="501"/>
							<String ID="string_106" HPOS="517" VPOS="557" WIDTH="10" HEIGHT="21" WC="0.93" CONTENT="I"/><SP WIDTH="16" VPOS="557" HPOS="527"/>
							<String ID="string_107" HPOS="543" VPOS="556" WIDTH="223" HEIGHT="23" WC="0.92" CONTENT="öfverensstämmelse"/><SP WIDTH="15" VPOS="556" HPOS="766"/>
							<String ID="string_108" HPOS="781" VPOS="556" WIDTH="49" HEIGHT="22" WC="0.96" CONTENT="med"/><SP WIDTH="15" VPOS="556" HPOS="830"/>
							<String ID="string_109" HPOS="845" VPOS="555" WIDTH="55" HEIGHT="23" WC="0.96" CONTENT="hvad"/>
						</TextLine>
						<TextLine ID="line_15" HPOS="79" VPOS="585" WIDTH="821" HEIGHT="28">
							<String ID="string_110" HPOS="79" VPOS="585" WIDTH="183" HEIGHT="27" WC="0.92" CONTENT="Borgareståndet"/><SP WIDTH="18" VPOS="585" HPOS="262"/>
							<String ID="string_111" HPOS="280" VPOS="585" WIDTH="96" HEIGHT="27" WC="0.91" CONTENT="beslutit,"/><SP WIDTH="16" VPOS="585" HPOS="376"/>
							<String ID="string_112" HPOS="392" VPOS="585" WIDTH="70" HEIGHT="22" WC="0.96" CONTENT="skulle"/><SP WIDTH="17" VPOS="585" HPOS="462"/>
							<String ID="string_113" HPOS="479" VPOS="586" WIDTH="38" HEIGHT="27" WC="0.96" CONTENT="jag"/><SP WIDTH="15" VPOS="586" HPOS="517"/>
							<String ID="string_114" HPOS="532" VPOS="586" WIDTH="53" HEIGHT="27" WC="0.96" CONTENT="yrka"/><SP WIDTH="14" VPOS="586" HPOS="585"/>
							<String ID="string_115" HPOS="599" VPOS="586" WIDTH="29" HEIGHT="26" WC="0.96" CONTENT="på"/><SP WIDTH="15" VPOS="586" HPOS="628"/>
							<String ID="string_116" HPOS="643" VPOS="587" WIDTH="33" HEIGHT="20" WC="0.96" CONTENT="att"/><SP WIDTH="14" VPOS="587" HPOS="676"/>
							<String ID="string_117" HPOS="690" VPOS="586" WIDTH="49" HEIGHT="21" WC="0.96" CONTENT="hela"/><SP WIDTH="15" VPOS="586" HPOS="739"/>
							<String ID="string_118" HPOS="754" VPOS="586" WIDTH="69" HEIGHT="21" WC="0.93" CONTENT="denna"/><SP WIDTH="15" VPOS="586" HPOS="823"/>
							<String ID="string_119" HPOS="838" VPOS="591" WIDTH="62" HEIGHT="21" WC="0.92" CONTENT="para-"/>
						</TextLine>
						<TextLine ID="line_16" HPOS="81" VPOS="614" WIDTH="820" HEIGHT="28">
							<String ID="string_120" HPOS="81" VPOS="614" WIDTH="51" HEIGHT="27" WC="0.95" CONTENT="graf,"/><SP WIDTH="17" VPOS="614" HPOS="132"/>
							<String ID="string_121" HPOS="149" VPOS="614" WIDTH="71" HEIGHT="22" WC="0.96" CONTENT="såsom"/><SP WIDTH="14" VPOS="614" HPOS="220"/>
							<String ID="string_122" HPOS="234" VPOS="614" WIDTH="127" HEIGHT="27" WC="0.95" CONTENT="fullkomligt"/><SP WIDTH="15" VPOS="614" HPOS="361"/>
							<String ID="string_123" HPOS="376" VPOS="614" WIDTH="83" HEIGHT="27" WC="0.95" CONTENT="onödig,"/><SP WIDTH="18" VPOS="614" HPOS="459"/>
							<String ID="string_124" HPOS="477" VPOS="615" WIDTH="67" HEIGHT="21" WC="0.96" CONTENT="måtte"/><SP WIDTH="15" VPOS="615" HPOS="544"/>
							<String ID="string_125" HPOS="559" VPOS="615" WIDTH="59" HEIGHT="27" WC="0.96" CONTENT="utgå."/><SP WIDTH="24" VPOS="615" HPOS="618"/>
							<String ID="string_126" HPOS="642" VPOS="615" WIDTH="42" HEIGHT="26" WC="0.96" CONTENT="Jag"/><SP WIDTH="14" VPOS="615" HPOS="684"/>
							<String ID="string_127" HPOS="698" VPOS="614" WIDTH="68" HEIGHT="22" WC="0.96" CONTENT="finner"/><SP WIDTH="10" VPOS="614" HPOS="766"/>
							<String ID="string_128" HPOS="776" VPOS="614" WIDTH="48" HEIGHT="22" WC="0.96" CONTENT="icke"/><SP WIDTH="11" VPOS="614" HPOS="824"/>
							<String ID="string_129" HPOS="835" VPOS="614" WIDTH="66" HEIGHT="27" WC="0.95" CONTENT="några"/>
						</TextLine>
						<TextLine ID="line_17" HPOS="81" VPOS="642" WIDTH="819" HEIGHT="28">
							<String ID="string_130" HPOS="81" VPOS="642" WIDTH="48" HEIGHT="22" WC="0.93" CONTENT="skäl"/><SP WIDTH="14" VPOS="642" HPOS="129"/>
							<String ID="string_131" HPOS="143" VPOS="642" WIDTH="97" HEIGHT="22" WC="0.92" CONTENT="hvarföre"/><SP WIDTH="16" VPOS="642" HPOS="240"/>
							<String ID="string_132" HPOS="256" VPOS="643" WIDTH="152" HEIGHT="27" WC="0.96" CONTENT="inskränkning"/><SP WIDTH="16" VPOS="643" HPOS="408"/>
							<String ID="string_133" HPOS="424" VPOS="643" WIDTH="55" HEIGHT="21" WC="0.96" CONTENT="skall"/><SP WIDTH="16" VPOS="643" HPOS="479"/>
							<String ID="string_134" HPOS="495" VPOS="645" WIDTH="63" HEIGHT="25" WC="0.96" CONTENT="göras"/><SP WIDTH="11" VPOS="645" HPOS="558"/>
							<String ID="string_135" HPOS="569" VPOS="644" WIDTH="49" HEIGHT="21" WC="0.93" CONTENT="med"/><SP WIDTH="11" VPOS="644" HPOS="618"/>
							<String ID="string_136" HPOS="629" VPOS="643" WIDTH="127" HEIGHT="22" WC="0.92" CONTENT="underbefäl"/><SP WIDTH="10" VPOS="643" HPOS="756"/>
							<String ID="string_137" HPOS="766" VPOS="643" WIDTH="40" HEIGHT="21" WC="0.93" CONTENT="och"/><SP WIDTH="9" VPOS="643" HPOS="806"/>
							<String ID="string_138" HPOS="815" VPOS="649" WIDTH="85" HEIGHT="21" WC="0.90" CONTENT="gemen-"/>
						</TextLine>
						<TextLine ID="line_18" HPOS="81" VPOS="671" WIDTH="820" HEIGHT="28">
							<String ID="string_139" HPOS="81" VPOS="672" WIDTH="53" HEIGHT="26" WC="0.95" CONTENT="skap"/><SP WIDTH="21" VPOS="672" HPOS="134"/>
							<String ID="string_140" HPOS="155" VPOS="672" WIDTH="35" HEIGHT="22" WC="0.96" CONTENT="vid"/><SP WIDTH="21" VPOS="672" HPOS="190"/>
							<String ID="string_141" HPOS="211" VPOS="672" WIDTH="111" HEIGHT="26" WC="0.95" CONTENT="militären,"/><SP WIDTH="24" VPOS="672" HPOS="322"/>
							<String ID="string_142" HPOS="346" VPOS="672" WIDTH="28" HEIGHT="22" WC="0.95" CONTENT="då"/><SP WIDTH="22" VPOS="672" HPOS="374"/>
							<String ID="string_143" HPOS="396" VPOS="672" WIDTH="63" HEIGHT="21" WC="0.95" CONTENT="deras"/><SP WIDTH="21" VPOS="672" HPOS="459"/>
							<String ID="string_144" HPOS="480" VPOS="672" WIDTH="79" HEIGHT="22" WC="0.96" CONTENT="handel"/><SP WIDTH="20" VPOS="672" HPOS="559"/>
							<String ID="string_145" HPOS="579" VPOS="673" WIDTH="48" HEIGHT="21" WC="0.96" CONTENT="icke"/><SP WIDTH="15" VPOS="673" HPOS="627"/>
							<String ID="string_146" HPOS="642" VPOS="672" WIDTH="85" HEIGHT="22" WC="0.96" CONTENT="bevisat"/><SP WIDTH="16" VPOS="672" HPOS="727"/>
							<String ID="string_147" HPOS="743" VPOS="672" WIDTH="33" HEIGHT="27" WC="0.96" CONTENT="sig"/><SP WIDTH="15" VPOS="672" HPOS="776"/>
							<String ID="string_148" HPOS="791" VPOS="672" WIDTH="29" HEIGHT="27" WC="0.95" CONTENT="på"/><SP WIDTH="14" VPOS="672" HPOS="820"/>
							<String ID="string_149" HPOS="834" VPOS="671" WIDTH="67" HEIGHT="27" WC="0.96" CONTENT="något"/>
						</TextLine>
						<TextLine ID="line_19" HPOS="81" VPOS="700" WIDTH="820" HEIGHT="27">
							<String ID="string_150" HPOS="81" VPOS="702" WIDTH="45" HEIGHT="20" WC="0.93" CONTENT="sätt"/><SP WIDTH="15" VPOS="702" HPOS="126"/>
							<String ID="string_151" HPOS="141" VPOS="700" WIDTH="131" HEIGHT="22" WC="0.92" CONTENT="öfverskrida"/><SP WIDTH="14" VPOS="700" HPOS="272"/>
							<String ID="string_152" HPOS="286" VPOS="700" WIDTH="56" HEIGHT="22" WC="0.96" CONTENT="hvad"/><SP WIDTH="15" VPOS="700" HPOS="342"/>
							<String ID="string_153" HPOS="357" VPOS="701" WIDTH="23" HEIGHT="21" WC="0.96" CONTENT="åt"/><SP WIDTH="15" VPOS="701" HPOS="380"/>
							<String ID="string_154" HPOS="395" VPOS="700" WIDTH="66" HEIGHT="22" WC="0.96" CONTENT="andra"/><SP WIDTH="10" VPOS="700" HPOS="461"/>
							<String ID="string_155" HPOS="471" VPOS="701" WIDTH="131" HEIGHT="22" WC="0.96" CONTENT="innevånare"/><SP WIDTH="15" VPOS="701" HPOS="602"/>
							<String ID="string_156" HPOS="617" VPOS="702" WIDTH="7" HEIGHT="20" WC="0.96" CONTENT="i"/><SP WIDTH="16" VPOS="702" HPOS="624"/>
							<String ID="string_157" HPOS="640" VPOS="701" WIDTH="74" HEIGHT="21" WC="0.95" CONTENT="landet"/><SP WIDTH="10" VPOS="701" HPOS="714"/>
							<String ID="string_158" HPOS="724" VPOS="701" WIDTH="42" HEIGHT="21" WC="0.93" CONTENT="kan"/><SP WIDTH="11" VPOS="701" HPOS="766"/>
							<String ID="string_159" HPOS="777" VPOS="700" WIDTH="124" HEIGHT="27" WC="0.91" CONTENT="medgifvas."/>
						</TextLine>
					</TextBlock>
					<TextBlock ID="block_9" HPOS="82" VPOS="729" WIDTH="828" HEIGHT="634">
						<TextLine ID="line_20" HPOS="150" VPOS="729" WIDTH="752" HEIGHT="27">
							<String ID="string_160" HPOS="150" VPOS="730" WIDTH="55" HEIGHT="21" WC="0.93" CONTENT="Herr"/><SP WIDTH="21" VPOS="730" HPOS="205"/>
							<String ID="string_161" HPOS="226" VPOS="730" WIDTH="139" HEIGHT="21" WC="0.92" CONTENT="Nassokin:"/><SP WIDTH="23" VPOS="730" HPOS="365"/>
							<String ID="string_162" HPOS="388" VPOS="730" WIDTH="42" HEIGHT="26" WC="0.96" CONTENT="Jag"/><SP WIDTH="15" VPOS="730" HPOS="430"/>
							<String ID="string_163" HPOS="445" VPOS="730" WIDTH="39" HEIGHT="22" WC="0.96" CONTENT="ber"/><SP WIDTH="20" VPOS="730" HPOS="484"/>
							<String ID="string_164" HPOS="504" VPOS="732" WIDTH="33" HEIGHT="20" WC="0.96" CONTENT="att"/><SP WIDTH="15" VPOS="732" HPOS="537"/>
							<String ID="string_165" HPOS="552" VPOS="730" WIDTH="22" HEIGHT="21" WC="0.96" CONTENT="få"/><SP WIDTH="15" VPOS="730" HPOS="574"/>
							<String ID="string_166" HPOS="589" VPOS="730" WIDTH="74" HEIGHT="22" WC="0.96" CONTENT="förena"/><SP WIDTH="14" VPOS="730" HPOS="663"/>
							<String ID="string_167" HPOS="677" VPOS="730" WIDTH="43" HEIGHT="26" WC="0.96" CONTENT="mig"/><SP WIDTH="15" VPOS="730" HPOS="720"/>
							<String ID="string_168" HPOS="735" VPOS="730" WIDTH="7" HEIGHT="21" WC="0.96" CONTENT="i"/><SP WIDTH="15" VPOS="730" HPOS="742"/>
							<String ID="string_169" HPOS="757" VPOS="729" WIDTH="90" HEIGHT="22" WC="0.95" CONTENT="friherre"/><SP WIDTH="14" VPOS="729" HPOS="847"/>
							<String ID="string_170" HPOS="861" VPOS="735" WIDTH="41" HEIGHT="15" WC="0.96" CONTENT="von"/>
						</TextLine>
						<TextLine ID="line_21" HPOS="82" VPOS="758" WIDTH="820" HEIGHT="28">
							<String ID="string_171" HPOS="82" VPOS="758" WIDTH="68" HEIGHT="22" WC="0.92" CONTENT="Troils"/><SP WIDTH="15" VPOS="758" HPOS="150"/>
							<String ID="string_172" HPOS="165" VPOS="758" WIDTH="100" HEIGHT="28" WC="0.94" CONTENT="yrkande."/><SP WIDTH="29" VPOS="758" HPOS="265"/>
							<String ID="string_173" HPOS="294" VPOS="758" WIDTH="32" HEIGHT="22" WC="0.92" CONTENT="En"/><SP WIDTH="16" VPOS="758" HPOS="326"/>
							<String ID="string_174" HPOS="342" VPOS="758" WIDTH="68" HEIGHT="22" WC="0.96" CONTENT="sådan"/><SP WIDTH="14" VPOS="758" HPOS="410"/>
							<String ID="string_175" HPOS="424" VPOS="758" WIDTH="163" HEIGHT="28" WC="0.95" CONTENT="inskränkning,"/><SP WIDTH="16" VPOS="758" HPOS="587"/>
							<String ID="string_176" HPOS="603" VPOS="765" WIDTH="47" HEIGHT="15" WC="0.96" CONTENT="som"/><SP WIDTH="14" VPOS="765" HPOS="650"/>
							<String ID="string_177" HPOS="664" VPOS="758" WIDTH="7" HEIGHT="22" WC="0.93" CONTENT="i"/><SP WIDTH="16" VPOS="758" HPOS="671"/>
							<String ID="string_178" HPOS="687" VPOS="758" WIDTH="46" HEIGHT="28" WC="0.86" CONTENT="$:en"/><SP WIDTH="15" VPOS="758" HPOS="733"/>
							<String ID="string_179" HPOS="748" VPOS="760" WIDTH="62" HEIGHT="26" WC="0.96" CONTENT="göres"/><SP WIDTH="11" VPOS="760" HPOS="810"/>
							<String ID="string_180" HPOS="821" VPOS="758" WIDTH="33" HEIGHT="21" WC="0.93" CONTENT="för"/><SP WIDTH="10" VPOS="758" HPOS="854"/>
							<String ID="string_181" HPOS="864" VPOS="764" WIDTH="38" HEIGHT="15" WC="0.93" CONTENT="un-"/>
						</TextLine>
						<TextLine ID="line_22" HPOS="83" VPOS="786" WIDTH="819" HEIGHT="28">
							<String ID="string_182" HPOS="83" VPOS="786" WIDTH="117" HEIGHT="22" WC="0.92" CONTENT="derbefälet"/><SP WIDTH="15" VPOS="786" HPOS="200"/>
							<String ID="string_183" HPOS="215" VPOS="787" WIDTH="40" HEIGHT="21" WC="0.93" CONTENT="och"/><SP WIDTH="19" VPOS="787" HPOS="255"/>
							<String ID="string_184" HPOS="274" VPOS="788" WIDTH="126" HEIGHT="26" WC="0.92" CONTENT="manskapet"/><SP WIDTH="15" VPOS="788" HPOS="400"/>
							<String ID="string_185" HPOS="415" VPOS="787" WIDTH="33" HEIGHT="22" WC="0.97" CONTENT="vid"/><SP WIDTH="17" VPOS="787" HPOS="448"/>
							<String ID="string_186" HPOS="465" VPOS="787" WIDTH="72" HEIGHT="22" WC="0.93" CONTENT="finska"/><SP WIDTH="14" VPOS="787" HPOS="537"/>
							<String ID="string_187" HPOS="551" VPOS="788" WIDTH="107" HEIGHT="22" WC="0.91" CONTENT="militären"/><SP WIDTH="16" VPOS="788" HPOS="658"/>
							<String ID="string_188" HPOS="674" VPOS="787" WIDTH="40" HEIGHT="22" WC="0.96" CONTENT="och"/><SP WIDTH="16" VPOS="787" HPOS="714"/>
							<String ID="string_189" HPOS="730" VPOS="788" WIDTH="62" HEIGHT="21" WC="0.93" CONTENT="deras"/><SP WIDTH="15" VPOS="788" HPOS="792"/>
							<String ID="string_190" HPOS="807" VPOS="787" WIDTH="95" HEIGHT="25" WC="0.92" CONTENT="hustrur,"/>
						</TextLine>
						<TextLine ID="line_23" HPOS="82" VPOS="815" WIDTH="821" HEIGHT="28">
							<String ID="string_191" HPOS="82" VPOS="822" WIDTH="63" HEIGHT="21" WC="0.91" CONTENT="synes"/><SP WIDTH="19" VPOS="822" HPOS="145"/>
							<String ID="string_192" HPOS="164" VPOS="816" WIDTH="43" HEIGHT="27" WC="0.93" CONTENT="mig"/><SP WIDTH="17" VPOS="816" HPOS="207"/>
							<String ID="string_193" HPOS="224" VPOS="816" WIDTH="48" HEIGHT="22" WC="0.93" CONTENT="icke"/><SP WIDTH="16" VPOS="816" HPOS="272"/>
							<String ID="string_194" HPOS="288" VPOS="816" WIDTH="33" HEIGHT="21" WC="0.96" CONTENT="stä"/><SP WIDTH="14" VPOS="816" HPOS="321"/>
							<String ID="string_195" HPOS="335" VPOS="816" WIDTH="7" HEIGHT="21" WC="0.93" CONTENT="i"/><SP WIDTH="16" VPOS="816" HPOS="342"/>
							<String ID="string_196" HPOS="358" VPOS="815" WIDTH="226" HEIGHT="23" WC="0.91" CONTENT="öfverensstämmelse"/><SP WIDTH="18" VPOS="815" HPOS="584"/>
							<String ID="string_197" HPOS="602" VPOS="816" WIDTH="50" HEIGHT="22" WC="0.96" CONTENT="med"/><SP WIDTH="16" VPOS="816" HPOS="652"/>
							<String ID="string_198" HPOS="668" VPOS="816" WIDTH="40" HEIGHT="22" WC="0.93" CONTENT="den"/><SP WIDTH="16" VPOS="816" HPOS="708"/>
							<String ID="string_199" HPOS="724" VPOS="816" WIDTH="55" HEIGHT="22" WC="0.91" CONTENT="anda"/><SP WIDTH="22" VPOS="816" HPOS="779"/>
							<String ID="string_200" HPOS="801" VPOS="822" WIDTH="47" HEIGHT="15" WC="0.93" CONTENT="som"/><SP WIDTH="19" VPOS="822" HPOS="848"/>
							<String ID="string_201" HPOS="867" VPOS="821" WIDTH="36" HEIGHT="21" WC="0.93" CONTENT="ge-"/>
						</TextLine>
						<TextLine ID="line_24" HPOS="82" VPOS="843" WIDTH="821" HEIGHT="29">
							<String ID="string_202" HPOS="82" VPOS="845" WIDTH="88" HEIGHT="27" WC="0.92" CONTENT="nomgär"/><SP WIDTH="22" VPOS="845" HPOS="170"/>
							<String ID="string_203" HPOS="192" VPOS="845" WIDTH="36" HEIGHT="21" WC="0.96" CONTENT="det"/><SP WIDTH="22" VPOS="845" HPOS="228"/>
							<String ID="string_204" HPOS="250" VPOS="851" WIDTH="41" HEIGHT="21" WC="0.93" CONTENT="nya"/><SP WIDTH="20" VPOS="851" HPOS="291"/>
							<String ID="string_205" HPOS="311" VPOS="844" WIDTH="139" HEIGHT="28" WC="0.92" CONTENT="lagförslaget"/><SP WIDTH="21" VPOS="844" HPOS="450"/>
							<String ID="string_206" HPOS="471" VPOS="846" WIDTH="42" HEIGHT="21" WC="0.93" CONTENT="och"/><SP WIDTH="21" VPOS="846" HPOS="513"/>
							<String ID="string_207" HPOS="534" VPOS="846" WIDTH="139" HEIGHT="26" WC="0.92" CONTENT="hvarigenom"/><SP WIDTH="20" VPOS="846" HPOS="673"/>
							<String ID="string_208" HPOS="693" VPOS="845" WIDTH="63" HEIGHT="21" WC="0.92" CONTENT="desse"/><SP WIDTH="14" VPOS="845" HPOS="756"/>
							<String ID="string_209" HPOS="770" VPOS="844" WIDTH="48" HEIGHT="22" WC="0.92" CONTENT="icke"/><SP WIDTH="16" VPOS="844" HPOS="818"/>
							<String ID="string_210" HPOS="834" VPOS="843" WIDTH="69" HEIGHT="22" WC="0.95" CONTENT="skulle"/>
						</TextLine>
						<TextLine ID="line_25" HPOS="83" VPOS="872" WIDTH="821" HEIGHT="28">
							<String ID="string_211" HPOS="83" VPOS="874" WIDTH="137" HEIGHT="21" WC="0.92" CONTENT="tillerkännas"/><SP WIDTH="16" VPOS="874" HPOS="220"/>
							<String ID="string_212" HPOS="236" VPOS="880" WIDTH="81" HEIGHT="15" WC="0.96" CONTENT="samma"/><SP WIDTH="14" VPOS="880" HPOS="317"/>
							<String ID="string_213" HPOS="331" VPOS="875" WIDTH="50" HEIGHT="25" WC="0.96" CONTENT="rätt,"/><SP WIDTH="17" VPOS="875" HPOS="381"/>
							<String ID="string_214" HPOS="398" VPOS="880" WIDTH="46" HEIGHT="15" WC="0.96" CONTENT="som"/><SP WIDTH="15" VPOS="880" HPOS="444"/>
							<String ID="string_215" HPOS="459" VPOS="875" WIDTH="68" HEIGHT="21" WC="0.93" CONTENT="andra"/><SP WIDTH="16" VPOS="875" HPOS="527"/>
							<String ID="string_216" HPOS="543" VPOS="874" WIDTH="105" HEIGHT="22" WC="0.91" CONTENT="arbetare."/><SP WIDTH="22" VPOS="874" HPOS="648"/>
							<String ID="string_217" HPOS="670" VPOS="874" WIDTH="10" HEIGHT="21" WC="0.89" CONTENT="I"/><SP WIDTH="16" VPOS="874" HPOS="680"/>
							<String ID="string_218" HPOS="696" VPOS="874" WIDTH="60" HEIGHT="22" WC="0.96" CONTENT="detta"/><SP WIDTH="10" VPOS="874" HPOS="756"/>
							<String ID="string_219" HPOS="766" VPOS="876" WIDTH="61" HEIGHT="19" WC="0.93" CONTENT="ämne"/><SP WIDTH="18" VPOS="876" HPOS="827"/>
							<String ID="string_220" HPOS="845" VPOS="872" WIDTH="59" HEIGHT="22" WC="0.91" CONTENT="med-"/>
						</TextLine>
						<TextLine ID="line_26" HPOS="83" VPOS="902" WIDTH="820" HEIGHT="28">
							<String ID="string_221" HPOS="83" VPOS="902" WIDTH="67" HEIGHT="28" WC="0.92" CONTENT="gifves"/><SP WIDTH="14" VPOS="902" HPOS="150"/>
							<String ID="string_222" HPOS="164" VPOS="902" WIDTH="61" HEIGHT="22" WC="0.92" CONTENT="äfven"/><SP WIDTH="14" VPOS="902" HPOS="225"/>
							<String ID="string_223" HPOS="239" VPOS="902" WIDTH="7" HEIGHT="22" WC="0.96" CONTENT="i"/><SP WIDTH="18" VPOS="902" HPOS="246"/>
							<String ID="string_224" HPOS="264" VPOS="904" WIDTH="53" HEIGHT="20" WC="0.93" CONTENT="1868"/><SP WIDTH="15" VPOS="904" HPOS="317"/>
							<String ID="string_225" HPOS="332" VPOS="903" WIDTH="35" HEIGHT="21" WC="0.87" CONTENT="ärs"/><SP WIDTH="15" VPOS="903" HPOS="367"/>
							<String ID="string_226" HPOS="382" VPOS="903" WIDTH="127" HEIGHT="27" WC="0.92" CONTENT="näringslag"/><SP WIDTH="16" VPOS="903" HPOS="509"/>
							<String ID="string_227" HPOS="525" VPOS="910" WIDTH="26" HEIGHT="14" WC="0.95" CONTENT="en"/><SP WIDTH="16" VPOS="910" HPOS="551"/>
							<String ID="string_228" HPOS="567" VPOS="904" WIDTH="69" HEIGHT="21" WC="0.96" CONTENT="större"/><SP WIDTH="16" VPOS="904" HPOS="636"/>
							<String ID="string_229" HPOS="652" VPOS="902" WIDTH="70" HEIGHT="27" WC="0.96" CONTENT="frihet,"/><SP WIDTH="12" VPOS="902" HPOS="722"/>
							<String ID="string_230" HPOS="734" VPOS="904" WIDTH="22" HEIGHT="26" WC="0.96" CONTENT="ty"/><SP WIDTH="15" VPOS="904" HPOS="756"/>
							<String ID="string_231" HPOS="771" VPOS="902" WIDTH="38" HEIGHT="22" WC="0.92" CONTENT="der"/><SP WIDTH="10" VPOS="902" HPOS="809"/>
							<String ID="string_232" HPOS="819" VPOS="902" WIDTH="84" HEIGHT="21" WC="0.92" CONTENT="fordras"/>
						</TextLine>
						<TextLine ID="line_27" HPOS="83" VPOS="930" WIDTH="822" HEIGHT="29">
							<String ID="string_233" HPOS="83" VPOS="932" WIDTH="18" HEIGHT="27" WC="0.89" CONTENT="ej"/><SP WIDTH="17" VPOS="932" HPOS="101"/>
							<String ID="string_234" HPOS="118" VPOS="933" WIDTH="33" HEIGHT="20" WC="0.93" CONTENT="att"/><SP WIDTH="14" VPOS="933" HPOS="151"/>
							<String ID="string_235" HPOS="165" VPOS="932" WIDTH="87" HEIGHT="21" WC="0.93" CONTENT="hustrur"/><SP WIDTH="15" VPOS="932" HPOS="252"/>
							<String ID="string_236" HPOS="267" VPOS="932" WIDTH="33" HEIGHT="21" WC="0.93" CONTENT="till"/><SP WIDTH="14" VPOS="932" HPOS="300"/>
							<String ID="string_237" HPOS="314" VPOS="931" WIDTH="125" HEIGHT="22" WC="0.92" CONTENT="underbefäl"/><SP WIDTH="15" VPOS="931" HPOS="439"/>
							<String ID="string_238" HPOS="454" VPOS="932" WIDTH="43" HEIGHT="21" WC="0.93" CONTENT="och"/><SP WIDTH="15" VPOS="932" HPOS="497"/>
							<String ID="string_239" HPOS="512" VPOS="932" WIDTH="104" HEIGHT="27" WC="0.92" CONTENT="manskap"/><SP WIDTH="11" VPOS="932" HPOS="616"/>
							<String ID="string_240" HPOS="627" VPOS="932" WIDTH="36" HEIGHT="21" WC="0.97" CONTENT="vid"/><SP WIDTH="16" VPOS="932" HPOS="663"/>
							<String ID="string_241" HPOS="679" VPOS="932" WIDTH="40" HEIGHT="21" WC="0.93" CONTENT="den"/><SP WIDTH="11" VPOS="932" HPOS="719"/>
							<String ID="string_242" HPOS="730" VPOS="931" WIDTH="111" HEIGHT="21" WC="0.93" CONTENT="inhemska"/><SP WIDTH="10" VPOS="931" HPOS="841"/>
							<String ID="string_243" HPOS="851" VPOS="930" WIDTH="54" HEIGHT="22" WC="0.93" CONTENT="mili-"/>
						</TextLine>
						<TextLine ID="line_28" HPOS="83" VPOS="959" WIDTH="822" HEIGHT="28">
							<String ID="string_244" HPOS="83" VPOS="962" WIDTH="61" HEIGHT="20" WC="0.93" CONTENT="tären"/><SP WIDTH="15" VPOS="962" HPOS="144"/>
							<String ID="string_245" HPOS="159" VPOS="960" WIDTH="61" HEIGHT="22" WC="0.96" CONTENT="skola"/><SP WIDTH="14" VPOS="960" HPOS="220"/>
							<String ID="string_246" HPOS="234" VPOS="966" WIDTH="51" HEIGHT="15" WC="0.93" CONTENT="vara"/><SP WIDTH="14" VPOS="966" HPOS="285"/>
							<String ID="string_247" HPOS="299" VPOS="960" WIDTH="101" HEIGHT="22" WC="0.92" CONTENT="försedda"/><SP WIDTH="14" VPOS="960" HPOS="400"/>
							<String ID="string_248" HPOS="414" VPOS="960" WIDTH="49" HEIGHT="21" WC="0.96" CONTENT="med"/><SP WIDTH="16" VPOS="960" HPOS="463"/>
							<String ID="string_249" HPOS="479" VPOS="961" WIDTH="163" HEIGHT="22" WC="0.93" CONTENT="vederbörande"/><SP WIDTH="14" VPOS="961" HPOS="642"/>
							<String ID="string_250" HPOS="656" VPOS="959" WIDTH="69" HEIGHT="23" WC="0.92" CONTENT="befäls"/><SP WIDTH="14" VPOS="959" HPOS="725"/>
							<String ID="string_251" HPOS="739" VPOS="960" WIDTH="58" HEIGHT="27" WC="0.92" CONTENT="intyg"/><SP WIDTH="11" VPOS="960" HPOS="797"/>
							<String ID="string_252" HPOS="808" VPOS="959" WIDTH="97" HEIGHT="22" WC="0.92" CONTENT="deröfver"/>
						</TextLine>
						<TextLine ID="line_29" HPOS="83" VPOS="988" WIDTH="823" HEIGHT="29">
							<String ID="string_253" HPOS="83" VPOS="990" WIDTH="33" HEIGHT="20" WC="0.95" CONTENT="att"/><SP WIDTH="15" VPOS="990" HPOS="116"/>
							<String ID="string_254" HPOS="131" VPOS="989" WIDTH="84" HEIGHT="22" WC="0.96" CONTENT="arbetet"/><SP WIDTH="15" VPOS="989" HPOS="215"/>
							<String ID="string_255" HPOS="230" VPOS="990" WIDTH="63" HEIGHT="26" WC="0.93" CONTENT="utgör"/><SP WIDTH="14" VPOS="990" HPOS="293"/>
							<String ID="string_256" HPOS="307" VPOS="989" WIDTH="95" HEIGHT="27" WC="0.96" CONTENT="produkt"/><SP WIDTH="16" VPOS="989" HPOS="402"/>
							<String ID="string_257" HPOS="418" VPOS="989" WIDTH="22" HEIGHT="21" WC="0.93" CONTENT="af"/><SP WIDTH="13" VPOS="989" HPOS="440"/>
							<String ID="string_258" HPOS="453" VPOS="989" WIDTH="106" HEIGHT="28" WC="0.96" CONTENT="säljarens"/><SP WIDTH="16" VPOS="989" HPOS="559"/>
							<String ID="string_259" HPOS="575" VPOS="989" WIDTH="61" HEIGHT="28" WC="0.96" CONTENT="slöjd."/><SP WIDTH="31" VPOS="989" HPOS="636"/>
							<String ID="string_260" HPOS="667" VPOS="989" WIDTH="42" HEIGHT="27" WC="0.96" CONTENT="Jag"/><SP WIDTH="14" VPOS="989" HPOS="709"/>
							<String ID="string_261" HPOS="723" VPOS="989" WIDTH="37" HEIGHT="21" WC="0.93" CONTENT="vill"/><SP WIDTH="12" VPOS="989" HPOS="760"/>
							<String ID="string_262" HPOS="772" VPOS="988" WIDTH="67" HEIGHT="27" WC="0.96" CONTENT="fråga,"/><SP WIDTH="11" VPOS="988" HPOS="839"/>
							<String ID="string_263" HPOS="850" VPOS="988" WIDTH="56" HEIGHT="21" WC="0.96" CONTENT="huru"/>
						</TextLine>
						<TextLine ID="line_30" HPOS="84" VPOS="1016" WIDTH="823" HEIGHT="28">
							<String ID="string_264" HPOS="84" VPOS="1018" WIDTH="61" HEIGHT="21" WC="0.96" CONTENT="skola"/><SP WIDTH="15" VPOS="1018" HPOS="145"/>
							<String ID="string_265" HPOS="160" VPOS="1018" WIDTH="26" HEIGHT="21" WC="0.93" CONTENT="de"/><SP WIDTH="15" VPOS="1018" HPOS="186"/>
							<String ID="string_266" HPOS="201" VPOS="1017" WIDTH="22" HEIGHT="22" WC="0.92" CONTENT="fä"/><SP WIDTH="15" VPOS="1017" HPOS="223"/>
							<String ID="string_267" HPOS="238" VPOS="1019" WIDTH="32" HEIGHT="20" WC="0.93" CONTENT="ett"/><SP WIDTH="14" VPOS="1019" HPOS="270"/>
							<String ID="string_268" HPOS="284" VPOS="1018" WIDTH="78" HEIGHT="21" WC="0.92" CONTENT="sädant"/><SP WIDTH="14" VPOS="1018" HPOS="362"/>
							<String ID="string_269" HPOS="376" VPOS="1017" WIDTH="67" HEIGHT="27" WC="0.92" CONTENT="bevis,"/><SP WIDTH="16" VPOS="1017" HPOS="443"/>
							<String ID="string_270" HPOS="459" VPOS="1018" WIDTH="57" HEIGHT="22" WC="0.95" CONTENT="huru"/><SP WIDTH="19" VPOS="1018" HPOS="516"/>
							<String ID="string_271" HPOS="535" VPOS="1019" WIDTH="54" HEIGHT="21" WC="0.95" CONTENT="skall"/><SP WIDTH="15" VPOS="1019" HPOS="589"/>
							<String ID="string_272" HPOS="604" VPOS="1025" WIDTH="49" HEIGHT="14" WC="0.92" CONTENT="man"/><SP WIDTH="16" VPOS="1025" HPOS="653"/>
							<String ID="string_273" HPOS="669" VPOS="1020" WIDTH="15" HEIGHT="19" WC="0.92" CONTENT="t."/><SP WIDTH="17" VPOS="1020" HPOS="684"/>
							<String ID="string_274" HPOS="701" VPOS="1024" WIDTH="30" HEIGHT="15" WC="0.96" CONTENT="ex."/><SP WIDTH="16" VPOS="1024" HPOS="731"/>
							<String ID="string_275" HPOS="747" VPOS="1018" WIDTH="72" HEIGHT="21" WC="0.93" CONTENT="kunna"/><SP WIDTH="15" VPOS="1018" HPOS="819"/>
							<String ID="string_276" HPOS="834" VPOS="1016" WIDTH="73" HEIGHT="22" WC="0.93" CONTENT="fordra"/>
						</TextLine>
						<TextLine ID="line_31" HPOS="85" VPOS="1045" WIDTH="822" HEIGHT="28">
							<String ID="string_277" HPOS="85" VPOS="1048" WIDTH="32" HEIGHT="21" WC="0.92" CONTENT="att"/><SP WIDTH="22" VPOS="1048" HPOS="117"/>
							<String ID="string_278" HPOS="139" VPOS="1047" WIDTH="88" HEIGHT="21" WC="0.91" CONTENT="hustrur"/><SP WIDTH="22" VPOS="1047" HPOS="227"/>
							<String ID="string_279" HPOS="249" VPOS="1047" WIDTH="32" HEIGHT="21" WC="0.95" CONTENT="till"/><SP WIDTH="23" VPOS="1047" HPOS="281"/>
							<String ID="string_280" HPOS="304" VPOS="1047" WIDTH="34" HEIGHT="21" WC="0.91" CONTENT="det"/><SP WIDTH="24" VPOS="1047" HPOS="338"/>
							<String ID="string_281" HPOS="362" VPOS="1046" WIDTH="127" HEIGHT="22" WC="0.91" CONTENT="underbefäl"/><SP WIDTH="24" VPOS="1046" HPOS="489"/>
							<String ID="string_282" HPOS="513" VPOS="1047" WIDTH="40" HEIGHT="22" WC="0.93" CONTENT="och"/><SP WIDTH="18" VPOS="1047" HPOS="553"/>
							<String ID="string_283" HPOS="571" VPOS="1047" WIDTH="110" HEIGHT="26" WC="0.92" CONTENT="manskap,"/><SP WIDTH="17" VPOS="1047" HPOS="681"/>
							<String ID="string_284" HPOS="698" VPOS="1053" WIDTH="45" HEIGHT="15" WC="0.93" CONTENT="som"/><SP WIDTH="15" VPOS="1053" HPOS="743"/>
							<String ID="string_285" HPOS="758" VPOS="1045" WIDTH="85" HEIGHT="28" WC="0.93" CONTENT="nyligen"/><SP WIDTH="14" VPOS="1045" HPOS="843"/>
							<String ID="string_286" HPOS="857" VPOS="1045" WIDTH="50" HEIGHT="21" WC="0.96" CONTENT="med"/>
						</TextLine>
						<TextLine ID="line_32" HPOS="85" VPOS="1074" WIDTH="822" HEIGHT="29">
							<String ID="string_287" HPOS="85" VPOS="1075" WIDTH="201" HEIGHT="28" WC="0.92" CONTENT="gardesbataljonen"/><SP WIDTH="14" VPOS="1075" HPOS="286"/>
							<String ID="string_288" HPOS="300" VPOS="1075" WIDTH="86" HEIGHT="27" WC="0.91" CONTENT="uttägat"/><SP WIDTH="14" VPOS="1075" HPOS="386"/>
							<String ID="string_289" HPOS="400" VPOS="1075" WIDTH="8" HEIGHT="21" WC="0.93" CONTENT="i"/><SP WIDTH="14" VPOS="1075" HPOS="408"/>
							<String ID="string_290" HPOS="422" VPOS="1075" WIDTH="45" HEIGHT="27" WC="0.93" CONTENT="fält,"/><SP WIDTH="16" VPOS="1075" HPOS="467"/>
							<String ID="string_291" HPOS="483" VPOS="1076" WIDTH="63" HEIGHT="22" WC="0.96" CONTENT="skola"/><SP WIDTH="14" VPOS="1076" HPOS="546"/>
							<String ID="string_292" HPOS="560" VPOS="1077" WIDTH="73" HEIGHT="21" WC="0.93" CONTENT="kunna"/><SP WIDTH="14" VPOS="1077" HPOS="633"/>
							<String ID="string_293" HPOS="647" VPOS="1075" WIDTH="69" HEIGHT="22" WC="0.92" CONTENT="förete"/><SP WIDTH="14" VPOS="1075" HPOS="716"/>
							<String ID="string_294" HPOS="730" VPOS="1075" WIDTH="59" HEIGHT="22" WC="0.92" CONTENT="bevis"/><SP WIDTH="17" VPOS="1075" HPOS="789"/>
							<String ID="string_295" HPOS="806" VPOS="1074" WIDTH="59" HEIGHT="21" WC="0.96" CONTENT="öfver"/><SP WIDTH="10" VPOS="1074" HPOS="865"/>
							<String ID="string_296" HPOS="875" VPOS="1075" WIDTH="32" HEIGHT="20" WC="0.96" CONTENT="att"/>
						</TextLine>
						<TextLine ID="line_33" HPOS="86" VPOS="1103" WIDTH="822" HEIGHT="29">
							<String ID="string_297" HPOS="86" VPOS="1105" WIDTH="42" HEIGHT="26" WC="0.96" CONTENT="det,"/><SP WIDTH="16" VPOS="1105" HPOS="128"/>
							<String ID="string_298" HPOS="144" VPOS="1111" WIDTH="45" HEIGHT="15" WC="0.96" CONTENT="som"/><SP WIDTH="15" VPOS="1111" HPOS="189"/>
							<String ID="string_299" HPOS="204" VPOS="1105" WIDTH="26" HEIGHT="21" WC="0.93" CONTENT="de"/><SP WIDTH="15" VPOS="1105" HPOS="230"/>
							<String ID="string_300" HPOS="245" VPOS="1104" WIDTH="141" HEIGHT="28" WC="0.92" CONTENT="tilläfventyrs"/><SP WIDTH="17" VPOS="1104" HPOS="386"/>
							<String ID="string_301" HPOS="403" VPOS="1105" WIDTH="97" HEIGHT="27" WC="0.92" CONTENT="utbjuda,"/><SP WIDTH="10" VPOS="1105" HPOS="500"/>
							<String ID="string_302" HPOS="510" VPOS="1107" WIDTH="64" HEIGHT="25" WC="0.93" CONTENT="utgör"/><SP WIDTH="15" VPOS="1107" HPOS="574"/>
							<String ID="string_303" HPOS="589" VPOS="1105" WIDTH="95" HEIGHT="27" WC="0.92" CONTENT="produkt"/><SP WIDTH="10" VPOS="1105" HPOS="684"/>
							<String ID="string_304" HPOS="694" VPOS="1103" WIDTH="23" HEIGHT="22" WC="0.96" CONTENT="af"/><SP WIDTH="9" VPOS="1103" HPOS="717"/>
							<String ID="string_305" HPOS="726" VPOS="1104" WIDTH="61" HEIGHT="21" WC="0.96" CONTENT="deras"/><SP WIDTH="11" VPOS="1104" HPOS="787"/>
							<String ID="string_306" HPOS="798" VPOS="1103" WIDTH="65" HEIGHT="27" WC="0.95" CONTENT="slöjd;"/><SP WIDTH="12" VPOS="1103" HPOS="863"/>
							<String ID="string_307" HPOS="875" VPOS="1103" WIDTH="33" HEIGHT="20" WC="0.96" CONTENT="att"/>
						</TextLine>
						<TextLine ID="line_34" HPOS="84" VPOS="1131" WIDTH="823" HEIGHT="30">
							<String ID="string_308" HPOS="84" VPOS="1133" WIDTH="69" HEIGHT="22" WC="0.92" CONTENT="förete"/><SP WIDTH="22" VPOS="1133" HPOS="153"/>
							<String ID="string_309" HPOS="175" VPOS="1135" WIDTH="32" HEIGHT="20" WC="0.93" CONTENT="ett"/><SP WIDTH="22" VPOS="1135" HPOS="207"/>
							<String ID="string_310" HPOS="229" VPOS="1133" WIDTH="77" HEIGHT="22" WC="0.92" CONTENT="sädant"/><SP WIDTH="21" VPOS="1133" HPOS="306"/>
							<String ID="string_311" HPOS="327" VPOS="1133" WIDTH="59" HEIGHT="22" WC="0.91" CONTENT="bevis"/><SP WIDTH="24" VPOS="1133" HPOS="386"/>
							<String ID="string_312" HPOS="410" VPOS="1135" WIDTH="46" HEIGHT="20" WC="0.93" CONTENT="tror"/><SP WIDTH="19" VPOS="1135" HPOS="456"/>
							<String ID="string_313" HPOS="475" VPOS="1133" WIDTH="40" HEIGHT="28" WC="0.93" CONTENT="jag"/><SP WIDTH="23" VPOS="1133" HPOS="515"/>
							<String ID="string_314" HPOS="538" VPOS="1133" WIDTH="62" HEIGHT="22" WC="0.89" CONTENT="äfven"/><SP WIDTH="17" VPOS="1133" HPOS="600"/>
							<String ID="string_315" HPOS="617" VPOS="1133" WIDTH="71" HEIGHT="22" WC="0.92" CONTENT="blefve"/><SP WIDTH="15" VPOS="1133" HPOS="688"/>
							<String ID="string_316" HPOS="703" VPOS="1133" WIDTH="59" HEIGHT="21" WC="0.91" CONTENT="svärt"/><SP WIDTH="15" VPOS="1133" HPOS="762"/>
							<String ID="string_317" HPOS="777" VPOS="1138" WIDTH="34" HEIGHT="15" WC="0.93" CONTENT="om"/><SP WIDTH="15" VPOS="1138" HPOS="811"/>
							<String ID="string_318" HPOS="826" VPOS="1131" WIDTH="81" HEIGHT="22" WC="0.92" CONTENT="befälet"/>
						</TextLine>
						<TextLine ID="line_35" HPOS="86" VPOS="1160" WIDTH="821" HEIGHT="29">
							<String ID="string_319" HPOS="86" VPOS="1163" WIDTH="69" HEIGHT="21" WC="0.96" CONTENT="skulle"/><SP WIDTH="14" VPOS="1163" HPOS="155"/>
							<String ID="string_320" HPOS="169" VPOS="1162" WIDTH="68" HEIGHT="21" WC="0.96" CONTENT="finnas"/><SP WIDTH="15" VPOS="1162" HPOS="237"/>
							<String ID="string_321" HPOS="252" VPOS="1162" WIDTH="40" HEIGHT="21" WC="0.96" CONTENT="här"/><SP WIDTH="13" VPOS="1162" HPOS="292"/>
							<String ID="string_322" HPOS="305" VPOS="1162" WIDTH="28" HEIGHT="27" WC="0.93" CONTENT="pä"/><SP WIDTH="15" VPOS="1162" HPOS="333"/>
							<String ID="string_323" HPOS="348" VPOS="1164" WIDTH="69" HEIGHT="19" WC="0.91" CONTENT="orten."/><SP WIDTH="30" VPOS="1164" HPOS="417"/>
							<String ID="string_324" HPOS="447" VPOS="1162" WIDTH="65" HEIGHT="22" WC="0.90" CONTENT="Hvad"/><SP WIDTH="19" VPOS="1162" HPOS="512"/>
							<String ID="string_325" HPOS="531" VPOS="1163" WIDTH="54" HEIGHT="21" WC="0.93" CONTENT="sista"/><SP WIDTH="15" VPOS="1163" HPOS="585"/>
							<String ID="string_326" HPOS="600" VPOS="1163" WIDTH="117" HEIGHT="20" WC="0.92" CONTENT="momentet"/><SP WIDTH="13" VPOS="1163" HPOS="717"/>
							<String ID="string_327" HPOS="730" VPOS="1160" WIDTH="108" HEIGHT="26" WC="0.96" CONTENT="beträffar,"/><SP WIDTH="17" VPOS="1160" HPOS="838"/>
							<String ID="string_328" HPOS="855" VPOS="1160" WIDTH="52" HEIGHT="21" WC="0.96" CONTENT="eller"/>
						</TextLine>
						<TextLine ID="line_36" HPOS="86" VPOS="1189" WIDTH="821" HEIGHT="30">
							<String ID="string_329" HPOS="86" VPOS="1191" WIDTH="110" HEIGHT="28" WC="0.92" CONTENT="angäende"/><SP WIDTH="16" VPOS="1191" HPOS="196"/>
							<String ID="string_330" HPOS="212" VPOS="1191" WIDTH="42" HEIGHT="22" WC="0.96" CONTENT="den"/><SP WIDTH="14" VPOS="1191" HPOS="254"/>
							<String ID="string_331" HPOS="268" VPOS="1191" WIDTH="64" HEIGHT="22" WC="0.93" CONTENT="ryska"/><SP WIDTH="14" VPOS="1191" HPOS="332"/>
							<String ID="string_332" HPOS="346" VPOS="1191" WIDTH="113" HEIGHT="26" WC="0.93" CONTENT="militären,"/><SP WIDTH="17" VPOS="1191" HPOS="459"/>
							<String ID="string_333" HPOS="476" VPOS="1191" WIDTH="65" HEIGHT="22" WC="0.96" CONTENT="torde"/><SP WIDTH="16" VPOS="1191" HPOS="541"/>
							<String ID="string_334" HPOS="557" VPOS="1191" WIDTH="37" HEIGHT="22" WC="0.93" CONTENT="det"/><SP WIDTH="14" VPOS="1191" HPOS="594"/>
							<String ID="string_335" HPOS="608" VPOS="1190" WIDTH="131" HEIGHT="23" WC="0.92" CONTENT="fortfarande"/><SP WIDTH="16" VPOS="1190" HPOS="739"/>
							<String ID="string_336" HPOS="755" VPOS="1189" WIDTH="21" HEIGHT="22" WC="0.93" CONTENT="fä"/><SP WIDTH="18" VPOS="1189" HPOS="776"/>
							<String ID="string_337" HPOS="794" VPOS="1189" WIDTH="113" HEIGHT="22" WC="0.91" CONTENT="ankomma"/>
						</TextLine>
						<TextLine ID="line_37" HPOS="87" VPOS="1198" WIDTH="821" HEIGHT="49">
							<String ID="string_338" HPOS="87" VPOS="1220" WIDTH="12" HEIGHT="22" WC="0.92" CONTENT="å"/><SP WIDTH="15" VPOS="1220" HPOS="99"/>
							<String ID="string_339" HPOS="114" VPOS="1220" WIDTH="104" HEIGHT="27" WC="0.96" CONTENT="styrelsen"/><SP WIDTH="16" VPOS="1220" HPOS="218"/>
							<String ID="string_340" HPOS="234" VPOS="1221" WIDTH="32" HEIGHT="20" WC="0.96" CONTENT="att"/><SP WIDTH="13" VPOS="1221" HPOS="266"/>
							<String ID="string_341" HPOS="279" VPOS="1198" WIDTH="74" HEIGHT="43" WC="0.83" CONTENT="härom"/><SP WIDTH="15" VPOS="1198" HPOS="353"/>
							<String ID="string_342" HPOS="368" VPOS="1219" WIDTH="86" HEIGHT="22" WC="0.96" CONTENT="utfärda"/><SP WIDTH="14" VPOS="1219" HPOS="454"/>
							<String ID="string_343" HPOS="468" VPOS="1220" WIDTH="170" HEIGHT="27" WC="0.96" CONTENT="bestämningar."/><SP WIDTH="30" VPOS="1220" HPOS="638"/>
							<String ID="string_344" HPOS="668" VPOS="1219" WIDTH="44" HEIGHT="27" WC="0.96" CONTENT="Mig"/><SP WIDTH="15" VPOS="1219" HPOS="712"/>
							<String ID="string_345" HPOS="727" VPOS="1225" WIDTH="63" HEIGHT="21" WC="0.96" CONTENT="synes"/><SP WIDTH="17" VPOS="1225" HPOS="790"/>
							<String ID="string_346" HPOS="807" VPOS="1218" WIDTH="38" HEIGHT="21" WC="0.96" CONTENT="det"/><SP WIDTH="14" VPOS="1218" HPOS="845"/>
							<String ID="string_347" HPOS="859" VPOS="1217" WIDTH="49" HEIGHT="22" WC="0.96" CONTENT="icke"/>
						</TextLine>
						<TextLine ID="line_38" HPOS="86" VPOS="1245" WIDTH="824" HEIGHT="31">
							<String ID="string_348" HPOS="86" VPOS="1255" WIDTH="51" HEIGHT="16" WC="0.96" CONTENT="vara"/><SP WIDTH="15" VPOS="1255" HPOS="137"/>
							<String ID="string_349" HPOS="152" VPOS="1249" WIDTH="97" HEIGHT="27" WC="0.95" CONTENT="lämpligt"/><SP WIDTH="15" VPOS="1249" HPOS="249"/>
							<String ID="string_350" HPOS="264" VPOS="1250" WIDTH="32" HEIGHT="21" WC="0.96" CONTENT="att"/><SP WIDTH="14" VPOS="1250" HPOS="296"/>
							<String ID="string_351" HPOS="310" VPOS="1249" WIDTH="7" HEIGHT="21" WC="0.96" CONTENT="i"/><SP WIDTH="16" VPOS="1249" HPOS="317"/>
							<String ID="string_352" HPOS="333" VPOS="1255" WIDTH="26" HEIGHT="15" WC="0.93" CONTENT="en"/><SP WIDTH="15" VPOS="1255" HPOS="359"/>
							<String ID="string_353" HPOS="374" VPOS="1248" WIDTH="125" HEIGHT="27" WC="0.90" CONTENT="näringslag"/><SP WIDTH="15" VPOS="1248" HPOS="499"/>
							<String ID="string_354" HPOS="514" VPOS="1249" WIDTH="33" HEIGHT="22" WC="0.96" CONTENT="för"/><SP WIDTH="13" VPOS="1249" HPOS="547"/>
							<String ID="string_355" HPOS="560" VPOS="1249" WIDTH="89" HEIGHT="21" WC="0.96" CONTENT="Finland"/><SP WIDTH="15" VPOS="1249" HPOS="649"/>
							<String ID="string_356" HPOS="664" VPOS="1248" WIDTH="8" HEIGHT="21" WC="0.96" CONTENT="i"/><SP WIDTH="15" VPOS="1248" HPOS="672"/>
							<String ID="string_357" HPOS="687" VPOS="1248" WIDTH="60" HEIGHT="21" WC="0.96" CONTENT="detta"/><SP WIDTH="15" VPOS="1248" HPOS="747"/>
							<String ID="string_358" HPOS="762" VPOS="1249" WIDTH="62" HEIGHT="20" WC="0.96" CONTENT="ämne"/><SP WIDTH="17" VPOS="1249" HPOS="824"/>
							<String ID="string_359" HPOS="841" VPOS="1245" WIDTH="69" HEIGHT="22" WC="0.95" CONTENT="införa"/>
						</TextLine>
						<TextLine ID="line_39" HPOS="87" VPOS="1274" WIDTH="822" HEIGHT="31">
							<String ID="string_360" HPOS="87" VPOS="1277" WIDTH="140" HEIGHT="28" WC="0.94" CONTENT="stadganden."/><SP WIDTH="30" VPOS="1277" HPOS="227"/>
							<String ID="string_361" HPOS="257" VPOS="1277" WIDTH="49" HEIGHT="22" WC="0.96" CONTENT="Med"/><SP WIDTH="19" VPOS="1277" HPOS="306"/>
							<String ID="string_362" HPOS="325" VPOS="1277" WIDTH="102" HEIGHT="22" WC="0.93" CONTENT="afseende"/><SP WIDTH="18" VPOS="1277" HPOS="427"/>
							<String ID="string_363" HPOS="445" VPOS="1277" WIDTH="56" HEIGHT="22" WC="0.92" CONTENT="härå"/><SP WIDTH="16" VPOS="1277" HPOS="501"/>
							<String ID="string_364" HPOS="517" VPOS="1277" WIDTH="40" HEIGHT="22" WC="0.96" CONTENT="och"/><SP WIDTH="14" VPOS="1277" HPOS="557"/>
							<String ID="string_365" HPOS="571" VPOS="1277" WIDTH="30" HEIGHT="27" WC="0.96" CONTENT="på"/><SP WIDTH="15" VPOS="1277" HPOS="601"/>
							<String ID="string_366" HPOS="616" VPOS="1278" WIDTH="26" HEIGHT="21" WC="0.96" CONTENT="de"/><SP WIDTH="16" VPOS="1278" HPOS="642"/>
							<String ID="string_367" HPOS="658" VPOS="1276" WIDTH="23" HEIGHT="23" WC="0.95" CONTENT="af"/><SP WIDTH="11" VPOS="1276" HPOS="681"/>
							<String ID="string_368" HPOS="692" VPOS="1276" WIDTH="88" HEIGHT="22" WC="0.95" CONTENT="friherre"/><SP WIDTH="15" VPOS="1276" HPOS="780"/>
							<String ID="string_369" HPOS="795" VPOS="1281" WIDTH="41" HEIGHT="16" WC="0.96" CONTENT="von"/><SP WIDTH="15" VPOS="1281" HPOS="836"/>
							<String ID="string_370" HPOS="851" VPOS="1274" WIDTH="58" HEIGHT="22" WC="0.96" CONTENT="Troil"/>
						</TextLine>
						<TextLine ID="line_40" HPOS="87" VPOS="1303" WIDTH="823" HEIGHT="31">
							<String ID="string_371" HPOS="87" VPOS="1306" WIDTH="41" HEIGHT="22" WC="0.96" CONTENT="och"/><SP WIDTH="15" VPOS="1306" HPOS="128"/>
							<String ID="string_372" HPOS="143" VPOS="1307" WIDTH="7" HEIGHT="21" WC="0.93" CONTENT="i"/><SP WIDTH="14" VPOS="1307" HPOS="150"/>
							<String ID="string_373" HPOS="164" VPOS="1306" WIDTH="182" HEIGHT="27" WC="0.92" CONTENT="Borgareståndet"/><SP WIDTH="19" VPOS="1306" HPOS="346"/>
							<String ID="string_374" HPOS="365" VPOS="1305" WIDTH="89" HEIGHT="22" WC="0.96" CONTENT="anförda"/><SP WIDTH="15" VPOS="1305" HPOS="454"/>
							<String ID="string_375" HPOS="469" VPOS="1306" WIDTH="56" HEIGHT="27" WC="0.96" CONTENT="skäl,"/><SP WIDTH="15" VPOS="1306" HPOS="525"/>
							<String ID="string_376" HPOS="540" VPOS="1307" WIDTH="64" HEIGHT="27" WC="0.96" CONTENT="yrkar"/><SP WIDTH="18" VPOS="1307" HPOS="604"/>
							<String ID="string_377" HPOS="622" VPOS="1305" WIDTH="62" HEIGHT="22" WC="0.96" CONTENT="äfven"/><SP WIDTH="12" VPOS="1305" HPOS="684"/>
							<String ID="string_378" HPOS="696" VPOS="1305" WIDTH="38" HEIGHT="27" WC="0.96" CONTENT="jag"/><SP WIDTH="15" VPOS="1305" HPOS="734"/>
							<String ID="string_379" HPOS="749" VPOS="1305" WIDTH="28" HEIGHT="27" WC="0.96" CONTENT="på"/><SP WIDTH="16" VPOS="1305" HPOS="777"/>
							<String ID="string_380" HPOS="793" VPOS="1305" WIDTH="32" HEIGHT="21" WC="0.96" CONTENT="att"/><SP WIDTH="16" VPOS="1305" HPOS="825"/>
							<String ID="string_381" HPOS="841" VPOS="1303" WIDTH="69" HEIGHT="22" WC="0.95" CONTENT="denna"/>
						</TextLine>
						<TextLine ID="line_41" HPOS="87" VPOS="1335" WIDTH="380" HEIGHT="28">
							<String ID="string_382" HPOS="87" VPOS="1335" WIDTH="100" HEIGHT="28" WC="0.95" CONTENT="paragraf"/><SP WIDTH="11" VPOS="1335" HPOS="187"/>
							<String ID="string_383" HPOS="198" VPOS="1335" WIDTH="46" HEIGHT="22" WC="0.95" CONTENT="helt"/><SP WIDTH="16" VPOS="1335" HPOS="244"/>
							<String ID="string_384" HPOS="260" VPOS="1335" WIDTH="40" HEIGHT="22" WC="0.96" CONTENT="och"/><SP WIDTH="14" VPOS="1335" HPOS="300"/>
							<String ID="string_385" HPOS="314" VPOS="1335" WIDTH="68" HEIGHT="21" WC="0.96" CONTENT="hållet"/><SP WIDTH="14" VPOS="1335" HPOS="382"/>
							<String ID="string_386" HPOS="396" VPOS="1335" WIDTH="71" HEIGHT="26" WC="0.96" CONTENT="utgår."/>
						</TextLine>
					</TextBlock>
					<TextBlock ID="block_10" HPOS="87" VPOS="1360" WIDTH="825" HEIGHT="147">
						<TextLine ID="line_42" HPOS="156" VPOS="1360" WIDTH="753" HEIGHT="31">
							<String ID="string_387" HPOS="156" VPOS="1364" WIDTH="49" HEIGHT="21" WC="0.96" CONTENT="Med"/><SP WIDTH="15" VPOS="1364" HPOS="205"/>
							<String ID="string_388" HPOS="220" VPOS="1364" WIDTH="114" HEIGHT="27" WC="0.96" CONTENT="anledning"/><SP WIDTH="16" VPOS="1364" HPOS="334"/>
							<String ID="string_389" HPOS="350" VPOS="1363" WIDTH="22" HEIGHT="22" WC="0.96" CONTENT="af"/><SP WIDTH="14" VPOS="1363" HPOS="372"/>
							<String ID="string_390" HPOS="386" VPOS="1363" WIDTH="26" HEIGHT="22" WC="0.96" CONTENT="de"/><SP WIDTH="16" VPOS="1363" HPOS="412"/>
							<String ID="string_391" HPOS="428" VPOS="1363" WIDTH="93" HEIGHT="22" WC="0.96" CONTENT="sålunda"/><SP WIDTH="15" VPOS="1363" HPOS="521"/>
							<String ID="string_392" HPOS="536" VPOS="1364" WIDTH="75" HEIGHT="27" WC="0.96" CONTENT="gjorda"/><SP WIDTH="14" VPOS="1364" HPOS="611"/>
							<String ID="string_393" HPOS="625" VPOS="1363" WIDTH="123" HEIGHT="28" WC="0.96" CONTENT="yrkandena"/><SP WIDTH="15" VPOS="1363" HPOS="748"/>
							<String ID="string_394" HPOS="763" VPOS="1361" WIDTH="40" HEIGHT="22" WC="0.96" CONTENT="och"/><SP WIDTH="16" VPOS="1361" HPOS="803"/>
							<String ID="string_395" HPOS="819" VPOS="1360" WIDTH="90" HEIGHT="22" WC="0.95" CONTENT="emedan"/>
						</TextLine>
						<TextLine ID="line_43" HPOS="87" VPOS="1389" WIDTH="824" HEIGHT="32">
							<String ID="string_396" HPOS="87" VPOS="1394" WIDTH="8" HEIGHT="21" WC="0.96" CONTENT="i"/><SP WIDTH="15" VPOS="1394" HPOS="95"/>
							<String ID="string_397" HPOS="110" VPOS="1393" WIDTH="126" HEIGHT="28" WC="0.92" CONTENT="paragrafen"/><SP WIDTH="14" VPOS="1393" HPOS="236"/>
							<String ID="string_398" HPOS="250" VPOS="1393" WIDTH="84" HEIGHT="27" WC="0.91" CONTENT="ingingo"/><SP WIDTH="16" VPOS="1393" HPOS="334"/>
							<String ID="string_399" HPOS="350" VPOS="1392" WIDTH="51" HEIGHT="22" WC="0.96" CONTENT="flere"/><SP WIDTH="16" VPOS="1392" HPOS="401"/>
							<String ID="string_400" HPOS="417" VPOS="1393" WIDTH="137" HEIGHT="26" WC="0.96" CONTENT="stadganden"/><SP WIDTH="15" VPOS="1393" HPOS="554"/>
							<String ID="string_401" HPOS="569" VPOS="1392" WIDTH="7" HEIGHT="21" WC="0.96" CONTENT="i"/><SP WIDTH="16" VPOS="1392" HPOS="576"/>
							<String ID="string_402" HPOS="592" VPOS="1392" WIDTH="56" HEIGHT="21" WC="0.96" CONTENT="olika"/><SP WIDTH="16" VPOS="1392" HPOS="648"/>
							<String ID="string_403" HPOS="664" VPOS="1393" WIDTH="82" HEIGHT="24" WC="0.96" CONTENT="ämnen,"/><SP WIDTH="15" VPOS="1393" HPOS="746"/>
							<String ID="string_404" HPOS="761" VPOS="1390" WIDTH="8" HEIGHT="21" WC="0.96" CONTENT="i"/><SP WIDTH="14" VPOS="1390" HPOS="769"/>
							<String ID="string_405" HPOS="783" VPOS="1389" WIDTH="101" HEIGHT="22" WC="0.92" CONTENT="afseende"/><SP WIDTH="14" VPOS="1389" HPOS="884"/>
							<String ID="string_406" HPOS="898" VPOS="1389" WIDTH="13" HEIGHT="20" WC="0.92" CONTENT="å"/>
						</TextLine>
						<TextLine ID="line_44" HPOS="88" VPOS="1417" WIDTH="824" HEIGHT="32">
							<String ID="string_407" HPOS="88" VPOS="1423" WIDTH="72" HEIGHT="21" WC="0.96" CONTENT="hvilka"/><SP WIDTH="18" VPOS="1423" HPOS="160"/>
							<String ID="string_408" HPOS="178" VPOS="1422" WIDTH="115" HEIGHT="27" WC="0.95" CONTENT="möjligtvis"/><SP WIDTH="16" VPOS="1422" HPOS="293"/>
							<String ID="string_409" HPOS="309" VPOS="1421" WIDTH="57" HEIGHT="22" WC="0.92" CONTENT="olika"/><SP WIDTH="15" VPOS="1421" HPOS="366"/>
							<String ID="string_410" HPOS="381" VPOS="1421" WIDTH="80" HEIGHT="27" WC="0.92" CONTENT="åsigter"/><SP WIDTH="19" VPOS="1421" HPOS="461"/>
							<String ID="string_411" HPOS="480" VPOS="1421" WIDTH="24" HEIGHT="22" WC="0.93" CONTENT="af"/><SP WIDTH="15" VPOS="1421" HPOS="504"/>
							<String ID="string_412" HPOS="519" VPOS="1421" WIDTH="97" HEIGHT="21" WC="0.93" CONTENT="ståndets"/><SP WIDTH="16" VPOS="1421" HPOS="616"/>
							<String ID="string_413" HPOS="632" VPOS="1420" WIDTH="138" HEIGHT="22" WC="0.93" CONTENT="medlemmar"/><SP WIDTH="14" VPOS="1420" HPOS="770"/>
							<String ID="string_414" HPOS="784" VPOS="1419" WIDTH="81" HEIGHT="26" WC="0.92" CONTENT="hystes,"/><SP WIDTH="16" VPOS="1419" HPOS="865"/>
							<String ID="string_415" HPOS="881" VPOS="1417" WIDTH="31" HEIGHT="22" WC="0.96" CONTENT="lät"/>
						</TextLine>
						<TextLine ID="line_45" HPOS="89" VPOS="1447" WIDTH="821" HEIGHT="29">
							<String ID="string_416" HPOS="89" VPOS="1451" WIDTH="50" HEIGHT="22" WC="0.93" CONTENT="herr"/><SP WIDTH="14" VPOS="1451" HPOS="139"/>
							<String ID="string_417" HPOS="153" VPOS="1450" WIDTH="206" HEIGHT="23" WC="0.90" CONTENT="Landtmarskalken"/><SP WIDTH="15" VPOS="1450" HPOS="359"/>
							<String ID="string_418" HPOS="374" VPOS="1450" WIDTH="32" HEIGHT="21" WC="0.93" CONTENT="till"/><SP WIDTH="15" VPOS="1450" HPOS="406"/>
							<String ID="string_419" HPOS="421" VPOS="1449" WIDTH="137" HEIGHT="23" WC="0.92" CONTENT="besvarande"/><SP WIDTH="14" VPOS="1449" HPOS="558"/>
							<String ID="string_420" HPOS="572" VPOS="1449" WIDTH="93" HEIGHT="27" WC="0.92" CONTENT="uppläsa"/><SP WIDTH="15" VPOS="1449" HPOS="665"/>
							<String ID="string_421" HPOS="680" VPOS="1455" WIDTH="26" HEIGHT="16" WC="0.96" CONTENT="en"/><SP WIDTH="16" VPOS="1455" HPOS="706"/>
							<String ID="string_422" HPOS="722" VPOS="1448" WIDTH="25" HEIGHT="21" WC="0.96" CONTENT="så"/><SP WIDTH="11" VPOS="1448" HPOS="747"/>
							<String ID="string_423" HPOS="758" VPOS="1447" WIDTH="93" HEIGHT="28" WC="0.93" CONTENT="lydande"/><SP WIDTH="10" VPOS="1447" HPOS="851"/>
							<String ID="string_424" HPOS="861" VPOS="1452" WIDTH="49" HEIGHT="21" WC="0.92" CONTENT="pro-"/>
						</TextLine>
						<TextLine ID="line_46" HPOS="89" VPOS="1478" WIDTH="358" HEIGHT="29">
							<String ID="string_425" HPOS="89" VPOS="1480" WIDTH="93" HEIGHT="27" WC="0.95" CONTENT="position"/><SP WIDTH="15" VPOS="1480" HPOS="182"/>
							<String ID="string_426" HPOS="197" VPOS="1478" WIDTH="132" HEIGHT="23" WC="0.95" CONTENT="beträffande"/><SP WIDTH="17" VPOS="1478" HPOS="329"/>
							<String ID="string_427" HPOS="346" VPOS="1480" WIDTH="10" HEIGHT="20" WC="0.90" CONTENT="1"/><SP WIDTH="16" VPOS="1480" HPOS="356"/>
							<String ID="string_428" HPOS="372" VPOS="1484" WIDTH="75" HEIGHT="16" WC="0.91" CONTENT="mom.:"/>
						</TextLine>
					</TextBlock>
					<TextBlock ID="block_11" HPOS="90" VPOS="1503" WIDTH="822" HEIGHT="61">
						<TextLine ID="line_47" HPOS="160" VPOS="1503" WIDTH="752" HEIGHT="31">
							<String ID="string_429" HPOS="160" VPOS="1508" WIDTH="142" HEIGHT="26" WC="0.66" CONTENT=",Godkänner"/><SP WIDTH="14" VPOS="1508" HPOS="302"/>
							<String ID="string_430" HPOS="316" VPOS="1507" WIDTH="159" HEIGHT="27" WC="0.92" CONTENT="Ridderskapet"/><SP WIDTH="16" VPOS="1507" HPOS="475"/>
							<String ID="string_431" HPOS="491" VPOS="1506" WIDTH="44" HEIGHT="22" WC="0.93" CONTENT="och"/><SP WIDTH="14" VPOS="1506" HPOS="535"/>
							<String ID="string_432" HPOS="549" VPOS="1506" WIDTH="68" HEIGHT="22" WC="0.91" CONTENT="Adeln"/><SP WIDTH="17" VPOS="1506" HPOS="617"/>
							<String ID="string_433" HPOS="634" VPOS="1508" WIDTH="10" HEIGHT="19" WC="0.96" CONTENT="1"/><SP WIDTH="17" VPOS="1508" HPOS="644"/>
							<String ID="string_434" HPOS="661" VPOS="1511" WIDTH="61" HEIGHT="16" WC="0.96" CONTENT="mom."/><SP WIDTH="16" VPOS="1511" HPOS="722"/>
							<String ID="string_435" HPOS="738" VPOS="1506" WIDTH="25" HEIGHT="20" WC="0.92" CONTENT="10"/><SP WIDTH="11" VPOS="1506" HPOS="763"/>
							<String ID="string_436" HPOS="774" VPOS="1504" WIDTH="12" HEIGHT="28" WC="0.90" CONTENT="$"/><SP WIDTH="11" VPOS="1504" HPOS="786"/>
							<String ID="string_437" HPOS="797" VPOS="1504" WIDTH="22" HEIGHT="22" WC="0.93" CONTENT="af"/><SP WIDTH="8" VPOS="1504" HPOS="819"/>
							<String ID="string_438" HPOS="827" VPOS="1503" WIDTH="85" HEIGHT="22" WC="0.93" CONTENT="utskot-"/>
						</TextLine>
						<TextLine ID="line_48" HPOS="90" VPOS="1536" WIDTH="383" HEIGHT="28">
							<String ID="string_439" HPOS="90" VPOS="1540" WIDTH="43" HEIGHT="20" WC="0.93" CONTENT="tets"/><SP WIDTH="16" VPOS="1540" HPOS="133"/>
							<String ID="string_440" HPOS="149" VPOS="1536" WIDTH="160" HEIGHT="28" WC="0.96" CONTENT="ifrågavarande"/><SP WIDTH="15" VPOS="1536" HPOS="309"/>
							<String ID="string_441" HPOS="324" VPOS="1536" WIDTH="149" HEIGHT="26" WC="0.90" CONTENT="betänkande;"/>
						</TextLine>
					</TextBlock>
				</ComposedBlock>
				<GraphicalElement ID="cblock_2" HPOS="1055" VPOS="212" WIDTH="15" HEIGHT="844"></GraphicalElement >
			</PrintSpace>
		</Page>
	</Layout>
</alto>
