1070 1739
194 122 40 20 642
475 125 39 17 Den
530 123 25 19 15
568 125 110 18 November.

233 186 31 21 På
278 186 93 28 begäran
386 187 108 22 lemnades
511 188 62 21 ordet
587 188 76 21 härvid
678 188 22 21 åt

234 215 56 22 Herr
297 216 116 28 Pipping,
423 217 95 26 Fredrik,
528 223 47 15 som
583 217 95 27 yttrade:
689 217 35 21 Då
730 217 59 21 detta
795 217 78 22 ärende
878 215 110 28 föredrogs

164 243 40 22 hos
216 243 93 28 ståndet,
318 247 66 26 antog
394 246 87 21 ståndet
490 246 225 21 Ekonomiutskottets
730 245 3 22 i
744 247 73 20 ämnet
826 245 79 28 afgifna
914 245 75 21 betän-

165 273 77 22 kande.
268 273 66 22 Detta
342 275 135 21 betänkande
487 277 24 19 är
526 275 60 21 stödt
601 275 7 21 i
622 274 90 22 främsta
722 276 93 20 rummet
824 275 29 26 på
863 274 126 22 ständernas

165 302 36 21 vid
214 303 140 22 1863—1864
365 303 34 22 års
407 303 104 28 landtdag
518 303 97 23 uttalade
623 304 85 27 mening
718 303 73 22 derom
799 305 33 20 att
839 303 104 22 metriska
956 309 34 22 sy-

166 332 80 21 stemet
260 331 8 21 i
283 332 32 21 sin
329 332 74 22 helhet
417 333 68 21 borde
500 332 25 22 så
543 332 44 22 fort
602 339 46 15 som
667 333 84 28 möjligt
769 334 88 25 antagas
873 333 7 20 i
894 331 95 27 Finland,

166 360 49 21 med
231 360 134 29 tillämpning
380 361 64 22 alltså
458 361 48 22 icke
521 361 78 22 blott
587 356 12 38 å
612 361 80 28 vigten,
709 363 52 20 utan
777 361 61 22 äfven
853 361 14 22 å
881 360 54 22 mått
951 360 40 22 och

166 389 50 21 mål.
246 389 31 21 På
292 390 60 21 detta
367 391 112 21 uttalande
494 390 47 22 från
557 391 116 21 ständerna
687 391 41 21 har
742 390 47 22 icke
804 390 49 27 följt
867 390 66 27 något
944 395 47 16 svar

166 417 48 22 från
228 417 60 23 Hans
303 419 121 27 Kejserliga
439 419 108 27 Majestät,
564 425 48 15 men
627 419 35 22 väl
672 419 40 21 har
722 419 60 21 Hans
793 419 121 27 Kejserliga
924 418 67 27 Maje-

167 448 45 20 stät
227 446 7 22 i
250 453 26 15 en
291 448 119 27 Kejserliga
426 447 93 23 Senaten
534 448 114 22 meddelad
664 448 112 22 skrifvelse
791 448 23 21 af
827 448 42 21 den
884 449 26 19 22
919 447 72 27 Augu-

167 476 29 20 sti
213 477 55 19 1864
283 476 61 27 gifvit
358 477 104 21 tillkänna
480 479 32 19 att
529 477 60 21 Hans
608 477 78 27 nådiga
701 477 51 27 vilja
767 479 24 19 är
805 478 33 20 att
852 476 73 28 frågan
942 476 51 21 blott

168 504 114 22 tillsvidare
296 504 56 28 finge
367 505 89 23 förfalla.
485 506 45 21 Allt
547 506 58 27 hopp
624 508 24 20 är
666 506 87 22 således
773 508 57 19 ännu
844 506 48 21 icke
907 506 37 20 ute
959 506 33 20 att

168 532 62 22 äfven
252 533 7 21 i
282 534 88 22 Finland
392 534 121 26 framdeles,
529 535 7 21 i
551 535 69 22 likhet
642 535 50 22 med
715 534 68 22 andra
800 534 155 26 kulturländer,
970 533 22 21 få

167 562 102 22 metriskt
284 565 79 25 system
378 563 8 22 i
400 564 33 21 sin
448 564 80 26 helhet,
545 564 19 22 d.
581 570 18 16 v.
616 570 16 16 s.
648 564 8 21 i
671 564 43 22 alla
727 566 33 19 tre
768 564 93 21 nämnda
870 563 121 26 afseenden,

168 590 86 22 infördt.
284 592 181 22 Petitionärernes
481 592 80 28 förslag
576 593 39 27 går
630 594 24 20 ut
670 593 68 27 derpä
758 594 31 20 att
805 593 77 21 endast
897 592 96 26 tillämpa

168 620 105 22 metriska
288 623 104 25 systemet
406 622 28 27 på
448 622 97 27 vigterne
560 622 7 21 i
583 622 79 27 landet,
679 622 41 21 och
736 622 47 21 icke
795 628 37 15 ens
851 622 38 21 det
903 620 89 22 alldeles

168 649 71 27 exakt,
255 649 7 21 i
278 649 37 22 det
329 650 167 28 petitionärerne
510 650 80 22 föreslå
605 652 33 20 att
653 651 131 27 skålpundet
802 650 68 22 skulle
885 651 108 20 motsvara

169 684 27 16 en
213 678 47 21 half
275 678 110 28 kilogram,
404 680 31 21 till
453 680 52 27 följd
523 679 77 22 hvaraf
616 680 48 22 icke
682 686 39 16 ens
738 679 194 28 decimalsystemet
948 678 45 22 helt

169 707 40 22 och
224 707 68 22 hållet
305 708 117 27 iakttages;
445 708 38 22 och
505 708 27 22 då
551 715 27 15 en
593 708 68 22 sådan
676 708 117 28 halfmesyr
807 708 72 22 kunde
894 708 99 27 möjligen

170 736 73 27 skjuta
266 736 59 23 åsido
348 736 162 28 hufvudfrågan,
532 737 122 22 införandet
671 737 23 22 af
708 738 38 21 det
761 737 102 22 metriska
878 738 115 26 systemets

169 765 141 27 begagnande
324 766 8 21 i
347 766 33 22 sin
395 766 80 27 helhet,
490 766 39 22 har
544 766 108 22 utskottet
667 767 74 21 såsom
756 772 62 22 synes
833 766 29 27 på
877 766 55 26 goda
946 765 47 21 skäl

170 794 93 27 afstyrkt
278 794 58 22 bifall
351 795 33 21 till
398 795 125 27 petitionen.
553 795 10 22 I
581 796 37 21 det
636 802 29 15 nu
683 795 103 28 upplästa
800 794 193 28 protokollsutdra-

170 824 38 26 get
223 822 67 22 finnes
305 824 46 21 icke
366 824 68 22 heller
456 824 66 27 några
543 824 94 22 motskäl
653 824 23 22 af
688 824 109 27 vällofliga
811 823 184 27 Borgareståndet

170 851 96 27 anförda,
283 852 39 22 och
338 853 66 27 vågar
416 853 37 27 jag
469 852 83 22 derföre
567 852 81 23 föreslå
662 855 33 19 att
705 853 161 27 Ridderskapet
876 852 39 22 och
925 852 68 22 Adeln

170 881 68 21 måtte
254 881 101 22 vidblifva
370 882 40 21 sitt
424 882 57 22 förra
495 882 74 21 beslut
584 882 40 22 och
640 882 74 28 afböja
728 882 160 27 inbjudningen.

238 910 56 21 Herr
313 917 42 15 von
376 910 148 27 Haartman,
548 910 86 22 Rafaél:
664 911 73 22 Jemte
760 910 37 22 det
817 911 38 27 jag
872 910 38 22 ber
925 911 33 20 att
972 909 22 21 få

169 938 75 21 förena
258 939 44 26 mig
316 939 7 21 i
338 940 41 21 den
401 939 23 22 af
443 940 50 21 herr
511 940 98 27 Pipping,
624 940 98 26 Fredrik,
738 940 97 21 uttalade
850 939 90 27 äsigten,
956 939 38 20 ber

168 967 38 27 jag
222 967 22 21 få
259 967 87 28 tillägga
361 969 33 20 att
408 968 118 27 utsigterne
542 969 40 20 hos
599 974 35 16 oss
650 969 33 21 till
702 969 34 21 ett
753 967 126 28 fullsändigt
897 967 96 27 öfvergå-

170 996 56 21 ende
241 996 34 21 till
290 997 37 21 det
341 997 103 22 metriska
459 999 104 26 systemet
578 997 62 22 torde
655 1004 29 15 nu
699 1003 53 16 vara
767 998 69 21 större
852 999 27 19 än
893 996 35 22 vid
940 997 54 20 1864

170 1025 35 21 ärs
220 1025 110 27 landtdag,
347 1026 88 21 emedan
450 1026 85 27 nyligen
550 1026 101 22 tekniska
666 1026 121 27 sällskapet
797 1026 7 21 i
814 1025 106 28 Ryssland
935 1027 59 20 utar-

170 1053 62 22 betat
254 1055 33 20 ett
309 1054 135 28 fullständigt
465 1054 80 27 förslag
560 1055 7 21 i
583 1055 61 22 detta
660 1055 103 22 afseende
778 1054 33 22 för
825 1054 113 28 Ryssland,
955 1054 40 21 och

170 1089 49 14 man
234 1083 40 21 har
290 1083 46 22 skäl
352 1085 32 20 att
398 1083 96 22 förmoda
512 1085 33 20 att
563 1084 61 22 äfven
644 1083 114 23 derstädes
773 1083 104 22 metriska
893 1084 102 26 systemet

169 1111 58 22 inom
242 1112 50 21 kort
307 1112 95 22 kommer
418 1114 32 20 att
464 1112 86 22 införas.

238 1140 157 23 Diskussionen
411 1141 116 22 afslutades
542 1141 96 27 härmed,
655 1141 40 22 och
713 1141 27 22 dä
755 1141 51 21 herr
820 1139 174 23 Landtmarskal-

169 1169 54 21 kens
239 1169 32 21 till
288 1170 87 21 ständet
394 1170 79 21 ställda
493 1169 114 28 förfrägan,
627 1170 108 22 huruvida
750 1169 88 22 ständet
853 1169 49 22 ville
917 1170 79 26 antaga

169 1198 195 27 Borgareständets
380 1199 130 27 inbjudning,
533 1199 131 22 besvarades
686 1199 50 22 med
762 1199 89 21 allmänt
876 1198 41 27 nej,
940 1198 55 21 hade

170 1227 161 27 Ridderskapet
346 1227 40 22 och
402 1227 68 22 Adeln
485 1227 68 28 afböjt
568 1228 40 21 den
624 1228 93 22 sälunda
732 1227 75 28 gjorda
821 1227 160 28 inbjudningen.

238 1284 121 28 Föredrogs
382 1285 73 22 vidare
476 1285 166 28 Lagutskottets
658 1285 48 22 frän
728 1286 86 21 senaste
838 1284 158 22 sammanträde

169 1313 120 27 bordlagda
304 1313 100 22 skifvelse
418 1315 49 21 med
482 1315 98 21 anmälan
596 1321 34 15 om
646 1315 40 21 den
703 1314 82 27 utgäng
799 1313 76 28 frägan
886 1313 109 27 angäende

169 1341 131 23 förändrade
328 1343 160 27 bestämningar
517 1349 34 16 om
579 1343 181 22 häradsrätterna
783 1342 47 22 haft
853 1343 7 21 i
887 1342 26 21 de
940 1342 58 21 olika

170 1371 98 22 ständen.

239 1400 99 22 Friherre
353 1400 99 27 Wrede,
471 1401 90 27 August,
581 1401 67 22 erhöll
663 1401 29 27 pä
711 1401 96 26 begäran
823 1399 62 22 ordet
901 1399 40 22 och
956 1401 41 26 ytt-

169 1428 63 21 rade:
263 1429 34 21 Dä
312 1429 160 27 Lagutskottet,
491 1430 67 21 sedan
578 1429 27 22 de
623 1430 70 21 skilda
713 1429 93 22 ständen
821 1429 7 21 i
843 1429 154 26 protokollsut-

170 1457 54 27 drag
239 1457 110 22 meddelat
364 1458 46 21 sina
425 1458 72 22 beslut
511 1458 7 21 i
536 1458 74 27 frågan
629 1458 114 27 angående
761 1457 128 22 förändrade
905 1457 94 21 bestäm-

169 1486 76 26 ningar
260 1492 34 15 om
311 1486 182 27 häradsrätterna,
510 1486 61 22 deraf
583 1487 107 21 inhemtat
706 1488 34 20 att
758 1488 78 20 tvenne
853 1486 69 26 ständ,
939 1492 58 16 nem-

168 1514 58 27 ligen
244 1514 87 23 Preste-
352 1515 40 22 och
414 1515 173 27 Bondeständen,
603 1516 56 22 hade
681 1515 110 22 förkastat
813 1514 50 22 hela
885 1514 109 28 förslaget,

168 1544 53 21 utan
238 1544 32 21 att
286 1550 38 16 ens
338 1544 52 27 ingä
404 1544 6 21 i
426 1544 70 28 nägon
512 1544 206 28 detaljgranskning,
730 1544 96 23 hvarken
837 1543 24 23 af
869 1544 42 22 den
921 1544 78 28 nädiga
