1070 1739
182 132 42 19 846
465 134 40 18 Den
522 133 27 18 30
565 134 109 18 November.

153 195 71 22 såvidt
239 195 108 23 utskottet
361 196 83 23 kunnat
458 197 64 27 finna,
535 197 47 28 just
598 199 24 20 är
632 199 127 20 trävarorna
769 198 46 20 som
824 195 102 29 uppburit
932 195 47 22 huf-

153 225 189 22 vudkostnaderne
356 225 34 22 för
404 226 98 27 trafiken,
518 238 29 3 —
562 227 48 21 icke
626 227 56 21 blott
698 226 41 22 och
758 226 49 21 bart
826 225 33 22 för
879 225 26 21 de
920 225 59 21 kost-

153 253 73 26 nader,
242 259 47 16 som
304 256 62 25 tagas
381 254 7 21 i
404 255 93 27 anspråk
515 257 40 20 när
575 256 64 26 tågen
656 255 59 22 föras
735 254 53 22 fram
804 255 41 21 och
860 254 51 24 åter,
928 255 52 20 utan

154 282 26 21 de
196 282 108 22 allmänna
325 283 149 22 kostnaderna
488 284 34 21 för
536 284 50 21 hela
601 285 123 27 jernvägen.
755 284 43 21 Det
818 285 23 20 är
860 283 63 21 dessa
946 288 33 16 se-

153 317 58 20 nare,
234 317 48 16 som
304 311 65 22 blifva
388 312 39 21 allt
444 313 83 21 mindre
546 313 40 21 och
606 313 89 26 mindre,
712 313 26 27 ju
758 313 70 21 större
843 311 90 22 trafiken
949 313 29 24 är,

153 340 90 21 emedan
259 340 27 22 de
301 340 82 22 fördela
398 341 33 27 sig
445 342 29 27 pä
489 343 32 20 ett
536 341 71 22 större
622 342 59 21 antal
697 342 95 21 centner.
822 341 73 22 Skulle
906 339 74 28 sjelfva

153 368 118 28 forslingen
290 369 23 21 af
328 371 127 20 trävarorna
472 370 8 21 i
501 371 40 21 och
560 370 34 22 för
612 371 34 26 sig
663 377 53 15 vara
734 369 202 27 förlustbringande,
953 369 27 20 då

154 397 70 22 skulle
247 399 104 20 motsatta
372 399 117 22 resultatet
511 399 90 28 uppstå;
623 405 50 16 men
688 399 26 21 så
729 401 24 19 är
767 399 48 21 icke
830 397 149 26 förhållandet,

153 426 130 22 åtminstone
306 427 67 27 enligt
396 427 40 21 den
455 427 84 27 uppgift
558 434 46 15 som
620 427 179 28 jernvägschefen
818 427 86 21 lemnat.
934 426 46 21 Den

153 454 68 22 finnes
242 461 30 15 nu
294 455 48 22 icke
364 456 33 21 till
418 456 76 27 hands,
511 463 49 15 men
582 456 44 22 kan
647 458 111 25 presteras
775 462 34 15 om
824 456 25 21 sä
863 455 116 27 päfordras.

153 483 43 27 Jag
210 484 71 21 mäste
297 484 83 22 derföre
395 484 94 22 vidhälla
504 487 34 20 att
553 486 110 21 utskottet
677 485 57 22 varit
749 485 5 21 i
772 484 33 22 sin
820 485 55 27 goda
889 486 51 24 rätt,
953 483 28 22 dä

154 512 36 21 det
204 512 100 22 framhöll
317 513 127 27 betydelsen
459 514 22 21 af
495 514 185 22 trävarurörelsen
697 514 30 27 pä
744 514 52 21 vära
815 514 72 25 banor,
905 512 75 22 ätmin-

153 542 62 20 stone
230 541 70 21 under
315 542 25 21 de
356 541 68 23 första
438 542 62 22 tiotal
516 543 58 21 åren.
604 543 44 21 Det
662 543 44 21 kan
722 542 71 22 hända
808 544 33 20 att
855 541 125 27 skogarne
968 537 16 35 i

153 575 26 15 en
192 568 88 23 framtid
295 570 67 28 nägot
376 570 72 29 aftaga
463 572 41 21 och
521 574 127 20 trävarorna
662 572 49 21 icke
727 578 59 15 mera
801 571 28 21 dä
848 571 86 21 komma
948 571 33 20 att

152 597 57 27 gifva
221 598 143 28 jernvägarne
380 600 25 21 sä
420 601 89 27 mycken
525 601 169 27 sysselsättning
710 606 46 15 som
771 600 112 25 härintills,
899 605 48 15 men
959 598 21 22 vi

152 626 62 22 skola
229 627 83 28 hoppas
328 630 34 20 att
376 629 68 22 under
459 630 41 21 den
515 630 59 21 tiden
589 630 67 21 andra
665 629 102 27 näringar
777 629 65 21 hinna
851 628 130 28 uppkomma

152 656 72 21 säsom
247 657 132 27 ersättning;
402 658 32 21 till
457 665 27 15 en
499 658 76 27 början
591 660 23 20 är
630 658 38 22 det
682 658 85 27 ganska
781 658 77 26 vigtigt
879 657 41 21 och
934 657 45 26 bra,

153 690 35 16 om
210 691 50 15 :man
282 685 38 22 har
342 688 98 20 trävaror
462 689 33 19 att
516 688 149 26 transportera
686 688 30 26 pä
734 686 51 22 våra
797 686 120 28 jernvägar.
947 686 32 20 De

152 713 89 22 dernäst
256 714 115 27 vigtigaste
386 716 117 22 artiklarne
519 718 38 20 äro
572 716 97 27 spanmä!
685 716 42 21 och
744 715 57 27 mjöl.
831 715 44 21 Det
893 716 24 20 är
931 714 49 21 med

154 742 104 22 särskildt
280 743 101 22 afseende
404 744 28 28 pä
454 745 65 21 dessa
535 745 90 21 artiklar
641 744 19 22 d.
676 751 20 15 v.
714 750 17 15 s.
748 746 96 19 trävaror
859 745 56 20 samt
929 742 51 28 mjöl

153 771 41 21 och
218 772 103 26 spanmäl,
345 778 47 16 som
414 774 108 21 utskottet
544 773 60 22 öfver
625 772 82 23 hufvud
726 774 59 26 taget
800 772 95 22 förordat
910 772 70 22 banan

153 798 47 22 frän
216 800 38 22 det
272 800 46 22 inre
339 801 75 22 landet
429 802 32 21 till
476 802 85 26 kusten,
577 804 53 20 utan
650 804 33 20 att
701 801 76 22 dervid
793 801 45 22 afse
853 801 67 27 nägot
934 802 45 20 sär-

153 828 67 22 skildt
243 829 63 22 ställe
329 829 23 22 af
371 830 85 22 kusten.
487 831 41 21 Om
549 838 50 14 man
615 831 77 21 tänker
708 830 34 27 sig
758 836 26 16 en
796 830 89 28 jernväg
901 830 79 26 dragen

152 857 93 27 paralelt
259 858 49 22 med
330 858 86 28 kusten,
434 862 33 24 10,
491 862 26 19 15
533 860 53 21 eller
601 862 27 19 20
645 861 61 20 verst
722 859 52 21 eller
789 861 57 19 ännu
861 864 58 16 mera
933 858 46 21 frän

153 886 125 22 densamma
293 887 40 21 och
349 888 66 21 sedan
432 888 76 22 tänker
523 888 34 28 sig
573 895 26 15 en
615 895 70 15 annan
698 888 92 27 jernväg
805 894 46 15 som
861 887 61 27 löper
931 893 48 21 per-

152 914 140 27 pendikulärt
306 916 54 21 ifrän
375 916 79 22 kusten
469 917 47 21 inät
530 918 80 25 landet,
627 918 25 20 sä
668 917 57 21 skall
740 917 29 27 pä
783 917 40 21 den
839 916 58 22 förra
911 918 68 24 vägen

152 942 133 23 förekomma
300 944 97 29 hvarken
409 947 98 20 trävaror
522 946 53 21 eller
594 946 104 27 spanmäl.
730 945 84 26 Skogar
834 944 68 22 finnas
920 950 58 15 nem-

152 971 58 27 ligen
225 972 49 22 icke
288 979 59 15 mera
361 973 8 22 i
383 974 146 27 Österbotten,
546 974 112 22 hvaremot
676 973 99 28 spanmäl
793 973 68 22 finnes
883 973 33 21 uti
938 973 41 21 alla

152 1000 98 27 socknar,
267 1001 40 22 och
322 1002 26 27 ju
365 1004 98 21 närmare
482 1003 86 26 kusten,
588 1003 50 22 dess
657 1009 66 15 mera.
754 1003 42 20 Det
814 1002 113 27 föreligger
944 1002 35 21 sä-

152 1028 68 23 lunda
234 1029 64 28 ingen
313 1030 165 29 nödvändighet,
495 1034 32 19 att
541 1032 68 21 forsla
624 1031 99 28 spanmäl
738 1031 54 22 ifrån
807 1031 80 27 Lappo,
898 1030 79 26 Ilmola,

152 1063 48 16 som
218 1058 63 22 deraf
294 1059 68 22 under
377 1061 57 26 goda
456 1061 23 21 är
501 1060 64 22 hafva
581 1060 108 27 öfverflöd,
707 1060 34 21 till
756 1059 106 28 Kalajoki,
879 1059 102 28 Siikajoki

152 1086 54 22 eller
228 1087 104 28 Limingo,
348 1088 73 22 hvilka
442 1089 76 28 sjelfva
532 1089 73 22 kunna
621 1089 65 22 afläta
702 1089 24 21 af
744 1089 69 21 denna
828 1094 62 20 vara;
906 1089 37 20 det
957 1090 25 19 är

152 1115 87 22 derföre
255 1116 48 22 icke
318 1117 76 27 troligt
409 1119 33 20 att
456 1118 29 27 pä
500 1125 27 14 en
540 1118 97 27 jernväg,
654 1124 48 15 som
723 1117 40 27 går
777 1117 7 21 i
799 1117 66 22 sådan
881 1117 100 26 riktning,

152 1143 74 28 nägon
248 1145 96 26 spanmäl
366 1146 96 22 kommer
484 1148 33 20 att
533 1148 165 25 transporteras.
731 1146 130 27 Skogsvirke
876 1145 42 22 kan
933 1145 48 21 icke

152 1172 70 22 heller
237 1173 161 28 ifrägakomma,
414 1175 91 22 emedan
524 1175 63 22 deraf
602 1175 48 22 icke
669 1175 77 21 finnes.
776 1175 93 21 Alldeles
889 1175 92 20 tvärtom

152 1203 25 19 är
193 1201 144 23 förhällandet
351 1204 50 21 med
416 1210 26 15 en
456 1204 90 27 jernväg
561 1210 46 15 som
621 1204 62 27 löper
698 1203 49 22 frän
762 1203 37 22 det
809 1203 46 21 inre
865 1203 73 21 landet
948 1202 33 21 till

152 1229 88 22 kusten.
278 1231 132 22 Kustlandet
435 1233 40 21 har
495 1233 98 27 spanmäl
615 1233 41 21 och
678 1232 82 22 saknar
782 1232 60 26 skog,
867 1231 60 22 såväl
949 1231 32 21 till

151 1258 91 23 bränsle
257 1265 47 16 som
307 1254 57 40 till;
367 1254 96 40 utförsel],
479 1261 112 22 hvaremot
610 1262 38 21 det
666 1261 48 22 inre
733 1261 74 21 landet
822 1261 48 21 icke
884 1260 40 21 har
938 1260 43 21 till-

150 1287 94 27 räckligt
260 1289 97 26 spanmäl
372 1296 49 15 men
437 1290 97 21 deremot
548 1290 40 21 har
603 1290 55 27 skog
679 1291 35 20 att
730 1289 70 22 afläta.
829 1289 44 22 Det
890 1289 91 27 uppstår

149 1315 86 23 säledes
259 1323 27 15 en
309 1318 79 21 dubbel
412 1318 74 27 trafik;
509 1325 50 15 man
581 1318 33 22 för
636 1319 133 27 skogsvaror
784 1318 42 21 ned
841 1317 41 22 och
897 1318 84 21 hemtar

149 1345 98 26 spanmäl
262 1352 51 21 upp.
342 1347 44 21 Det
402 1347 99 22 anfördes
517 1347 74 22 vidare
605 1347 23 22 af
639 1347 51 22 herr
706 1347 125 26 Lagerborg
847 1348 33 19 att
891 1352 89 21 person-

149 1373 91 22 trafiken
256 1375 70 22 skulle
340 1375 67 22 blifva
422 1376 26 21 sä
462 1376 86 27 mycket
563 1383 57 14 mera
636 1376 105 27 betydlig.
771 1376 44 21 Det
829 1377 24 19 är
868 1375 54 22 visst
936 1376 44 20 tro-

148 1401 40 28 ligt
210 1405 33 20 att
266 1403 70 22 denna
357 1403 64 22 trafik
444 1405 70 22 skulle
536 1404 65 22 blifva
624 1406 79 25 större,
724 1404 124 27 isynnerhet
863 1409 35 16 om
910 1404 70 21 banan

149 1431 77 26 drages
248 1433 99 21 närmare
369 1433 90 27 kusten;
483 1440 48 15 men
549 1440 50 15 man
615 1439 64 16 anser
696 1435 34 19 att
746 1433 37 21 det
797 1432 126 28 lyckligaste
938 1432 42 21 för-

147 1459 112 22 hällandet
273 1461 34 21 för
322 1468 27 14 en
362 1462 91 27 jernväg
469 1464 23 19 är
508 1463 42 25 det,
567 1463 28 20 dä
614 1461 149 28 godstrafiken
782 1463 65 25 utgör
861 1462 26 19 70
897 1462 26 25 %
940 1461 40 21 och

147 1488 173 26 persontrafiken
335 1491 27 20 30
374 1490 33 26 %.
438 1491 43 21 Det
497 1492 24 20 är
536 1490 71 22 dertill
621 1497 49 15 man
687 1489 100 27 sträfvar,
803 1489 102 22 hvarutaf
917 1489 62 27 följer

148 1518 33 19 att
196 1516 38 22 det
249 1519 25 19 är
289 1518 152 27 godstrafiken,
458 1525 46 15 som
519 1526 50 14 man
585 1526 63 14 anser
663 1525 54 15 vara
733 1519 40 21 den
791 1518 112 27 vigtigare.
933 1518 46 21 Hos

148 1550 36 17 oss
208 1545 60 23 delar
290 1547 33 28 sig
345 1546 91 23 trafiken
458 1548 90 28 ungefär
563 1548 32 22 till
610 1547 84 23 hälften
710 1547 89 23 emellan
815 1552 103 23 personer
938 1547 41 22 och
