1070 1739
202 137 41 20 472
486 139 39 16 Den
543 136 11 19 2
571 138 109 18 November.

174 201 101 22 beslutne
290 201 146 26 förändringar
452 201 40 22 och
507 201 50 21 med
573 200 125 22 utfästande
714 200 24 22 af
751 201 37 21 det
802 200 75 27 vilkor,
889 205 45 16 som
945 199 7 21 i
963 199 38 22 det

176 229 22 22 af
214 230 87 21 ståndet
317 236 51 21 nyss
384 231 94 26 antagna
493 229 219 27 tilläggsstadgandet
728 229 125 26 innehålles,
871 228 51 22 eller
936 228 63 22 icke?

175 259 53 26 Den,
241 265 46 15 som
304 259 36 22 vill
356 259 114 26 godkänna
483 258 243 27 författningsförslaget
741 259 48 20 med
804 257 139 22 förenämnda
957 257 42 22 för-

176 287 114 27 ändringar
305 288 41 21 och
360 287 93 22 berörda
469 287 74 26 vilkor,
560 293 74 15 svarar
646 287 34 27 ja;
696 287 42 21 den
754 287 37 22 det
806 287 48 21 icke
870 286 42 25 vill,
926 292 74 16 svarar

174 316 42 27 nej.
246 316 80 21 Vinner
340 316 41 27 nej,
398 318 24 19 är
436 317 67 26 sagde
517 315 220 28 författningsförslag
747 316 7 21 i
765 316 49 21 dess
825 315 75 22 helhet
909 315 23 22 af
940 315 59 22 stån-

175 345 37 21 det
226 344 142 22 förkastadt*.

243 379 34 22 Då
294 379 35 22 vid
349 379 93 22 anställd
459 379 98 27 votering
577 379 44 22 lika
640 379 59 22 antal
714 380 71 21 röster
801 378 93 29 afgifvits
909 378 33 23 för
956 379 43 22 för-

175 407 82 27 slagets
274 408 155 26 godkännande
445 408 40 21 och
501 407 145 27 förkastande,
663 415 49 14 men
728 408 41 21 den
785 407 84 27 aflagda
881 408 118 26 voterings-

176 436 73 22 sedeln
269 436 88 22 befanns
376 437 108 21 innehålla
505 438 32 20 ett
553 436 164 28 godkännande,
734 436 45 22 blef
791 436 134 28 följaktligen
940 436 59 22 stån-

176 465 48 21 dets
240 464 108 23 definitiva
362 466 79 26 beslut,
458 467 33 20 att
503 466 151 21 meranämnde
665 464 220 28 författningsförslag
894 466 49 21 med
954 466 45 21 deri

175 493 24 22 af
212 494 88 22 ståndet
314 494 75 27 gjorda
404 494 149 27 förändringar
569 495 40 21 och
624 495 49 21 med
688 494 131 28 ofvansagde
830 494 69 22 vilkor
910 494 22 22 af
941 495 58 21 stån-

176 522 36 22 det
227 522 131 27 godkändes.

244 557 105 27 Slutligen
372 558 125 26 godkändes
519 558 103 27 enhälligt
642 558 120 21 utskottets
784 558 13 20 å
814 564 63 21 pagg.
894 559 82 21 22—23
992 558 7 21 i

175 586 147 22 betänkandet
336 586 32 21 till
384 586 118 22 ständerna
517 587 76 27 gjorda
609 586 135 22 hemställan.

245 616 33 20 att
295 615 188 27 Borgareståndet,
503 616 50 21 med
572 615 114 28 afböjande
704 615 24 21 af
746 615 253 22 Ständerhusutskottets

175 644 297 27 sammanjemkningsförslag
486 644 7 21 i
508 644 75 27 frågan
599 650 34 16 om
648 644 134 28 uppförande
790 644 23 21 af
823 645 32 21 ett
865 644 133 27 ständerhus,

175 672 105 22 vidblifvit
296 672 25 22 de
336 673 72 21 beslut
423 673 87 22 ståndet
525 673 58 22 förut
597 674 7 20 i
620 673 66 22 saken
701 673 74 27 fattat;
792 675 57 19 samt

244 702 33 20 att
291 702 184 26 Borgareståndet
489 702 97 27 godkänt
601 703 156 20 sammansatta
767 702 56 26 Lag-
834 702 41 22 och
884 702 115 21 Ekonomi-

175 730 119 22 utskottets
310 730 135 22 betänkande
460 731 8 21 i
483 730 116 28 anledning
613 730 23 22 af
652 731 80 27 nådiga
751 730 166 28 propositionen,
934 731 65 27 angå-

174 758 55 22 ende
244 758 124 28 förändring
383 759 23 21 af
424 760 26 21 de
470 760 49 21 med
541 760 116 26 Kuusamo,
680 759 125 22 Kemiträsk
821 759 41 22 och
877 760 122 27 Kuolajärvi

174 787 121 22 socknebor
309 788 107 22 afslutade
433 788 190 28 knektekontrakt,
634 788 50 22 med
694 788 116 28 ändringar
820 788 7 22 i
836 788 163 22 nedannämnda

174 815 66 28 delar,
256 816 115 28 nemligen:

244 850 49 28 1:0).
322 852 42 21 För
378 851 69 22 första
461 852 97 27 punkten
573 852 68 22 under
660 852 70 22 första
749 851 199 23 hufvudmomentet
962 858 37 16 an-

174 880 49 26 togs
239 879 94 28 följande
348 880 127 22 förändrade
491 881 91 27 lydelse:

244 910 46 24 »att
308 909 136 27 provisionell
465 909 109 28 afrösning
591 910 33 22 för
639 910 95 21 kronans
750 909 91 27 räkning
856 909 54 22 skall
925 910 38 21 ske
979 909 23 22 af

173 936 28 21 all
218 936 41 22 den
274 938 60 21 mark
352 938 57 21 inom
427 938 92 21 berörda
538 938 98 27 socknar,
656 945 47 15 som
724 938 42 21 kan
786 938 131 27 öfverblifva,
933 938 67 21 sedan

173 965 286 28 samfällighetsdelegarene
473 967 76 21 främst
565 967 18 28 ej
601 967 83 22 mindre
702 966 35 22 för
753 967 62 21 deras
836 967 110 21 hemmans
960 973 40 15 nu-

172 995 95 20 varande
282 995 86 26 mantal,
385 997 27 20 än
426 995 33 22 för
475 995 26 22 de
521 996 112 27 nybyggen
650 996 40 21 och
705 997 57 26 torp,
781 995 74 22 hvilka
875 995 53 22 efter
942 995 58 28 pröf-

172 1022 52 27 ning
238 1023 73 22 kunna
326 1024 58 21 bilda
406 1024 167 27 sjelfbestående
594 1025 134 26 lägenheter,
748 1024 41 21 fått
809 1024 34 27 sig
861 1024 140 27 provisionelt

174 1051 100 22 tilldelad
292 1052 93 22 blandad
404 1053 99 22 skattbar
521 1053 41 22 och
584 1053 86 22 skattfri
688 1053 63 22 mark
767 1053 54 21 efter
835 1053 119 27 beräkning
968 1053 32 21 uti

171 1079 113 23 Kuusamo
300 1081 40 22 och
355 1081 125 28 Kuolajärvi
495 1082 92 21 socknar
602 1081 23 22 af
640 1083 78 26 12,000
734 1082 104 21 tunnland
857 1082 40 21 och
910 1082 31 21 uti
956 1082 43 21 Ke-

170 1109 92 21 miträsk
282 1110 79 21 socken
380 1109 24 22 af
420 1112 63 25 8,000
501 1111 104 21 tunnland
623 1111 28 26 på
669 1111 75 26 hvarje
761 1110 141 27 provisionelt
920 1111 80 21 mantal

172 1139 57 20 samt
244 1138 7 21 i
266 1137 134 23 förhållande
416 1139 93 22 derefter
524 1139 13 21 å
552 1139 114 28 nybildade
680 1139 85 22 mindre
778 1139 146 27 lägenheter".

240 1172 51 27 2:0).
321 1173 47 21 Den
384 1173 78 22 nionde
477 1173 97 27 punkten
589 1174 69 21 under
673 1179 84 16 samma
771 1173 183 27 hufvudmoment,
969 1174 30 27 ly-

172 1200 80 21 dande:
284 1202 44 23 ,att
357 1202 41 21 den
424 1202 151 27 provisionella
601 1202 139 27 afrösningen
765 1202 48 22 icke
843 1202 55 21 skall
923 1203 78 26 utgöra

170 1228 78 22 hinder
266 1229 34 22 för
319 1230 68 21 sådan
407 1237 70 15 annan
493 1231 121 27 fördelning
632 1231 24 22 af
668 1231 91 22 marken
775 1237 77 21 genom
868 1231 132 22 storskiftes-

170 1257 164 28 förrättningen,
356 1265 47 15 som
422 1259 73 22 dervid
513 1259 43 22 kan
575 1259 68 23 finnas
660 1260 22 22 af
695 1260 216 27 omständigheterna
926 1260 74 27 påkal-

170 1285 58 28 lad”,
245 1287 70 22 skulle
330 1287 58 28 utgå.

239 1321 51 27 3:0).
321 1321 168 23 Slutmomentet
514 1323 7 20 i
549 1323 119 22 utskottets
696 1323 139 22 betänkande
865 1322 135 23 förkastades

170 1348 23 21 af
206 1349 190 28 Borgareståndet,
414 1357 45 16 som
474 1351 7 21 i
497 1351 74 22 stället
585 1351 73 22 beslöt
672 1353 34 20 att
722 1351 7 22 i
745 1351 36 22 det
795 1351 148 28 underdåniga
953 1357 47 16 sva-

168 1379 35 19 ret
217 1378 29 26 på
262 1378 41 22 den
318 1379 78 27 nådiga
411 1380 161 27 propositionen
588 1380 70 22 skulle
674 1380 36 22 vid
726 1380 83 22 bifallet
824 1380 32 21 till
867 1380 133 21 knektekon-

168 1406 100 22 traktens
284 1407 150 28 upphäfvande
454 1409 67 21 fästas
537 1409 38 21 det
589 1409 112 27 förbehåll,
723 1411 33 19 att
772 1409 36 21 vid
826 1409 106 22 blifvande
948 1411 52 20 stor-

168 1434 66 22 skifte
255 1435 23 21 af
296 1435 162 29 ifrågavarande
479 1437 98 26 socknar,
597 1438 49 21 med
663 1437 104 23 afseende
783 1437 13 22 å
812 1437 75 22 dessas
903 1437 98 28 nordliga

168 1463 51 26 läge
235 1464 42 20 och
292 1465 148 27 egendomliga
456 1465 147 22 förhållanden
618 1467 8 20 i
639 1466 71 27 öfrigt,
724 1468 32 20 ett
765 1466 68 27 högre
844 1467 77 26 belopp
932 1467 68 21 skatt-

168 1491 55 22 bara
237 1493 92 27 marker,
346 1496 27 19 än
388 1494 57 21 hvad
460 1494 282 28 landtmäterireglementet
758 1494 23 22 af
795 1495 42 21 den
853 1496 26 20 15
890 1495 42 27 Maj
946 1496 53 20 1848

169 1520 126 28 medgifver,
311 1522 54 22 skall
381 1522 65 22 dessa
464 1524 92 21 socknar
575 1523 106 28 tilläggas,
702 1523 111 22 äfvensom
829 1525 33 20 att
877 1524 78 26 skäligt
970 1523 30 22 af-

170 1550 82 22 seende
269 1550 72 23 dervid
357 1552 39 21 bör
411 1551 68 22 fästas
495 1552 13 21 å
523 1552 186 23 socknemännens
729 1552 67 22 behof
810 1552 23 22 af
849 1552 104 28 rättighet
968 1552 32 22 till
