1070 1739
404 127 40 18 Den
463 126 6 19 1
490 127 105 18 December.
843 125 41 20 895

93 190 111 23 utskottet
218 192 46 21 mot
278 189 90 23 trafiken
384 190 81 27 gjorda,
483 190 109 22 allaredan
608 196 64 21 synas
691 189 65 22 hafva
769 190 74 22 vunnit
857 190 62 22 Jern-

91 221 172 26 vägsstyrelsens
279 219 39 21 och
338 219 138 27 regeringens
497 219 123 22 beaktande
636 221 15 20 t.
668 225 19 16 o.
704 225 34 21 m.,
755 219 62 21 innan
834 219 83 22 utskot-

90 250 43 20 tets
148 248 80 28 förslag
243 248 101 27 förelagts
360 247 123 22 ständerna.

159 306 71 21 Sedan
247 305 89 22 sälunda
351 305 227 28 Jernvägsutskottets
593 305 154 22 betänkanden
766 305 57 21 N:ris
847 306 9 19 1
878 304 39 22 och

91 337 12 19 3
119 334 69 22 blifvit
210 334 184 26 slutbehandlade,
418 334 95 27 företogs
536 335 32 21 till
585 334 124 21 diskussion
725 340 80 15 samma
820 333 96 22 utskotts

90 363 136 22 betänkande
241 363 40 21 N:o
297 365 18 24 2,
331 363 7 21 i
355 363 114 27 anledning
485 363 24 21 af
522 363 106 22 särskilda
644 363 33 21 till
694 362 115 28 höglofliga
826 362 90 21 stånden

93 393 109 26 angäende
215 392 227 27 jernvägsbyggnader
461 392 122 22 inlemnade
598 392 124 27 petitioner,
742 391 23 22 af
781 391 80 22 hvilket
880 391 36 21 be-

91 421 108 21 tänkande
220 423 10 18 1
252 427 61 15 mom.
330 421 112 26 angäende
457 427 25 15 en
499 421 233 27 jernvägsanläggning
748 420 89 22 emellan
853 419 62 22 Uleä-

92 450 53 26 borg
160 450 40 21 och
216 449 54 22 Uleä
285 449 58 21 träsk
359 449 32 21 till
406 448 55 22 först
476 448 119 28 föredrogs.

159 478 97 22 Friherre
279 478 72 27 Boije
373 478 86 27 yttrade
480 484 35 16 om
538 478 61 22 detta
622 478 120 21 utskottets
764 477 89 27 förslag:
884 476 32 22 Dä

91 507 159 27 Ridderskapet
272 507 39 21 och
332 506 69 22 Adeln
423 507 7 21 i
452 507 39 27 gär
513 507 40 21 har
574 506 65 22 fattat
665 507 73 21 beslut
762 508 32 20 att
820 506 96 22 använda

91 536 133 27 tillgängliga
240 535 68 22 medel
327 536 3 20 i
344 536 276 21 kommunikationsfonden
636 536 33 21 till
686 542 26 15 en
730 535 186 28 jervägsbyggnad

92 565 89 21 emellan
196 564 141 22 Tammerfors
354 564 39 22 och
408 564 148 22 Nikolaistads
573 564 82 27 städer,
672 564 25 22 sä
713 570 62 16 anser
788 564 37 28 jag
832 564 33 22 för
873 564 42 21 min

91 594 34 21 del
145 596 33 19 att
196 594 26 21 de
242 593 118 21 materiella
375 599 98 15 resurser
486 600 47 15 som
543 593 121 27 förefinnas,
681 593 48 21 icke
745 593 52 21 böra
812 593 102 27 splittras,

91 625 52 19 utan
166 622 69 22 skulle
257 622 35 28 jag
310 622 33 21 för
360 622 44 21 min
424 622 34 21 del
479 622 34 22 för
532 623 69 21 denna
621 622 57 27 gäng
694 622 72 21 enkelt
781 622 49 27 vilja
843 620 73 28 afböja

92 652 37 21 det
143 650 187 28 petitionsförslag,
347 651 32 21 till
394 651 81 21 hvilket
490 652 110 21 utskottet
614 651 119 27 tillstyrker
748 650 57 22 bifall
822 650 52 22 eller
889 656 26 15 en

92 680 126 22 subvention
235 679 22 22 af
271 682 12 18 4
298 680 97 27 miljoner
409 680 60 21 mark
486 680 33 22 för
531 680 40 22 den
582 680 124 27 föreslagna
715 680 69 21 banan
794 679 46 21 frän
851 679 64 21 Uleä-

91 709 65 27 borgs
172 709 48 21 stad
235 708 32 22 till
283 708 53 22 Uleä
350 709 68 21 träsk.

158 738 57 21 Herr
233 744 40 15 von
293 737 115 22 Hellens:
439 738 32 20 En
491 738 52 21 ärad
563 738 68 21 talare
649 737 57 21 inom
722 737 60 21 detta
797 736 64 22 ständ
876 736 39 21 har

92 766 24 22 sä
130 766 118 27 fierfaldiga
263 766 79 27 gånger
357 766 41 22 och
412 766 8 21 i
436 766 119 22 olikartade
571 766 72 27 frågor
663 768 108 20 omnämnt
787 765 39 22 och
841 765 73 21 hänvi-

92 798 34 18 sat
148 795 32 21 till
203 795 177 21 Statsutskottets
404 795 107 21 allmänna
533 795 230 27 anslagsbetänkande,
784 794 25 22 sä
827 796 33 20 att
877 794 38 27 jag

92 824 68 21 mäste
176 824 95 21 erkänna
286 826 32 19 att
332 824 123 26 derigenom
470 824 42 21 hos
532 824 43 27 mig
595 824 75 21 väckts
691 830 25 15 en
732 824 43 21 viss
791 823 125 27 spännings-

92 852 38 22 full
145 852 112 22 förväntan
272 852 28 27 pä
315 852 40 22 den
372 853 48 25 dag,
440 852 26 21 dä
489 852 38 22 det
545 852 70 22 blefve
636 852 64 22 allom
716 852 102 22 beskärdt
833 854 32 19 att
880 853 38 20 ösa

92 888 26 14 ur
133 882 69 21 denna
217 881 157 22 visdomskälla.
405 881 76 21 Denna
498 881 41 27 dag
557 882 40 20 har
611 882 82 21 inträdt
712 882 40 21 och
770 880 147 22 betänkardet

95 912 23 20 är
132 910 54 22 efter
200 912 53 20 nära
267 916 41 20 nog
324 910 56 21 elfva
394 910 115 22 mänaders
525 912 80 20 väntan
620 910 117 27 framlagdt
751 910 55 21 inom
823 909 92 22 ständet.

94 940 42 25 Jag
153 939 39 21 har
211 939 67 21 ocksä
292 940 6 19 i
315 939 68 21 denna
402 938 59 27 fräga
477 940 67 20 vändt
563 939 43 27 mig
624 939 33 20 till
677 938 146 22 betänkandet
837 938 32 21 för
885 940 32 19 att

94 967 63 22 vinna
179 967 132 28 upplysning,
334 974 49 15 men
405 967 40 21 har
467 967 84 28 fäfängt
570 967 108 22 efterletat
693 967 66 26 nägot
773 967 37 22 ord
826 966 90 23 rörande

94 997 37 20 det
145 995 23 22 af
176 996 213 27 Jernvägsutskottet
398 995 124 28 föreslagna
538 997 74 26 anslag
622 996 33 21 för
666 997 63 21 banan
742 996 53 21 ifrän
809 995 107 27 Uleäborg

94 1025 31 21 till
134 1025 54 22 Uleä
202 1025 68 21 träsk.
300 1025 40 27 Jag
354 1025 36 21 vill
406 1025 118 26 ingalunda
539 1031 38 16 ens
593 1025 117 22 förutsätta
724 1027 33 20 att
772 1024 144 22 Statsutskot-

95 1056 36 24 tet,
147 1055 77 20 medan
240 1054 36 21 det
286 1053 118 22 handskats
414 1053 49 22 med
479 1056 62 19 stora
556 1060 100 20 summor,
674 1054 69 21 skulle
758 1053 99 22 förbisett
865 1053 52 21 eller

94 1083 105 26 uteglömt
214 1083 68 21 denna
298 1084 55 26 post.
382 1083 76 26 Nägon
476 1089 71 15 annan
563 1083 63 21 orsak
642 1083 69 22 mäste
727 1083 33 21 väl
775 1082 72 21 dertill
861 1081 56 22 före-

94 1111 74 22 finnas.
198 1112 45 27 Mig
257 1112 39 21 har
311 1111 36 22 det
363 1110 77 26 endast
450 1111 103 22 förefallit
568 1112 146 27 besynnerligt
722 1113 33 20 att
764 1117 25 16 en
803 1112 56 26 post,
871 1117 46 15 som

95 1140 22 21 af
130 1142 31 20 ett
176 1140 210 27 Landtdagsutskott
400 1139 69 22 blifvit
492 1141 111 27 tillstyrkt,
626 1141 48 21 icke
697 1140 48 22 med
765 1141 32 20 ett
816 1139 38 22 ord
873 1146 43 15 om-

94 1171 83 20 nämnts
192 1169 7 21 i
215 1169 60 22 detta
290 1169 231 27 anslagsbetänkande.
552 1169 86 22 Kanske
654 1171 33 20 att
702 1169 69 28 nägon
787 1168 23 22 af
824 1168 93 22 Statsut-

95 1198 93 21 skottets
210 1198 130 21 närvarande
363 1197 141 22 medlemmar
525 1198 43 21 kan
591 1198 70 21 lemna
681 1198 126 28 upplysning
822 1197 7 21 i
845 1197 72 26 saken,

92 1227 37 27 jag
143 1227 33 21 för
192 1227 43 21 min
253 1227 34 21 del
305 1227 97 21 afvaktar
419 1227 71 21 denna
506 1227 133 27 upplysning.

162 1255 56 22 Herr
233 1255 141 22 Mechelin:
405 1255 10 21 I
436 1255 182 22 Statsutskottets
637 1255 223 28 anslagsbetänkande
877 1254 41 21 N:o

97 1286 25 19 12
148 1283 68 22 finnes
248 1283 131 22 beträffande
404 1284 71 21 medel
502 1284 33 22 för
558 1285 186 27 jernvägsföretag
772 1283 91 28 afgifven
891 1289 26 15 en

95 1313 133 28 upplysande
244 1313 122 27 beräkning,
378 1313 112 26 angäende
501 1313 286 22 kommunikationsfondens
798 1312 120 27 tillgängar,

95 1344 51 19 utan
162 1343 33 20 att
209 1341 107 22 utskottet
331 1342 73 21 dervid
418 1341 73 27 ingätt
507 1342 6 21 i
529 1342 89 27 specielt
632 1341 82 28 förslag
730 1348 39 20 om,
785 1341 32 21 till
832 1340 86 21 hvilken

95 1371 52 21 eller
161 1371 72 20 hvilka
245 1370 225 27 jernvägsbyggnader
487 1371 64 21 dessa
562 1371 78 27 belopp
650 1371 68 21 borde
728 1373 62 24 tagas
801 1370 7 21 i
818 1369 99 27 anspräk.

95 1399 34 22 Då
143 1399 91 22 rörande
250 1399 40 21 alla
302 1399 175 27 jernvägsfrägor
494 1399 104 22 särskildt
613 1400 85 21 utskott
712 1399 55 22 varit
785 1398 78 21 tillsatt
878 1397 40 22 och

96 1428 106 21 särskilda
216 1428 149 21 betänkanden
380 1427 84 27 afgifna,
476 1429 55 20 utan
540 1430 32 19 att
580 1428 66 27 nägot
654 1428 72 21 beslut
734 1431 56 18 ännu
802 1425 83 27 fattats,
895 1425 25 22 sä

95 1457 61 21 torde
171 1457 37 21 det
222 1457 34 20 väl
271 1458 94 19 närmast
380 1457 119 20 ankommit
515 1457 12 21 &
538 1457 170 21 Statsutskottet
716 1459 33 19 att
759 1456 55 21 blott
824 1455 96 21 beräkna

95 1485 40 21 och
151 1485 95 27 uppvisa,
262 1484 56 22 hvad
332 1484 277 23 kommunikationsfonden
624 1485 42 21 kan
682 1484 68 22 under
760 1484 40 21 den
811 1485 108 20 närmaste

95 1513 115 22 framtiden
226 1513 72 22 förmä.
328 1513 122 21 Tillikahar
465 1514 111 21 utskottet
584 1514 80 21 uttalat
672 1514 32 26 sig
713 1514 81 20 emotse
803 1514 39 25 att,
853 1512 67 22 sedan

95 1542 76 27 nådiga
193 1542 159 27 propositionen
376 1541 113 27 angående
513 1542 139 27 jernvägarne
676 1540 69 23 blifvit
763 1540 22 22 af
803 1542 117 20 ständerna
