1070 1739
400 131 39 20 Den
456 129 26 20 29
499 129 110 21 November.
848 132 41 22 773

89 195 85 28 skogar,
190 195 66 22 blifva
271 195 31 21 uti
318 195 31 21 sin
367 196 128 26 eganderätt
510 195 94 22 kränkta
620 202 34 15 om
671 197 26 20 de
717 197 88 22 hindras
824 198 47 22 från
887 199 32 20 att

89 224 143 27 tillgodogöra
248 224 32 26 sig
296 224 136 21 existerande
447 225 108 26 naturliga
575 227 90 24 utvägar
681 227 32 19 att
729 226 74 27 bringa
819 228 48 21 sina
881 233 37 15 va-

89 259 36 15 ror
141 253 32 22 till
187 253 137 22 marknaden.
355 253 30 26 Ty
402 254 52 19 utan
471 255 32 19 att
518 253 73 21 kunna
610 253 92 28 föryttra
721 254 56 21 hvad
799 262 37 15 ens
853 262 64 20 egen-

90 282 49 21 dom
154 283 136 26 producerar,
307 283 23 19 är
344 287 50 15 man
408 281 48 22 icke
472 282 7 20 i
495 282 126 27 ätnjutande
638 282 22 21 af
674 283 32 21 sin
717 282 53 22 fulla
783 284 135 26 eganderätt.

90 311 67 20 Detta
173 313 24 19 är
214 317 25 14 en
255 310 52 26 sida,
325 316 45 15 som
387 310 141 27 ovilkorligen
544 311 39 21 bör
598 313 64 25 tagas
678 311 6 21 i
700 312 141 21 betraktande
857 312 62 22 äfven

90 346 26 14 ur
132 339 135 28 synpunkten
284 339 21 21 af
319 345 81 15 samma
413 339 82 26 vigtiga
511 340 115 26 grundsats
640 340 38 27 jag
697 341 7 20 i
724 341 74 27 början
819 341 99 28 antydde.

92 368 46 21 Och
153 369 6 20 i
176 368 153 27 sammanhang
345 367 87 22 dermed
449 368 63 21 torde
528 369 53 20 böra
596 369 86 26 pröfvas
698 369 56 22 hvad
770 370 57 27 slags
843 370 76 27 rättig-

91 397 39 21 het
145 397 154 26 strandegarne
314 397 62 21 hafva
391 397 33 20 till
440 398 90 20 vattnet.
560 397 50 21 Man
626 397 56 22 talar
698 404 34 15 om
752 399 97 21 enskilda
861 399 59 27 jord-

93 432 75 20 egares
183 426 169 20 vattenomräde.
382 426 43 20 För
439 425 44 21 min
499 426 35 20 del
549 427 46 20 tror
607 426 39 27 jag
661 428 33 19 att
708 433 49 15 man
768 427 109 27 misstagit
887 427 33 27 sig

91 454 7 21 i
114 454 92 27 uttryck,
224 454 26 21 dä
266 460 48 15 man
329 456 49 24 sagt
394 456 32 19 att
440 454 42 21 den
499 454 96 22 enskilde
605 455 128 27 jordegaren
744 455 40 22 har
795 456 126 27 eganderätt

92 483 34 21 till
143 484 59 20 detta
218 484 167 20 vattenomräde.
415 483 33 21 De
463 483 88 26 lagbud,
561 490 46 14 som
622 484 66 21 sedan
704 484 71 27 gamla
785 485 57 21 tider
852 484 68 22 finnas

92 512 33 21 uti
140 512 162 26 ifrägavarande
318 514 68 24 ämne,
404 511 39 22 och
455 512 74 21 hvilka
543 512 7 21 i
567 512 60 22 detta
642 514 153 26 sammanhang
805 514 73 21 kunna
889 515 31 19 ta-

93 547 38 20 gas
148 541 6 20 i
171 540 167 27 skärskädande,
354 541 62 21 torde
433 540 56 27 gifva
505 541 115 27 anledning
635 541 32 21 till
682 542 40 21 den
738 542 137 28 uppfattning
889 544 33 19 att

92 569 163 27 lagstiftningen
279 576 61 15 anser
364 570 141 26 strandegare
525 576 41 20 ega
586 570 86 27 ständig
691 571 162 27 nyttjanderätt,
874 571 47 21 icke

93 598 129 27 eganderätt
243 598 33 21 till
296 600 90 20 vattnet.
417 598 68 21 Detta
500 598 69 27 ligger
585 599 111 21 dessutom
712 600 66 21 redan
794 600 7 21 i
817 602 60 20 arten
901 598 22 22 af

94 627 60 21 detta
170 626 95 27 föremäl,
282 629 90 24 vattnet,
388 627 87 21 hvarom
492 627 40 21 här
547 630 24 18 är
586 627 65 27 fräga.
678 628 48 21 Man
738 628 62 22 torde
811 629 111 21 dessutom

93 656 67 21 ocksä
174 656 49 21 med
238 656 85 26 rättslig
339 656 99 26 giltighet
453 656 74 21 kunna
542 657 65 26 pästä
625 658 32 20 att
670 656 70 22 denna
755 658 166 26 strandegarens

93 686 44 20 rätt
152 684 48 22 icke
216 687 24 19 är
256 691 25 15 en
298 685 94 21 exklusiv
407 686 50 20 rätt.
489 685 47 21 Den
557 688 24 18 är
601 686 103 26 exklusiv,
728 686 145 26 uteslutande,
889 685 33 22 för

93 714 25 20 sä
138 714 45 21 vidt
207 714 37 20 det
267 714 66 26 gäller
356 716 14 18 t.
388 720 31 15 ex.
442 713 138 27 fiskevatten,
603 720 48 15 men
672 714 48 22 icke
736 715 25 21 sä
777 715 97 21 exklusiv
890 716 32 19 att

93 742 73 28 hvarje
182 742 140 27 strandegare
339 742 70 22 skulle
424 742 73 22 kunna
513 742 77 22 hindra
606 742 142 22 samfärdseln
763 743 59 22 öfver
837 744 36 21 det
889 743 33 21 till

93 771 54 21 hans
171 771 75 21 strand
268 772 118 26 gränsande
403 772 91 25 vattnet,
517 772 74 21 sävida
607 771 62 22 deraf
682 772 47 21 icke
745 772 69 21 skada
829 773 64 25 göres
911 771 11 21 ä

93 800 54 21 hans
162 799 62 27 fiske,
241 800 52 21 eller
308 800 126 21 vattenverk
450 806 47 15 som
513 800 42 22 han
571 800 93 27 uppfört.
696 801 38 21 Ett
749 801 76 21 sädant
835 800 87 22 betrak-

95 828 102 22 telsesätt
212 829 110 26 angäende
338 828 153 27 strandegares
508 831 45 19 rätt
567 829 63 21 torde
645 829 47 21 icke
708 829 111 22 föranleda
834 829 31 21 till
882 829 42 21 alla

95 858 26 20 de
137 859 88 25 stränga
240 858 135 26 stadganden
390 863 45 15 som
451 864 29 14 nu
498 858 23 20 af
534 858 108 21 utskottet
654 858 68 21 blifvit
732 858 123 22 förordade.
881 858 43 21 Det

95 888 23 19 är
134 886 137 27 obestridligi
285 888 32 19 att
331 886 135 27 lagstiftaren
485 886 40 22 bör
541 887 25 21 sä
581 887 77 26 stadga
674 888 33 20 att
724 887 136 27 jordegaren,
877 892 46 15 som

95 914 61 22 äfven
180 915 64 26 eljest
266 915 41 21 kan
330 914 57 22 finna
406 914 129 28 flottningen
549 915 35 21 vid
601 916 31 20 sin
650 915 74 22 strand
740 915 119 27 obehaglig,
876 915 48 21 icke

94 944 67 21 mätte
176 943 65 22 hafva
264 944 70 21 alltför
356 945 60 20 stora
439 944 119 26 omgängar
580 944 32 21 för
628 946 32 19 att
675 944 85 21 komma
775 944 32 21 till
824 944 32 21 sin
872 945 51 24 rätt,

95 973 20 20 d.
139 974 18 19 ä.
181 972 83 21 erhålla
285 972 36 21 full
346 972 120 27 ersättning
489 971 35 22 för
544 973 58 20 liden
618 973 74 20 skada.
723 973 49 21 Men
788 971 136 28 lagstiftaren

94 1001 97 21 kommer
205 1001 22 20 in
242 1001 29 26 pä
285 1001 45 21 helt
346 1003 46 25 nytt
408 1001 59 26 gebit
477 1007 37 15 om
530 1001 42 21 han
587 1001 35 22 vill
639 1001 25 22 sä
678 1001 107 26 förordna,
802 1003 33 19 att
847 1001 77 26 skogs-

95 1029 128 27 flottningen
239 1029 54 22 skall
309 1029 65 22 blifva
390 1036 26 15 en
432 1029 180 22 extra-ordinarie
628 1030 153 21 inkomstkälla
797 1029 34 22 för
839 1029 85 22 strand-

96 1064 102 21 egarene;
214 1065 49 14 man
279 1058 73 21 ställer
368 1059 32 26 sig
420 1058 47 21 icke
490 1059 30 26 pä
543 1059 40 21 den
607 1059 122 20 häfdvunna
750 1057 174 28 lagstiftningens

95 1087 75 26 grund,
188 1093 34 15 om
240 1093 49 15 man
309 1087 24 21 sä
351 1087 67 26 begär
434 1088 32 20 att
479 1087 145 27 jordegarene
648 1087 55 21 skall
725 1087 128 27 tillskyndas
868 1087 58 21 vinst

96 1115 61 22 deraf
171 1117 33 19 att
219 1122 49 15 man
283 1115 72 22 flottar
370 1115 55 22 förbi
442 1115 65 22 deras
524 1116 104 26 stränder,
648 1127 22 4 —
684 1117 32 20 att
732 1116 33 27 de,
776 1115 49 22 med
837 1117 32 20 ett
879 1115 45 26 ord,

96 1144 62 21 skola
172 1144 73 21 kunna
260 1145 100 20 beskatta
375 1144 136 27 flottningen.

164 1173 63 21 Hvad
253 1173 131 21 vidkommer
404 1173 130 21 kollisionen
558 1173 90 21 emellan
672 1172 74 22 fiskets
769 1173 94 21 intresse
886 1171 40 22 och

96 1201 134 27 flottningen,
247 1202 25 21 så
294 1202 38 21 bör
355 1201 136 27 naturligtvis
510 1202 155 27 eganderätten
688 1202 32 21 till
742 1201 65 22 fisket
825 1200 100 28 skyddas.

97 1231 44 20 Der
156 1230 115 21 förefinnes
287 1230 54 22 dock
357 1230 112 27 möjlighet
485 1232 40 24 att,
546 1231 2 20 i
566 1231 104 20 händelse
694 1230 36 21 det
752 1230 47 21 icke
822 1229 55 22 låter
893 1229 34 26 sig

96 1261 53 25 göra
164 1261 33 19 att
212 1259 114 26 tillgodose
341 1259 105 21 hvardera
461 1259 112 26 intresset,
591 1261 71 19 staten
680 1259 83 21 skrider
783 1258 92 22 emellan
890 1264 36 20 ge-

96 1294 49 15 nom
161 1288 165 26 expropriation,
336 1287 44 21 ifall
392 1288 188 21 trävarurörelsen
595 1288 58 26 uppå
668 1287 156 27 vattendragen
839 1288 40 25 gör
895 1287 33 20 ett

97 1317 77 20 sådant
190 1316 178 27 exproprierande
384 1316 135 27 nödvändigt
532 1316 32 21 för
575 1318 33 19 att
617 1316 49 21 fullt
677 1318 81 19 ersätta
768 1315 75 22 fiskets
855 1320 71 21 egare.

96 1345 9 21 I
122 1347 82 19 statens
222 1347 50 24 eget
286 1345 93 21 intresse
391 1345 68 26 ligger
475 1345 49 26 ock,
541 1347 33 19 att
589 1345 42 21 alla
647 1345 49 21 dess
712 1344 167 22 kronofiskerier
893 1343 35 20 må

96 1380 52 15 vara
163 1374 25 21 så
204 1373 98 27 gifvande
318 1379 46 16 som
379 1373 94 27 möjligt;
489 1379 52 16 men
557 1380 33 15 om
607 1375 71 20 staten
686 1373 42 21 kan
736 1374 63 21 vinna
811 1378 26 15 en
848 1373 80 24 50,000

97 1403 59 20 mark
172 1409 59 14 mera
247 1402 45 21 från
308 1402 46 21 sina
369 1401 147 27 kronofisken,
533 1409 48 14 men
597 1403 49 20 med
664 1402 37 21 det
715 1402 93 21 resultat
824 1402 32 19 att
872 1399 56 22 deri-

97 1437 77 20 genom
189 1431 87 21 hämma
291 1430 194 27 skogsflottningen
503 1431 7 20 i
528 1431 26 21 de
571 1430 66 22 elfvar
653 1431 38 20 der
702 1431 62 21 dessa
780 1429 69 22 fisken
860 1428 69 22 finnas

97 1460 40 20 och
161 1460 92 20 sålunda
276 1459 78 21 förlora
377 1459 190 27 skogsinkomster
586 1459 22 21 af
624 1466 26 14 en
666 1459 72 27 miljon
755 1459 52 21 eller
822 1464 65 19 mera,
904 1457 25 21 så

97 1494 50 15 vore
164 1488 60 21 detta
239 1488 49 21 icke
304 1494 25 15 en
344 1488 52 20 klok
411 1487 145 27 hushållning,
574 1494 34 15 om
629 1488 37 20 det
686 1487 66 21 också
771 1486 73 22 kunde
859 1486 70 21 vittna

97 1522 34 16 om
147 1518 33 19 ett
195 1516 97 22 särdeles
307 1518 57 19 stort
378 1516 92 21 intresse
485 1515 37 22 för
536 1516 71 21 fisket.
638 1516 28 21 Af
680 1516 42 25 det,
732 1521 46 15 som
795 1521 34 15 om
845 1516 83 20 statens

96 1545 96 21 inkomst
206 1544 47 22 från
272 1544 65 22 fisket
356 1544 7 21 i
381 1544 62 22 Kemi
467 1543 30 21 elf
521 1544 39 22 har
576 1544 88 27 anförts,
681 1549 35 16 ser
732 1543 37 22 det
785 1545 31 25 ut,
833 1549 46 15 som
895 1547 35 16 om
