1070 1739
209 134 41 20 582
485 135 41 17 Den
544 132 25 19 10
585 133 108 19 November.

180 205 38 15 ren
234 200 24 19 är
273 197 83 28 skyldig
372 198 32 20 att
415 198 82 20 ersätta
507 196 29 22 all
547 203 79 20 genom
636 196 53 22 hans
700 195 132 23 förvållande
843 196 162 22 åstadkommen

180 227 69 22 skada
260 226 40 22 och
309 226 99 21 kostnad.
428 226 63 21 Hvad
501 226 38 21 det
549 225 104 22 särskildt
661 225 23 22 af
690 225 43 22 den
740 225 130 27 föregående
878 225 81 21 talaren
967 231 38 16 an-

180 256 85 21 märkta
280 255 144 22 förhållandet
438 260 35 15 om
488 255 126 21 ersättande
630 253 23 22 af
666 254 42 21 den
724 253 74 27 skada,
811 260 46 15 som
872 259 76 22 genom
962 253 43 22 för-

180 285 46 21 lust
241 284 22 21 af
277 283 135 22 menniskolif
426 283 43 21 kan
484 283 132 27 uppkomma
631 289 77 21 genom
724 282 119 22 maskiners
858 283 146 26 begagnande,

181 314 25 21 så
228 313 62 22 torde
309 313 34 21 väl
366 319 27 15 en
413 312 92 21 särskild
523 311 136 28 lagstiftning
672 312 8 21 i
696 311 61 22 detta
772 313 62 20 ämne
849 317 52 16 vara
915 312 33 20 att
962 311 43 22 för-

180 343 71 22 vänta.
282 341 40 27 Jag
344 341 70 21 skulle
436 341 48 21 icke
506 342 33 20 tro
563 342 33 20 att
616 341 120 26 stadgande
755 346 34 15 om
804 340 68 22 sådan
887 340 118 27 ersättning

180 372 41 21 hör
242 370 34 21 till
297 369 153 28 författningen
473 375 34 16 om
525 369 135 27 näringarne,
677 369 25 22 så
721 369 102 27 behöfligt
839 370 32 21 ett
886 369 77 21 sådant
978 371 27 19 än

180 399 72 23 kunde
268 405 50 15 vara
332 399 30 26 på
376 399 27 21 de
419 397 23 22 af
456 398 40 21 den
511 397 129 28 föregående
655 398 85 21 talaren
756 397 89 22 anförda
858 398 54 21 skäl.

249 428 57 21 Herr
319 427 146 21 Mechelin:
483 427 48 21 Den
547 428 86 20 senaste
649 427 66 21 ärade
731 427 81 21 talaren
827 427 40 21 har
881 427 65 21 redan
961 425 44 22 fäst

179 458 51 21 herr
250 456 138 26 Schaumans,
411 456 25 20 B.
459 455 31 27 O.,
510 455 191 27 uppmärksamhet
720 455 29 27 på
764 455 54 22 sista
833 456 74 21 satsen
921 455 7 21 i
944 454 10 28 $
970 456 33 25 43,

180 486 64 22 hvars
260 484 165 28 genomläsande
444 484 107 22 måhända
565 484 57 22 hade
636 484 84 21 kunnat
735 484 132 22 förekomma
881 484 41 21 den
936 483 68 27 indig-

180 514 80 26 nation,
278 514 40 21 den
334 513 64 21 ärade
414 512 82 22 talaren
511 512 62 28 röjde
587 513 7 21 i
610 512 39 22 sitt
664 513 145 27 andragande.
831 513 10 21 I
852 512 153 27 sammanhang

180 542 90 22 härmed
285 542 38 22 ber
336 542 38 27 jag
388 541 22 22 få
428 541 85 27 påpeka
528 541 11 27 $
557 543 26 20 16
599 541 7 21 i
620 541 161 28 författningen,
798 542 39 21 der
852 542 37 21 det
904 541 51 26 står,
972 542 33 20 att

182 589 8 9 »
194 572 36 22 vid
245 571 151 27 begagnandet
411 570 23 22 af
444 570 112 22 mekanisk
567 569 99 23 drifkraft
676 570 65 22 lände
752 570 31 22 till
794 570 143 22 efterrättelse
948 570 56 21 hvad

180 601 7 21 i
203 600 79 22 sådant
297 599 101 22 afseende
414 601 24 19 är
453 598 52 22 eller
519 598 115 23 framdeles
650 599 42 21 kan
708 599 67 22 varda
784 598 154 23 föreskrifvet*.
961 598 44 22 Det

180 630 44 21 kan
239 628 68 22 finnas
321 628 147 28 yrkesidkare,
484 634 47 15 som
546 628 51 27 vilja
614 634 51 16 vara
682 628 87 27 mycket
783 628 64 21 måna
861 634 34 15 om
909 627 47 22 sina
971 634 32 14 ar-

180 658 88 22 betares
290 656 122 28 personliga
431 656 41 26 väl,
488 662 49 16 men
552 656 49 22 icke
616 658 37 20 äro
670 657 24 22 så
709 656 84 22 hemma
808 657 7 21 i
831 656 126 22 mekaniken
972 657 32 20 att

181 688 27 20 de
228 686 74 28 sjelfva
324 685 71 22 skulle
413 685 72 21 kunna
500 685 33 21 till
549 685 42 21 alla
607 685 59 22 delar
679 686 132 21 kontrollera
826 685 179 27 ångmaskinerna

179 722 29 15 m.
223 722 27 14 m.
268 715 40 27 dyl.
338 714 42 22 För
395 714 81 22 sådana
491 714 99 21 ändamål
606 716 23 20 är
644 714 43 26 det,
704 720 48 16 som
766 714 123 27 inspektion
905 714 22 21 af
940 714 64 21 dessa

180 744 108 22 maskiner
309 743 40 21 bör
369 749 40 20 ega
423 749 54 20 rum,
492 742 41 22 och
548 742 39 22 har
602 743 106 27 styrelsen
724 743 65 21 redan
805 743 91 26 vidtagit
911 742 92 27 prelimi-

179 775 40 19 när
234 772 77 27 åtgärd
326 773 33 20 att
373 771 67 22 vådor
455 771 22 21 af
490 771 37 21 det
542 771 53 27 slag,
612 778 46 15 som
674 772 50 22 herr
740 772 126 26 Schauman,
882 772 24 20 B.
923 771 31 26 O.,
965 770 38 28 på-

179 802 73 26 pekat,
268 801 47 21 icke
330 800 35 22 må
379 800 73 21 kunna
466 799 91 22 inträffa.
588 800 11 21 I
614 800 70 27 öfrigt,
701 800 29 22 då
744 800 40 22 här
798 800 60 22 skett
873 800 89 21 allusion
975 800 30 26 på

180 832 33 20 ett
235 829 104 22 särskildt
359 828 111 28 olycksfall
487 828 35 22 vid
538 835 27 15 en
579 828 113 23 industriel
708 829 117 27 inrättning
840 829 7 21 i
863 829 70 21 denna
948 828 55 27 stad,

180 859 26 21 så
220 858 58 22 hade
293 858 103 27 derjemte
411 858 82 20 kunnat
508 860 124 19 omnämnas
648 860 33 19 att
696 857 120 28 familjerna
831 857 55 22 efter
901 858 26 21 de
942 857 61 21 arbe-

179 889 54 24 tare,
254 893 46 15 som
317 886 35 22 vid
368 886 134 28 olycksfallet
524 886 128 27 omkommo,
667 886 132 22 fortfarande
814 887 97 27 uppbära
926 886 77 21 under-

180 916 50 22 stöd
252 915 23 22 af
295 916 41 21 den
351 915 174 27 industriidkare,
540 915 41 21 hos
599 915 85 22 hvilken
700 915 90 27 olyckan
806 915 81 22 skedde
903 915 39 21 och
957 921 46 15 som

180 944 110 22 sannolikt
304 944 47 21 icke
366 950 38 15 var
419 943 99 22 vållande
533 945 34 19 att
582 944 110 27 explosion
708 944 120 21 inträffade.

247 972 63 21 Hvad
331 971 33 22 för
385 971 63 27 öfrigt
471 971 41 22 den
531 972 68 27 enligt
613 973 43 20 min
672 972 58 27 åsigt
745 973 96 26 verkliga
856 971 147 28 missuppfatt-

178 1001 58 27 ning,
253 1007 47 15 som
314 1001 50 21 herr
380 1000 127 26 Schauman,
523 1001 25 21 B.
565 1001 32 26 O.,
614 1001 67 27 röjde,
697 1001 140 23 vidkommer,
849 1001 26 21 så
885 1001 69 21 skulle
963 1001 41 21 den

178 1030 48 21 icke
241 1030 7 21 i
264 1029 40 22 och
319 1029 33 22 för
367 1029 33 27 sig
415 1029 62 22 hafva
491 1028 108 23 föranledt
613 1030 44 27 mig
672 1031 34 20 att
721 1030 80 27 begära
816 1029 68 27 ordet,
900 1029 56 22 helst
969 1031 34 20 ta-

177 1059 61 21 laren
253 1058 49 21 icke
316 1057 69 22 blifvit
400 1058 143 26 understödd;
560 1064 49 15 men
621 1059 38 26 jag
674 1059 44 21 kan
733 1059 48 21 icke
795 1058 58 21 finna
869 1059 36 21 det
920 1065 51 14 vara
981 1057 24 22 af

178 1093 57 21 gagn
250 1093 35 15 om
300 1093 48 14 man
364 1086 35 22 vill
415 1087 7 20 i
437 1087 69 21 denna
521 1086 42 27 lag,
575 1093 47 15 som
636 1087 112 26 verkligen
762 1087 29 27 på
805 1089 33 20 ett
848 1087 81 27 ganska
939 1093 62 20 opar-

177 1116 55 21 tiskt
254 1117 46 20 sätt
319 1115 65 22 söker
406 1115 115 26 tillgodose
543 1115 56 22 både
620 1115 181 28 arbetsgifvarens
821 1115 40 22 och
877 1115 124 22 arbetarens

176 1145 101 25 intresse,
293 1144 109 27 uppspåra
418 1150 26 15 en
459 1144 90 21 tendens
566 1145 32 20 att
612 1150 70 21 gynna
698 1144 177 27 arbetsgifvaren,
886 1144 115 27 kapitalets

176 1174 157 25 representant.
364 1172 50 21 Man
436 1172 40 22 bör
497 1173 135 26 naturligtvis
652 1173 59 21 hålla
728 1173 79 22 enhvar
821 1173 97 26 räkning,
934 1179 46 15 som
995 1172 7 21 i

177 1202 61 21 detta
253 1201 103 22 samhälle
372 1201 46 21 står
432 1201 29 26 på
480 1201 125 22 arbetarens
623 1201 70 26 bästa,
710 1207 50 16 men
772 1201 38 28 jag
825 1202 42 21 kan
882 1201 47 22 icke
944 1201 58 21 hålla

176 1231 49 20 dem
247 1230 97 26 räkning,
368 1235 46 16 som
436 1229 49 27 vilja
506 1229 57 27 gifva
582 1230 115 27 anledning
713 1230 33 21 till
762 1230 116 27 obefogadt
892 1230 108 27 missnöje,

176 1259 53 21 eller
244 1259 50 21 med
314 1258 46 21 sina
380 1258 39 21 ord
433 1257 113 22 framkalla
561 1259 42 21 den
618 1259 141 26 misstanken,
775 1261 32 19 att
822 1259 114 26 meningen
950 1265 51 14 vore

175 1289 34 20 att
223 1293 78 21 genom
317 1287 69 21 denna
400 1287 36 26 lag
452 1293 87 15 snarare
554 1287 66 22 verka
635 1287 33 21 till
683 1287 84 22 förmån
782 1287 32 22 för
825 1287 175 27 arbetsgifvaren,

174 1318 29 19 än
224 1315 34 22 för
280 1315 120 22 arbetaren.
430 1315 44 22 Det
495 1315 75 22 behöfs
591 1316 106 21 måhända
712 1316 49 21 icke
776 1316 25 21 så
816 1316 78 27 många
908 1315 93 22 utsådda

173 1344 49 22 frön
236 1344 24 22 af
274 1344 60 22 detta
350 1343 52 27 slag,
418 1343 65 22 innan
499 1343 37 22 det
551 1344 58 21 visar
626 1345 34 26 sig
676 1345 33 21 att
724 1351 49 15 man
787 1345 86 21 arbetat
888 1344 113 22 socialisti-

174 1373 40 21 ska
230 1373 83 27 spöken
327 1373 7 20 i
349 1372 116 21 händerna.

242 1402 58 21 Herr
315 1401 159 26 Schaumen,
489 1401 25 21 B.
531 1401 36 22 O.:
589 1401 41 27 Jag
645 1401 71 22 måste
732 1401 109 27 verkligen
858 1401 94 22 erkänna
967 1403 34 19 att

169 1430 39 27 jag
218 1430 77 27 begått
305 1431 32 20 ett
348 1429 136 22 förbiseende
494 1429 7 21 i
513 1429 101 22 afseende
626 1430 13 21 å
650 1431 55 20 sista
716 1436 63 15 mom.
792 1431 7 20 i
810 1430 71 22 denna
891 1429 17 28 $.
924 1429 75 22 Likväl

173 1459 95 21 återstår
282 1458 57 22 hvad
352 1458 38 26 jag
405 1457 88 22 anförde
509 1464 35 15 om
555 1459 41 21 den
609 1459 74 25 skada,
696 1465 48 14 som
755 1458 44 22 ofta
809 1465 42 20 nog
862 1458 93 22 drabbar
965 1465 34 14 ar-

171 1487 103 21 betarens
290 1486 68 26 helsa,
375 1486 23 27 ja
417 1486 54 21 hans
486 1486 33 27 lif;
535 1488 23 26 ty
569 1486 36 22 det
615 1487 44 21 kan
668 1486 113 27 verkligen
791 1486 48 22 icke
849 1486 149 22 underförstås

171 1515 69 22 under
264 1515 66 21 orden
354 1516 95 24 ,ersätte
465 1515 40 21 ock
521 1515 28 21 all
565 1521 77 21 genom
657 1515 55 21 hans
728 1514 131 22 förvällande
875 1515 124 21 ästadkom-

172 1550 49 16 men
244 1544 69 22 skada
335 1543 41 22 och
399 1543 114 27 kostnad*,
537 1544 28 21 dä
584 1544 39 26 jag
641 1544 173 22 sammanställer
829 1544 38 22 det
882 1543 49 22 med
946 1544 54 22 sista
