1070 1739
198 134 41 20 608
480 137 41 17 Den
539 135 24 19 13
579 136 108 19 November.

170 200 24 19 är
209 198 37 21 det
261 198 59 22 fallet
336 200 33 20 att
384 198 37 22 det
436 205 41 21 nya
492 199 142 27 reglementet
650 199 32 22 för
697 198 103 22 Finlands
814 198 56 22 bank
881 197 47 23 icke
939 198 54 22 varit

168 227 7 21 i
190 227 137 22 verksamhet
342 227 73 27 längre
435 227 33 22 tid
488 230 27 19 än
531 230 32 19 ett
578 229 30 25 år,
624 228 28 21 då
667 227 194 28 bankfullmäktige
876 227 117 22 aflemnade

170 255 32 22 sin
225 256 126 27 berättelse;
374 257 71 26 någon
467 256 131 23 instruktion
613 257 40 21 har
675 257 68 22 också
757 255 34 23 för
805 257 132 21 kamrerare-
953 256 40 21 och

168 284 194 23 kassörskontoren
382 285 47 22 icke
450 285 70 22 blifvit
537 285 108 27 utfärdad,
660 286 46 27 just
722 285 72 22 derför
809 287 34 20 att
864 291 49 15 man
936 285 57 20 velat

171 312 87 23 afvakta
274 320 26 15 en
314 314 72 21 rikare
404 313 122 22 erfarenhet
547 314 111 27 angående
674 315 37 21 det
726 321 41 21 nya
783 314 151 27 reglementets
950 313 42 21 till-

168 342 110 27 lämpning
301 343 39 21 och
360 343 42 21 den
421 342 125 27 förändring
568 343 61 22 detta
644 343 86 22 komme
752 344 33 20 att
807 342 96 22 medföra
918 342 7 21 i
940 342 52 21 ban-

169 371 53 21 kens
238 371 108 27 ställning,
358 371 28 22 då
396 371 156 28 förvaltningen
563 371 22 22 af
595 372 162 21 statsfonderna
767 371 92 28 afskiljts
869 371 47 22 från
926 371 66 21 bank-

168 399 163 28 förvaltningen.
362 400 42 27 Jag
418 401 42 21 kan
476 400 85 22 således
577 400 49 23 icke
641 407 52 15 vara
708 402 67 20 annat
790 402 27 19 än
832 400 98 21 tacksam
946 399 46 22 der-

169 427 33 22 för
225 430 33 19 att
280 429 108 21 utskottet
411 429 56 27 gjort
487 429 71 21 denna
573 429 165 27 framställning.
767 429 43 26 Jag
825 434 64 16 anser
903 430 33 20 att
950 427 42 22 för-

169 456 124 28 valtningen
315 457 55 21 skall
392 458 64 20 vinna
475 457 7 21 i
500 458 87 26 månget
602 457 108 27 afseende,
728 458 60 21 såväl
803 456 190 23 kassaförvaltnin-

170 491 48 21 gen,
235 492 47 15 som
297 486 66 21 också
379 486 84 22 arbetet
477 486 59 22 inom
552 486 134 22 direktionen
701 486 30 28 på
746 488 33 20 ett
788 486 97 27 lämpligt
896 487 44 21 sätt
951 485 42 21 till-

170 514 92 26 godoses
283 520 77 21 genom
380 515 36 21 det
430 515 124 21 nuvarande
569 514 111 28 förslaget,
696 521 48 16 som
759 514 78 23 befriar
852 515 41 21 den
909 521 39 15 ene
962 514 30 21 le-

170 543 101 21 damoten
286 543 7 21 i
308 543 134 22 direktionen
461 542 48 23 från
529 550 26 16 en
570 545 79 27 mängd
665 544 97 28 detaljer,
778 544 72 21 hvilka
865 544 75 20 hindra
955 542 37 22 ho-

170 578 49 14 nom
238 572 48 21 från
305 574 33 20 att
358 573 25 21 så
402 579 55 21 egna
472 573 33 21 sin
523 573 191 27 uppmärksamhet
730 573 23 21 åt
768 573 119 21 ärenderna
901 572 7 21 i
924 572 69 21 direk-

170 600 80 27 tionen,
267 607 46 15 som
327 601 136 27 naturligtvis
477 602 61 21 alltid
553 604 25 19 är
593 602 94 27 önskligt
702 602 42 21 och
760 601 68 27 äfven,
837 602 25 27 ju
877 607 45 15 mer
932 600 61 22 verk-

171 629 113 22 samheten
305 630 57 22 inom
386 630 134 22 direktionen
543 630 66 27 enligt
628 632 78 20 sakens
723 632 63 20 natur
801 630 102 27 tilltager,
919 628 74 23 behöf-

170 664 44 15 ves.
244 658 42 28 Jag
308 659 39 21 ber
366 658 84 23 derföre
470 658 22 22 fä
512 659 108 27 tillstyrka
638 660 106 26 förslaget
767 665 34 15 om
817 665 26 15 en
859 658 134 22 öfverkassör

171 686 41 22 och
234 686 63 23 äfven
319 687 37 22 det
378 687 86 27 förslag,
487 694 46 15 som
553 690 25 19 är
599 688 73 28 gjordt
686 688 24 22 af
723 688 110 22 utskottet
847 687 7 21 i
869 686 75 28 frägan
959 693 34 15 om

174 716 107 22 särskilda
295 716 122 27 kategorier
432 716 24 22 af
469 716 131 22 bokhällare.

240 745 97 21 Friherre
352 751 41 16 von
408 745 80 26 Troil,
505 745 88 21 Gustaf:
605 746 37 21 Uti
653 746 56 21 hvad
721 745 27 22 de
759 744 128 28 föregående
898 744 95 22 talarene

170 774 76 26 yttrat,
261 773 86 22 förenar
363 774 38 26 jag
418 774 43 26 mig
480 773 186 28 hufvudsakligen.
696 774 44 26 Jag
755 774 70 21 skulle
840 774 55 21 dock
911 773 83 21 anhälla

171 808 35 15 om
222 804 32 19 ett
269 802 75 27 tillägg
359 802 7 21 i
382 803 69 21 denna
466 802 105 28 paragraf,
588 809 46 15 som
648 803 37 27 jag
702 808 65 16 anser
781 809 52 15 vara
846 802 81 27 ganska
937 801 56 27 sjelf-

170 830 61 22 fallet
250 831 30 26 pä
294 831 68 27 grund
377 830 23 22 af
415 831 119 22 utskottets
553 832 72 22 motiv.
656 832 42 21 För
713 831 134 21 närvarande
862 833 37 19 äro
914 830 14 22 ä
942 831 51 21 ban-

170 859 54 21 kens
240 861 46 19 stat
300 859 106 28 uppförda
420 862 59 20 utom
495 860 73 27 andra,
584 860 37 22 tvä
636 860 109 22 ordinarie
760 859 125 22 bokhällare
901 859 40 21 och
957 859 38 22 tvä

171 888 195 22 kontorsskrifvare
381 889 28 26 pä
424 890 59 20 extra
497 890 51 26 stat,
565 890 63 21 desse
643 889 33 22 för
698 888 99 22 bankens
819 888 175 22 kamrerarekon-

171 918 40 20 tor.
283 917 77 21 nionde
376 917 62 21 sidan
457 917 23 22 af
493 918 39 21 sitt
547 918 137 22 betänkande
700 919 125 20 omnämner
840 917 108 21 utskottet
963 918 32 20 att

171 944 191 28 bankfullmäktige
378 946 7 21 i
400 946 32 21 sin
455 946 79 27 afgifna
555 947 119 21 berättelse
692 946 83 21 anmält
790 947 33 20 att
840 945 132 26 fullmäktige
988 945 7 20 i

170 973 54 27 följd
241 973 23 22 af
282 974 40 21 den
337 973 116 28 utvidgade
468 975 96 22 rörelsen
579 975 35 21 vid
632 977 54 20 1876
703 975 36 21 ärs
755 974 75 27 början
845 974 74 21 tillätit
934 976 60 19 anta-

171 1002 81 27 gandet
267 1002 23 22 af
302 1003 37 21 tvä
353 1003 125 22 bokhällare
493 1004 29 26 pä
537 1005 60 20 extra
612 1005 46 20 stat
672 1003 36 22 vid
718 1003 224 22 kamrerarekontoret
952 1001 42 23 för-

171 1032 60 20 utom
247 1031 27 22 de
289 1033 77 20 tvenne
382 1033 60 20 extra
456 1032 222 22 kontorsskrifvarene
694 1032 42 21 och
751 1032 110 21 dessutom
871 1031 124 22 bokförare-

170 1059 101 22 biträden
286 1060 35 21 vid
335 1059 159 23 filialkontoren
508 1061 7 21 i
530 1061 136 26 landsorten;
682 1061 42 21 och
739 1061 40 20 har
790 1060 113 26 utskottet,
914 1059 81 22 allden-

171 1088 65 21 stund
252 1095 27 14 en
296 1087 114 29 förökning
425 1089 23 21 af
463 1089 183 28 tjenstemännens
662 1089 61 22 antal
738 1095 63 21 synes
816 1089 34 21 till
865 1088 71 28 fyllest
951 1094 43 15 mo-

171 1117 94 21 tiveradt
280 1116 23 22 af
315 1117 107 22 rörelsens
438 1119 60 20 stora
513 1118 83 22 tillvext
610 1119 69 20 under
695 1117 28 22 de
739 1124 76 15 senare
831 1117 57 26 åren,
899 1116 96 22 förordat

170 1145 60 21 bifall
245 1145 34 21 till
294 1145 144 28 fullmäktiges
454 1146 81 27 förslag
550 1148 33 20 att
598 1146 62 22 äfven
675 1146 118 22 framdeles
808 1145 108 22 bibehälla
932 1145 63 22 desse

170 1173 137 28 tjenstemän.
333 1174 47 22 Alle
395 1175 63 22 desse
473 1175 23 22 af
507 1175 135 27 fullmäktige
656 1175 125 26 föreslagna
791 1175 129 27 tjenstemän
933 1173 63 22 hafva

171 1202 67 21 också
260 1202 24 22 af
300 1203 108 21 utskottet
422 1203 8 21 i
445 1203 40 22 den
504 1210 41 21 nya
560 1206 72 19 staten
648 1204 40 21 och
704 1203 8 22 i
728 1203 70 22 denna
812 1202 103 28 paragraf
927 1202 69 21 blifvit

170 1230 90 27 införda,
277 1231 48 22 med
340 1231 110 28 undantag
465 1232 55 22 dock
535 1232 22 22 af
571 1234 32 20 ett
620 1232 177 22 kontorsbiträde
811 1231 36 22 vid
862 1231 133 21 hufvudkon-

170 1261 64 20 toret.
264 1260 43 27 Jag
328 1259 69 22 finner
414 1261 106 27 nemligen
538 1261 48 22 icke
601 1261 7 21 i
624 1261 70 21 denna
708 1259 105 28 paragraf
825 1261 111 26 upptagna
951 1265 45 16 mer

171 1289 28 20 än
218 1289 34 21 tre
275 1289 59 21 äldre
354 1288 40 22 och
410 1289 36 21 tvä
461 1296 65 21 yngre
541 1289 132 27 bokhällare,
690 1295 85 16 summa
789 1288 50 22 fem.
869 1289 67 21 Förut
950 1287 45 27 har,

170 1316 74 22 säsom
262 1317 38 27 jag
319 1317 133 27 omnämnde,
467 1317 81 22 funnits
563 1317 47 28 fyra
624 1317 116 23 bokförare
756 1317 28 28 pä
798 1317 97 21 bankens
911 1317 83 21 kamre-

170 1345 129 22 rarekontor
320 1345 41 22 och
383 1346 191 27 bankfullmäktige
593 1346 64 22 hafva
675 1346 115 27 föreslagit
810 1347 33 20 att
859 1345 62 22 deras
938 1345 57 21 antal

169 1373 34 22 för
217 1373 115 23 framtiden
348 1374 69 22 skulle
432 1375 53 21 ökas
499 1375 50 22 med
564 1377 84 24 tvenne,
658 1375 85 22 hvilket
757 1374 109 21 utskottet
881 1373 62 22 äfven
954 1373 41 21 till-

170 1402 78 27 styrkt.
278 1403 42 26 Jag
341 1403 80 21 saknar
442 1403 92 22 sälunda
556 1404 41 21 den
617 1404 68 21 andra
708 1403 24 21 af
752 1403 66 21 dessa
832 1402 107 27 biträden,
956 1402 39 21 och

170 1430 70 22 skulle
264 1431 83 22 derföre
365 1431 81 22 föreslå
464 1433 33 21 att
514 1432 29 27 pä
558 1434 44 20 stat
616 1432 71 22 blefve
702 1433 113 26 upptagna
830 1433 33 20 tre
879 1430 60 23 äldre
955 1431 40 21 och

170 1460 34 20 tre
218 1465 68 21 yngre
300 1459 133 22 bokhällare.

238 1487 58 22 Herr
317 1494 42 15 von
380 1488 151 28 Haartman,
554 1488 84 22 Rafael:
662 1488 99 22 Emedan
776 1488 90 22 friherre
881 1494 41 15 von
938 1487 56 21 Troil

169 1515 93 27 troligen
285 1516 49 21 bäst
351 1516 89 27 känner,
455 1516 72 22 hvilka
541 1517 83 22 krafter
639 1523 47 16 som
702 1516 109 23 erfordras
827 1516 7 22 i
849 1516 91 26 banken,
957 1516 38 22 ber

167 1544 38 27 jag
220 1545 34 21 att
270 1544 22 21 fä
306 1544 142 28 understödja
462 1546 85 22 honom.
