1070 1739
378 127 40 18 Den
437 125 23 19 15
477 127 110 18 November.
833 125 38 20 671

75 189 38 21 der
135 189 43 22 min
201 189 225 23 domareverksamhet
443 190 6 21 i
471 190 26 21 de
520 189 47 28 fyra
583 189 120 28 domsagor,
721 189 38 22 der
772 189 38 28 jag
825 190 76 28 tjenst-

75 218 63 27 gjort,
148 231 26 3 —
191 219 40 22 och
248 219 109 21 dessutom
373 219 28 26 på
416 219 150 22 förhållanden
583 219 12 20 å
610 220 64 25 orter,
690 219 38 20 der
741 218 38 27 jag
795 219 62 27 eljest
872 219 29 21 vi-

75 248 55 20 stats
146 248 40 22 och
202 248 51 22 sökt
268 248 52 26 göra
334 247 44 27 mig
394 247 80 22 bekant
489 248 49 21 med
554 248 48 21 dem
621 247 56 22 både
692 247 8 21 i
715 247 131 22 fremmande
862 247 40 22 och

75 278 50 24 eget
140 277 56 21 land.
228 276 38 21 Att
281 275 50 22 herr
347 276 126 27 Schauman,
491 277 25 20 så
530 283 58 14 varm
604 276 42 21 han
663 278 23 19 är
701 275 33 22 för
750 276 73 26 saken,
837 276 63 21 likväl

75 305 69 21 måste
167 305 72 28 stödja
262 305 33 26 sig
317 305 56 21 blott
392 305 28 27 på
441 305 120 21 auktoritet
577 304 22 22 af
612 305 175 27 petitionärerna,
805 305 97 21 deremot

75 333 39 21 har
130 334 38 27 jag
185 335 48 20 icke
252 333 40 22 och
307 333 42 22 kan
363 334 37 27 jag
413 334 25 27 ju
452 334 49 21 icke
517 333 63 22 hafva
595 333 68 27 något
677 335 33 20 att
725 334 109 21 anmärka.
863 334 39 21 Att

75 361 42 22 han
137 362 47 22 från
204 363 34 21 sin
256 362 133 28 ståndpunkt
403 363 49 21 icke
466 363 38 21 vill
519 363 101 26 nedstiga
634 362 33 21 till
682 362 159 27 verklighetens
857 368 44 16 om-

75 391 52 21 råde
143 391 40 22 och
198 391 59 22 bilda
272 391 32 26 sig
320 397 25 16 en
362 397 54 22 egen
432 391 151 28 öfvertygelse,
600 391 37 22 det
652 391 68 22 finner
728 391 37 28 jag
775 391 66 22 också
851 397 51 16 vara

75 420 110 27 naturligt,
201 426 49 15 men
265 419 50 22 herr
334 420 122 21 Schauman
472 421 36 20 må
523 421 90 20 ursäkta
629 420 74 24 andra,
712 426 47 15 som
775 421 51 20 ödet
841 420 61 20 ställt

75 448 24 22 så
115 450 32 20 att
162 450 53 25 säga
230 448 54 22 midt
299 448 21 22 in
335 448 29 28 på
379 449 61 21 detta
455 449 95 27 område,
568 455 34 15 om
618 449 27 21 de
660 448 76 22 vunnit
751 455 25 15 en
793 448 108 28 sjelfstän-

76 477 35 27 dig
132 476 141 28 öfvertygelse
293 477 39 22 och
355 478 70 21 måste
440 478 97 21 vidhålla
553 478 47 21 den.
630 478 39 20 Att
685 484 28 14 nu
728 478 117 21 inskränka
861 477 40 21 den

75 506 80 26 lagliga
174 506 170 27 tillverkningen,
365 512 51 16 vore
431 506 68 27 enligt
514 506 42 22 min
572 506 57 21 fasta
644 506 142 27 öfvertygelse
802 508 33 20 att
849 506 52 21 bota

76 535 51 21 ondt
142 534 50 22 med
207 535 82 22 hälften
304 537 67 20 värre.
395 535 71 22 Sedan
482 542 50 15 man
547 541 89 15 numera
650 535 90 21 kommit
756 536 23 20 så
793 535 62 27 långt
869 536 33 20 att

76 563 130 22 åtminstone
222 564 41 22 den
280 563 84 28 olofliga
379 564 165 27 tillverkningen
561 564 24 21 så
595 564 53 27 godt
659 570 46 15 som
715 564 70 21 blifvit
794 564 106 26 hämmad,

75 592 36 22 vill
124 592 38 28 jag
176 592 116 28 ingalunda
307 593 89 27 bidraga
410 593 33 21 till
459 595 33 19 att
507 592 22 22 få
545 593 40 21 den
601 593 47 21 åter
663 592 7 21 i
685 592 45 22 flor.

143 621 57 21 Herr
222 621 22 21 af
261 622 149 26 Forselles,
430 622 67 21 Emil:
521 622 63 21 Hvad
599 621 103 22 beträffar
716 621 149 27 förhöjningen
881 621 22 21 af

75 649 87 22 skatten
182 650 53 22 eller
251 650 182 28 förminskningen
450 650 23 22 af
487 650 41 22 den
543 650 79 27 lagliga
637 650 170 27 tillverkningen,
824 650 25 22 så
863 650 37 21 vå-

75 685 39 20 gar
133 679 39 27 jag
192 679 34 21 för
247 679 43 21 min
313 679 34 21 del
367 680 57 21 hålla
439 679 47 22 före
503 681 32 19 att
550 680 68 26 begge
634 680 64 20 dessa
714 679 101 27 åtgärder
831 679 68 21 skulle

75 707 66 21 verka
156 708 32 20 till
204 714 82 15 samma
301 708 47 26 mål,
366 709 19 21 d.
401 715 18 15 v.
437 715 17 15 s.
468 708 34 21 till
514 708 83 22 ökande
609 708 22 21 af
639 708 140 27 lurendrejeri
790 708 40 21 och
841 708 58 26 olag-

74 736 31 26 lig
119 736 244 28 bränvinstillverkning.
386 737 63 22 Hvad
463 737 104 21 beträffar
582 736 84 28 förhöjd
682 737 64 25 skatt,
763 736 25 22 så
803 736 96 22 uttalade

72 765 38 27 jag
132 766 66 20 redan
220 765 34 22 för
275 766 67 26 några
361 766 24 21 år
403 766 72 26 sedan,
494 766 28 21 då
537 766 87 21 skatten
639 766 76 26 höjdes
730 765 45 21 från
792 767 27 20 80
834 765 64 27 penni

74 794 31 20 till
127 796 4 18 1
149 794 61 21 mark
226 796 26 20 20
268 797 69 24 penni,
355 794 41 22 den
412 795 84 27 äsigten
516 797 33 19 att
565 795 69 21 denna
648 794 121 28 förhöjning
784 794 47 22 icke
847 800 51 16 vore

74 822 70 28 skälig
167 823 40 21 och
227 829 63 15 anser
309 825 32 19 att
364 824 40 21 den
421 824 123 21 erfarenhet
559 830 48 14 man
623 823 67 22 sedan
706 824 50 20 dess
771 823 74 21 vunnit
859 823 39 21 har

73 851 7 21 i
96 852 41 21 allo
153 851 137 28 rättfärdigat
305 852 69 22 denna
389 852 43 22 min
448 853 63 26 äsigt.
543 852 90 22 Skatten
652 854 24 19 är
692 852 66 27 enligt
772 852 43 21 min
833 852 65 20 tanke

73 880 66 22 redan
154 880 33 22 för
202 880 48 28 hög,
267 882 22 26 ty
305 881 40 21 den
361 881 81 21 tilläter
457 881 118 21 utländska
591 883 69 19 sämre
676 886 73 16 varors
760 881 79 26 import
849 880 49 21 med

72 909 48 21 icke
136 910 24 20 sä
175 910 61 26 ringa
254 909 197 28 handelsförtjenst.
481 910 64 22 Hvad
561 909 103 23 beträffar
680 910 46 21 äter
740 909 122 27 minskning
877 908 22 22 af

73 937 41 22 den
129 938 79 27 lagliga
224 938 174 27 tillverkningens
415 939 113 26 gvantitet,
545 940 25 20 sä
585 941 45 19 tror
642 939 38 26 jag
695 940 33 19 att
742 944 26 15 en
784 938 67 21 sädan
865 938 31 21 in-

72 966 131 27 skränkning
219 967 70 21 skulle
304 967 66 22 verka
385 967 89 22 alldeles
491 967 127 26 detsamma,
634 969 22 25 ty
673 969 54 19 trots
743 967 50 21 herr
808 966 66 21 Reins
890 966 6 21 i

71 995 43 21 min
129 995 65 22 tanke
209 1001 43 22 nog
266 996 82 27 vägade
364 996 54 22 teori
435 998 32 19 att
483 998 34 19 ett
531 996 92 27 verkligt
638 995 67 22 behof
718 995 23 22 af
749 995 89 22 bränvin
848 995 48 21 icke

71 1024 70 21 skulle
160 1023 122 28 förefinnas,
298 1025 65 26 vägar
380 1025 38 27 jag
433 1025 88 22 likvisst
536 1025 57 21 hälla
608 1024 46 22 före
670 1026 32 20 att
718 1026 32 19 ett
765 1024 78 21 sädant
858 1024 37 21 be-

71 1052 39 21 hof
122 1053 7 20 i
145 1052 75 28 sjelfva
235 1053 74 22 verket
324 1053 114 22 förefinnes
454 1054 41 21 och
512 1055 33 20 att
561 1054 36 21 det
612 1053 69 28 gäller
696 1055 32 19 att
743 1053 65 26 nägot
823 1053 24 21 sä
857 1055 39 18 när

70 1081 72 27 lämpa
157 1081 41 22 den
214 1083 85 26 mängd,
317 1089 46 15 som
383 1083 118 26 tillverkas,
523 1082 55 22 efter
593 1083 60 21 detta
668 1081 69 22 behof.
769 1081 74 22 Skulle
859 1081 37 22 det

70 1110 80 27 lagliga
165 1111 248 27 tillverkningsgvantum
429 1111 136 26 inskränkas,
581 1111 70 22 blefve
669 1111 45 21 helt
729 1110 104 27 naturligt
848 1109 47 28 följ-

71 1139 41 21 den
135 1140 47 26 den,
206 1141 32 20 att
260 1142 32 19 ett
313 1141 151 21 motsvarande
489 1142 102 25 gvantum
614 1140 102 21 utländsk
739 1145 50 16 vara
809 1138 24 22 af
846 1139 49 21 vida

71 1170 69 19 sämre
163 1168 90 27 gvalitet
272 1169 68 21 skulle
360 1169 79 22 införas
459 1169 42 22 och
523 1169 99 26 förtäras,
640 1169 40 21 och
695 1168 87 21 dermed
797 1174 51 15 vore
863 1167 32 22 in-

71 1197 87 27 genting
172 1199 86 20 vunnet.
282 1197 30 22 På
328 1198 64 21 dessa
407 1198 47 21 skäl
469 1198 42 22 ber
523 1198 38 27 jag
575 1198 7 21 i
597 1198 71 21 denna
677 1197 70 28 punkt
756 1197 21 21 få
787 1196 108 27 tillstyrka

70 1226 120 27 antagande
205 1225 23 22 af
241 1226 118 22 utskottets
374 1227 145 22 betänkande.

137 1255 57 21 Herr
209 1255 175 22 Silfversvan:
402 1256 42 21 Det
459 1255 42 22 har
516 1255 100 28 möjligen
629 1255 83 21 kunnat
722 1254 71 27 undgä
804 1253 90 22 Ridder-

69 1283 89 27 skapets
182 1283 40 22 och
244 1283 80 22 Adelns
344 1285 70 21 minne
431 1286 32 19 att
479 1285 69 26 nägra
563 1283 21 22 af
598 1283 169 28 petitionärerna
782 1285 37 19 äro
835 1282 59 21 leda-

68 1313 70 20 möter
159 1312 7 21 i
189 1312 219 27 Ekonomiutskottet,
429 1313 73 21 säsom
521 1315 90 25 prosten
631 1312 105 27 Bergroth
752 1313 57 20 samt
823 1311 71 21 landt-

67 1340 144 27 dagsmännen
230 1341 90 22 Nohteri
340 1342 40 21 och
398 1342 149 21 Hannuksela.
578 1341 29 22 Af
621 1341 63 22 deras
700 1341 116 27 petitioner
831 1338 64 22 hafva

65 1370 78 21 tvenne
163 1369 123 28 isynnerhet
304 1370 70 21 blifvit
390 1371 130 26 äberopade.
551 1371 34 20 Dä
601 1370 64 21 dessa
681 1369 90 27 deltagit
786 1369 6 20 i
808 1367 86 22 utskot-

65 1399 43 20 tets
124 1398 150 27 tillgöranden,
290 1399 40 21 och
345 1399 47 22 icke
408 1399 104 22 aflemnat
526 1399 134 22 reservation
676 1398 103 25 deremot,
794 1397 25 20 sä
832 1397 62 21 torde

65 1426 61 22 detta
144 1433 52 16 vara
214 1427 59 22 bevis
290 1427 66 28 derpä
372 1429 32 20 att
420 1428 111 21 utskottet
545 1427 36 22 vid
597 1427 101 22 ärendets
713 1425 133 27 behandling
861 1426 33 21 ta-

64 1455 32 26 git
111 1455 27 22 de
153 1456 133 27 synpunkter
302 1457 66 21 under
384 1455 161 28 öfvervägande
561 1463 46 15 som
617 1456 83 21 kunnat
715 1455 75 26 ifräga
801 1453 92 22 komma.

64 1484 42 26 Jag
125 1484 36 22 vill
180 1484 54 21 visst
248 1484 49 22 icke
312 1485 108 27 tillstyrka
436 1486 32 20 att
483 1485 74 27 någon
573 1484 34 22 för
622 1486 46 20 stor
684 1483 105 27 qvantitet
804 1482 90 21 bränvin

64 1514 109 21 tillverkas
194 1514 6 20 i
220 1513 79 27 landet,
319 1520 48 15 men
383 1520 64 15 anser
461 1513 68 21 likväl
546 1515 32 20 att
595 1520 34 15 om
644 1512 68 22 också
726 1510 105 23 behofvet
845 1511 49 21 icke

64 1544 24 19 är
103 1542 24 21 sä
143 1542 70 21 direkt
228 1542 148 27 utmärkande,
392 1542 25 21 sä
432 1544 24 19 är
471 1542 66 22 likväl
555 1541 130 27 efterfrågan
704 1540 24 22 sä
743 1541 52 25 stor,
810 1541 33 20 att
856 1539 37 27 jag
