1070 1739
183 123 41 19 702
461 125 39 18 Den
518 124 26 18 20
560 126 110 17 November.

154 188 54 20 utan
230 188 33 20 att
286 187 40 22 den
344 187 7 22 i
366 187 183 22 Bankutskottets
565 188 137 22 betänkande
718 187 40 22 N:o
774 189 12 20 4
802 187 120 28 föreslagna
937 187 41 22 för-

155 215 118 28 ändringen
295 216 22 21 af
333 215 11 29 $
363 218 12 20 6
391 216 7 21 i
411 217 202 27 bankreglementet
628 217 6 21 i
650 217 155 26 sammanhang
823 217 86 21 dermed
925 216 54 22 före-

155 245 84 26 drages.
270 244 32 22 En
324 245 124 22 återremiss
471 245 21 22 af
515 246 70 21 denna
604 245 104 28 paragraf
723 245 7 22 i
750 245 146 22 betänkandet
910 245 40 22 N:o
967 247 12 20 7

154 273 98 22 kommer
266 273 136 28 naturligtvis
418 275 33 20 att
466 274 111 22 föranleda
592 275 32 21 till
640 274 158 27 omredigering
813 274 22 21 af
849 274 10 28 $
871 276 18 24 6,
901 273 40 22 och
952 274 27 21 dä

154 302 12 27 $
182 304 12 19 6
210 302 6 21 i
232 302 182 22 Bankutskottets
429 303 138 22 betänkande
583 304 40 21 N:o
639 305 13 20 4
668 303 49 22 icke
734 305 24 19 är
768 302 175 27 slutdiskuterad,
956 304 23 20 är

155 331 37 22 det
208 331 96 27 omöjligt
318 333 33 20 att
366 332 152 21 slutbehandla
532 331 106 28 frågorna,
656 339 34 15 om
707 332 27 21 de
749 331 47 22 icke
811 332 7 21 i
832 333 32 20 ett
874 337 104 16 samman-

154 359 58 28 hang
226 359 116 28 företagas.
374 361 50 21 Med
440 361 125 27 anslutning
580 361 72 21 härtill
668 361 40 22 och
724 360 34 22 för
773 361 41 21 den
829 360 102 22 händelse
947 362 32 20 att

155 389 41 21 den
220 389 192 26 omständigheten,
436 391 33 20 att
491 390 13 21 å
523 389 232 28 föredragningslistan
774 389 33 22 för
824 389 7 21 i
847 390 42 26 dag
904 389 74 21 betän-

154 417 82 21 kandet
250 417 41 21 N:o
306 419 12 19 4
334 418 48 21 icke
397 417 68 22 finnes
481 419 109 27 uppfördt,
607 419 71 21 skulle
693 424 65 16 anses
774 419 77 25 utgöra
861 420 32 20 ett
903 417 76 22 hinder

154 445 34 23 för
203 446 61 21 detta
278 446 148 22 betänkandes
441 446 158 28 föredragning,
616 447 70 22 skulle
698 447 40 27 jag
754 446 112 22 hemställa
882 448 32 20 att
929 446 49 22 med

154 475 73 21 vidare
242 474 131 28 behandling
388 475 24 21 af
424 476 147 22 betänkandet
586 476 40 22 N:o
643 478 12 19 7
670 476 73 21 kunde
758 475 22 21 få
795 476 69 26 anstå,
881 477 56 20 samt
950 475 29 27 på

154 503 228 27 föredragningslistan
397 504 33 22 för
444 506 64 20 nästa
521 505 88 27 plenum
624 507 108 25 upptagas
743 504 181 22 Bankutskottets
940 504 37 22 be-

153 532 123 22 tänkanden
291 532 56 22 N:ris
363 535 13 19 4
391 533 41 22 och
447 535 18 19 7.

222 561 56 21 Herr
292 562 177 28 Montgomery
483 561 102 23 förenade
602 562 32 28 sig
650 563 49 21 med
715 561 90 23 friherre
820 568 41 16 von
874 561 57 22 Troil
943 567 34 16 om

153 590 158 28 bordläggning
325 590 33 22 till
372 592 64 20 nästa
451 591 86 27 plenum
553 591 22 22 af
588 592 58 21 båda
662 591 66 22 dessa
743 591 181 21 Bankutskottets
940 590 37 22 be-

153 618 124 22 tänkanden
292 619 7 21 i
314 621 32 20 ett
361 620 160 27 sammanhang.

221 647 57 22 Herr
300 648 208 22 Landtmarskalken
530 648 123 23 förklarade
671 649 51 22 med
737 649 114 27 anledning
866 647 22 23 af
902 648 26 22 de
944 648 33 21 så-

154 676 66 22 lunda
242 676 80 28 afgifna
343 678 134 26 yttrandena,
494 678 38 22 det
546 678 43 21 han
609 678 67 27 ansåg
692 678 38 22 det
744 678 65 22 blifva
824 678 59 22 svårt
898 678 32 20 att
945 676 32 22 till

153 704 130 28 behandling
297 705 98 28 företaga
410 708 32 20 ett
457 707 86 26 ärende,
560 713 46 15 som
617 707 47 22 icke
676 707 68 27 enligt
751 705 226 29 föredragningslistan

152 733 82 28 förelåg
253 734 34 21 till
305 734 165 28 öfverläggning,
486 735 99 22 hvarföre
600 736 50 21 herr
665 735 208 22 Landtmarskalken
888 734 7 22 i
911 734 65 27 enlig-

152 762 38 22 het
212 763 50 21 med
278 763 37 21 det
329 766 75 19 senast
419 764 134 22 framställda
567 765 106 27 yrkandet
688 764 50 22 ville
753 764 63 22 hafva
831 763 87 23 ståndet
933 763 42 21 till-

151 790 92 28 frågadt,
266 791 105 23 huruvida
394 793 87 21 ståndet
504 793 96 22 önskade
618 794 32 21 till
670 795 66 20 nästa
754 793 86 27 plenum
859 792 118 27 bordlägga

152 820 59 22 såväl
234 820 38 22 det
294 827 27 15 nu
341 821 128 28 föredragna
484 822 148 22 betänkandet
647 822 23 22 af
683 822 171 21 Bankutskottet
869 821 51 21 eller
935 821 40 21 N:o

152 850 19 24 7,
196 848 40 22 och
259 849 7 21 i
289 850 153 28 sammanhang
462 851 89 21 dermed
570 851 33 21 till
622 851 132 27 behandling
769 852 96 26 upptaga
880 849 95 22 Bankut-

152 878 94 21 skottets
262 878 137 22 betänkande
414 880 40 21 N:o
469 882 20 24 4,
505 880 7 21 i
528 880 41 21 den
583 880 35 22 del
627 880 121 22 detsamma
762 882 56 19 ännu
829 879 47 21 icke
887 878 22 22 af
918 878 58 22 stån-

154 906 37 22 det
207 906 121 28 handlagts.

219 936 77 21 Denna
310 936 50 21 herr
375 936 218 23 Landtmarskalkens
609 937 158 26 framställning
781 936 131 22 besvarades
928 936 48 21 med

151 963 89 22 allmänt
252 964 30 27 ja,
298 964 31 21 till
344 964 53 29 följd
412 965 75 22 hvaraf
500 966 32 21 till
547 968 63 19 nästa
625 966 89 27 plenum
729 971 51 16 voro
791 964 120 27 bordlagda
920 963 57 23 båda

152 991 26 22 de
194 992 22 21 af
229 993 172 22 Bankutskottet
416 994 111 27 angående
544 996 11 20 6
571 994 12 28 &
599 994 22 22 af
634 994 203 28 bankreglementet
851 992 78 29 afgifna
939 993 37 22 be-

151 1021 139 22 tänkandena
303 1022 57 22 N:ris
376 1024 11 20 7
405 1023 40 22 och
461 1025 19 20 4.

220 1107 40 22 Till
280 1107 129 29 behandling
427 1109 112 28 föredrogs
555 1109 53 22 härä
623 1109 168 28 Lagutskottets
806 1108 119 27 bordlagda
939 1108 37 21 be-

151 1135 110 23 tänkande
280 1136 8 21 i
308 1137 115 28 anledning
442 1137 23 22 af
478 1139 32 20 ett
525 1138 57 22 inom
597 1138 166 22 Bondeständet
778 1137 129 22 framställdt
921 1137 55 27 peti-

152 1164 140 28 tionsförslag
315 1166 111 27 angäende
448 1166 151 28 upphäfvande
622 1167 24 22 af
667 1167 18 28 ej
706 1167 84 21 mindre
810 1166 41 22 den
871 1171 77 22 genom
964 1167 11 20 3

150 1193 98 27 punkten
270 1193 7 22 i
300 1194 25 22 K.
345 1195 161 27 Förordningen
526 1201 34 16 om
580 1195 117 28 skatteköp
714 1195 23 22 af
750 1195 41 22 den
809 1197 24 20 19
851 1194 126 27 September

152 1223 54 20 1723
227 1222 41 22 och
284 1224 12 20 5
313 1223 13 26 $
341 1223 7 22 i
363 1223 27 22 K.
406 1224 149 27 Kungörelsen
571 1225 42 21 den
628 1226 28 20 24
670 1224 92 23 Januari
779 1225 54 20 1790
848 1223 128 22 rusthällare

150 1250 131 23 tillerkända
302 1253 44 20 rätt
368 1253 34 21 att
420 1253 8 20 i
443 1253 57 22 vissa
515 1252 37 23 fall
567 1253 88 22 framför
670 1254 43 21 äbo
730 1253 12 21 &
758 1252 106 22 derunder
879 1251 97 27 anslaget

151 1281 101 25 augment
268 1280 56 27 köpa
340 1281 121 22 detsamma
474 1282 32 21 till
522 1282 79 27 skatte,
618 1284 28 19 än
661 1281 65 23 äfven
740 1281 100 22 förbudet
855 1281 6 20 i
877 1281 21 21 K.
909 1281 66 20 Reso-

150 1307 96 22 lutionen
270 1309 43 22 den
336 1311 26 20 18
383 1310 91 27 Augusti
496 1312 53 20 1752
565 1312 46 21 mot
627 1310 145 22 afsöndrande
787 1309 47 22 frän
849 1309 92 22 rusthäll
956 1308 21 22 af

151 1337 134 22 detsamman
300 1338 32 21 till
348 1339 74 27 styrka
438 1339 125 28 skatteköpt
578 1341 107 25 augment.

218 1366 57 22 Herr
298 1366 168 23 Silfversvan
487 1368 86 27 yttrade
593 1369 49 20 med
663 1367 116 27 anledning
799 1366 73 23 häraf:
902 1366 74 21 Ehuru

147 1393 38 28 jag
208 1395 32 20 till
264 1395 42 22 alla
326 1396 59 21 delar
404 1396 125 27 godkänner
544 1397 120 22 utskottets
679 1396 140 22 betänkande
834 1395 41 22 och
890 1395 85 27 förslag,

150 1423 24 20 sä
188 1422 39 22 ber
239 1423 39 28 jag
294 1426 58 20 emot
367 1431 26 15 en
408 1425 84 27 uppgift
507 1425 48 22 utaf
568 1426 146 26 petitionären
729 1425 23 21 fä
766 1426 53 25 göra
835 1431 26 15 en
875 1424 54 21 liten
939 1430 37 15 an-

149 1451 119 27 märkning.
298 1453 148 22 Petitionären
461 1454 112 27 uppgifver
588 1455 108 26 nemligen
713 1455 33 20 att
760 1460 26 15 en
802 1455 46 20 stor
864 1453 35 21 del
914 1452 22 22 af
950 1453 25 21 de

149 1479 119 22 rusthällen
288 1481 31 21 till
335 1482 75 27 styrka
424 1482 161 28 underlydande
601 1482 243 28 augmentshemmanen
859 1480 68 22 blifvit
942 1482 33 20 ut-

149 1508 132 22 arrenderad
309 1512 58 20 emot
394 1512 32 20 ett
448 1512 89 21 arrende
560 1511 84 23 utöfver
667 1512 200 26 augmentsräntan.
910 1510 66 21 Detta

149 1536 95 28 grundar
259 1538 40 28 sig,
315 1539 25 21 sä
355 1539 46 22 vidt
414 1540 38 27 jag
466 1540 72 22 varit
530 1532 10 39 i
553 1540 83 22 tillfälle
652 1540 125 22 undersöka
787 1538 149 27 förhållandet,
948 1538 27 28 pä
