1070 1739
376 125 40 17 Den
429 123 25 19 15
466 124 109 18 November.
819 123 40 21 639

137 188 33 20 att
189 187 93 26 ståndet,
298 187 35 20 vid
348 187 157 27 behandlingen
521 187 24 22 af
557 187 109 22 allmänna
680 187 213 22 Besvärsutskottets

69 215 135 22 betänkande
226 215 7 21 i
256 215 114 28 anledning
392 216 23 21 af
432 216 107 22 särskilda
553 217 117 27 petitioner
686 222 34 15 om
735 216 122 22 inrättande
873 215 23 22 af

69 243 68 22 finska
158 244 213 27 fruntimmerskolor,
390 245 97 21 beslutat
505 245 33 22 till
559 245 108 22 aflåtande
682 245 23 21 af
719 251 26 15 en
760 245 134 26 underdånig

69 273 90 27 petition
174 273 7 21 i
197 274 36 21 det
256 272 55 29 syfte
325 275 32 19 att
372 273 59 22 Hans
447 274 121 27 Kejserliga
584 274 102 27 Majestät
701 273 33 22 för
748 273 145 28 befrämjande

69 301 23 22 af
105 309 26 14 en
147 302 131 21 allmärnare
294 302 166 27 ändamålsenlig
483 303 176 26 qvinnobildning
674 303 7 21 i
696 303 80 26 landet,
792 303 49 21 ville
856 303 37 20 nä-

69 331 58 26 digst
148 331 57 22 tillse
228 333 32 20 att
281 330 219 23 fruntimmersskolor
522 332 33 21 till
577 331 105 28 behöfligt
697 331 59 22 antal
771 331 59 22 såväl
845 331 49 21 med

68 359 66 22 finskt
155 366 47 15 som
224 359 89 22 svenskt
334 360 234 28 undervisningsspråk
588 361 29 26 på
632 360 71 22 dertill
718 360 103 27 lämpliga
836 361 58 20 orter

68 388 97 27 inrättas,
182 389 41 22 och
242 390 34 19 att
291 389 80 21 sådana
385 389 84 27 privata
485 389 227 26 fruntimmersskolor,
728 395 46 16 som
789 389 57 22 visat
861 389 33 26 sig

69 423 51 16 vara
134 417 32 22 för
182 417 123 22 ändamålet
319 418 95 27 tjenliga,
426 418 49 21 med
487 419 128 21 statsmedel
625 418 164 27 understödjas;

137 446 47 22 från
199 446 164 22 Bondeståndet
377 446 50 22 med
442 446 167 27 underrättelse,

136 477 32 20 att
190 475 88 22 ståndet
299 475 35 21 vid
356 475 131 27 behandling
503 476 22 21 af
539 476 155 21 sammansatta
708 475 56 27 Lag-
779 475 41 23 och
835 475 58 21 Eko-

68 504 176 22 nomiutskottets
259 504 135 22 betänkande
410 504 7 21 i
432 504 117 28 anledning
564 504 23 22 af
592 505 79 27 nådiga
678 505 168 27 propositionen,
855 510 38 16 an-

69 533 82 27 gående
166 532 125 28 förordning
309 539 34 15 om
358 533 135 27 näringarne,
508 534 97 21 beslutat
620 534 32 21 till
667 533 95 27 följande
778 534 115 26 ändringar

68 562 7 20 1
89 562 119 22 utskottets
223 561 81 27 förslag
318 562 33 21 till
366 561 124 28 förordning
505 562 8 22 i
527 564 84 20 ämnet:

137 590 10 28 8
163 593 19 19 8.
212 591 40 21 Till
267 596 63 16 mom.
347 592 10 20 1
374 591 71 21 skulle
460 590 61 28 fogas
537 593 32 20 ett
584 592 77 26 tillägg
676 591 7 21 i
699 591 36 21 det
750 590 61 28 syfte,
823 592 33 20 att
868 597 26 15 en

70 619 53 22 hvar
138 626 51 20 eger
210 621 45 20 rätt
278 621 38 25 att,
332 621 52 20 utan
400 620 95 21 särskild
511 620 105 27 anmälan,
633 620 23 21 åt
671 619 132 22 behöfvande
818 620 7 21 i
840 620 53 21 min-

71 648 38 22 dre
131 648 81 27 partier
232 648 90 28 föryttra
345 648 48 27 salt,
417 649 103 21 utländsk
541 650 45 26 råg,
603 649 54 21 korn
672 649 40 21 och
727 648 60 22 hafre
802 650 57 20 samt
874 648 23 21 af

71 678 64 20 dessa
158 677 112 27 sädesslag
292 677 81 21 tillredt
394 678 58 26 mjöl,
477 678 56 21 dock
555 678 50 22 med
626 678 140 27 iakttagande
781 679 34 20 att
829 684 65 15 varan

71 706 69 22 blifvit
154 706 7 21 i
176 706 50 27 laga
241 706 90 27 ordning
346 706 32 21 till
393 706 75 22 landet
482 706 78 22 införd.

138 734 11 28 &
166 737 24 19 11
208 736 76 26 antogs
298 735 8 21 i
321 735 95 27 enlighet
431 735 50 22 med
497 736 42 21 den
554 736 80 26 nådiga
648 735 167 28 propositionen.

138 764 47 21 Den
201 763 23 22 af
236 764 108 22 utskottet
358 763 123 29 föreslagna
495 771 42 21 nya
553 764 11 28 $
580 764 91 22 emellan
686 764 24 28 $$
726 766 26 20 14
763 764 40 22 och
816 766 25 19 15
852 762 42 23 för-

69 792 109 22 kastades.

138 821 42 22 För
199 821 11 28 $
225 823 26 20 21
268 822 76 27 antogs
360 822 42 21 den
417 822 23 21 af
453 822 52 22 herr
520 822 65 22 Cleve
600 822 7 22 i
622 822 55 22 hans
692 822 133 22 reservation
839 821 55 22 före-

70 850 75 27 slagna
160 850 88 27 lydelse.

137 879 41 21 Till
201 878 4 28 $
225 880 27 20 24
270 885 62 15 mom.
350 881 10 19 1
377 879 70 22 skulle
462 879 63 28 fogas
541 882 33 20 ett
589 880 75 27 tillägg
679 880 7 21 i
702 879 55 28 syfte
772 881 33 20 att
819 879 75 21 idkare

70 907 23 22 af
105 908 152 28 näringsyrken
273 908 29 27 på
315 908 72 22 landet
404 908 62 22 äfven
483 916 41 20 ega
539 911 45 20 rätt
597 910 33 20 att
644 908 60 22 bilda
718 908 127 27 föreningar.

69 964 46 22 N
137 936 12 28 8
174 939 26 20 25
223 937 67 22 borde
312 936 161 23 omformuleras
497 938 8 21 i
527 938 97 27 enlighet
645 938 49 21 med
716 937 178 27 nästföregäende

84 967 62 20 eslut.

137 993 11 29 8
163 996 26 20 26
206 994 69 22 skulle
291 994 160 22 omformuleras
468 995 83 22 derhän
566 997 33 20 att
614 995 98 27 förening
726 995 28 27 pä
768 994 73 22 landet
855 994 40 21 bör

68 1029 76 20 genom
166 1023 147 28 kronofogden
332 1024 86 21 anmäla
432 1024 40 21 hos
489 1025 135 26 guvernören
639 1024 7 21 i
661 1024 59 22 länet
734 1024 34 21 sin
783 1023 110 27 ordnings-

69 1052 78 27 stadga
161 1052 32 21 till
209 1052 144 22 stadfästelse.

137 1080 11 28 $
170 1082 28 21 27
221 1081 66 22 borde
309 1081 145 28 omredigeras
470 1082 8 21 i
495 1081 224 23 öfverensstämmelse
734 1081 49 22 med
798 1079 97 23 beslutet

67 1110 91 21 rörande
174 1109 10 28 $
200 1111 33 20 24.

136 1138 11 28 $
163 1141 27 20 38
205 1145 62 16 mom.
285 1141 22 20 3:
326 1139 10 21 I
352 1139 74 22 stället
440 1139 33 22 för
490 1141 75 21 satsen
583 1140 60 27 ,icke
659 1139 93 28 skyddar
762 1139 78 21 honom
849 1139 45 20 mot

67 1167 81 51 ad
164 1167 80 23 införes
263 1168 113 27 meningen
394 1168 96 27 ,lemnar
505 1169 80 22 honom
601 1168 84 22 tillfälle
700 1168 32 22 till
746 1167 112 28 begäende
873 1166 23 22 af

66 1202 89 16 sådan".

135 1225 12 28 8
162 1227 34 20 46.
226 1232 63 15 mom.
305 1227 12 20 2
332 1226 100 21 uteslöts.

135 1254 10 27 $
161 1256 27 20 47
203 1254 67 22 borde
286 1255 145 27 omredigeras
448 1255 25 21 så
490 1256 33 21 att
539 1255 38 22 det
592 1255 95 28 tydligen
694 1254 120 22 utmärktes
822 1253 73 22 hvilka

65 1283 42 22 mål
122 1283 53 22 höra
188 1283 33 22 till
236 1284 78 21 allmän
329 1283 105 22 domstols
452 1284 42 21 och
511 1284 74 22 hvilka
600 1284 32 21 till
646 1283 178 28 poliskammares
840 1289 53 20 upp-

65 1313 99 26 tagande.

134 1341 11 28 8
160 1343 28 19 48
211 1341 196 22 äterremitterades
427 1340 33 23 för
476 1342 35 21 att
525 1341 99 28 undergå
640 1341 67 22 sådan
722 1339 173 27 omformulering

65 1375 45 16 som
125 1370 99 27 betingas
240 1369 22 22 af
275 1370 98 22 ståndets
388 1370 60 21 förut
463 1369 86 23 fattade
565 1371 79 21 beslut.

133 1399 10 21 I
159 1399 111 21 enahanda
286 1399 54 27 syfte
354 1399 68 22 borde
436 1399 83 27 jemväl
533 1399 114 28 ingressen
662 1398 152 27 omredigeras.

132 1427 46 22 Här
200 1427 48 22 icke
270 1428 113 21 omnämda
406 1427 61 22 delar
489 1427 24 22 af
526 1427 204 28 ofvanuppräknade
746 1426 22 28 $$
785 1425 109 22 äfvensom

64 1456 100 27 samtliga
179 1456 67 27 öfriga
261 1456 23 28 $$
298 1457 90 21 likasom
404 1457 42 21 ock
461 1456 132 22 rubrikerne
609 1457 32 21 till
656 1455 151 27 förordningen
817 1455 40 21 och
867 1455 27 21 de

64 1485 106 21 särskilda
192 1485 95 27 kapitlen
307 1485 67 27 jemte
396 1485 123 21 utskottets
544 1485 13 21 &
576 1485 40 21 sid.
634 1486 26 20 37
677 1484 74 28 gjorda
765 1483 129 22 hemställan

63 1513 93 22 rörande
171 1514 173 22 bestämmandet
359 1513 22 22 af
394 1513 60 22 tiden
469 1512 36 23 för
520 1512 167 29 författningens
702 1512 104 22 trädande
816 1512 8 21 i
832 1512 62 22 verk-

64 1542 85 22 samhet
164 1542 132 27 godkändes.
