1070 1739
393 125 39 17 Den
449 121 26 19 24
490 123 109 18 November.
832 120 39 20 747

80 186 49 27 niga
145 187 71 22 svaret
232 186 12 21 å
260 186 40 21 den
315 186 78 27 nådiga
407 186 162 28 propositionen
585 186 7 21 i
608 188 72 19 ämnet
694 185 70 22 uttala
782 186 37 21 det
837 185 63 22 önsk-

80 215 111 27 ningsmål,
207 217 33 20 att
254 214 59 22 Hans
335 215 121 27 Kejserliga
470 215 103 27 Majestät
595 215 91 26 täcktes,
710 214 54 22 efter
783 221 26 15 en
825 220 76 22 genom

80 244 133 27 sakkunnige
228 249 102 22 personer
345 243 153 28 försiggången
511 243 167 28 undersökning,
692 243 86 27 nådigst
792 243 109 27 förelägga

79 272 85 23 landets
179 273 90 22 härnäst
284 273 200 21 sammanträdande
500 273 89 21 ständer
604 272 135 27 fullständigt
753 271 115 28 lagförslag
881 271 18 27 ej

80 301 80 22 mindre
182 301 92 23 rörande
296 301 63 22 barns
379 302 41 21 och
437 301 144 28 minderåriga
596 307 114 21 personers
726 301 119 26 antagande
861 300 40 21 och

81 331 139 21 användande
243 331 35 21 vid
300 330 98 27 fabriker,
420 331 121 21 handtverk
562 331 41 21 och
618 330 67 22 andra
700 329 158 28 handteringar,
875 331 26 19 än

81 359 40 22 ock
135 359 133 22 beträffande
281 359 149 28 inspektionen
446 359 105 22 deröfver.

148 417 42 21 Till
211 417 129 27 behandling
362 417 111 27 föredrogs
497 417 41 22 och
561 417 124 27 godkändes
708 418 53 20 utan
780 415 121 22 diskussion

81 447 153 21 sammansatta
245 445 59 22 Stats
315 446 40 21 och
364 446 228 22 Ekonomiutskottets
605 444 297 28 sammanjemkningsförslag

81 474 8 21 i
104 474 114 27 anledning
236 474 23 22 af
274 474 78 28 nådiga
373 475 162 27 propositionen
557 475 111 27 angående
691 474 73 27 anslag
786 473 22 23 af
829 472 73 23 bevill-

80 503 133 27 ningsmedel
228 503 33 22 för
275 502 229 24 folkskoleväsendet
494 498 13 37 i
519 504 80 22 landet.

147 561 11 21 I
172 561 90 27 ordning
276 560 65 28 följde
356 568 28 14 nu
404 562 67 26 enligt
489 561 230 27 föredragningslistan
738 560 163 27 Lagutskottets

80 590 136 22 betänkande
231 590 7 21 i
254 590 113 27 anledning
382 590 22 21 af
417 592 32 20 ett
463 590 59 22 inom
537 590 159 27 Ridderskapet
712 589 40 22 och
762 589 68 21 Adeln
838 589 64 21 fram-

81 618 76 22 ställdt
171 618 183 28 petitionsförslag
370 620 111 26 angående
496 620 135 21 tillsättande
647 619 23 21 af
682 625 25 15 en
728 618 174 27 lagberednings-

80 646 86 23 komité.

148 676 56 22 Herr
225 676 128 22 Mechelin
376 677 71 21 anhöll
467 677 76 22 härvid
561 683 34 15 om
611 676 63 22 ordet
690 676 39 22 och
744 676 93 27 yttrade:
869 675 34 21 Då

80 705 50 21 herr
144 705 160 28 Montgomerys
318 706 215 26 petitionsmemorial
552 706 111 27 angående
682 705 134 21 tillsättande
836 704 22 21 af
876 710 26 15 en

79 734 245 27 lagberedningskomité
339 734 40 22 hos
394 735 161 27 Ridderskapet
570 735 40 21 och
630 734 69 22 Adeln
715 734 109 26 föredrogs
840 734 7 20 i
863 733 39 21 och

79 762 34 22 för
127 763 75 21 remiss
218 763 32 21 till
266 763 112 27 utskottet,
395 764 57 21 tillät
464 764 39 27 jag
517 764 44 27 mig
575 764 68 21 redan
662 765 32 20 att
712 762 85 22 ansluta
812 762 43 26 mig
870 761 32 21 till

80 792 61 21 detta
154 791 87 27 förslag.
272 792 40 21 Till
328 792 26 22 de
369 792 121 28 rikhaltiga,
507 792 141 22 välbetänkta
663 792 53 26 skäl,
733 798 45 15 som
788 791 115 28 petitionä-

79 827 39 15 ren
133 820 7 22 i
154 820 134 22 memorialet
302 820 104 28 framlagt,
415 822 39 21 har
462 828 30 15 nu
500 822 155 27 Lagutskottet
667 820 122 28 ytterligare
799 820 70 26 tillagt
877 826 26 14 en

80 850 61 20 stark
161 849 133 27 motivering.
323 850 10 21 I
356 850 74 27 sjelfva
452 850 77 22 verket
551 850 61 22 torde
637 850 37 22 det
688 850 48 21 icke
751 849 67 21 heller
833 848 68 22 finnas

79 878 73 22 tvifvel
168 878 73 22 derom
256 880 33 20 att
304 885 26 15 en
345 879 67 21 sådan
428 879 130 27 institution,
570 886 46 14 som
627 879 41 21 den
678 879 40 21 här
728 878 94 26 afsedda,
833 876 70 23 blefve

80 906 22 22 af
123 908 55 20 stort
199 914 62 20 gagn,
286 907 21 21 af
327 914 55 20 gagn
398 908 60 21 såväl
476 908 35 22 för
526 908 106 28 styrelsen
648 914 46 15 som
709 907 33 21 för
757 907 122 25 ständerna,
895 906 7 20 i

81 935 61 22 deras
157 936 138 21 verksamhet
308 936 33 22 för
355 937 85 21 landets
456 937 71 21 bästa.
558 937 43 21 Det
616 939 24 18 är
655 936 104 26 naturligt
774 937 32 20 att
821 935 35 21 vid
872 934 29 22 öf-

79 964 145 27 vervägandet
240 965 40 21 och
294 964 167 23 förberedandet
483 965 24 22 af
526 965 110 26 reformer,
659 964 147 27 förändringar
821 964 7 21 i
844 963 58 22 olika

79 993 60 21 delar
161 992 23 23 af
204 993 166 28 lagstiftningen,
394 994 27 22 de
439 995 108 21 särskilda
563 994 165 22 medlemmarne
744 993 39 22 och
799 992 102 22 afdelnin-

79 1028 66 21 garne
160 1021 24 22 af
196 1022 105 28 styrelsen
317 1023 69 22 måste
400 1023 63 22 hafva
479 1023 40 22 sitt
535 1023 130 27 ögonmärke
684 1022 76 22 främst
778 1021 82 22 riktadt
874 1021 28 27 på

79 1051 122 26 innehållet,
218 1050 120 28 syftemålet
353 1051 23 22 af
395 1052 40 21 den
450 1051 232 28 lagstiftningsåtgärd,
703 1057 46 16 som
764 1051 55 21 skall
833 1049 69 22 förbe-

79 1079 70 22 redas.
179 1080 10 21 I
203 1080 141 22 betraktande
361 1080 23 22 af
398 1081 41 21 den
461 1080 145 28 mångfaldiga
628 1080 137 22 verksamhet
783 1079 32 22 för
831 1078 70 27 öfrigt,

79 1114 46 16 som
140 1108 7 21 i
162 1109 56 21 olika
234 1115 77 20 grenar
324 1109 84 22 fordras
416 1109 23 22 af
452 1110 119 27 styrelsens
581 1109 145 26 medlemmar,
738 1111 24 19 är
773 1109 36 21 det
819 1108 82 27 knappt

79 1137 102 22 tänkbart
195 1139 32 20 att
243 1138 23 21 åt
280 1137 154 28 lagförslagens
450 1138 99 22 formella
564 1138 117 27 beredning
696 1137 68 22 tillika
779 1137 70 22 kunde
866 1143 35 20 eg-

78 1173 39 15 nas
133 1167 41 21 den
189 1166 23 22 af
226 1167 38 21 allt
279 1169 65 20 annat
359 1167 95 27 ostörda,
469 1169 75 26 moget
555 1167 155 27 öfvervägande
721 1166 123 26 beredning,
856 1171 45 15 som

79 1195 113 26 erfordras,
208 1195 34 22 för
256 1197 33 20 att
304 1195 60 22 stifta
380 1203 26 15 en
421 1196 7 21 i
444 1196 42 21 alla
503 1197 90 27 stycken
608 1196 54 26 klar,
671 1195 124 28 följdriktig,
811 1194 41 22 och
867 1194 34 21 väl

78 1223 89 22 affattad
182 1224 42 27 lag.
254 1225 45 21 Hos
315 1225 116 21 ständerna
446 1225 48 22 åter
504 1225 101 22 framstår
615 1225 123 21 utskottens
750 1223 83 28 uppgift
843 1229 58 15 mera

77 1253 132 27 resultatrik,
226 1259 34 16 om
276 1253 26 22 de
317 1253 123 28 lagförslag,
457 1260 48 15 som
524 1254 128 27 föreläggas,
673 1254 48 21 icke
736 1252 91 23 behöfva
842 1252 6 21 i
859 1251 42 22 for-

77 1282 52 21 melt
144 1281 100 22 afseende
259 1282 123 22 förbättras.
413 1283 42 26 Jag
469 1283 83 21 tillåter
567 1283 43 26 mig
626 1283 84 21 således
726 1284 32 19 att
767 1282 83 26 hoppas
862 1281 39 20 och

77 1312 89 25 emotse,
182 1312 33 20 att
230 1311 158 27 Ridderskapet
403 1311 40 22 och
459 1311 70 22 Adeln
543 1311 44 22 lika
602 1311 103 27 enhälligt
716 1317 44 15 som
771 1309 130 28 Lagutskot-

77 1341 33 20 tet
132 1339 54 22 skall
208 1339 113 22 instämma
336 1340 7 21 i
358 1340 157 27 petitionärens
538 1340 87 27 förslag.
658 1340 114 21 Utskottet
786 1339 39 21 har
841 1337 61 27 gifvit

76 1367 103 28 förslaget
194 1374 26 15 en
236 1368 112 28 affattning
362 1369 7 21 i
385 1371 77 20 tvenne
477 1369 96 26 punkter
588 1369 21 26 a)
625 1369 39 21 och
680 1369 21 25 b)
718 1369 39 20 och
773 1366 69 23 dertill
858 1366 43 21 till-

76 1397 46 27 lagt
137 1398 31 20 ett
184 1397 56 28 3:dje
255 1403 69 20 mom.,
339 1398 108 27 nemligen
462 1400 33 19 att
511 1398 118 21 ständerna
646 1397 80 28 jemväl
744 1397 69 21 skulle
829 1395 72 21 såsom

76 1426 33 21 sin
131 1426 82 21 önskan
235 1425 117 28 framhålla,
376 1428 32 20 att
428 1425 262 28 lagberedningskomitén
710 1425 55 28 finge
781 1425 32 26 sig
828 1423 74 28 ålagdt

77 1456 38 24 att,
139 1455 27 26 på
182 1456 44 20 sätt
241 1455 7 21 i
263 1455 73 27 hvarje
351 1455 37 21 fall
403 1455 126 27 lämpligast
544 1457 80 25 syntes,
640 1455 67 26 draga
722 1454 83 26 försorg
820 1459 35 15 om
870 1454 33 20 att

77 1484 86 24 »texten
179 1483 32 21 till
227 1483 26 22 de
268 1483 85 27 förslag,
370 1490 46 15 som
431 1484 56 21 varit
502 1483 90 22 föremål
607 1483 33 22 för
648 1484 50 20 dess
707 1482 135 26 behandling,
853 1488 48 14 var-

75 1512 38 20 der
133 1512 27 26 på
180 1512 37 24 det
236 1512 67 22 andra
322 1512 22 22 af
361 1512 85 22 landets
465 1512 59 22 båda
544 1512 65 28 språk
629 1511 89 23 affattad
733 1511 6 21 i
755 1517 26 15 en
796 1510 49 22 fullt
859 1510 42 21 till-

75 1539 165 23 fredsställande
256 1540 74 22 form".
360 1541 68 22 Detta
450 1543 97 20 moment
568 1542 42 20 kan
625 1541 8 21 i
648 1541 54 21 intet
721 1539 100 23 afseende
837 1545 64 15 anses
