1070 1739
226 504 45 23 Den
286 504 16 24 2
317 503 126 24 November
458 503 29 24 kl.
505 504 14 23 II
535 502 55 25 före
606 503 124 29 middagen.

134 570 40 22 Till
196 570 108 28 justering
324 570 113 28 upplästes
461 570 40 22 och
524 570 126 28 godkändes
674 572 51 20 utan
750 570 139 26 anmärkning

65 599 199 27 protokollsutdrag
280 598 58 23 öfver
353 599 99 22 ståndets
465 599 36 22 vid
516 601 87 21 senaste
617 599 88 27 plenum
718 598 83 23 fattade
809 599 79 22 beslut.

134 685 57 22 Herr
209 685 207 23 Landtmarskalken
432 685 143 28 tillkännagaf
588 687 33 20 att
635 685 79 28 pollett
727 684 70 23 blifvit
812 685 77 21 utlem-

67 714 42 22 nad
124 713 32 23 för
171 714 72 27 adliga
257 716 58 20 ätten
330 714 41 22 N:o
387 716 27 20 24
430 721 41 15 von
487 715 84 21 Schildt
587 714 23 22 åt
624 714 121 27 fullmäktig
760 714 49 21 herr
820 714 69 21 Snell-

66 749 55 21 man,
137 742 71 22 Johan
224 743 87 27 Ludvig,
327 742 200 28 filosofiemagister,
545 744 67 21 sedan
628 745 72 19 ättens
711 743 56 21 förre
777 748 112 22 represen-

66 773 47 20 tant
132 772 51 21 herr
201 771 110 27 Järnefelt,
327 772 126 27 Alexander,
469 772 108 22 uteblifvit
594 772 46 22 från
659 772 132 26 landtdagen
806 771 83 22 utöfver
903 788 5 4 .

67 802 33 20 tre
115 800 79 23 veckor
208 802 54 20 utan
277 800 95 22 anmäldt
387 800 76 22 förfall.

135 886 57 22 Från
208 886 141 22 medstånden
367 887 57 22 hade
443 887 112 22 inkommit
571 887 40 22 och
626 887 61 21 lades
704 886 54 22 efter
773 886 116 22 verkställd

67 914 151 29 föredragning
240 916 33 21 till
295 916 154 27 handlingarna
471 916 109 22 särskilda
601 915 206 28 protokollsutdrag,
830 914 59 22 med-

68 944 100 21 delande:

136 974 33 20 att
190 973 163 22 Presteståndet
375 973 35 22 vid
431 973 158 27 behandlingen
609 973 23 21 af
649 973 156 21 sammansatta
820 971 69 22 Stats-

67 1001 41 22 och
127 1001 223 22 Ekonomiutskottets
371 1001 138 22 betänkande
529 1002 7 21 i
552 1002 115 26 anledning
683 1001 22 22 af
718 1001 79 27 nådiga
812 1007 78 20 propo-

67 1029 99 27 sitionen,
183 1030 110 27 angående
308 1030 74 27 anslag
396 1030 23 22 af
427 1030 200 27 bevillningsmedel
638 1029 32 23 för
680 1029 211 22 folkskoleväsendet

67 1058 7 21 i
93 1058 81 27 landet,
190 1059 96 26 godkänt
304 1059 153 27 betänkandet,
473 1061 60 20 utom
551 1059 57 22 hvad
626 1058 102 23 beträffar
743 1059 120 20 utskottets
879 1058 12 21 å

67 1093 48 21 pag.
140 1089 24 19 11
187 1087 133 22 framställda
342 1087 87 28 förslag,
449 1088 93 21 rörande
563 1088 37 21 det
618 1087 34 22 för
666 1087 151 28 inspektionen
833 1086 58 22 öfver

67 1115 147 22 folkskolorna
228 1116 68 22 under
311 1117 50 21 åren
378 1119 114 19 1878—82
503 1116 82 22 äskade
595 1116 99 27 anslaget
704 1115 22 22 af
736 1117 76 25 90,000
823 1115 67 26 mark,

67 1144 83 22 hvilket
164 1144 80 28 förslag
259 1145 23 22 af
295 1145 86 22 ståndet
396 1145 125 27 förkastats,
537 1145 33 21 till
585 1145 53 28 följd
653 1144 76 22 hvaraf
738 1145 65 21 dessa
813 1145 77 25 90,000

67 1173 61 22 mark
143 1173 67 22 borde
226 1173 98 28 afdragas
340 1173 47 22 från
402 1174 42 22 den
460 1174 13 21 å
488 1180 49 21 pag.
553 1175 26 20 27
595 1174 8 21 i
618 1173 148 22 betänkandet
781 1174 110 26 upptagna

67 1202 165 27 totalsumman;

138 1232 32 20 att
185 1231 170 26 Presteståndet,
371 1231 36 22 vid
422 1231 151 27 föredragning
589 1230 22 22 af
625 1237 26 16 en
666 1230 48 22 utaf
723 1230 170 22 Statsutskottet

69 1258 80 23 afläten
170 1259 112 22 skrifvelse
304 1260 7 21 i
332 1259 62 28 fråga
413 1266 34 15 om
462 1260 114 27 tryckning
591 1259 22 22 af
626 1259 103 22 ståndens
746 1259 146 21 diskussions-

68 1288 108 27 protokoll
191 1288 28 27 på
234 1288 78 21 allmän
328 1288 126 26 bekostnad,
470 1289 97 21 beslutat
582 1290 33 19 att
629 1288 37 21 det
678 1287 22 22 af
709 1287 184 27 Borgareståndet

69 1316 76 27 gjorda
166 1317 105 27 yrkandet
285 1317 28 27 på
333 1317 69 22 denna
420 1317 72 27 frågas
507 1317 132 27 behandling
653 1317 7 21 i
675 1316 104 22 förstärkt
795 1315 95 22 Statsut-

69 1345 50 50 Aro
148 1345 66 50 Borde
232 1345 84 22 förfalla
334 1345 40 22 och
392 1346 48 21 icke
455 1345 47 22 från
518 1345 99 22 ståndets
633 1345 48 22 sida
695 1345 110 22 föranleda
821 1344 70 27 någon

82 1375 73 25 tgärd;

138 1403 32 20 att
187 1402 169 27 Presteståndet,
371 1403 36 21 vid
423 1402 159 27 behandlingen
597 1402 23 22 af
633 1402 166 27 Lagutskottets
815 1401 78 22 betän-

68 1430 72 21 kande
154 1431 8 20 i
177 1431 114 26 anledning
305 1431 23 21 af
340 1431 80 27 nådiga
434 1431 163 27 propositionen
612 1431 50 21 med
677 1431 81 26 förslag
768 1430 30 21 till
809 1429 84 22 förord-

68 1459 51 27 ning
141 1459 111 27 angående
274 1459 124 21 författares
422 1460 40 21 och
484 1460 116 21 konstnärs
622 1461 45 20 rätt
688 1459 32 21 till
741 1459 67 21 alster
823 1458 23 22 af
860 1458 33 22 sin

68 1488 142 27 verksamhet,
227 1489 87 20 stannat
328 1488 7 21 i
350 1487 94 28 följande
458 1488 84 22 beslut:

139 1515 155 23 Öfverskriften
317 1516 32 21 till
371 1516 50 22 hela
443 1515 242 28 författningsförslaget
707 1514 110 23 äfvensom
843 1515 50 22 dess

71 1546 9 19 1
97 1544 49 28 kap.
162 1544 125 27 godkändes
303 1544 148 23 oförändrade.

819 1587 8 15 1
