1070 1739
198 120 41 19 590
481 122 38 17 Den
539 121 25 18 13
581 122 107 17 November.

166 184 54 21 böra
240 183 33 22 till
292 183 251 28 Expeditionsutskottet
558 184 141 23 öfverlemnas
715 184 35 22 för
764 183 117 23 affattande
896 183 22 22 af
932 183 63 23 Stän-

168 213 78 21 dernas
267 213 145 26 underdåniga
433 219 50 16 svar
502 213 13 22 å
531 213 41 21 den
587 214 80 26 nådiga
682 213 168 28 propositionen.
880 213 61 21 Dock
956 213 40 22 har

168 241 156 27 Lagutskottet
346 242 75 26 tillika,
445 242 7 21 i
475 242 108 21 anseende
603 242 32 21 till
654 242 103 22 ärendets
772 241 153 26 beskaffenhet,
941 243 54 20 trott

168 270 34 27 sig
218 270 53 21 böra
285 271 110 21 vördsamt
410 277 78 20 genom
503 270 125 23 skrifvelser
643 271 32 22 till
691 271 92 22 stånden
799 271 75 27 bringa
884 271 60 21 detta
957 271 38 21 sitt

168 299 73 21 beslut
256 299 32 21 till
304 299 127 22 ständernas
447 300 128 21 kännedom.

481 334 141 27 Helsingfors,
640 334 42 22 den
698 336 12 19 7
727 334 121 22 November
864 335 61 20 1877.

386 375 36 21 På
436 375 216 27 Lagutskottets
668 377 109 24 vägnar:

517 415 27 21 A.
564 414 80 22 Wrede.

236 471 75 22 Denna
326 471 112 23 skrifvelse
453 472 114 22 bordlades
582 472 79 28 jemväl
676 472 33 21 till
725 473 64 21 nästa
803 472 94 27 plenum.

238 528 42 22 Till
294 528 130 28 behandling
439 529 112 27 föredrogs
567 536 29 15 nu
610 529 185 22 Bankutskottets
810 530 136 21 betänkande
957 536 36 15 an-

166 557 83 27 gående
265 557 81 28 förslag
360 558 33 21 till
408 558 147 28 förändringar
570 558 7 21 i
592 558 207 27 bankreglementet.

234 586 56 22 Herr
305 586 198 28 Björkenheim,
513 588 24 20 R.
548 587 72 21 anhöll
628 588 39 26 att,
678 588 28 20 då
714 586 162 23 betänkandet
865 582 13 37 i
885 587 108 27 åtskilliga

165 614 94 28 punkter
281 616 59 21 stred
362 618 46 19 mot
429 616 54 22 hans
507 616 62 27 åsigt,
593 616 21 21 få
636 616 86 22 anmäla
744 618 33 19 att
795 616 147 22 betänkandet
956 622 37 16 var

166 643 182 22 slutdiskuteradt
365 644 57 22 inom
438 644 110 22 utskottet
562 645 7 21 i
585 645 43 21 alla
643 645 50 21 dess
711 644 66 27 delar,
793 646 60 20 utom
868 645 7 21 i
891 644 101 22 afseende

164 672 14 21 å
200 672 188 28 bestämningarna
410 674 7 20 i
440 673 10 28 $
473 675 20 25 6,
515 673 73 22 förrän
607 674 50 21 herr
677 674 152 27 Björkenheim
844 673 29 28 på
887 674 70 26 grund
971 673 24 22 af

164 700 100 22 ståndets
279 702 34 21 val
328 702 82 21 inträdt
425 702 7 21 i
448 702 113 22 utskottet.

232 730 98 22 Friherre
353 737 40 15 von
417 731 82 26 Troil,
523 731 84 26 Gustaf,
624 731 131 22 hemställde
769 730 107 22 huruvida
891 730 47 23 icke
955 731 37 22 det

163 758 148 27 föreliggande
328 759 148 22 betänkandet
492 760 73 21 kunde
581 760 123 21 diskuteras
720 760 7 21 i
743 760 41 22 den
800 760 97 26 ordning,
913 761 32 20 att
959 760 33 21 till

165 787 135 27 ompröfning
317 787 55 22 först
390 788 69 22 skulle
475 790 62 25 tagas
554 788 27 22 de
596 788 23 22 af
632 789 171 21 Bankutskottet
819 788 46 22 dels
881 789 28 26 på
924 789 69 27 grund

165 815 23 22 af
200 816 204 27 bankfullmäktiges
419 817 163 27 framställning,
599 818 45 21 dels
660 818 28 27 på
705 819 50 25 eget
770 817 92 22 initiativ
871 816 122 28 föreslagna

165 844 149 28 förändringar
328 845 8 21 i
350 846 206 27 bankreglementet,
573 845 95 23 derefter
676 847 28 21 de
711 846 205 26 bankfullmäktiges
925 846 68 27 öfriga

164 872 188 29 framställningar,
369 874 48 22 dem
432 875 171 21 Bankutskottet
618 874 100 28 afstyrkt,
734 875 73 21 vidare
824 874 26 22 de
865 874 81 28 förslag
960 875 32 21 till

164 902 75 27 tillägg
262 902 41 22 och
324 902 149 28 förändringar
495 904 7 21 i
525 903 68 27 öfriga
613 904 60 21 delar
688 903 25 22 af
726 903 203 27 bankreglementet,
945 910 47 15 som

164 930 71 27 någon
250 931 168 22 ståndsmedlem
433 932 72 22 kunde
520 932 124 27 framkasta,
661 934 59 20 samt
735 932 40 22 sist
790 932 41 22 och
842 932 100 27 slutligen
951 932 41 22 den

167 959 123 27 föreslagna
305 959 177 28 aflöningsstaten
497 960 33 23 för
544 961 97 22 bankens
658 961 94 22 embets-
767 961 41 21 och
824 961 133 27 tjenstemän.

233 987 57 22 Herr
304 988 138 27 Mechelin,
459 995 46 16 som
520 989 91 23 anhållit
626 995 35 16 om
676 990 70 25 ordet,
757 989 72 22 afstod
838 989 91 22 derifrån
937 989 55 22 intill

166 1016 50 22 dess
232 1016 282 29 föredragningsordningen
529 1017 70 23 blifvit
613 1018 109 22 faststäld.

232 1045 58 22 Herr
307 1046 189 28 Montgomery:
526 1047 125 22 Utskottets
672 1047 82 27 förslag
773 1047 34 20 till
821 1046 149 27 förändringar
985 1047 7 21 i

164 1073 200 28 bankreglementet
380 1077 36 20 äro
434 1075 45 22 dels
494 1075 140 22 framkallade
650 1075 24 22 af
686 1075 188 27 framställningar,
890 1081 46 16 som
943 1075 48 22 full-

164 1102 94 27 mäktige
280 1103 62 27 gjort,
362 1104 46 21 dels
424 1103 63 24 hafva
502 1104 83 22 sådana
599 1104 81 27 förslag
695 1105 69 26 gjorts
780 1103 23 22 af
815 1104 176 22 Bankutskottet.

164 1131 210 28 Bankfullmäktiges
390 1132 80 28 förslag
485 1133 32 21 till
532 1133 150 27 förändringar
696 1133 95 22 infördes
807 1133 7 21 i
825 1133 42 21 den
876 1133 35 21 vid
921 1133 70 21 landt-

164 1159 82 27 dagens
262 1161 82 27 början,
358 1161 85 27 jemlikt
456 1161 160 22 instruktionen
630 1161 34 22 för
671 1161 200 27 bankfullmäktige,
881 1161 32 21 till
920 1161 71 22 Bank-

164 1188 112 23 utskottet
296 1189 78 28 afgifna
390 1190 125 22 berättelse.
546 1190 72 22 Sedan
633 1191 51 21 dess
700 1190 63 22 hafva
779 1190 118 21 emellertid
912 1190 80 27 vigtiga

164 1216 151 29 förändringar
329 1218 33 21 uti
376 1219 85 22 landets
477 1219 141 22 ekonomiska
632 1219 41 22 och
688 1218 256 28 penningeförhållanden
959 1219 32 21 in-

164 1245 80 28 träffat,
260 1247 66 21 bland
340 1247 72 22 hvilka
425 1248 38 27 jag
478 1248 56 21 blott
549 1248 33 21 får
597 1248 70 21 erinra
682 1254 36 16 om
734 1248 41 21 den
790 1247 144 28 myntreform,
945 1253 46 16 som

163 1275 68 20 sedan
254 1275 50 22 dess
326 1275 70 23 blifvit
410 1276 79 27 införd;
505 1277 50 21 med
571 1277 115 26 anledning
701 1276 65 22 häraf
779 1277 81 26 ansågo
876 1276 33 27 sig
923 1276 67 21 bank-

163 1302 135 29 fullmäktige
314 1304 54 21 efter
384 1305 86 22 samråd
485 1306 48 21 med
549 1305 195 22 bankdirektionen
754 1305 53 22 böra
815 1307 117 25 yttermera
941 1305 50 26 ingå

162 1331 34 22 till
214 1332 173 22 Bankutskottet
406 1334 50 21 med
472 1335 77 21 tvenne
563 1333 189 28 framställningar,
767 1333 94 22 rörande
875 1333 64 22 bland
954 1340 37 15 an-

162 1361 38 20 nat
222 1361 44 27 det,
290 1367 46 16 som
355 1363 65 26 utgör
438 1362 88 22 föremål
541 1362 34 22 för
589 1362 12 28 $
616 1365 12 19 6
644 1363 33 21 uti
693 1362 184 22 Bankutskottets
892 1369 28 14 nu
935 1362 56 21 före-

162 1389 101 26 liggande
281 1390 86 27 förslag.
397 1391 42 27 Jag
454 1391 125 22 hemställer
595 1391 84 22 derföre
695 1391 114 26 huruvida,
825 1393 52 20 enär
893 1391 36 21 det
943 1391 48 21 icke

162 1418 62 21 torde
245 1421 67 19 annat
329 1419 73 22 kunna
416 1420 8 21 i
438 1419 61 28 fråga
513 1420 87 21 komma
615 1422 26 19 än
657 1421 34 20 att
707 1420 43 21 alla
763 1420 81 26 förslag
859 1419 32 22 till
905 1419 86 22 föränd-

162 1446 73 27 ringar
252 1447 8 20 i
279 1447 143 27 reglementet
441 1448 50 27 ingå
510 1449 7 21 i
536 1455 27 15 en
579 1449 113 21 skrifvelse
707 1449 33 21 till
754 1449 61 21 Hans
830 1448 108 27 Majestät,
955 1449 36 20 det

161 1474 49 22 icke
232 1480 53 16 vore
307 1476 47 21 skäl
376 1478 34 20 att
424 1476 45 22 låta
484 1478 49 20 med
549 1477 160 27 behandlingen
724 1477 23 21 af
760 1476 141 22 förevarande
915 1476 76 22 betän-

161 1502 73 22 kande
254 1504 52 22 bero
325 1504 55 22 intill
399 1506 50 20 dess
468 1505 54 22 ifrån
537 1506 175 21 Bankutskottet
726 1505 138 22 betänkande
880 1505 110 27 angående

162 1532 95 22 nämnda
280 1532 181 29 framställningar
483 1534 117 27 inkommit,
624 1540 34 16 om
681 1534 73 23 hvilka
774 1535 38 27 jag
831 1534 48 22 icke
896 1535 42 26 vet,
958 1534 33 22 till
