1070 1739
204 113 40 20 538
495 115 39 17 Den
551 113 12 19 8
579 115 108 18 November.

172 176 64 23 hafva
252 177 32 22 sin
299 177 56 28 plats
372 177 67 22 också
453 178 8 21 i
477 178 70 21 denna
561 177 42 28 lag,
619 184 49 15 men
684 177 28 22 då
728 177 72 22 såsom
810 183 27 16 en
852 177 92 22 särskild
958 184 37 21 pa-

172 205 73 28 ragraf
266 206 41 21 och
328 207 51 27 lyda
399 206 88 27 ungefär
503 207 34 21 sä:
555 206 113 27 ,Kustfart
682 206 33 21 får
731 206 91 21 emellan
837 206 111 21 inhemska
962 213 33 14 or-

173 237 33 19 ter
220 235 106 22 bedrifvas
347 236 77 21 endast
443 236 49 21 med
507 235 76 27 fartyg,
599 235 34 22 för
647 235 73 22 hvilka
734 235 99 21 inhemsk
847 241 50 15 man
912 237 23 18 är
949 235 46 21 huf-

172 263 120 22 vudredare
315 264 40 21 och
378 264 81 21 sådana
477 271 47 14 som
540 265 37 20 äro
593 263 182 22 hemmahörande
791 264 7 21 i
812 264 183 27 Kejsaredömet*.

172 293 46 20 Här
232 293 86 26 inginge
333 293 27 21 då
376 293 40 21 den
432 299 43 21 nya
489 293 171 26 bestämningen,
677 295 33 20 att
725 292 105 27 fartygets
840 292 156 22 hufvudredare

174 321 69 26 »Skall
258 328 51 15 vara
323 321 98 22 inhemsk
436 328 55 19 man,
509 321 40 22 och
565 324 32 19 att
612 321 63 22 äfven
690 321 72 28 fartyg
776 321 131 22 tillhörande
921 322 75 21 redare

172 350 8 21 i
200 350 163 27 Kejsaredömet
382 351 68 21 skulle
469 350 21 22 få
505 350 74 22 utöfva
595 357 27 15 en
638 351 58 27 dylik
710 350 126 27 rättighet".
866 351 66 20 Detta
946 357 50 15 vore

175 379 91 22 sålunda
281 381 32 19 ett
328 379 102 22 särskildt
446 379 125 27 stadgande,
584 385 46 16 som
646 379 47 22 icke
704 379 64 22 stode
778 379 7 20 i
797 379 86 21 absolut
893 385 103 15 samman-

172 407 58 27 hang
252 408 49 21 med
315 407 11 28 $
348 409 26 20 14
398 408 39 22 och
461 408 118 22 allraminst
593 408 68 22 borde
676 414 78 21 genom
770 407 63 22 ordet
849 425 10 9 ,,
863 408 66 22 dock"
947 415 50 14 vara

173 436 99 22 förenadt
288 436 92 22 dermed.

240 465 57 21 Herr
317 466 145 21 Molander:
485 465 42 27 Jag
545 465 85 22 befarar
650 466 66 21 också
732 466 33 20 att
779 465 100 27 tillägget
892 464 33 22 till
941 464 11 28 $
970 467 25 19 14

171 494 43 21 kan
229 493 56 27 gifva
300 494 114 27 anledning
428 494 32 21 till
475 494 157 22 missförstånd.
656 495 51 21 Man
721 494 74 21 kunde
811 495 33 20 tro
860 495 33 20 att
909 494 86 21 dermed

172 524 24 19 är
219 522 101 28 stadgadt
342 524 33 20 att
397 523 106 27 seglation
526 524 48 21 med
595 524 116 21 utländska
729 522 71 28 fartyg
820 523 90 21 emellan
927 522 68 22 finska

173 551 89 21 hamnar
281 552 68 22 skulle
368 558 52 16 vara
434 552 118 28 förbjuden.
583 552 35 21 Nu
634 554 24 19 är
674 552 36 22 det
726 558 28 15 en
768 552 58 21 känd
841 552 40 21 sak
896 551 39 22 och
951 553 44 20 stö-

174 580 38 21 der
228 580 33 28 sig
275 581 29 26 på
318 581 98 27 gällande
431 581 114 26 traktater,
561 582 33 20 att
609 581 117 21 utländska
741 580 70 28 fartyg
825 580 22 22 få
863 580 59 27 segla
932 580 63 22 emel-

173 609 36 21 lan
224 608 69 23 finska
308 610 94 26 hamnar,
418 610 20 21 d.
454 616 18 16 v.
489 616 16 16 s.
523 611 32 20 att
566 610 116 21 utländska
692 610 72 27 fartyg
773 610 48 21 icke
831 609 22 21 få
862 610 51 21 idka
924 611 71 25 egent-

172 638 30 26 lig
216 638 99 27 kustfart,
332 645 49 15 men
396 639 72 21 kunna
483 639 6 21 i
504 638 56 22 finsk
575 638 65 22 hamn
655 639 59 21 lossa
728 644 27 16 en
771 638 34 22 del
821 638 23 21 af
857 638 32 21 sin
899 638 48 26 last,
956 638 40 22 och

173 666 123 22 sedermera
316 668 28 26 gå
365 668 33 21 till
421 674 69 15 annan
512 667 55 22 finsk
589 667 65 22 hamn
676 668 41 21 och
741 668 38 20 der
797 667 60 21 lossa
871 668 82 25 resten;
967 667 29 27 på

173 702 81 15 samma
276 697 44 21 sätt
341 696 90 22 förfares
454 696 67 22 också
539 696 36 22 vid
594 698 109 26 exporten.
736 696 49 21 Men
805 696 72 27 dylika
891 695 69 27 fartyg
974 695 22 22 få

173 724 48 22 icke
243 724 74 23 utöfva
338 725 94 22 kustfart
454 725 51 22 eller
528 726 109 26 emottaga
656 731 64 16 varor
736 725 41 21 och
791 730 142 22 passagerare
948 724 47 22 från

174 759 26 16 en
222 752 56 23 finsk
296 754 64 22 hamn
378 754 33 22 för
432 756 31 20 att
477 754 46 22 föra
538 754 49 22 dem
602 754 32 21 till
650 760 71 15 annan
736 753 56 22 finsk
807 754 69 20 hamn.
907 753 30 21 På
952 755 45 19 sätt

173 782 50 22 herr
238 782 119 28 Jägerhorn
371 782 121 27 framhållit,
509 785 36 19 äro
563 783 63 21 dessa
642 782 149 22 förhållanden
806 782 112 27 reglerade
928 782 6 21 i
944 782 51 21 han-

174 810 56 22 dels-
253 812 40 20 och
315 812 198 27 sjöfartstraktater.
544 812 42 26 Jag
608 812 40 21 har
662 811 105 22 tillhands
782 811 100 21 handels-
898 811 40 21 och
954 811 41 27 sjö-

172 839 164 23 fartstraktaten
356 841 90 21 emellan
463 841 26 21 H.
508 841 28 21 M.
559 840 105 28 Kejsaren
687 840 23 22 af
732 840 107 27 Ryssland
855 840 40 21 och
909 839 87 22 franska

172 869 133 27 regeringen,
321 869 94 22 afslutad
430 870 24 21 år
470 871 61 20 1874.
553 870 77 21 Denna
645 870 84 21 traktat
744 868 118 22 innehåller
877 868 7 22 i
899 869 44 21 Art.
961 870 32 20 10:

175 898 160 26 yStadgandena
348 898 8 22 i
370 898 139 22 förevarande
528 898 83 22 traktat
628 898 74 22 kunna
717 898 50 21 icke
785 897 107 27 tillämpas
908 898 13 21 å
935 898 60 20 kust-

172 926 77 27 farten,
272 926 108 23 hvilken
372 922 15 36 i
399 927 104 22 hvardera
525 927 74 21 landet
619 926 75 22 förblir
718 926 42 22 den
778 926 117 22 nationella
912 926 83 27 flaggan

173 955 137 22 uteslutande
324 955 158 27 förbehållen";
498 953 65 24 likväl
586 958 36 19 äro
637 956 65 27 ryska
717 955 42 21 och
773 955 88 21 franska
875 954 69 28 fartyg
960 955 35 21 be-

172 983 108 28 rättigade
295 985 32 20 att
342 985 28 26 gå
384 984 55 22 ifrån
454 991 26 15 en
495 985 64 21 hamn
574 985 7 20 i
597 985 124 26 någondera
737 983 24 22 af
774 983 27 22 de
816 983 69 27 begge
901 985 95 20 staterna

172 1012 33 21 till
227 1019 26 15 en
277 1013 51 22 eller
350 1013 52 22 flera
423 1014 90 21 hamnar
534 1014 58 21 inom
614 1019 82 16 samma
715 1013 52 25 stat,
784 1012 33 21 för
835 1014 32 19 att
883 1012 111 22 derstädes

172 1041 59 22 lossa
253 1041 49 22 hela
320 1042 53 21 eller
392 1049 27 15 en
438 1043 34 21 del
487 1042 22 21 af
523 1042 33 21 sin
571 1041 47 22 från
633 1042 83 21 utrikes
734 1043 34 20 ort
783 1041 83 22 införda
880 1041 48 26 last,
945 1041 51 22 eller

173 1070 66 21 också
253 1069 34 22 för
302 1072 32 20 att
348 1071 74 27 intaga
437 1071 51 22 eller
502 1071 51 27 fylla
567 1071 76 21 lasten.
665 1071 43 22 Det
725 1072 25 19 är
765 1069 84 22 således
866 1069 41 22 den
923 1071 72 26 egent-

172 1098 43 27 liga
236 1099 128 27 kustfarten,
381 1106 46 15 som
449 1102 24 19 är
494 1099 132 22 förbehållen
650 1100 41 21 den
709 1098 119 22 nationella
842 1098 90 27 flaggan,
948 1105 47 15 men

172 1127 38 22 det
225 1127 104 22 existerar
343 1128 49 22 icke
407 1129 65 26 något
486 1128 83 25 förbud,
585 1128 73 21 såsom
673 1129 38 26 jag
727 1127 56 22 hade
799 1129 52 20 äran
864 1129 83 24 nämna,
963 1127 33 22 för

173 1156 117 21 utländska
311 1157 70 28 fartyg
402 1159 33 20 att
454 1157 57 22 lossa
530 1163 26 16 en
577 1157 34 21 del
627 1156 23 22 af
662 1157 73 22 lasten
751 1156 6 21 i
773 1162 27 15 en
814 1155 56 22 finsk
884 1156 69 26 hamn,
969 1162 27 15 en

172 1191 70 15 annan
266 1185 35 22 del
321 1186 8 21 i
352 1192 26 15 en
402 1192 75 15 annan.
507 1186 44 27 Mig
569 1192 69 21 synes,
658 1192 46 15 som
726 1185 70 21 skulle
812 1185 98 27 tillägget
924 1185 72 21 kunna

172 1213 57 35 gifva
244 1213 115 28 anledning
374 1214 33 21 till
417 1215 155 32 missförstånd,
590 1215 40 21 och
642 1214 38 27 jag
696 1213 71 23 skulle
783 1213 83 22 derföre
882 1213 67 22 önska
963 1215 33 19 att

172 1242 71 33 någon
266 1242 24 22 af
309 1243 147 22 ledamöterna
471 1244 7 21 i
493 1244 108 21 utskottet
615 1243 49 22 ville
680 1243 99 50 upplysa,
797 1242 57 22 hvad
876 1242 119 27 egentligen

172 1271 116 26 meningen
303 1272 55 21 varit
372 1273 49 20 med
437 1272 60 21 detta
512 1278 76 15 senare
603 1278 84 15 momen

240 1300 57 22 Herr
311 1301 156 26 Jägerhorn:
482 1300 47 23 Ifall
540 1274 162 53 Ridderskapet
710 1299 43 23 och
763 1299 70 22 Adeln
843 1299 68 22 skulle
922 1301 73 25 gunst-

172 1328 93 27 benäget
288 1331 80 25 antaga
391 1330 37 21 det
446 1329 23 22 af
483 1330 43 27 mig
540 1335 51 22 nyss
607 1329 148 22 framkastade
770 1328 87 27 förslag,
873 1328 122 22 hemställer

168 1357 40 27 jag
230 1359 33 20 att
283 1358 37 22 det
338 1358 68 22 måtte
421 1358 121 23 remitteras
557 1358 33 21 till
606 1359 108 21 utskottet
730 1358 8 21 i
754 1357 102 22 afseende
872 1357 13 21 å
899 1359 96 20 närmare

170 1385 145 29 formulering.

240 1415 98 22 Friherre
357 1421 41 16 von
414 1415 81 27 Troil,
513 1415 22 22 S.
550 1415 43 22 W.:
609 1416 42 21 För
665 1415 44 22 min
726 1415 36 22 del
777 1414 117 28 tillstyrker
906 1415 38 26 jag
959 1420 36 15 an-

172 1443 105 27 tagandet
292 1444 22 21 af
326 1445 120 21 utskottets
462 1445 135 21 betänkande
612 1444 32 21 uti
658 1443 144 23 förevarande
816 1443 43 22 fall.
890 1443 34 21 Dä
937 1449 58 15 nem-

171 1472 57 26 ligen
251 1473 109 21 utskottet
378 1473 40 22 har
439 1473 96 21 förordat
553 1474 56 20 samt
628 1473 163 26 Ridderskapet
807 1472 40 21 och
861 1472 68 21 Adeln
944 1471 51 21 alla-

171 1501 67 21 redan
253 1500 79 22 bifallit
347 1502 77 26 dertill,
441 1503 32 20 att
487 1502 118 27 utländing,
622 1508 47 15 som
684 1501 79 22 vunnit
778 1500 99 22 tillstånd
892 1501 32 21 att
934 1500 7 21 i
950 1500 45 21 lan-

172 1530 37 21 det
231 1530 52 21 idka
305 1530 145 28 näringsyrke,
473 1530 61 22 äfven
556 1530 32 22 fär
610 1530 52 22 reda
679 1530 7 22 i
703 1530 78 26 skepp,
798 1529 25 22 sä
838 1535 63 16 anser
913 1529 37 27 jag
965 1530 31 21 ett
