<?xml version="1.0" encoding="UTF-8"?>
<alto xmlns="http://www.loc.gov/standards/alto/ns-v3#" xmlns:xlink="http://www.w3.org/1999/xlink" xmlns:xsi="http://www.w3.org/2001/XMLSchema-instance" xsi:schemaLocation="http://www.loc.gov/standards/alto/ns-v3# http://www.loc.gov/alto/v3/alto-3-0.xsd">
	<Description>
		<MeasurementUnit>pixel</MeasurementUnit>
		<sourceImageInformation>
			<fileName>/tmp/tess_1te987f2_input.PNG</fileName>
		</sourceImageInformation>
		<OCRProcessing ID="OCR_0">
			<ocrProcessingStep>
				<processingSoftware>
					<softwareName>tesseract 5.3.4</softwareName>
				</processingSoftware>
			</ocrProcessingStep>
		</OCRProcessing>
	</Description>
	<Layout>
		<Page WIDTH="1070" HEIGHT="1739" PHYSICAL_IMG_NR="0" ID="page_0">
			<PrintSpace HPOS="0" VPOS="0" WIDTH="1070" HEIGHT="1739">
				<GraphicalElement ID="cblock_0" HPOS="0" VPOS="504" WIDTH="5" HEIGHT="395"></GraphicalElement >
				<ComposedBlock ID="cblock_1" HPOS="182" VPOS="126" WIDTH="480" HEIGHT="22">
					<TextBlock ID="block_0" HPOS="182" VPOS="126" WIDTH="480" HEIGHT="22">
						<TextLine ID="line_0" HPOS="182" VPOS="126" WIDTH="480" HEIGHT="22">
							<String ID="string_0" HPOS="182" VPOS="126" WIDTH="41" HEIGHT="19" WC="0.96" CONTENT="942"/><SP WIDTH="251" VPOS="126" HPOS="223"/>
							<String ID="string_1" HPOS="474" VPOS="131" WIDTH="39" HEIGHT="17" WC="0.96" CONTENT="Den"/><SP WIDTH="19" VPOS="131" HPOS="513"/>
							<String ID="string_2" HPOS="532" VPOS="129" WIDTH="5" HEIGHT="18" WC="0.91" CONTENT="1"/><SP WIDTH="20" VPOS="129" HPOS="537"/>
							<String ID="string_3" HPOS="557" VPOS="131" WIDTH="105" HEIGHT="17" WC="0.95" CONTENT="December."/>
						</TextLine>
					</TextBlock>
				</ComposedBlock>
				<ComposedBlock ID="cblock_2" HPOS="142" VPOS="192" WIDTH="832" HEIGHT="1090">
					<TextBlock ID="block_1" HPOS="148" VPOS="192" WIDTH="826" HEIGHT="488">
						<TextLine ID="line_1" HPOS="152" VPOS="192" WIDTH="821" HEIGHT="29">
							<String ID="string_4" HPOS="152" VPOS="197" WIDTH="50" HEIGHT="15" WC="0.96" CONTENT="man"/><SP WIDTH="22" VPOS="197" HPOS="202"/>
							<String ID="string_5" HPOS="224" VPOS="198" WIDTH="26" HEIGHT="14" WC="0.96" CONTENT="ur"/><SP WIDTH="22" VPOS="198" HPOS="250"/>
							<String ID="string_6" HPOS="272" VPOS="198" WIDTH="25" HEIGHT="15" WC="0.92" CONTENT="en"/><SP WIDTH="22" VPOS="198" HPOS="297"/>
							<String ID="string_7" HPOS="319" VPOS="192" WIDTH="91" HEIGHT="21" WC="0.92" CONTENT="rationel"/><SP WIDTH="24" VPOS="192" HPOS="410"/>
							<String ID="string_8" HPOS="434" VPOS="194" WIDTH="107" HEIGHT="27" WC="0.96" CONTENT="synpunkt"/><SP WIDTH="16" VPOS="194" HPOS="541"/>
							<String ID="string_9" HPOS="557" VPOS="194" WIDTH="46" HEIGHT="21" WC="0.96" CONTENT="icke"/><SP WIDTH="18" VPOS="194" HPOS="603"/>
							<String ID="string_10" HPOS="621" VPOS="193" WIDTH="68" HEIGHT="22" WC="0.96" CONTENT="skulle"/><SP WIDTH="16" VPOS="193" HPOS="689"/>
							<String ID="string_11" HPOS="705" VPOS="193" WIDTH="63" HEIGHT="21" WC="0.96" CONTENT="hafva"/><SP WIDTH="15" VPOS="193" HPOS="768"/>
							<String ID="string_12" HPOS="783" VPOS="193" WIDTH="57" HEIGHT="22" WC="0.93" CONTENT="velat"/><SP WIDTH="16" VPOS="193" HPOS="840"/>
							<String ID="string_13" HPOS="856" VPOS="193" WIDTH="117" HEIGHT="22" WC="0.91" CONTENT="förbehålla"/>
						</TextLine>
						<TextLine ID="line_2" HPOS="152" VPOS="219" WIDTH="821" HEIGHT="30">
							<String ID="string_14" HPOS="152" VPOS="219" WIDTH="138" HEIGHT="28" WC="0.96" CONTENT="lagstiftande"/><SP WIDTH="22" VPOS="219" HPOS="290"/>
							<String ID="string_15" HPOS="312" VPOS="221" WIDTH="93" HEIGHT="26" WC="0.96" CONTENT="makten,"/><SP WIDTH="24" VPOS="221" HPOS="405"/>
							<String ID="string_16" HPOS="429" VPOS="224" WIDTH="52" HEIGHT="19" WC="0.96" CONTENT="utan"/><SP WIDTH="24" VPOS="224" HPOS="481"/>
							<String ID="string_17" HPOS="505" VPOS="223" WIDTH="49" HEIGHT="21" WC="0.95" CONTENT="med"/><SP WIDTH="23" VPOS="223" HPOS="554"/>
							<String ID="string_18" HPOS="577" VPOS="223" WIDTH="100" HEIGHT="22" WC="0.93" CONTENT="afseende"/><SP WIDTH="23" VPOS="223" HPOS="677"/>
							<String ID="string_19" HPOS="700" VPOS="223" WIDTH="13" HEIGHT="20" WC="0.92" CONTENT="å"/><SP WIDTH="23" VPOS="223" HPOS="713"/>
							<String ID="string_20" HPOS="736" VPOS="223" WIDTH="62" HEIGHT="20" WC="0.93" CONTENT="deras"/><SP WIDTH="21" VPOS="223" HPOS="798"/>
							<String ID="string_21" HPOS="819" VPOS="222" WIDTH="154" HEIGHT="27" WC="0.91" CONTENT="jemförelsevis"/>
						</TextLine>
						<TextLine ID="line_3" HPOS="152" VPOS="249" WIDTH="821" HEIGHT="28">
							<String ID="string_22" HPOS="152" VPOS="249" WIDTH="123" HEIGHT="27" WC="0.95" CONTENT="obetydliga"/><SP WIDTH="16" VPOS="249" HPOS="275"/>
							<String ID="string_23" HPOS="291" VPOS="250" WIDTH="43" HEIGHT="27" WC="0.95" CONTENT="vigt"/><SP WIDTH="16" VPOS="250" HPOS="334"/>
							<String ID="string_24" HPOS="350" VPOS="250" WIDTH="69" HEIGHT="22" WC="0.96" CONTENT="skulle"/><SP WIDTH="15" VPOS="250" HPOS="419"/>
							<String ID="string_25" HPOS="434" VPOS="251" WIDTH="72" HEIGHT="22" WC="0.96" CONTENT="kunna"/><SP WIDTH="16" VPOS="251" HPOS="506"/>
							<String ID="string_26" HPOS="522" VPOS="251" WIDTH="88" HEIGHT="22" WC="0.95" CONTENT="hänföra"/><SP WIDTH="16" VPOS="251" HPOS="610"/>
							<String ID="string_27" HPOS="626" VPOS="252" WIDTH="31" HEIGHT="21" WC="0.96" CONTENT="till"/><SP WIDTH="16" VPOS="252" HPOS="657"/>
							<String ID="string_28" HPOS="673" VPOS="252" WIDTH="26" HEIGHT="21" WC="0.96" CONTENT="de"/><SP WIDTH="16" VPOS="252" HPOS="699"/>
							<String ID="string_29" HPOS="715" VPOS="251" WIDTH="169" HEIGHT="22" WC="0.93" CONTENT="administrativa"/><SP WIDTH="8" VPOS="251" HPOS="884"/>
							<String ID="string_30" HPOS="892" VPOS="251" WIDTH="81" HEIGHT="22" WC="0.92" CONTENT="förord-"/>
						</TextLine>
						<TextLine ID="line_4" HPOS="152" VPOS="277" WIDTH="822" HEIGHT="30">
							<String ID="string_31" HPOS="152" VPOS="277" WIDTH="108" HEIGHT="27" WC="0.90" CONTENT="ningarne."/><SP WIDTH="32" VPOS="277" HPOS="260"/>
							<String ID="string_32" HPOS="292" VPOS="279" WIDTH="100" HEIGHT="26" WC="0.91" CONTENT="Orsaken,"/><SP WIDTH="17" VPOS="279" HPOS="392"/>
							<String ID="string_33" HPOS="409" VPOS="280" WIDTH="98" HEIGHT="22" WC="0.91" CONTENT="hvarföre"/><SP WIDTH="17" VPOS="280" HPOS="507"/>
							<String ID="string_34" HPOS="524" VPOS="282" WIDTH="54" HEIGHT="19" WC="0.96" CONTENT="1734"/><SP WIDTH="17" VPOS="282" HPOS="578"/>
							<String ID="string_35" HPOS="595" VPOS="281" WIDTH="33" HEIGHT="21" WC="0.96" CONTENT="års"/><SP WIDTH="17" VPOS="281" HPOS="628"/>
							<String ID="string_36" HPOS="645" VPOS="281" WIDTH="34" HEIGHT="26" WC="0.96" CONTENT="lag"/><SP WIDTH="15" VPOS="281" HPOS="679"/>
							<String ID="string_37" HPOS="694" VPOS="280" WIDTH="66" HEIGHT="21" WC="0.93" CONTENT="likväl"/><SP WIDTH="15" VPOS="280" HPOS="760"/>
							<String ID="string_38" HPOS="775" VPOS="282" WIDTH="106" HEIGHT="25" WC="0.92" CONTENT="upptager"/><SP WIDTH="13" VPOS="282" HPOS="881"/>
							<String ID="string_39" HPOS="894" VPOS="281" WIDTH="80" HEIGHT="20" WC="0.96" CONTENT="sådana"/>
						</TextLine>
						<TextLine ID="line_5" HPOS="153" VPOS="306" WIDTH="820" HEIGHT="29">
							<String ID="string_40" HPOS="153" VPOS="306" WIDTH="164" HEIGHT="28" WC="0.96" CONTENT="bestämningar,"/><SP WIDTH="21" VPOS="306" HPOS="317"/>
							<String ID="string_41" HPOS="338" VPOS="311" WIDTH="24" HEIGHT="18" WC="0.96" CONTENT="är"/><SP WIDTH="20" VPOS="311" HPOS="362"/>
							<String ID="string_42" HPOS="382" VPOS="308" WIDTH="42" HEIGHT="22" WC="0.96" CONTENT="den"/><SP WIDTH="19" VPOS="308" HPOS="424"/>
							<String ID="string_43" HPOS="443" VPOS="311" WIDTH="32" HEIGHT="19" WC="0.96" CONTENT="att"/><SP WIDTH="16" VPOS="311" HPOS="475"/>
							<String ID="string_44" HPOS="491" VPOS="309" WIDTH="26" HEIGHT="22" WC="0.96" CONTENT="de"/><SP WIDTH="16" VPOS="309" HPOS="517"/>
							<String ID="string_45" HPOS="533" VPOS="310" WIDTH="77" HEIGHT="21" WC="0.96" CONTENT="beröra"/><SP WIDTH="16" VPOS="310" HPOS="610"/>
							<String ID="string_46" HPOS="626" VPOS="312" WIDTH="32" HEIGHT="19" WC="0.93" CONTENT="ett"/><SP WIDTH="19" VPOS="312" HPOS="658"/>
							<String ID="string_47" HPOS="677" VPOS="315" WIDTH="61" HEIGHT="20" WC="0.92" CONTENT="onus,"/><SP WIDTH="17" VPOS="315" HPOS="738"/>
							<String ID="string_48" HPOS="755" VPOS="315" WIDTH="45" HEIGHT="15" WC="0.96" CONTENT="som"/><SP WIDTH="15" VPOS="315" HPOS="800"/>
							<String ID="string_49" HPOS="815" VPOS="309" WIDTH="33" HEIGHT="21" WC="0.96" CONTENT="för"/><SP WIDTH="16" VPOS="309" HPOS="848"/>
							<String ID="string_50" HPOS="864" VPOS="309" WIDTH="25" HEIGHT="21" WC="0.93" CONTENT="de"/><SP WIDTH="17" VPOS="309" HPOS="889"/>
							<String ID="string_51" HPOS="906" VPOS="309" WIDTH="67" HEIGHT="22" WC="0.93" CONTENT="skatt-"/>
						</TextLine>
						<TextLine ID="line_6" HPOS="152" VPOS="336" WIDTH="821" HEIGHT="29">
							<String ID="string_52" HPOS="152" VPOS="336" WIDTH="109" HEIGHT="26" WC="0.96" CONTENT="dragande"/><SP WIDTH="22" VPOS="336" HPOS="261"/>
							<String ID="string_53" HPOS="283" VPOS="337" WIDTH="41" HEIGHT="20" WC="0.96" CONTENT="kan"/><SP WIDTH="15" VPOS="337" HPOS="324"/>
							<String ID="string_54" HPOS="339" VPOS="337" WIDTH="6" HEIGHT="20" WC="0.96" CONTENT="i"/><SP WIDTH="17" VPOS="337" HPOS="345"/>
							<String ID="string_55" HPOS="362" VPOS="337" WIDTH="32" HEIGHT="21" WC="0.96" CONTENT="sin"/><SP WIDTH="22" VPOS="337" HPOS="394"/>
							<String ID="string_56" HPOS="416" VPOS="339" WIDTH="49" HEIGHT="20" WC="0.96" CONTENT="mån"/><SP WIDTH="20" VPOS="339" HPOS="465"/>
							<String ID="string_57" HPOS="485" VPOS="345" WIDTH="51" HEIGHT="14" WC="0.93" CONTENT="vara"/><SP WIDTH="22" VPOS="345" HPOS="536"/>
							<String ID="string_58" HPOS="558" VPOS="339" WIDTH="91" HEIGHT="21" WC="0.92" CONTENT="känbart"/><SP WIDTH="23" VPOS="339" HPOS="649"/>
							<String ID="string_59" HPOS="672" VPOS="338" WIDTH="39" HEIGHT="21" WC="0.96" CONTENT="och"/><SP WIDTH="18" VPOS="338" HPOS="711"/>
							<String ID="string_60" HPOS="729" VPOS="338" WIDTH="37" HEIGHT="27" WC="0.96" CONTENT="jag"/><SP WIDTH="15" VPOS="338" HPOS="766"/>
							<String ID="string_61" HPOS="781" VPOS="338" WIDTH="38" HEIGHT="21" WC="0.96" CONTENT="har"/><SP WIDTH="15" VPOS="338" HPOS="819"/>
							<String ID="string_62" HPOS="834" VPOS="337" WIDTH="33" HEIGHT="22" WC="0.96" CONTENT="för"/><SP WIDTH="14" VPOS="337" HPOS="867"/>
							<String ID="string_63" HPOS="881" VPOS="338" WIDTH="43" HEIGHT="21" WC="0.96" CONTENT="min"/><SP WIDTH="16" VPOS="338" HPOS="924"/>
							<String ID="string_64" HPOS="940" VPOS="339" WIDTH="33" HEIGHT="20" WC="0.96" CONTENT="del"/>
						</TextLine>
						<TextLine ID="line_7" HPOS="152" VPOS="365" WIDTH="821" HEIGHT="29">
							<String ID="string_65" HPOS="152" VPOS="365" WIDTH="58" HEIGHT="20" WC="0.96" CONTENT="svårt"/><SP WIDTH="16" VPOS="365" HPOS="210"/>
							<String ID="string_66" HPOS="226" VPOS="367" WIDTH="32" HEIGHT="19" WC="0.96" CONTENT="att"/><SP WIDTH="16" VPOS="367" HPOS="258"/>
							<String ID="string_67" HPOS="274" VPOS="371" WIDTH="28" HEIGHT="20" WC="0.92" CONTENT="se,"/><SP WIDTH="16" VPOS="371" HPOS="302"/>
							<String ID="string_68" HPOS="318" VPOS="365" WIDTH="115" HEIGHT="23" WC="0.91" CONTENT="huruledes"/><SP WIDTH="16" VPOS="365" HPOS="433"/>
							<String ID="string_69" HPOS="449" VPOS="373" WIDTH="48" HEIGHT="15" WC="0.96" CONTENT="man"/><SP WIDTH="17" VPOS="373" HPOS="497"/>
							<String ID="string_70" HPOS="514" VPOS="367" WIDTH="54" HEIGHT="21" WC="0.96" CONTENT="skall"/><SP WIDTH="16" VPOS="367" HPOS="568"/>
							<String ID="string_71" HPOS="584" VPOS="368" WIDTH="27" HEIGHT="26" WC="0.96" CONTENT="gå"/><SP WIDTH="15" VPOS="368" HPOS="611"/>
							<String ID="string_72" HPOS="626" VPOS="367" WIDTH="94" HEIGHT="27" WC="0.96" CONTENT="tillväga,"/><SP WIDTH="16" VPOS="367" HPOS="720"/>
							<String ID="string_73" HPOS="736" VPOS="366" WIDTH="33" HEIGHT="22" WC="0.96" CONTENT="för"/><SP WIDTH="16" VPOS="366" HPOS="769"/>
							<String ID="string_74" HPOS="785" VPOS="369" WIDTH="32" HEIGHT="19" WC="0.93" CONTENT="att"/><SP WIDTH="10" VPOS="369" HPOS="817"/>
							<String ID="string_75" HPOS="827" VPOS="367" WIDTH="111" HEIGHT="27" WC="0.93" CONTENT="uppdraga"/><SP WIDTH="9" VPOS="367" HPOS="938"/>
							<String ID="string_76" HPOS="947" VPOS="374" WIDTH="26" HEIGHT="15" WC="0.96" CONTENT="en"/>
						</TextLine>
						<TextLine ID="line_8" HPOS="151" VPOS="393" WIDTH="822" HEIGHT="30">
							<String ID="string_77" HPOS="151" VPOS="393" WIDTH="98" HEIGHT="22" WC="0.93" CONTENT="bestämd"/><SP WIDTH="17" VPOS="393" HPOS="249"/>
							<String ID="string_78" HPOS="266" VPOS="395" WIDTH="156" HEIGHT="26" WC="0.89" CONTENT="gränsskillnad"/><SP WIDTH="15" VPOS="395" HPOS="422"/>
							<String ID="string_79" HPOS="437" VPOS="396" WIDTH="6" HEIGHT="21" WC="0.96" CONTENT="i"/><SP WIDTH="17" VPOS="396" HPOS="443"/>
							<String ID="string_80" HPOS="460" VPOS="396" WIDTH="40" HEIGHT="21" WC="0.96" CONTENT="den"/><SP WIDTH="16" VPOS="396" HPOS="500"/>
							<String ID="string_81" HPOS="516" VPOS="403" WIDTH="28" HEIGHT="14" WC="0.96" CONTENT="nu"/><SP WIDTH="16" VPOS="403" HPOS="544"/>
							<String ID="string_82" HPOS="560" VPOS="396" WIDTH="146" HEIGHT="27" WC="0.96" CONTENT="föreliggande"/><SP WIDTH="16" VPOS="396" HPOS="706"/>
							<String ID="string_83" HPOS="722" VPOS="395" WIDTH="151" HEIGHT="27" WC="0.96" CONTENT="författningen"/><SP WIDTH="12" VPOS="395" HPOS="873"/>
							<String ID="string_84" HPOS="885" VPOS="396" WIDTH="88" HEIGHT="21" WC="0.95" CONTENT="emellan"/>
						</TextLine>
						<TextLine ID="line_9" HPOS="152" VPOS="422" WIDTH="821" HEIGHT="30">
							<String ID="string_85" HPOS="152" VPOS="422" WIDTH="80" HEIGHT="21" WC="0.94" CONTENT="sådana"/><SP WIDTH="23" VPOS="422" HPOS="232"/>
							<String ID="string_86" HPOS="255" VPOS="423" WIDTH="159" HEIGHT="27" WC="0.95" CONTENT="bestämningar"/><SP WIDTH="23" VPOS="423" HPOS="414"/>
							<String ID="string_87" HPOS="437" VPOS="431" WIDTH="45" HEIGHT="15" WC="0.93" CONTENT="som"/><SP WIDTH="23" VPOS="431" HPOS="482"/>
							<String ID="string_88" HPOS="505" VPOS="425" WIDTH="66" HEIGHT="21" WC="0.93" CONTENT="borde"/><SP WIDTH="16" VPOS="425" HPOS="571"/>
							<String ID="string_89" HPOS="587" VPOS="425" WIDTH="73" HEIGHT="27" WC="0.93" CONTENT="skiljas"/><SP WIDTH="17" VPOS="425" HPOS="660"/>
							<String ID="string_90" HPOS="677" VPOS="425" WIDTH="63" HEIGHT="21" WC="0.92" CONTENT="derur"/><SP WIDTH="15" VPOS="425" HPOS="740"/>
							<String ID="string_91" HPOS="755" VPOS="425" WIDTH="48" HEIGHT="21" WC="0.95" CONTENT="med"/><SP WIDTH="16" VPOS="425" HPOS="803"/>
							<String ID="string_92" HPOS="819" VPOS="424" WIDTH="38" HEIGHT="21" WC="0.96" CONTENT="full"/><SP WIDTH="16" VPOS="424" HPOS="857"/>
							<String ID="string_93" HPOS="873" VPOS="425" WIDTH="100" HEIGHT="21" WC="0.96" CONTENT="säkerhet"/>
						</TextLine>
						<TextLine ID="line_10" HPOS="152" VPOS="451" WIDTH="821" HEIGHT="29">
							<String ID="string_94" HPOS="152" VPOS="451" WIDTH="71" HEIGHT="21" WC="0.96" CONTENT="såsom"/><SP WIDTH="16" VPOS="451" HPOS="223"/>
							<String ID="string_95" HPOS="239" VPOS="451" WIDTH="176" HEIGHT="23" WC="0.92" CONTENT="administrativa."/><SP WIDTH="32" VPOS="451" HPOS="415"/>
							<String ID="string_96" HPOS="447" VPOS="454" WIDTH="42" HEIGHT="21" WC="0.94" CONTENT="Det"/><SP WIDTH="15" VPOS="454" HPOS="489"/>
							<String ID="string_97" HPOS="504" VPOS="456" WIDTH="63" HEIGHT="24" WC="0.96" CONTENT="säges"/><SP WIDTH="16" VPOS="456" HPOS="567"/>
							<String ID="string_98" HPOS="583" VPOS="454" WIDTH="6" HEIGHT="20" WC="0.96" CONTENT="i"/><SP WIDTH="20" VPOS="454" HPOS="589"/>
							<String ID="string_99" HPOS="609" VPOS="454" WIDTH="136" HEIGHT="26" WC="0.96" CONTENT="inledningen"/><SP WIDTH="21" VPOS="454" HPOS="745"/>
							<String ID="string_100" HPOS="766" VPOS="453" WIDTH="31" HEIGHT="21" WC="0.96" CONTENT="till"/><SP WIDTH="16" VPOS="453" HPOS="797"/>
							<String ID="string_101" HPOS="813" VPOS="454" WIDTH="160" HEIGHT="26" WC="0.96" CONTENT="propositionen"/>
						</TextLine>
						<TextLine ID="line_11" HPOS="151" VPOS="480" WIDTH="822" HEIGHT="30">
							<String ID="string_102" HPOS="151" VPOS="481" WIDTH="33" HEIGHT="19" WC="0.96" CONTENT="att"/><SP WIDTH="18" VPOS="481" HPOS="184"/>
							<String ID="string_103" HPOS="202" VPOS="480" WIDTH="38" HEIGHT="21" WC="0.96" CONTENT="det"/><SP WIDTH="20" VPOS="480" HPOS="240"/>
							<String ID="string_104" HPOS="260" VPOS="482" WIDTH="23" HEIGHT="20" WC="0.96" CONTENT="är"/><SP WIDTH="19" VPOS="482" HPOS="283"/>
							<String ID="string_105" HPOS="302" VPOS="481" WIDTH="77" HEIGHT="21" WC="0.96" CONTENT="sådant"/><SP WIDTH="20" VPOS="481" HPOS="379"/>
							<String ID="string_106" HPOS="399" VPOS="488" WIDTH="46" HEIGHT="15" WC="0.96" CONTENT="som"/><SP WIDTH="21" VPOS="488" HPOS="445"/>
							<String ID="string_107" HPOS="466" VPOS="483" WIDTH="65" HEIGHT="26" WC="0.95" CONTENT="angår"/><SP WIDTH="19" VPOS="483" HPOS="531"/>
							<String ID="string_108" HPOS="550" VPOS="483" WIDTH="99" HEIGHT="27" WC="0.95" CONTENT="tillsynen"/><SP WIDTH="23" VPOS="483" HPOS="649"/>
							<String ID="string_109" HPOS="672" VPOS="482" WIDTH="58" HEIGHT="22" WC="0.93" CONTENT="öfver"/><SP WIDTH="18" VPOS="482" HPOS="730"/>
							<String ID="string_110" HPOS="748" VPOS="484" WIDTH="49" HEIGHT="25" WC="0.91" CONTENT="väg-"/><SP WIDTH="17" VPOS="484" HPOS="797"/>
							<String ID="string_111" HPOS="814" VPOS="482" WIDTH="40" HEIGHT="22" WC="0.93" CONTENT="och"/><SP WIDTH="15" VPOS="482" HPOS="854"/>
							<String ID="string_112" HPOS="869" VPOS="482" WIDTH="104" HEIGHT="28" WC="0.92" CONTENT="brobygg-"/>
						</TextLine>
						<TextLine ID="line_12" HPOS="151" VPOS="508" WIDTH="822" HEIGHT="30">
							<String ID="string_113" HPOS="151" VPOS="508" WIDTH="165" HEIGHT="22" WC="0.91" CONTENT="nadsbesvärets"/><SP WIDTH="22" VPOS="508" HPOS="316"/>
							<String ID="string_114" HPOS="338" VPOS="510" WIDTH="141" HEIGHT="27" WC="0.95" CONTENT="fullgörande,"/><SP WIDTH="24" VPOS="510" HPOS="479"/>
							<String ID="string_115" HPOS="503" VPOS="518" WIDTH="48" HEIGHT="15" WC="0.93" CONTENT="men"/><SP WIDTH="22" VPOS="518" HPOS="551"/>
							<String ID="string_116" HPOS="573" VPOS="512" WIDTH="187" HEIGHT="26" WC="0.91" CONTENT="bestämningarne"/><SP WIDTH="16" VPOS="512" HPOS="760"/>
							<String ID="string_117" HPOS="776" VPOS="514" WIDTH="36" HEIGHT="18" WC="0.96" CONTENT="äro"/><SP WIDTH="17" VPOS="514" HPOS="812"/>
							<String ID="string_118" HPOS="829" VPOS="511" WIDTH="24" HEIGHT="21" WC="0.93" CONTENT="så"/><SP WIDTH="16" VPOS="511" HPOS="853"/>
							<String ID="string_119" HPOS="869" VPOS="518" WIDTH="104" HEIGHT="14" WC="0.92" CONTENT="samman-"/>
						</TextLine>
						<TextLine ID="line_13" HPOS="151" VPOS="537" WIDTH="822" HEIGHT="31">
							<String ID="string_120" HPOS="151" VPOS="537" WIDTH="62" HEIGHT="21" WC="0.93" CONTENT="väfda"/><SP WIDTH="16" VPOS="537" HPOS="213"/>
							<String ID="string_121" HPOS="229" VPOS="538" WIDTH="49" HEIGHT="21" WC="0.96" CONTENT="med"/><SP WIDTH="20" VPOS="538" HPOS="278"/>
							<String ID="string_122" HPOS="298" VPOS="538" WIDTH="26" HEIGHT="22" WC="0.95" CONTENT="de"/><SP WIDTH="15" VPOS="538" HPOS="324"/>
							<String ID="string_123" HPOS="339" VPOS="539" WIDTH="72" HEIGHT="21" WC="0.95" CONTENT="hvilka"/><SP WIDTH="15" VPOS="539" HPOS="411"/>
							<String ID="string_124" HPOS="426" VPOS="540" WIDTH="119" HEIGHT="21" WC="0.96" CONTENT="bestämma"/><SP WIDTH="16" VPOS="540" HPOS="545"/>
							<String ID="string_125" HPOS="561" VPOS="540" WIDTH="75" HEIGHT="28" WC="0.93" CONTENT="sjelfva"/><SP WIDTH="20" VPOS="540" HPOS="636"/>
							<String ID="string_126" HPOS="656" VPOS="540" WIDTH="58" HEIGHT="22" WC="0.92" CONTENT="onus&#39;"/><SP WIDTH="17" VPOS="540" HPOS="714"/>
							<String ID="string_127" HPOS="731" VPOS="540" WIDTH="154" HEIGHT="26" WC="0.96" CONTENT="beskaffenhet,"/><SP WIDTH="18" VPOS="540" HPOS="885"/>
							<String ID="string_128" HPOS="903" VPOS="538" WIDTH="22" HEIGHT="24" WC="0.96" CONTENT="sä"/><SP WIDTH="17" VPOS="538" HPOS="925"/>
							<String ID="string_129" HPOS="942" VPOS="542" WIDTH="31" HEIGHT="20" WC="0.97" CONTENT="att"/>
						</TextLine>
						<TextLine ID="line_14" HPOS="148" VPOS="566" WIDTH="824" HEIGHT="30">
							<String ID="string_130" HPOS="148" VPOS="566" WIDTH="38" HEIGHT="27" WC="0.96" CONTENT="jag"/><SP WIDTH="19" VPOS="566" HPOS="186"/>
							<String ID="string_131" HPOS="205" VPOS="566" WIDTH="33" HEIGHT="22" WC="0.96" CONTENT="för"/><SP WIDTH="22" VPOS="566" HPOS="238"/>
							<String ID="string_132" HPOS="260" VPOS="567" WIDTH="43" HEIGHT="21" WC="0.96" CONTENT="min"/><SP WIDTH="23" VPOS="567" HPOS="303"/>
							<String ID="string_133" HPOS="326" VPOS="568" WIDTH="33" HEIGHT="21" WC="0.96" CONTENT="del"/><SP WIDTH="17" VPOS="568" HPOS="359"/>
							<String ID="string_134" HPOS="376" VPOS="568" WIDTH="69" HEIGHT="22" WC="0.96" CONTENT="skulle"/><SP WIDTH="20" VPOS="568" HPOS="445"/>
							<String ID="string_135" HPOS="465" VPOS="569" WIDTH="87" HEIGHT="27" WC="0.93" CONTENT="riskera,"/><SP WIDTH="17" VPOS="569" HPOS="552"/>
							<String ID="string_136" HPOS="569" VPOS="576" WIDTH="34" HEIGHT="14" WC="0.96" CONTENT="om"/><SP WIDTH="15" VPOS="576" HPOS="603"/>
							<String ID="string_137" HPOS="618" VPOS="570" WIDTH="40" HEIGHT="21" WC="0.96" CONTENT="ock"/><SP WIDTH="15" VPOS="570" HPOS="658"/>
							<String ID="string_138" HPOS="673" VPOS="569" WIDTH="130" HEIGHT="27" WC="0.95" CONTENT="antagandet"/><SP WIDTH="16" VPOS="569" HPOS="803"/>
							<String ID="string_139" HPOS="819" VPOS="568" WIDTH="22" HEIGHT="22" WC="0.95" CONTENT="af"/><SP WIDTH="14" VPOS="568" HPOS="841"/>
							<String ID="string_140" HPOS="855" VPOS="570" WIDTH="117" HEIGHT="20" WC="0.96" CONTENT="utskottets"/>
						</TextLine>
						<TextLine ID="line_15" HPOS="151" VPOS="595" WIDTH="821" HEIGHT="30">
							<String ID="string_141" HPOS="151" VPOS="595" WIDTH="80" HEIGHT="27" WC="0.96" CONTENT="förslag"/><SP WIDTH="14" VPOS="595" HPOS="231"/>
							<String ID="string_142" HPOS="245" VPOS="596" WIDTH="7" HEIGHT="20" WC="0.96" CONTENT="i"/><SP WIDTH="16" VPOS="596" HPOS="252"/>
							<String ID="string_143" HPOS="268" VPOS="596" WIDTH="69" HEIGHT="22" WC="0.96" CONTENT="denna"/><SP WIDTH="23" VPOS="596" HPOS="337"/>
							<String ID="string_144" HPOS="360" VPOS="597" WIDTH="33" HEIGHT="21" WC="0.95" CONTENT="del"/><SP WIDTH="24" VPOS="597" HPOS="393"/>
							<String ID="string_145" HPOS="417" VPOS="598" WIDTH="41" HEIGHT="21" WC="0.96" CONTENT="kan"/><SP WIDTH="20" VPOS="598" HPOS="458"/>
							<String ID="string_146" HPOS="478" VPOS="598" WIDTH="63" HEIGHT="21" WC="0.95" CONTENT="ställa"/><SP WIDTH="18" VPOS="598" HPOS="541"/>
							<String ID="string_147" HPOS="559" VPOS="598" WIDTH="151" HEIGHT="27" WC="0.96" CONTENT="författningen"/><SP WIDTH="16" VPOS="598" HPOS="710"/>
							<String ID="string_148" HPOS="726" VPOS="598" WIDTH="7" HEIGHT="20" WC="0.96" CONTENT="i"/><SP WIDTH="15" VPOS="598" HPOS="733"/>
							<String ID="string_149" HPOS="748" VPOS="598" WIDTH="51" HEIGHT="26" WC="0.96" CONTENT="fara,"/><SP WIDTH="17" VPOS="598" HPOS="799"/>
							<String ID="string_150" HPOS="816" VPOS="599" WIDTH="32" HEIGHT="20" WC="0.96" CONTENT="att"/><SP WIDTH="15" VPOS="599" HPOS="848"/>
							<String ID="string_151" HPOS="863" VPOS="598" WIDTH="63" HEIGHT="22" WC="0.93" CONTENT="likväl"/><SP WIDTH="16" VPOS="598" HPOS="926"/>
							<String ID="string_152" HPOS="942" VPOS="598" WIDTH="30" HEIGHT="21" WC="0.92" CONTENT="bi-"/>
						</TextLine>
						<TextLine ID="line_16" HPOS="150" VPOS="624" WIDTH="822" HEIGHT="30">
							<String ID="string_153" HPOS="150" VPOS="624" WIDTH="62" HEIGHT="22" WC="0.96" CONTENT="träda"/><SP WIDTH="16" VPOS="624" HPOS="212"/>
							<String ID="string_154" HPOS="228" VPOS="624" WIDTH="37" HEIGHT="22" WC="0.96" CONTENT="det"/><SP WIDTH="15" VPOS="624" HPOS="265"/>
							<String ID="string_155" HPOS="280" VPOS="625" WIDTH="74" HEIGHT="27" WC="0.96" CONTENT="gjorda"/><SP WIDTH="15" VPOS="625" HPOS="354"/>
							<String ID="string_156" HPOS="369" VPOS="626" WIDTH="110" HEIGHT="28" WC="0.95" CONTENT="förslaget."/><SP WIDTH="30" VPOS="626" HPOS="479"/>
							<String ID="string_157" HPOS="509" VPOS="627" WIDTH="42" HEIGHT="27" WC="0.96" CONTENT="Jag"/><SP WIDTH="16" VPOS="627" HPOS="551"/>
							<String ID="string_158" HPOS="567" VPOS="627" WIDTH="38" HEIGHT="22" WC="0.96" CONTENT="ber"/><SP WIDTH="16" VPOS="627" HPOS="605"/>
							<String ID="string_159" HPOS="621" VPOS="628" WIDTH="71" HEIGHT="21" WC="0.96" CONTENT="derför"/><SP WIDTH="14" VPOS="628" HPOS="692"/>
							<String ID="string_160" HPOS="706" VPOS="626" WIDTH="21" HEIGHT="22" WC="0.96" CONTENT="få"/><SP WIDTH="15" VPOS="626" HPOS="727"/>
							<String ID="string_161" HPOS="742" VPOS="627" WIDTH="139" HEIGHT="27" WC="0.93" CONTENT="understödja"/><SP WIDTH="8" VPOS="627" HPOS="881"/>
							<String ID="string_162" HPOS="889" VPOS="628" WIDTH="83" HEIGHT="20" WC="0.93" CONTENT="utskot-"/>
						</TextLine>
						<TextLine ID="line_17" HPOS="149" VPOS="652" WIDTH="145" HEIGHT="28">
							<String ID="string_163" HPOS="149" VPOS="655" WIDTH="43" HEIGHT="19" WC="0.92" CONTENT="tets"/><SP WIDTH="17" VPOS="655" HPOS="192"/>
							<String ID="string_164" HPOS="209" VPOS="652" WIDTH="85" HEIGHT="28" WC="0.96" CONTENT="förslag."/>
						</TextLine>
					</TextBlock>
					<TextBlock ID="block_2" HPOS="142" VPOS="682" WIDTH="831" HEIGHT="547">
						<TextLine ID="line_18" HPOS="217" VPOS="682" WIDTH="755" HEIGHT="30">
							<String ID="string_165" HPOS="217" VPOS="682" WIDTH="56" HEIGHT="22" WC="0.93" CONTENT="Herr"/><SP WIDTH="15" VPOS="682" HPOS="273"/>
							<String ID="string_166" HPOS="288" VPOS="683" WIDTH="139" HEIGHT="23" WC="0.91" CONTENT="Mechelin:"/><SP WIDTH="30" VPOS="683" HPOS="427"/>
							<String ID="string_167" HPOS="457" VPOS="684" WIDTH="42" HEIGHT="22" WC="0.95" CONTENT="Till"/><SP WIDTH="16" VPOS="684" HPOS="499"/>
							<String ID="string_168" HPOS="515" VPOS="684" WIDTH="26" HEIGHT="22" WC="0.96" CONTENT="de"/><SP WIDTH="16" VPOS="684" HPOS="541"/>
							<String ID="string_169" HPOS="557" VPOS="685" WIDTH="187" HEIGHT="27" WC="0.96" CONTENT="omständigheter,"/><SP WIDTH="12" VPOS="685" HPOS="744"/>
							<String ID="string_170" HPOS="756" VPOS="691" WIDTH="45" HEIGHT="15" WC="0.96" CONTENT="som"/><SP WIDTH="13" VPOS="691" HPOS="801"/>
							<String ID="string_171" HPOS="814" VPOS="684" WIDTH="22" HEIGHT="22" WC="0.96" CONTENT="af"/><SP WIDTH="8" VPOS="684" HPOS="836"/>
							<String ID="string_172" HPOS="844" VPOS="685" WIDTH="49" HEIGHT="21" WC="0.93" CONTENT="herr"/><SP WIDTH="12" VPOS="685" HPOS="893"/>
							<String ID="string_173" HPOS="905" VPOS="685" WIDTH="67" HEIGHT="21" WC="0.91" CONTENT="Mont-"/>
						</TextLine>
						<TextLine ID="line_19" HPOS="149" VPOS="712" WIDTH="824" HEIGHT="29">
							<String ID="string_174" HPOS="149" VPOS="716" WIDTH="88" HEIGHT="22" WC="0.91" CONTENT="gomery"/><SP WIDTH="16" VPOS="716" HPOS="237"/>
							<String ID="string_175" HPOS="253" VPOS="712" WIDTH="40" HEIGHT="21" WC="0.96" CONTENT="sist"/><SP WIDTH="19" VPOS="712" HPOS="293"/>
							<String ID="string_176" HPOS="312" VPOS="712" WIDTH="87" HEIGHT="27" WC="0.93" CONTENT="anförts,"/><SP WIDTH="22" VPOS="712" HPOS="399"/>
							<String ID="string_177" HPOS="421" VPOS="714" WIDTH="61" HEIGHT="21" WC="0.92" CONTENT="utber"/><SP WIDTH="17" VPOS="714" HPOS="482"/>
							<String ID="string_178" HPOS="499" VPOS="714" WIDTH="38" HEIGHT="27" WC="0.96" CONTENT="jag"/><SP WIDTH="19" VPOS="714" HPOS="537"/>
							<String ID="string_179" HPOS="556" VPOS="714" WIDTH="43" HEIGHT="26" WC="0.96" CONTENT="mig"/><SP WIDTH="14" VPOS="714" HPOS="599"/>
							<String ID="string_180" HPOS="613" VPOS="714" WIDTH="89" HEIGHT="27" WC="0.96" CONTENT="tillägga"/><SP WIDTH="16" VPOS="714" HPOS="702"/>
							<String ID="string_181" HPOS="718" VPOS="715" WIDTH="31" HEIGHT="19" WC="0.96" CONTENT="ett"/><SP WIDTH="15" VPOS="715" HPOS="749"/>
							<String ID="string_182" HPOS="764" VPOS="720" WIDTH="39" HEIGHT="20" WC="0.96" CONTENT="par"/><SP WIDTH="15" VPOS="720" HPOS="803"/>
							<String ID="string_183" HPOS="818" VPOS="714" WIDTH="44" HEIGHT="21" WC="0.96" CONTENT="ord."/><SP WIDTH="30" VPOS="714" HPOS="862"/>
							<String ID="string_184" HPOS="892" VPOS="714" WIDTH="42" HEIGHT="21" WC="0.96" CONTENT="Det"/><SP WIDTH="16" VPOS="714" HPOS="934"/>
							<String ID="string_185" HPOS="950" VPOS="716" WIDTH="23" HEIGHT="19" WC="0.96" CONTENT="är"/>
						</TextLine>
						<TextLine ID="line_20" HPOS="149" VPOS="739" WIDTH="822" HEIGHT="30">
							<String ID="string_186" HPOS="149" VPOS="739" WIDTH="61" HEIGHT="22" WC="0.96" CONTENT="fallet"/><SP WIDTH="15" VPOS="739" HPOS="210"/>
							<String ID="string_187" HPOS="225" VPOS="741" WIDTH="49" HEIGHT="21" WC="0.93" CONTENT="med"/><SP WIDTH="16" VPOS="741" HPOS="274"/>
							<String ID="string_188" HPOS="290" VPOS="747" WIDTH="64" HEIGHT="15" WC="0.92" CONTENT="onera"/><SP WIDTH="15" VPOS="747" HPOS="354"/>
							<String ID="string_189" HPOS="369" VPOS="742" WIDTH="92" HEIGHT="26" WC="0.91" CONTENT="publica,"/><SP WIDTH="17" VPOS="742" HPOS="461"/>
							<String ID="string_190" HPOS="478" VPOS="743" WIDTH="63" HEIGHT="21" WC="0.96" CONTENT="dessa"/><SP WIDTH="15" VPOS="743" HPOS="541"/>
							<String ID="string_191" HPOS="556" VPOS="743" WIDTH="76" HEIGHT="21" WC="0.96" CONTENT="besvär"/><SP WIDTH="16" VPOS="743" HPOS="632"/>
							<String ID="string_192" HPOS="648" VPOS="749" WIDTH="45" HEIGHT="15" WC="0.96" CONTENT="som"/><SP WIDTH="16" VPOS="749" HPOS="693"/>
							<String ID="string_193" HPOS="709" VPOS="744" WIDTH="88" HEIGHT="25" WC="0.96" CONTENT="utgöras"/><SP WIDTH="16" VPOS="744" HPOS="797"/>
							<String ID="string_194" HPOS="813" VPOS="743" WIDTH="23" HEIGHT="21" WC="0.93" CONTENT="af"/><SP WIDTH="15" VPOS="743" HPOS="836"/>
							<String ID="string_195" HPOS="851" VPOS="742" WIDTH="120" HEIGHT="27" WC="0.92" CONTENT="arbetspre-"/>
						</TextLine>
						<TextLine ID="line_21" HPOS="149" VPOS="768" WIDTH="822" HEIGHT="30">
							<String ID="string_196" HPOS="149" VPOS="768" WIDTH="111" HEIGHT="27" WC="0.96" CONTENT="stationer,"/><SP WIDTH="18" VPOS="768" HPOS="260"/>
							<String ID="string_197" HPOS="278" VPOS="771" WIDTH="31" HEIGHT="19" WC="0.96" CONTENT="att"/><SP WIDTH="15" VPOS="771" HPOS="309"/>
							<String ID="string_198" HPOS="324" VPOS="776" WIDTH="48" HEIGHT="15" WC="0.96" CONTENT="man"/><SP WIDTH="17" VPOS="776" HPOS="372"/>
							<String ID="string_199" HPOS="389" VPOS="771" WIDTH="47" HEIGHT="21" WC="0.96" CONTENT="icke"/><SP WIDTH="15" VPOS="771" HPOS="436"/>
							<String ID="string_200" HPOS="451" VPOS="772" WIDTH="48" HEIGHT="26" WC="0.95" CONTENT="kan,"/><SP WIDTH="18" VPOS="772" HPOS="499"/>
							<String ID="string_201" HPOS="517" VPOS="772" WIDTH="71" HEIGHT="21" WC="0.96" CONTENT="såsom"/><SP WIDTH="15" VPOS="772" HPOS="588"/>
							<String ID="string_202" HPOS="603" VPOS="772" WIDTH="49" HEIGHT="21" WC="0.95" CONTENT="med"/><SP WIDTH="16" VPOS="772" HPOS="652"/>
							<String ID="string_203" HPOS="668" VPOS="772" WIDTH="90" HEIGHT="25" WC="0.96" CONTENT="skatter,"/><SP WIDTH="17" VPOS="772" HPOS="758"/>
							<String ID="string_204" HPOS="775" VPOS="771" WIDTH="6" HEIGHT="21" WC="0.96" CONTENT="i"/><SP WIDTH="16" VPOS="771" HPOS="781"/>
							<String ID="string_205" HPOS="797" VPOS="771" WIDTH="74" HEIGHT="27" WC="0.92" CONTENT="sjelfva"/><SP WIDTH="18" VPOS="771" HPOS="871"/>
							<String ID="string_206" HPOS="889" VPOS="771" WIDTH="82" HEIGHT="21" WC="0.92" CONTENT="författ-"/>
						</TextLine>
						<TextLine ID="line_22" HPOS="148" VPOS="797" WIDTH="823" HEIGHT="30">
							<String ID="string_207" HPOS="148" VPOS="797" WIDTH="76" HEIGHT="27" WC="0.96" CONTENT="ningen"/><SP WIDTH="23" VPOS="797" HPOS="224"/>
							<String ID="string_208" HPOS="247" VPOS="798" WIDTH="109" HEIGHT="22" WC="0.96" CONTENT="bestämdt"/><SP WIDTH="22" VPOS="798" HPOS="356"/>
							<String ID="string_209" HPOS="378" VPOS="799" WIDTH="32" HEIGHT="22" WC="0.96" CONTENT="för"/><SP WIDTH="22" VPOS="799" HPOS="410"/>
							<String ID="string_210" HPOS="432" VPOS="800" WIDTH="49" HEIGHT="21" WC="0.96" CONTENT="hela"/><SP WIDTH="23" VPOS="800" HPOS="481"/>
							<String ID="string_211" HPOS="504" VPOS="800" WIDTH="58" HEIGHT="22" WC="0.96" CONTENT="tiden"/><SP WIDTH="21" VPOS="800" HPOS="562"/>
							<String ID="string_212" HPOS="583" VPOS="800" WIDTH="22" HEIGHT="22" WC="0.96" CONTENT="af"/><SP WIDTH="16" VPOS="800" HPOS="605"/>
							<String ID="string_213" HPOS="621" VPOS="801" WIDTH="49" HEIGHT="21" WC="0.96" CONTENT="dess"/><SP WIDTH="18" VPOS="801" HPOS="670"/>
							<String ID="string_214" HPOS="688" VPOS="800" WIDTH="99" HEIGHT="27" WC="0.96" CONTENT="giltighet"/><SP WIDTH="23" VPOS="800" HPOS="787"/>
							<String ID="string_215" HPOS="810" VPOS="800" WIDTH="107" HEIGHT="21" WC="0.96" CONTENT="fastställa"/><SP WIDTH="15" VPOS="800" HPOS="917"/>
							<String ID="string_216" HPOS="932" VPOS="801" WIDTH="39" HEIGHT="21" WC="0.96" CONTENT="och"/>
						</TextLine>
						<TextLine ID="line_23" HPOS="147" VPOS="827" WIDTH="824" HEIGHT="29">
							<String ID="string_217" HPOS="147" VPOS="827" WIDTH="90" HEIGHT="25" WC="0.96" CONTENT="utsätta,"/><SP WIDTH="25" VPOS="827" HPOS="237"/>
							<String ID="string_218" HPOS="262" VPOS="827" WIDTH="53" HEIGHT="21" WC="0.96" CONTENT="huru"/><SP WIDTH="23" VPOS="827" HPOS="315"/>
							<String ID="string_219" HPOS="338" VPOS="828" WIDTH="86" HEIGHT="27" WC="0.93" CONTENT="mycket"/><SP WIDTH="20" VPOS="828" HPOS="424"/>
							<String ID="string_220" HPOS="444" VPOS="829" WIDTH="78" HEIGHT="21" WC="0.92" CONTENT="enhvar"/><SP WIDTH="15" VPOS="829" HPOS="522"/>
							<String ID="string_221" HPOS="537" VPOS="829" WIDTH="61" HEIGHT="21" WC="0.95" CONTENT="deraf"/><SP WIDTH="13" VPOS="829" HPOS="598"/>
							<String ID="string_222" HPOS="611" VPOS="830" WIDTH="54" HEIGHT="20" WC="0.96" CONTENT="skall"/><SP WIDTH="17" VPOS="830" HPOS="665"/>
							<String ID="string_223" HPOS="682" VPOS="829" WIDTH="100" HEIGHT="21" WC="0.96" CONTENT="drabbas."/><SP WIDTH="31" VPOS="829" HPOS="782"/>
							<String ID="string_224" HPOS="813" VPOS="829" WIDTH="63" HEIGHT="21" WC="0.95" CONTENT="Såväl"/><SP WIDTH="15" VPOS="829" HPOS="876"/>
							<String ID="string_225" HPOS="891" VPOS="830" WIDTH="6" HEIGHT="20" WC="0.95" CONTENT="i"/><SP WIDTH="16" VPOS="830" HPOS="897"/>
							<String ID="string_226" HPOS="913" VPOS="829" WIDTH="58" HEIGHT="27" WC="0.96" CONTENT="fråga"/>
						</TextLine>
						<TextLine ID="line_24" HPOS="148" VPOS="855" WIDTH="822" HEIGHT="30">
							<String ID="string_227" HPOS="148" VPOS="861" WIDTH="33" HEIGHT="14" WC="0.93" CONTENT="om"/><SP WIDTH="16" VPOS="861" HPOS="181"/>
							<String ID="string_228" HPOS="197" VPOS="855" WIDTH="193" HEIGHT="29" WC="0.91" CONTENT="hållskjutsningen"/><SP WIDTH="24" VPOS="855" HPOS="390"/>
							<String ID="string_229" HPOS="414" VPOS="864" WIDTH="44" HEIGHT="15" WC="0.96" CONTENT="som"/><SP WIDTH="17" VPOS="864" HPOS="458"/>
							<String ID="string_230" HPOS="475" VPOS="858" WIDTH="109" HEIGHT="27" WC="0.93" CONTENT="angående"/><SP WIDTH="16" VPOS="858" HPOS="584"/>
							<String ID="string_231" HPOS="600" VPOS="860" WIDTH="51" HEIGHT="25" WC="0.93" CONTENT="väg-"/><SP WIDTH="16" VPOS="860" HPOS="651"/>
							<String ID="string_232" HPOS="667" VPOS="858" WIDTH="40" HEIGHT="22" WC="0.93" CONTENT="och"/><SP WIDTH="16" VPOS="858" HPOS="707"/>
							<String ID="string_233" HPOS="723" VPOS="858" WIDTH="139" HEIGHT="26" WC="0.92" CONTENT="brobyggnad"/><SP WIDTH="15" VPOS="858" HPOS="862"/>
							<String ID="string_234" HPOS="877" VPOS="858" WIDTH="93" HEIGHT="21" WC="0.92" CONTENT="innehål-"/>
						</TextLine>
						<TextLine ID="line_25" HPOS="147" VPOS="883" WIDTH="823" HEIGHT="30">
							<String ID="string_235" HPOS="147" VPOS="883" WIDTH="32" HEIGHT="21" WC="0.96" CONTENT="ler"/><SP WIDTH="14" VPOS="883" HPOS="179"/>
							<String ID="string_236" HPOS="193" VPOS="884" WIDTH="152" HEIGHT="28" WC="0.96" CONTENT="författningen"/><SP WIDTH="23" VPOS="884" HPOS="345"/>
							<String ID="string_237" HPOS="368" VPOS="886" WIDTH="127" HEIGHT="26" WC="0.96" CONTENT="grunderna,"/><SP WIDTH="18" VPOS="886" HPOS="495"/>
							<String ID="string_238" HPOS="513" VPOS="887" WIDTH="26" HEIGHT="21" WC="0.96" CONTENT="de"/><SP WIDTH="16" VPOS="887" HPOS="539"/>
							<String ID="string_239" HPOS="555" VPOS="887" WIDTH="107" HEIGHT="21" WC="0.93" CONTENT="allmänna"/><SP WIDTH="16" VPOS="887" HPOS="662"/>
							<String ID="string_240" HPOS="678" VPOS="886" WIDTH="153" HEIGHT="27" WC="0.88" CONTENT="stadgandena,"/><SP WIDTH="17" VPOS="886" HPOS="831"/>
							<String ID="string_241" HPOS="848" VPOS="886" WIDTH="33" HEIGHT="22" WC="0.93" CONTENT="för"/><SP WIDTH="15" VPOS="886" HPOS="881"/>
							<String ID="string_242" HPOS="896" VPOS="887" WIDTH="74" HEIGHT="21" WC="0.92" CONTENT="besvä-"/>
						</TextLine>
						<TextLine ID="line_26" HPOS="146" VPOS="912" WIDTH="824" HEIGHT="30">
							<String ID="string_243" HPOS="146" VPOS="914" WIDTH="44" HEIGHT="19" WC="0.90" CONTENT="rets"/><SP WIDTH="15" VPOS="914" HPOS="190"/>
							<String ID="string_244" HPOS="205" VPOS="912" WIDTH="133" HEIGHT="28" WC="0.96" CONTENT="fullgörande"/><SP WIDTH="17" VPOS="912" HPOS="338"/>
							<String ID="string_245" HPOS="355" VPOS="915" WIDTH="39" HEIGHT="21" WC="0.96" CONTENT="och"/><SP WIDTH="16" VPOS="915" HPOS="394"/>
							<String ID="string_246" HPOS="410" VPOS="915" WIDTH="65" HEIGHT="21" WC="0.96" CONTENT="likväl"/><SP WIDTH="14" VPOS="915" HPOS="475"/>
							<String ID="string_247" HPOS="489" VPOS="916" WIDTH="64" HEIGHT="21" WC="0.96" CONTENT="beror"/><SP WIDTH="15" VPOS="916" HPOS="553"/>
							<String ID="string_248" HPOS="568" VPOS="916" WIDTH="37" HEIGHT="21" WC="0.96" CONTENT="det"/><SP WIDTH="14" VPOS="916" HPOS="605"/>
							<String ID="string_249" HPOS="619" VPOS="916" WIDTH="6" HEIGHT="21" WC="0.96" CONTENT="i"/><SP WIDTH="16" VPOS="916" HPOS="625"/>
							<String ID="string_250" HPOS="641" VPOS="916" WIDTH="43" HEIGHT="26" WC="0.96" CONTENT="hög"/><SP WIDTH="15" VPOS="916" HPOS="684"/>
							<String ID="string_251" HPOS="699" VPOS="915" WIDTH="53" HEIGHT="27" WC="0.96" CONTENT="grad"/><SP WIDTH="15" VPOS="915" HPOS="752"/>
							<String ID="string_252" HPOS="767" VPOS="916" WIDTH="28" HEIGHT="26" WC="0.96" CONTENT="på"/><SP WIDTH="15" VPOS="916" HPOS="795"/>
							<String ID="string_253" HPOS="810" VPOS="916" WIDTH="160" HEIGHT="26" WC="0.96" CONTENT="tillämpningen"/>
						</TextLine>
						<TextLine ID="line_27" HPOS="147" VPOS="942" WIDTH="825" HEIGHT="29">
							<String ID="string_254" HPOS="147" VPOS="947" WIDTH="33" HEIGHT="15" WC="0.96" CONTENT="om"/><SP WIDTH="24" VPOS="947" HPOS="180"/>
							<String ID="string_255" HPOS="204" VPOS="942" WIDTH="32" HEIGHT="25" WC="0.94" CONTENT="de,"/><SP WIDTH="25" VPOS="942" HPOS="236"/>
							<String ID="string_256" HPOS="261" VPOS="948" WIDTH="45" HEIGHT="15" WC="0.96" CONTENT="som"/><SP WIDTH="24" VPOS="948" HPOS="306"/>
							<String ID="string_257" HPOS="330" VPOS="946" WIDTH="36" HEIGHT="18" WC="0.96" CONTENT="äro"/><SP WIDTH="24" VPOS="946" HPOS="366"/>
							<String ID="string_258" HPOS="390" VPOS="944" WIDTH="98" HEIGHT="27" WC="0.96" CONTENT="skyldiga"/><SP WIDTH="23" VPOS="944" HPOS="488"/>
							<String ID="string_259" HPOS="511" VPOS="947" WIDTH="32" HEIGHT="18" WC="0.96" CONTENT="att"/><SP WIDTH="15" VPOS="947" HPOS="543"/>
							<String ID="string_260" HPOS="558" VPOS="944" WIDTH="91" HEIGHT="27" WC="0.96" CONTENT="fullgöra"/><SP WIDTH="15" VPOS="944" HPOS="649"/>
							<String ID="string_261" HPOS="664" VPOS="945" WIDTH="78" HEIGHT="20" WC="0.92" CONTENT="sådant"/><SP WIDTH="16" VPOS="945" HPOS="742"/>
							<String ID="string_262" HPOS="758" VPOS="950" WIDTH="59" HEIGHT="20" WC="0.92" CONTENT="onus,"/><SP WIDTH="18" VPOS="950" HPOS="817"/>
							<String ID="string_263" HPOS="835" VPOS="944" WIDTH="61" HEIGHT="21" WC="0.96" CONTENT="skola"/><SP WIDTH="16" VPOS="944" HPOS="896"/>
							<String ID="string_264" HPOS="912" VPOS="944" WIDTH="60" HEIGHT="22" WC="0.96" CONTENT="deraf"/>
						</TextLine>
						<TextLine ID="line_28" HPOS="145" VPOS="970" WIDTH="823" HEIGHT="30">
							<String ID="string_265" HPOS="145" VPOS="976" WIDTH="59" HEIGHT="15" WC="0.96" CONTENT="mera"/><SP WIDTH="16" VPOS="976" HPOS="204"/>
							<String ID="string_266" HPOS="220" VPOS="970" WIDTH="52" HEIGHT="22" WC="0.96" CONTENT="eller"/><SP WIDTH="16" VPOS="970" HPOS="272"/>
							<String ID="string_267" HPOS="288" VPOS="971" WIDTH="80" HEIGHT="22" WC="0.96" CONTENT="mindre"/><SP WIDTH="17" VPOS="971" HPOS="368"/>
							<String ID="string_268" HPOS="385" VPOS="972" WIDTH="98" HEIGHT="22" WC="0.96" CONTENT="drabbas."/><SP WIDTH="31" VPOS="972" HPOS="483"/>
							<String ID="string_269" HPOS="514" VPOS="973" WIDTH="43" HEIGHT="22" WC="0.96" CONTENT="Det"/><SP WIDTH="14" VPOS="973" HPOS="557"/>
							<String ID="string_270" HPOS="571" VPOS="973" WIDTH="42" HEIGHT="21" WC="0.96" CONTENT="kan"/><SP WIDTH="15" VPOS="973" HPOS="613"/>
							<String ID="string_271" HPOS="628" VPOS="980" WIDTH="30" HEIGHT="14" WC="0.96" CONTENT="nu"/><SP WIDTH="14" VPOS="980" HPOS="658"/>
							<String ID="string_272" HPOS="672" VPOS="973" WIDTH="49" HEIGHT="22" WC="0.96" CONTENT="icke"/><SP WIDTH="17" VPOS="973" HPOS="721"/>
							<String ID="string_273" HPOS="738" VPOS="979" WIDTH="75" HEIGHT="20" WC="0.96" CONTENT="genom"/><SP WIDTH="10" VPOS="979" HPOS="813"/>
							<String ID="string_274" HPOS="823" VPOS="973" WIDTH="74" HEIGHT="27" WC="0.96" CONTENT="sjelfva"/><SP WIDTH="10" VPOS="973" HPOS="897"/>
							<String ID="string_275" HPOS="907" VPOS="973" WIDTH="61" HEIGHT="27" WC="0.96" CONTENT="lagen"/>
						</TextLine>
						<TextLine ID="line_29" HPOS="145" VPOS="998" WIDTH="823" HEIGHT="30">
							<String ID="string_276" HPOS="145" VPOS="999" WIDTH="27" HEIGHT="26" WC="0.96" CONTENT="på"/><SP WIDTH="23" VPOS="999" HPOS="172"/>
							<String ID="string_277" HPOS="195" VPOS="998" WIDTH="91" HEIGHT="22" WC="0.93" CONTENT="förhand"/><SP WIDTH="23" VPOS="998" HPOS="286"/>
							<String ID="string_278" HPOS="309" VPOS="1007" WIDTH="115" HEIGHT="20" WC="0.89" CONTENT="normeras,"/><SP WIDTH="18" VPOS="1007" HPOS="424"/>
							<String ID="string_279" HPOS="442" VPOS="1002" WIDTH="89" HEIGHT="21" WC="0.92" CONTENT="oaktadt"/><SP WIDTH="16" VPOS="1002" HPOS="531"/>
							<String ID="string_280" HPOS="547" VPOS="1002" WIDTH="37" HEIGHT="21" WC="0.96" CONTENT="det"/><SP WIDTH="16" VPOS="1002" HPOS="584"/>
							<String ID="string_281" HPOS="600" VPOS="1002" WIDTH="54" HEIGHT="21" WC="0.96" CONTENT="dock"/><SP WIDTH="17" VPOS="1002" HPOS="654"/>
							<String ID="string_282" HPOS="671" VPOS="1004" WIDTH="24" HEIGHT="19" WC="0.96" CONTENT="är"/><SP WIDTH="15" VPOS="1004" HPOS="695"/>
							<String ID="string_283" HPOS="710" VPOS="1007" WIDTH="27" HEIGHT="16" WC="0.93" CONTENT="en"/><SP WIDTH="15" VPOS="1007" HPOS="737"/>
							<String ID="string_284" HPOS="752" VPOS="1001" WIDTH="216" HEIGHT="27" WC="0.91" CONTENT="beskattningsfräga."/>
						</TextLine>
						<TextLine ID="line_30" HPOS="145" VPOS="1027" WIDTH="824" HEIGHT="30">
							<String ID="string_285" HPOS="145" VPOS="1027" WIDTH="33" HEIGHT="21" WC="0.96" CONTENT="Då"/><SP WIDTH="15" VPOS="1027" HPOS="178"/>
							<String ID="string_286" HPOS="193" VPOS="1028" WIDTH="78" HEIGHT="21" WC="0.95" CONTENT="sådant"/><SP WIDTH="16" VPOS="1028" HPOS="271"/>
							<String ID="string_287" HPOS="287" VPOS="1031" WIDTH="23" HEIGHT="18" WC="0.96" CONTENT="är"/><SP WIDTH="14" VPOS="1031" HPOS="310"/>
							<String ID="string_288" HPOS="324" VPOS="1029" WIDTH="150" HEIGHT="28" WC="0.95" CONTENT="förhållandet,"/><SP WIDTH="17" VPOS="1029" HPOS="474"/>
							<String ID="string_289" HPOS="491" VPOS="1031" WIDTH="40" HEIGHT="21" WC="0.96" CONTENT="och"/><SP WIDTH="16" VPOS="1031" HPOS="531"/>
							<String ID="string_290" HPOS="547" VPOS="1031" WIDTH="74" HEIGHT="26" WC="0.96" CONTENT="sjelfva"/><SP WIDTH="16" VPOS="1031" HPOS="621"/>
							<String ID="string_291" HPOS="637" VPOS="1031" WIDTH="161" HEIGHT="26" WC="0.96" CONTENT="tillämpningen"/><SP WIDTH="16" VPOS="1031" HPOS="798"/>
							<String ID="string_292" HPOS="814" VPOS="1030" WIDTH="22" HEIGHT="21" WC="0.93" CONTENT="af"/><SP WIDTH="13" VPOS="1030" HPOS="836"/>
							<String ID="string_293" HPOS="849" VPOS="1030" WIDTH="120" HEIGHT="22" WC="0.92" CONTENT="författnin-"/>
						</TextLine>
						<TextLine ID="line_31" HPOS="145" VPOS="1057" WIDTH="824" HEIGHT="30">
							<String ID="string_294" HPOS="145" VPOS="1062" WIDTH="40" HEIGHT="20" WC="0.96" CONTENT="gen"/><SP WIDTH="23" VPOS="1062" HPOS="185"/>
							<String ID="string_295" HPOS="208" VPOS="1057" WIDTH="66" HEIGHT="21" WC="0.95" CONTENT="redan"/><SP WIDTH="23" VPOS="1057" HPOS="274"/>
							<String ID="string_296" HPOS="297" VPOS="1057" WIDTH="39" HEIGHT="22" WC="0.96" CONTENT="har"/><SP WIDTH="15" VPOS="1057" HPOS="336"/>
							<String ID="string_297" HPOS="351" VPOS="1059" WIDTH="116" HEIGHT="27" WC="0.95" CONTENT="väsentligt"/><SP WIDTH="20" VPOS="1059" HPOS="467"/>
							<String ID="string_298" HPOS="487" VPOS="1058" WIDTH="116" HEIGHT="29" WC="0.96" CONTENT="inflytande"/><SP WIDTH="15" VPOS="1058" HPOS="603"/>
							<String ID="string_299" HPOS="618" VPOS="1060" WIDTH="28" HEIGHT="26" WC="0.96" CONTENT="på"/><SP WIDTH="15" VPOS="1060" HPOS="646"/>
							<String ID="string_300" HPOS="661" VPOS="1059" WIDTH="93" HEIGHT="28" WC="0.96" CONTENT="tyngden"/><SP WIDTH="17" VPOS="1059" HPOS="754"/>
							<String ID="string_301" HPOS="771" VPOS="1059" WIDTH="23" HEIGHT="21" WC="0.96" CONTENT="af"/><SP WIDTH="13" VPOS="1059" HPOS="794"/>
							<String ID="string_302" HPOS="807" VPOS="1059" WIDTH="162" HEIGHT="26" WC="0.96" CONTENT="ifrågavarande"/>
						</TextLine>
						<TextLine ID="line_32" HPOS="145" VPOS="1085" WIDTH="825" HEIGHT="30">
							<String ID="string_303" HPOS="145" VPOS="1091" WIDTH="59" HEIGHT="20" WC="0.88" CONTENT="onus,"/><SP WIDTH="24" VPOS="1091" HPOS="204"/>
							<String ID="string_304" HPOS="228" VPOS="1085" WIDTH="25" HEIGHT="22" WC="0.95" CONTENT="så"/><SP WIDTH="23" VPOS="1085" HPOS="253"/>
							<String ID="string_305" HPOS="276" VPOS="1086" WIDTH="66" HEIGHT="22" WC="0.96" CONTENT="borde"/><SP WIDTH="21" VPOS="1086" HPOS="342"/>
							<String ID="string_306" HPOS="363" VPOS="1087" WIDTH="37" HEIGHT="22" WC="0.96" CONTENT="det"/><SP WIDTH="16" VPOS="1087" HPOS="400"/>
							<String ID="string_307" HPOS="416" VPOS="1088" WIDTH="24" HEIGHT="21" WC="0.96" CONTENT="så"/><SP WIDTH="16" VPOS="1088" HPOS="440"/>
							<String ID="string_308" HPOS="456" VPOS="1089" WIDTH="84" HEIGHT="26" WC="0.96" CONTENT="mycket"/><SP WIDTH="15" VPOS="1089" HPOS="540"/>
							<String ID="string_309" HPOS="555" VPOS="1088" WIDTH="81" HEIGHT="21" WC="0.92" CONTENT="mindre"/><SP WIDTH="16" VPOS="1088" HPOS="636"/>
							<String ID="string_310" HPOS="652" VPOS="1088" WIDTH="155" HEIGHT="27" WC="0.92" CONTENT="ifrågakomma"/><SP WIDTH="16" VPOS="1088" HPOS="807"/>
							<String ID="string_311" HPOS="823" VPOS="1090" WIDTH="32" HEIGHT="19" WC="0.95" CONTENT="att"/><SP WIDTH="16" VPOS="1090" HPOS="855"/>
							<String ID="string_312" HPOS="871" VPOS="1088" WIDTH="99" HEIGHT="21" WC="0.96" CONTENT="betrakta"/>
						</TextLine>
						<TextLine ID="line_33" HPOS="144" VPOS="1113" WIDTH="825" HEIGHT="31">
							<String ID="string_313" HPOS="144" VPOS="1113" WIDTH="58" HEIGHT="22" WC="0.96" CONTENT="vissa"/><SP WIDTH="23" VPOS="1113" HPOS="202"/>
							<String ID="string_314" HPOS="225" VPOS="1115" WIDTH="133" HEIGHT="26" WC="0.96" CONTENT="stadganden"/><SP WIDTH="16" VPOS="1115" HPOS="358"/>
							<String ID="string_315" HPOS="374" VPOS="1116" WIDTH="7" HEIGHT="21" WC="0.96" CONTENT="i"/><SP WIDTH="15" VPOS="1116" HPOS="381"/>
							<String ID="string_316" HPOS="396" VPOS="1115" WIDTH="153" HEIGHT="29" WC="0.96" CONTENT="författningen"/><SP WIDTH="24" VPOS="1115" HPOS="549"/>
							<String ID="string_317" HPOS="573" VPOS="1117" WIDTH="71" HEIGHT="21" WC="0.93" CONTENT="såsom"/><SP WIDTH="23" VPOS="1117" HPOS="644"/>
							<String ID="string_318" HPOS="667" VPOS="1117" WIDTH="93" HEIGHT="21" WC="0.96" CONTENT="varande"/><SP WIDTH="17" VPOS="1117" HPOS="760"/>
							<String ID="string_319" HPOS="777" VPOS="1116" WIDTH="22" HEIGHT="21" WC="0.96" CONTENT="af"/><SP WIDTH="16" VPOS="1116" HPOS="799"/>
							<String ID="string_320" HPOS="815" VPOS="1117" WIDTH="154" HEIGHT="22" WC="0.96" CONTENT="administrativ"/>
						</TextLine>
						<TextLine ID="line_34" HPOS="143" VPOS="1143" WIDTH="826" HEIGHT="30">
							<String ID="string_321" HPOS="143" VPOS="1144" WIDTH="69" HEIGHT="19" WC="0.95" CONTENT="natur."/><SP WIDTH="31" VPOS="1144" HPOS="212"/>
							<String ID="string_322" HPOS="243" VPOS="1143" WIDTH="29" HEIGHT="21" WC="0.93" CONTENT="Af"/><SP WIDTH="14" VPOS="1143" HPOS="272"/>
							<String ID="string_323" HPOS="286" VPOS="1144" WIDTH="64" HEIGHT="21" WC="0.95" CONTENT="dessa"/><SP WIDTH="16" VPOS="1144" HPOS="350"/>
							<String ID="string_324" HPOS="366" VPOS="1145" WIDTH="46" HEIGHT="20" WC="0.95" CONTENT="skäl"/><SP WIDTH="17" VPOS="1145" HPOS="412"/>
							<String ID="string_325" HPOS="429" VPOS="1145" WIDTH="39" HEIGHT="22" WC="0.95" CONTENT="och"/><SP WIDTH="16" VPOS="1145" HPOS="468"/>
							<String ID="string_326" HPOS="484" VPOS="1146" WIDTH="48" HEIGHT="21" WC="0.97" CONTENT="med"/><SP WIDTH="16" VPOS="1146" HPOS="532"/>
							<String ID="string_327" HPOS="548" VPOS="1145" WIDTH="101" HEIGHT="22" WC="0.93" CONTENT="afseende"/><SP WIDTH="17" VPOS="1145" HPOS="649"/>
							<String ID="string_328" HPOS="666" VPOS="1146" WIDTH="12" HEIGHT="21" WC="0.92" CONTENT="å"/><SP WIDTH="14" VPOS="1146" HPOS="678"/>
							<String ID="string_329" HPOS="692" VPOS="1145" WIDTH="57" HEIGHT="22" WC="0.96" CONTENT="hvad"/><SP WIDTH="14" VPOS="1145" HPOS="749"/>
							<String ID="string_330" HPOS="763" VPOS="1145" WIDTH="50" HEIGHT="22" WC="0.96" CONTENT="herr"/><SP WIDTH="10" VPOS="1145" HPOS="813"/>
							<String ID="string_331" HPOS="823" VPOS="1146" WIDTH="146" HEIGHT="27" WC="0.96" CONTENT="Montgomery"/>
						</TextLine>
						<TextLine ID="line_35" HPOS="143" VPOS="1171" WIDTH="826" HEIGHT="30">
							<String ID="string_332" HPOS="143" VPOS="1171" WIDTH="72" HEIGHT="21" WC="0.96" CONTENT="anfört"/><SP WIDTH="16" VPOS="1171" HPOS="215"/>
							<String ID="string_333" HPOS="231" VPOS="1178" WIDTH="34" HEIGHT="15" WC="0.93" CONTENT="om"/><SP WIDTH="16" VPOS="1178" HPOS="265"/>
							<String ID="string_334" HPOS="281" VPOS="1173" WIDTH="23" HEIGHT="20" WC="0.92" CONTENT="B."/><SP WIDTH="17" VPOS="1173" HPOS="304"/>
							<String ID="string_335" HPOS="321" VPOS="1173" WIDTH="37" HEIGHT="21" WC="0.96" CONTENT="B:s"/><SP WIDTH="16" VPOS="1173" HPOS="358"/>
							<String ID="string_336" HPOS="374" VPOS="1173" WIDTH="103" HEIGHT="28" WC="0.96" CONTENT="ställning"/><SP WIDTH="14" VPOS="1173" HPOS="477"/>
							<String ID="string_337" HPOS="491" VPOS="1175" WIDTH="7" HEIGHT="20" WC="0.96" CONTENT="i"/><SP WIDTH="15" VPOS="1175" HPOS="498"/>
							<String ID="string_338" HPOS="513" VPOS="1175" WIDTH="38" HEIGHT="20" WC="0.96" CONTENT="vår"/><SP WIDTH="15" VPOS="1175" HPOS="551"/>
							<String ID="string_339" HPOS="566" VPOS="1175" WIDTH="35" HEIGHT="26" WC="0.96" CONTENT="lag"/><SP WIDTH="15" VPOS="1175" HPOS="601"/>
							<String ID="string_340" HPOS="616" VPOS="1175" WIDTH="6" HEIGHT="20" WC="0.97" CONTENT="i"/><SP WIDTH="16" VPOS="1175" HPOS="622"/>
							<String ID="string_341" HPOS="638" VPOS="1175" WIDTH="60" HEIGHT="26" WC="0.96" CONTENT="fråga"/><SP WIDTH="16" VPOS="1175" HPOS="698"/>
							<String ID="string_342" HPOS="714" VPOS="1181" WIDTH="34" HEIGHT="14" WC="0.89" CONTENT="om"/><SP WIDTH="15" VPOS="1181" HPOS="748"/>
							<String ID="string_343" HPOS="763" VPOS="1174" WIDTH="206" HEIGHT="27" WC="0.89" CONTENT="lagstiftningskom-"/>
						</TextLine>
						<TextLine ID="line_36" HPOS="142" VPOS="1201" WIDTH="720" HEIGHT="28">
							<String ID="string_344" HPOS="142" VPOS="1202" WIDTH="112" HEIGHT="25" WC="0.90" CONTENT="petensen,"/><SP WIDTH="18" VPOS="1202" HPOS="254"/>
							<String ID="string_345" HPOS="272" VPOS="1201" WIDTH="37" HEIGHT="22" WC="0.96" CONTENT="ber"/><SP WIDTH="13" VPOS="1201" HPOS="309"/>
							<String ID="string_346" HPOS="322" VPOS="1202" WIDTH="38" HEIGHT="27" WC="0.96" CONTENT="jag"/><SP WIDTH="16" VPOS="1202" HPOS="360"/>
							<String ID="string_347" HPOS="376" VPOS="1202" WIDTH="67" HEIGHT="21" WC="0.96" CONTENT="också"/><SP WIDTH="16" VPOS="1202" HPOS="443"/>
							<String ID="string_348" HPOS="459" VPOS="1205" WIDTH="32" HEIGHT="19" WC="0.96" CONTENT="att"/><SP WIDTH="14" VPOS="1205" HPOS="491"/>
							<String ID="string_349" HPOS="505" VPOS="1203" WIDTH="22" HEIGHT="21" WC="0.96" CONTENT="få"/><SP WIDTH="15" VPOS="1203" HPOS="527"/>
							<String ID="string_350" HPOS="542" VPOS="1203" WIDTH="85" HEIGHT="22" WC="0.95" CONTENT="förorda"/><SP WIDTH="15" VPOS="1203" HPOS="627"/>
							<String ID="string_351" HPOS="642" VPOS="1204" WIDTH="120" HEIGHT="21" WC="0.96" CONTENT="utskottets"/><SP WIDTH="15" VPOS="1204" HPOS="762"/>
							<String ID="string_352" HPOS="777" VPOS="1203" WIDTH="85" HEIGHT="26" WC="0.96" CONTENT="förslag."/>
						</TextLine>
					</TextBlock>
					<TextBlock ID="block_3" HPOS="142" VPOS="1229" WIDTH="827" HEIGHT="53">
						<TextLine ID="line_37" HPOS="230" VPOS="1229" WIDTH="739" HEIGHT="30">
							<String ID="string_353" HPOS="230" VPOS="1229" WIDTH="12" HEIGHT="21" WC="0.93" CONTENT="å"/><SP WIDTH="23" VPOS="1229" HPOS="242"/>
							<String ID="string_354" HPOS="265" VPOS="1230" WIDTH="50" HEIGHT="21" WC="0.93" CONTENT="herr"/><SP WIDTH="22" VPOS="1230" HPOS="315"/>
							<String ID="string_355" HPOS="337" VPOS="1231" WIDTH="218" HEIGHT="22" WC="0.90" CONTENT="Landtmarskalkens"/><SP WIDTH="23" VPOS="1231" HPOS="555"/>
							<String ID="string_356" HPOS="578" VPOS="1232" WIDTH="157" HEIGHT="27" WC="0.96" CONTENT="framställning"/><SP WIDTH="19" VPOS="1232" HPOS="735"/>
							<String ID="string_357" HPOS="754" VPOS="1232" WIDTH="113" HEIGHT="26" WC="0.96" CONTENT="godkände"/><SP WIDTH="16" VPOS="1232" HPOS="867"/>
							<String ID="string_358" HPOS="883" VPOS="1232" WIDTH="86" HEIGHT="21" WC="0.96" CONTENT="ståndet"/>
						</TextLine>
						<TextLine ID="line_38" HPOS="142" VPOS="1257" WIDTH="399" HEIGHT="25">
							<String ID="string_359" HPOS="142" VPOS="1257" WIDTH="69" HEIGHT="22" WC="0.96" CONTENT="denna"/><SP WIDTH="15" VPOS="1257" HPOS="211"/>
							<String ID="string_360" HPOS="226" VPOS="1259" WIDTH="120" HEIGHT="22" WC="0.93" CONTENT="utskottets"/><SP WIDTH="16" VPOS="1259" HPOS="346"/>
							<String ID="string_361" HPOS="362" VPOS="1259" WIDTH="179" HEIGHT="23" WC="0.91" CONTENT="sluthemställan."/>
						</TextLine>
					</TextBlock>
				</ComposedBlock>
				<ComposedBlock ID="cblock_3" HPOS="135" VPOS="1345" WIDTH="832" HEIGHT="232">
					<TextBlock ID="block_4" HPOS="136" VPOS="1345" WIDTH="831" HEIGHT="172">
						<TextLine ID="line_39" HPOS="207" VPOS="1345" WIDTH="760" HEIGHT="29">
							<String ID="string_362" HPOS="207" VPOS="1345" WIDTH="73" HEIGHT="26" WC="0.93" CONTENT="Enligt"/><SP WIDTH="22" VPOS="1345" HPOS="280"/>
							<String ID="string_363" HPOS="302" VPOS="1345" WIDTH="226" HEIGHT="29" WC="0.91" CONTENT="föredragningslistan"/><SP WIDTH="25" VPOS="1345" HPOS="528"/>
							<String ID="string_364" HPOS="553" VPOS="1347" WIDTH="69" HEIGHT="22" WC="0.96" CONTENT="skulle"/><SP WIDTH="22" VPOS="1347" HPOS="622"/>
							<String ID="string_365" HPOS="644" VPOS="1354" WIDTH="28" HEIGHT="14" WC="0.92" CONTENT="nu"/><SP WIDTH="18" VPOS="1354" HPOS="672"/>
							<String ID="string_366" HPOS="690" VPOS="1347" WIDTH="84" HEIGHT="21" WC="0.92" CONTENT="förestå"/><SP WIDTH="15" VPOS="1347" HPOS="774"/>
							<String ID="string_367" HPOS="789" VPOS="1347" WIDTH="33" HEIGHT="20" WC="0.95" CONTENT="till"/><SP WIDTH="15" VPOS="1347" HPOS="822"/>
							<String ID="string_368" HPOS="837" VPOS="1347" WIDTH="130" HEIGHT="26" WC="0.96" CONTENT="behandling"/>
						</TextLine>
						<TextLine ID="line_40" HPOS="138" VPOS="1372" WIDTH="827" HEIGHT="31">
							<String ID="string_369" HPOS="138" VPOS="1372" WIDTH="167" HEIGHT="27" WC="0.91" CONTENT="Lagutskottets"/><SP WIDTH="15" VPOS="1372" HPOS="305"/>
							<String ID="string_370" HPOS="320" VPOS="1375" WIDTH="137" HEIGHT="22" WC="0.96" CONTENT="betänkande"/><SP WIDTH="16" VPOS="1375" HPOS="457"/>
							<String ID="string_371" HPOS="473" VPOS="1376" WIDTH="7" HEIGHT="21" WC="0.96" CONTENT="i"/><SP WIDTH="15" VPOS="1376" HPOS="480"/>
							<String ID="string_372" HPOS="495" VPOS="1376" WIDTH="115" HEIGHT="27" WC="0.96" CONTENT="anledning"/><SP WIDTH="16" VPOS="1376" HPOS="610"/>
							<String ID="string_373" HPOS="626" VPOS="1376" WIDTH="22" HEIGHT="21" WC="0.96" CONTENT="af"/><SP WIDTH="13" VPOS="1376" HPOS="648"/>
							<String ID="string_374" HPOS="661" VPOS="1376" WIDTH="79" HEIGHT="26" WC="0.96" CONTENT="nådiga"/><SP WIDTH="15" VPOS="1376" HPOS="740"/>
							<String ID="string_375" HPOS="755" VPOS="1375" WIDTH="161" HEIGHT="27" WC="0.93" CONTENT="propositionen"/><SP WIDTH="14" VPOS="1375" HPOS="916"/>
							<String ID="string_376" HPOS="930" VPOS="1383" WIDTH="35" HEIGHT="14" WC="0.92" CONTENT="an-"/>
						</TextLine>
						<TextLine ID="line_41" HPOS="137" VPOS="1401" WIDTH="829" HEIGHT="30">
							<String ID="string_377" HPOS="137" VPOS="1401" WIDTH="82" HEIGHT="26" WC="0.93" CONTENT="gående"/><SP WIDTH="24" VPOS="1401" HPOS="219"/>
							<String ID="string_378" HPOS="243" VPOS="1403" WIDTH="149" HEIGHT="28" WC="0.88" CONTENT="dissenterlag,"/><SP WIDTH="23" VPOS="1403" HPOS="392"/>
							<String ID="string_379" HPOS="415" VPOS="1411" WIDTH="49" HEIGHT="14" WC="0.96" CONTENT="men"/><SP WIDTH="24" VPOS="1411" HPOS="464"/>
							<String ID="string_380" HPOS="488" VPOS="1411" WIDTH="45" HEIGHT="14" WC="0.96" CONTENT="som"/><SP WIDTH="23" VPOS="1411" HPOS="533"/>
							<String ID="string_381" HPOS="556" VPOS="1405" WIDTH="58" HEIGHT="21" WC="0.96" CONTENT="tiden"/><SP WIDTH="17" VPOS="1405" HPOS="614"/>
							<String ID="string_382" HPOS="631" VPOS="1405" WIDTH="65" HEIGHT="21" WC="0.96" CONTENT="redan"/><SP WIDTH="17" VPOS="1405" HPOS="696"/>
							<String ID="string_383" HPOS="713" VPOS="1404" WIDTH="106" HEIGHT="27" WC="0.93" CONTENT="betydligt"/><SP WIDTH="15" VPOS="1404" HPOS="819"/>
							<String ID="string_384" HPOS="834" VPOS="1404" WIDTH="132" HEIGHT="22" WC="0.92" CONTENT="framskridit"/>
						</TextLine>
						<TextLine ID="line_42" HPOS="137" VPOS="1430" WIDTH="828" HEIGHT="30">
							<String ID="string_385" HPOS="137" VPOS="1430" WIDTH="27" HEIGHT="26" WC="0.96" CONTENT="på"/><SP WIDTH="16" VPOS="1430" HPOS="164"/>
							<String ID="string_386" HPOS="180" VPOS="1431" WIDTH="94" HEIGHT="27" WC="0.96" CONTENT="aftonen,"/><SP WIDTH="18" VPOS="1431" HPOS="274"/>
							<String ID="string_387" HPOS="292" VPOS="1433" WIDTH="66" HEIGHT="26" WC="0.96" CONTENT="ansåg"/><SP WIDTH="17" VPOS="1433" HPOS="358"/>
							<String ID="string_388" HPOS="375" VPOS="1433" WIDTH="53" HEIGHT="24" WC="0.92" CONTENT="herr,"/><SP WIDTH="12" VPOS="1433" HPOS="428"/>
							<String ID="string_389" HPOS="440" VPOS="1433" WIDTH="207" HEIGHT="22" WC="0.92" CONTENT="Landtmarskalken"/><SP WIDTH="15" VPOS="1433" HPOS="647"/>
							<String ID="string_390" HPOS="662" VPOS="1434" WIDTH="48" HEIGHT="21" WC="0.96" CONTENT="icke"/><SP WIDTH="21" VPOS="1434" HPOS="710"/>
							<String ID="string_391" HPOS="731" VPOS="1433" WIDTH="98" HEIGHT="27" WC="0.96" CONTENT="lämpligt"/><SP WIDTH="16" VPOS="1433" HPOS="829"/>
							<String ID="string_392" HPOS="845" VPOS="1435" WIDTH="32" HEIGHT="19" WC="0.96" CONTENT="att"/><SP WIDTH="16" VPOS="1435" HPOS="877"/>
							<String ID="string_393" HPOS="893" VPOS="1433" WIDTH="72" HEIGHT="22" WC="0.96" CONTENT="vidare"/>
						</TextLine>
						<TextLine ID="line_43" HPOS="136" VPOS="1458" WIDTH="827" HEIGHT="31">
							<String ID="string_394" HPOS="136" VPOS="1458" WIDTH="100" HEIGHT="28" WC="0.93" CONTENT="företaga"/><SP WIDTH="16" VPOS="1458" HPOS="236"/>
							<String ID="string_395" HPOS="252" VPOS="1461" WIDTH="61" HEIGHT="21" WC="0.96" CONTENT="detta"/><SP WIDTH="15" VPOS="1461" HPOS="313"/>
							<String ID="string_396" HPOS="328" VPOS="1461" WIDTH="146" HEIGHT="27" WC="0.94" CONTENT="betänkande,"/><SP WIDTH="18" VPOS="1461" HPOS="474"/>
							<String ID="string_397" HPOS="492" VPOS="1464" WIDTH="50" HEIGHT="19" WC="0.96" CONTENT="utan"/><SP WIDTH="10" VPOS="1464" HPOS="542"/>
							<String ID="string_398" HPOS="552" VPOS="1462" WIDTH="70" HEIGHT="21" WC="0.91" CONTENT="anhöll"/><SP WIDTH="16" VPOS="1462" HPOS="622"/>
							<String ID="string_399" HPOS="638" VPOS="1464" WIDTH="33" HEIGHT="19" WC="0.96" CONTENT="att"/><SP WIDTH="15" VPOS="1464" HPOS="671"/>
							<String ID="string_400" HPOS="686" VPOS="1463" WIDTH="6" HEIGHT="20" WC="0.96" CONTENT="i"/><SP WIDTH="16" VPOS="1463" HPOS="692"/>
							<String ID="string_401" HPOS="708" VPOS="1461" WIDTH="103" HEIGHT="22" WC="0.93" CONTENT="afseende"/><SP WIDTH="16" VPOS="1461" HPOS="811"/>
							<String ID="string_402" HPOS="827" VPOS="1462" WIDTH="12" HEIGHT="20" WC="0.93" CONTENT="å"/><SP WIDTH="11" VPOS="1462" HPOS="839"/>
							<String ID="string_403" HPOS="850" VPOS="1462" WIDTH="113" HEIGHT="27" WC="0.92" CONTENT="bordlägg-"/>
						</TextLine>
						<TextLine ID="line_44" HPOS="136" VPOS="1486" WIDTH="828" HEIGHT="31">
							<String ID="string_404" HPOS="136" VPOS="1486" WIDTH="51" HEIGHT="27" WC="0.96" CONTENT="ning"/><SP WIDTH="15" VPOS="1486" HPOS="187"/>
							<String ID="string_405" HPOS="202" VPOS="1488" WIDTH="22" HEIGHT="21" WC="0.93" CONTENT="få"/><SP WIDTH="15" VPOS="1488" HPOS="224"/>
							<String ID="string_406" HPOS="239" VPOS="1488" WIDTH="114" HEIGHT="28" WC="0.91" CONTENT="föredraga"/><SP WIDTH="19" VPOS="1488" HPOS="353"/>
							<String ID="string_407" HPOS="372" VPOS="1490" WIDTH="67" HEIGHT="26" WC="0.96" CONTENT="några"/><SP WIDTH="20" VPOS="1490" HPOS="439"/>
							<String ID="string_408" HPOS="459" VPOS="1491" WIDTH="100" HEIGHT="21" WC="0.92" CONTENT="inkomna"/><SP WIDTH="18" VPOS="1491" HPOS="559"/>
							<String ID="string_409" HPOS="577" VPOS="1490" WIDTH="261" HEIGHT="26" WC="0.91" CONTENT="utskottsbetänkanden;"/><SP WIDTH="21" VPOS="1490" HPOS="838"/>
							<String ID="string_410" HPOS="859" VPOS="1490" WIDTH="105" HEIGHT="27" WC="0.91" CONTENT="nemligen"/>
						</TextLine>
					</TextBlock>
					<TextBlock ID="block_5" HPOS="135" VPOS="1516" WIDTH="832" HEIGHT="61">
						<TextLine ID="line_45" HPOS="205" VPOS="1516" WIDTH="762" HEIGHT="30">
							<String ID="string_411" HPOS="205" VPOS="1516" WIDTH="296" HEIGHT="28" WC="0.88" CONTENT="Värnepligtsutsutskottets"/><SP WIDTH="24" VPOS="1516" HPOS="501"/>
							<String ID="string_412" HPOS="525" VPOS="1520" WIDTH="135" HEIGHT="21" WC="0.96" CONTENT="betänkande"/><SP WIDTH="23" VPOS="1520" HPOS="660"/>
							<String ID="string_413" HPOS="683" VPOS="1520" WIDTH="40" HEIGHT="20" WC="0.96" CONTENT="N:o"/><SP WIDTH="26" VPOS="1520" HPOS="723"/>
							<String ID="string_414" HPOS="749" VPOS="1521" WIDTH="9" HEIGHT="19" WC="0.95" CONTENT="1"/><SP WIDTH="25" VPOS="1521" HPOS="758"/>
							<String ID="string_415" HPOS="783" VPOS="1519" WIDTH="6" HEIGHT="21" WC="0.95" CONTENT="i"/><SP WIDTH="23" VPOS="1519" HPOS="789"/>
							<String ID="string_416" HPOS="812" VPOS="1519" WIDTH="114" HEIGHT="27" WC="0.96" CONTENT="anledning"/><SP WIDTH="18" VPOS="1519" HPOS="926"/>
							<String ID="string_417" HPOS="944" VPOS="1520" WIDTH="23" HEIGHT="21" WC="0.96" CONTENT="af"/>
						</TextLine>
						<TextLine ID="line_46" HPOS="135" VPOS="1544" WIDTH="827" HEIGHT="33">
							<String ID="string_418" HPOS="135" VPOS="1544" WIDTH="78" HEIGHT="28" WC="0.96" CONTENT="nådiga"/><SP WIDTH="22" VPOS="1544" HPOS="213"/>
							<String ID="string_419" HPOS="235" VPOS="1547" WIDTH="163" HEIGHT="27" WC="0.95" CONTENT="propositionen"/><SP WIDTH="24" VPOS="1547" HPOS="398"/>
							<String ID="string_420" HPOS="422" VPOS="1554" WIDTH="34" HEIGHT="15" WC="0.96" CONTENT="om"/><SP WIDTH="16" VPOS="1554" HPOS="456"/>
							<String ID="string_421" HPOS="472" VPOS="1548" WIDTH="109" HEIGHT="22" WC="0.95" CONTENT="införande"/><SP WIDTH="16" VPOS="1548" HPOS="581"/>
							<String ID="string_422" HPOS="597" VPOS="1548" WIDTH="22" HEIGHT="22" WC="0.95" CONTENT="af"/><SP WIDTH="14" VPOS="1548" HPOS="619"/>
							<String ID="string_423" HPOS="633" VPOS="1548" WIDTH="78" HEIGHT="22" WC="0.92" CONTENT="allmän"/><SP WIDTH="16" VPOS="1548" HPOS="711"/>
							<String ID="string_424" HPOS="727" VPOS="1548" WIDTH="120" HEIGHT="27" WC="0.91" CONTENT="värnepligt"/><SP WIDTH="15" VPOS="1548" HPOS="847"/>
							<String ID="string_425" HPOS="862" VPOS="1548" WIDTH="7" HEIGHT="21" WC="0.96" CONTENT="i"/><SP WIDTH="15" VPOS="1548" HPOS="869"/>
							<String ID="string_426" HPOS="884" VPOS="1548" WIDTH="78" HEIGHT="29" WC="0.96" CONTENT="landet,"/>
						</TextLine>
					</TextBlock>
				</ComposedBlock>
			</PrintSpace>
		</Page>
	</Layout>
</alto>
