1070 1739
191 123 41 21 838
461 128 40 17 Den
517 125 27 20 30
560 127 109 19 November.

161 187 43 27 tigt
218 188 97 22 kommer
329 190 33 21 att
376 189 68 22 hafva.
475 190 42 27 Jag
532 190 104 22 vidhåller
650 191 49 21 icke
715 190 41 22 den
775 190 71 22 banan
864 190 25 21 så
903 190 84 27 mycket

160 216 33 21 för
214 217 49 21 dess
281 217 123 28 folkmängd
423 219 40 21 och
483 219 50 22 dess
553 219 79 27 odling,
651 221 23 26 ty
689 219 79 22 sådant
789 218 68 22 finnes
876 219 111 26 långsmed

160 245 124 22 kustbanan
301 246 47 22 från
366 247 135 28 Björneborg
520 247 79 22 framåt
616 248 45 21 lika
676 248 26 21 så
716 248 92 27 mycket,
825 249 51 20 utan
891 248 96 27 påpekar

160 273 188 29 hufvudsakligast
366 278 33 19 att
418 276 41 21 den
480 277 40 21 har
536 283 26 15 en
579 277 66 27 riktig
660 277 100 26 riktning,
777 277 68 21 sådan
860 283 46 15 som
920 277 66 20 rörel-

160 309 39 15 sen
217 303 39 22 har
274 304 7 21 i
300 305 64 21 dessa
386 305 87 22 trakter.
506 305 53 22 Helt
581 306 133 21 annorlunda
732 305 41 22 blir
790 305 148 24 förhållandet,
959 305 28 21 då

160 338 49 15 man
224 331 47 22 från
286 333 132 28 Björneborg
433 334 39 27 går
486 336 82 20 norrut.
598 334 56 22 Herr
669 334 125 27 Lagerborg
811 334 40 21 har
868 333 117 27 föreslagit,

160 362 34 19 att
208 363 69 25 vägen
292 362 69 21 skulle
376 362 60 22 ledas
453 363 25 21 så
493 365 52 19 nära
560 363 79 22 kusten
659 369 47 16 som
721 363 84 27 möjligt
822 363 7 21 i
847 363 103 21 närheten
965 362 23 22 af

160 389 42 21 den
216 390 71 26 gamla
302 392 60 20 stora
376 393 74 25 vägen.
480 392 73 27 Enligt
572 392 42 21 den
631 391 197 22 folktäthetstabell
848 391 51 22 eller
916 391 69 26 karta,

160 423 47 15 som
222 418 72 27 utgafs
309 419 35 21 vid
360 420 105 21 allmänna
480 421 155 26 utställningen
650 421 115 21 härstädes
775 421 24 20 år
814 422 61 24 1876,
887 427 35 14 ser
929 426 55 20 man,

160 448 34 20 att
212 446 42 22 den
272 449 109 21 närmaste
399 449 155 21 kuststräckan
573 451 24 19 är
615 450 69 20 tätast
702 448 103 22 befolkad
824 449 41 21 och
880 450 105 26 upptager

161 477 26 19 14
203 476 32 21 till
253 478 25 20 16
293 476 129 22 innevånare
436 478 29 26 pä
480 478 184 26 gvadratversten,
680 484 50 16 men
746 478 61 21 detta
823 478 58 21 bälte
897 478 87 26 utgöres

159 503 23 22 af
195 504 78 22 endast
290 506 38 25 11/,
344 506 29 26 pä
388 506 47 21 sina
449 506 78 22 ställen
543 508 13 20 2
571 507 49 21 mils
635 507 75 21 bredd.
742 506 29 22 Sä
787 509 60 19 snart
861 512 48 16 man
924 506 59 21 kom-

158 538 46 16 mer
219 533 59 22 öfver
293 534 69 22 denna
378 537 71 25 gräns,
465 537 64 25 utgör
543 535 152 27 folkmängden
715 536 78 21 endast
811 537 13 19 8
840 535 13 21 å
870 537 25 19 10
910 541 73 21 perso-

158 567 38 15 ner
210 562 28 27 på
254 568 27 16 en
299 563 53 22 liten
371 564 87 22 sträcka
476 564 40 21 och
534 564 33 22 för
586 564 37 22 det
641 567 71 19 mesta
728 566 12 19 6
756 564 13 21 &
785 566 12 20 7
813 564 128 22 innevånare
956 564 28 26 pä

158 590 184 28 avadratversten,
366 592 19 22 d.
401 599 19 15 v.
437 599 17 15 s.
473 593 90 21 alldeles
586 599 83 15 samma
692 593 103 21 medeltal
817 599 46 15 som
885 593 29 27 pä
935 592 49 22 hela

158 619 102 22 sträckan
278 620 318 23 Tammerfors-Etseri-Ilmola.
626 622 58 21 Ifrån
703 622 77 21 Ilmola
799 622 32 21 till
849 621 134 22 Nikolaistad

158 650 24 18 är
201 647 152 29 folkmängden
371 650 49 21 fullt
434 650 108 28 jemförlig
560 651 49 21 med
628 650 41 22 den
688 651 75 21 utmed
781 650 89 26 kusten;
893 650 68 21 likaså
976 650 7 21 i

157 676 113 23 trakterna
284 680 96 20 närmast
394 679 33 21 till
442 679 149 22 Tammerfors.
621 680 51 21 Men
687 680 38 20 det
740 681 24 19 är
774 679 48 21 icke
833 679 150 26 folkmängden

158 705 35 21 och
208 706 106 28 'odlingen
329 707 71 22 allena
414 714 46 15 som
476 708 121 22 bestämma
616 714 26 16 en
660 708 108 22 blifvande
784 708 101 27 jernvägs
901 708 81 21 inkom-

158 736 51 24 ster,
226 735 38 21 det
278 738 24 19 är
316 736 44 21 lika
374 736 85 28 mycket
473 737 41 21 och
529 739 58 19 ännu
601 743 60 15 mera
680 738 43 20 den
742 736 95 27 riktning
855 742 46 16 som
915 736 67 22 rörel-

158 768 38 16 sen
211 763 8 21 i
234 764 66 21 dessa
313 765 83 21 trakter
410 765 45 22 har.
485 766 56 21 Herr
555 766 125 26 Lagerborg
695 766 41 21 har
745 765 76 26 anfört,
833 766 54 20 huru
898 765 85 27 mycket

156 792 121 22 varuvärde
291 793 150 27 Kristinestad,
458 794 79 26 Kaskö,
553 794 134 28 Björneborg
703 794 41 22 och
758 794 137 21 Nikolaistad
907 800 74 20 expor-

157 822 57 20 terat
232 821 40 21 och
291 822 126 27 importerat
434 822 33 22 för
485 823 24 21 är
528 825 63 19 1875.
620 824 71 21 Dessa
706 824 75 26 poster
800 824 77 26 utgöra
892 822 89 22 alldeles

156 849 76 27 riktigt
247 851 82 26 ganska
344 852 139 26 respektabla
497 858 101 20 summor,
613 858 49 16 men
678 852 77 21 härvid
774 851 70 21 mäste
859 858 48 14 man
921 851 60 27 fräga

156 878 40 26 sig,
216 878 108 22 hvarifrän
341 880 86 22 komma
444 880 40 22 och
503 880 63 22 hvart
584 881 27 27 gä
631 881 27 21 de
676 886 70 21 varor,
765 886 47 16 som
829 880 64 22 dessa
907 880 74 21 städer

155 906 118 27 importera
292 908 39 22 och
351 910 126 26 exportera?
507 910 78 20 Männe
605 911 96 20 närmast
720 910 70 20 denna
809 909 65 21 kust?
904 909 77 21 Männe

156 936 64 21 dessa
235 937 75 21 städer
324 937 72 22 kunna
410 938 56 21 lefva
488 938 77 21 endast
580 938 29 27 pä
624 938 41 21 den
680 937 66 22 trafik
762 944 46 15 som
827 938 41 21 den
883 939 46 19 täta
943 938 37 20 be-

154 963 124 28 folkningen
294 967 96 20 närmast
404 966 78 22 kusten
493 966 97 22 lemnar?
614 967 42 26 Jag
667 967 68 26 vägar
746 966 49 21 med
807 966 101 21 säkerhet
917 966 64 27 pästä

155 994 33 19 att
206 993 25 21 sä
252 993 50 22 icke
324 997 23 18 är
365 994 69 27 fallet;
454 995 59 22 såväl
533 995 66 22 dessa
616 995 76 22 städer
712 1001 46 16 som
774 995 68 27 öfriga
856 995 125 21 kuststäder

154 1027 51 15 norr
222 1027 35 16 om
276 1023 65 21 Wasa
360 1023 118 27 exploitera
500 1024 73 27 hvarje
589 1025 33 20 ett
636 1024 59 21 bälte
714 1023 2 22 i
736 1023 138 22 medelbredd
889 1023 23 22 af
925 1023 54 21 6—9

153 1050 44 26 mil,
214 1057 48 15 men
277 1051 64 22 hvars
356 1052 66 27 längd
437 1053 82 26 skjuter
534 1053 61 27 längt
610 1053 45 21 inät
670 1053 75 21 landet
760 1052 55 21 ifrän
831 1054 27 19 20
878 1052 56 21 ända
948 1052 32 21 till

154 1080 28 19 30
197 1079 42 21 mil.
270 1080 43 21 Det
332 1083 23 18 är
374 1081 29 26 pä
421 1081 90 21 trafiken
531 1081 46 21 frän
597 1081 63 22 dessa
675 1087 92 21 rayoner
788 1087 46 15 som
857 1081 64 21 dessa
936 1083 44 19 stä-

154 1107 38 21 der
207 1107 63 27 lefva,
286 1109 116 26 ingalunda
416 1110 29 27 pä
459 1109 142 22 samfärdseln
619 1109 47 22 frän
685 1110 43 21 den
742 1115 42 16 ena
799 1110 76 21 staden
891 1109 32 22 till
939 1109 41 21 den

152 1136 74 21 andra.
256 1137 107 22 Försöker
377 1145 49 14 man
442 1140 32 19 att
488 1139 49 20 litet
552 1139 66 21 tänka
635 1139 39 26 sig,
691 1138 56 22 huru
763 1145 27 14 en
798 1138 63 21 trafik
869 1138 111 27 längsmed

152 1164 80 22 kusten
248 1165 70 22 skulle
333 1167 94 26 gestalta
442 1167 39 27 sig,
497 1167 25 22 sä
537 1167 58 22 finna
609 1167 20 22 vi
644 1169 34 20 att
694 1167 111 21 afständet
819 1167 89 22 emellan
919 1167 60 26 Björ-

152 1193 82 27 neborg
249 1194 41 21 och
304 1195 136 22 Nikolaistad
454 1197 64 25 utgör
537 1196 98 27 omkring
656 1198 25 19 18
703 1195 43 22 mil
777 1195 145 22 Kristinestad
940 1195 39 27 lig-

152 1227 38 21 ger
204 1222 92 27 ungefär
309 1224 28 26 pä
351 1223 73 22 haltva
438 1227 75 24 vägen,
530 1225 88 26 ungefär
628 1225 35 21 nio
674 1224 38 21 mil
722 1223 46 22 från
779 1224 110 21 hvardera.
912 1224 67 21 Trak-

151 1252 63 19 terna
228 1253 97 20 närmast
339 1252 65 22 dessa
419 1253 74 21 städer
507 1253 29 27 pä
551 1255 32 20 ett
598 1253 85 22 afständ
700 1252 23 21 af
737 1253 97 27 omkring
846 1253 39 26 11/,
897 1253 13 21 ä
920 1254 12 19 2
943 1252 35 21 mil

151 1279 72 22 lemna
237 1279 34 22 för
283 1281 194 26 jernvägstrafiken
496 1282 89 21 alldeles
606 1281 128 28 obetydligt,
753 1282 90 21 emedan
861 1281 77 22 endast
952 1281 26 21 de

151 1313 110 22 personer,
278 1315 46 15 som
339 1309 28 22 bo
376 1311 43 20 tätt
429 1310 53 21 intill
488 1311 119 26 jernvägen
623 1311 52 21 eller
691 1310 56 21 intill
760 1310 217 27 jernvägsstationen,

151 1336 73 22 kunna
238 1337 86 22 komma
339 1340 33 19 att
387 1339 98 26 begagna
500 1339 33 26 sig
548 1339 23 21 af
585 1340 126 26 jernvägen.
741 1339 81 27 Hvarje
839 1345 85 20 person,
940 1338 38 21 bo-

151 1367 45 19 satt
211 1366 29 26 pä
254 1368 33 19 ett
303 1366 85 22 afständ
404 1367 23 21 af
440 1369 69 20 5—15
525 1371 59 18 verst
599 1368 40 21 och
655 1370 15 19 t.
687 1373 20 16 o.
724 1373 27 15 m.
770 1367 83 22 mindre
873 1367 45 21 från
934 1369 43 19 sta-

151 1393 80 28 tionen,
248 1394 124 28 föredrager
388 1397 33 20 att
435 1403 39 20 per
489 1396 50 21 häst
554 1396 100 22 befordra
668 1396 50 21 sina
732 1402 63 15 varor
810 1397 65 20 dessa
885 1398 24 19 15
920 1397 58 20 verst

150 1421 32 22 till
198 1424 78 21 staden
291 1423 87 23 framför
393 1426 33 19 att
440 1424 46 22 fara
501 1425 33 21 till
549 1426 108 21 stationen
674 1425 42 21 och
732 1425 114 21 derstädes
861 1425 71 20 lemna
944 1424 33 21 sin

150 1450 56 26 häst,
222 1454 58 19 samt
295 1453 87 21 invänta
401 1453 66 27 täget,
483 1453 63 22 hvars
565 1453 122 27 afgängstid
706 1453 48 22 icke
774 1453 61 22 alltid
854 1453 40 21 kan
914 1459 63 20 passa

149 1478 22 21 in
186 1479 30 26 pä
231 1480 27 22 de
273 1480 56 22 tider
344 1481 28 21 dä
387 1481 42 22 han
445 1482 68 21 skulle
524 1482 68 21 önska
601 1482 65 22 blifva
677 1481 180 22 frambefordrad.
883 1481 94 21 Sålunda

151 1507 63 22 hafva
228 1509 21 21 vi
265 1508 23 22 af
302 1510 25 21 de
335 1510 35 21 nio
379 1510 43 26 mil,
432 1516 45 16 som
491 1510 110 22 afständet
609 1511 92 21 emellan
709 1510 134 27 Björneborg
851 1510 40 21 och
900 1510 77 21 Kristi-

149 1537 78 21 nestad
243 1539 70 26 utgör,
328 1540 58 20 ännu
402 1541 32 19 tre
450 1539 35 21 mil
501 1541 33 20 att
549 1539 67 28 draga
631 1540 57 22 bort.
719 1539 44 22 Det
778 1538 95 22 återstår
892 1538 83 22 således
