1070 1739
201 127 42 20 470
488 130 40 17 Den
544 127 12 19 2
572 129 109 18 November.

242 191 10 28 8
273 193 11 20 5
304 191 124 27 godkändes
448 192 6 21 i
474 191 65 28 öfrigt
554 191 134 28 oförändrad,
705 193 60 20 utom
781 193 32 20 att
829 191 13 21 &
858 190 57 27 3:dje
930 190 67 22 raden

174 219 54 22 efter
247 220 61 21 ordet
324 221 167 26 ,kronotionde*
511 221 76 26 skulle,
603 221 28 27 pä
646 221 82 26 förslag
743 220 22 22 af
779 220 139 27 domprosten
934 219 65 27 Borg,

173 249 107 26 inskjutas
296 255 26 16 en
337 249 25 22 så
376 249 93 28 lydande
485 250 135 21 mellansats:
638 249 108 26 ,Säframt
762 249 27 22 de
799 249 48 21 icke
859 251 36 19 äro
905 249 94 26 prester-

174 277 79 27 skapet
267 278 8 21 i
289 277 151 28 församlingen
455 278 33 21 för
503 279 29 20 all
547 278 87 23 framtid
650 278 181 22 tillförsäkrade*.

244 305 12 28 8
272 308 12 20 6
300 307 89 27 gillades
406 306 134 23 oförändrad.

243 335 37 28 18
296 337 12 20 7
324 336 69 21 skulle
408 335 68 22 sådan
492 335 90 28 ändring
597 335 115 28 företagas,
730 337 33 20 att
779 335 54 22 efter
849 335 62 21 ordet
924 334 75 27 ,,utby-

174 364 48 21 tas"
240 364 13 21 å
267 364 49 21 4:de
331 365 66 21 raden
412 364 95 22 infördes
523 371 27 15 en
564 365 125 22 mellansats
706 364 23 22 af
740 364 95 27 följande
845 363 91 28 lydelse:
950 363 50 26 ,der

174 391 134 23 beträffande
324 395 66 20 smör-
407 393 40 22 och
461 393 111 22 laxtionde
582 394 72 21 lokala
663 393 150 22 förhållanden
823 393 48 21 icke
883 391 117 22 tillsvidare

175 421 88 27 påkalla
280 421 130 28 undantag”,
431 424 56 20 samt
506 424 33 20 att
554 423 62 21 ordet
633 422 146 27 ,fastställas*
797 421 13 21 å
826 423 43 20 6:te
885 421 65 21 raden
965 422 35 20 ut-

175 449 63 28 bytes
254 452 45 20 mot
314 451 62 21 ordet
392 450 124 27 ,töresläs*.

245 478 11 28 $
272 481 12 19 8
300 480 76 26 antogs
392 479 136 23 oförändrad.

246 507 11 27 $
274 510 12 19 9
301 508 75 21 likaså.

246 535 11 28 $
274 537 26 20 10
315 536 129 28 äfvenledes,
461 536 55 23 efter
531 536 131 28 föregången
676 537 106 27 votering.

246 564 10 28 $
273 566 24 20 11
314 572 62 15 mom.
395 568 9 19 1
422 566 67 22 borde
505 566 145 27 omredigeras
665 566 8 21 i
688 566 78 21 sådant
781 564 62 28 syfte,
855 566 32 20 att
899 564 101 27 ,försam-

176 593 98 27 lingarne
296 594 69 22 blefve
388 594 157 28 skyldigkända
563 596 33 20 att
614 595 13 21 å
642 595 62 21 deras
722 594 47 22 sida
784 594 91 26 bidraga
890 594 32 20 till
938 594 40 21 den
993 594 8 20 i

176 624 119 20 momentet
313 622 140 22 omförmälda
471 624 269 27 hoställsbyggnadskassa
758 624 49 20 med
825 622 175 28 trefjerdedelar
989 618 16 37 i

177 650 133 22 förhållande
330 652 32 21 till
386 652 37 21 det
445 652 85 28 belopp,
551 659 25 15 en
593 653 105 26 fjerdedel,
718 652 103 22 hvarmed
839 650 162 28 presterskapet

176 679 62 27 äläge
253 681 33 20 att
300 680 32 21 till
347 680 93 22 nämnda
455 681 65 21 kassa
534 681 71 21 lemna
618 681 98 27 bidrag",
733 681 119 27 hvarjemte
867 680 7 21 i
885 680 116 21 momentet

176 708 71 21 skulle
265 708 79 22 införas
364 715 27 15 en
409 709 23 22 af
444 712 76 24 pastor
534 710 56 27 Lyra
605 709 122 27 föreslagen
743 709 221 27 tilläggsbestämning
980 708 23 22 af

176 736 95 28 följande
288 738 91 25 lydelse:
397 738 68 26 ,dock
481 740 32 20 att
528 738 13 21 å
557 739 26 21 de
599 740 57 20 orter
672 738 22 22 af
707 738 80 27 landet,
804 738 88 21 hvarest
907 739 92 25 prester-

177 765 85 27 skapet,
280 766 29 27 pä
327 766 70 27 grund
416 766 22 22 af
455 766 140 28 öfverhetliga
610 767 151 27 författningar
777 767 52 21 eller
844 766 91 28 gammal
949 766 51 21 häfd

177 796 24 19 är
216 794 147 22 tillförsäkrad
373 797 44 19 rätt
428 796 31 21 till
470 796 26 20 fri
507 796 84 26 bostad,
604 796 120 22 detsamma
735 796 34 21 mä
779 795 132 22 fortfarande
921 794 79 28 grund-

176 822 116 28 lagsenligt
307 824 36 21 vid
358 824 67 21 sådan
440 824 83 22 förmån
536 825 67 21 varda
617 825 140 21 bibehållet".

245 852 117 22 Dessutom
381 853 69 21 skulle
467 853 26 21 de
509 854 12 20 ä
536 855 128 20 momentets
682 854 48 21 7:de
747 853 39 21 och
803 852 48 22 8:de
866 852 64 22 rader
944 852 55 22 före-

176 880 128 22 kommande
320 881 66 22 orden
404 884 109 24 ,närmare
528 882 133 22 bestämma"
678 884 57 20 samt
751 882 62 21 ordet
829 882 144 26 ,bestämma*
988 881 13 21 å

178 908 50 22 9:de
250 910 42 21 och
318 910 62 22 10:de
402 911 92 21 raderna
516 911 88 27 utbytas
626 911 28 27 på
676 911 71 27 begge
770 910 78 22 ställen
871 912 45 20 mot
938 910 63 21 ordet

178 954 5 9 »
191 936 101 23 föreslå".

245 966 123 22 Momenten
388 969 55 19 2—4
465 967 22 22 af
504 967 162 28 ifrågavarande
682 968 11 27 $
709 967 126 28 godkändes
851 967 147 26 oförändrade,

176 993 113 24 hvaremot
307 1001 62 16 mom.
386 997 12 20 5
414 997 91 21 sålunda
520 996 146 28 förändrades,
683 998 33 20 att
732 996 55 21 efter
802 996 63 21 ordet
881 1012 5 9 ,
887 996 111 26 bidragit"

176 1023 13 21 å
204 1023 62 22 2:dra
280 1024 66 21 raden
362 1024 69 22 skulle
446 1025 100 28 tilläggas
562 1026 74 21 orden:
654 1042 8 10 ,
667 1025 53 22 eller
736 1025 62 27 eljest
808 1024 115 27 tillräcklig
933 1024 66 27 bygg-

175 1052 121 21 nadskassa
310 1052 136 23 förefinnes*.
827 1059 3 4 N

244 1081 12 27 8
274 1083 25 19 12
314 1081 49 27 blef,
380 1081 55 23 efter
450 1082 107 22 särskilda
571 1083 128 26 voteringar,
717 1084 52 19 utan
785 1081 92 27 ändring
892 1081 105 27 godkänd.

244 1109 11 27 S
272 1111 25 20 13
313 1109 45 22 blef
372 1110 121 22 äfvenledes
509 1111 128 22 oförändrad
653 1111 108 28 godkänd.

243 1137 30 22 Af
286 1137 10 28 &
314 1140 24 19 14
354 1140 77 26 antogs
446 1146 63 15 mom.
528 1142 7 19 1
554 1140 148 27 oförändradt;
720 1145 48 16 men
781 1139 8 21 i
799 1138 101 22 afseende
912 1139 12 20 ä
934 1145 63 15 mom.

174 1167 13 19 2
202 1165 73 22 beslöt
290 1167 86 22 ständet
391 1169 39 26 att,
446 1169 49 20 med
510 1169 138 22 uteslutande
663 1169 23 21 af
699 1169 47 21 deri
760 1168 88 26 intagne
863 1167 135 27 bestämning

172 1195 94 21 rörande
282 1195 22 22 af
316 1196 112 27 löntagare
443 1197 107 27 uppgjord
564 1197 66 27 längd
645 1198 41 21 och
702 1197 82 22 dennas
800 1196 137 27 granskning,
953 1202 44 15 mo-

172 1225 84 20 mentet
275 1224 68 22 skulle
362 1225 82 22 erhälla
462 1225 93 28 följande
575 1225 23 22 af
614 1226 140 27 domprosten
773 1225 59 26 Borg
851 1225 41 21 och
909 1226 89 26 prosten

172 1251 108 22 Borenius
295 1253 121 27 föreslagna
431 1254 93 27 lydelse:

243 1281 134 28 yLöntagare
392 1283 35 21 mä
441 1283 56 22 dock
510 1283 33 21 sin
558 1283 98 28 uppbörd
672 1283 52 28 sjelf
737 1283 124 26 verkställa,
874 1281 72 22 derest
956 1281 42 22 han

172 1309 79 21 sådant
266 1309 144 28 föredrager*.

241 1337 11 28 8
271 1341 24 18 15
311 1339 113 28 ändrades,
438 1340 7 21 i
461 1340 94 27 enlighet
565 1341 49 21 med
624 1342 32 21 ett
666 1340 23 22 af
697 1342 90 25 prosten
797 1339 61 28 Hjelt
867 1339 131 22 framställdt

171 1365 214 30 redaktionsförslag,
402 1369 40 20 och
457 1369 68 21 borde
540 1369 90 22 sälunda
644 1369 50 28 lyda
710 1375 47 16 som
772 1368 75 27 följer:

242 1395 105 26 yTiderna
364 1397 33 21 för
416 1398 126 26 uppbörden
560 1397 90 22 föreslås
670 1398 21 21 af
709 1396 228 28 regleringskomiten;
958 1396 40 21 och

170 1422 45 25 bör,
231 1423 46 22 ifall
292 1425 126 26 uppbörden
433 1426 128 22 verkställes
577 1426 23 22 af
608 1427 92 21 utsedde
711 1426 170 27 uppbördsmän,
893 1425 41 22 den
944 1431 54 20 upp-

170 1451 70 22 burna
259 1452 120 28 aflöningen
397 1454 58 21 inom
469 1455 79 27 fjorton
563 1455 67 27 dagar
645 1455 54 21 efter
714 1454 122 22 verkställd
851 1453 99 28 uppbörd
965 1453 33 21 till

168 1478 130 29 löntagaren
316 1482 114 22 aflemnas*
447 1489 18 15 o.
483 1490 16 15 s.
515 1490 18 16 v.
549 1484 8 21 i
573 1483 224 23 öfverensstämmelse
812 1482 51 22 med
878 1481 120 28 Kejserliga

169 1509 170 26 propositionen.

240 1537 11 28 $
269 1540 25 19 16
310 1539 89 26 gillades
416 1540 135 23 oförändrad.
