1070 1739
200 127 41 20 894
485 131 38 18 Den
543 130 7 18 1
568 131 105 18 December.

170 191 52 22 dant
237 194 37 20 nät
289 192 52 23 böra
361 193 56 27 ingå,
436 194 134 23 undersökas
589 195 41 22 och
650 196 98 20 närmare
766 191 126 29 beskrifvas,
910 193 39 22 och
965 194 27 22 då

169 220 50 22 herr
231 221 115 23 Mechelins
362 222 137 29 formulering
513 224 67 21 redan
597 224 73 22 vunnit
685 223 119 22 understöd
819 222 46 22 från
875 222 51 22 flere
941 223 49 27 håll,

169 249 25 22 så
209 250 35 21 vill
257 250 38 28 jag
310 251 66 22 också
390 251 74 22 förena
479 252 43 27 mig
537 259 35 15 om
587 253 131 21 densamma.

237 279 56 22 Herr
312 279 22 22 af
347 281 142 27 Forselles,
510 281 64 22 Emil:
606 282 32 21 Då
650 282 38 27 jag
702 281 8 21 i
726 280 39 27 går
781 280 61 22 äfven
857 280 33 22 för
905 280 42 21 min
956 281 34 22 del

168 306 114 24 förordade
298 308 98 22 anhållan
412 316 34 15 om
461 317 26 14 en
496 310 40 21 slik
547 311 145 25 kommission,
705 316 46 15 som
763 309 41 22 den
815 309 23 22 af
847 309 49 22 herr
905 309 86 22 Meche-

168 335 30 22 lin
213 335 126 30 föreslagna,
356 338 40 21 och
412 338 67 23 finner
493 339 37 22 det
545 339 23 22 af
581 339 49 22 herr
646 339 106 22 Mechelin
766 338 133 22 verkställda
909 338 82 27 redige-

168 365 163 28 ringsförslaget
345 373 51 15 vara
409 367 130 28 fullkomligt
554 367 234 23 öfverensstämmande
804 368 48 21 med
868 368 40 21 den
919 367 70 26 tanke,

165 393 39 28 jag
219 394 50 27 hyst
284 401 33 15 om
333 395 73 28 saken,
423 397 38 21 ber
473 397 38 27 jag
525 397 22 21 få
562 397 86 22 förorda
662 397 134 26 antagandet
811 395 23 22 af
853 396 122 21 detsamma.

238 423 71 22 Sedan
324 425 149 21 diskussionen
488 425 88 22 härmed
597 426 115 26 afstannat,
732 425 111 27 upplästes
864 425 32 21 till
914 425 76 21 besva-

167 451 68 22 rande
251 458 26 15 en
293 453 24 21 så
332 453 90 27 lydande
438 455 288 27 omröstningsproposition:

238 497 10 9 »
253 481 51 27 Den,
313 488 46 15 som
368 483 123 26 godkänner
499 484 163 21 slutmomentet
669 484 6 21 i
683 482 226 28 Jernvägsutskottets
916 482 73 22 betän-

168 508 71 22 kande
254 509 40 22 N:o
312 512 17 24 1,
346 517 74 16 svarar
432 512 33 27 ja;

237 538 73 22 vinner
323 540 41 27 nej,
381 542 88 26 antages
486 542 33 20 ett
532 541 140 22 slutmoment
686 541 51 22 med
758 541 40 21 den
814 540 112 27 affattning
941 540 49 22 herr

167 566 107 22 Mechelin
288 567 130 29 föreslagit".

236 595 46 23 Och
298 603 45 15 som
359 597 69 23 denna
446 599 132 27 proposition
599 598 23 23 af
638 598 90 23 ståndet
742 598 130 22 besvarades
888 598 48 22 med
952 598 37 21 all-

167 625 59 20 mänt
241 625 41 27 nej,
298 626 55 22 hade
369 627 87 21 ståndet
470 628 96 27 godkänt
581 628 41 22 den
638 628 22 21 af
673 628 51 22 herr
738 627 106 22 Mechelin
860 628 7 21 i
882 627 49 22 dess
947 629 40 26 ytt-

166 653 66 21 rande
247 653 121 29 föreslagna
383 656 95 27 lydelsen
493 656 32 22 till
540 656 163 28 ifrågavarande
723 658 101 20 moment.

234 682 56 22 Herr
311 684 126 22 Mechelin
459 686 70 22 anhöll
553 686 53 22 härå
628 692 34 16 om
684 686 64 21 ordet
769 686 40 21 och
824 685 94 28 yttrade:
948 685 41 22 Vid

165 710 68 22 slutet
248 711 23 21 af
284 712 119 28 gårdagens
419 714 158 22 sammanträde
593 715 39 21 och
651 715 79 21 medan
748 714 186 28 förhandlingarne
951 720 37 15 an-

165 739 83 27 gående
271 740 41 22 den
334 748 28 16 nu
384 743 99 22 beslutna
505 744 167 21 kommissionen
689 743 139 27 försiggingo,
844 743 108 21 framhölls
968 742 22 22 af

165 767 89 23 friherre
270 776 40 15 von
325 770 63 26 Troil,
404 772 20 21 S.
441 772 39 26 W.,
496 772 179 22 slutmomentet
668 763 13 39 i
692 772 42 22 den
749 772 138 26 reservation,
904 772 83 21 hvilken

164 795 104 24 friherren
292 798 58 28 fogat
369 800 32 21 till
420 801 179 22 Statsutskottets
619 800 138 23 betänkande
772 801 41 21 N:o
831 802 31 25 12,
883 800 104 27 nemligen

165 826 33 20 att
212 832 76 20 genom
304 828 132 28 sakkunnige
452 832 54 24 män,
523 830 91 22 utsedde
630 837 27 15 en
671 830 34 22 för
720 830 74 27 hvarje
809 830 70 26 stånd,
896 830 52 21 söka
956 831 32 20 att

164 854 32 21 till
212 856 163 23 nästinfallande
390 858 103 27 landtdag
503 858 123 22 införskaffa
635 858 128 27 fullständig
773 858 114 27 utredning
897 858 90 22 rörande

165 882 26 22 de
211 882 152 31 förhällanden,
384 886 71 22 hvilka
474 888 107 21 föranledt
599 890 32 19 att
648 887 274 22 kommunikationsfonden
940 887 47 21 icke

163 910 47 23 frän
223 912 141 29 jernvägarne
380 916 85 22 erhällit
480 917 41 21 den
536 917 162 26 nettoinkomst,
719 922 46 16 som
781 916 23 21 af
817 916 90 22 trafiken
922 916 13 21 ä
950 916 36 22 de-

163 946 81 16 samma
258 942 96 28 skäligen
370 944 48 21 bort
432 945 72 21 kunna
518 945 114 27 päräknas.
663 946 42 25 Jag
720 945 64 21 utber
799 945 43 26 mig
857 947 38 24 att,
912 945 27 20 dä
949 945 38 27 jag

162 975 30 15 nu
206 971 62 26 tager
282 972 42 27 mig
339 972 91 22 friheten
445 974 100 26 påminna
560 974 78 26 derom,
659 975 79 20 endast
756 973 21 22 få
796 973 84 22 anmäla
897 975 33 20 att
944 973 42 22 min

162 997 64 28 afsigt
242 1005 38 16 var
294 1003 32 18 att
341 1002 140 28 understödja
496 1003 61 21 detta
571 1003 81 26 förslag
670 1003 3 21 i
689 1002 155 27 sammanhang
854 1003 49 20 med
912 1002 74 22 betän-

161 1026 81 23 kandet
257 1035 35 15 n:o
309 1031 32 24 12,
357 1029 33 22 för
405 1033 32 19 att
453 1031 28 21 då
494 1031 111 22 föranleda
620 1031 125 22 återremiss
756 1030 23 22 af
794 1031 70 21 denna
879 1030 60 28 fråga
954 1031 32 21 till

161 1055 178 30 Statsutskottet;
357 1059 37 22 det
404 1061 24 20 är
436 1061 76 20 endast
521 1060 72 22 derför
601 1061 38 26 jag
651 1061 48 21 icke
712 1059 147 22 understödde
873 1059 52 22 det
917 1051 10 40 i
941 1060 43 27 går.

229 1085 57 22 Herr
300 1087 207 24 Landtmarskalken
522 1089 121 22 förklarade
659 1089 50 22 med
723 1089 114 26 anledning
845 1088 22 21 af
876 1089 59 21 detta
942 1091 43 25 ytt-

159 1113 67 22 rande
249 1116 39 25 att,
313 1116 89 22 emedan
425 1117 213 28 Jernvägsutskottet
660 1118 7 21 i
690 1117 40 22 sitt
745 1117 136 22 betänkande
897 1117 87 22 alldeles

158 1141 48 22 icke
226 1142 74 23 berört
322 1151 26 15 en
370 1146 65 21 sådan
454 1146 65 27 fråga,
536 1147 50 21 herr
601 1146 210 22 Landtmarskalken
826 1147 72 20 ansett
913 1147 36 20 det
964 1146 23 21 af

158 1169 89 24 friherre
263 1179 41 15 von
319 1173 58 22 Troil
392 1174 79 28 afgifna
487 1175 102 28 förslaget
604 1182 51 15 vara
669 1175 135 22 främmande
819 1174 34 22 för
861 1175 40 21 den
912 1175 72 21 disku-

157 1200 76 21 terade
248 1200 74 28 frågan
338 1203 40 21 och
394 1203 71 22 derför
480 1204 46 21 icke
542 1206 72 20 ansett
629 1205 33 26 sig
677 1205 75 20 kunna
767 1203 129 22 öfverlemna
909 1203 75 22 försla-

156 1229 38 25 get
210 1228 32 22 till
258 1230 121 23 diskussion
396 1232 39 21 och
453 1233 77 22 beslut.

225 1257 57 23 Herr
296 1265 40 16 von
352 1260 120 28 Alfthan,
489 1268 47 15 som
552 1262 65 21 redan
632 1261 58 22 förut
701 1261 79 27 begärt
788 1261 69 26 ordet,
869 1261 67 22 erhöll
947 1261 36 22 det

156 1291 28 16 nu
201 1286 39 21 och
264 1289 97 26 yttrade:
392 1289 42 28 Jag
448 1290 56 22 hade
519 1290 32 22 för
566 1291 43 20 min
625 1291 34 21 del
674 1290 34 22 för
724 1289 65 27 afsigt
805 1291 34 20 att
853 1289 79 22 föreslå
948 1290 35 21 det

155 1313 116 30 höglofliga
287 1317 87 22 ståndet
388 1320 33 20 att
436 1319 72 28 afböja
524 1319 60 22 detta
598 1319 87 27 förslag,
702 1325 51 15 men
769 1319 27 20 då
811 1318 74 27 frågan
895 1325 28 15 nu
934 1318 48 23 icke

154 1342 145 25 förekommer
313 1346 31 21 till
360 1347 135 28 behandling,
511 1348 36 21 vill
567 1348 39 27 jag
620 1348 48 22 icke
683 1347 71 22 heller
769 1347 68 21 inlåta
851 1347 44 27 mig
910 1347 72 22 vidare

153 1372 58 27 uppå
227 1373 74 28 saken,
318 1377 26 19 än
359 1377 33 20 att
404 1376 38 27 jag
457 1377 38 21 ber
511 1378 32 20 att
559 1379 57 19 emot
631 1376 56 22 hvad
704 1376 52 21 herr
775 1376 207 21 Landtmarskalken

152 1401 86 26 yttrade
254 1403 92 22 rörande
361 1404 50 22 dess
428 1405 152 27 sammanhang
594 1406 49 21 med
659 1404 186 29 jernvägsfrågan,
867 1404 21 22 få
909 1404 72 22 anföra

152 1430 33 21 att
198 1430 80 27 jemväl
293 1432 215 27 Jernvägsutskottet
523 1434 54 27 tagit
593 1434 33 27 sig
641 1433 118 27 anledning
773 1435 33 19 att
822 1433 31 21 uti
864 1433 117 22 motiverna

152 1457 32 22 till
200 1459 38 21 sitt
254 1460 136 23 betänkande
407 1463 43 21 tala
466 1469 34 15 om
515 1469 81 15 samma
612 1463 44 26 sak,
676 1463 71 21 ehuru
766 1462 215 26 Jernvägsutskottet

150 1485 48 33 icke
221 1489 68 27 ansåg
312 1490 46 21 skäl
381 1490 137 26 förekomma,
543 1493 33 19 att
595 1491 80 23 föreslå
694 1490 74 27 någon
788 1490 93 22 särskild
896 1490 82 27 åtgärd,

150 1514 86 23 hvilken
253 1518 66 22 också
334 1524 64 22 synes
414 1520 25 22 så
453 1520 86 28 mycket
553 1520 81 22 mindre
650 1526 52 16 vara
724 1519 23 21 af
764 1518 102 22 behofvet
880 1519 100 27 påkallad

150 1548 46 17 som
213 1544 27 23 de
255 1545 201 31 hufvudsakligaste
471 1549 169 27 anmärkningar,
657 1548 75 22 hvilka
748 1548 68 22 blifvit
832 1547 22 22 af
865 1548 114 28 Jernvägs-
