1070 1739
216 114 41 20 544
497 117 40 18 Den
553 115 12 19 8
581 117 109 18 November.

186 178 86 27 förslag,
289 180 31 20 ett
334 179 162 22 ständerbeslut
511 179 113 28 angående
639 187 26 15 en
682 180 33 22 del
731 179 24 22 af
768 179 60 22 detta
843 179 80 28 förslag
938 179 69 22 skulle

186 207 73 27 fattas,
279 213 45 16 som
343 208 69 22 skulle
428 208 35 22 stå
477 209 7 21 i
499 208 119 28 fullkomlig
632 209 56 22 strid
702 209 50 22 med
767 208 70 22 andan
852 208 7 22 i
875 208 74 28 sjelfva
963 207 43 24 för-

186 235 125 28 fattningen.

255 265 50 22 Med
319 265 87 28 ledning
422 265 22 22 af
457 266 41 22 der
515 266 90 22 sålunda
619 266 153 28 försiggångna
786 266 156 27 diskussionen,
953 272 54 21 upp-

187 293 89 22 ställdes
294 293 53 23 efter
361 295 120 22 hvarandra
495 295 94 28 följande
605 296 168 27 propositioner:

256 324 44 25 1:0)
317 323 65 27 ,Den,
399 330 46 15 som
459 324 36 21 vill
504 324 32 21 till
544 324 212 28 kontraproposition
765 325 58 21 emot
835 325 24 20 19
871 323 11 28 $
893 323 22 22 af
923 323 84 22 utskot-

186 352 44 20 tets
250 351 137 23 betänkande
406 352 129 23 oförändrad
550 353 53 22 eller
616 354 50 21 med
681 353 139 22 uteslutande
835 352 24 22 af
871 352 65 22 orden
952 352 55 27 ,för-

186 381 60 20 utom
266 381 41 21 den
325 381 107 22 allmänna
446 383 41 20 etc.
504 382 56 21 ända
575 382 33 21 till
623 381 180 25 underkastade",
821 383 78 25 antaga
914 381 41 22 den
969 381 38 22 nä-

187 409 54 32 diga
251 410 161 27 propositionen
427 410 129 22 oförändrad
565 411 51 21 eller
626 411 50 21 med
687 411 112 22 enahanda
809 410 139 26 uteslutning,
959 416 48 15 sva-

186 444 36 14 rar
234 444 33 21 ja;

254 466 74 23 vinner
343 467 41 28 nej,
401 469 90 26 antages
506 468 33 22 till
549 468 220 28 kontraproposition,
781 468 32 22 att
822 466 127 29 paragrafen
960 468 47 21 ute-

186 495 68 22 slutes
270 502 26 14 ur
310 495 175 29 författningen".

255 524 163 28 Propositionen
433 526 129 22 besvarades
578 526 48 22 med
642 525 158 28 öfvervägande
813 525 29 28 ja.

256 553 44 27 2:0)
317 554 66 27 ,Den,
399 560 46 16 som
460 554 125 28 godkänner
601 557 25 19 19
644 554 10 28 8
670 554 23 22 af
700 553 204 28 utskottets
827 549 11 37 i
848 553 56 28 fråga
915 554 92 22 varande

186 582 137 22 betänkande
341 583 101 27 antingen
463 583 128 22 oförändrad
612 584 52 22 eller
683 583 50 22 med
752 583 138 22 uteslutande
906 582 22 22 af
942 583 65 21 orden

188 610 106 27 »förutom
309 612 41 21 den
366 612 107 22 allmänna
487 614 41 20 etc.
544 612 33 22 till
593 612 182 27 underkastade",
791 618 73 16 svarar
873 612 33 27 ja;

255 640 73 22 vinner
343 641 41 27 nej,
401 643 88 25 antages
505 641 41 22 den
561 642 78 26 nådiga
653 641 163 28 propositionen
831 641 49 21 med
896 640 50 22 eller
956 641 59 20 utan'

187 668 113 22 enahanda
314 670 153 27 uteslutning”.

255 698 42 21 Vid
312 699 92 21 anställd
419 699 97 27 votering
531 698 62 22 utföll
609 701 72 21 svaret
695 699 29 27 på
740 699 69 21 denna
816 698 133 28 proposition
959 698 50 21 med

187 728 27 19 20
226 726 24 28 ja
266 727 40 21 och
323 729 25 19 12
364 728 40 26 nej.

257 758 42 24 3:0)
317 756 142 27 ,Godkänner
474 756 158 28 Ridderskapet
648 757 40 22 och
703 756 70 22 Adeln
789 758 26 20 19
831 756 13 26 &
858 755 23 22 af
889 755 118 22 utskottets

186 784 138 22 betänkande
340 784 139 28 oförändrad;

256 813 73 22 vinner
347 814 41 27 nej,
410 814 167 22 återremitteras
597 814 128 27 paragrafen
745 814 32 21 till
793 814 108 21 utskottet
914 812 32 23 för
961 814 47 20 ute-

188 841 100 22 slutande
304 842 22 22 af
340 843 66 21 orden
423 842 104 28 ,förutom
543 843 41 22 den
600 844 108 21 allmänna
718 842 238 27 inkomstbevillningen
967 844 40 19 etc.

187 872 15 20 t.
218 877 19 15 0.
254 877 27 22 m.
297 872 180 21 underkastade".

255 899 68 23 Afven
343 906 34 16 om
398 901 69 21 denna
481 900 134 28 proposition
630 900 120 23 anställdes
765 900 104 27 votering,
886 906 46 15 som
946 899 61 22 utföll

186 928 49 22 med
252 930 25 20 15
291 929 23 26 ja
329 929 41 22 och
386 931 26 19 12
427 930 40 27 nej.

256 957 46 21 Och
317 957 55 22 hade
388 957 32 22 till
434 957 52 28 följd
502 957 22 22 af
537 958 65 21 dessa
616 958 136 27 voteringars
766 957 82 28 utgäng
859 957 86 22 ständet
956 957 51 27 god-

187 985 53 21 känt
256 985 10 28 $
284 987 25 20 19
326 986 22 21 af
361 987 118 21 utskottets
494 987 136 21 betänkande
646 987 137 22 oförändrad.

254 1014 35 22 Då
304 1015 58 22 tiden
377 1015 104 28 betydligt
496 1015 138 27 framskridit,
652 1016 68 26 ansåg
736 1015 49 22 herr
800 1014 207 22 Landtmarskalken

186 1043 124 27 lämpligast
332 1046 32 19 att
386 1044 40 22 här
445 1044 84 28 afbryta
547 1045 159 26 behandlingen
727 1043 23 22 af
763 1043 244 28 näringslagsförslaget,

186 1071 32 22 för
235 1073 33 20 att
283 1072 35 22 vid
332 1074 64 20 nästa
410 1073 158 22 sammanträde
584 1073 47 22 åter
645 1073 122 26 fortsättas,
782 1079 50 15 men
847 1072 95 22 önskade
957 1072 7 21 i
977 1071 31 22 af-

186 1101 80 21 seende
290 1101 12 21 å
324 1101 155 28 bordläggning
501 1102 44 21 låta
567 1101 114 28 föredraga
700 1101 69 28 några
787 1101 47 22 från
849 1101 112 21 utskotten
975 1101 33 20 in-

184 1129 80 22 komna
279 1129 157 23 betänkanden.

254 1158 10 21 I
280 1159 94 26 enlighet
388 1159 89 22 härmed
491 1158 110 28 föredrogs
617 1159 115 22 Allmänna
747 1158 212 22 Besvärsutskottets
969 1157 38 22 be-

184 1187 109 21 tänkande
308 1187 49 22 med
372 1188 114 27 anledning
501 1187 23 22 af
537 1189 75 21 trenne
626 1188 58 21 inom
695 1188 106 27 Borgare-
820 1187 40 22 och
873 1187 134 21 Bondestån-

186 1215 41 21 den
242 1216 78 21 väckta
333 1217 116 26 petitioner
464 1223 34 15 om
513 1217 122 21 inrättande
651 1217 53 22 eller
720 1216 127 27 utvidgning
862 1215 23 22 af
893 1214 68 23 finska
970 1221 37 16 na-

184 1243 190 29 vigationsskolor;
394 1245 82 22 hvilket
494 1245 137 22 betänkande
650 1245 119 22 bordlades
789 1244 33 22 till
836 1245 65 21 nästa
914 1244 93 27 plenum.

253 1273 104 22 Deremot
378 1274 121 27 bordlades,
522 1275 29 26 på
570 1274 100 22 anhållan
690 1273 26 22 af
732 1273 130 22 friherrarne
882 1278 42 17 von
943 1273 64 26 Troil,

184 1301 22 22 S.
222 1301 33 22 W.
272 1302 40 21 och
326 1303 68 26 Boije,
410 1303 33 21 till
458 1303 67 22 första
540 1303 86 27 plenum
642 1303 7 21 i
664 1304 66 20 nästa
746 1302 77 21 vecka:

253 1331 181 22 Bankutskottets
450 1332 135 21 betänkande
601 1331 113 28 angående
725 1330 81 28 förslag
817 1330 33 22 till
861 1329 147 28 förändringar

183 1358 7 21 i
205 1359 207 28 bankreglementet,
428 1361 41 21 och
616 1381 2 2 .

194 1415 4 4 -
230 1383 11 40 =
254 1394 81 16 samma
350 1389 96 22 utskotts
461 1389 136 22 betänkande
612 1389 114 27 angående
742 1387 81 28 förslag
833 1387 34 22 till
877 1394 27 21 ny
914 1387 93 22 instruk-

183 1417 45 20 tion
243 1415 35 23 för
292 1417 197 28 bankfullmäktige.

253 1467 173 24 Sammanträdet
441 1469 74 22 afslöts
531 1469 53 22 härä
598 1469 93 22 klockan
707 1468 32 22 tio
754 1469 29 26 pä
797 1468 93 22 aftonen.

752 1502 21 18 In
785 1501 63 19 fidem:

672 1531 73 23 Victor
760 1532 25 21 de
799 1531 20 23 la
837 1530 100 28 Chapelle.
