1106 1786
330 127 158 18 Prokuratorns
500 128 122 17 berättelse.
806 121 55 22 1065

63 197 58 27 ning,
135 197 65 21 innan
216 195 216 29 äktenskapsskilnad
447 203 77 20 genom
540 195 88 29 dispens
651 195 94 29 beviljas.
775 195 115 23 Desamma

63 224 90 23 hänföra
176 225 39 27 sig,
237 224 69 21 såsom
329 224 58 21 Frih.
409 224 81 23 Wrede
513 224 67 21 också
594 224 102 26 uttalade,
710 224 33 21 till
758 224 85 22 skilnad
858 223 33 22 till

64 255 38 20 säng
132 253 41 22 och
188 255 52 24 säte,
256 253 26 21 de
296 253 66 21 hafva
378 253 68 28 enligt
460 253 44 21 min
519 253 140 28 uppfattning
674 253 111 28 ingenting
796 256 32 19 att
839 254 52 27 göra

64 289 34 14 med
128 281 222 28 äktenskapsskilnad.

133 310 137 22 Beträffande
292 310 163 28 Lagutskottets
478 309 99 29 tolkning
600 310 23 20 af
644 311 14 20 4
679 310 11 28 $
713 311 26 20 13
760 310 48 28 kap.
824 309 27 22 G.
866 309 25 21 B.

64 338 97 22 framhöll
178 338 58 22 Frih.
250 338 86 27 Wrede,
356 341 32 19 att
403 338 153 28 Lagutskottet
577 339 135 28 synnerligen
734 338 110 28 försigtigt
858 341 34 18 ut-

64 368 53 21 talat
132 368 42 21 den
189 367 143 29 uppfattning,
355 374 45 14 som
424 367 112 21 Utskottet
554 366 49 22 med
619 367 102 21 afseende
738 367 13 21 å
765 367 126 27 tolkningen

64 396 24 21 af
102 396 59 22 detta
176 396 82 27 lagrum
274 395 54 29 hyst.
357 396 43 28 Jag
422 396 68 20 måste
506 396 34 20 för
556 396 42 20 min
614 396 35 21 del
665 403 51 14 anse
732 398 31 18 att
778 395 113 22 Utskottet

64 425 82 27 ganska
160 424 80 29 tydligt
254 424 78 21 uttalar
352 425 32 21 sin
407 424 146 28 uppfattning,
569 424 28 21 då
614 424 112 22 Utskottet
742 424 62 28 djupt
818 424 73 21 bekla-

64 460 44 21 gar,
124 456 32 18 att
170 460 26 14 en
212 452 65 22 sådan
295 454 127 27 rättspraxis
438 460 46 14 som
500 452 41 22 den
557 460 29 14 nu
601 453 23 21 af
639 453 113 22 Utskottet
774 452 118 22 klandrade

65 482 89 21 kommit
169 482 6 20 i
190 482 140 28 tillämpning,
346 481 102 21 särskildt
462 482 37 20 vid
516 481 218 22 underdomstolarna.

135 510 35 21 Då
190 511 48 20 mitt
260 510 142 28 slutyttrande
424 510 106 21 måhända
552 510 87 21 föreföll
662 510 66 28 något
748 510 97 28 otydligt,
868 510 24 21 så

65 539 51 21 ville
138 540 35 27 jag
194 538 116 29 förtydliga
333 539 37 21 det
392 539 87 26 derhän,
500 542 31 18 att
552 540 43 20 min
612 539 66 28 afsigt
692 546 38 14 var
744 542 32 18 att
791 539 25 21 R.
832 546 19 14 o.
866 539 26 20 A.

65 568 51 20 ville
132 568 82 21 besluta
237 570 31 18 att
289 575 25 13 ur
336 567 145 22 betänkandet
503 568 93 21 utesluta
612 568 41 21 alla
668 568 27 21 de
710 567 125 21 uttalanden
851 566 41 22 Ut-

66 596 81 21 skottet
161 597 39 27 gör
215 597 6 20 i
236 596 62 27 fräga
313 603 35 14 om
364 596 223 29 äktenskapsskilnad.

135 652 58 22 Frih.
208 653 26 21 R.
249 653 25 21 A.
290 653 111 21 Wrede:
431 653 35 21 Hr
482 661 41 13 von
538 653 118 22 Haartman
672 655 62 26 säger
748 655 32 19 att
795 653 37 21 det
847 653 6 20 i
866 653 27 20 14

66 681 49 29 kap.
131 682 27 21 G.
173 681 25 22 B.
213 681 41 22 och
270 683 38 20 101
325 681 41 22 och
383 682 39 21 103
439 683 27 26 $$
481 681 141 29 Kyrkolagen
638 681 106 22 omtalade
767 681 125 21 förfarande

66 711 49 20 icke
130 710 66 21 borde
212 711 85 20 komma
312 711 5 20 i
334 710 68 28 fräga,
417 710 28 21 dä
460 710 218 28 äktenskapsskilnad
694 710 62 21 sökes
772 711 5 20 i
795 710 98 26 dispens-

67 741 49 26 väg,
138 742 50 18 utan
212 739 94 21 endast
298 734 13 37 i
322 739 60 28 fråga
404 746 34 14 om
462 739 84 21 skilnad
569 739 32 21 till
624 741 53 26 säng
690 739 40 21 och
746 741 51 19 säte.
827 738 65 21 Hvad

67 767 42 22 han
125 767 87 22 dermed
228 775 77 18 menar,
320 767 42 21 kan
377 768 35 27 jag
427 768 120 28 uppriktigt
566 767 63 28 sagdt
644 768 48 21 icke
708 767 73 22 förstå.
810 767 34 28 Ty
860 774 33 14 sa-

67 796 42 21 ken
125 798 23 19 är
162 797 22 27 ju
200 796 65 21 sådan
288 799 36 22 att,
347 796 28 21 då
397 796 37 21 hat
456 796 41 21 och
520 796 102 21 bitterhet
644 796 89 21 emellan
754 796 50 21 äkta
820 795 74 21 makar

67 825 103 28 uppstått,
184 825 40 21 bör
239 827 31 19 ett
284 825 77 21 sådant
376 825 124 21 förfarande
516 833 39 20 ega
571 833 52 13 rum.
653 825 43 21 Om
711 832 29 13 nu
755 825 50 20 äkta
820 824 74 21 makar

68 853 85 22 komma
174 854 33 20 till
230 856 58 25 prest
310 853 52 21 eller
384 853 93 22 domstol
496 854 51 21 eller
568 861 70 14 annan
654 853 124 28 myndighet
794 853 41 21 och
850 853 44 20 för-

68 882 59 21 klara
149 885 32 18 att
204 882 37 21 hat
262 882 40 21 och
324 882 103 20 bitterhet
449 882 90 21 emellan
560 882 48 20 dem
623 882 63 20 råder
700 882 41 21 och
756 885 32 17 att
803 881 27 21 de
844 881 49 28 vilja

68 910 80 28 skiljas,
172 910 38 21 bör
230 910 150 28 myndigheten
404 910 110 21 framhålla
533 910 34 21 för
582 910 58 21 dem:
670 910 44 21 Det
728 912 24 19 är
767 910 48 21 icke
830 909 64 21 orsak

68 939 32 21 till
116 938 91 28 skilnad,
229 947 48 13 men
300 939 58 21 detta
376 940 23 20 är
414 942 31 18 ett
460 939 47 21 skäl
522 939 32 21 till
570 939 37 21 det
622 938 128 28 förfarande,
766 946 45 14 som
827 940 68 19 omta-

68 968 32 20 las
116 968 6 20 i
139 969 26 20 14
181 968 48 28 kap.
251 968 27 21 G.
293 968 25 21 B.
338 967 41 21 och
394 967 147 29 Kyrkolagen,
557 968 41 21 och
614 967 27 21 då
656 967 51 22 böra
722 967 27 21 de
764 966 130 22 underkasta

69 997 33 27 sig
118 996 58 21 detta
191 996 123 22 förfarande
329 996 41 22 och
385 996 48 21 icke
448 996 86 22 skilnad
546 1004 40 20 ega
601 1004 46 13 rum
663 996 155 21 dessförinnan.

138 1053 58 21 Frih.
218 1061 51 13 von
290 1053 81 21 Born:
401 1053 75 21 Ehuru
491 1054 35 28 jag
541 1054 126 27 visserligen
684 1054 6 20 i
706 1053 67 21 likhet
788 1052 48 22 med
852 1052 41 22 den

69 1082 69 21 första
154 1082 63 21 ärade
232 1082 80 21 talaren
328 1085 44 18 tror
387 1085 33 18 att
434 1082 38 21 det
486 1082 97 28 yrkande
598 1090 46 13 som
660 1083 66 27 gjorts
742 1082 48 21 icke
801 1081 38 21 har
850 1084 45 18 stor

68 1112 68 26 utsigt
151 1110 34 22 för
200 1112 39 26 sig,
260 1110 94 22 anhåller
376 1110 65 22 äfven
466 1112 42 26 jag,
530 1110 67 22 ehuru
612 1112 36 27 jag
663 1111 119 27 egentligen
802 1110 93 28 begärde

70 1139 61 21 ordet
146 1140 34 20 för
194 1142 64 19 annat
274 1139 104 25 ändamäl,
392 1139 24 21 få
431 1139 62 28 lägga
509 1139 66 28 några
590 1139 38 21 ord
645 1140 6 20 i
667 1140 65 20 saken
743 1139 33 21 till
789 1138 37 22 det
837 1138 58 21 hvad

69 1168 65 21 redan
156 1168 57 21 Frih.
236 1168 78 21 Wrede
337 1168 25 21 så
384 1168 147 21 uttömmande
552 1171 73 24 yttrat.
655 1168 41 27 Jag
711 1168 38 21 ber
764 1168 22 20 få
801 1170 94 25 upptaga

69 1196 75 21 tråden
160 1196 39 21 der
220 1196 41 21 den
284 1196 72 21 blifvit
370 1196 23 21 af
408 1196 27 21 de
450 1199 86 18 senaste
559 1196 64 21 ärade
644 1196 94 21 talarene
754 1195 27 28 på
796 1197 44 20 sätt
855 1195 40 21 och

69 1225 33 21 vis
118 1225 105 21 afbruten.
252 1225 12 21 I
284 1225 62 27 fråga
361 1232 35 14 om
410 1225 136 28 tillämpning
561 1225 23 20 af
600 1226 26 20 14
643 1226 47 27 kap.
705 1225 27 21 G.
746 1225 26 21 B.
784 1224 42 21 och
836 1223 59 28 Kyr-

69 1253 92 28 kolagen
177 1253 58 29 uppä
250 1253 26 22 de
291 1253 38 22 tvä
350 1253 45 26 fall,
416 1253 89 21 hvarom
521 1253 39 21 här
574 1255 24 19 är
612 1253 68 28 fräga,
695 1253 37 21 det
747 1253 82 21 mindre
844 1252 52 21 skil-

69 1282 43 21 nad
127 1282 33 21 till
175 1284 53 26 säng
243 1282 40 21 och
298 1284 51 23 säte,
370 1281 37 22 det
429 1283 68 20 större
520 1281 222 29 äktenskapsskilnad,
758 1283 23 19 är
796 1289 49 13 man
861 1281 34 20 väl

70 1310 23 21 af
107 1313 48 18 rent
169 1311 83 27 logiska
268 1311 39 20 och
324 1310 132 21 aritmetiska
472 1310 47 21 skäl
536 1310 118 28 berättigad
670 1310 66 28 draga
751 1310 42 21 den
809 1310 87 21 slutsat-

69 1347 45 18 sen,
130 1342 31 18 att
175 1339 27 21 de
218 1339 183 28 förutsättningar,
423 1346 46 14 som
485 1341 75 26 utgöra
576 1342 32 18 ett
622 1339 95 21 conditio
733 1339 46 21 sine
794 1345 43 22 gua
853 1345 42 14 non

70 1369 6 20 i
92 1367 134 22 förhällande
245 1368 32 21 till
299 1367 37 22 det
359 1367 89 26 mindre,
465 1367 85 22 skilnad
573 1368 32 21 till
621 1369 53 26 säng
689 1367 40 22 och
746 1369 52 24 säte,
813 1367 35 21 väl
863 1366 34 21 äf-

70 1403 42 14 ven
127 1396 68 21 måste
218 1404 50 13 vara
291 1396 123 27 detsamma,
430 1399 31 18 ett
476 1396 97 21 conditio
588 1397 47 20 sine
666 1403 26 14 gua
707 1403 42 14 non
762 1397 7 20 i
784 1395 62 28 fråga
861 1402 35 14 om

70 1425 222 28 äktenskapsskilnad,
314 1425 107 20 notabene
442 1424 30 21 dä
487 1425 42 21 den
544 1425 51 21 sker
625 1425 13 20 pä
668 1425 120 28 dispensväg,
811 1423 84 22 säledes

69 1453 29 28 pä
112 1453 62 22 sidan
189 1453 23 21 af
226 1453 68 28 lagen,
311 1466 12 3 —
336 1454 36 27 jag
387 1453 55 21 talar
456 1453 49 21 icke
521 1461 34 13 om
566 1453 27 21 de
604 1432 44 47 fm,
658 1461 34 13 om
700 1453 72 21 hvilka
780 1453 62 28 lagen
853 1455 43 24 ytt-

69 1489 35 13 rar
119 1483 38 26 sig.
186 1482 52 21 Men
254 1483 33 19 för
301 1484 31 18 att
341 1481 56 21 fullt
412 1481 55 21 fatta
490 1481 70 21 denna
575 1481 62 28 fräga
652 1483 24 19 är
690 1481 36 21 det
741 1481 35 21 väl
791 1481 49 21 icke
855 1480 42 20 till-

70 1510 91 28 räckligt
182 1513 32 18 att
236 1510 75 21 endast
333 1510 57 21 hälla
409 1510 33 28 sig
462 1510 33 20 till
510 1510 28 21 de
553 1510 53 26 skäl,
621 1517 45 14 som
682 1509 82 28 framgä
778 1510 24 20 af
815 1509 82 27 Lagut-
