1109 1764
246 118 56 21 1108
494 124 25 17 R.
532 129 18 12 o.
563 125 25 16 A.
601 125 62 17 1900.
687 125 13 16 8
712 124 58 17 Juni.

284 191 158 29 Deputationen
457 191 48 22 från
519 191 181 29 Borgareståndet
715 191 101 22 anfördes
826 191 23 22 af
858 191 187 22 Kommerserådet

216 219 24 22 C.
255 220 155 27 Borenius,
425 220 65 22 hvars
504 220 140 29 helsningstal
658 228 40 15 var
712 221 22 21 af
749 221 94 28 följande
858 220 102 22 innehåll:

214 300 110 22 Välborne
343 300 59 22 Herr
422 300 190 22 Landtmarskalk!
643 300 103 22 Finlands
766 300 127 29 Höglofliga
908 300 135 29 Ridderskap

568 329 40 22 och
624 329 68 22 Adel!

284 392 180 28 Borgareståndet
483 392 95 22 anhåller
600 395 32 18 att
653 399 77 21 genom
751 399 41 20 oss,
807 391 49 22 dess
870 390 135 30 deputerade,
1020 390 23 21 få

215 420 33 21 till
266 420 127 29 Höglofliga
407 421 26 21 R.
447 429 19 13 o.
481 421 26 21 A.
522 420 138 29 öfverbringa
675 420 112 29 uttrycken
802 420 24 21 af
840 420 48 22 dess
902 419 140 22 oförändrade

215 449 151 28 tillgifvenhet,
381 449 48 22 dess
444 449 65 29 djupa
524 449 132 29 högaktning
670 449 40 22 och
725 457 74 14 varma
814 449 96 28 sympati.
939 449 103 28 Borgare-

215 477 87 22 ståndet
316 477 38 22 ber
368 478 102 29 derjemte
484 481 32 18 att
531 478 35 21 för
580 479 33 20 sin
628 478 97 21 enskilda
739 477 35 22 del
790 477 23 22 få
827 477 101 22 hembära
942 477 26 21 R.
982 485 18 13 o.
1015 476 28 21 A.

216 507 31 20 sin
270 506 124 29 uppriktiga
414 507 51 21 tack
487 507 34 21 för
541 507 28 21 de
590 507 119 21 värdefulla
723 507 72 28 inlägg
810 506 28 29 pä
852 506 42 21 alla
906 505 97 22 omräden
1020 505 23 21 af

214 535 199 28 landtdagsarbetet
427 536 26 21 R.
468 543 19 14 o.
501 535 27 22 A.
544 543 30 13 nu
588 535 68 22 såsom
672 535 106 22 tillförene
794 536 60 27 gjort,
870 535 48 21 icke
933 535 63 20 minst
1005 541 37 20 ge-

214 570 49 14 nom
286 563 42 22 den
350 563 46 22 rika
418 565 64 27 insigt
503 564 41 21 och
560 564 120 21 erfarenhet
695 564 25 21 R.
735 571 19 14 o.
768 563 28 22 A.
811 564 31 21 uti
856 564 46 21 sina
917 562 125 29 delegerade

214 591 78 22 tillfört
313 592 113 22 utskotten.
455 593 49 21 Den
526 593 149 28 omsorgsfulla
696 592 117 28 beredning
835 592 98 28 frågorna
952 592 8 21 i
980 591 62 22 dessa

214 620 84 22 utskott
313 621 84 21 erhållit
413 621 115 28 berättigar
542 621 71 26 äfven,
628 629 34 13 om
677 621 41 21 ock
733 621 89 25 arbetet,
836 621 22 28 ju
868 623 94 18 närmare
973 619 69 22 landt-

214 649 70 21 dagen
304 649 48 22 lidit
372 649 32 22 till
426 651 38 20 sitt
478 650 47 26 slut,
540 650 56 21 varit
610 649 64 29 något
689 649 113 28 forceradt,
818 650 7 20 i
840 650 32 21 sin
889 649 47 21 mån
953 649 32 21 till
1000 648 42 21 den

215 677 145 29 förboppning
374 681 32 18 att
420 678 27 21 de
462 679 82 28 vigtiga
553 678 116 29 lagförslag
694 678 13 21 på
716 678 41 22 den
768 678 79 21 sociala
856 677 40 22 och
906 677 136 22 ekonomiska

214 706 172 29 lagstiftningens
409 707 90 26 område,
522 707 74 22 hvilka
618 707 37 22 vid
677 686 69 42 dena
768 707 102 27 landtdag
886 706 22 21 af
923 706 119 22 Ständerna

214 735 116 26 omfattats,
346 735 27 28 gå
387 736 8 21 i
410 743 26 14 en
450 735 34 22 för
499 735 83 22 landets
597 735 123 28 utveckling
734 743 89 21 gynsam
839 735 99 28 riktning.

283 763 45 22 Det
342 764 96 21 nittonde
453 764 79 21 seklets
547 764 53 21 sista
614 764 143 21 ständermöte
772 763 40 22 har
826 763 46 28 gått
886 763 33 22 till
934 763 55 22 ända
1000 763 41 21 och

213 791 51 22 med
278 799 34 14 oss
327 792 72 29 frågar
414 793 32 35 sig
460 793 217 26 fosterlandsvännen,
694 793 108 21 hurudant
816 792 34 22 väl
865 792 47 22 vårt
927 791 45 22 folk
987 791 54 22 skall

213 820 63 22 träda
290 823 24 19 ut
328 829 24 13 ur
367 821 41 21 den
423 821 62 28 långa
499 821 103 29 politiska
616 821 118 29 skymning,
748 822 8 20 i
770 821 88 22 hvilken
872 821 22 22 vi
910 828 28 13 nu
951 820 58 29 glida
1018 821 22 20 in

212 856 78 21 genom
309 852 32 19 att
360 849 297 30 landtdagsmellanperioden,
673 853 50 18 utan
743 849 119 22 beaktande
877 849 23 21 af
914 849 40 21 den
970 849 23 20 af
1007 856 33 14 re-

212 879 172 27 presentationen
403 878 94 21 uttalade
512 881 102 19 motsatta
628 879 164 28 uppfattningen
806 885 34 14 om
856 877 184 28 nödvändigheten

212 905 24 22 af
258 906 48 22 dess
330 907 143 26 förkortande,
498 907 23 21 så
544 907 106 28 betydligt
671 907 109 28 förlängts.
810 907 52 21 Man
884 906 39 21 har
940 909 53 25 sagt,
1007 909 41 18 att-

212 934 64 22 öfver
297 935 73 21 bruset
391 935 23 22 af
434 935 28 22 de
482 935 79 22 sociala
585 935 40 22 och
648 935 100 29 politiska
766 935 173 27 missriktningar,
954 934 86 21 hvartill

212 963 102 22 särskildt
335 963 124 22 sekelslutet
480 965 56 20 varit
556 964 40 21 och
615 966 24 19 är
656 965 74 26 vittne,
749 964 66 21 redan
829 971 34 14 om
878 963 40 22 ock
934 965 54 19 ännu
1003 970 37 14 en-

212 991 50 22 dast
283 992 28 28 på
333 992 86 22 afstånd
438 993 62 21 höras
516 993 124 28 vingslagen
655 993 23 21 af
693 1000 26 14 en
734 1000 34 21 ny,
782 1000 26 14 en
824 992 68 21 bättre
907 991 38 27 tid,
960 999 26 14 en
1000 991 39 26 tid,

212 1019 28 22 då
255 1021 181 26 materialismens,
451 1021 82 22 våldets
548 1021 40 21 och
604 1021 134 22 reaktionens
754 1029 28 13 nu
792 1021 92 21 rådande
895 1020 74 21 mörka
979 1019 60 22 mak-

211 1051 34 24 ter
260 1049 60 21 skola
334 1049 23 21 få
371 1049 51 22 vika
436 1049 35 22 för
485 1057 26 14 en
526 1049 94 22 idealare
632 1050 128 28 gestaltning
771 1049 23 22 af
804 1049 72 22 lifvets
887 1048 151 22 förhållanden.

211 1077 33 21 Ar
258 1077 70 22 denna
342 1077 126 29 iakttagelse
484 1078 70 29 riktig,
570 1078 71 21 kunna
656 1079 22 20 vi
692 1078 76 22 dervid
784 1078 62 23 äfven
862 1077 56 22 fästa
932 1077 38 21 det
981 1077 57 28 hopp

211 1108 39 23 att,
271 1105 28 22 då
317 1106 102 22 Finlands
440 1107 91 21 Ständer
550 1107 24 20 år
590 1108 56 20 1904
660 1107 46 21 åter
720 1107 78 21 samlas
813 1107 33 20 till
861 1106 37 21 det
912 1105 125 29 grundlags-

212 1134 70 28 enliga
303 1135 127 22 utöfvandet
451 1135 23 21 af
495 1136 46 21 sina
557 1135 182 22 konstitutionella
753 1135 85 29 pligter,
854 1142 26 14 en
894 1134 76 29 ljusare
984 1135 31 20 tid
1031 1135 8 20 i

210 1162 99 29 politiskt
323 1163 101 22 afseende
438 1164 46 21 åter
498 1167 59 25 grytt
571 1164 35 21 för
620 1163 48 22 vårt
682 1164 55 21 land.

280 1191 53 22 Fast
350 1191 41 22 och
411 1192 101 28 enhälligt
530 1192 39 21 har
583 1192 103 21 Finlands
701 1192 45 21 folk
762 1191 46 22 åter
819 1191 37 22 vid
870 1191 60 22 detta
944 1191 94 21 ständer-

210 1221 59 20 möte
283 1219 89 22 likasom
388 1221 37 21 vid
439 1221 41 21 den
495 1221 149 21 minnesvärda
655 1222 77 20 urtima
742 1220 129 29 landtdagen
881 1220 23 21 år
915 1221 54 20 1899
980 1219 60 22 slutit

210 1248 34 28 sig
264 1255 95 14 samman
382 1249 62 28 kring
467 1249 26 21 de
513 1249 109 29 upphöjda
636 1250 113 28 principer,
764 1249 74 21 hvilka
852 1257 28 12 nu
894 1248 69 21 såsom
978 1247 61 22 alltid

210 1277 80 28 utgjort
304 1277 177 22 hufvudsumman
496 1277 24 22 af
534 1277 38 22 vår
587 1278 101 28 politiska
702 1277 138 29 uppfattning
855 1291 27 2 —
895 1277 40 28 lag,
947 1279 42 18 rätt
998 1276 42 21 och

210 1305 94 28 sanning.
334 1305 41 22 Uti
389 1308 78 20 tvänne
482 1306 163 29 betydelsefulla
660 1307 114 28 petitioner
789 1306 65 21 hafva
868 1305 118 22 Ständerna
996 1305 43 20 för-

209 1333 139 22 troendefullt
367 1335 34 20 till
423 1335 84 21 Tronen
526 1335 101 21 framfört
641 1335 113 28 uttrycken
769 1335 23 21 af
807 1335 45 20 sina
866 1334 65 35 djupa
946 1333 40 22 och
1001 1333 38 21 all-

210 1362 82 28 varliga
314 1362 125 29 bekymmer
461 1363 61 21 öfver
540 1363 28 21 de
588 1363 34 21 för
635 1363 132 22 närvarande
782 1364 8 20 i
802 1363 72 21 landet
888 1362 92 21 rådande
996 1362 43 21 för-

209 1389 127 23 hållandena
351 1391 41 22 och
407 1392 161 28 möjligheterna
582 1392 35 21 för
631 1392 49 21 dess
694 1392 75 21 vidare
781 1391 110 22 förkofran
901 1391 40 21 och
951 1390 88 22 utveck-

209 1418 51 29 ling,
274 1419 40 22 och
329 1419 54 22 huru
398 1420 61 21 mörk
473 1423 27 18 än
515 1420 116 21 framtiden
647 1420 33 21 för
694 1420 97 21 tillfället
805 1420 35 21 må
854 1419 105 28 förefalla,
969 1419 71 21 kunna

208 1447 24 21 vi
254 1447 56 22 dock
333 1449 19 27 ej
376 1456 37 14 ens
433 1451 55 19 ännu
506 1457 26 13 ur
549 1449 52 22 våra
615 1449 82 28 hjertan
713 1449 83 28 förjaga
811 1448 42 21 den
866 1448 115 21 tillitsfulla
996 1447 43 21 för-

208 1475 138 30 hoppningen
360 1480 33 18 att
408 1477 50 22 våra
473 1477 66 28 ärliga
553 1477 124 22 uttalanden
692 1477 61 22 skola
768 1477 88 22 beaktas
871 1477 23 21 af
909 1484 26 13 en
951 1476 33 21 för
994 1475 46 22 lan-

208 1503 49 23 dets
279 1507 27 20 väl
336 1505 133 22 nitälskande
490 1506 100 27 Monark,
611 1507 115 27 sanningen
746 1506 99 28 slutligen
860 1505 85 22 komma
959 1504 33 21 till
1007 1505 32 20 sin
