1106 1775
249 122 55 25 1072
498 128 24 17 R.
535 133 18 11 o.
566 130 25 16 A.
604 129 62 17 1900.
690 130 12 16 2
714 130 58 16 Juni.

220 198 37 21 het
279 198 52 21 eller
354 197 161 29 nödvändighet
536 205 49 13 man
611 198 42 21 kan
675 200 76 19 stanna
767 198 7 21 i
789 198 86 25 tvekan,
895 197 88 23 emedan
999 198 46 22 skäl

220 226 73 22 kunna
313 226 44 21 tala
379 229 57 19 emot
458 226 43 22 lika
523 226 35 22 väl
580 234 45 14 som
646 226 35 21 för
700 226 129 28 vidtagande
847 226 23 22 af
885 230 31 18 ett
931 227 114 28 föreslaget

221 258 54 24 steg.
306 254 52 22 Men
377 255 56 21 hvad
449 255 134 21 vidkommer
598 254 41 22 den
656 255 161 28 angelägenhet,
832 262 46 14 som
893 256 7 20 i
915 255 130 28 Lagutskot-

219 287 43 18 tets
283 283 147 29 föreliggande
449 284 136 21 betänkande
602 283 123 27 behandlas,
740 291 63 21 synes
819 283 38 22 det
872 284 42 28 mig
929 287 30 18 att
975 285 69 27 någon

220 312 81 23 tvekan
316 312 23 22 af
354 312 37 21 det
405 312 46 28 slag
466 313 35 27 jag
515 320 51 20 nyss
582 312 95 28 antydde
692 312 38 22 alls
746 312 48 22 icke
810 312 40 21 kan
863 312 84 22 komma
951 308 12 37 i
978 312 66 29 fråga.

220 340 44 22 Det
287 348 64 21 synes
372 342 43 26 mig
437 348 50 14 vara
507 341 47 21 icke
574 341 55 21 blott
648 340 136 28 berättigadt,
802 344 51 18 utan
872 341 44 21 helt
931 341 72 21 enkelt
1018 349 25 13 en

220 369 167 29 nödvändighet,
410 372 31 19 att
464 370 251 28 folkrepresentationen,
737 370 64 20 innan
824 369 41 21 den
885 370 95 28 åtskiljes
996 369 48 21 från

220 398 71 22 denna
311 398 108 28 landtdag,
435 398 61 28 ingår
511 398 31 21 till
558 398 118 22 Monarken
693 398 49 21 med
757 406 26 13 en
799 398 156 28 framställning
970 398 22 21 af
1007 398 38 22 det

219 426 94 22 innehåll
329 426 163 28 Lagutskottets
508 426 135 22 betänkande
659 427 63 21 afser.
750 427 43 21 Det
808 428 24 20 är
847 434 26 14 en
884 427 161 28 nödvändighet

220 458 31 18 att
273 455 36 21 det
329 455 89 21 sälunda
440 456 107 28 klargöres
568 456 22 20 af
606 455 54 27 dem,
676 463 45 13 som
737 457 37 19 äro
791 458 54 18 mest
860 456 136 28 kompetenta
1013 459 31 18 att

220 484 92 21 bedöma
332 484 161 21 förhällandena
508 485 6 20 i
530 484 60 21 detta
609 484 56 27 land,
681 484 114 21 huruledes
811 484 34 21 för
859 484 132 22 närvarande
1006 485 38 21 ab-

221 520 72 14 norma
311 512 117 28 riktningar
443 514 44 27 röja
502 514 33 26 sig
550 514 6 20 i
573 513 226 27 statsförvaltningens
814 512 92 29 ledning.

289 541 12 21 I
316 541 77 28 sjelfva
413 542 80 26 verket,
508 544 37 18 när
561 549 48 13 man
627 542 107 20 betraktar
750 541 41 21 den
807 542 53 20 serie
876 542 23 21 af
913 542 130 26 företeelser,

219 570 6 20 i
242 570 73 21 hvilka
331 570 40 21 den
390 570 95 22 rädande
499 571 95 28 regimen
610 570 42 21 fätt
667 571 37 20 sitt
720 570 92 29 uttryck,
828 578 49 14 vare
893 571 33 28 sig
940 571 6 20 i
962 572 81 27 vigtiga

219 599 52 21 eller
292 599 81 21 mindre
395 600 80 27 vigtiga
494 599 184 28 angelägenheter,
695 600 40 20 kan
755 607 49 13 man
823 599 47 22 icke
889 600 58 28 värja
962 600 32 27 sig
1009 600 34 21 för

220 627 109 28 intrycket
351 631 30 18 att
404 627 120 22 ändamålet
546 627 48 22 med
618 635 26 14 en
666 631 44 18 stor
726 628 34 21 del
776 628 23 21 af
814 628 25 21 de
855 628 102 28 vidtagna
972 629 69 27 ätgär-

219 656 73 25 derna,
308 656 32 26 de,
355 656 73 22 hvilka
442 657 35 28 jag
491 657 55 20 tillät
562 657 43 27 mig
621 657 104 21 beteckna
742 656 70 21 säsom
828 657 107 25 abnorma,
949 657 48 21 haft
1010 657 32 21 till

219 685 101 28 syftemäl
341 687 31 19 att
394 685 110 22 framkalla
524 686 106 27 störingar
646 686 5 20 i
668 685 36 21 det
724 685 70 28 lugna,
816 685 62 21 enkla
896 685 41 22 och
951 685 90 22 sansade

219 713 163 22 samhällslifvet
398 714 5 21 i
418 713 47 22 värt
480 714 56 21 land.
566 714 45 21 Det
625 714 68 27 ligger
708 721 26 14 en
751 714 100 21 karaktär
865 714 24 21 af
900 715 141 27 provokation

219 743 6 20 i
241 742 74 27 mångt
333 743 41 20 och
394 743 85 28 mycket
494 743 22 20 af
531 743 37 20 det
584 750 45 14 som
645 742 103 29 vidtagits
765 743 52 20 eller
831 743 122 28 isynnerhet
968 743 23 20 af
1005 743 37 21 det

219 778 45 14 som
281 771 126 28 föreslagits.
435 771 116 28 Ingenting
571 771 65 22 borde
652 771 56 22 dock
725 779 51 13 vara
792 779 55 13 mera
863 771 115 21 afvikande
993 771 48 21 frän

219 799 182 22 statsklokhetens
424 800 93 21 erkända
539 800 145 27 grundsatser,
703 802 26 19 än
746 803 30 18 ett
792 799 75 22 sädant
883 800 158 28 provocerande

219 827 166 29 förfaringssätt.
415 828 60 22 Tack
496 836 50 13 vare
568 829 42 20 den
629 828 82 29 stadga,
727 828 33 21 till
775 829 87 20 hvilken
878 829 47 20 värt
941 828 100 21 samhälle

218 863 78 21 genom
319 864 25 14 en
365 857 111 28 längvarig
497 857 125 28 utveckling
641 857 27 28 pä
687 857 63 21 säker
767 857 123 28 rättsgrund
906 857 52 26 nätt,
973 857 68 28 aflöpa

219 885 66 21 äfven
305 885 63 22 dessa
386 885 73 22 försök
481 886 31 21 till
531 887 107 27 störingar
652 885 28 29 pä
696 885 78 22 sädant
788 887 43 20 sätt
846 893 44 14 som
907 886 59 21 fallet
981 887 61 25 varit,

219 914 106 28 nämligen
341 918 31 18 att
387 914 82 22 landets
485 914 139 28 medborgare
641 914 40 22 och
692 914 149 29 myndigheter
853 914 44 22 helt
908 914 71 22 enkelt
989 914 52 21 fort-

217 942 48 22 fara
280 946 31 18 att
325 945 51 26 göra
391 944 33 21 sin
437 944 57 27 pligt.
568 956 6 6 .

288 972 43 20 Det
353 972 68 28 ligger
435 973 6 19 i
458 972 40 21 den
521 973 73 27 regim,
609 972 86 21 hvilken
710 973 7 20 i
728 972 162 28 Lagutskottets
907 972 134 20 betänkande

218 1000 171 26 karaktäriseras,
411 1000 75 21 liksom
506 1008 26 14 en
553 1000 96 22 sträfvan
666 1004 31 18 att
712 1000 119 28 förqväfva,
847 1000 51 21 eller
913 1000 127 21 åtminstone

218 1028 71 22 såsom
305 1029 98 27 skadliga
419 1028 103 22 behandla
538 1029 26 21 de
580 1029 69 21 sunda
664 1029 40 21 och
720 1029 48 21 ädla
779 1029 64 27 idéer,
854 1029 72 21 hviika
936 1028 105 28 genomgå

218 1056 41 22 den
279 1057 169 28 medborgerliga
466 1058 40 21 och
521 1057 110 29 offentliga
646 1058 163 21 verksamheten
825 1058 6 20 i
848 1057 47 21 vårt
910 1057 55 21 land.
996 1058 45 20 När

217 1086 7 20 i
240 1085 25 21 så
279 1088 46 18 stor
342 1086 133 28 omfattning,
494 1094 44 13 som
554 1087 7 20 i
577 1086 59 21 detta
652 1086 56 26 land,
723 1086 152 21 sträfvandena
891 1086 34 20 för
940 1086 100 28 folkupp-

218 1114 113 28 lysningen
354 1115 106 28 uppbäras
483 1115 98 27 frivilligt
603 1122 77 20 genom
703 1123 26 13 en
751 1115 130 27 fullkomligt
903 1116 138 27 oegennyttig

217 1142 155 28 hängifvenhet
388 1143 33 21 för
436 1143 65 21 saken
516 1143 23 21 af
554 1144 27 20 de
597 1143 86 21 bildade
699 1144 119 20 elementen
834 1144 6 20 i
856 1143 116 27 samhället,
981 1143 24 21 så
1017 1145 23 19 är

218 1170 59 22 detta
293 1174 31 19 ett
339 1172 58 28 drag,
412 1179 45 14 som
472 1172 34 21 för
521 1180 26 13 en
563 1172 89 29 styrelse
668 1172 49 21 med
732 1174 71 26 öppen
819 1172 57 21 blick
891 1172 34 21 för
935 1171 56 22 hvad
1003 1174 37 19 än-

218 1199 93 22 damålet
333 1201 47 20 med
402 1201 85 21 folkens
505 1201 26 20 lif
551 1203 23 19 är
591 1201 65 21 borde
672 1201 90 21 framstå
776 1201 70 20 såsom
862 1200 65 28 något
942 1201 6 20 i
964 1201 76 28 högsta

217 1228 54 27 grad
286 1229 164 28 aktningsvärdt
469 1229 40 21 och
525 1229 88 28 förtjent
628 1232 32 18 att
675 1229 61 28 följas
752 1229 40 21 och
807 1229 78 21 skådas
901 1229 48 21 med
965 1230 75 20 erkän-

217 1257 78 26 nande,
310 1265 47 13 men
373 1257 48 22 icke
437 1261 31 18 att
481 1259 62 26 göras
559 1258 32 21 till
606 1258 90 21 föremål
712 1258 34 21 för
760 1257 76 22 hinder
846 1257 40 22 och
897 1257 142 22 trakasserier.

217 1285 26 21 Jag
279 1286 75 21 tänker
373 1289 31 18 att
419 1287 100 20 särskildt
533 1287 43 28 just
592 1286 70 21 denna
678 1287 47 20 sida
740 1287 23 20 af
778 1286 26 21 de
820 1286 81 28 många,
916 1293 46 14 som
977 1287 62 20 verk-

217 1313 94 28 ligheten
333 1315 86 21 företett
440 1315 41 21 och
498 1315 24 21 af
540 1315 74 21 hvilka
633 1315 109 28 åtskilliga
758 1316 6 19 i
781 1315 161 28 Lagutskottets
966 1315 73 20 betän-

217 1342 71 21 kande
311 1343 75 21 liksom
403 1345 6 19 i
424 1344 238 28 petitionsmemorialen
686 1344 92 27 beröras,
800 1343 103 28 förtjenar
925 1345 31 19 att
978 1343 61 28 lifligt

216 1371 202 28 uppmärksammas,
433 1375 23 25 ty
470 1373 42 27 just
527 1372 38 21 här
580 1372 116 21 framträda
712 1372 96 21 idéernas
824 1372 25 21 lif
861 1371 41 22 och
915 1371 125 28 medborga-

216 1407 50 14 rens
283 1400 126 28 ovilkorliga
429 1401 145 28 berättigande
596 1404 32 17 att
642 1401 74 20 arbeta
731 1401 35 20 för
780 1401 156 27 upplysningen
953 1400 40 21 och
1008 1403 32 18 att

216 1428 74 21 arbeta
313 1429 72 20 derför
399 1430 7 20 i
421 1429 66 21 sådan
508 1429 55 21 anda
584 1436 45 14 som
646 1430 6 20 i
668 1429 48 22 vårt
736 1429 50 21 land
802 1436 50 20 eger
869 1436 52 19 rum,
937 1436 25 13 en
978 1429 61 26 anda,

217 1463 45 14 som
286 1458 80 20 vittnar
388 1465 33 13 om
445 1457 117 22 solidaritet
585 1458 77 21 mellan
681 1457 27 22 de
727 1458 116 27 lyckligare
859 1457 41 21 och
915 1457 26 21 de
957 1457 82 21 mindre

216 1485 90 28 lyckligt
321 1485 86 22 lottade.
438 1486 33 21 De
486 1486 67 21 sunda
570 1486 40 21 och
626 1486 48 21 ädla
690 1486 64 26 idéer,
766 1486 73 21 hvilka
848 1486 36 27 jag
894 1485 94 29 antydde
999 1485 40 22 och

215 1513 24 21 af
260 1514 73 21 hvilka
355 1515 35 28 jag
409 1515 116 21 framhållit
543 1515 55 21 blott
616 1522 27 14 en
659 1515 61 26 enda,
734 1515 66 21 hafva
815 1514 123 28 lyckligtvis
954 1522 26 13 en
995 1514 44 21 helt
