1103 1773
237 114 41 21 910
479 120 24 17 R.
517 124 17 12 o.
547 120 26 17 A.
585 120 62 17 1900.
672 120 28 17 28
712 120 50 21 Maj.

207 194 106 15 sammare
336 187 78 22 lottadt
436 187 132 22 beträffande
589 188 99 21 vilkoren
710 188 34 21 för
766 187 121 22 hästkultur
908 189 26 19 än
957 187 77 29 många

207 216 69 21 andra
292 216 74 21 länder
381 217 6 20 i
402 216 93 29 Europa.
525 217 66 20 Detta
608 217 67 20 måste
691 217 34 21 väl
743 217 71 20 kunna
830 216 124 21 förutsättas
969 217 5 20 i
987 216 46 21 vårt

208 244 133 22 vidsträckta
364 245 49 21 land
436 245 49 21 med
507 245 50 21 dess
580 247 57 19 stora
658 245 41 21 och
715 245 89 28 bördiga
820 245 149 21 betesmarker.
998 245 34 21 En

209 272 57 22 ökad
289 273 127 22 foderskörd
440 274 40 21 och
496 274 109 21 dessutom
621 273 55 22 ökad
694 273 168 22 vårsädesskörd
878 273 38 22 bör
931 275 50 26 göra
997 273 37 22 det

209 301 99 29 lämpligt
330 305 32 18 att
384 302 100 29 jemsides
499 302 49 21 med
564 302 179 21 kreatursskötsel
759 303 39 20 hos
814 309 34 14 oss
864 302 65 21 äfven
945 301 40 22 ifra
1000 302 34 21 för

210 330 149 21 hästkulturen
384 331 40 21 och
446 331 90 21 specielt
558 331 35 21 för
608 331 184 28 hästuppfödning
806 331 32 20 till
856 333 81 26 export.
967 330 66 21 Detta

207 359 97 28 framgår
325 359 86 28 mycket
425 335 112 57 tydligare,
553 359 28 21 då
597 367 48 13 man
660 359 78 28 jemför
754 359 162 22 förhållandena
931 359 38 21 här
984 359 49 21 med

208 387 68 22 andra
291 387 79 27 länder,
385 388 28 21 då
428 391 14 18 t.
457 396 38 19 ex.,
511 388 70 21 såsom
600 388 112 21 Utskottet
727 387 128 26 framhåller,
872 387 69 22 denna
957 391 76 24 export

207 417 6 20 i
230 416 112 21 Danmark
362 417 82 28 uppgår
458 417 33 21 till
507 418 26 20 20
549 417 98 28 miljoner
662 417 64 21 mark.
756 416 125 21 Emellertid
896 417 39 20 har
950 424 27 13 nu
993 416 38 21 hos

208 452 36 14 oss
268 445 38 21 det
328 445 80 28 anslag,
422 453 46 14 som
483 445 48 21 från
547 445 36 21 det
599 445 117 21 allmännas
732 445 46 21 sida
792 445 76 28 gifvits
884 445 34 20 för
933 447 30 19 att
979 453 53 20 upp-

208 476 85 19 muntra
314 473 69 22 denna
406 475 81 26 vigtiga
508 481 52 21 gren
581 474 22 21 af
622 474 39 21 vär
676 473 139 22 ekonomiska
831 473 130 27 utveckling,
976 474 56 21 varit

208 501 78 22 endast
306 503 75 25 58,000
397 505 13 18 &
424 504 76 25 59,000
516 502 59 21 mark
591 510 34 13 om
642 502 51 22 året.
722 503 67 20 Detta
805 502 121 21 framhåller
942 502 90 22 Utskot-

207 533 32 18 tet
262 531 6 20 i
285 531 63 28 detalj
372 531 28 28 på
422 531 39 22 sid.
477 532 12 21 9
506 531 23 21 af
543 532 38 20 sitt
597 531 141 26 betänkande,
754 531 37 21 der
809 531 27 20 de
852 531 70 21 skilda
937 531 95 27 anslags-

208 562 102 25 posterna
332 560 68 21 finnas
422 563 113 25 upptagna.
563 559 43 28 Jag
627 563 45 18 tror
694 560 34 21 för
752 561 42 20 min
810 559 35 21 del
860 562 32 18 att
907 559 41 22 den
964 559 67 21 första

209 591 77 24 posten
302 589 90 20 rörande
408 590 90 27 premier
513 588 36 22 vid
565 589 105 20 allmänna
686 588 201 28 täflingskörningar
902 595 42 21 nog
960 587 71 22 kunde

209 616 117 22 bibehållas
341 617 37 21 vid
394 619 32 19 sin
443 617 123 22 nuvarande
582 617 86 26 storlek,
684 625 47 13 men
748 616 57 22 hvad
821 617 41 21 alla
878 617 26 20 de
915 617 69 27 öfriga
995 624 37 13 an-

209 645 159 28 slagsposterna
391 646 105 26 beträffar,
517 653 62 21 synes
600 645 37 22 det
657 647 43 26 mig
718 653 51 14 vara
784 645 159 27 otvifvelaktigt
959 648 30 18 att
1005 645 26 21 de

209 673 51 22 böra
277 674 160 28 mångdubblas.
463 674 113 22 Utskottet
591 674 122 22 framhåller
728 673 113 23 huruledes
856 681 49 14 man
920 674 7 20 i
943 673 88 29 Sverige

207 710 78 20 genom
308 703 268 28 hushällningssällskapen
599 703 83 21 utdelat
704 703 62 21 öfver
782 704 89 24 300,000
887 702 83 27 kronor,
986 702 45 22 dels

208 730 72 22 såsom
300 732 115 21 understöd
439 732 40 21 och
502 732 45 21 dels
563 732 70 21 såsom
651 732 40 21 län.
720 731 85 22 Vidare
820 731 111 21 framhålla
946 732 85 27 petitio-

208 761 96 25 närerne,
319 760 114 22 huruledes
449 768 47 14 man
512 761 6 21 i
535 760 218 28 Elsass-Lothringen
770 760 81 21 utdelat
866 760 90 23 260,000
971 760 60 21 mark

208 795 34 14 om
267 788 46 22 året
334 789 34 21 för
389 789 110 21 enahanda
521 789 105 21 ändamål.
656 789 42 27 Jag
720 789 37 21 vill
778 789 34 21 för
828 790 43 20 min
884 788 35 22 del
934 791 50 18 utan
1000 791 31 19 att

207 820 96 25 upptaga
325 817 101 22 Ständets
446 818 31 20 tid
499 818 65 21 altför
587 817 85 29 mycket
687 818 7 20 i
710 818 70 20 denna
794 817 44 25 sak,
856 817 45 21 deri
917 816 114 22 Utskottet

207 852 68 14 redan
298 846 79 21 lemnat
397 854 25 13 en
438 846 82 28 ganska
535 846 117 28 detaljerad
667 846 137 28 redogörelse
818 846 34 20 för
867 845 162 21 förhållandena

207 874 40 21 hos
270 882 42 19 oss,
334 874 76 22 endast
432 875 105 28 tillstyrka
560 874 124 23 Utskottets
706 875 87 28 förslag.
822 874 42 29 Jag
880 881 62 14 anser
957 877 30 18 att
1003 874 28 21 då

208 910 48 14 man
278 903 38 21 hos
339 911 35 14 oss
390 905 24 20 är
428 904 25 21 så
467 903 70 28 färdig
553 907 31 18 att
598 903 104 29 uppoffra
717 903 97 28 miljoner
830 903 27 28 på
872 903 159 28 improduktiva

209 931 202 29 byggnadsföretag,
434 932 65 21 borde
522 940 48 13 man
593 932 28 21 då
644 932 64 21 äfven
731 939 65 21 gerna
819 932 51 28 vilja
890 931 60 22 anslå
965 939 26 14 en
1006 931 25 22 så

207 961 61 26 ringa
283 968 81 13 summa
379 968 46 14 som
441 962 88 23 100,000
545 961 59 21 mark
620 961 86 21 utöfver
720 960 57 22 hvad
794 960 74 21 hittills
884 960 98 28 beviljats
997 960 33 21 till

207 988 146 29 befrämjande
372 989 22 21 af
414 997 26 14 en
456 997 51 20 gren
523 989 23 22 af
559 989 38 22 vår
612 989 104 26 ekonomi,
731 989 88 21 hvilken
835 989 56 21 dock
906 989 68 20 under
989 988 41 21 alla

207 1017 148 22 förhållanden
376 1018 70 21 lofvar
461 1021 31 18 att
507 1018 68 21 blifva
590 1017 122 29 produktiv.
742 1017 42 28 Jag
800 1017 42 21 kan
857 1017 108 21 dessutom
981 1017 48 21 icke

205 1045 69 22 heller
294 1049 76 25 antaga
392 1049 32 18 att
447 1047 36 21 det
504 1047 28 28 på
553 1047 66 28 något
639 1047 32 21 vis
687 1054 51 14 vore
754 1045 82 22 mindre
852 1046 129 21 välkommet
995 1045 34 22 för

205 1074 85 21 landets
306 1075 109 28 Regering
430 1078 31 18 att
476 1075 48 21 från
534 1075 130 22 Ständernas
681 1075 46 21 sida
743 1074 23 21 få
781 1077 31 18 ett
822 1074 108 21 bestämdt
940 1074 40 21 och
991 1082 38 20 po-

205 1103 63 20 sitivt
283 1103 110 22 uttalande
409 1105 5 20 i
431 1104 70 21 denna
516 1104 81 28 vigtiga
613 1104 44 21 sak.
687 1103 39 29 'Ty,
742 1103 71 21 såsom
829 1103 37 21 det
880 1103 55 21 varit
950 1103 79 20 förhål-

205 1131 75 21 landet
301 1131 49 22 med
373 1132 148 27 allmänheten,
537 1132 38 21 har
595 1132 123 28 antagligen
741 1132 65 21 äfven
822 1131 135 28 Regeringen
974 1132 55 20 varit

205 1159 99 22 tveksam
327 1161 7 20 i
356 1160 70 22 denna
448 1161 60 28 fråga
530 1161 56 20 ända
604 1161 32 20 till
652 1163 84 19 senaste
751 1160 61 21 tider.
842 1160 42 28 Jag
899 1160 42 21 kan
957 1159 72 22 derför

205 1187 50 23 icke
273 1188 72 29 åtnöja
360 1190 44 27 mig
420 1189 48 22 med
484 1192 31 19 att
531 1197 48 13 man
595 1189 77 22 endast
687 1197 29 14 nu
731 1189 69 22 skulle
816 1188 63 29 vädja
894 1188 31 21 till
941 1191 31 18 att
986 1188 43 21 Re-

204 1217 103 28 geringen
330 1217 106 28 framgent
457 1218 68 21 skulle
549 1218 77 21 beakta
649 1218 72 27 vigten
743 1217 68 26 häraf,
834 1220 22 25 ty
872 1217 35 28 jag
921 1224 62 14 anser
998 1220 31 18 att

205 1245 136 28 Regeringen
357 1246 49 21 icke
420 1246 124 28 tillräckligt
559 1246 87 21 beaktat
661 1246 70 21 denna
746 1246 45 21 sak.

275 1273 95 23 Sålunda
386 1275 38 21 ber
440 1275 33 28 jag
488 1275 76 21 endast
579 1275 23 21 få
618 1275 62 21 ställa
696 1275 42 28 mig
754 1274 28 29 på
797 1273 27 23 de
839 1273 124 23 förbisedda
971 1273 58 22 häst-

205 1304 120 20 vännernas
341 1303 53 27 sida,
409 1311 26 14 och
465 1305 35 26 jag
515 1304 37 21 vill
567 1303 90 22 sålunda
672 1304 35 20 för
722 1304 43 20 min
781 1302 35 22 del
828 1304 52 27 göra
890 1302 69 22 denna
969 1304 60 26 ringa

205 1330 41 22 och
265 1331 125 22 förbisedda
405 1332 61 28 fråga
480 1332 33 21 till
529 1340 26 13 en
571 1335 46 18 stor
631 1332 40 22 och
687 1331 123 29 betydande
825 1331 125 21 ekonomisk
965 1338 65 21 ange-

204 1359 107 28 lägenhet.
340 1360 42 28 Jag
406 1361 37 21 ber
465 1364 31 18 att
518 1360 23 22 få
563 1360 44 22 helt
629 1360 126 22 decideradt
776 1360 107 28 tillstyrka
906 1359 123 22 Utskottets

204 1387 88 29 förslag.

275 1445 33 21 Hr
323 1445 25 21 L.
364 1445 25 22 E.
405 1453 42 14 von
463 1446 153 21 Haartman:
643 1446 11 20 I
670 1445 41 22 den
727 1446 23 21 af
765 1445 42 21 den
820 1444 130 28 föregående
965 1444 64 22 ärade

203 1473 83 22 talaren
306 1474 76 28 gjorda
404 1474 184 28 framställningen
611 1474 85 22 förenar
716 1475 36 27 jag
774 1474 44 28 mig
823 1468 13 39 i
854 1474 41 20 alla
911 1472 119 29 väsentliga

204 1501 61 22 delar
280 1502 40 22 och
336 1502 98 22 förordar
448 1503 65 21 äfven
528 1502 124 22 Utskottets
668 1502 142 22 betänkande.
824 1502 43 28 Jag
881 1504 39 26 gör
935 1501 37 22 det
980 1501 49 21 dess
