1106 1759
368 118 209 32 Byggningabalken.
819 118 40 21 993

60 194 70 22 denna
145 194 89 28 stadgas
249 194 135 28 tillämpning
406 194 82 21 förfara
503 193 49 22 med
568 193 42 22 den
626 193 140 21 skonsamhet
780 192 42 22 och
837 192 52 21 hän-

60 230 46 22 syn,
121 222 29 30 på
164 222 88 22 hvilken
266 222 115 22 Utskottet
396 225 70 19 ansett
481 223 34 27 sig
530 222 72 21 kunna
617 222 73 21 räkna.

130 280 58 22 Frih.
208 279 30 23 V.
259 287 42 14 von
316 280 138 21 Hellens:
484 279 76 22 Ehuru
578 280 36 28 jag
629 278 67 22 måste
712 286 58 20 anse,
786 281 31 19 att
832 278 57 22 Frih.

61 316 43 14 von
126 309 58 21 Born
204 308 66 22 redan
286 308 28 29 på
329 311 31 19 ett
376 308 94 22 särdeles
487 308 117 28 belysande
619 309 43 20 sätt
676 307 108 22 försvarat
799 306 91 23 Utskot-

61 340 43 19 tets
126 345 28 14 nu
180 337 147 28 föreliggande
350 338 80 20 tvänne
454 336 150 22 betänkanden
626 336 41 22 och
683 335 69 22 likaså
767 336 82 21 bemött
863 334 27 22 de

62 366 47 22 skäl
130 366 42 21 den
194 366 64 21 ärade
272 368 138 19 reservanten
426 366 7 20 i
448 365 147 21 betänkandet
610 365 42 21 N:o
668 366 12 20 5
696 364 123 22 framhåller
834 367 57 18 emot

62 394 235 28 fredningsområdena,
319 395 63 21 utber
403 395 37 27 jag
462 396 44 26 mig
526 394 56 21 dock
600 396 58 19 ännu
673 393 24 21 få
711 393 132 21 återkomma
858 392 33 21 till

63 424 67 27 några
146 423 92 28 punkter
253 423 23 21 af
290 422 93 22 nämnda
398 423 139 26 reservation,
554 422 102 22 särskildt
670 422 29 21 då
713 422 27 21 de
757 422 72 26 talare,
844 428 47 14 som

63 452 39 21 här
116 452 7 20 i
138 452 26 21 R.
180 459 18 13 o.
214 451 26 21 A.
255 451 101 29 uppträdt
376 454 57 18 emot
447 450 222 29 fredningsområden,
684 451 43 28 just
742 450 59 22 stödt
816 450 33 28 sig
863 449 28 29 pä

65 480 28 22 de
109 480 52 27 skäl,
178 488 45 14 som
238 483 138 19 reservanten
392 480 77 21 anfört.
499 480 67 21 Hvad
577 480 29 20 dä
615 480 55 20 först
680 479 134 22 vidkommer
823 485 68 15 reser-

64 512 90 18 vantens
170 508 123 29 pästäende,
308 512 32 18 att
354 508 122 22 inrättande
492 508 23 22 af
530 508 199 28 fredningsomräde
745 508 69 21 skulle
829 506 62 22 ställa

65 538 34 28 sig
114 537 54 28 dyrt,
184 539 50 19 enär
248 537 28 21 de
292 537 60 21 bästa
366 537 144 21 fiskeställena
525 537 35 21 för
574 537 59 21 detta
644 536 98 22 ändamäl
753 536 67 22 mäste
830 538 60 25 tagas

64 567 7 20 i
94 566 98 28 anspråk,
215 566 37 21 ber
276 566 33 28 jag
330 566 23 21 få
374 566 89 21 hänvisa
482 566 32 21 till
529 565 125 22 Utskottets
669 565 110 21 uttalande
794 566 7 20 i
817 564 74 22 betän-

65 594 81 22 kandet
160 594 42 22 N:o
218 595 13 21 6
246 574 39 42 sid.
300 596 19 26 3,
335 594 38 22 der
389 594 112 22 Utskottet
516 594 69 26 anför,
600 594 100 21 hurusom
710 594 49 21 »det
773 594 48 21 icke
836 594 23 20 är
869 592 23 22 af

65 623 78 27 nöden,
158 626 31 18 att
204 623 27 21 de
247 623 60 21 bästa
322 623 116 29 lekplatser
452 623 36 21 för
502 622 28 22 de
545 622 105 22 särskilda
665 622 114 28 fiskslagen
794 622 45 21 helt
851 621 40 22 och

66 651 66 22 hället
154 652 51 21 eller
227 652 69 21 delvis
316 652 96 28 afskiljas
430 652 33 21 till
478 651 222 29 fredningsomräden,
714 659 34 13 om
765 651 54 21 blott
834 649 57 22 fred-

66 680 151 28 ningsomräde
232 680 102 22 omfattar
348 680 82 26 ställen,
446 688 46 14 som
508 681 6 20 i
530 680 116 21 allmänhet
661 680 69 28 lämpa
746 680 32 28 sig
793 680 34 20 för
841 678 51 22 fisk-

66 709 35 21 lek
122 708 41 22 och
178 709 14 21 å
206 709 73 21 hvilka
300 709 45 27 fisk,
363 716 34 14 om
413 709 41 21 ock
470 710 6 20 i
492 708 82 22 mindre
588 708 59 28 grad,
663 708 74 29 plägar
751 708 69 22 leka».
849 707 43 21 Till

66 737 48 21 stöd
137 738 35 20 för
193 737 59 21 detta
268 737 123 22 Utskottets
407 737 196 29 uppfattningssätt
616 737 39 21 har
672 737 111 22 Utskottet
798 737 47 21 litet
859 736 33 21 of-

67 766 78 21 vanför
167 766 115 21 framhällit
305 766 100 21 hurusom
428 766 26 21 de
478 766 61 21 flesta
561 766 93 28 fiskslag,
670 766 132 28 undantaget
816 764 77 22 endast

64 794 41 22 fisk
128 794 23 22 af
174 795 119 27 laxslägtet,
315 795 63 27 lägga
397 802 45 14 rom
458 795 8 21 i
481 794 25 21 sä
520 794 64 28 riklig
599 794 85 28 mängd,
699 797 32 18 att
746 794 36 21 det
798 794 47 21 icke
861 800 32 14 er-

66 822 84 22 fordras
165 823 73 22 vidare
247 825 26 19 än
283 826 31 18 ett
324 831 38 21 par
370 826 32 18 tre
410 823 64 21 fiskar
482 823 35 21 för
525 826 31 18 att
567 831 25 13 ur
602 830 101 20 rommen,
714 823 45 21 ifall
770 822 123 22 densamma

66 852 41 21 och
127 852 74 28 ynglet
220 852 34 20 fär
270 860 50 13 vara
335 852 5 21 i
356 852 56 27 fred,
428 852 54 21 skall
498 852 101 21 utveckla
614 852 34 28 sig
662 852 24 21 sä
702 852 85 28 mycket
802 851 46 26 fisk,
863 853 31 19 att

66 881 124 27 derigenom
206 881 143 21 fiskstammen
366 881 5 21 i
388 883 84 19 vattnet
486 881 142 21 säkerställes.
658 881 44 21 Det
717 882 23 20 är
755 883 31 19 att
797 880 97 28 beklaga,

66 912 33 18 att
121 910 165 20 fiskerikomite6n
310 910 6 20 i
338 910 38 21 sitt
398 909 135 21 betänkande
556 910 110 27 förklarat,
684 912 32 18 att
730 909 27 21 de
774 910 60 20 bästa
849 908 45 22 lek-

68 938 80 28 platser
171 938 65 21 borde
259 938 96 28 afskiljas
372 938 32 21 till
420 938 222 28 fredningsomräden.
671 938 43 28 Jag
728 942 44 17 tror
787 941 32 18 att
835 937 58 21 detta

68 966 95 28 grundar
181 968 33 26 sig
229 966 28 29 pä
272 970 31 18 ett
317 966 143 22 förbiseende.
490 968 137 20 Ätminstone
642 966 28 22 de
685 967 100 21 fackmän
801 966 94 22 Vatten-

68 995 160 21 rättsutskottet
249 996 54 21 varit
318 997 6 19 i
339 996 85 20 tillfälle
445 998 32 18 att
491 995 101 28 rådfråga
608 995 26 21 ha
650 995 70 21 såsom
736 996 32 20 sin
784 994 111 22 bestämda

68 1023 57 29 äsigt
145 1024 78 21 uttalat
237 1024 123 27 detsamma,
376 1032 45 13 som
436 1024 39 21 här
489 1024 123 21 framhälles
628 1024 23 21 af
666 1024 113 22 Utskottet
793 1024 14 20 &
821 1023 40 21 sid.
876 1023 19 21 3.

138 1052 83 22 Vidare
237 1054 87 20 nämner
339 1056 145 23 reservanten,
495 1056 32 18 att
541 1052 239 28 fredningsomrädenas
787 1052 67 28 ärliga
861 1055 34 17 ut-

69 1080 89 29 pälning
168 1081 87 21 kräfver
265 1081 96 21 kostnad.
384 1081 66 21 Detta
458 1082 42 20 kan
508 1082 22 28 ju
539 1081 47 21 icke
596 1081 114 27 bestridas;
721 1089 47 13 men
780 1082 42 27 mig
831 1087 64 21 synes

67 1110 73 20 säsom
162 1110 68 20 skulle
249 1109 59 22 detta
323 1110 46 21 skäl
384 1110 80 21 förlora
480 1110 105 28 äiskilligt
599 1110 7 21 i
622 1110 79 28 styrka,
716 1110 28 20 dä
759 1118 47 13 man
822 1109 74 21 betän-

70 1138 44 26 ker,
136 1140 32 19 att
191 1138 244 22 Vattenrättsutskoitet
456 1138 104 22 utstrukit
581 1138 129 28 stadgandet
725 1146 33 14 om
775 1138 121 27 frednings-

68 1166 100 22 omrädes
184 1166 113 22 förseende
312 1167 48 21 med
376 1167 66 28 pälar.
466 1167 150 21 Reservanten
631 1167 82 28 äsyftar
728 1167 107 28 nämligen
846 1167 23 20 28
885 1168 10 25 $

71 1196 11 20 1
106 1202 62 14 mom.
189 1195 48 21 nåd.
260 1203 59 21 prop.
340 1195 43 22 N:o
403 1197 33 25 33,
452 1196 38 20 der
506 1195 36 22 det
558 1196 70 21 heter:
660 1196 23 21 »I
698 1194 198 29 fredningsomräde

68 1223 64 21 skola
150 1224 114 28 anbringas
280 1224 80 21 sädana
376 1224 60 28 pälar
451 1224 52 22 eller
518 1225 147 27 inrättningar,
679 1232 77 20 genom
771 1224 74 21 hvilka
861 1230 36 14 an-

70 1251 125 22 vändandet
216 1252 24 21 af
261 1252 145 29 fiskeredskap
430 1252 38 22 der
490 1253 170 28 omöjliggöress.
690 1253 65 21 Detta
777 1252 119 28 stadgande

70 1280 39 22 har
132 1280 244 22 Vattenrättsutskottet
398 1282 48 20 icke
469 1281 82 21 kunnat
574 1282 56 27 gilla,
652 1284 51 19 utan
719 1281 47 21 låtit
780 1281 117 21 detsamma

72 1308 106 22 bortfalla.
207 1309 65 22 Hvad
288 1310 65 21 sedan
370 1310 140 26 vidkommer,
524 1313 32 18 att
567 1310 226 28 fredningsomrädena
803 1311 94 20 närmast

71 1337 71 21 skulle
165 1338 83 21 komma
271 1341 32 18 att
326 1338 96 22 medföra
444 1341 61 25 nytta
524 1339 24 21 åt
562 1346 92 20 egarene
669 1338 23 22 af
707 1339 27 21 de
749 1337 148 29 angränsande

72 1368 94 22 vattnen,
189 1368 23 19 är
231 1366 43 26 det,
288 1366 70 22 säsom
373 1366 58 22 Frih.
446 1374 43 14 von
505 1367 59 21 Born
580 1367 65 21 redan
661 1367 121 25 framhällit,
799 1369 31 19 ett
845 1366 52 26 skäl,

72 1402 46 14 som
141 1394 45 22 helt
207 1395 41 21 och
270 1395 66 21 hället
357 1396 55 20 talar
433 1395 35 21 för
489 1395 132 22 inrättandet
639 1396 23 21 af
676 1394 221 30 fredningsomräden.

72 1423 98 28 Egarene
188 1423 23 22 af
232 1423 26 22 de
278 1425 92 20 närmast
385 1424 149 28 angränsande
550 1427 95 24 vattnen,
660 1424 37 21 det
711 1426 24 19 är
748 1424 43 28 just
806 1430 92 21 egarene

73 1452 23 21 af
110 1452 37 20 det
162 1452 132 28 vattendrag,
309 1452 48 21 frän
372 1452 84 22 hvilket
478 1452 210 28 fredningsomrädet
702 1454 23 20 är
740 1452 101 26 utbrutet,
857 1451 41 21 och

72 1480 32 21 till
120 1480 84 22 hvilkas
224 1480 85 22 förmän
331 1480 210 29 fredningsomrädet
563 1483 93 19 närmast
674 1482 104 20 inrättats.
802 1479 97 23 Sälunda

71 1509 109 21 erkänner
201 1513 144 22 reservanten,
367 1512 31 18 att
419 1509 200 29 iredningsomräde
642 1510 95 21 kommer
756 1512 32 18 att
802 1508 97 22 medföra

808 1549 22 17 63
