1106 1786
320 127 86 17 Statens
415 126 233 21 jernvägsbyggnader.
810 120 55 21 1029

136 195 36 21 Då
193 194 102 29 förslaget
315 202 34 14 om
364 194 85 29 frågans
466 194 116 29 afgörande
596 202 77 20 genom
688 193 104 23 förstärkt
805 193 92 23 Utskott

68 223 88 22 sålunda
170 223 110 22 omfattats
294 223 24 21 af
331 225 85 24 tvänne,
437 231 50 14 men
504 223 116 21 förkastats
635 223 24 21 af
673 225 79 20 tvänne
767 222 74 27 Stånd,
855 221 41 22 och

68 259 27 14 en
110 251 202 29 sammanjemkning
333 251 66 29 enligt
421 251 26 22 de
462 251 23 22 af
506 251 161 22 Presteståndet
689 251 88 22 angifna
797 250 97 29 grunder,

69 282 50 19 enär
133 280 123 22 densamma
276 280 108 21 allaredan
414 279 13 22 på
441 281 66 27 grund
523 280 23 21 af
560 280 127 28 inbjudning
697 279 130 26 behandlats,
842 279 54 21 lika-

68 309 59 21 ledes
142 308 23 22 af
179 310 78 20 tvänne
279 308 69 22 Stånd
370 283 133 58 förkastades
525 308 40 22 och
580 308 89 22 sålunda
683 308 48 21 icke
747 315 61 14 synes
823 308 73 21 vidare

68 337 71 22 kunna
160 337 86 21 komma
267 336 66 22 under
354 337 141 28 ompröfning,
509 344 49 14 men
573 337 99 28 samtliga
693 336 54 22 Stånd
764 337 69 27 varit
847 343 50 14 ense

68 374 36 14 om
125 369 33 19 att
180 373 25 14 en
228 365 54 22 bana
303 365 47 21 från
374 365 107 29 Seinäjoki
496 366 77 21 station
588 373 76 21 genom
679 365 64 21 södra
758 365 139 21 Österbotten

68 395 34 21 till
116 394 113 22 hafshamn
252 394 39 22 bör
312 394 68 22 under
400 394 141 22 instundande
557 394 145 29 finansperiod
717 394 86 21 komma
816 393 33 21 till
863 396 34 18 ut-

68 423 96 27 förande,
185 425 55 19 samt
262 422 28 22 dä
303 426 15 18 t.
333 430 19 14 o.
366 430 27 14 m.
415 423 50 21 med
486 422 100 22 afseende
601 422 14 22 å
629 430 26 14 en
671 426 44 18 stor
731 422 35 21 del
781 422 22 22 af
818 422 79 21 banans

69 451 123 29 sträckning
215 451 227 22 sammanstämmande
465 451 70 22 beslut
549 451 23 22 af
586 451 42 22 alla
643 451 69 22 Ständ
734 450 109 29 föreligga,
858 450 39 21 har

69 480 114 22 Utskottet
204 480 70 21 funnit
296 480 33 28 sig
351 480 128 28 förpligtadt
499 483 33 19 att
553 483 116 25 yttermera
691 479 88 22 försöka
793 486 104 15 samman-

70 509 72 28 jemka
157 508 27 22 de
199 508 57 22 olika
270 509 136 28 meningarna
419 508 35 22 till
468 509 93 28 lagenlig
574 508 116 29 pluralitet.

138 566 35 21 De
196 565 56 23 båda
274 566 95 21 täflande
392 566 89 28 linjerna
494 565 66 23 hafva
574 566 57 21 inom
646 566 194 28 representationen
854 564 43 22 till

70 595 76 21 vunnit
160 595 33 27 sig
207 594 89 28 ungefär
310 594 44 21 lika
368 594 69 21 starkt
458 594 121 27 understöd,
601 594 90 22 hvarför
706 594 113 22 Utskottet
833 593 65 28 vägar

68 623 84 27 föreslä,
167 625 33 19 att
214 623 98 29 samtliga
327 622 67 22 Ständ
409 623 52 21 ville
476 623 93 22 besluta:

343 683 33 19 att
398 688 26 13 en
447 681 86 27 jernväg
551 680 48 22 frän
621 680 108 28 Seinäjoki
751 680 78 22 station
849 678 50 23 med

276 708 133 30 ändpunkter
423 710 8 20 i
470 708 120 22 Kristinestad
606 709 41 21 och
661 708 77 22 Kaskö
753 708 54 22 skall
817 708 81 28 byggas

276 739 40 20 och
330 738 67 21 under
411 737 142 23 instundande
574 738 145 28 finansperiod
735 737 100 29 beläggas
849 736 50 22 med

276 766 84 27 arbete
350 762 13 35 ;

344 826 33 18 att
391 823 34 21 för
439 823 70 22 denna
532 823 55 22 bana
605 823 42 22 den
661 823 24 21 är
701 823 56 21 1899
772 822 127 30 uppgängna

277 852 149 28 sträckningen
447 852 123 28 godkännes
588 852 49 21 med
652 852 101 21 afseende
768 852 13 21 &
795 850 104 23 bandelen

277 874 107 39 Seinäjoki
402 874 139 39 —Kauhajoki,
548 888 48 13 men
605 884 32 17 att
643 880 80 21 banans
733 880 73 21 vidare
819 878 80 23 sträck-

277 909 50 28 ning
341 909 41 21 och
396 909 231 29 förgreningspunkten
645 909 141 21 öfverlemnas
800 908 33 21 till
848 907 50 28 Sty-

277 939 77 20 relsens
370 937 123 29 afgörande.

139 994 74 22 Enligt
235 995 23 21 af
278 995 112 22 Utskottet
410 995 7 20 i
441 995 144 21 betänkandet
606 995 42 21 N:o
664 995 11 20 1
691 994 77 21 anförd
783 993 116 28 beräkning

72 1023 68 22 skulle
156 1031 25 14 en
211 1031 45 19 bana,
271 1023 49 22 ledd
336 1023 47 22 från
398 1023 109 28 Seinäjoki
522 1023 33 22 till
569 1023 42 22 den
627 1031 40 14 ena
681 1023 23 21 af
718 1022 124 22 förenämda
856 1024 43 19 stä-

72 1052 44 26 der,
138 1051 71 22 derest
231 1059 26 14 en
279 1051 101 30 spårvidd
395 1052 23 21 af
433 1053 41 26 0,75
489 1060 20 13 m
525 1053 113 25 användes,
653 1051 85 22 komma
752 1054 32 19 att
798 1050 102 22 inclusive

72 1080 115 29 hamnspår
209 1080 61 22 kosta
292 1081 96 28 omkring
411 1081 112 26 8,000,000
546 1080 67 27 mark,
633 1080 76 22 hvaraf
723 1080 28 29 på
765 1079 136 28 hamnspåret

73 1109 83 22 komme
178 1109 97 28 omkring
298 1110 90 26 500,000
411 1109 67 22 mark.
507 1109 36 22 Då
562 1109 105 28 ökningen
688 1109 34 21 för
743 1116 26 13 en
789 1108 111 28 tvågrenig

73 1137 55 22 bana
143 1137 42 22 kan
201 1137 102 22 beräknas
318 1138 33 21 till
366 1137 97 29 omkring
479 1139 112 26 2,000,000
607 1137 66 27 mark,
688 1137 40 22 och
736 1137 113 22 Utskottet
863 1144 37 13 an-

73 1169 43 18 sett
137 1169 33 18 att
190 1166 140 29 hamnspåren
344 1167 8 20 i
367 1166 141 22 förevarande
530 1167 38 21 fall
591 1166 70 21 kunde
683 1165 135 26 bortlemnas,
832 1164 68 22 skulle

73 1194 69 22 såsom
164 1194 144 22 totalkostnad
329 1194 34 22 för
385 1202 26 14 en
433 1194 112 28 tvågrenig
567 1194 56 22 bana
644 1194 50 22 med
709 1194 62 22 smalt
786 1193 49 29 spår
849 1193 52 21 böra

72 1226 106 25 upptagas
192 1223 98 29 omkring
304 1224 109 26 9,500,000
430 1223 67 27 mark,
512 1223 41 21 och
567 1223 78 27 blefve,
663 1223 71 21 derest
748 1222 79 22 normal
843 1221 58 29 spår-

72 1251 54 21 vidd
141 1252 83 21 komme
246 1252 34 21 till
302 1252 140 28 användning,
464 1259 27 14 en
513 1252 148 22 motsvarande
679 1251 121 29 förhöjning
814 1250 23 22 af
851 1250 50 22 tidi-

73 1280 73 28 digare
161 1280 87 22 utförda
262 1280 221 28 kostnadsberäkning
498 1280 70 28 nödig.

142 1308 54 22 Med
212 1309 100 21 afseende
327 1309 13 21 å
355 1308 130 22 spårvidden
500 1309 35 21 för
548 1309 42 21 den
605 1308 74 22 härvid
688 1307 161 29 ifrågavarande
865 1306 37 22 ba-

73 1344 42 14 nan
130 1336 66 23 hafva
210 1337 124 22 Utskottets
349 1338 7 20 i
387 1337 130 22 betänkandet
535 1337 38 22 sid.
589 1338 26 20 21
631 1337 125 22 framstälda
770 1336 65 22 förslag
865 1335 37 22 vid

74 1366 68 21 första
158 1366 154 28 behandlingen
327 1366 104 28 godkänts
447 1366 24 21 af
485 1366 104 28 Borgare-
604 1366 40 21 och
659 1365 170 27 Bondestånden,
855 1372 48 14 hvar-

74 1394 38 22 hos
127 1394 160 22 Presteståndet
308 1402 86 14 numera
409 1394 28 29 på
451 1394 70 29 grund
536 1394 23 22 af
574 1394 122 23 Utskottets
718 1394 66 21 andra
798 1400 104 15 samman-

74 1423 198 28 jemkningsförslag
287 1423 83 22 förenat
385 1424 32 27 sig
431 1431 36 13 om
483 1431 82 14 samma
587 1423 74 22 beslut.
690 1422 158 29 Ridderskapet
862 1421 41 21 och

74 1451 72 22 Adeln
161 1452 39 21 har
214 1452 95 21 deremot
323 1451 131 22 fortfarande
469 1451 112 22 vidblifvit
595 1452 38 21 sitt
647 1451 58 22 förut
719 1452 7 20 i
741 1451 64 21 saken
820 1449 83 22 fattade

74 1480 76 28 beslut,
172 1480 88 22 hvilken
282 1480 146 28 skiljaktighet
449 1480 120 21 emellertid
591 1480 48 21 icke
654 1479 120 21 föranleder
788 1479 68 27 någon
871 1477 32 22 åt-

74 1508 54 29 gärd
150 1508 47 22 från
219 1508 124 22 Utskottets
365 1508 52 22 sida.
446 1508 105 22 Deremot
570 1508 95 22 anhåller
680 1508 112 22 Utskottet
806 1506 50 22 med
870 1506 33 22 af-
