1106 1778
329 126 158 17 Prokuratorns
498 126 123 17 berättelse.
807 120 54 21 1055

132 194 123 29 Föredrogs

132 251 254 24 Vattenrättsutskottets
411 251 118 28 bordlagda
552 251 137 21 betänkande
707 251 43 21 N:o
766 252 12 20 8
795 252 6 20 i
818 251 73 21 anled-

64 281 52 28 ning
137 281 24 22 af
182 280 49 22 nåd.
254 288 59 21 prop.
331 280 41 21 N:o
389 281 33 26 34,
438 279 149 22 innefattande
604 281 58 20 vissa
678 279 161 28 bestämningar
854 287 37 14 an-

63 309 84 28 gående
169 315 138 22 gemensam
329 309 259 26 kommunalstämma;
613 308 41 22 och
677 308 45 21 blef
740 308 60 21 detta
816 307 75 22 betän-

64 338 71 22 kande
150 342 51 17 utan
217 337 123 22 diskussion
355 337 117 28 godkändt.

134 481 59 22 Utan
209 481 121 21 diskussion
345 481 126 28 godkändes
485 481 79 28 jemväl

134 537 254 23 Vattenrättsutskottets
404 537 150 22 betänkanden

134 595 42 22 N:o
199 596 12 20 9
234 596 6 20 i
264 594 114 29 anledning
400 595 23 21 af
437 595 49 22 nåd.
502 603 59 21 prop.
576 595 41 22 N:o
634 596 33 26 35,
683 595 111 28 angående
809 595 81 21 ändrad

66 623 81 29 lydelse
163 624 23 21 af
201 625 13 20 8
230 624 12 27 $
257 624 7 20 i
279 624 162 27 inmutnings-
457 624 46 22 och
519 624 191 28 grufvestadgan
721 624 23 21 af
754 624 42 21 den
808 625 26 20 12
845 623 46 22 No-

66 653 88 21 vember
169 653 64 26 1883;
249 652 40 21 och

135 709 41 21 N:o
193 710 25 20 11
234 710 6 20 i
256 709 115 27 anledning
386 709 23 21 af
425 709 49 21 nåd.
489 716 59 22 prop.
564 709 42 21 N:o
621 711 35 25 40,
671 709 112 28 angående
798 709 93 22 fiskeri-

66 738 214 28 tillsyningsmans
296 737 125 28 behörighet
436 740 32 18 att
483 738 69 21 vittna
568 738 6 20 i
587 737 41 22 mäl
638 738 92 21 rörande
741 738 82 28 olofligt
835 740 57 26 nytt-

66 766 64 28 jande
145 766 23 22 af
182 766 134 28 vattendrag.

332 910 157 22 Prokuratorns
504 903 126 29 berättelse.

136 967 121 28 Föredrogs

136 1024 163 28 Lagutskottets
322 1024 117 22 bordlagda
462 1024 135 22 betänkande
615 1024 43 21 N:o
674 1025 27 20 18
716 1025 7 20 i
739 1024 116 27 anledning
869 1024 24 21 af

68 1053 157 21 Prokuratorns
241 1054 6 20 i
262 1053 123 29 Kejserliga
417 1056 77 18 Senaten
509 1053 35 21 för
558 1053 94 21 Finland
668 1053 114 21 berättelse
797 1053 32 21 till
841 1052 52 21 Fin-

68 1081 62 21 lands
155 1081 92 22 Ständer
269 1089 34 14 om
325 1082 165 28 lagskipningen
513 1082 41 21 och
577 1082 97 27 lagarnas
696 1080 167 22 handhafvande
886 1082 6 20 i

68 1110 79 21 landet.

138 1167 156 22 Diskussionen
309 1175 34 13 om
359 1167 59 21 detta
433 1167 136 22 betänkande
584 1167 111 29 öppnades
710 1167 24 21 af

138 1224 34 21 Hr
193 1224 20 22 J.
235 1232 58 14 von
313 1224 180 26 Haartman,
515 1232 45 14 som
582 1224 95 29 yttrade:
707 1224 71 22 Jemte
800 1224 37 22 det
858 1224 35 28 jag

68 1252 34 22 fär
122 1252 113 22 framhälla
250 1256 32 18 att
295 1254 35 28 jag
344 1253 125 28 godkänner
487 1253 124 22 Utskottets
626 1253 136 21 betänkande
778 1254 7 20 i
800 1252 95 22 hufvud-

68 1281 45 27 sak,
128 1281 42 21 kan
185 1282 36 28 jag
236 1282 47 21 icke
298 1282 112 21 underläta
422 1284 32 19 att
463 1282 68 21 uttala
541 1282 43 21 min
595 1281 48 22 frän
654 1281 114 23 Utskottet
778 1281 115 22 afvikande

68 1310 86 27 mening
169 1311 7 20 i
192 1313 31 19 ett
238 1318 38 21 par
291 1310 98 29 punkter.

137 1338 49 22 Den
202 1339 67 21 första
285 1339 96 28 punkten
396 1339 67 28 gäller
478 1339 37 21 det
530 1339 82 28 stycke,
627 1346 46 14 som
687 1339 109 28 begynner
806 1338 13 21 å
829 1338 65 22 slutet

68 1367 24 22 af
114 1367 39 22 sid.
176 1368 33 21 11.
240 1367 112 22 Utskottet
373 1368 79 21 uttalar
473 1367 38 22 der
532 1368 71 21 säsom
626 1368 32 21 sin
674 1367 61 28 äsigt,
750 1370 32 19 att
796 1367 97 28 dispens-

68 1398 70 19 rätten
154 1396 49 21 med
219 1396 102 22 afseende
336 1396 13 21 &
364 1396 216 28 äktenskapsskilnad
597 1397 75 20 endast
682 1397 7 20 i
700 1396 101 28 sällsynta
811 1395 83 22 undan-

68 1424 88 28 tagsfall
171 1424 67 22 borde
254 1425 85 21 komma
353 1425 32 21 till
400 1425 140 27 användning
555 1424 41 22 och
606 1428 32 18 att
648 1424 76 22 dervid
734 1424 27 22 de
772 1424 121 28 omgängar,

68 1460 46 14 som
130 1454 11 20 1
158 1453 11 26 8
186 1454 27 20 14
228 1453 48 29 kap.
291 1453 28 21 G.
333 1453 26 21 B.
373 1456 56 18 samt
445 1454 40 20 101
501 1454 41 21 och
559 1454 40 21 103
612 1454 26 27 $$
649 1453 140 28 Kyrkolagen
800 1452 96 26 omtalar,

69 1481 66 21 borde
167 1482 64 28 föregä
253 1489 26 14 en
295 1482 58 27 dylik
369 1482 93 28 dispens.
492 1482 42 28 Jag
549 1482 68 21 mäste
633 1482 100 26 erkänna,
750 1484 31 18 att
796 1482 35 28 jag
845 1480 49 22 icke

68 1510 50 21 fullt
133 1510 85 28 förstär,
233 1510 54 22 huru
303 1510 153 28 Lagutskottet
471 1510 73 22 funnit
554 1510 47 22 skäl
612 1513 32 19 att
653 1510 144 29 uttryckligen
808 1508 87 23 förorda
