1106 1775
381 118 208 33 Byggningabalken.
826 119 41 21 987

72 195 80 21 bekant
167 194 41 22 och
224 194 37 22 vill
279 196 77 20 nämna
377 194 90 29 specielt
482 196 30 19 ett
527 194 45 26 fall,
587 201 45 14 som
648 201 29 13 nu
692 194 73 20 rinner
780 194 44 27 mig
838 194 7 20 i
861 192 38 22 hå-

69 231 43 20 gen
127 223 132 22 beträffande
281 224 45 20 lax-
342 223 40 21 och
404 222 86 22 sikfiske
512 223 1 21 i
528 222 73 22 Kumo
624 222 36 21 elf.
690 222 44 21 Det
757 223 23 19 är
798 229 29 13 nu
843 222 55 20 visst

70 252 50 22 flere
143 252 24 22 är
189 251 65 22 sedan
270 252 35 29 jag
320 252 38 28 säg
373 251 161 28 handlingarna,
553 259 47 14 men
617 250 27 22 de
659 250 75 29 gjorde
750 253 31 19 ett
796 251 55 20 visst
865 250 33 21 in-

70 281 62 28 tryck
153 281 29 28 pä
203 281 49 28 mig,
274 281 24 20 sä
320 283 31 18 att
376 281 34 28 jag
425 283 45 18 tror
485 281 43 26 mig
543 280 48 21 icke
606 280 27 21 ha
648 280 68 27 glömt
731 279 65 21 altför
812 279 86 24 mycket

69 310 25 21 af
105 310 54 21 dem.
189 309 33 22 På
236 309 69 28 grund
321 309 23 21 af
360 310 54 21 1865
430 309 34 21 års
480 309 128 27 förordning
622 309 40 20 och
678 308 48 21 med
742 307 117 28 anledning
875 307 23 21 af

71 338 222 29 fiskeriinspektörens
314 337 94 29 yrkande
425 337 124 22 faststäldes
565 337 39 22 der
619 345 26 13 en
661 337 67 21 sådan
744 336 107 27 förening,
866 339 31 18 att

70 367 203 28 lägenhetsegarene
288 367 7 20 i
311 374 26 13 en
354 366 96 29 betydlig
472 366 34 21 del
522 366 22 21 af
559 366 73 21 Kumo
648 365 30 21 elf
693 365 24 21 fä
731 365 55 21 fiska
800 365 96 20 hvarken

70 395 35 22 lax
128 396 52 21 eller
202 395 39 21 sik.
271 395 65 21 Detta
359 403 38 13 var
418 395 139 27 föreningen!
580 394 164 28 Lägenheterna
760 395 36 20 äro
813 393 84 21 likvisst

69 424 137 28 skattelagda
221 423 34 22 för
270 423 59 22 detta
343 423 59 22 fiske.
432 423 88 22 Säledes
536 423 62 21 torde
613 423 37 21 det
660 423 48 20 icke
720 429 51 14 vara
782 425 50 18 utan
844 421 53 27 skäl,

69 460 46 13 som
131 453 129 27 hänvisning
275 452 32 21 till
324 453 54 20 1865
394 452 34 21 års
444 451 126 28 förordning
586 451 22 22 af
624 451 62 22 dessa
698 451 133 28 föreningars
842 450 55 28 njut-

71 481 75 21 barhet
160 483 24 19 är
199 481 50 28 föga
265 481 92 28 lämplig.
386 481 66 21 Hvad
475 480 45 21 åter
542 480 102 21 beträffar
663 480 42 21 den
722 479 111 22 motsedda
850 481 47 26 nyt-

70 512 36 19 tan
129 510 23 21 af
167 510 55 21 slika
237 509 220 28 fredningsomräden,
479 509 39 21 har
540 509 36 21 det
600 509 47 21 icke
663 509 82 20 kunnat
760 507 73 28 undgä
849 508 48 27 mig,

70 538 100 22 hurusom
186 538 178 21 fiskerikomit&ns
380 537 135 22 betänkande
537 537 101 26 innehöll,
654 540 30 18 alt
700 545 48 13 man
765 538 5 19 i
787 537 58 20 vissa
861 535 36 22 de-

70 567 32 21 lar
116 567 23 21 af
154 567 111 21 Danmark
287 567 38 20 har
347 567 33 20 till
394 566 199 28 fredningsomräde
616 566 84 28 afskiljt
715 573 26 14 en
754 564 105 30 fjerdedel
875 564 23 21 af

69 596 39 21 det
123 596 105 22 samfälda
244 598 89 19 vattnet.
363 596 10 20 I
389 595 147 22 betänkandet
558 595 90 21 föreslås
664 602 29 14 nu
710 595 42 27 !/,,,
766 595 28 27 ja,
808 596 89 19 eventu-

70 624 31 22 elt
116 625 36 27 1/,;
168 624 52 22 eller
234 624 68 21 under
324 625 58 21 vissa
398 624 150 21 förhållanden
563 627 15 18 t.
593 631 19 14 o.
627 632 27 13 m.
669 624 43 27 1/;g.
742 623 48 21 Har
805 630 48 14 man
869 629 28 14 nu

70 654 8 20 i
94 653 110 21 Danmark
226 656 76 24 ansett,
325 656 31 18 att
380 660 47 14 man
451 652 104 22 behöfver
576 655 50 25 taga
642 653 6 20 i
664 652 93 28 anspråk
772 651 25 22 sä
812 650 86 29 mycket

70 689 47 13 som
133 682 33 28 !/,,
181 682 111 20 förefaller
313 682 37 20 det
370 682 42 27 mig
434 682 82 27 ganska
538 682 47 20 litet
607 681 79 28 troligt,
702 684 32 18 att
754 688 48 13 man
820 686 77 22 genom

71 713 31 18 att
124 718 29 14 nu
176 710 114 22 inskränka
313 710 227 28 fredningsomrädena
563 710 32 20 till
619 710 42 27 !/,,,
680 710 37 26 1/15
735 709 52 21 eller
803 711 15 19 t.
837 716 18 13 o.
871 715 26 13 m.

72 740 36 26 1/95
124 739 68 21 skulle
214 739 72 21 kunna
301 738 27 21 nä
344 738 65 28 något
424 738 98 22 effektivt
537 738 95 22 resultat.
661 738 48 28 Nej,
724 739 35 27 jag
774 737 52 22 sade
842 738 57 20 orätt

72 780 28 2 —
115 775 43 21 nog
172 767 72 21 kunde
261 775 46 13 man
324 767 28 21 nä
367 770 31 19 ett
412 767 99 21 effektivt
533 767 90 21 resultat
645 766 41 22 och
702 766 36 21 det
754 768 23 19 är
792 766 107 21 trakasse-

71 797 42 20 rier
128 796 48 21 med
192 796 27 21 de
235 796 97 21 enskilda
347 796 40 21 och
403 796 121 28 kränkning
539 796 23 21 af
576 796 104 27 mängens
695 795 57 28 goda
767 796 48 20 rätt.
838 793 59 22 Skall

72 832 49 14 man
144 833 44 13 som
212 825 63 28 sagdt
297 825 66 21 inläta
379 826 33 27 sig
427 825 27 28 pä
471 828 31 17 ett
516 825 24 21 sä
556 824 106 29 betydligt
676 825 90 27 ingrepp
781 825 7 20 i
804 823 41 21 den
861 830 38 13 en-

72 853 70 22 skilda
158 853 158 29 eganderätten,
332 853 66 22 borde
413 861 48 13 man
478 854 71 20 kunna
565 853 65 21 hafva
647 855 67 19 större
730 853 65 20 tilltro
810 852 33 21 till
856 851 42 21 den

73 883 84 28 nyttiga
172 882 110 29 påföljden
298 882 23 21 af
336 882 58 21 detta
410 883 89 27 ingrepp
515 884 26 19 än
556 881 58 22 hvad
628 883 36 27 jag
678 881 39 22 har
731 881 111 21 förmånen
853 887 46 20 ega,

74 911 40 21 och
129 911 68 21 mäste
213 911 35 28 jag
263 911 73 21 derför
350 911 7 20 i
373 911 67 21 likhet
460 911 48 20 med
524 911 41 20 den
581 913 85 18 senaste
681 909 64 22 ärade
761 909 81 22 talaren
859 908 40 21 och

72 939 43 21 den
130 943 117 22 reservant,
262 939 86 21 hvilken
365 939 41 21 han
421 939 73 21 tillåtit
509 940 33 27 sig
555 939 99 28 åberopa,
667 938 80 29 päyrka
758 941 30 18 att
799 937 100 28 stadgan-

74 967 56 22 dena
153 975 34 14 om
209 967 212 29 fredningsomräden
445 968 110 21 uteslutas.
584 967 42 28 Jag
644 967 37 21 vill
697 975 29 13 nu
741 967 109 21 dessutom
865 965 35 21 til-

73 996 68 28 lägga,
156 1000 32 17 att
202 996 227 28 fredningsomrädena
448 996 106 21 måhända
565 996 47 21 icke
624 1003 38 14 ens
676 995 138 22 närmelsevis
830 994 69 21 skulle

74 1025 85 21 komma
182 1028 32 18 att
236 1029 106 18 motsvara
371 1025 37 21 det
436 1025 98 21 ändamäl
558 1032 48 13 man
628 1024 48 21 med
700 1024 107 21 desamma
828 1023 72 21 afsett.

73 1053 49 22 Den
144 1054 64 21 ärade
231 1057 136 18 reservanten
383 1053 123 22 framhäller
521 1053 100 22 hurusom
638 1053 37 21 det
690 1055 23 18 är
728 1060 91 20 egarene
835 1051 23 22 af
873 1051 27 21 de

47 1108 3 5 .
73 1082 147 28 angränsande
244 1085 95 22 vattnen,
362 1082 73 21 hvilka
458 1082 69 21 skulle
550 1082 84 21 komma
657 1085 31 18 att
710 1081 64 22 hafva
799 1083 60 26 nyttä
878 1079 23 22 af

74 1111 233 28 fredningsomrädena,
323 1111 41 22 och
380 1111 36 21 det
432 1111 143 21 förekommer
590 1111 43 27 mig
643 1111 51 27 föga
704 1110 79 27 troligt,
794 1113 31 18 att
837 1115 64 22 egare

74 1139 24 21 af
113 1139 63 22 dessa
198 1139 132 22 tillstötande
353 1139 184 26 vattenomräden,
558 1139 72 21 sävidt
651 1146 49 14 man
720 1139 48 21 icke
780 1145 78 21 genom
874 1144 27 14 en

75 1168 53 21 eller
142 1168 51 22 flere
209 1168 66 22 andra
290 1169 158 27 lagparagrafer
471 1168 76 21 binder
570 1167 61 22 deras
653 1167 172 29 förfoganderätt
840 1165 62 22 öfver

75 1196 62 22 deras
154 1197 110 28 egendom,
280 1198 60 20 skola
362 1197 112 21 underläta
490 1200 31 18 att
536 1197 47 21 med
599 1196 166 28 fängstredskap
780 1196 23 21 af
818 1195 83 27 hvarje-

74 1225 72 21 handa
168 1226 83 21 tillåtna
274 1226 45 28 slag
341 1226 128 28 kringgärda
491 1226 59 20 detta
571 1225 205 28 fredningsomräde,
792 1224 70 22 denna
877 1223 24 21 sä

74 1256 32 18 att
121 1256 51 26 säga
188 1254 108 29 fisksump,
312 1254 40 22 och
368 1254 37 21 det
419 1254 110 21 förefaller
544 1254 43 27 mig
602 1257 32 18 att
649 1254 37 20 det
701 1254 40 20 blir
756 1253 82 28 ganska
854 1252 47 21 litet

75 1282 67 28 öfrigt
156 1283 35 21 för
206 1283 66 21 andra
287 1283 23 21 af
324 1283 74 21 fisken.
428 1283 52 21 Men
497 1290 46 14 som
559 1282 95 27 nämndt,
669 1282 23 21 af
706 1282 139 21 trakasserier
861 1280 41 22 och

74 1310 84 29 obehag
174 1311 69 21 skulle
258 1311 37 21 det
310 1311 68 21 blifva
394 1319 44 13 mer
453 1313 27 19 än
496 1319 48 20 nog.

144 1368 34 21 Hr
193 1369 28 21 K.
236 1369 26 22 R.
277 1369 27 21 O.
322 1369 26 21 E.
370 1368 204 29 Jägerskiöld:
604 1368 43 21 Till
661 1368 69 27 grund
746 1368 34 21 för
795 1367 107 28 ifrägava-

74 1397 66 21 rande
153 1397 49 22 nåd.
211 1405 60 22 prop.
280 1398 68 28 ligger
362 1405 45 14 som
424 1397 68 21 kändt
504 1400 31 18 ett
546 1396 215 22 komitebetänkande
772 1397 23 20 af
805 1396 24 21 är
841 1396 60 21 1898.

75 1425 67 22 Detta
159 1426 135 21 betänkande
317 1427 41 20 kan
382 1426 101 28 möjligen
499 1425 65 22 hafva
576 1425 117 22 teoretiska
708 1425 130 28 förtjenster,
853 1431 48 14 men

74 1461 26 14 ur
115 1455 97 28 praktisk
228 1455 109 28 synpunkt
352 1455 119 20 innehäller
486 1454 38 21 det
538 1462 27 13 en
581 1454 77 27 mängd
675 1453 166 28 bestämningar,
855 1459 46 14 som

75 1483 48 21 icke
139 1485 36 19 äro
191 1486 32 18 att
237 1483 181 21 rekommendera.
448 1483 106 21 Särskildt
569 1483 37 20 vill
621 1483 35 28 jag
670 1482 119 26 framhälla,
800 1484 31 19 att
843 1480 59 21 detta

75 1511 136 22 betänkande
227 1519 63 20 synes
306 1512 44 27 mig
365 1511 189 28 hufvudsakligast
570 1511 74 21 beröra
657 1511 123 28 insjöfisket,
791 1510 112 21 hvaremot
