1103 1792
328 126 140 17 Hästafvelns
480 126 151 21 befrämjande.
840 119 41 21 917

84 193 56 22 dock
159 194 105 21 etablerat
286 194 34 28 sig
342 194 65 21 äfven
423 195 7 20 i
445 194 61 28 fråga
521 202 35 14 om
571 194 42 22 den
629 194 106 22 ordinarie
751 194 114 28 budgeten,
880 195 32 19 att

84 222 37 22 det
141 230 63 14 anses
225 222 119 28 tillbörligt,
359 225 31 19 att
411 223 120 21 Ständerna
552 224 6 20 i
578 223 145 28 petitionsväg
743 223 67 21 uttala
830 223 33 27 sig
877 222 35 21 för

83 251 165 28 gagneligheten
264 251 22 21 af
301 252 59 20 vissa
370 251 80 29 anslag,
461 251 40 22 och
512 251 73 22 derför
595 253 24 19 är
629 252 37 20 det
676 251 131 28 fullkomligt
817 252 7 20 i
834 251 77 21 konse-

84 287 68 21 qvens
167 279 48 22 med
231 279 57 21 hvad
304 279 121 22 Ständerna
440 280 59 21 förut
514 280 89 28 tillgjort
616 280 34 21 för
660 280 90 28 analoga
762 279 105 26 ändamål,
876 286 35 14 om

84 315 48 14 man
140 308 126 28 godkänner
274 308 141 22 förevarande
424 308 142 26 betänkande,
573 316 46 14 som
627 308 39 28 går
673 312 24 18 ut
705 308 28 28 på
741 316 25 14 en
774 308 87 22 relativt
867 310 45 19 stor

84 337 81 27 ökning
187 337 57 21 inom
265 344 26 14 en
307 337 45 21 viss
370 336 81 22 branch
467 337 22 21 af
504 337 155 27 utgiftsstaten.
684 337 34 21 Hr
733 344 43 14 von
792 336 118 22 Haartman

84 365 117 27 anmärkte,
217 368 31 18 att
270 368 32 18 ett
323 367 85 19 utskott
430 365 37 22 vid
487 365 131 29 landtdagen
638 366 48 21 icke
707 366 41 20 kan
767 365 66 21 hafva
851 364 61 22 fack-

84 394 144 28 mannainsigt
244 394 34 21 för
293 396 31 19 att
339 396 97 19 närmare
451 394 92 28 vägleda
554 394 93 22 beslutet
657 402 34 14 om
702 397 32 18 ett
744 394 78 21 sådant
832 394 79 27 anslag.

84 422 45 22 Det
143 424 24 19 är
181 430 26 14 en
223 422 45 26 sak,
282 430 46 14 som
344 422 42 22 kan
402 422 81 22 lemnas
494 422 87 27 derhän,
591 426 24 25 ty
626 423 112 22 Utskottet
748 422 38 22 har
796 422 48 22 icke
855 422 57 21 före-

85 451 63 28 slagit
169 453 31 19 ett
220 450 107 22 bestämdt
346 458 108 26 program;
470 451 37 22 det
521 453 24 19 är
561 452 54 21 blott
630 452 32 21 till
678 451 130 29 upplysning
823 450 41 22 och
878 458 34 14 sa-

85 479 53 22 kens
153 481 97 20 närmare
266 479 125 29 förklaring,
406 487 45 14 som
467 480 115 22 Utskottet
591 480 101 28 framlagt
702 480 33 21 sin
746 480 114 27 utredning
871 478 41 22 och

80 503 67 59 pu
162 508 53 21 huru
238 508 84 21 medlen
346 508 66 22 borde
435 509 116 26 användas,
566 516 48 14 men
637 509 77 28 sjelfva
733 508 105 22 klämmen
854 507 58 22 afser

84 540 76 18 endast
179 536 151 22 hufvudsaken
349 537 41 21 och
410 537 37 21 det
462 537 44 21 stär
521 538 136 28 Regeringen
672 537 48 21 fritt
734 540 32 18 att
780 537 56 21 efter
850 536 61 22 fack-

84 567 59 20 mäns
157 565 94 21 hörande
262 565 115 29 disponera
387 566 97 28 anslaget
494 566 67 28 enligt
572 566 66 21 sädan
650 566 127 28 fördelning,
788 573 45 14 som
844 565 68 21 finnes

84 594 85 28 önsklig
184 594 40 21 och
239 594 7 21 i
262 594 41 21 den
319 594 55 26 män,
390 602 46 14 som
451 594 94 29 verkligt
559 594 67 22 behof
641 594 121 22 förefinnes.

153 651 34 21 Hr
202 651 30 21 M.
248 658 51 14 von
322 651 163 22 Haartman:
514 652 43 28 Jag
574 652 38 21 vill
627 659 29 13 nu
672 652 48 21 icke
735 653 51 27 göra
802 659 26 13 en
844 652 67 20 större

83 687 97 14 nummer
195 680 23 21 af
232 679 60 21 detta
307 680 79 21 ärende
402 682 27 19 än
445 680 37 21 det
498 680 111 28 verkligen
623 680 109 28 förtjenar,
743 688 47 13 men
802 680 42 21 kan
854 679 57 22 dock

83 708 49 22 icke
154 708 112 21 underlåta
288 711 32 19 att
342 708 49 22 med
414 708 65 28 några
500 709 39 21 ord
561 709 74 21 beröra
651 708 41 22 den
708 709 24 21 af
751 708 34 22 Hr
802 708 109 22 Mechelin

83 736 114 30 päpekade
212 736 192 29 omständigheten.
434 737 44 21 Det
493 740 23 18 är
531 738 55 21 visst
601 740 54 24 sant,
670 740 31 19 att
716 737 38 22 det
768 738 42 21 kan
821 737 40 21 och
873 737 39 21 bör

83 773 52 13 vara
156 765 35 21 för
210 765 136 29 Regeringen
366 769 32 18 ett
416 766 48 21 stöd
483 769 32 18 att
533 767 66 20 vinna
615 769 31 18 ett
660 766 110 21 uttalande
786 767 6 20 i
808 773 26 14 en
850 765 61 28 fräga

83 801 46 14 som
145 794 70 21 denna
230 794 24 21 af
269 794 125 27 Ständerna,
410 802 48 14 men
474 795 27 21 dä
516 795 35 21 Hr
565 794 109 22 Mechelin
690 796 67 26 säger,
772 797 32 19 att
821 794 90 22 Utskot-

83 825 32 19 tet
133 823 48 21 icke
196 822 47 28 gått
258 823 8 20 i
281 822 96 29 detaljer,
391 826 51 18 utan
459 824 6 20 i
481 824 106 20 klämmen
603 823 77 21 endast
693 823 98 21 förordar
806 830 26 14 en
848 829 64 21 gene-

83 851 39 21 rell
138 851 99 21 anhällan
253 858 35 14 om
303 852 81 27 anslag,
399 854 23 19 är
437 852 59 21 detta
511 852 49 22 icke
575 852 80 28 riktigt,
670 855 23 25 ty
703 851 114 23 Utskottet
827 852 38 20 har
875 851 37 21 be-

83 881 66 20 stämt
163 887 25 14 en
203 880 164 21 minimisumma
380 880 40 21 och
438 880 34 21 för
485 883 31 18 att
529 881 86 20 komma
625 881 31 20 till
668 880 70 21 denna
748 881 164 20 minimisumma

85 908 38 21 har
141 908 111 22 Utskottet
266 909 57 28 gjort
338 915 26 14 en
380 909 79 28 kalkyl,
475 917 48 13 men
534 909 90 21 oaktadt
633 909 42 21 alla
685 909 179 28 ansträngningar
873 907 39 22 har

85 936 114 22 Utskottet
213 937 48 21 icke
276 937 90 21 kommit
381 945 43 21 upp
439 936 33 23 till
483 937 70 22 denna
563 945 88 14 summa.
674 937 43 22 Om
727 937 136 28 Regeringen
874 937 37 21 vill

84 965 59 21 fästa
164 965 103 22 afseende
288 965 37 21 vid
347 965 132 22 Ständernas
500 966 117 27 uttalande,
632 965 66 22 borde
718 966 41 21 den
773 965 61 29 gifva
847 965 64 21 minst

86 995 90 25 100,000
192 994 59 21 mark
266 994 87 22 utöfver
368 994 125 22 nuvarande
507 995 82 28 anslag.
618 995 51 21 Men
685 994 114 22 Utskottet
813 994 38 21 har
864 993 47 22 icke

84 1023 83 21 kunnat
190 1023 84 20 komma
299 1031 44 20 upp
366 1023 32 21 till
414 1023 69 22 denna
499 1031 82 14 summa
595 1024 7 20 i
618 1024 33 21 sin
667 1023 117 28 beräkning
800 1023 40 22 och
855 1022 56 21 ändä

85 1051 75 28 begärt
183 1051 71 21 denna
276 1059 87 14 summa.
393 1051 51 22 Kan
467 1052 138 28 Regeringen
627 1051 28 22 dä
670 1059 51 14 anse
736 1053 33 26 sig
784 1051 52 22 böra
851 1051 60 28 gifva

84 1079 60 22 detta
165 1079 109 22 uttalande
293 1080 24 21 sä
332 1083 46 18 stor
392 1081 47 28 vigt
454 1081 41 21 och
511 1081 116 28 betydelse,
642 1080 28 21 dä
685 1080 113 22 Utskottet
813 1080 47 21 icke
874 1087 38 14 ens

84 1111 52 18 trott
157 1109 34 28 sig
209 1109 51 20 böra
280 1109 72 21 kunna
370 1109 75 28 pävisa
461 1109 103 22 behofvet
579 1109 23 21 af
617 1112 31 18 ett
662 1109 24 21 sä
702 1112 53 18 stort
770 1109 80 27 anslag,
865 1115 46 14 som

84 1137 37 21 det
135 1137 39 21 har
190 1137 78 28 begärt.
294 1137 34 21 Hr
342 1137 135 22 Ehrnrooths
493 1137 118 22 anförande
626 1137 38 22 har
679 1138 97 28 bestyrkt
791 1138 43 27 mig
850 1138 6 20 i
869 1137 42 21 den

83 1165 66 22 redan
183 1165 97 29 påpekade
296 1166 193 29 omständigheten,
503 1169 32 19 att
554 1167 158 21 hästvännerna
730 1166 110 28 verkligen
856 1165 56 29 peka

83 1194 68 28 finger
165 1197 23 18 åt
203 1195 49 27 mig,
267 1194 73 21 derför
354 1197 32 19 att
400 1196 36 27 jag
446 1195 49 28 hyst
507 1195 40 22 den
559 1195 57 28 åsigt
627 1196 6 20 i
645 1195 72 27 saken,
727 1202 45 14 som
782 1196 36 27 jag
830 1194 82 21 uttalat.

83 1222 52 21 Men
151 1223 36 28 jag
201 1225 23 19 är
238 1223 111 28 verkligen
364 1223 25 22 så
404 1223 115 22 förhärdad
535 1226 32 19 att
581 1224 35 28 jag
631 1224 42 21 kan
688 1223 48 22 med
747 1223 51 28 lugn
810 1223 42 22 och
862 1230 50 14 sans

84 1251 50 21 bära
151 1251 64 22 detta.

153 1308 34 21 Hr
206 1308 28 23 V.
250 1316 51 14 von
320 1309 125 28 Wright:
476 1309 35 21 Då
526 1309 35 21 Hr
575 1316 43 14 von
633 1309 130 22 Haartmans
778 1309 133 22 reservation

83 1337 68 21 under
163 1337 42 22 den
220 1337 80 27 debatt,
315 1345 47 14 som
376 1345 29 14 nu
421 1337 120 29 försiggått,
557 1337 48 22 icke
620 1339 76 20 vunnit
710 1337 66 29 något
786 1337 126 26 understöd,

83 1366 69 21 skulle
167 1367 36 27 jag
217 1366 81 21 kunnat
313 1366 113 21 underlåta
442 1369 31 18 att
485 1367 78 27 begära
578 1366 67 21 ordet.
668 1366 42 29 Jag
725 1367 50 20 ville
790 1366 58 21 dock
863 1365 48 22 icke

83 1396 52 26 göra
151 1394 42 27 det,
208 1394 88 21 emedan
312 1395 36 28 jag
363 1402 63 14 anser
441 1395 34 21 för
486 1402 26 14 en
524 1395 123 28 skyldighet
657 1398 32 19 att
698 1395 104 28 nedlägga
814 1394 96 22 bestämd

82 1430 94 21 gensaga
197 1426 57 24 emot
275 1423 37 21 det
332 1424 6 20 i
354 1423 35 21 Hr
404 1431 42 14 von
462 1423 132 22 Haartmans
610 1424 130 21 reservation
757 1423 106 28 ingående
877 1425 35 18 ut-

83 1451 92 27 talande,
191 1454 31 19 att
242 1451 113 22 Utskottet
375 1452 49 21 icke
439 1451 51 22 fullt
505 1452 106 28 objektivt
626 1452 68 21 skulle
710 1452 116 21 behandlat
840 1451 71 22 denna

83 1479 67 29 fråga.
173 1480 39 21 Ett
227 1480 78 21 sådant
319 1480 112 21 uttalande
446 1480 111 22 förefaller
572 1481 44 28 mig
631 1480 28 29 på
674 1480 36 22 det
721 1480 74 29 högsta
807 1480 105 22 omotive-
