1106 1786
233 121 56 21 1052
475 128 25 16 R.
514 132 18 12 o.
544 128 25 17 A.
581 128 63 17 1900.
668 128 14 17 2
693 128 57 17 Juni.

204 194 63 22 ordet
283 197 93 19 »metsä>
393 195 69 22 skulle
477 196 78 22 ändras
570 196 33 22 till
620 198 114 20 »metsää».
764 197 75 21 Andra
854 196 97 29 objektet
960 197 73 27 gifver

203 224 50 21 icke
275 223 117 29 anledning
414 225 33 21 till
469 224 133 29 förändring,
625 228 51 19 utan
692 225 77 22 endast
784 225 46 22 skäl
845 226 33 20 till
892 225 141 29 uteslutning,

204 252 90 21 emedan
317 253 8 20 i
347 252 60 22 detta
429 261 28 13 nu
493 254 85 21 gällande
593 254 82 28 lagrum
695 254 48 22 icke
762 254 53 21 talas
831 262 34 13 om
880 254 79 22 förbud
974 257 57 18 emot

204 280 99 21 enskilda
324 281 59 22 träds
405 282 100 21 fällande.
539 282 45 21 Det
606 284 24 19 är
650 282 84 22 säledes
757 282 150 29 formenligare
929 285 32 18 att
982 282 50 21 icke

203 311 97 26 upptaga
315 309 70 22 denna
401 310 203 29 straffbestämning.

274 366 58 22 Frih.
346 367 29 22 V.
413 375 33 14 von
461 367 143 22 Hellens:
635 368 152 28 Anledningen
800 368 32 21 till
843 371 32 18 att
885 367 148 23 Vattenrätts-

203 394 108 22 utskottet
325 395 112 28 föreslagit
452 403 26 14 en
494 396 126 29 förändring
635 397 23 20 af
674 398 12 20 8
702 397 12 28 $
729 398 27 21 33
774 397 49 28 kap.i
851 397 100 28 gällande
961 395 72 22 straff-

204 423 35 28 lag
255 425 24 20 är
295 424 48 27 den,
358 427 32 18 att
405 426 6 20 i
427 425 49 21 nåd.
491 433 59 20 prop.
565 425 43 22 N:o
624 426 26 21 36
666 425 91 22 föreslås
773 433 27 14 en
810 425 126 28 förändring
946 425 23 22 af
980 425 12 28 8
1005 425 26 21 13

203 453 7 20 i
225 452 101 28 gällande
341 453 101 28 skogslag
457 454 41 21 och
513 454 71 21 denna
599 454 101 28 paragraf
715 459 54 16 samt
785 455 13 21 8
814 455 12 26 &
843 455 26 20 33
880 454 65 28 kap.
935 448 10 39 i
961 453 72 22 straff-

205 481 63 28 lagen
284 481 69 22 mäste
368 482 85 28 bringas
470 483 7 20 i
492 483 225 21 öfverensstämmelse
732 485 49 19 med
796 482 127 22 hvarandra.
952 482 35 21 Dä
1002 490 29 13 nu

204 509 119 22 emellertid
346 510 25 21 R.
393 518 18 14 o.
432 512 27 20 A.
475 511 69 28 afböjt
558 511 42 22 den
616 511 48 21 näd.
680 519 60 21 prop.
755 511 132 22 beträffande
903 511 90 28 ändring
1008 511 24 21 af

204 539 13 26 8
233 539 27 20 13
276 539 7 20 i
299 539 134 28 skogslagen,
448 539 62 22 faller
526 540 36 21 det
576 541 22 27 iu
614 540 23 21 af
652 541 34 27 sig
700 540 64 28 sjelft,
778 543 32 18 att
825 540 69 28 någon
906 539 126 28 förändring

204 566 23 21 af
248 567 13 27 8
281 568 13 20 8
312 567 48 21 icke
376 568 42 21 kan
434 568 85 21 komma
534 569 7 20 i
556 568 68 28 fråga,
639 571 51 19 utan
706 568 68 22 måste
790 568 123 22 Utskottets
928 568 81 28 förslag
1024 569 6 19 i

204 594 71 22 denna
291 595 34 21 del
340 603 28 14 nu
384 596 23 21 fä
422 596 91 21 förfalla.

274 652 34 21 Hr
327 652 26 22 G.
374 653 17 21 I.
410 653 153 22 Bläfield:
594 654 36 21 Då
645 654 42 21 den
702 657 85 18 senaste
803 654 64 21 ärade
881 654 93 21 talarens
989 656 42 25 ytt-

203 680 68 21 rande
294 681 195 28 vidhandengifver
512 685 31 18 att
564 683 36 28 jag
618 683 139 21 missförstått
774 682 153 28 förändringen
947 682 23 21 af
986 703 3 6 $
1011 683 21 26 8,

205 709 38 21 ber
257 710 36 28 jag
306 711 6 20 i
328 710 42 21 allo
385 710 23 21 få
422 711 131 21 understöda
568 711 58 22 Frih.
642 719 42 14 von
699 711 97 22 Hellens.

273 773 27 21 R.
317 780 18 14 o.
351 773 26 22 A.
393 773 70 22 beslöt
478 773 51 22 härä
544 777 31 18 att
591 775 93 20 utesluta
700 775 10 28 &
724 775 11 21 8
747 782 25 13 ur
782 774 250 28 författningsförslaget.

274 830 37 21 Då
325 830 66 29 derpä
407 832 12 27 $
436 832 26 21 13
478 834 92 26 upptogs
586 832 33 21 till
634 832 138 28 granskning,
788 831 71 22 anhöll

273 887 59 21 Frih.
347 887 25 21 R.
388 889 27 20 A.
467 888 70 21 Wrede
553 896 34 13 om
603 889 61 21 ordet
680 889 40 21 och
730 889 94 28 yttrade:
847 889 12 20 I
870 889 71 20 denna
946 883 11 38 $
974 889 57 21 före-

204 915 43 21 slår
264 916 243 22 Vattenrättsutskottet
521 919 78 19 tvänne
615 917 115 28 ändringar
745 918 6 20 i
767 917 27 21 de
805 917 227 27 straffbestämningar,

203 952 46 13 som
273 944 118 22 innehällas
407 946 6 20 i
430 945 42 21 den
495 945 47 21 näd.
566 953 60 21 prop.
655 946 11 20 I
683 948 11 19 1
711 953 62 14 mom.
794 946 90 21 föresläs
899 946 133 27 uteslutning

203 973 22 21 af
248 972 38 22 det
308 973 164 28 fängelsestraft,
494 981 45 14 som
562 975 160 27 propositionen
746 974 118 21 innehåller
884 975 64 27 jemte
970 974 62 21 böter

203 1001 66 28 högst
292 1002 41 21 500
354 1002 61 21 mark
437 1002 35 21 för
494 1003 104 21 särskilda
622 1003 39 21 fall
680 1003 24 21 af
718 1003 37 21 det
771 1003 64 25 brott,
850 1003 89 21 hvarom
955 1002 38 22 här
1007 1004 24 20 är

203 1030 72 27 fråga;
298 1031 8 20 i
329 1032 12 19 2
364 1038 62 14 mom.
449 1031 46 21 åter
509 1031 91 21 föreslås
616 1034 32 18 att
663 1031 224 28 straffbestämningen
902 1032 7 20 i
925 1031 41 21 den
983 1031 48 21 nåd.

203 1065 60 42 Prop:
280 1058 63 21 »böte
359 1059 64 28 högst
437 1059 131 28 fyrahundra
586 1060 73 21 mark»
676 1060 69 21 skulle
762 1060 85 27 utbytas
863 1063 58 18 emot
935 1059 95 28 följande

219 1088 131 27 estämning:
368 1087 86 22 »dömes
469 1088 32 21 till
517 1089 61 20 böter
593 1089 18 28 ej
628 1088 62 21 öfver
704 1088 121 21 tvåhundra
841 1089 60 20 mark
917 1088 56 23 eller,
984 1088 47 22 ifall

203 1115 211 28 omständigheterna
430 1118 37 19 äro
482 1117 135 28 synnerligen
628 1117 146 26 försvärande,
785 1117 31 21 till
828 1117 61 21 böter
899 1117 64 28 högst
973 1117 58 28 fyra-

202 1143 85 22 hundra
305 1144 82 22 marks».
416 1145 49 21 Den
484 1145 148 21 förstnämnda
650 1146 23 21 af
688 1145 63 22 dessa
767 1145 114 28 ändringar
897 1153 62 13 anser
973 1146 36 28 jag
1023 1146 8 20 i

203 1172 43 21 allo
262 1173 51 20 böra
328 1173 131 27 godkännas,
475 1177 22 25 ty
508 1174 157 27 fängelsestraff
676 1176 23 18 är
709 1175 111 27 verkligen
832 1177 30 17 ett
873 1174 64 20 altför
948 1176 84 26 strängt

203 1200 64 22 straff
280 1201 35 21 för
330 1201 39 21 här
383 1201 163 28 ifrägavarande
561 1202 110 22 förseelse.
694 1202 104 22 Deremot
812 1202 42 21 kan
869 1203 36 27 jag
915 1202 48 21 icke
973 1203 57 23 finna

203 1232 32 18 att
257 1228 114 23 Utskottet
386 1230 47 21 haft
448 1230 66 28 något
529 1230 46 22 skäl
590 1231 33 21 till
638 1231 92 28 ändring
745 1231 23 21 af
783 1230 224 22 straffbestämmelsen
1023 1232 7 20 i

203 1258 13 20 2
235 1265 62 14 mom.
328 1258 113 22 Utskottet
457 1259 61 21 anför
536 1259 126 28 visserligen
679 1260 6 20 i
700 1260 156 27 motiveringen
872 1262 32 18 att
919 1259 58 21 detta
992 1259 39 22 har

202 1286 59 21 skett
276 1286 34 21 för
325 1290 32 18 att
371 1288 84 21 minska
470 1287 41 21 den
526 1288 144 28 strafflatitud,
684 1296 44 13 som
740 1288 144 21 förekommer
894 1289 6 20 i
910 1288 48 21 näd.
970 1296 61 20 prop.

201 1314 54 22 Men
272 1322 26 14 en
314 1315 145 28 strafflatitud,
471 1316 37 21 der
518 1317 190 28 maximibeloppet
718 1317 34 21 för
764 1317 88 21 böterna
864 1318 23 20 är
897 1316 133 29 fyrahundra

202 1343 67 26 mark,
285 1351 62 14 anses
363 1344 7 21 i
386 1344 114 22 allmänhet
515 1345 47 21 icke
578 1352 52 14 vara
645 1345 23 21 af
683 1345 42 21 den
741 1345 149 21 beskaffenhet
905 1348 32 18 att
949 1352 26 14 en
986 1344 45 22 för-

202 1371 89 29 delning
313 1372 48 22 utaf
383 1373 142 21 förseelserna
540 1374 6 20 i
562 1374 57 20 olika
641 1374 78 27 grader
740 1374 70 21 skulle
826 1374 93 21 behöfva
935 1374 38 20 ske
989 1374 41 21 och

201 1400 144 22 försvärande
360 1402 183 28 omständigheter
558 1402 75 21 dervid
649 1402 129 22 framhällas.
801 1402 52 21 Med
864 1402 101 22 afseende
978 1402 53 21 härä

201 1428 42 22 och
259 1429 29 21 dä
303 1429 48 22 icke
367 1430 66 21 heller
449 1430 36 21 det
500 1430 63 27 brott,
578 1438 34 14 om
628 1431 83 21 hvilket
725 1432 7 20 i
748 1431 60 21 detta
823 1434 94 18 moment
929 1432 23 20 är
962 1430 68 28 fräga,

201 1458 32 20 till
249 1458 34 20 sin
299 1465 54 21 egen
369 1462 62 18 natur
447 1461 23 19 är
485 1458 77 22 sädant
576 1462 32 18 att
623 1459 37 21 det
672 1460 68 21 skulle
756 1460 85 28 päkalla
856 1462 31 18 ett
903 1459 69 28 dylikt
985 1461 46 19 sär-

201 1486 113 28 skiljande,
337 1487 25 21 sä
385 1487 37 21 ber
445 1488 34 27 jag
493 1490 31 18 att
539 1488 23 20 fä
577 1488 133 21 beträffande
726 1489 12 20 2
754 1495 62 14 mom.
831 1488 88 21 förorda
933 1487 98 28 godkän-

201 1515 72 21 nande
296 1515 23 21 af
341 1495 148 49 ordalydelsen
505 1517 7 20 i
528 1515 40 22 den
591 1516 49 21 nåd.
658 1524 60 21 prop.
747 1516 43 28 Jag
804 1516 88 28 medger
907 1519 32 18 att
953 1515 76 29 frågan
