1103 1786
365 126 103 21 Afgjorda
480 127 99 17 ärenden.
804 122 53 21 1081

207 228 141 35 Tisdagen
367 229 56 26 den
442 229 18 26 5
477 229 72 27 Juni
566 229 40 26 kl.
623 229 33 26 10
674 229 18 26 f.
710 237 35 19 m.

130 297 199 28 Protokollsutdrag
348 297 62 21 öfver
430 297 26 21 R.
472 304 19 14 o.
506 297 38 21 A:s
563 297 37 22 vid
616 300 85 18 senaste
717 298 85 28 plenum
819 298 41 21 den
875 299 13 19 2

62 325 81 23 dennes
158 326 84 22 fattade
258 326 69 21 beslut
341 326 109 28 upplästes
466 326 32 21 till
513 326 104 28 justering
633 325 40 22 och
688 326 132 28 godkändes.

369 480 101 28 Afgjorda
486 480 98 22 ärenden.

133 537 121 29 Föredrogs
275 545 26 13 en
321 537 113 22 skrifvelse
456 538 47 21 från
524 538 211 28 Jernvägsutskottet
754 538 24 21 af
795 537 95 29 följande

62 566 103 22 innehåll:

225 623 42 20 Till
282 622 124 29 Höglofliga
421 623 159 29 Ridderskapet
595 623 41 21 och
652 623 77 21 Adeln.

133 680 31 22 Af
184 680 113 22 Utskottet
316 680 184 21 tillhandakomna
521 680 197 28 protokollsutdrag
738 680 100 28 framgår,
859 683 32 19 att

63 708 124 22 Utskottets
208 710 6 20 i
230 709 113 21 skrifvelse
359 709 24 21 af
397 709 41 21 den
455 710 11 20 1
482 709 51 21 Juni
549 709 32 21 till
597 709 96 21 Stånden
708 709 125 21 framstälda
848 712 42 18 tre-

63 737 35 29 dje
119 738 82 27 förslag
219 738 32 20 till
267 738 205 28 sammanjemkning
486 737 24 21 af
524 738 27 20 de
566 738 123 28 skiljaktiga
705 738 76 26 beslut,
796 738 6 20 i
817 738 74 21 hvilka

63 766 97 21 Stånden
171 769 86 18 stannat
264 766 36 21 vid
309 765 156 29 behandlingen
475 766 23 21 af
505 766 138 22 Utskottets
652 766 156 22 betänkande
817 766 42 22 N:o
868 766 22 27 1,

64 794 72 22 blifvit
153 795 32 21 till
201 794 41 22 alla
254 794 59 22 delar
322 794 112 28 godkändt
444 795 23 20 af
477 794 160 29 Ridderskapet
647 797 41 19 och
698 794 78 27 Adeln,
787 795 104 27 Borgare-

63 823 88 21 ståndet
171 823 42 22 och
233 823 167 24 Bondeständet,
415 823 78 21 medan
509 823 95 21 deremot
618 823 162 27 Presteständet
796 823 48 21 med
859 823 32 21 af-

63 851 80 22 seende
158 852 13 21 å
186 852 42 21 den
243 852 47 21 från
306 851 108 29 Seinäjoki
429 853 79 20 station
521 859 77 21 genom
609 852 63 21 södra
684 852 139 21 Österbotten
834 852 58 21 före-

63 880 75 28 slagna
160 880 70 21 banan
251 880 111 21 vidblifvit
383 881 38 20 sitt
440 880 91 29 tidigare
547 880 75 21 beslut.
651 880 36 21 Då
701 882 7 19 i
724 880 70 21 denna
810 880 33 21 del
859 883 32 18 tre

64 908 81 22 Stånds
161 908 233 22 öfverensstämmande
410 909 72 21 beslut
497 909 110 28 föreligga,
615 912 55 18 samt
679 909 93 28 lagenlig
784 908 108 29 pluralitet

63 937 93 28 tidigare
172 937 73 21 blifvit
259 938 7 20 i
281 937 69 28 öfriga
365 937 60 21 delar
435 937 88 27 ernådd,
533 940 55 18 samt
601 937 47 21 med
660 937 102 22 afseende
772 937 13 21 å
797 937 95 28 anslags-

63 965 75 28 frågor
153 966 110 21 eventuelt
277 965 174 22 förekommande
467 965 180 29 meningsolikhet
661 965 39 22 bör
715 965 36 22 vid
767 965 126 22 behandlin-

63 1001 43 21 gen
121 994 24 21 af
160 994 175 21 Statsutskottets
351 994 135 21 betänkande
501 995 42 20 N:o
565 995 6 20 9
586 995 20 20 B
622 995 84 20 komma
718 994 34 21 till
766 993 126 29 afgörande,

64 1023 67 21 hafva
151 1023 155 28 handlingarna
327 1023 138 21 öfversändts
487 1023 32 21 till
534 1023 255 28 Expeditionsutskottet,
804 1023 89 21 hvarom

64 1051 115 22 Utskottet
194 1051 34 21 får
242 1051 110 22 vördsamt
366 1051 39 22 hos
421 1051 97 22 Stånden
533 1052 89 21 anmäla.

135 1079 124 22 Utskottets
280 1080 135 21 betänkande
435 1080 43 21 N:o
500 1082 12 19 3
534 1080 111 28 angående
660 1080 106 21 särskilda
781 1080 112 28 petitions-

65 1108 82 28 förslag
162 1109 111 27 angående
288 1109 253 27 kanalanläggningar
555 1109 39 21 har
608 1108 106 29 godkänts
730 1109 22 20 af
767 1109 41 20 alla
820 1107 74 27 Stånd,

65 1137 89 21 hvarför
174 1137 155 28 handlingarna
350 1137 72 21 blifvit
440 1137 33 21 till
494 1137 249 28 Expeditionsutskottet
758 1136 136 22 öfversända.

292 1194 32 21 På
338 1194 224 28 Jernvägsutskottets
577 1196 90 26 vägnar:

384 1251 28 21 E.
432 1251 26 21 G.
476 1251 100 21 Palmén.

136 1308 134 22 Skrifvelsen
291 1308 126 22 föranledde
438 1308 48 22 icke
505 1308 32 21 till
554 1308 76 28 åtgärd
649 1308 47 21 från
714 1308 26 22 R.
755 1316 19 13 o.
789 1308 39 21 A:s
843 1306 52 22 sida.

136 1423 43 21 Till
194 1423 60 22 detta
269 1423 85 29 plenum
369 1423 56 22 hade
440 1423 111 28 bordlagts

139 1480 251 22 Vattenrättsutskottets
406 1480 81 28 förslag
502 1480 33 21 till
547 1479 205 29 sammanjemkning
762 1480 7 20 i
780 1478 116 27 anledning

67 1508 23 22 af
105 1508 27 22 de
149 1508 76 28 beslut,
240 1508 61 22 hvari
316 1508 90 22 stånden
419 1511 88 19 stannat
523 1508 37 22 vid
571 1507 157 28 behandlingen
739 1507 23 21 af
773 1506 122 23 Utskottets
