1103 1792
242 128 56 21 1090
485 135 25 16 R.
522 139 18 12 o.
552 135 25 16 A.
590 135 63 17 1900.
676 135 14 16 5
703 134 57 18 Juni.

550 231 154 23 Vattenrätten.

283 288 121 28 Föredrogs

283 345 254 22 Vattenrättsutskottets
552 346 82 28 förslag
649 346 31 20 till
692 345 204 29 sammanjemkning
907 346 6 20 i
924 344 116 28 anledning

215 374 22 20 af
260 374 101 21 ständens
384 374 69 22 beslut
468 374 90 22 rörande
575 376 31 24 11,
624 376 33 24 12,
673 376 25 20 13
712 374 41 22 och
770 375 26 20 14
812 374 24 28 $$
853 375 10 20 1
881 374 47 28 kap.
943 377 55 18 samt
1014 374 26 20 11

217 403 12 27 $
238 404 11 20 7
262 403 48 28 kap.
323 403 22 21 af
357 403 63 28 lagen
427 410 34 14 om
470 405 143 19 vattenrätten
622 403 66 28 enligt
698 403 121 21 Utskottets
829 403 132 21 betänkande
970 402 41 22 N:o
1023 403 18 21 1.

285 460 34 21 Hr
334 460 26 22 G.
376 460 12 21 I
403 460 126 22 Bläfield
545 460 98 22 anmälde
659 463 31 18 att
704 460 43 21 han
762 460 70 21 såsom
845 460 128 28 suppleant
965 455 15 37 i
987 459 55 22 Vat-

215 490 196 20 tenrättsutskottet
432 489 89 28 deltagit
540 490 7 20 i
565 489 70 21 denna
651 489 73 28 frågas
741 488 129 28 behandling
885 489 40 21 och
940 491 45 19 mot
999 488 43 22 Ut-

216 517 90 21 skottets
329 518 64 21 förslag
431 518 87 28 afgifvit
541 526 26 13 en
590 519 138 25 reservation,
748 525 45 13 som
816 518 56 20 dock
895 518 47 20 icke
965 517 77 21 hunnit

215 546 92 28 tryckas,
323 550 55 17 samt
395 522 127 57 Femstälde,
537 546 106 22 huruvida
664 546 41 22 han
727 547 55 27 finge
798 554 28 13 nu
842 546 89 28 uppläsa
946 553 96 14 reserva-

215 575 80 26 tionen,
309 582 45 14 som
370 575 96 28 föreläge
481 576 6 20 i
503 578 31 18 ett
549 575 194 28 korrekturafdrag.

285 632 33 21 Hr
337 632 206 22 Landtmarskalken
564 636 55 18 satte
635 634 5 20 i
661 632 67 28 fråga,
744 640 34 14 om
793 632 47 22 icke
856 632 119 28 lämpligast
991 639 51 14 vore

216 664 31 18 att
268 661 155 29 uppläsningen
444 662 24 20 af
482 662 159 20 reservationen
657 661 72 21 blefve
745 661 129 28 uppskjuten
889 661 32 21 till
937 661 48 21 dess
1002 660 41 22 Ut-

216 690 91 21 skottets
318 690 81 28 förslag
411 690 55 21 efter
477 690 129 28 föregången
618 690 155 28 bordläggning
785 690 83 20 komme
879 692 31 18 att
920 689 122 21 behandlas.

284 747 57 21 Frih.
357 755 53 13 von
426 748 75 20 Born
518 747 71 21 anhöll
605 750 38 24 att,
657 747 76 21 såvida
745 747 48 21 icke
805 746 75 22 hinder
890 746 75 28 ansågs
977 748 64 22 möta,

215 775 123 22 Utskottets
359 776 81 28 förslag
461 776 131 21 omedelbart
610 776 72 21 kunde
702 776 84 20 komma
802 775 67 21 under
884 775 134 27 behandling,
1034 776 6 20 i

214 804 88 21 hvilken
324 804 102 22 händelse
448 805 42 21 han
512 804 96 22 önskade
631 804 69 21 lemna
722 804 91 21 Ständet
834 804 152 28 upplysningar
1006 811 35 13 om

214 832 67 28 några
296 833 181 28 omständigheter
492 834 5 20 i
514 833 82 28 frågan,
612 833 72 21 hvilka
701 832 71 22 kunde
788 840 51 14 vara
855 832 22 22 af
891 833 88 21 intresse
996 834 44 19 sär-

215 861 66 21 skildt
296 862 34 20 för
344 862 25 20 R.
387 869 17 14 o.
420 862 26 21 A.

284 919 35 20 Dä
341 919 25 21 R.
389 927 17 13 o.
428 920 27 20 A.
477 919 51 21 härä
550 919 28 28 pä
599 919 34 21 Hr
653 918 217 22 Landtmarskalkens
885 918 155 29 framställning

214 947 69 22 beslöt
305 950 32 19 att
358 948 130 21 omedelbart
510 951 92 25 upptaga
625 947 73 28 frägan
721 948 32 21 till
777 947 133 28 behandling,
932 947 108 21 lemnades

214 976 61 21 ordet
290 976 22 21 ät

283 1033 57 21 Frih.
355 1041 48 14 von
421 1034 77 25 Born,
520 1041 44 14 som
586 1033 94 28 yttrade:
710 1033 26 21 R.
751 1041 18 13 o.
785 1033 38 21 A:s
838 1033 121 27 visserligen
975 1040 63 14 even-

214 1062 65 21 tuella
295 1062 68 21 beslut
377 1063 9 20 i
401 1062 68 21 denna
484 1062 60 28 fråga
566 1062 188 21 öfverensstämma
770 1063 7 19 i
792 1061 42 22 alla
848 1061 116 28 väsentliga
979 1061 59 21 delar

214 1090 48 21 med
278 1090 145 29 föreliggande
438 1090 298 29 sammanjemkningsförslag,
751 1090 52 21 eller
817 1092 77 19 rättare
910 1091 46 20 vice
971 1097 67 14 versa.

213 1119 26 21 R.
254 1127 19 13 o.
288 1119 25 21 A.
330 1119 154 28 bemyndigade
499 1119 64 21 redan
579 1119 36 21 vid
631 1119 84 28 frägans
734 1122 84 18 senaste
842 1118 127 29 behandling
983 1118 55 21 Vat-

213 1147 195 22 tenrättsutskottet
430 1151 32 18 att
476 1149 7 20 i
498 1147 99 22 afseende
612 1147 13 22 ä
640 1147 164 28 formuleringen
828 1147 79 21 förfara
926 1147 49 21 med
997 1147 41 21 den

213 1176 66 21 frihet
293 1176 207 28 omständigheterna
514 1176 119 29 päkallade.
661 1176 42 28 Jag
718 1176 54 21 skall
788 1175 26 22 be
829 1179 32 18 att
877 1175 22 21 fä
913 1175 84 28 päpeka
1011 1176 27 21 de

214 1204 22 21 fä
250 1205 185 28 omständigheter,
451 1213 44 13 som
510 1205 70 21 kunna
595 1212 61 14 anses
671 1205 101 20 innebära
788 1212 26 13 en
828 1204 103 21 differens
947 1204 23 21 af
983 1204 56 22 helst

213 1233 68 49 meen
303 1233 70 50 saklig
395 1233 114 29 betydelse.
538 1233 34 21 De
594 1233 87 21 alldeles
704 1236 47 18 rent
766 1233 98 21 formella
885 1233 60 20 torde
968 1233 70 22 kunna

223 1262 90 27 örbigås.

282 1290 60 21 Inför
357 1291 25 20 R.
397 1298 18 13 o.
431 1291 26 20 A.
472 1291 108 28 upplästes
602 1290 64 21 redan
689 1293 71 18 senast
778 1293 32 18 ett
828 1289 22 22 af
871 1289 167 22 Vattenrättsut-

213 1319 80 21 skottet
313 1319 114 28 uppgjordt
448 1319 79 28 förslag
541 1319 32 21 till
589 1319 135 28 formulering
739 1319 23 21 af
778 1319 12 26 $
807 1319 25 20 12
849 1318 64 21 under
928 1318 109 22 förutsätt-

213 1348 50 27 ning
278 1347 23 21 af
316 1323 60 56 pihal
398 1347 33 21 till
454 1347 187 29 Borgareständets
665 1347 107 28 inbjudan.
803 1347 77 21 Denna
894 1347 141 28 formulering,

212 1383 45 14 som
280 1375 114 22 äterfinnes
417 1376 84 21 nederst
522 1376 29 28 pä
575 1376 38 21 sid.
630 1377 11 20 5
657 1377 7 20 i
679 1375 320 28 sammanjemkningsförslaget,
1015 1378 23 19 är

212 1405 7 20 i
233 1405 43 20 alla
297 1404 60 21 delar
378 1405 113 28 ordagrant
514 1404 230 21 öfverensstämmande
767 1404 48 21 med
838 1403 37 22 det
889 1404 32 21 till
937 1404 99 21 Ständets

211 1433 106 28 protokoll
333 1433 98 28 upplästa
453 1433 105 28 förslaget,
579 1436 58 18 utom
653 1436 31 18 att
699 1433 77 21 orden:
802 1432 77 21 »under
900 1433 136 28 iakttagande

212 1461 23 21 af
249 1461 58 22 hvad
321 1462 7 20 i
344 1463 26 20 11
387 1461 12 28 &
415 1464 71 26 säges»
503 1461 65 22 hafva
590 1461 43 21 fätt
653 1461 76 28 inflyta
749 1461 40 21 här
803 1461 85 21 utöfver
901 1461 57 22 hvad
973 1462 6 20 i
995 1461 42 21 den

212 1490 69 21 första
295 1490 163 28 formuleringen
472 1490 77 28 ingick.
579 1489 77 22 Denna
672 1489 175 29 hänvisning
806 1485 47 37 till
862 1489 174 29 nästföregäende

211 1518 100 29 paragraf
321 1520 24 19 är
353 1519 62 28 gjord
425 1519 74 21 endast
510 1519 34 20 för
553 1518 143 29 tydlighetens
711 1518 61 21 skull.
795 1518 123 28 Andringen
928 1518 29 29 pä
967 1517 39 22 sid.
1017 1519 19 25 6,
