1100 1792
323 125 158 17 Prokuratorns
493 125 122 17 berättelse.
802 119 54 26 1061

58 191 91 23 domstol:
161 192 87 28 påyrka
263 192 152 29 äktenskapets
431 192 135 29 upplösning,
576 192 49 22 icke
642 192 93 22 behöfva
750 193 39 22 hos
797 193 88 22 Monar-

57 220 48 27 ken,
115 221 85 21 anhålla
214 228 34 14 om
264 224 31 18 att
310 220 23 22 af
346 223 69 25 gunst
429 221 39 21 och
483 220 46 22 nåd
543 221 23 21 få
582 221 118 21 detsamma
715 221 112 23 upphäfdt.

125 249 66 22 Hvad
214 249 101 21 beträffar
336 250 126 35 tolkningen
482 249 24 21 af
527 250 14 21 4
562 250 13 27 &
599 250 27 21 13
642 250 49 21 kap.
708 225 178 57 Giftermålsbal-

56 276 49 28 ken,
120 285 46 14 som
192 278 110 21 Utskottet
325 278 62 21 berör
409 286 28 19 på
460 278 39 21 sid.
525 279 25 20 12
567 278 23 21 af
605 254 152 55 betänkandet,
773 278 24 21 så
813 279 71 21 blefve

57 305 37 22 det
108 306 35 22 för
158 306 110 28 vidlyftigt
280 309 32 18 att
327 306 38 21 här
380 306 99 29 utförligt
494 306 51 28 ingå
559 306 29 29 på
604 306 158 29 behandlingen
778 307 23 21 af
815 307 70 21 denna

56 334 65 29 fråga,
144 336 31 20 uti
194 335 89 21 hvilken
298 337 78 26 ytterst
392 335 56 21 olika
464 335 79 21 åsigter
558 336 57 27 gjort
630 336 34 27 sig
678 335 107 28 gällande.
813 335 71 22 Jemte

57 362 37 22 det
108 364 35 28 jag
158 363 34 21 för
206 364 43 20 min
265 363 34 21 del
315 363 95 22 ansluter
424 364 44 27 mig
483 364 32 21 till
530 363 42 22 den
584 363 146 29 uppfattning,
743 371 46 14 som
804 365 7 20 i
826 363 59 22 detta

56 391 102 22 afseende
174 392 86 21 uttalats
275 392 24 21 af
314 392 41 21 den
371 392 131 27 föregående
522 392 65 21 ärade
602 392 88 27 talaren,
706 393 38 20 vill
758 393 36 28 jag
809 392 76 22 endast

56 419 113 22 framhålla
184 423 31 19 att
230 420 36 21 det
281 421 5 20 i
303 420 73 29 hvarje
391 421 39 21 fall
445 421 61 21 torde
527 421 69 21 måsta
617 421 105 21 erkännas
738 424 32 18 att
784 429 47 13 man
847 421 37 21 vid

56 448 139 22 utfärdandet
217 449 23 21 af
266 450 55 21 1734
335 449 35 22 års
386 449 34 28 lag
435 449 48 22 icke
498 449 62 22 tänkt
575 451 33 26 sig
623 457 27 14 en
666 449 67 22 sådan
749 450 119 28 tillämpnin;

57 477 23 21 af
94 477 92 22 nämnda
208 477 80 29 lagrum
312 481 31 18 att
363 478 217 28 äktenskapsskilnad
596 478 70 21 skulle
681 478 73 21 kunna
769 479 74 20 vinnas
856 486 14 21 pi

56 505 66 28 några
138 506 84 22 veckor.
251 507 40 20 Att
307 509 30 19 ett
352 507 107 21 missbruk
474 507 24 21 af
512 508 34 25 S:n
562 507 8 20 i
585 507 61 28 fråga
662 507 91 21 sålunda
768 515 50 13 eger
832 515 52 18 rum,

57 534 44 21 står
115 537 59 19 utom
196 535 83 27 tvifvel,
303 543 48 13 men
367 535 37 22 det
425 535 42 21 kan
482 535 144 28 ifrågasättas,
641 535 106 22 huruvida
762 514 48 43 icke
825 535 59 22 detta

56 563 107 22 missbruk
178 563 39 22 har
231 565 33 20 sin
279 563 69 28 grund
364 571 57 14 mera
436 565 7 20 i
459 564 42 21 den
522 564 106 21 allmänna
644 564 131 28 utveckling,
790 571 46 14 som
851 571 33 14 se-

58 591 41 22 dan
115 592 73 28 Jagens
204 592 103 21 stiftande
322 593 120 27 försiggått,
458 592 102 22 särskildt
575 592 27 21 de
618 593 129 21 utvecklade
763 593 119 21 kommuni-

57 620 95 22 kations-
175 621 40 21 oeh
238 621 295 27 samfärdselförhållandena,
555 623 27 19 än
605 622 32 20 uti
660 621 43 21 den
726 621 23 21 af
772 621 112 22 Utskottet

57 649 117 22 klandrade
196 650 123 27 tolkningen
342 650 23 21 af
387 650 131 28 lagrummet,
541 649 87 22 hvilken
649 650 100 28 tolkning
764 650 44 21 står
823 651 5 20 i
844 649 40 22 full

57 677 222 22 öfverensstämmelse
295 678 49 21 med
360 679 73 28 lagens
454 678 140 22 ordalydelse.
624 678 42 29 Jag
682 678 37 21 ber
734 679 67 21 också
816 681 30 19 att
861 678 23 22 få

58 708 76 20 nämna
148 710 32 18 att
195 707 69 21 denna
279 707 104 28 tolkning,
399 707 61 21 öfver
475 707 87 21 hvilken
580 707 112 22 Utskottet
707 707 13 21 å
735 707 40 22 sid.
793 709 26 20 13
829 708 7 20 i
846 708 38 20 sitt

58 734 134 23 betänkande
214 736 77 21 uttalar
314 739 31 18 ett
366 736 24 21 så
412 736 75 28 skarpt
510 735 95 27 klander,
621 736 35 21 för
670 736 133 21 närvarande
823 735 60 22 torde

57 771 51 14 vara
122 764 42 21 den
180 765 7 20 i
202 764 88 28 Sverige
309 765 89 21 allmänt
413 764 99 27 erkända,
528 764 40 21 och
584 767 31 18 att
630 764 42 21 den
688 764 65 21 bland
769 767 64 18 annat
844 764 40 28 gil-

57 792 31 21 las
104 793 22 20 af
142 793 100 28 Sveriges
257 793 117 21 förnämste
393 793 113 21 rättslärde
522 793 28 28 på
565 793 59 21 detta
640 793 92 21 område.
761 793 85 21 Frågan
860 794 24 20 är

58 820 40 22 hos
114 829 35 14 oss
165 821 35 22 för
214 821 132 22 närvarande
359 825 108 25 upptagen
483 821 28 29 på
525 821 111 22 Juridiska
651 821 138 28 föreningens
815 821 69 22 diskus-

57 850 157 28 sionsprogram
230 850 40 21 och
286 850 28 21 då
329 850 76 28 frågan
421 858 34 13 om
471 851 93 20 revision
580 850 23 21 af
618 850 163 29 lagstiftningen
793 850 90 21 rörande

56 879 214 27 äktenskapsskilnad
285 879 38 21 har
338 879 128 28 hänskjutits
482 879 32 20 till
529 879 201 27 Lagberedningen,
745 879 61 21 torde
819 879 65 21 äfven

56 906 48 21 från
119 906 70 22 denna
212 910 30 18 ett
264 907 110 21 uttalande
390 908 6 20 i
412 908 66 20 saken
500 914 52 14 vara
573 910 32 18 att
627 911 87 17 emotse.
747 906 45 24 Vid
807 906 77 22 sådant

56 934 134 22 förhållande
212 936 107 21 förefaller
342 936 37 21 det
394 936 44 28 mig
453 943 46 14 som
515 943 33 14 om
565 935 121 22 Ständerna
701 936 35 21 för
751 935 132 22 närvarande

57 964 68 21 skulle
141 964 67 21 sakna
224 964 45 22 skäl
285 967 31 19 att
331 964 34 21 för
380 966 33 20 sin
428 964 35 22 del
486 964 67 22 uttala
568 965 34 27 sig
617 972 34 14 om
667 964 41 22 den
724 972 41 13 ena
781 964 51 22 eller
846 972 38 13 an-

57 992 37 22 dra
109 993 136 27 tolkningens
260 993 106 27 riktighet.

124 1020 114 23 Utskottet
260 1022 121 21 framhåller
397 1021 27 29 på
439 1022 38 20 två
492 1021 68 22 skilda
581 1022 76 21 ställen
674 1022 6 20 i
696 1022 38 21 sitt
748 1021 135 22 betänkande

57 1052 32 18 att
104 1049 112 23 Utskottet
232 1051 75 20 saknat
329 1050 59 22 såväl
409 1050 116 28 tillräcklig
539 1050 31 21 tid
587 1058 46 14 som
648 1050 76 28 nödigt
739 1050 95 22 material
849 1050 35 22 för

56 1081 32 18 att
98 1080 96 20 närmare
210 1078 50 28 ingå
274 1079 28 28 på
317 1079 40 21 och
380 1078 137 29 fullständigt
538 1078 92 22 bedöma
646 1086 28 14 nu
690 1079 93 21 nämnda
805 1078 78 28 frågor.

56 1106 36 22 Då
106 1107 38 21 det
158 1108 7 20 i
180 1109 56 19 ännu
252 1108 65 27 högre
329 1108 52 28 grad
398 1108 68 27 gäller
482 1107 133 21 beträffande
638 1107 99 22 ärendets
753 1107 130 28 behandling

56 1136 6 20 i
79 1135 91 22 Ståndet
186 1139 31 18 att
232 1136 109 28 möjlighet
356 1136 78 22 saknas
450 1136 35 21 för
500 1136 63 21 dessa
578 1136 84 28 frågors
679 1136 98 28 allsidiga
787 1136 41 21 och
838 1143 45 14 om-

56 1164 113 28 sorgsfulla
185 1165 106 28 pröfning,
302 1164 55 22 hade
372 1166 36 27 jag
422 1164 62 21 tänkt
505 1164 79 22 föreslå
599 1168 31 18 att
645 1164 26 22 R.
687 1172 18 14 o.
721 1165 26 21 A.
763 1164 68 22 skulle
846 1164 38 22 be-

56 1192 54 22 sluta
131 1197 31 17 att
188 1194 27 28 på
237 1194 68 27 grund
328 1193 62 22 häraf
411 1193 48 21 icke
474 1193 51 21 ingå
540 1194 6 20 i
562 1193 102 29 pröfning
678 1193 23 21 af
716 1193 146 21 betänkandet
876 1194 7 20 i

56 1221 48 21 dess
120 1230 28 12 nu
164 1222 90 22 berörda
273 1222 40 21 del.
343 1222 35 21 Då
394 1201 117 42 erellertid
527 1222 34 20 Hr
576 1229 43 13 von
634 1222 120 21 Haartman
769 1222 38 21 här
819 1222 64 20 fram-

55 1250 50 21 stält
120 1254 32 17 ett
166 1251 81 27 förslag
262 1258 45 14 som
321 1250 39 28 går
376 1250 66 28 något
456 1250 73 28 längre
544 1250 41 22 och
600 1250 28 21 då
644 1251 42 21 min
702 1250 57 28 åsigt
770 1253 5 18 i
786 1250 38 22 sak
835 1250 47 22 icke

55 1279 84 21 afviker
154 1279 48 21 från
218 1279 59 27 hans,
300 1280 37 21 vill
351 1280 36 28 jag
402 1280 34 20 för
459 1280 43 20 min
524 1278 34 22 del
576 1278 131 22 understöda
723 1279 59 21 detta
797 1279 86 28 förslag.

123 1336 58 22 Frih.
204 1336 25 22 R.
252 1337 25 21 A.
300 1336 116 22 Wrede:
446 1336 34 21 De
501 1338 80 20 tvänne
604 1339 84 19 senaste
710 1336 64 22 ärade
789 1336 93 21 talarene

56 1365 66 21 hafva
136 1365 67 21 riktat
217 1365 104 22 särskilda
332 1365 166 27 anmärkningar
508 1367 44 19 mot
563 1364 163 28 Lagutskottets
737 1364 145 29 föreliggande

56 1393 135 22 betänkande
207 1394 40 21 och
262 1394 27 28 på
304 1393 69 29 grund
386 1394 24 20 af
422 1393 63 21 dessa
496 1393 164 28 anmärkningar
670 1394 69 28 yrkat,
749 1396 32 18 att
789 1393 26 21 de
824 1392 59 22 delar

56 1422 22 21 af
93 1422 153 27 betänkandet,
260 1422 39 22 der
313 1422 27 21 de
356 1422 111 21 anmärkta
482 1422 107 28 partierna
605 1422 56 28 ingå,
676 1422 66 21 måtte
757 1422 24 21 af
795 1422 53 22 R.o.
856 1422 26 20 A.

55 1450 48 22 från
118 1450 147 22 betänkandet
279 1451 110 21 uteslutas.

125 1479 43 28 Jag
184 1480 37 21 ber
236 1482 32 18 att
282 1480 23 20 af
320 1479 62 21 dessa
398 1478 166 23 anmärkningar
578 1480 24 21 få
617 1479 55 21 först
682 1474 94 58 ppptaga
787 1478 26 22 de
826 1485 56 22 mera

56 1507 106 22 allmänna
178 1507 141 29 synpunkter,
335 1515 46 13 som
392 1507 47 21 utaf
450 1507 34 21 Hr
494 1488 129 42 Cederholm
634 1507 106 22 uttalades
752 1506 130 22 beträffande
