1106 1786
344 127 25 16 R.
382 131 18 12 o.
412 127 25 16 A.
450 127 61 16 1900.
536 127 12 16 5
560 127 58 16 Juni.
811 120 54 21 1101

136 194 35 21 Hr
186 193 215 22 Landtmarskalkens
416 194 30 21 tal
462 202 36 13 var
513 194 23 21 af
550 194 94 28 följande
659 194 90 28 lydelse:

379 279 69 22 Eders
463 279 124 22 Excellens!

139 337 70 21 Sedan
230 336 102 21 Finlands
353 336 91 21 Ständer
463 344 86 14 numera
567 337 86 21 slutfört
670 337 46 21 sina
733 337 93 27 arbeten,
841 336 54 21 äter-

69 365 44 22 stär
127 365 35 21 för
178 365 158 28 Ridderskapet
350 365 39 21 och
405 365 76 25 Adeln,
496 366 7 20 i
518 365 219 22 öfverensstämmelse
752 365 49 22 med
816 366 37 20 det
862 365 34 20 för

69 394 143 27 landtdagens
235 393 119 22 afslutande
376 393 86 29 nädigst
481 393 113 22 faststälda
609 394 154 27 ceremonielet,
776 402 30 13 nu
822 393 74 22 endast

70 425 32 19 att
124 423 60 27 gifva
206 422 86 28 uttryck
315 421 22 22 ät
354 422 26 21 de
396 422 84 21 känslor
494 423 23 20 af
532 423 51 28 djup
598 423 102 26 vördnad,
714 423 70 21 trohet
799 422 40 22 och
853 422 43 21 till-

70 451 112 28 gifvenhet
198 451 34 20 för
246 450 61 21 Hans
322 451 102 28 Majestät
437 451 104 28 Kejsaren
557 451 39 22 och
612 451 136 26 Storfursten,
758 451 76 22 hvaraf
844 451 51 21 Rid-

70 479 117 29 derskapet
202 479 40 22 och
256 479 71 21 Adeln
342 479 70 22 städse
428 481 23 19 är
465 479 73 27 lifvad,
554 480 109 21 äfvensom
678 480 23 21 ät
715 480 48 21 dess
773 487 73 14 varma
856 479 40 22 och

70 508 146 28 underdäniga
234 508 162 29 välönskningar
415 508 33 21 för
466 508 61 21 Hans
542 509 121 28 Kejserliga
676 509 102 28 Majestät
792 508 41 22 och
848 508 47 21 dess

69 537 56 28 höga
140 537 73 28 familj.

139 566 119 21 Vördsamt
274 565 131 28 anhällande,
419 568 33 19 att
466 565 68 22 Eders
549 565 113 22 Excellens
678 566 49 21 ville
742 566 33 21 till
788 565 38 22 vär
835 565 61 21 aller-

70 594 97 28 nädigste
191 594 91 21 Monark
305 594 107 21 frambära
426 594 60 21 detta
505 595 85 27 uttryck
605 595 23 20 af
643 594 99 22 Ständets
755 594 142 28 undersätliea

70 622 86 22 känslor
174 622 40 22 och
234 622 112 27 tänkesätt,
364 622 88 22 utbeder
468 624 32 27 sig
515 622 158 30 Ridderskapet
687 623 40 21 och
742 623 70 21 Adeln
828 626 32 18 att
875 622 22 21 få

70 658 52 14 vara
136 651 119 21 innesluten
270 652 7 20 i
292 650 61 22 Hans
368 651 112 28 Majestäts
495 651 77 29 nädiga
586 651 139 29 bevägenhet.

141 806 35 22 Hr
190 806 205 22 Landtmarskalken
416 807 134 28 uppmanade
568 807 98 28 slutligen
681 806 99 22 Ständets
796 806 100 21 medlem-

75 843 45 13 mar
135 838 33 18 att
181 836 8 20 i
204 842 85 21 morgon
305 835 76 21 samlas
396 835 32 21 till
444 835 37 21 det
496 836 51 20 sista
562 836 85 28 plenum
662 835 34 21 för
712 835 67 21 denna
789 834 108 29 landtdag,

74 864 84 22 hvilket
172 864 85 27 plenum
273 864 83 20 komme
371 867 32 18 att
418 864 69 28 börjas
502 865 68 27 precis
586 864 28 22 kl.
630 865 28 26 1/,
666 865 26 20 11
708 864 15 21 f.
738 872 26 13 m.

141 1007 88 21 Plenum
244 1006 115 22 afslutades
375 1006 27 21 kl.
418 1008 39 20 8.15
473 1014 17 14 e.
505 1015 27 13 m.

693 1058 23 17 In
728 1057 66 19 fidem:

643 1098 50 21 Clas
708 1106 19 13 v.
747 1098 81 21 Collan.
