1084 1773
243 132 42 21 996
484 140 25 16 R.
522 144 18 12 o.
553 140 24 16 A.
590 139 63 17 1900.
677 140 11 16 1
698 140 58 16 Juni.

214 206 153 28 ningsomräde,
381 206 27 22 dä
423 206 91 22 Ständet
528 207 92 29 tidigare
635 207 36 22 vid
687 207 154 29 behandlingen
856 207 24 22 af
894 207 144 22 Vattenrätts-

214 234 115 22 utskottets
344 234 132 23 betänkande
491 236 42 21 N:o
548 236 14 21 4
577 236 8 21 i
599 235 115 29 anledning
728 236 23 21 af
766 236 61 21 Hans
842 236 93 28 Kejserliga
949 236 90 29 Maje-

214 264 54 20 stäts
282 262 48 23 näd.
345 272 63 20 prop.,
424 264 146 22 innefattande
585 265 58 21 vissa
657 264 157 27 bestämningar
827 272 35 14 om
877 272 28 21 upi
920 240 81 57 gående
1017 264 22 22 af

213 292 147 49 ponia
375 293 8 21 i
397 293 126 28 vattendrag
543 293 40 21 och
603 293 65 21 skifte
683 293 23 21 af
720 293 136 27 fiskevatten,
870 294 94 27 godkänt
979 294 26 20 16
1021 294 18 27 $,

231 320 72 22 vilken
319 321 8 21 i
341 321 48 21 dess
411 321 66 22 andra
498 329 63 14 mom.
576 322 116 21 innehäller
706 322 94 28 följande
815 322 141 21 bestämning:
981 322 59 21 Har

215 349 18 28 ej
256 356 76 21 genom
357 350 79 21 inlösen
452 351 7 20 i
474 350 149 28 vattendraget
644 351 98 21 inrättats
764 350 200 29 fredningsomräde,
986 350 54 21 skall

215 377 37 22 vid
267 378 112 28 delningen
391 378 75 22 främst
476 382 32 18 ett
518 379 52 21 eller
580 379 52 21 flere
643 378 208 29 fredningsomräden
861 379 101 29 utbrytas,
974 378 67 22 under

214 406 137 29 iakttagande
375 407 23 21 af
419 407 56 22 hvad
490 408 8 20 i
514 408 25 21 17
564 408 48 21 kap.
633 407 198 29 byggningabalken
851 408 72 21 derom
936 407 104 29 stadgas».

214 434 42 21 Att
279 443 27 13 nu
325 436 91 21 utesluta
434 436 42 21 alla
498 436 131 28 stadganden
652 443 33 14 om
701 436 195 28 fredningsområde
911 444 25 13 ur
951 437 24 20 17
992 436 48 28 kap.

215 463 25 22 B.
261 463 26 22 B.
309 463 67 22 skulle
397 464 104 22 innefatta
524 472 26 13 en
573 464 125 29 motsägelse
718 465 32 20 till
766 464 56 22 hvad
838 465 26 21 R.
879 472 18 14 o.
912 465 27 21 A.
954 464 87 22 sålunda

214 492 90 29 tidigare
320 492 90 22 beslutit.

284 549 34 22 Hr
340 549 67 22 Adolf
428 550 141 21 Aminoff:
600 550 34 21 De
657 550 45 22 skäl
724 550 39 22 den
785 553 83 19 senaste
883 550 63 22 ärade
961 550 80 21 talaren

214 578 73 22 anfört
301 581 44 19 mot
359 582 32 18 att
405 579 91 21 Ståndet
511 587 28 13 nu
551 579 68 21 skulle
634 579 136 22 underkänna
785 579 61 21 detta
856 579 113 28 lagförslag
979 587 62 20 synas

214 607 45 28 mig
273 607 48 21 icke
336 615 51 14 vara
401 607 23 22 af
438 607 42 22 den
494 611 58 18 stora
567 608 113 27 betydelse,
696 611 32 18 att
742 615 49 14 man
806 607 72 22 derför
891 607 65 22 borde
965 615 76 21 accep-

215 639 48 18 tera
277 643 27 14 nu
319 635 144 30 föreliggande
478 636 85 29 förslag.
592 636 44 21 För
650 639 32 19 att
697 639 31 18 ett
742 636 123 29 stadgande,
879 644 44 13 som
939 636 41 21 kan
990 636 51 21 hän-

215 664 48 21 föra
283 665 17 20 sig
334 665 33 20 till
382 665 60 21 detta
457 665 122 28 lagförslag,
594 673 34 13 om
643 665 37 22 det
695 665 41 22 blir
750 665 40 28 lag,
806 665 68 21 finnes
888 665 8 21 i
911 672 25 14 en
951 665 90 28 tidigare

214 672 101 49 godkänd
337 693 40 28 lag,
401 693 40 22 kan
462 701 48 14 man
533 694 34 21 väl
590 694 18 28 ej
632 701 50 14 vara
704 693 111 22 nödsakad
832 697 32 18 att
878 697 112 25 acceptera
1004 693 38 22 det

215 721 122 29 lagförslag,
358 722 33 21 till
410 722 82 21 hvilket
506 723 7 20 i
529 722 37 21 det
581 722 128 21 föregående
724 722 104 27 hänvisas,
844 730 33 13 om
892 722 38 21 det
944 722 97 21 befinnes

214 757 53 14 vara
284 750 23 21 så
323 751 106 27 onjutbart
444 759 43 13 som
503 751 60 21 detta
578 727 109 56 förelaller
701 751 91 28 mången
806 751 28 28 på
849 751 59 21 detta
922 759 51 13 rum.
1000 751 42 28 Jag

215 779 38 21 vill
275 779 114 28 ingalunda
410 779 49 22 med
481 779 37 22 det
540 779 156 29 ofördelaktiga
718 779 98 22 omdöme
830 780 36 28 jag
880 780 56 27 tagit
950 780 43 27 mig
1005 779 37 21 fri-

214 807 64 22 heten
293 806 52 23 fälla
359 815 34 14 om
408 808 59 21 detta
482 808 133 21 betänkande
631 808 28 29 på
673 808 64 28 något
751 810 43 19 sätt
806 808 93 28 förringa
919 808 50 21 eller
989 807 52 22 ned-

217 837 57 20 sätta
289 836 120 22 Utskottets
424 837 78 21 arbete.
531 837 28 21 Jag
589 837 108 26 erkänner,
712 840 32 18 att
759 837 113 22 Utskottet
881 837 67 27 inlagt
957 844 84 21 synner-

214 864 57 21 ligen
293 867 44 19 stor
357 865 99 28 förtjenst
478 865 36 22 vid
536 840 156 58 behandlingen
711 865 23 21 af
756 865 58 22 såväl
829 865 70 22 denna
913 865 129 29 proposition

215 872 42 42 No
279 894 25 21 37
323 900 44 15 som
383 895 155 27 propositionen
554 894 41 22 N:o
610 896 34 24 33,
659 902 47 14 men
721 895 37 21 det
772 894 109 21 förefaller
895 895 44 27 mig
953 902 43 13 som
1007 901 35 14 om

214 922 39 21 det
273 922 101 28 material,
395 930 45 14 som
455 923 113 21 Utskottet
582 923 48 21 haft
644 926 32 18 att
690 922 107 28 bearbeta,
812 923 38 21 har
864 924 56 20 varit
932 922 22 22 så
968 922 73 22 otack-

215 953 62 23 samt,
291 954 32 18 att
338 951 61 21 deraf
412 951 28 28 på
454 952 40 20 den
511 951 61 22 korta
586 952 33 21 tid
634 954 31 19 ett
680 951 168 22 ständerutskott
862 951 38 21 har
914 951 28 28 på
951 952 33 26 sig
994 950 48 22 icke

214 979 57 21 varit
284 979 83 28 möjligt
381 982 32 19 att
427 979 23 22 få
464 979 115 29 någonting
593 980 140 21 acceptabelt.
758 979 49 22 Och
822 979 108 22 förefaller
945 979 37 22 det
991 980 50 27 mig,

215 1014 46 14 som
276 1015 34 14 om
325 1007 38 22 det
377 1015 49 14 vore
442 1010 66 19 större
523 1009 46 20 skäl
585 1011 32 18 att
631 1009 43 20 låta
688 1009 75 28 frågan
778 1008 58 21 hvila
851 1010 25 19 än
891 1011 32 18 att
932 1007 110 28 godkänna

215 1038 32 19 ett
262 1035 67 28 dåligt
344 1036 119 29 lagförslag.
485 1037 58 21 Frih.
559 1044 40 14 von
614 1037 57 21 Born
687 1037 39 22 har
737 1037 122 28 visserligen
869 1036 98 29 påpekat,
978 1036 62 21 huru-

214 1071 46 14 som
282 1064 37 21 det
341 1065 64 21 borde
428 1073 51 14 vara
500 1065 119 22 tilltalande
641 1069 32 18 att
693 1065 23 22 få
730 1065 76 29 utbyta
821 1073 27 13 nu
862 1065 96 28 gällande
973 1064 67 22 admi-

213 1093 113 21 nistrativa
346 1093 150 28 fiskeristadga
516 1097 44 18 mot
579 1101 26 14 en
620 1094 129 29 ständerlag;
764 1094 41 21 och
822 1095 6 20 i
842 1094 82 28 princip
939 1101 49 13 vore
1003 1093 38 21 det

214 1121 41 22 och
277 1123 24 19 är
322 1121 37 22 det
380 1123 22 27 ju
424 1122 86 29 mycket
530 1125 113 26 angenämt
657 1126 32 18 att
704 1123 68 21 blifva
787 1123 28 20 fri
830 1122 26 21 de
872 1122 168 21 administrativa

214 1150 114 28 stadgarna
347 1151 40 20 och
408 1151 23 21 få
452 1151 49 21 dem
524 1155 79 18 ersatta
617 1151 49 22 med
681 1151 151 28 ständerlagar,
847 1158 47 14 men
909 1151 8 20 i
932 1151 36 20 sak
984 1151 55 20 före-

214 1178 63 21 faller
291 1179 44 28 mig
349 1179 83 21 vinsten
448 1179 24 22 så
486 1179 115 29 obetydlig,
615 1183 33 18 att
662 1181 35 28 jag
712 1180 66 27 vågar
791 1183 33 18 tro
839 1179 37 22 det
891 1187 51 14 vara
951 1179 32 21 till
994 1180 45 20 vin-

213 1207 58 28 ning,
286 1215 34 13 om
336 1207 74 28 frågan
426 1208 67 21 skulle
508 1208 23 21 få
546 1208 57 29 ligga
617 1209 33 20 till
665 1209 33 28 sig
712 1209 33 20 till
760 1216 26 13 en
797 1207 126 22 kommande
933 1207 106 28 landtdag.

283 1263 35 22 Hr
332 1264 29 22 K.
376 1265 26 21 RB.
417 1265 27 22 O.
458 1265 26 21 E.
498 1265 204 28 Jägerskiöld:
732 1265 54 21 Med
798 1265 113 27 anledning
925 1264 23 21 af
962 1264 26 21 de
1003 1272 37 13 an-

213 1292 142 29 märkningar,
370 1301 44 14 som
429 1295 65 27 gjorts
509 1297 46 18 mot
569 1294 103 21 särskilda
686 1293 92 30 punkter
787 1294 7 21 i
803 1293 67 22 första
879 1293 161 26 reservationen,

214 1321 38 21 vill
272 1321 35 28 jag
328 1321 56 22 blott
398 1323 8 20 i
421 1322 84 21 korthet
523 1322 80 26 anföra,
618 1325 32 19 att
665 1322 134 21 beträffande
814 1323 56 20 först
884 1321 41 22 den
940 1321 99 29 punkten,

213 1349 40 22 der
267 1349 37 22 det
318 1349 52 22 står:
388 1351 142 21 »inrättandet
544 1351 23 21 af
582 1351 194 28 fredningsområde
791 1351 71 21 ställer
877 1351 33 27 sig
924 1350 53 28 dyrt,
990 1352 50 19 enär

213 1378 28 21 de
260 1378 61 21 bästa
336 1379 132 21 fiskeställen
483 1379 34 21 för
532 1380 59 21 detta
605 1379 97 22 ändamål
716 1383 61 24 tagas
792 1380 8 21 i
814 1379 111 25 anspråk»,
937 1379 20 27 jag
987 1379 52 20 fort-

213 1407 89 21 farande
312 1407 105 22 vidhåller
431 1411 33 18 att
478 1408 60 21 detta
553 1411 94 18 moment
661 1410 23 19 är
698 1408 81 27 riktigt,
795 1415 88 14 emedan
893 1407 37 22 det
939 1408 48 20 icke
998 1406 41 22 kan

213 1435 54 22 falla
286 1435 69 28 någon
370 1436 217 29 fiskevårdsförening
602 1437 21 20 in
638 1439 33 19 att
685 1437 56 27 välja
755 1437 33 21 till
804 1434 193 29 fredningsområde
1013 1443 25 14 en

212 1464 64 29 plats,
296 1464 39 21 der
352 1464 68 22 fisken
437 1465 47 21 icke
499 1465 59 21 leker
573 1466 8 20 i
593 1467 67 20 större
675 1465 83 28 mängd.
788 1464 140 22 Beträffande
942 1463 46 21 åter
1002 1464 38 21 det

213 1493 23 21 af
251 1493 58 21 Frih.
324 1500 41 14 von
380 1493 89 21 Hellens
484 1493 111 21 anmärkta
610 1496 120 23 momentet,
745 1493 39 21 der
798 1493 37 21 det
849 1493 53 21 står:
921 1491 46 21 »Dä
981 1493 58 21 fred-

213 1521 172 29 ningsomrädens
407 1522 67 28 ärliga
495 1521 110 29 utpälning
623 1522 40 21 och
684 1522 121 28 bevakning
820 1522 76 21 kräfva
910 1524 57 18 stora
981 1521 58 22 kost-
