1106 1775
221 112 55 22 1080
466 119 25 17 R.
505 124 17 12 o.
536 120 24 16 A.
574 120 62 16 1900.
660 120 14 16 2
686 120 58 16 Juni.

261 186 103 22 Deremot
385 186 39 22 har
443 187 115 22 Utskottet
579 187 48 22 icke
649 187 81 22 kunnat
749 190 51 26 taga
818 182 68 58 någon
901 186 121 29 befattning

192 215 50 22 med
265 215 78 22 nämda
366 215 80 22 besluts
466 216 8 20 i
494 217 12 26 $
528 216 12 21 9
556 216 23 21 af
594 216 149 22 ceremonielet
757 216 35 21 för
805 215 139 29 landtdagens
957 215 65 21 afslu-

192 243 64 22 tande
281 244 113 22 förutsatta
417 244 155 29 öfversättning
593 244 33 22 till
647 244 64 29 ryska
732 244 92 29 språket,
848 251 48 14 men
917 244 38 21 har
978 243 42 22 Ut-

192 272 81 22 skottet
303 272 13 22 på
330 273 71 22 derom
417 273 47 22 från
479 273 299 29 Ekonomiedepartementets
793 273 35 21 för
842 273 119 28 Kejserliga
981 272 39 21 Se-

192 297 64 36 naten
322 302 26 21 sli
362 302 60 27 gjord
437 301 97 22 anhållan
556 302 166 21 tillhandahållit
743 301 98 22 bemälda
855 301 77 22 Kansli
947 309 26 13 en
988 301 33 21 af-

193 329 65 22 skrift
272 330 24 21 af
310 306 206 57 landtdagsbeslutet
529 331 8 20 i
552 331 41 21 den
608 330 48 22 mån
672 331 118 21 detsamma
806 330 72 22 blifvit
893 329 84 29 färdigt.

400 388 32 21 På
446 387 256 30 Expeditionsutskottets
717 390 90 26 vägnar:

513 445 27 22 E.
561 445 26 22 G.
604 445 101 22 Palmén.

799 501 21 22 T.
836 501 115 28 Järnefelt.

265 559 76 22 Denna
357 559 114 22 skrifvelse
486 559 127 22 föranledde
629 560 18 28 ej
663 559 32 22 till
710 559 72 28 någon
797 559 82 28 åtgärd.

265 702 34 22 Hr
321 702 207 22 Landtmarskalken
552 702 118 22 hemstälde
692 702 107 22 huruvida
822 702 54 26 icke,
892 703 6 20 i
914 701 108 22 anseende

195 730 72 22 dertill
282 733 32 19 att
327 731 76 21 endast
424 731 66 29 några
512 731 66 28 dagar
594 732 22 21 af
631 731 131 29 landtdagen
784 730 114 26 återstode,
913 738 28 13 nu
956 730 66 22 redan

196 759 67 21 borde
276 762 58 19 utses
350 760 136 21 medlemmar
501 761 7 20 i
524 760 41 21 den
588 760 133 26 deputation,
741 767 46 14 som
804 759 53 28 egde
873 759 36 21 vid
925 758 98 22 landtda-

195 795 53 21 gens
272 788 121 22 afslutande
415 788 33 22 till
470 788 139 22 medstånden
629 788 102 22 framföra
746 788 26 22 R.
789 796 18 13 o.
823 788 39 21 A:s
878 787 145 22 afskedshels-

195 817 77 28 ningar
287 817 40 21 och
343 817 95 28 föreslog
452 817 35 22 Hr
502 817 208 23 Landtmarskalken
729 817 33 22 till
777 817 138 21 medlemmar
930 817 5 20 i
952 816 70 21 denna

196 845 126 28 deputation
342 845 44 22 Hrr
402 845 50 22 Carl
466 846 78 22 Gustaf
556 846 152 27 Estlander,
723 845 69 22 Adolf
806 845 125 26 Aminoff,
946 845 77 21 Svin-

195 873 110 28 hufvud,
328 874 77 21 Albert
427 882 48 13 von
498 874 74 21 Julin
593 875 42 21 och
654 874 195 26 Wallensköld,
864 873 23 22 af
901 873 72 22 hvilka
988 873 35 21 Hr

195 902 117 22 Estlander
335 903 69 21 skulle
419 903 75 21 anföra
512 903 152 21 deputationen
680 903 32 21 till
728 902 169 27 Presteståndet,
913 902 34 21 Hr
961 902 62 21 Ami-

195 931 50 21 noff
265 931 33 21 till
318 931 182 28 Borgareståndet
514 939 26 14 och
571 931 34 22 Hr
620 931 138 22 Svinhufvud
771 931 32 21 till
816 930 169 22 Bondeståndet.

266 988 66 21 Detta
347 988 81 28 förslag
443 988 46 22 blef
504 989 22 20 af
541 988 25 22 R.
583 996 19 14 o.
616 989 28 21 A.
660 989 6 20 i
682 989 41 21 allo
738 987 119 30 godkändt.

266 1131 92 21 Plenum
374 1131 118 22 afslutades
507 1131 27 21 kl.
551 1132 27 27 1/,
588 1133 26 20 10
630 1131 28 28 på
672 1131 95 22 aftonen.

808 1182 23 18 In
843 1181 64 19 fidem:

764 1216 50 22 Clas
829 1224 20 14 v.
869 1216 83 22 Collan.
