1109 1792
228 114 42 21 934
470 122 24 16 R.
508 126 18 12 o.
539 122 25 17 A.
578 122 62 17 1900.
664 122 30 18 30
706 122 50 21 Maj.

198 188 82 22 chelins
296 188 86 29 förslag,
398 192 32 18 att
443 190 27 21 R.
481 197 19 14 o.
509 191 28 20 A.
547 190 52 21 ville
614 190 95 22 vidhålla
725 191 38 21 sitt
777 190 67 21 redan
858 189 84 22 fattade
958 190 71 21 beslut

198 224 35 14 om
248 220 32 18 att
295 217 276 30 Ylivieska--Haapajärvi
594 219 40 22 och
659 213 204 38 Gamla-Karleby—
873 218 97 22 Suolahti
988 218 40 22 lin-

198 246 60 28 jerna
272 246 67 21 mätte
354 246 37 22 vid
407 247 98 28 lämpligt
520 248 84 21 tillfälle
620 248 139 21 undersökas.

268 302 34 22 Hr
323 304 56 27 Aug.
401 304 35 21 Fr.
459 304 137 22 Granfelt:
628 304 76 22 Säsom
726 304 24 22 af
771 304 125 22 Utskottets
922 312 106 13 samman-

197 331 204 50 jomkningsförslag
415 332 66 22 redan
495 333 101 28 framgår,
611 334 39 21 har
665 333 113 22 Utskottet
792 336 71 18 ansett
878 332 37 22 det
928 340 51 14 vara
990 340 37 14 an-

206 360 81 28 ledning
309 363 32 19 att
364 361 79 21 föreslå
466 364 30 18 ett
518 362 161 28 förtydligande
700 362 81 21 derhän
797 365 32 18 att
844 361 184 28 undersökningar

198 388 70 22 skulle
283 389 38 21 ske
336 389 68 22 under
419 390 144 22 instundande
578 390 151 29 finansperiod,
745 390 28 22 då
788 391 74 27 anslag
877 390 71 21 härtill
961 390 66 21 redan

197 417 39 22 har
259 418 23 21 af
302 418 84 22 landets
408 418 93 22 Ständer
522 419 107 29 beviljats.
658 418 185 30 Finansperioden
865 419 41 21 blir
920 419 22 27 ju
957 418 70 22 denna

197 446 58 28 gång
270 446 47 28 fyra
333 446 29 27 år,
377 447 89 21 hvarför
480 455 48 13 man
544 448 42 21 kan
602 448 89 28 hoppas,
706 451 31 18 att
752 448 213 26 undersökningarna
975 448 52 28 möj-

197 474 59 28 ligen
272 475 70 21 kunna
358 476 88 26 utföras,
462 476 40 22 och
516 476 36 28 jag
568 477 69 21 skulle
657 476 73 22 derför
745 476 87 22 förorda
848 476 60 22 bifall
924 476 32 20 till
972 484 55 13 sam-

199 504 281 29 manjemkningsförslaget.

266 560 36 22 Då
317 561 150 22 diskussionen
483 562 87 22 härmed
586 562 124 27 afslutades,
733 562 161 21 öfverlemnade
910 562 34 21 Hr
962 562 64 22 Vice-

197 588 197 24 landtmarskalken
409 591 32 21 till
456 591 26 21 R.
498 598 18 14 o.
531 592 39 20 A:s
586 591 134 21 besvarande
735 590 96 29 följande

419 676 398 29 Omröstningsproposition:?

266 733 55 27 Den,
337 740 45 15 som
398 734 126 28 godkänner
539 734 124 21 Utskottets
679 734 298 28 sammanjemkningsförslag
993 734 30 20 uti

197 769 28 13 nu
241 762 163 28 ifrågavarande
419 762 41 26 del,
474 764 70 20 röstar
558 763 32 27 ja;

266 820 76 20 vinner
357 820 41 28 nej,
413 820 80 21 vidblir
508 820 91 22 Ståndet
614 820 38 22 sitt
667 820 58 21 förra
741 820 71 22 beslut
827 820 7 21 i
849 820 73 21 saken.

266 876 78 22 Denna
366 878 132 27 proposition
522 877 129 21 besvarades
671 877 49 21 med
743 876 161 29 öfvervägande
923 877 46 28 nej;
985 877 40 21 och

196 905 56 22 hade
267 905 26 22 R.
309 913 18 14 o.
343 906 27 21 A.
385 906 90 21 sålunda
490 906 65 21 äfven
571 907 6 20 i
593 906 103 21 afseende
712 906 13 21 &
740 906 124 22 Utskottets
880 906 57 21 kläm
948 905 28 29 pä
986 906 40 21 sid.

196 935 12 20 3
225 933 111 22 vidblifvit
351 935 38 20 sitt
404 935 90 28 tidigare
509 935 76 21 beslut.

265 991 53 21 Med
340 991 118 29 anledning
476 992 23 21 af
521 992 125 21 Utskottets
667 991 212 28 resolutionsförslag
901 991 28 28 på
952 991 39 21 sid.
1010 992 14 20 4

194 1019 86 28 yttrade

265 1076 34 21 Hr
313 1077 25 21 L.
354 1077 158 22 Mechelin:
542 1077 27 22 R.
584 1085 19 14 o.
618 1078 26 21 A.
660 1077 38 22 har
712 1077 37 22 vid
765 1077 100 22 ärendets
880 1077 91 28 tidigare
987 1077 37 21 be-

194 1105 106 28 handling
318 1105 77 22 endast
413 1106 109 21 eventuelt
536 1106 98 28 godkänt
648 1106 186 27 framställningen
849 1113 35 14 om
900 1109 31 18 att
946 1113 77 21 propo-

195 1134 65 21 sition
275 1134 91 21 rörande
382 1134 70 21 denna
468 1134 54 21 bana
537 1135 69 21 skulle
622 1135 32 20 till
670 1136 60 20 nästa
745 1134 104 27 landtdag
864 1133 80 22 aflätas.
968 1134 56 28 Möj-

194 1162 95 28 ligheten
312 1165 32 18 att
367 1163 97 26 bedöma,
492 1163 106 22 huruvida
616 1171 49 13 man
682 1163 64 28 begär
762 1166 32 18 ett
809 1163 79 28 skäligt
903 1163 57 20 antal
976 1170 48 21 pro-

194 1191 120 28 positioner
328 1191 24 21 af
368 1191 59 22 detta
442 1191 46 28 slag
504 1192 51 21 eller
570 1192 144 27 tilläfventyrs
726 1191 39 28 gär
775 1191 35 21 för
820 1191 60 28 längt
889 1191 135 26 härutinnan,

194 1219 45 21 stär
254 1220 7 20 i
277 1222 31 19 ett
323 1221 55 20 visst
392 1220 104 21 samband
511 1221 49 20 med
576 1220 97 21 besluten
688 1219 112 29 angäende
817 1220 72 25 banor,
900 1227 45 14 som
956 1219 68 22 under

194 1248 196 21 nästinstundande
405 1249 142 28 finansperiod
563 1249 69 21 skulle
647 1249 89 26 utföras,
744 1248 74 22 hvilka
829 1248 70 21 beslut
909 1250 56 19 ännu
976 1248 48 21 icke

193 1276 107 28 föreligga
323 1277 64 21 klara.
417 1277 75 22 Såsom
515 1277 135 22 Utskottet
641 1272 14 38 i
667 1278 37 20 sitt
723 1277 300 28 sammanjemkningsförslag

194 1304 39 22 sid.
255 1306 13 20 3
290 1307 67 26 säger,
378 1305 45 25 har,
437 1306 27 21 R.
486 1313 18 14 o.
527 1307 26 20 A.
577 1306 87 21 beslutit
686 1306 116 27 godkänna
822 1305 42 21 den
884 1305 58 21 förra
957 1305 67 21 kläm-

193 1340 49 15 men
266 1341 35 14 om
324 1334 161 28 undersökning
507 1334 112 27 definitivt,
634 1342 49 13 men
698 1334 81 21 lemnat
794 1334 43 21 den
852 1341 75 14 senare
942 1333 81 22 beträf-

193 1361 67 22 fande
284 1362 48 21 näd.
354 1370 60 21 prop.
438 1371 34 13 om
491 1363 113 28 byggande
619 1363 23 21 af
656 1363 118 28 jernvägen
790 1362 110 22 eventuelt
916 1362 107 21 beroende

193 1390 29 28 pä
244 1390 70 29 öfriga
336 1391 71 21 beslut
429 1392 6 20 i
458 1391 178 29 jernvägsfrägor.
665 1391 36 22 Nu
724 1394 50 19 veta
790 1391 22 21 vi
827 1391 48 21 icke
891 1392 63 25 ännu,
969 1391 55 21 huru

192 1418 28 22 de
246 1419 70 28 öfriga
338 1419 103 22 ständens
466 1418 68 23 beslut
549 1421 7 20 i
571 1419 203 29 jernvägsfrägorna
789 1419 63 22 ställa
867 1419 39 28 sig.
936 1419 87 21 Konse-

193 1454 97 21 gvensen
312 1448 70 21 skulle
404 1448 74 22 derför
498 1448 74 21 fordra
594 1451 32 18 att
645 1448 44 21 läta
704 1448 48 21 med
769 1448 130 28 pröfningen
915 1447 23 22 af
953 1447 71 22 denna

192 1476 71 27 punkt
278 1478 57 19 ännu
351 1476 57 22 bero.
437 1477 84 21 Härvid
536 1477 130 21 framställer
681 1477 33 28 sig
729 1477 65 21 osökt
804 1476 41 22 den
856 1476 168 27 invändningen,

192 1506 33 19 att
239 1504 133 29 landtdagen
386 1505 40 22 har
440 1505 25 22 sä
479 1505 59 28 långt
554 1508 121 25 avancerat,
691 1508 32 19 att
738 1505 42 22 alla
795 1505 97 28 uppskof
907 1505 51 21 böra
969 1504 55 21 und-
