1100 1792
386 118 158 34 Vattenrätten.
813 120 40 20 979

58 192 115 22 utskottets
194 192 162 28 framställning,
378 192 40 22 och
434 192 65 22 sedan
515 193 25 21 R.
556 200 19 14 o.
590 194 27 20 A.
632 193 71 21 härtill
719 193 107 29 samtyckt
841 192 41 22 och

56 222 65 28 ingen
144 222 23 21 af
189 220 102 23 Ståndets
313 221 138 21 medlemmar
471 221 95 22 önskade
588 222 73 21 derom
677 222 68 22 uttala
760 223 39 27 sig,
814 222 69 21 beslöt

56 250 26 21 R.
98 257 18 14 o.
132 250 26 21 A.
175 252 30 19 att
221 249 114 29 godkänna
350 250 178 22 Bankutskottets
544 250 126 22 förberörda
684 250 164 28 framställning.

395 381 153 23 Vattenrätten.

126 432 122 28 Föredrogs

126 489 191 29 Borgareständets
341 490 195 28 protokollsutdrag
558 490 23 21 af
604 490 41 22 den
669 492 27 20 28
720 490 97 22 sistlidne
832 490 51 28 Maj,

57 518 139 28 hvarigenom
211 518 182 28 Borgareständet
407 518 92 28 inbjudit
514 518 139 22 medständen
670 522 31 18 att
716 519 75 21 förena
806 519 32 28 sig
849 526 35 14 om

58 547 50 21 dess
124 547 70 21 beslut
210 547 132 21 beträffande
359 548 25 20 12
400 547 41 21 och
458 548 26 20 14
500 548 26 27 85
544 548 10 20 1
571 548 47 28 kap.
635 548 7 20 i
657 547 38 22 det
705 548 121 28 lagförslag,
837 555 46 13 som

57 576 32 21 till
105 575 119 29 antagande
240 576 105 21 förordats
361 576 31 20 uti
407 575 255 23 Vattenrättsutskottets
674 576 135 22 betänkande
819 576 42 21 N:o
871 576 11 20 1

58 605 7 20 i
87 604 115 28 anledning
224 604 23 21 af
269 604 47 21 näd.
338 612 59 21 prop.
412 604 42 22 N:o
471 606 11 20 1
498 612 34 14 om
548 604 121 28 antagande
685 605 23 21 af
723 605 35 28 lag
773 604 110 29 angäende

59 635 144 19 vattenrätten
220 632 45 31 (sid.
281 634 58 26 921);
355 633 41 21 och
412 634 5 20 i
434 634 153 28 sammanhang
602 634 88 21 dermed

132 690 250 22 Vattenrättsutskottets
402 690 6 20 i
430 690 116 28 anledning
562 690 22 22 af
599 690 142 22 förenämnda
757 690 127 29 inbjudning

60 718 83 29 afgifna
158 718 110 22 utlätande
283 718 46 28 (sid.
345 720 54 26 971).

127 776 58 21 Frih.
204 783 53 14 von
276 776 74 21 Born
370 776 98 21 anmäilde
484 777 32 28 sig
531 776 77 22 härvid
622 776 33 22 till
670 776 75 21 ordets
761 776 123 22 erhällande

60 804 41 22 och
119 804 93 29 yttrade:
242 804 43 22 Till
307 804 60 22 detta
386 812 27 13 nu
433 805 84 27 tryckta
532 805 110 21 utlätande
658 805 38 21 har
713 804 171 23 Vattenrättsut-

60 833 81 21 skottet
155 840 78 21 genom
248 833 72 21 arbete
336 834 6 20 i
358 832 42 28 dag
416 833 58 21 velat
488 834 51 27 foga
555 836 31 19 ett
601 834 72 20 utkast
683 833 32 21 till
727 833 41 21 den
779 833 105 22 särskilda

60 862 134 28 författning,
218 869 46 14 som
286 862 69 21 skulle
377 862 67 21 blifva
460 870 25 13 en
501 862 53 28 följd
570 862 23 21 af
609 862 59 21 bifall
684 862 32 21 till
731 862 154 28 Borgarestän-

59 890 48 22 dets
128 890 111 29 inbjudning
276 890 131 22 beträffande
422 891 12 28 &
451 892 26 20 14
493 891 6 21 i
514 890 198 29 vattenrättslagen.
742 890 44 22 Det
807 890 77 28 ansågs

60 919 94 28 Önskligt
176 922 32 18 att
230 919 23 22 få
275 919 58 21 detta
354 919 73 22 utkast
442 919 32 21 till
489 920 62 28 tryck
567 919 131 26 befordradt,
712 919 41 22 och
767 920 35 28 jag
818 919 66 22 erhöll

60 948 34 21 för
116 955 27 14 en
165 948 64 21 stund
252 948 66 21 sedan
341 947 155 22 underrättelse
517 956 33 13 om
566 951 32 18 att
612 956 49 13 man
677 948 91 21 klockan
785 950 12 19 8
813 947 72 22 kunde

60 976 80 22 erhälla
162 976 60 21 detta
243 976 121 25 dokument,
387 984 45 14 som
453 984 51 14 vore
520 977 23 21 af
558 979 54 19 stort
627 977 65 22 värde
708 977 33 21 för
757 977 127 28 pröfningen

60 1005 23 21 af
105 1005 191 28 Borgareständets
319 1005 133 28 inbjudning.
481 1005 42 28 Jag
545 1005 69 22 skulle
637 1005 72 22 derför
724 1005 109 22 vördsamt
848 1013 37 13 an-

60 1033 56 22 hällä
138 1041 34 14 om
196 1033 66 22 sädan
285 1033 89 28 ändring
396 1035 7 20 i
425 1033 291 29 föredragningsordningen,
737 1037 31 18 att
785 1034 100 28 möjligen

60 1063 66 28 nägra
142 1062 149 29 efterföljande
307 1062 93 21 ärenden
416 1062 72 22 kunde
504 1063 74 28 föregä
593 1063 180 28 föredragningen
785 1063 23 21 af
819 1062 65 26 detta,

61 1094 50 18 utan
132 1094 31 18 att
184 1091 77 21 sädant
281 1091 56 22 dock
353 1091 93 21 behöfde
461 1092 99 21 inkräkta
576 1091 28 29 pä
619 1091 118 28 ordningen
753 1091 89 22 emellan
858 1091 28 20 de

60 1119 79 28 nädiga
154 1121 185 27 propositionerna
353 1119 41 22 och
410 1120 148 28 petitionerna.

129 1176 11 21 I
155 1177 116 28 anledning
285 1177 23 21 af
323 1177 59 21 detta
396 1177 82 28 förslag
494 1177 68 22 beslöt
577 1177 26 22 R.
616 1185 18 14 o.
643 1178 27 21 A.
679 1177 27 29 pä
716 1177 33 22 Hr
757 1177 127 22 Landtmar-

61 1205 100 22 skalkens
177 1205 155 28 framställning
347 1208 32 19 att
393 1205 117 29 uppskjuta
524 1206 88 28 frägans
628 1206 130 28 behandling
773 1206 32 21 till
821 1205 66 28 nägot

60 1241 74 14 senare
151 1233 27 29 pä
193 1234 94 21 aftonen.

277 1337 110 28 Offentligt
402 1337 93 28 register
510 1337 62 23 öfver
586 1338 85 27 odöpta.

128 1394 122 29 Föredrogs

130 1451 172 22 Presteständets
323 1451 71 22 härtill
415 1451 119 29 bordlagda
551 1451 199 29 protokollsutdrag
765 1451 22 21 af
802 1451 42 21 den
859 1451 27 20 29

61 1480 97 21 sistlidne
181 1480 51 29 Maj,
250 1480 138 28 hvarigenom
404 1480 94 21 nämnda
513 1480 63 21 stånd
592 1480 93 28 inbjudit
700 1479 140 22 medständen
856 1481 32 19 att

61 1509 75 21 förena
157 1509 33 28 sig
205 1516 34 14 om
255 1508 48 22 dess
320 1509 70 21 beslut
404 1511 32 19 att
450 1509 94 21 utesluta
566 1511 6 19 2
588 1516 63 14 mom.
666 1509 7 20 i
689 1509 12 20 6
718 1509 12 27 $
747 1508 22 21 af
784 1508 40 21 den
840 1507 48 22 utaf
