1109 1748
233 81 42 22 874
473 89 25 17 R.
512 93 18 12 o.
543 89 26 17 A.
582 89 62 18 1900.
669 89 27 18 28
709 90 50 21 Maj.

203 155 66 22 hället
285 156 78 21 strukit
378 155 37 22 det
429 156 124 29 föreslagna
576 157 141 21 understödet
731 157 22 21 ät
768 156 157 28 Nyfilologiska
940 156 95 22 förenin-

202 191 48 21 gen.
280 183 34 22 De
329 184 155 29 förändringar,
499 193 47 14 som
562 185 115 22 Utskottet
698 186 61 28 gjort,
775 165 29 48 gå
818 186 6 20 i
840 185 115 21 allmänhet
970 185 6 21 i
992 186 42 21 den

202 212 102 29 riktning,
319 216 31 18 att
365 213 101 28 anslagen
481 213 34 22 för
531 214 164 29 vetenskapliga
716 213 98 22 ändamål
830 213 66 28 något
911 213 123 22 reducerats

202 241 33 21 till
250 241 84 22 förmån
350 242 34 21 för
399 242 81 28 anslag,
502 250 47 14 som
572 250 58 14 mera
653 243 71 21 direkt
739 242 100 22 befordra
854 242 180 28 folkbildningen.

202 269 13 22 I
229 269 65 22 dessa
308 270 57 21 tider
380 278 45 13 mer
439 273 26 19 än
482 279 77 13 annars
583 271 67 22 måste
673 279 49 14 man
737 272 22 27 ju
774 271 50 28 gilla
839 274 32 18 ett
886 271 69 28 dylikt
967 271 67 21 förfa-

202 299 109 27 ringssätt.
340 299 181 28 Folkbildningen
541 301 25 20 är
584 299 35 22 för
637 301 59 20 visso
710 301 7 20 i
734 300 65 21 behof
814 299 23 22 af
852 300 31 21 alt
897 299 83 29 möjligt
994 307 40 14 un-

203 327 94 21 derstöd.
327 327 52 22 Men
400 327 61 22 deraf
483 329 64 28 följer
569 329 48 21 icke
637 331 32 18 att
689 336 49 14 man
761 329 48 21 icke
824 328 144 28 tilläfventyrs
984 328 7 21 i
1006 335 27 14 en

203 355 52 22 eller
269 363 70 14 annan
352 357 69 28 punkt
436 357 38 21 har
492 357 87 21 förfarit
602 357 83 21 mindre
708 357 102 28 lämpligt.
840 357 66 21 Detta
922 363 62 15 anser
998 357 36 27 jag

202 391 52 14 vara
267 384 61 22 fallet
343 385 43 21 här.
416 385 49 22 Den
485 385 106 28 förening,
612 393 46 14 sem
674 388 23 19 är
712 387 6 20 i
735 385 66 28 fråga,
817 385 157 28 Nyfilologiska
989 384 45 22 för-

203 413 98 28 eningen,
317 415 22 19 är
355 414 136 21 uteslutande
513 414 105 21 hänvisad
634 414 33 21 till
683 422 26 13 en
724 415 83 28 ganska
822 413 36 29 låg
872 413 161 28 terminsafgift,

202 449 46 14 som
263 441 33 22 till
311 445 45 18 stor
371 442 34 21 del
424 442 61 29 åtgår
499 443 33 21 till
548 443 135 21 betäckande
699 443 22 21 af
736 443 92 28 löpande
839 443 95 28 utgifter.
956 442 78 21 Denna

201 471 106 27 förening,
322 478 45 14 som
383 471 38 21 har
436 471 31 22 till
483 471 100 22 ändamål
599 472 47 21 icke
663 472 54 21 blott
733 475 31 18 att
780 471 101 22 befordra
904 471 128 28 vetenskap-

201 499 44 28 liga
260 500 88 21 arbeten
364 499 27 29 på
406 500 188 28 språkstudiernas
610 500 93 27 område,
721 503 51 19 utan
788 500 65 21 äfven
869 503 32 18 att
915 500 74 21 arbeta
1005 499 27 29 på

201 528 134 22 förbättrade
357 529 96 21 metoder
473 529 35 21 för
529 529 183 28 undervisningen
731 530 7 20 i
753 529 65 29 språk
834 528 41 22 och
890 536 46 14 som
951 529 6 20 i
973 528 59 21 detta

201 556 104 22 afseende
321 559 88 19 uträttat
425 560 30 18 ett
470 558 54 28 godt
538 558 42 21 och
596 559 79 27 nyttigt
696 558 80 26 arbete,
792 557 96 28 utgifver
903 557 129 29 publikatio-

201 592 43 19 ner,
260 585 74 21 hvilka
349 586 66 21 hafva
431 587 76 20 vunnit
523 586 137 22 erkännande
681 586 59 22 såväl
758 587 57 21 inom
835 594 44 13 som
896 586 91 21 framför
1002 585 30 21 alt

201 616 58 19 utom
276 614 79 22 landet.
379 614 134 29 Föreningen
530 615 39 21 har
584 615 89 28 utgifvit
687 618 80 18 tvänne
783 615 96 28 volymer
894 614 23 22 af
932 617 47 18 rent
996 622 36 13 ve-

201 643 132 27 tenskapligt
348 643 99 27 innehåll,
463 644 42 21 den
521 651 41 13 ena
577 644 24 20 år
617 644 61 26 1893,
694 644 41 21 den
751 644 66 21 andra
833 643 67 21 under
912 650 119 14 sommaren

202 672 62 20 1897.
294 671 154 22 Kostnaderna
470 672 34 21 för
527 672 42 21 den
583 680 75 14 senare
674 672 161 28 publikationen
852 672 65 21 hafva
934 671 97 21 betäckts

200 707 78 20 genom
295 700 37 21 det
347 701 74 27 anslag
436 701 121 21 Ständerna
573 701 36 21 vid
627 702 54 21 1897
697 701 34 21 års
747 700 104 28 landtdag
866 700 106 28 beviljade
988 700 43 21 för-

202 729 98 27 eningen.
330 729 34 21 En
387 729 68 29 tredje
479 730 71 20 volym
570 731 23 19 är
615 730 69 21 under
699 729 146 22 förberedelse
861 728 40 22 och
917 730 24 20 är
955 728 77 22 afsedd

203 759 31 19 att
248 757 110 21 utkomma
374 758 6 20 i
396 758 29 26 år,
441 759 6 20 i
463 758 102 21 händelse
581 758 79 28 nödiga
676 758 69 22 medel
761 758 71 21 dertill
847 757 97 21 erhållas.
965 757 67 21 Dess-

199 788 60 18 utom
275 786 38 21 har
328 786 159 28 Nyfilologiska
507 787 128 27 föreningen
657 787 66 21 sedan
738 790 33 18 tre
786 788 101 20 terminer
902 786 88 28 utgifvit
1005 793 26 14 en

200 814 111 28 periodisk
327 815 140 28 publikation,
483 816 97 20 skrifven
596 816 28 28 på
639 816 133 20 främmande
787 815 65 28 språk
863 815 41 21 och
915 814 116 22 bestående

200 842 23 21 af
246 843 85 21 kortare
352 847 114 25 uppsatser
489 844 101 21 särskildt
615 844 90 21 afsedda
727 844 35 21 för
782 843 85 21 landets
892 843 139 28 språklärare.

199 871 78 22 Denna
295 872 134 28 publikation
453 873 41 21 kan
510 872 108 29 knappast
633 873 116 26 fortsättas,
770 874 2 20 i
787 872 102 21 händelse
904 872 126 27 föreningen

201 900 73 21 blefve
290 900 105 22 hänvisad
411 901 137 22 uteslutande
565 902 32 20 till
612 902 212 27 terminsafgifterna.

269 929 44 21 Det
328 931 23 20 är
365 930 21 28 ju
403 930 70 21 odiöst
489 933 31 18 att
535 931 91 21 anställa
642 930 133 29 jemförelser
791 929 90 22 emellan
897 929 57 21 olika
970 929 60 21 arbe-

199 960 42 22 ten,
267 965 46 14 som
336 958 99 29 utgifvits
451 960 6 20 i
474 959 160 28 vetenskapligt
657 959 62 28 syfte,
742 966 48 14 men
812 958 27 21 då
855 958 26 21 de
897 958 133 28 geografiska

199 987 120 21 intressena
341 987 66 21 redan
430 990 37 19 äro
487 988 91 27 rikligen
594 988 157 28 tillgodosedda
767 994 77 21 genom
860 987 38 21 det
908 986 122 28 föreslagna

198 1014 140 29 välförtjenta
353 1016 98 28 anslaget
470 1016 22 21 åt
513 1016 123 28 Sällskapet
652 1016 34 21 för
700 1016 105 21 Finlands
820 1015 100 29 geografi,
936 1015 24 21 så
974 1014 56 22 hade

199 1043 36 21 det
251 1047 60 25 synts
327 1045 44 27 mig
387 1044 102 28 billigare,
513 1052 34 14 om
569 1044 156 29 Nyfilologiska
747 1045 126 27 föreningen
897 1044 48 21 icke
960 1043 70 22 allena

198 1072 69 21 skulle
291 1072 66 22 hafva
372 1073 102 21 drabbats
490 1074 23 20 af
528 1073 42 21 den
585 1074 121 26 reduktion,
729 1081 46 13 som
796 1072 112 22 Utskottet
924 1072 105 21 verkstält

197 1100 33 21 till
246 1100 85 22 förmån
347 1102 34 20 för
396 1102 180 27 folkbildningen.
606 1102 44 21 Det
673 1102 55 21 hade
751 1101 105 21 förefallit
873 1102 44 26 mig
934 1100 95 28 billigare

197 1131 32 19 att
244 1129 127 29 förslagsvis
395 1130 22 21 åt
440 1130 141 28 Geografiska
605 1130 127 28 föreningen
755 1130 70 21 skulle
845 1129 66 21 hafva
926 1129 102 27 anslagits

199 1158 61 26 1,000
276 1158 61 21 mark
353 1159 40 21 och
409 1159 22 21 ät
446 1159 157 28 Nyfilologiskä
625 1159 126 28 föreningen
775 1159 61 27 1,000
852 1158 65 21 mark.
948 1157 43 21 Det
1006 1159 24 19 är

197 1186 71 21 denna
284 1187 65 21 tanke
364 1188 35 27 jag
415 1188 39 20 här
469 1188 50 20 ville
541 1190 94 26 upptaga
651 1188 41 21 och
707 1188 67 27 vägar
788 1188 36 27 jag
839 1187 58 27 förty
912 1186 117 26 hemställa,

197 1214 107 22 huruvida
327 1216 48 21 icke
398 1216 147 21 betänkandet
566 1216 72 21 kunde
659 1216 166 21 äterremitteras
847 1216 7 20 i
877 1215 58 28 syfte
958 1218 31 18 att
1006 1215 23 21 ät

197 1243 142 28 Geografiska
354 1244 127 28 föreningen
497 1244 40 22 och
551 1245 158 27 Nyfilologiska
729 1244 127 28 föreningen
871 1243 70 21 skulle
957 1243 71 21 anslås

198 1272 61 26 1,000
276 1272 59 21 mark
351 1273 35 21 för
398 1273 111 21 hvardera.

266 1328 34 22 Hr
322 1330 56 28 Aug.
401 1330 126 28 Ramsay:
557 1330 42 28 Jag
615 1330 38 21 ber
668 1332 31 19 att
714 1330 23 21 få
752 1328 132 22 understöda
899 1329 35 21 Hr
948 1328 80 22 Linde-

195 1356 44 22 löfs
254 1357 87 29 förslag,
357 1359 102 21 särskildt
482 1358 48 22 med
549 1358 86 28 hänsigt
651 1358 76 28 dertill,
743 1361 32 18 att
791 1358 122 27 Sällskapet
928 1357 34 21 för
976 1357 52 21 Fin-

195 1385 63 22 lands
274 1387 100 27 geografi,
395 1395 46 14 som
457 1387 42 21 fått
515 1390 30 19 ett
561 1387 50 21 fullt
627 1387 130 28 berättigadt
773 1386 82 28 anslag,
870 1389 158 25 representerar

196 1414 27 21 de
238 1416 135 27 geografiska
389 1417 123 26 intressena,
528 1416 73 21 hvilka
613 1416 90 21 sålunda
715 1415 72 22 blifvit
797 1414 165 28 tillgodosedda.
984 1414 44 21 Om

196 1450 27 13 en
237 1443 115 22 reduktion
376 1445 55 20 skall
450 1446 68 26 göras,
540 1452 64 20 synes
620 1444 37 21 det
672 1445 43 27 mig
731 1447 32 18 att
779 1443 139 28 Geografiska
935 1443 93 20 förenin-

195 1479 48 20 gen,
259 1472 64 22 hvars
339 1473 74 28 anslag
429 1475 22 19 är
468 1476 103 25 upptaget
585 1474 7 20 i
610 1473 122 22 Utskottets
748 1473 81 27 förslag
844 1472 32 21 till
889 1472 62 25 2,000
962 1471 66 26 mark,
