1098 1756
246 127 42 21 908
486 134 25 17 R.
525 139 17 12 o.
555 132 25 19 A.
593 134 62 17 1900.
678 134 28 17 28
718 134 50 21 Maj.

286 201 63 21 Efter
363 201 37 22 det
416 201 192 29 öfverläggningen
623 202 88 21 härmed
728 202 113 21 förklarats
857 201 99 27 afslutad,
972 202 71 21 öfver-

216 229 110 22 lemnades
341 230 33 21 till
390 230 26 22 R.
431 238 19 14 o.
466 231 38 21 A:s
521 230 133 22 besvarande
670 231 56 21 efter
740 230 120 22 hvarandra
874 230 93 29 följande

432 293 401 29 Omröstningspropositioner:

280 337 47 33 Tio)
357 344 41 26 De,
413 344 74 22 hvilka
501 347 77 26 genast
593 345 51 28 vilja
659 345 98 28 företaga
772 345 33 21 till
820 345 116 28 afgörande
951 344 93 22 Utskot-

216 375 43 19 tets
275 373 81 28 förslag
372 373 132 22 beträffande
523 373 84 29 Nyslott
622 369 229 37 --Elisenvaarabanan,
868 375 57 20 rösta
940 374 29 28 ja;

286 430 79 21 vinner
387 431 42 28 nej,
450 430 129 29 bordlägges
602 431 76 28 frägan
702 431 72 21 derom
798 431 31 21 till
849 430 49 22 dess
914 431 80 21 erfaras
1010 430 35 22 fär

217 457 88 22 hvilken
326 458 81 29 utgäng
422 459 42 21 den
480 459 32 21 till
529 459 86 22 Preste-
631 459 40 22 och
686 459 167 22 Bondeständen
869 459 75 28 gjorda
959 459 85 29 inbjud-

217 487 78 28 ningen
313 487 133 22 beträffande
461 487 369 29 Seinäjoki—Kristinestadsbanan
846 488 91 26 erhållit;

286 544 88 22 hvilken
390 546 134 28 proposition
540 545 129 22 besvarades
686 545 49 22 med
750 545 160 28 öfvervägande
924 546 26 28 ja.

287 603 40 23 2:0)
357 602 41 27 De,
414 602 74 22 hvilka
503 603 32 20 till
552 603 209 28 kontraproposition
774 606 43 17 mot
828 602 124 22 Utskottets
963 602 82 28 förslag

216 633 79 25 antaga
310 630 35 21 Hr
359 631 121 21 Mechelins
495 631 86 28 förslag,
597 633 58 20 rösta
669 632 31 28 ja;

287 688 76 21 vinner
374 690 40 26 nej,
426 694 87 23 antages
524 689 32 21 till
568 689 210 28 kontraproposition
788 688 58 22 Frih.
856 688 91 22 Wredes
957 688 88 28 förslag.

287 745 78 21 Denna
380 746 133 28 proposition
529 746 129 21 besvarades
675 746 37 21 vid
728 746 72 21 derom
816 746 83 21 anstäld
916 746 70 20 sluten
999 753 46 13 om-

218 774 99 28 röstning
331 774 49 21 med
395 776 28 20 43
440 775 20 28 ja
476 774 40 22 och
532 776 27 20 34
575 775 40 28 nej.

288 832 40 20 3:0.
359 831 40 27 De,
422 831 73 22 hvilka
512 831 115 29 godkänna
643 832 123 22 Utskottets
782 831 262 28 sammanjemkningsför-

219 859 47 28 slag
282 860 131 21 beträffande
429 860 258 28 Nyslott
532 855 11 41 —
549 860 138 28 Elisenvaara
703 860 77 32 banan,
795 862 57 19 rösta
867 860 31 28 ja;

289 917 76 20 vinner
385 918 43 27 nej,
442 917 38 21 har
495 917 26 21 R.
536 925 19 14 o.
569 918 27 20 A.
611 917 101 21 omfattat
727 918 34 20 Hr
775 917 121 21 Mechelins
911 916 87 28 förslag,
1013 919 32 18 att

218 944 72 21 denna
316 945 55 21 bana
394 946 70 21 skulle
478 949 107 25 upptagas
600 948 28 26 pä
643 949 144 25 programmet
801 946 35 20 för
848 945 72 21 vidare
935 946 110 27 jernvägs-

221 972 125 32 byggnader
361 974 48 21 med
426 977 31 18 ett
472 975 75 27 anslag
562 974 23 22 af
599 974 76 22 endast
690 982 26 14 en
732 974 71 27 miljon
819 974 65 21 mark.

289 1030 34 22 Då
339 1031 71 21 denna
420 1032 133 28 proposition
564 1031 128 22 besvarades
704 1031 48 21 med
765 1030 159 28 öfvervägande
937 1031 40 28 nej,
990 1030 55 22 hade

219 1058 26 22 R.
261 1066 19 14 0.
296 1060 26 20 A.
339 1059 89 22 beslutit
442 1063 32 18 att
493 1060 84 28 Nyslott
594 1060 152 21 -Elisenvaara
762 1060 69 20 banan
845 1060 65 20 borde
920 1059 35 21 för
965 1060 81 20 nästin-

219 1087 123 22 stundande
366 1088 143 29 finansperiod
528 1091 105 26 upptagas
651 1088 28 29 pä
695 1091 143 26 programmet
852 1088 36 20 för
902 1088 73 21 vidare
990 1088 56 28 jern-

219 1116 186 28 vägsbyggnader,
421 1117 56 21 dock
493 1117 76 21 endast
584 1117 48 21 med
648 1120 31 18 ett
694 1117 75 28 anslag
784 1116 22 22 af
822 1124 26 14 en
864 1116 72 28 miljon
952 1116 65 22 mark.

289 1172 47 22 Vid
359 1174 77 21 sädant
458 1174 134 21 förhällande
608 1174 91 28 ansägos
716 1174 58 21 2:dra
790 1173 41 21 och
846 1173 56 29 3:dje
916 1173 130 21 klämmarne

220 1200 29 29 pä
264 1201 39 21 sid.
318 1203 14 19 4
347 1202 49 21 icke
411 1210 29 13 nu
456 1202 111 22 föranleda
582 1203 32 21 till
629 1202 74 22 vidare
718 1202 81 28 ätgärd.

289 1253 104 22 Deremot
414 1254 126 28 godkändes
563 1254 123 22 Utskottets
704 1253 210 28 resolutionsförslag
930 1252 27 29 pä
972 1253 40 22 sid.
1029 1254 18 20 5.

484 1351 137 23 Hästafvelns
637 1351 152 29 befrämjande.

289 1402 41 21 Till
348 1402 92 29 förnyad
456 1403 131 28 behandling
602 1403 95 28 företogs

289 1453 227 22 Ekonomiutskottets
539 1454 135 22 betänkande
697 1454 43 21 N:o
763 1455 25 20 13
812 1455 7 20 i
842 1453 115 28 anledning
980 1453 23 20 af
1018 1455 31 18 ett

220 1482 59 21 inom
304 1482 164 22 Bondeständet
496 1483 118 21 inlemnadt
636 1483 188 28 petitionsförslag,
847 1481 113 29 äsyftande
982 1481 67 28 högre

220 1511 131 28 statsanslag
366 1511 33 21 till
415 1511 133 22 hästafvelns
564 1511 152 28 befrämjande.
