1109 1792
239 116 42 21 990
482 124 24 16 R.
520 128 17 12 0.
549 124 26 16 A.
588 124 62 24 1900.
675 124 10 16 1
696 124 58 16 Juni.

207 189 130 22 åtminstone
353 190 30 21 alt
397 190 42 25 det,
455 198 45 14 som
515 191 72 28 gifver
603 191 181 29 nyttjanderätten
800 190 72 22 värde.
895 190 78 22 Denna
992 199 45 14 om-

207 214 123 58 ständighet
352 227 62 13 anser
435 220 35 28 jag
493 227 50 14 vara
567 220 90 28 förtjent
671 223 32 18 att
717 223 61 25 tagas
794 220 6 20 i
818 219 146 22 betraktande.

298 247 41 21 den
348 248 65 21 andra
425 248 95 28 punkten
531 250 64 26 säger
607 251 144 23 reservanten,
762 251 31 18 att
803 248 132 21 inrättandet
945 248 23 21 af
978 248 58 22 fred-

207 276 166 27 ningsomräden
399 277 72 21 ställer
493 278 34 27 sig
549 277 55 29 dyrt,
620 279 52 19 enär
687 277 26 21 de
730 277 59 21 bästa
805 276 144 22 fiskeställena
964 276 74 22 derför

207 307 61 25 tagas
284 305 5 20 i
301 305 98 25 anspräk.
414 305 69 21 Detta
498 306 41 21 kan
555 306 23 27 ju
594 306 47 21 icke
657 306 111 21 bestridas.
793 305 32 22 Ur
840 305 70 21 denna
927 306 109 28 synpunkt

206 332 39 22 har
258 332 111 22 Utskottet
384 334 100 27 företagit
499 342 27 13 en
539 334 48 22 icke
600 335 60 27 ringa
671 334 137 28 nedsättning
818 334 23 21 af
853 334 183 28 fredningsomrä-

207 361 132 28 desarealen,
355 362 40 22 och
411 363 68 21 skulle
494 363 27 21 R.
531 370 18 14 o.
561 363 26 21 A.
598 364 6 20 i
615 363 68 21 likhet
693 362 48 22 med
753 362 65 28 något
828 366 65 18 annat
905 362 63 22 stånd
979 362 57 22 finna

207 390 116 28 anledning
344 394 32 18 att
391 391 44 21 helt
457 391 41 21 och
520 391 67 21 hållet
605 392 97 28 utstryka
722 391 157 21 minimisifiran
895 391 35 21 för
944 391 92 26 arealen,

207 418 55 22 skall
277 420 36 27 jag
327 419 34 21 för
377 420 42 21 min
435 420 34 21 del
484 420 48 22 icke
556 420 56 21 finna
632 420 66 28 något
712 420 77 21 hinder
804 419 102 22 häremot.
936 420 11 21 I
961 420 74 21 hvarje

206 447 103 22 händelse
325 448 38 21 bör
379 448 103 28 dyrheten
498 449 137 27 naturligtvis
648 449 137 28 kompareras
800 448 49 22 med
865 448 42 22 den
923 448 111 22 blifvande

207 479 81 25 nyttan.
318 476 12 21 I
346 477 152 29 sammanhang
513 477 88 21 dermed
617 478 37 20 ber
668 478 35 28 jag
719 477 23 21 få
751 478 57 20 fästa
819 477 214 29 uppmärksamheten

206 504 29 29 på
250 504 41 22 den
307 505 69 28 fjerde
393 506 100 28 punkten,
505 506 38 21 der
558 509 138 18 reservanten
712 507 109 27 uttrycker
837 507 32 27 sig
880 506 33 21 så:
927 506 40 21 »då
977 506 58 21 fred-

207 534 179 27 ningsområdena
408 536 92 20 närmast
523 535 85 21 komma
624 538 32 18 att
671 535 97 21 medföra
791 537 60 26 nytta
866 534 23 22 åt
904 542 91 20 egarena
1011 535 24 21 af

207 561 26 22 de
249 562 149 28 angränsande
414 566 109 18 vattnen».
553 563 34 21 De
603 564 61 20 flesta
680 563 23 21 af
718 564 27 20 de
761 563 130 28 föregående
907 563 64 21 ärade
981 563 54 21 tala-

207 598 50 14 rene
273 590 65 22 hafva
354 592 49 20 sökt
418 592 48 21 stöd
482 593 6 20 i
505 592 59 21 detta
587 592 92 28 uttryck.
709 592 47 27 Mig
778 592 111 21 förefaller
911 592 59 21 detta
985 592 48 20 stöd

207 619 87 28 mycket
309 620 112 28 svigtande
436 620 41 22 och
492 621 110 28 uttrycket
613 620 94 22 dunkelt.
739 621 42 21 Om
791 623 139 19 reservanten
942 628 25 14 en
978 620 56 28 gång

207 648 110 26 erkänner,
339 652 30 17 att
393 648 211 29 iredningsomrädet
627 649 95 21 kommer
745 652 31 18 att
797 649 96 21 medföra
909 652 66 26 nytta,
990 649 45 21 står

207 676 60 21 detta
289 677 34 21 för
346 677 37 21 det
404 678 67 21 första
487 680 5 19 i
509 678 53 21 strid
586 678 49 21 med
657 678 57 21 hvad
730 683 136 16 reservanten
883 680 62 26 säger
959 677 28 29 på
1002 678 32 20 åt-

207 705 88 28 skilliga
317 706 67 20 andra
407 706 82 26 ställen,
509 714 48 14 men
573 708 101 20 stämmer
689 707 35 21 väl
740 707 100 21 öfverens
856 706 49 22 med
921 706 56 22 hvad
994 706 41 22 Ut-

207 733 82 22 skottet
304 734 88 28 hoppas.
423 735 42 21 Om
481 743 27 13 nu
524 736 71 27 nägon
611 738 61 25 nytta
687 735 95 21 kommer
797 738 31 18 att
839 735 115 28 medföras,
964 737 24 19 är
998 735 37 21 det

207 762 35 21 väl
265 770 25 13 en
315 762 78 22 dubbel
416 764 83 20 förmån
523 767 31 17 att
577 764 69 21 denna
671 767 58 25 nytta
745 764 108 21 medföres
869 764 22 21 åt
906 771 90 21 egarene
1012 764 22 21 af

209 790 39 22 >de
264 792 147 27 angränsande
427 796 107 18 vattnen>.
565 792 33 29 Ty
620 792 123 28 derigenom
759 792 54 22 skall
829 792 62 22 deras
906 793 90 20 intresse
1012 792 23 21 af

207 819 210 29 fredningsomrädet
433 821 67 21 blifva
515 823 75 24 större,
598 821 40 21 och
647 821 38 21 det
692 823 23 19 är
722 822 43 28 just
773 821 32 21 dit
815 828 48 14 man
875 821 59 21 velat
944 821 89 21 komma.

207 848 44 20 Det
275 850 22 19 är
318 849 21 28 ju
362 849 87 21 alldeles
472 850 79 28 riktigt,
573 853 32 17 att
625 857 90 21 egarene
738 849 23 22 af
776 849 147 28 angränsande
940 852 71 19 vatten
1028 850 6 20 i

207 876 90 22 främsta
313 881 92 17 rummet
419 878 60 21 skola
495 878 66 28 draga
576 882 60 25 nytta
652 878 23 21 af
689 878 27 21 de
731 878 106 21 inrättade
853 878 181 28 fredningsomrä-

207 905 62 26 dena,
285 906 65 21 ehuru
375 909 93 19 vattnets
492 907 149 21 beskaffenhet
655 907 41 22 och
711 907 78 21 fiskens
809 907 102 28 rörlighet
925 907 47 22 icke
988 910 46 18 ute-

206 934 67 21 sluter
289 935 136 28 möjligheten
441 939 32 18 att
488 943 62 21 egare
567 936 22 21 af
603 936 156 28 jemförelsevis
775 935 94 28 aflägsna
885 939 72 18 vatten
968 935 65 21 äfven

206 962 66 28 draga
295 966 66 25 nytta.
391 963 52 22 Men
466 965 75 20 tänker
563 972 48 13 man
635 965 33 27 sig
690 964 214 28 fredningsområden
927 964 28 28 på
976 964 58 21 olika

206 991 93 28 punkter
314 992 23 21 af
352 995 31 18 ett
398 993 133 28 vattendrag,
553 993 25 21 så
601 993 41 21 blir
657 993 37 21 det
709 996 30 18 ett
754 993 185 28 qvasisolidariskt
954 992 80 21 förhål-

206 1019 70 27 lande,
292 1020 83 22 hvilket
397 1021 95 21 kommer
507 1025 31 18 att
553 1021 64 22 lända
640 1021 41 22 alla
696 1021 31 21 till
743 1024 66 26 nytta.
838 1021 42 28 Jag
895 1025 44 18 tror
954 1024 32 18 att
1000 1028 33 14 re-

205 1052 114 18 servanten
343 1049 48 21 icke
413 1054 71 17 menat
504 1050 26 21 de
546 1052 95 19 närmast
663 1050 154 27 angränsande,
831 1053 51 18 utan
898 1051 92 20 tvärtom
1006 1049 27 22 de

205 1077 118 28 aflägsnare
346 1081 94 18 vattnen.
471 1078 34 21 Då
527 1079 69 21 skulle
619 1079 37 21 det
678 1079 48 21 från
749 1079 52 21 hans
817 1078 134 29 ståndpunkt
967 1078 66 21 blifva

204 1105 59 28 logik
279 1107 6 20 i
301 1105 64 22 detta.

274 1135 10 20 I
299 1135 68 28 tredje
383 1135 95 28 punkten
494 1138 39 26 gör
547 1139 140 18 reservanten
702 1135 165 28 anmärkningar
877 1138 57 19 emot
945 1135 88 22 kostna-

204 1162 41 21 den
261 1163 35 21 för
311 1163 238 28 fredningsområdenas
565 1165 68 27 årliga
648 1164 111 29 utpålning
775 1164 40 21 och
829 1164 127 27 bevakning.
980 1164 51 21 Men

203 1191 59 21 hvad
279 1191 139 29 utpälningen
435 1192 138 22 beträffar-är
589 1193 36 21 det
641 1193 168 27 otvifvelaktigt,
825 1195 32 18 att
873 1200 47 13 man
936 1193 6 20 i
954 1192 77 28 många

204 1219 37 22 fall
265 1220 54 21 skall
342 1221 73 21 kunna
430 1221 143 28 tillgodogöra
588 1223 33 26 sig
637 1221 104 28 naturliga
756 1223 93 26 gränser.
879 1221 45 21 Det
939 1221 93 28 framgår

203 1248 24 21 af
242 1229 268 48 fredningsområdesidén,
525 1253 32 18 att
572 1249 63 22 dessa
649 1250 101 21 områden
762 1251 7 20 i
780 1249 27 22 de
822 1249 61 22 flesta
898 1249 38 22 fall
948 1249 84 22 komma

203 1279 32 18 att
257 1277 108 28 förläggas
383 1279 32 20 till
433 1279 106 27 grundare
560 1279 83 26 ställen,
658 1278 40 22 och
713 1279 7 20 i
733 1278 133 22 vidsträckta
882 1278 59 21 delar
955 1277 23 22 af
994 1278 38 21 vår

203 1305 103 28 skärgård
322 1306 43 21 kan
381 1314 50 14 man
447 1306 28 29 på
489 1307 82 21 sådana
586 1307 76 21 ställen
678 1307 142 28 tillgodogöra
831 1307 33 28 sig
876 1307 57 21 fasta
944 1307 86 20 märken

203 1335 6 20 i
225 1334 56 21 form
297 1334 24 21 af
336 1338 71 18 stenar
422 1335 101 22 ofvanom
539 1339 85 18 vattnet
639 1335 40 22 och
694 1335 67 22 andra
775 1335 102 28 lämpliga
891 1335 96 21 föremål.

272 1363 49 20 Den
344 1363 66 22 femte
426 1364 94 29 punkten
540 1364 123 25 innehåller,
679 1367 32 18 att
729 1364 86 26 antalet,
830 1363 79 22 vidden
926 1363 41 22 och
986 1364 45 27 pla-

202 1391 103 21 cerandet
323 1392 22 21 af
367 1392 228 28 fredningsområdena
617 1395 36 19 äro
670 1393 107 21 beroende
793 1393 28 28 på
835 1392 114 28 godtycke.
979 1392 51 21 Del-

203 1420 32 21 vis
257 1419 43 22 kan
323 1428 48 13 man
394 1423 51 26 säga
469 1421 28 28 på
518 1421 115 28 godtycke,
648 1429 48 13 men
712 1421 69 21 delvis
797 1421 64 21 äfven
877 1421 28 28 på
921 1420 110 22 öfverens-

202 1448 123 22 kommelse.
361 1449 13 21 I
398 1450 72 21 stället
491 1449 34 22 för
547 1450 59 21 detta
629 1449 119 22 inrättande
771 1449 24 22 af
816 1448 214 29 fredningsområden

201 1476 92 22 föreslår
312 1481 138 19 reservanten
473 1479 156 21 fiskstammens
649 1477 126 29 skyddande
792 1485 77 21 genom
885 1477 145 28 hvarjehanda

201 1505 151 29 anordningar,
367 1514 46 14 som
437 1515 50 14 vore
510 1507 81 21 mindre
614 1507 123 21 kränkande
761 1507 41 21 och
825 1506 153 29 motbjudande
996 1505 34 22 för
