1106 1789
396 110 156 35 Vattenrätten.
807 112 54 21 1009

62 188 43 20 rätt
120 187 33 21 till
169 187 67 27 lösen,
254 187 3 20 i
273 186 102 21 händelse
398 186 47 27 han,
461 187 65 20 innan
547 187 62 27 lagen
631 186 153 29 promulgeras,
800 186 91 21 ansöker

63 223 34 14 om
119 215 104 26 tillstånd,
246 215 41 21 och
309 215 120 21 tillståndet
441 215 66 21 sedan
530 215 75 21 varder
627 215 110 28 beviljadt.
767 215 44 21 Det
826 217 23 19 är
864 222 27 14 en

65 243 167 29 omständighet,
255 251 45 14 som
324 243 161 28 otvifvelaktigt
507 243 68 22 skulle
597 243 67 22 hafva
679 243 70 28 ingått
763 244 8 21 i
785 243 106 28 Borgare-

63 272 98 22 ståndets
184 271 133 30 inbjudning,
340 279 34 14 om
398 272 154 28 inbjudningen
575 271 56 22 hade
653 272 53 28 bygt
728 272 28 28 på
779 279 26 14 en
820 271 71 28 färdig

63 301 147 28 formulering.
240 300 74 29 Enligt
329 300 37 21 det
380 301 73 20 utkast
467 301 33 20 till
516 300 98 22 eventuel
636 300 141 29 formulering
791 300 23 22 af
830 301 25 20 12
872 301 19 26 $,

64 337 46 14 som
126 329 246 22 Vattenrättsutskottet
394 332 70 18 ansett
486 330 33 27 sig
541 329 96 28 skyldigt
659 331 32 19 att
709 331 96 26 uppgöra
820 329 71 21 såsom

64 358 104 28 underlag
191 358 35 21 för
248 357 156 27 diskussionen,
426 361 50 18 utan
499 361 32 18 att
555 358 37 21 det
615 357 56 22 dock
694 357 93 22 behöfde
805 358 86 21 anses
880 353 15 37 i

66 387 74 28 hvarje
163 386 38 22 ord
225 386 115 27 bindande,
355 386 68 21 skulle
440 387 26 20 12
482 387 13 27 8
510 386 48 22 med
574 387 47 20 sina
636 386 92 28 tidigare
743 394 39 13 sex
797 388 94 19 moment

64 415 82 22 kanske
162 416 72 20 kunna
249 415 113 21 reduceras
377 415 32 21 till
425 418 30 18 ett
471 415 55 21 enda
541 415 23 21 af
578 415 91 28 ungefär
687 415 95 28 följande
798 415 92 28 lydelse:

133 443 83 22 Tillhör
231 445 6 20 i
254 443 26 28 by
296 443 101 22 stranden
408 443 189 22 utmed'strömfall
608 451 27 14 en
648 443 40 22 och
701 444 128 21 strömfallet
839 443 52 22 eller

65 472 65 21 andel
144 473 45 20 deri
206 479 75 19 annan,
297 472 41 21 och
353 472 39 21 har
406 472 112 21 strandens
534 480 63 20 egare
612 472 138 21 härförinnan
767 473 100 27 antingen
883 472 8 21 i

66 501 88 28 behörig
178 501 109 28 ordning
277 496 12 37 i
303 501 61 21 fallet
387 501 72 28 anlagt
481 501 126 21 vattenverk
634 501 51 21 eller
707 501 78 21 ansökt
799 508 34 14 om
848 500 43 21 till-

64 529 64 22 stånd
152 529 77 26 dertill,
251 537 44 13 som
319 529 77 22 varder
417 529 108 28 beviljadt,
547 529 64 22 hafve
627 531 42 19 rätt
684 532 31 18 att
730 530 31 21 till
777 529 114 22 säkerstäl-

64 558 64 21 lande
144 559 22 20 af
182 558 42 21 den
239 558 34 21 för
288 558 75 21 verket
378 559 7 20 i
400 558 92 28 anspräk
508 561 65 25 tagna
588 558 103 21 drifkraft
705 558 46 21 lösa
763 558 128 21 strömfallet

64 587 53 21 eller
132 587 56 21 hvad
206 587 44 20 deri
266 587 13 20 ä
294 587 52 21 hans
362 587 40 20 lott
417 588 32 27 sig
465 588 18 27 ej
500 587 92 28 belöper,
609 590 57 18 emot
688 587 101 28 vederlag
804 588 7 20 i
826 589 65 19 annat

65 615 74 28 lägligt
154 615 87 22 omräde
256 615 51 21 eller
322 616 118 27 penningar
455 616 52 21 eller
523 617 6 19 i
547 615 73 28 bägge.

134 644 42 28 Jag
191 643 95 22 anhåller
301 647 31 18 att
348 644 22 21 få
385 644 56 21 fästa
456 644 216 29 uppmärksamheten
688 644 37 21 vid
741 647 31 18 ett
787 644 29 21 fel
832 644 5 21 i
854 643 37 22 det

64 672 179 29 hektograferade
266 673 136 28 exemplaret.
433 673 45 20 Der
493 673 53 21 står:
564 673 26 20 »ä
605 673 52 20 hans
673 673 41 20 lott
729 673 32 28 sig
776 673 114 28 belöper»
877 668 16 37 ;

64 702 55 21 skall
136 709 50 14 vara
203 702 31 27 »ej
251 701 107 28 belöpers.
386 701 42 28 Jag
443 709 62 13 anser
521 701 54 27 icke,
590 704 32 18 att
637 701 26 21 R.
678 709 19 14 o.
711 701 26 22 A.
747 709 29 13 nu
787 701 104 21 behöfver

64 730 115 28 godkänna
195 729 70 28 nägon
279 730 144 28 formulering.
438 743 28 2 —
481 730 45 21 Det
539 731 23 20 är
577 730 76 21 endast
669 737 25 14 en
710 730 130 29 upplysning
855 730 36 27 jag

64 759 51 20 ville
131 758 104 21 meddela.
264 758 52 21 Med
338 766 81 14 samma
441 759 138 26 reservation,
599 766 46 13 som
661 758 58 21 Frih.
736 758 78 22 Wrede
829 759 62 27 gjort,

64 787 52 21 eller
131 790 37 23 att,
184 795 35 13 om
234 787 26 21 R.
276 794 18 14 o.
309 787 26 21 A.
347 787 68 21 skulle
426 787 75 21 bifalla
510 787 32 21 till
553 787 194 28 Borgareständets
758 787 133 28 inbjudning,

64 815 60 22 detta
140 815 65 22 mätte
221 815 107 22 betraktas
344 817 69 20 säsom
430 819 31 18 ett
473 816 109 21 eventuelt
598 816 75 25 beslut,
689 816 23 21 sä
723 818 37 23 att,
774 817 3 20 i
789 815 102 22 händelse

64 844 198 29 ständerpluralitet
277 844 27 28 pä
320 844 70 21 denna
407 844 36 21 bas
459 844 48 21 icke
523 844 90 29 uppnäs,
628 844 26 21 R.
665 852 18 13 o.
691 845 39 20 A:s
741 844 150 29 ursprungliga

66 873 70 21 beslut
156 873 66 20 måtte
245 880 62 13 anses
330 880 52 14 vara
403 873 154 25 beständande,
572 873 69 21 skulle
656 873 35 28 jag
706 873 35 21 för
755 874 43 20 min
814 872 35 21 del
865 873 26 20 be

64 901 44 21 helt
124 903 66 26 öppet
204 901 42 22 och
261 901 71 21 enkelt
347 901 23 21 fä
386 901 106 28 tillstyrka
507 901 62 22 bifall
584 901 32 21 till
632 901 70 22 denna
713 901 126 28 inbjudning
850 901 41 21 och

66 930 37 21 ber
118 934 32 17 att
164 930 24 21 fä
203 937 74 14 senare
293 929 131 22 äterkomma
437 930 32 21 till
485 931 13 26 &
515 931 32 20 14.

134 998 58 21 Frih.
210 998 27 22 V.
254 1006 56 13 von
327 998 134 22 Hellens:
491 999 42 28 Jag
547 998 68 22 måste
630 998 49 22 med
696 998 132 28 beklagande
838 998 54 21 kon-

65 1029 79 19 statera
160 1030 31 18 att
206 1027 36 28 jag
258 1027 66 21 hörde
340 1029 56 19 orätt
411 1027 57 21 Frih.
486 1027 89 22 Wredes
592 1027 67 21 första
673 1027 106 28 yttrande.

134 1096 34 20 Hr
184 1095 180 22 Svinhufvud:
394 1096 89 21 Omasta
495 1096 120 28 puolestani
625 1096 48 20 olen
699 1096 126 21 vakuutettu
836 1096 55 23 siitä,

66 1126 44 19 että
126 1124 165 21 vesioikeuslain
314 1125 127 20 ensimäisen
463 1124 67 22 luvun
547 1126 25 19 12
588 1124 17 28 &,
621 1124 112 22 sellaisena
755 1124 52 21 kuin
829 1124 64 21 miksi

66 1152 257 22 Vesioikeusvaliokunta
346 1160 28 14 on
396 1160 37 14 sen
450 1153 157 27 muodostanut,
623 1154 20 20 ei
659 1153 32 21 ole
707 1154 123 20 ainoastaan
846 1154 47 26 täy-

66 1180 103 22 dellisesti
191 1181 227 24 oikeudenmukainen,
441 1189 54 13 vaan
519 1183 60 27 myös
597 1184 99 18 tuottava
716 1182 98 20 tuntuvia
835 1181 58 28 etuja

65 1210 157 21 teollisuudelle
237 1210 21 28 ja
274 1218 37 13 sen
327 1210 120 21 vastaiselle
469 1210 152 28 kehitykselle;
641 1213 68 18 mutta
724 1210 169 21 Vesioikeusva-

65 1238 117 21 liokunnan
199 1238 139 22 lausunnossa
361 1239 119 27 esitetyistä
499 1240 66 26 syistä
580 1240 21 26 ja
617 1238 57 22 niillä
691 1239 128 27 perusteilla,
833 1238 61 28 jotka

68 1266 139 29 Vapaaherra
230 1274 41 14 von
295 1267 58 21 Born
375 1267 65 21 äsken
457 1268 100 26 mainitsi,
573 1268 48 20 olen
637 1267 94 21 minäkin
747 1267 75 21 valmis
837 1269 57 19 aset-

66 1298 85 18 tumaan
168 1296 46 20 sille
230 1296 197 21 varovaisemmalle
451 1296 105 25 kannalle,
578 1296 44 28 jota
645 1295 162 29 Porvarissääty
822 1296 71 20 vaatii.

66 1324 117 20 Minäkään
207 1331 26 14 en
256 1324 115 21 senvuoksi
394 1324 65 22 tahdo
482 1327 110 18 vastustaa
614 1324 183 28 Porvarissäädyn
820 1324 74 21 kutsu-

66 1355 76 23 musta,
164 1360 56 14 vaan
242 1352 74 29 yhdyn
332 1352 68 22 siihen
416 1354 49 20 mitä
482 1352 141 29 Vapaaherra
639 1360 42 14 von
698 1353 57 21 Born
771 1354 78 20 asiasta
865 1359 29 15 on

67 1381 105 21 lausunut.

136 1443 35 21 Då
194 1444 63 27 ingen
281 1451 70 13 annan
374 1444 24 21 af
417 1443 102 22 Ständets
542 1443 136 22 medlemmar
701 1443 96 21 anmälde
813 1444 33 27 sig
861 1442 33 22 till

67 1472 72 21 ordets
156 1472 128 26 erhällande,
296 1472 160 22 öfverlemnade
472 1472 34 21 Hr
521 1472 207 21 Landtmarskalken
744 1472 32 21 till
791 1471 103 22 Ständets

68 1500 133 22 besvarande
218 1500 96 28 följande

803 1540 22 18 64
