1106 1792
255 127 42 21 884
499 134 24 16 R.
537 138 18 12 o.
567 134 25 16 A.
605 134 61 16 1900.
691 133 28 17 26
731 133 49 21 Maj.

226 203 33 19 att
279 200 62 22 deras
363 202 114 27 petitioner
497 201 48 22 icke
562 201 101 22 tillmätes
679 201 41 21 den
735 201 116 29 betydelse,
866 208 45 14 som
927 200 48 22 dem
991 201 66 22 borde

229 229 98 22 skänkas.
357 229 32 22 På
409 230 64 21 dessa
494 230 40 21 och
556 230 27 22 de
605 230 23 22 af
650 230 36 21 Hr
707 230 109 21 Törngren
833 229 91 22 anförda
941 230 46 21 skäl
1001 233 56 19 samt

226 258 58 21 hvad
308 258 121 27 Utskottets
449 258 135 22 betänkande
605 259 8 21 i
633 258 67 29 öfrigt
717 234 116 57 innehåller
852 258 39 22 ber
905 258 64 22 äfven
983 259 36 28 jag
1034 258 23 22 få

227 286 83 22 ansluta
324 287 44 28 mig
382 287 33 22 till
430 287 156 22 betänkandets
600 287 64 22 kläm.

295 344 36 21 Hr
345 344 54 22 Aug.
414 344 123 29 Ramsay:
567 344 45 22 Det
626 344 42 22 kan
683 344 120 28 medgifvas
818 347 32 19 att
861 344 36 21 Hr
906 344 109 22 Törngren
1025 345 31 21 uti

227 372 124 29 principielt
365 373 100 21 afseende
480 373 38 21 har
533 373 129 28 fullkomligt
676 375 44 19 rätt
734 373 40 21 och
789 372 68 22 likaså
870 372 35 22 Hr
918 372 67 22 Adolf
994 372 62 22 Ami-

228 401 53 27 noff,
296 402 35 20 för
345 401 42 21 den
402 401 100 22 händelse
517 410 48 13 man
580 402 71 21 kunde
665 401 45 22 tala
724 409 34 14 om
774 401 78 22 socken
862 401 69 22 såsom
941 401 65 22 enhet
1015 401 41 22 och

227 430 70 21 såsom
311 430 45 21 lika
371 430 52 22 värd
438 430 63 22 enhet
515 431 8 21 i
538 430 57 22 olika
609 430 59 22 delar
683 430 23 21 af
720 430 78 22 landet.
826 430 52 21 Men
893 438 34 13 om
942 438 49 14 man
1004 430 52 21 kän-

227 466 38 14 ner
286 458 205 22 ortsförhållandena
508 459 40 21 och
564 459 109 21 betraktar
687 458 42 22 den
744 459 134 28 geografiska
892 459 63 27 areal,
969 466 46 14 som
1029 466 26 14 en

227 487 78 21 socken
324 487 101 22 omfattar
444 488 8 21 i
467 488 62 21 dessa
543 488 96 28 nordliga
654 487 126 28 landsdelar,
796 487 23 21 så
833 488 70 21 finner
918 495 48 14 man
981 491 75 25 genast

227 516 38 22 vid
286 516 121 28 jemförelse
427 519 15 19 t.
461 524 33 14 ex.
508 516 50 22 med
577 516 109 22 trakterna
704 516 62 28 kring
785 516 135 28 Helsingfors
939 516 40 22 och
1022 516 33 24 Åbo,

227 544 54 22 huru
306 545 114 29 väsentligt
442 545 57 21 olika
520 545 117 29 begreppet
659 545 78 21 socken
760 545 42 21 kan
822 552 57 14 vara.
908 545 43 21 Om
973 552 27 14 nu
1029 552 26 14 en

227 572 101 22 kommun
347 581 56 21 uppe
421 574 8 20 i
448 574 56 28 höga
521 574 79 21 norden
620 573 37 22 vid
675 573 131 22 anställande
824 574 23 20 af
862 573 193 22 kommunalläkare

227 597 68 35 skulle
310 577 105 56 likställas
428 602 49 22 med
492 610 25 14 en
532 602 98 22 sydfinsk
645 602 78 21 socken
738 602 40 22 och
793 602 27 21 de
833 602 74 26 vilkor,
920 610 43 14 som
979 602 76 22 härvid

226 631 9 21 i
249 630 116 22 allmänhet
379 631 61 27 gälla,
455 630 123 28 bibehölles,
593 630 23 22 så
631 631 67 21 skulle
709 630 106 22 sannolikt
825 631 48 21 icke
883 630 68 29 någon
961 631 94 29 aspirant

227 659 33 21 till
281 659 82 29 platsen
384 667 51 14 vara
457 663 32 18 att
503 662 85 19 emotse.
617 660 57 21 Hela
692 659 150 28 befolkningen
856 660 9 21 i
880 667 25 13 en
921 659 77 22 socken
1013 659 42 22 kan

227 688 35 20 väl
277 696 51 13 vara
342 688 44 21 lika
400 691 45 19 stor
459 696 44 14 som
518 689 8 20 i
540 688 27 22 de
582 688 64 22 flesta
660 688 90 22 socknar
764 689 8 20 i
786 688 63 22 södra
864 688 61 22 delen
939 688 23 22 af
977 688 78 26 landet,

227 724 49 13 men
291 717 40 21 den
347 719 23 19 är
384 716 74 29 spridd
474 717 60 21 öfver
550 724 26 14 en
590 716 24 22 så
628 720 44 18 stor
686 717 63 26 areal,
764 720 32 18 att
810 716 41 22 den
861 716 77 27 läkare,
951 724 44 14 som
1005 717 50 21 med

227 745 72 28 vanlig
314 745 229 22 kommunalläkarelön
559 746 53 21 skall
628 745 119 29 praktisera
761 745 43 26 der,
820 745 106 22 sannolikt
937 745 48 22 icke
995 745 60 22 kom-

227 781 46 14 mer
286 774 34 21 till
335 776 61 19 rätta.
425 774 46 22 Det
485 774 101 22 behöfves
604 774 112 28 onekligen
730 774 27 22 de
772 774 23 21 af
810 774 113 22 Utskottet
935 774 120 28 föreslagna

227 805 62 18 extra
303 802 126 28 åtgärderna
443 802 34 22 för
491 806 32 18 att
537 803 105 21 förbättra
657 802 127 29 sjukvården
799 803 7 21 i
822 802 61 22 dessa
896 802 95 22 socknar.
1012 802 43 28 Jag

227 830 40 22 ber
280 830 73 22 derför
370 834 33 18 att
416 832 8 20 i
439 831 49 22 stöd
502 831 22 21 af
539 831 27 21 de
581 831 51 27 skäl,
648 839 45 14 som
708 831 23 22 af
745 834 158 19 reservanterne
919 834 54 18 samt
988 831 67 21 under

227 859 147 22 diskussionen
389 860 88 26 anförts,
491 860 109 21 äfvensom
614 860 29 28 på
658 860 66 28 grund
740 860 23 21 af
778 860 41 21 den
829 860 118 21 kännedom
957 860 36 28 jag
1002 867 52 14 vun-

227 888 33 21 nit
274 895 34 14 om
323 888 62 21 dessa
400 888 87 26 trakter,
501 888 101 22 särskildt
616 888 69 21 såsom
697 888 93 21 ledamot
803 889 7 20 i
820 888 40 21 den
871 888 182 28 jernvägskomité,

227 923 46 14 som
293 916 48 21 haft
358 917 33 20 till
406 917 85 28 uppgift
506 920 32 18 att
552 917 134 21 ekonomiskt
700 917 119 21 undersöka
833 917 162 28 ifrågavarande
1009 924 44 14 om-

227 944 72 27 råden,
313 948 33 18 att
360 945 23 21 få
397 921 128 55 understöda
540 946 162 21 reservationen.

297 1001 34 22 Hr
351 1002 159 29 Törngren:
540 1003 49 20 Den
604 1002 78 27 läkare,
698 1010 43 14 som
757 1002 38 22 det
810 1004 23 19 är
847 1002 61 29 fråga
922 1009 34 14 om
971 1005 32 18 att
1017 1009 36 14 an-

229 1030 62 21 ställa
305 1031 39 20 der
359 1039 62 20 uppe,
436 1031 66 22 skulle
518 1031 134 28 naturligtvis
666 1031 28 21 ha
709 1039 81 13 samma
801 1031 90 28 uppgift,
902 1031 100 27 antingen
1013 1030 42 21 han

227 1061 24 19 är
265 1059 84 21 anstäld
363 1059 23 22 af
400 1059 126 22 kommunen
541 1060 51 21 eller
607 1063 75 23 staten,
699 1059 41 22 och
752 1059 119 22 distriktets
881 1059 79 22 storlek
971 1059 83 21 komme

227 1088 8 20 i
250 1087 115 22 hvartdera
379 1088 60 21 fallet
454 1091 32 19 att
503 1089 4 20 i
522 1096 80 13 samma
616 1088 54 28 grad
681 1088 96 21 försvåra
788 1088 52 21 hans
851 1087 140 22 verksamhet.
1013 1087 41 22 Ut-

227 1115 91 22 skottets
340 1116 134 22 betänkande
510 1117 23 21 går
554 1117 118 21 emellertid
692 1116 76 22 endast
786 1119 24 18 ut
827 1116 28 35 på
869 1119 32 18 att
916 1116 138 28 Regeringen,

227 1144 47 21 ifall
289 1145 41 21 den
345 1145 70 21 finner
429 1145 159 22 förhållandena
603 1145 29 29 på
646 1145 62 22 dessa
722 1145 82 22 trakter
818 1145 85 26 sådana,
917 1147 33 19 att
959 1152 25 13 en
995 1147 60 19 extra

227 1173 78 26 läkare,
321 1181 45 14 som
380 1174 132 21 uteslutande
528 1174 81 21 aflönas
625 1174 23 21 af
662 1177 76 22 staten,
753 1174 38 21 der
801 1173 65 22 borde
876 1173 105 26 anställas,
991 1173 64 22 äfven

227 1201 69 22 skulle
315 1202 88 28 vidtaga
417 1202 97 29 åtgärder
528 1203 8 20 i
551 1202 76 21 sådant
641 1202 62 29 syfte.
732 1202 52 21 Men
799 1202 29 21 då
842 1202 37 21 det
894 1202 34 21 för
943 1201 112 22 Utskottet

227 1230 56 21 varit
298 1231 97 28 omöjligt
409 1234 32 18 att
453 1231 127 21 införskaffa
589 1231 115 28 uppgifter,
715 1231 78 21 hvarur
802 1231 78 27 tydligt
890 1230 67 21 skulle
966 1230 88 28 framgå,

228 1261 33 18 att
278 1261 70 19 staten
367 1263 82 18 ensamt
465 1259 63 22 borde
543 1259 73 22 aflöna
630 1259 92 24 läkaren,
737 1259 39 21 har
813 1259 91 22 Utskottet
918 1261 85 22 stannat
1017 1259 38 21 vid

226 1286 39 22 det
283 1287 75 28 beslut,
372 1295 45 14 som
438 1288 68 21 finnes
526 1289 7 20 i
553 1288 144 21 betänkandet
716 1287 102 28 angifvet,
833 1295 49 14 men
899 1295 45 14 som
958 1287 29 29 på
1001 1288 54 21 intet

227 1317 44 20 sätt
284 1316 103 21 utesluter
401 1317 131 20 anställande
547 1317 23 21 af
585 1324 26 13 en
626 1324 16 13 s.
656 1317 21 20 k.
692 1319 60 18 extra
768 1316 78 26 läkare,
860 1316 47 21 ifall
921 1316 133 28 Regeringen

227 1344 56 21 efter
298 1344 42 21 den
354 1345 119 28 utredning,
488 1352 44 14 som
547 1345 40 22 den
604 1345 69 22 bättre
683 1347 26 19 än
720 1345 113 22 Utskottet
848 1344 42 21 kan
903 1344 151 26 åstadkomma,

227 1372 70 50 sä
311 1373 76 22 sädant
402 1373 79 29 nödigt.
509 1373 42 28 Jag
566 1373 89 22 föreslär
669 1377 32 18 att
717 1373 121 22 Utskottets
853 1373 134 22 betänkande
1001 1372 52 29 god-

242 1409 71 14 ännes.

295 1458 35 21 Hr
345 1458 74 29 Georg
433 1458 169 22 Schauman:
623 1459 42 28 Jag
679 1461 45 19 tror
738 1461 32 19 att
784 1459 36 28 jag
834 1461 59 26 trygt
909 1458 39 21 och
961 1461 51 18 utan
1022 1460 33 19 att

227 1485 94 24 behöfva
335 1487 74 21 frukta
420 1487 35 21 för
469 1487 125 29 motsägelse
609 1487 43 22 kan
682 1487 46 22 pästä
742 1490 33 19 att
789 1487 76 21 endast
875 1486 41 22 den
926 1486 129 29 omständig-

226 1514 43 27 het,
284 1518 33 19 att
336 1516 273 28 lägenhetsinnehafvarene
627 1517 8 20 i
677 1516 100 21 Kemiträsk
798 1515 41 22 och
854 1515 126 28 Kuolajärvi
995 1515 59 21 kom-
