1109 1795
240 127 55 20 1092
486 133 25 16 R.
525 137 17 12 o.
555 133 26 16 A.
594 133 62 16 1900.
681 133 13 16 5
705 132 57 17 Juni.

214 201 35 21 Hr
265 201 94 21 Blåfield
382 201 113 25 föreslagit,
517 201 68 21 skulle
607 201 87 21 alldeles
716 201 74 21 afvika
805 200 47 21 från
867 199 38 22 hos
919 207 35 14 oss
968 200 72 28 vanlig

212 229 222 30 lagstiftningspraxis.
485 229 13 22 Då
513 237 25 14 en
553 229 32 22 tid
603 230 133 25 bestämmes,
751 230 56 20 inom
823 229 85 21 hvilken
925 236 25 13 en
965 229 75 27 rättig-

211 258 38 21 het
263 258 40 22 bör
316 260 61 27 göras
391 259 98 27 gällande
504 259 48 20 med
569 258 101 21 afseende
685 257 13 22 å
712 258 27 21 de
749 257 128 22 förändrade
888 257 152 26 förhållanden,

213 295 45 13 som
273 295 76 20 genom
365 295 25 13 en
404 295 29 20 ny
447 287 35 28 lag
496 287 103 28 uppstått,
615 289 23 18 är
653 286 36 22 det
704 287 81 28 vanligt
795 285 40 22 och
846 286 66 27 enligt
921 286 44 21 min
975 285 64 21 tanke

215 315 112 29 sakenligt,
342 319 32 18 att
388 316 57 21 tiden
462 315 127 22 bestämmes
603 315 34 21 till
652 315 40 21 den
708 315 47 29 dag,
771 315 28 21 då
813 315 42 21 den
870 322 41 21 nya
925 315 62 27 lagen
996 316 43 19 trä-

213 344 39 21 der
266 345 8 20 i
289 344 96 28 gällande
401 345 63 26 kraft,
479 344 39 21 och
534 344 61 21 detta
609 351 61 14 anser
684 345 35 27 jag
729 343 66 22 också
804 343 39 21 här
853 351 51 13 vara
914 343 49 21 fullt
972 342 67 28 lämp-

211 373 45 28 ligt.
285 373 42 28 Jag
342 373 37 21 ber
394 381 44 13 som
453 373 63 28 sagdt
530 373 23 21 få
568 373 87 21 förorda
670 371 154 30 godkännande
840 371 23 22 af
878 371 161 28 sammanjemk-

212 401 169 28 ningsförslaget.

280 458 35 21 Hr
330 459 24 20 L.
369 459 144 21 Mechelin:
542 458 69 21 Detta
633 457 251 23 Vattenrättsutskottets
905 457 79 28 förslag
1006 456 33 22 till

215 487 207 28 sammanjemkning,
437 487 131 22 omfattande
584 488 13 21 8
612 487 125 28 trycksidor,
759 487 40 20 har
813 487 42 27 just
870 493 28 14 nu
920 485 72 22 blifvit
1007 488 32 18 ut-

211 515 79 22 deladt.
319 516 43 21 Om
385 516 37 21 det
443 516 29 29 pä
493 516 26 21 de
542 515 53 28 skäl,
617 523 45 14 som
684 515 23 22 af
727 515 58 21 Frih.
805 522 40 14 von
860 514 59 21 Born
934 514 105 25 anfördes,

210 545 89 32 pröfvas
320 544 131 29 nödvändigt
472 547 32 18 att
524 544 133 22 omedelbart
679 544 106 21 behandla
799 543 61 22 detta
875 543 81 26 ärende,
972 543 66 21 mäste

211 581 36 20 jag
261 573 27 21 be
303 573 23 21 få
340 573 32 21 till
403 573 111 22 protokollet
528 573 137 26 antecknadt,
679 576 32 18 att
725 573 35 28 jag
775 573 7 20 i
798 572 98 21 ärendets
911 571 127 28 behandling

209 601 48 22 icke
281 601 80 22 kunnat
397 602 74 27 deltaga.
500 602 41 21 Att
555 605 52 18 utan
622 601 85 22 rädrum
722 605 32 18 att
769 609 37 13 ens
821 600 121 28 genomläsa
956 603 31 18 ett
1002 600 36 21 be-

212 630 107 22 tänkande
335 631 72 21 skrida
420 631 33 21 till
469 631 47 21 dess
526 630 135 29 behandling,
672 630 37 21 det
719 630 70 21 finner
799 630 36 27 jag
845 629 83 22 absolut
938 629 100 28 omöjligt.

279 688 34 21 Hr
329 687 88 30 Georg
431 688 160 22 Schauman:
621 687 36 22 Då
675 689 26 20 56
717 689 12 26 $
745 688 25 21 L.
786 687 27 22 O.
828 687 61 21 torde
903 686 52 22 böra
969 686 69 21 tolkas

211 716 29 27 sä,
255 719 33 18 att
303 717 292 28 sammanjemkningsförslag
611 719 22 18 är
648 719 32 19 att
695 716 94 21 likställa
809 715 50 22 med
873 715 165 22 utskottsbetän-

211 745 76 24 kande,
311 753 60 14 anser
391 746 40 28 jag,
447 748 32 19 att
493 753 25 13 en
534 745 123 22 omedelbar
671 745 130 28 behandling
815 744 24 21 af
853 744 60 21 detta
935 751 103 14 samman-

211 773 199 29 jemkningsförslag
431 774 67 21 skulle
520 774 102 21 innebära
637 781 26 14 en
677 773 104 22 afvikelse
801 773 48 20 frän
864 773 25 20 L.
904 773 27 21 O.
946 772 39 21 och
1000 772 38 21 ber

209 803 36 27 jag
259 803 73 20 derför
346 802 23 21 få
383 805 100 19 motsätta
497 803 44 28 mig
555 802 86 29 frågans
656 802 116 28 afgörande
788 801 37 22 vid
840 801 60 22 detta
914 801 89 22 tillfälle.

279 859 58 22 Frih.
352 867 47 14 von
413 860 82 21 Born:
524 859 53 22 Mitt
592 859 80 29 förslag
687 867 38 14 var
739 859 135 28 naturligtvis
889 858 70 29 gjordt
973 858 66 21 under

211 888 156 28 förutsättning,
383 891 32 19 att
429 889 25 20 R.
470 896 17 13 o.
502 889 39 20 A:s
556 888 98 28 samtliga
669 888 138 21 medlemmar
822 887 67 21 skulle
906 887 73 21 bifalla
991 887 47 21 der-

209 916 39 27 till,
262 919 25 25 ty
301 916 28 22 då
343 916 48 22 icke
406 924 36 14 ens
457 924 25 14 en
497 917 67 21 andra
579 916 153 28 bordläggning
746 918 77 26 vägras
838 917 38 19 när
890 915 37 21 två
938 915 100 21 medlem-

212 952 46 14 mar
271 945 54 28 yrka
339 945 71 29 derpä,
425 946 42 20 kan
482 945 23 21 sä
519 945 87 29 mycket
621 945 81 21 mindre
718 952 25 14 en
753 945 70 21 första
832 944 153 28 bordläggning
995 944 43 20 för-

211 976 82 25 vägras,
316 974 39 21 och
376 982 55 20 noga
451 977 60 25 taget
533 974 39 21 bör
593 974 64 21 äfven
675 976 32 18 ett
721 973 77 21 sädant
812 972 226 22 utskottsbetänkande

211 1010 46 13 som
273 1003 64 27 detta,
353 1002 82 22 ändock
450 1002 73 28 frågan
538 1004 25 19 är
576 1002 92 28 gammal
690 1002 40 21 och
745 1002 104 28 förslaget
863 1002 8 20 i
886 1001 30 21 alt
931 1001 108 21 öfverens-

213 1032 102 20 stämmer
329 1031 49 21 med
393 1031 25 21 R.
433 1039 18 13 o.
466 1031 38 21 A:s
519 1031 75 27 beslut,
609 1030 132 29 bordläggas.
771 1030 79 21 Likväl
865 1030 70 20 finnes
945 1029 37 21 det
991 1036 47 22 pre-

210 1059 85 28 judikat
309 1059 28 29 pä
351 1062 32 18 att
397 1067 49 14 man
461 1060 54 21 varit
536 1063 96 24 tvungen
653 1059 66 21 under
737 1058 140 28 landtdagens
893 1059 51 20 sista
958 1058 81 21 arbets-

209 1088 44 27 dag
267 1088 8 20 i
290 1088 81 21 nödfall
387 1088 80 22 förfara
481 1088 28 28 pä
523 1088 60 22 detta
605 1090 48 24 sätt,
669 1088 54 21 dock
739 1088 29 26 sä,
784 1090 33 18 att
832 1086 164 22 sammanträdet
1011 1086 28 28 pä

209 1116 66 28 nägot
289 1116 60 22 tiotal
371 1118 91 20 minuter
481 1117 135 27 ajournerats,
632 1117 51 21 eller
697 1116 28 29 pä
739 1116 43 22 den
797 1115 38 27 tid,
851 1123 45 13 som
911 1118 79 18 ansetts
1005 1115 35 21 för

211 1144 122 22 ändamälet
346 1145 74 28 nödig;
435 1153 48 13 men
497 1145 28 21 dä
539 1146 38 20 det
593 1145 41 21 kan
649 1153 60 13 anses
724 1152 52 14 vara
791 1144 102 28 tämligen
905 1144 135 28 godtyckligt

209 1176 32 19 att
256 1173 117 22 bestämma
393 1182 26 13 en
442 1174 65 21 sädan
527 1174 38 25 tid,
588 1174 23 21 fä
626 1174 22 21 vi
662 1174 35 21 väl
712 1174 31 21 lof
762 1176 34 18 att
816 1172 129 22 underkasta
959 1180 33 14 oss
1007 1175 33 18 att

210 1202 316 28 sammanjemkningsförslaget
540 1202 42 22 blir
598 1202 112 28 bordlagdt
728 1202 33 21 till
777 1202 85 28 plenum
879 1202 7 20 i
901 1201 64 21 afton.
994 1201 45 21 Nä-

225 1238 28 13 on
268 1230 123 28 omöjlighet
405 1231 41 21 blir
461 1231 36 21 det
511 1232 8 20 i
533 1232 63 27 ingen
616 1231 100 21 händelse
731 1233 33 19 att
778 1230 65 21 ställa
857 1230 65 21 saken
937 1230 28 20 sä.
994 1230 45 20 Det

220 1259 105 28 öreligger
346 1259 58 29 hopp
425 1267 35 14 om
481 1262 32 18 att
534 1260 50 20 icke
605 1260 64 28 något
683 1262 47 26 nytt
744 1258 295 28 sammanjemkningsförslag

210 1287 105 22 behöfver
337 1289 111 27 uppgöras,
471 1288 39 21 och
532 1288 29 21 dä
579 1290 24 19 är
617 1288 21 28 ju
653 1288 30 21 alt
697 1288 52 28 godt
763 1287 42 21 och
822 1287 40 21 väl.
892 1286 73 22 Skulle
980 1287 59 21 detta

209 1316 58 28 hopp
291 1316 77 26 svikas,
390 1316 71 22 kunde
483 1316 68 22 denna
573 1317 203 27 sammanjemkning
798 1317 63 27 göras
883 1316 8 20 i
909 1322 87 21 morgon
1010 1328 28 2 —

210 1344 67 29 derpä
296 1345 69 20 finnes
379 1346 22 27 ju
416 1345 64 21 ocksä
517 1345 106 28 prejudikat
637 1358 28 3 —
679 1345 88 21 hvarför
782 1345 37 27 jag
833 1344 87 27 frängär
942 1344 48 21 mitt
1004 1351 34 20 yr-

209 1372 70 22 kande
295 1373 28 28 pä
337 1373 131 22 omedelbart
478 1349 125 56 afgörande.

278 1430 123 22 Utskottets
424 1431 79 28 förslag
523 1430 45 22 blef
590 1430 52 21 härå
656 1430 116 28 bordlagdt
787 1429 33 22 till
836 1429 97 21 aftonens
948 1429 90 28 plenum.
