1103 1781
252 112 42 21 878
495 120 25 16 R.
533 124 18 12 o.
564 120 26 16 A.
602 119 63 17 1900.
689 120 27 16 26
728 120 50 20 Maj.

223 186 39 21 ska
278 186 35 21 väl
328 186 34 21 för
377 186 38 28 sig.
444 186 105 22 Finlands
565 187 74 21 Banks
655 187 79 21 rörelse
748 187 39 21 har
802 188 32 20 sin
850 190 57 18 stora
919 187 131 29 omfattning

223 215 5 20 i
245 214 149 28 bokföringen,
409 222 48 14 men
476 215 42 21 den
536 216 88 21 kulanta
639 216 90 21 trafiken
744 218 24 19 är
782 216 82 28 ganska
878 217 67 26 ringa;
960 216 35 28 jag
1010 224 40 13 un-

223 242 104 29 dantager
343 243 55 22 dock
413 244 7 20 i
436 244 41 21 alla
492 244 38 21 fall
553 244 173 22 vexelkassorna.
755 244 48 28 Mig
821 252 63 20 synes
900 248 31 17 att
946 244 41 21 den
1002 247 48 19 tan-

223 272 42 21 ken
281 274 32 18 att
327 272 90 28 utvidga
432 272 203 29 expeditionssalen,
651 272 69 22 säsom
736 273 38 21 här
789 275 23 19 är
826 273 121 28 föreslaget,
962 274 24 19 är
997 280 53 21 gan-

222 300 40 21 ska
277 300 140 29 egendomlig,
433 301 29 21 dä
477 301 26 21 de
518 301 63 21 flesta
604 309 102 21 personer
720 302 62 21 torde
797 302 65 21 hafva
878 301 121 22 erfarenhet
1014 309 34 14 om

223 328 54 22 huru
302 329 111 21 kunderna
428 330 6 21 i
450 330 42 21 den
516 330 64 28 länga
602 330 197 28 expeditionssalen
821 332 75 20 nästan
919 337 51 21 ropa
993 330 56 21 efter

221 357 127 22 hvarandra.
377 358 44 21 För
435 358 121 22 kundernas
578 358 57 22 skull
651 359 41 21 kan
705 358 69 29 aldrig
789 366 25 14 en
830 358 128 29 utvidgning
973 358 76 22 behöf-

222 393 45 18 vas,
283 394 47 14 men
347 386 64 22 hafva
427 388 170 27 tjenstemännen
613 387 78 28 trängt,
706 388 41 21 och
762 388 38 21 det
814 388 68 20 mäste
897 388 104 20 erkännas
1017 391 31 17 att

221 414 26 22 sä
261 416 24 20 är
300 415 148 27 förhällandet,
472 416 24 21 sä
519 417 77 20 vinnes
616 416 66 21 redan
704 424 78 20 genom
805 416 169 21 Statskontorets
991 416 58 21 bort-

221 443 104 29 flyttande
341 444 6 20 i
363 452 95 13 rummen
474 444 28 29 pä
517 444 153 22 Direktionens
686 445 47 21 sida
748 445 34 21 för
796 444 48 22 dem
859 445 75 28 nödigt
944 448 104 25 utrymme

221 472 66 28 jemte
302 472 28 21 all
345 480 69 14 annan
425 473 87 28 önsklig
524 473 166 28 begvämlighet.

292 500 83 22 Vidare
399 502 89 21 innebär
510 481 104 49 förslaget
635 505 31 18 att
682 502 146 28 ljusgårdarna
843 502 68 22 skulle
927 502 70 21 såsom
1014 502 34 21 så-

221 529 57 21 dana
301 530 102 28 upphöra.
432 530 44 22 Det
496 538 63 14 anser
578 531 37 27 jag
636 530 66 22 också
724 530 83 28 ganska
825 530 122 29 beklagligt.
977 530 71 22 Dessa

221 558 120 28 ljusgårdar
359 560 37 20 äro
420 559 48 21 icke
491 559 81 21 sådana
595 559 125 27 »brunnar»,
736 562 32 18 att
782 559 26 21 de
824 560 48 20 icke
893 560 68 21 skulle
982 559 66 21 hafva

221 590 32 17 ett
269 588 53 20 visst
337 587 66 21 värde
418 588 34 20 för
469 588 133 28 byggnaden.
633 588 91 21 Glastak
740 589 6 20 i
762 588 48 21 vårt
825 588 49 22 land
891 588 64 21 hafva
971 588 76 28 många

221 615 144 28 olägenheter,
379 624 34 13 om
430 617 83 20 vintern
530 616 22 21 af
567 618 45 25 snö,
623 624 34 13 om
673 624 119 13 sommaren
807 617 23 20 af
845 617 65 21 solen.

290 643 41 28 Jag
346 644 54 21 skall
415 645 48 21 icke
478 645 76 20 förirra
569 645 44 28 mig
629 645 30 21 alt
673 645 35 21 för
722 645 60 28 långt
797 646 6 20 i
820 645 116 29 detaljerna
951 645 23 21 af
987 645 59 21 detta

221 671 88 29 förslag.
337 673 42 28 Jag
399 681 62 13 anser
483 674 43 27 mig
540 673 57 21 ändå
614 674 50 21 böra
680 673 56 22 fästa
752 673 90 22 särskild
859 673 188 29 uppmärksamhet

220 701 45 25 vid,
287 701 113 22 huruledes
421 702 127 25 arkitekten,
573 702 41 21 den
638 702 145 21 framstående
805 682 126 44 ärkitekten;
953 702 51 28 sjelf
1019 702 27 28 på

220 729 69 22 första
311 730 61 21 sidan
387 730 23 21 af
425 731 37 20 sitt
478 731 187 28 kostnadsförslag
680 731 115 21 förklarar:
825 731 158 28 Efterföljande
999 731 47 27 för-

220 758 38 21 sök
272 758 32 21 till
319 759 155 28 uppskattning
496 759 23 21 af
544 759 119 22 kostnaden
679 761 23 20 är
717 759 73 22 derför
804 759 64 22 äfven
883 760 85 27 mycket
983 759 61 22 otill-

220 787 111 28 förlitligt.
363 787 79 22 Derom
466 789 23 20 är
510 788 36 28 jag
560 788 51 21 fullt
621 795 57 14 ense.
707 788 41 27 Jag
764 791 44 18 tror
823 788 66 21 också
903 791 32 18 att
948 788 98 21 Bankut-

220 815 82 22 skottet
317 815 47 22 med
380 817 38 20 sitt
433 817 43 20 lilla
492 817 75 28 tillägg
582 816 22 21 af
620 817 75 26 20,000
717 817 59 20 mark
797 817 35 20 för
846 817 28 20 de
889 817 22 21 af
925 817 120 20 arkitekten

220 844 144 28 uttryckligen
385 845 134 21 utelemnade
541 848 101 25 posterna
664 845 48 22 icke
734 845 138 22 närmelsevis
891 845 54 21 skall
961 845 27 21 nå
1003 845 42 21 den

220 880 88 19 summa,
333 881 46 13 som
401 875 62 20 nästa
486 873 102 28 landtdag
611 873 34 22 får
668 874 34 21 för
724 874 163 27 ifrågavarande
899 873 98 22 ändamål
1013 873 33 22 af-

218 901 89 22 skrifva.
336 901 42 28 Jag
393 905 44 18 tror
452 905 32 18 att
498 902 27 21 de
544 902 121 28 ändringar,
687 910 46 13 som
750 903 6 20 i
774 902 183 29 bankbyggnaden
973 902 72 21 kunna

219 929 112 28 behöfvas,
352 930 43 21 läta
417 932 33 27 sig
472 934 51 17 utan
546 931 129 21 nämnvärdt
697 931 138 21 inskridande
850 931 48 21 frän
914 931 130 22 Ständernas

218 957 48 22 sida
287 960 51 26 göra
359 959 68 21 under
448 961 94 19 närmast
565 959 138 22 förestäende
726 959 80 29 period,
822 959 41 22 och
885 963 44 18 tror
944 959 48 22 icke
1008 959 37 22 det

218 986 111 29 framlagts
345 988 126 28 tillräckliga
486 988 53 26 skäl,
554 988 88 21 hvarför
657 988 103 21 Finlands
776 988 62 21 Bank
854 996 28 13 nu
897 988 68 21 skulle
977 988 68 21 måsta

218 1018 71 25 troget
304 1016 89 29 kopiera
408 1017 181 28 privatbankerna
600 1017 41 21 och
652 1017 26 20 de
689 1017 135 21 modernaste
837 1017 207 21 konstruktionerna.

218 1043 32 21 Af
265 1046 68 19 större
348 1045 65 21 värde
429 1047 23 19 är
467 1045 37 21 det
519 1045 40 21 och
575 1045 76 21 förblir
666 1045 37 22 det
717 1046 22 27 ju
750 1045 66 26 alltid,
826 1048 32 19 att
868 1045 103 21 Finlands
981 1045 63 21 Bank

218 1073 39 26 gör
272 1073 57 27 goda
344 1073 81 27 affärer,
446 1073 41 22 och
504 1073 37 22 det
556 1073 38 22 har
610 1075 56 20 visat
682 1075 33 27 sig
730 1077 31 18 att
776 1074 70 21 denna
862 1073 98 29 byggnad
976 1073 69 22 under

218 1100 27 21 de
261 1102 52 20 sista
329 1103 133 26 decenierna,
478 1105 53 18 trots
544 1110 26 13 en
587 1103 52 20 eller
654 1110 68 14 annan
739 1103 178 28 obegvämlighet,
931 1103 8 20 i
954 1102 41 21 alla
1006 1102 38 21 fall

217 1129 57 28 gjort
288 1130 87 28 mycket
396 1131 57 27 goda
471 1131 81 21 affärer.
582 1130 43 29 Jag
645 1131 86 21 förenar
746 1132 44 27 mig
804 1131 90 21 sälunda
909 1130 135 29 fullständigt

217 1157 50 22 med
288 1158 205 29 Bankfullmäktige,
515 1159 74 21 hvilka
612 1159 67 28 enligt
693 1159 57 22 hvad
766 1159 175 28 tillkännagifves
958 1160 5 20 i
979 1159 66 21 slutet

217 1186 24 21 af
256 1187 39 20 sid.
311 1188 13 20 2
339 1187 24 21 af
377 1187 124 22 Utskottets
517 1188 142 27 betänkande,
675 1191 83 18 »ansett
774 1189 32 27 sig
822 1188 51 21 böra
888 1187 112 22 framhälla
1013 1191 32 18 att

217 1214 38 21 det
271 1215 64 22 äfven
358 1219 52 18 utan
433 1216 73 29 dylika
528 1217 132 20 kostsamma
681 1217 149 27 förändringar
845 1217 38 20 bör
898 1224 50 13 vara
964 1216 81 29 möjligt

217 1245 38 24 att,
277 1244 48 21 med
351 1244 139 29 begagnande
512 1245 22 21 af
556 1245 42 21 den
621 1245 55 21 efter
704 1245 170 22 Statskontorets
898 1245 147 28 bortflyttning

218 1271 169 29 ledigblifvande
403 1273 90 27 lokalen,
509 1274 6 21 i
531 1273 65 22 nedre
613 1273 107 28 väningen
735 1274 24 21 af
774 1273 121 22 bankhuset
906 1273 81 27 bereda
997 1281 47 14 rum

217 1300 35 21 för
267 1301 174 28 Bankutskottet,
458 1302 200 27 Bankrevisorerne,
680 1302 204 28 Bankfullmäktige,
900 1302 144 21 Ofverkassö-

216 1336 45 19 ren,
277 1337 26 14 en
318 1331 69 27 tredje
402 1331 138 21 vexelkassör
554 1331 40 21 och
606 1331 109 21 eventuelt
725 1331 65 21 äfven
802 1331 34 20 för
846 1330 198 26 Ombudsmannen,

218 1357 139 29 hvarigenom
372 1359 126 28 tillräckligt
512 1362 105 25 utrymme
628 1359 34 21 för
674 1359 102 22 Bankens
788 1359 257 28 tjenstemannapersonal

216 1385 73 22 kunde
305 1387 76 21 vinnas
396 1387 35 21 för
446 1395 26 14 en
487 1387 31 21 tid
534 1387 79 21 framåt
633 1388 41 21 och
689 1388 129 21 åtminstone
833 1388 32 20 till
880 1389 61 19 nästa
957 1387 87 28 lagtima

216 1414 111 28 landtdag,
351 1415 28 21 då
401 1416 41 21 den
466 1416 118 21 emellertid
607 1424 71 13 vunna
702 1416 148 21 erfarenheten
870 1415 105 21 måhända
989 1415 56 21 skall

217 1442 89 29 erbjuda
321 1451 27 14 en
363 1444 87 22 säkrare
466 1444 87 28 ledning
574 1444 34 22 för
626 1444 87 28 frågans
729 1444 73 22 vidare
826 1444 147 49 behandlar
1002 1443 42 29 Jag

218 1473 37 19 ber
270 1472 73 22 derför
365 1472 23 21 få
409 1473 93 27 förorda,
517 1476 32 18 att
563 1474 24 20 R.
602 1480 19 14 o.
636 1474 26 20 A.
679 1473 47 21 icke
746 1473 69 21 skulle
832 1473 73 21 bifalla
919 1472 25 21 till
967 1472 78 21 försla-

216 1503 43 24 get,
274 1500 70 22 såsom
359 1501 38 21 det
411 1509 28 14 nu
455 1502 119 28 föreligger,
590 1504 52 19 utan
657 1501 155 22 återremittera
834 1501 75 29 frågan
924 1501 32 21 till
971 1500 73 22 Bank-
