1106 1789
230 117 57 21 1114
481 123 24 17 R.
518 128 18 12 o.
549 123 25 17 A.
586 123 62 18 1900.
672 123 14 17 6
698 123 57 18 Juni.

432 191 110 22 Välborne
557 191 35 22 Hr
606 191 192 22 Landtmarskalk!

271 247 36 22 Då
326 247 159 30 Ridderskapet
500 248 40 21 och
555 248 83 21 Adelns
652 248 160 29 förhandlingar
827 248 34 21 för
875 248 69 22 denna
959 248 68 23 landt-

201 276 44 28 dag
265 284 29 13 nu
316 276 103 27 afslutats,
441 277 35 20 mä
494 276 37 22 det
546 277 80 21 tillätas
638 277 50 28 mig,
704 285 45 13 som
767 277 28 28 pä
811 277 68 28 grund
896 277 23 22 af
935 277 92 22 Riddar-

201 305 170 28 husordningens
386 305 111 22 föreskrift
518 306 112 27 emottagit
651 305 268 28 landtmarskalksstafven,
942 308 31 19 att
995 306 32 21 till

201 333 65 27 Eder,
289 333 34 22 Hr
344 333 184 27 Landtmarskalk,
551 334 107 21 frambära
672 333 27 22 de
715 334 85 21 känslor
814 334 23 21 af
851 334 101 27 vördnad,
967 333 60 22 tack-

202 362 85 21 samhet
305 362 39 21 och
365 362 143 29 tillgifvenhet
522 363 35 21 för
572 363 59 21 Eder
645 370 82 21 person,
742 370 45 14 som
802 363 97 28 uppfylla
913 363 41 22 alla
969 362 58 22 med-

202 390 89 22 lemmar
305 391 22 21 af
341 390 60 22 detta
415 391 68 22 ständ.

271 419 102 22 Finlands
395 419 90 22 Ständer
507 419 65 22 hafva
594 420 68 21 denna
695 419 45 29 gång!
754 420 152 21 sammanträdt
919 420 67 21 under
1000 420 27 21 de

201 450 56 19 mest
272 448 95 26 kritiska,
383 448 176 21 bekymmerfulla
573 427 152 42 förhållanden:
748 448 46 22 Vid
804 448 139 29 landtdagens
955 449 72 27 början

201 476 56 21 hade
268 476 67 29 knapt
344 476 45 22 åtta
399 476 99 22 månader
508 476 93 22 förflutit
612 476 65 22 sedan
688 478 76 20 urtima
772 476 127 29 landtdagen
909 477 64 21 slutat
981 478 46 20 sina

201 505 112 25 sessioner,
332 505 69 21 denna
416 505 103 29 märkliga
534 505 108 29 landtdag,
658 505 36 21 vid
706 505 86 22 hvilken
808 506 38 21 vår
860 506 167 28 representation

201 533 69 23 första
305 533 68 28 gången
387 534 102 28 förelagts
504 534 86 28 förslag,
605 534 73 22 hvilka
693 534 107 21 inneburit
814 537 32 18 ett
860 534 129 22 förnekande
1004 534 24 22 af

201 562 38 21 det
253 537 72 57 finska
339 562 78 22 folkets
433 564 42 20 rätt
489 562 31 22 till
537 570 52 20 egen
604 562 100 22 nationell
719 562 41 22 och
786 562 71 22 politisk
868 563 89 21 tillvara.
977 563 49 21 Den

201 590 180 27 svarsskrifvelse,
403 599 43 13 som
467 591 117 21 Ständerna
598 592 7 20 i
620 591 115 28 anledning
749 570 35 42 "i
787 591 60 21 dessa
863 591 80 29 förslag
957 591 70 22 aflätit

201 619 41 21 och
258 620 8 20 i
281 619 86 22 hvilken
383 620 26 20 de
423 620 78 28 jemväl
516 620 50 21 med
581 620 49 21 stöd
640 620 22 21 af
672 620 98 28 gällande
781 620 160 22 rättsurkunder
949 620 78 28 ädaga-

201 642 50 59 lagt,
267 648 112 21 huruledes
395 648 36 22 det
445 648 121 28 Kejserliga
581 648 122 22 manifestet
712 648 24 22 af
745 648 41 22 den
798 649 49 22 3/15
858 648 102 22 Februari
971 650 54 20 1899

203 676 47 22 icke
272 676 40 22 kan
327 677 8 20 i
349 676 92 22 Finland
461 684 38 21 ega
517 677 59 21 kraft
590 677 23 21 af
628 677 40 28 lag,
683 677 39 21 har
736 677 48 21 icke
800 679 53 19 ännu
869 678 55 20 varit
938 677 88 21 föremål

201 704 34 22 för
250 704 62 22 Hans
327 705 120 29 Kejserliga
463 706 111 28 Majestäts
590 706 78 28 nådiga
677 705 101 29 pröfning
788 706 40 20 och
838 705 120 29 afgörande.
977 706 49 22 Och

201 733 68 21 under
289 734 70 21 denna
375 734 33 21 tid
423 734 22 21 af
461 735 103 28 spänning
579 734 40 22 och
634 742 43 18 oro,
691 734 29 22 då
734 734 101 22 Finlands
851 734 46 21 folk
911 736 73 20 väntat
1014 734 13 22 på

201 762 33 21 sin
251 762 103 22 Monarks
370 762 69 22 beslut
453 764 8 20 i
475 763 27 21 de
517 766 55 18 mest
586 763 114 28 ödesdigra
714 762 76 29 frågor,
806 762 38 22 har
858 762 59 22 detta
929 762 44 22 folk
983 738 44 57 till

201 790 45 22 lika
268 790 55 22 måst
345 791 70 21 erfara
436 792 53 20 huru
509 792 83 21 landets
613 792 131 26 förvaltning
764 791 71 21 blifvit
849 791 52 21 ledd
915 792 66 28 enligt
995 794 32 19 ett

201 822 86 25 system,
302 827 44 13 som
361 820 48 21 icke
425 820 156 21 kännetecknas
596 820 23 21 af
633 820 89 28 aktning
736 820 34 21 för
785 820 82 21 landets
881 822 43 19 rätt
933 820 40 22 och
983 828 43 13 om-

201 854 49 22 sorg
272 856 33 13 om
328 848 49 21 dess
395 848 67 27 bästa,
476 848 53 22 huru
544 848 101 22 särskildt
659 848 48 22 dess
722 848 153 29 tidningspress
891 849 55 21 varit
960 852 67 18 utsatt

201 876 35 21 för
251 884 26 13 en
293 877 128 28 exempellös
437 877 115 29 förföljelse
568 877 40 21 och
624 877 52 21 huru
688 877 42 21 den
742 877 100 21 abnorma
852 877 104 29 ställning,
966 877 61 22 hvari

201 904 84 22 landets
300 908 113 26 postväsen
429 906 65 21 sedan
509 906 24 21 år
549 906 53 21 1891
618 905 98 22 befinner
730 906 38 28 sig,
783 905 45 21 ledt
839 906 32 20 till
881 914 41 20 nya
931 906 95 29 ingrepp.

200 932 46 22 Det
264 935 24 19 är
308 934 73 21 derför
400 934 102 22 Finlands
517 934 91 22 Ständer
623 934 64 21 äfven
702 934 69 21 denna
786 934 55 28 gång
855 937 52 18 trott
921 935 32 27 sig
969 934 57 27 böra,

200 961 51 22 med
271 962 137 28 begagnande
427 963 24 20 af
465 964 31 19 sin
510 962 186 29 grundlagsenliga
710 965 48 23 rätt,
774 964 65 27 öppet
853 962 40 21 och
908 962 118 22 vördnads-

200 989 50 22 fullt
264 991 33 20 till
312 991 61 21 Hans
388 991 120 28 Kejserliga
522 991 103 28 Majestät
640 991 107 21 frambära
761 991 37 21 det
810 991 71 21 finska
891 991 78 21 folkets
979 991 47 28 dju-

199 1021 62 25 paste
278 1019 128 28 bekymmer,
423 1019 41 22 och
495 1023 20 18 det
530 1021 24 20 är
568 1019 72 22 derför
655 1019 62 22 dessa
732 1019 179 28 framställningar
925 1019 23 22 af
963 1019 62 22 Stän-

199 1046 73 27 derna,
295 1047 89 22 oaktadt
405 1048 41 21 den
461 1051 55 18 stora
532 1048 124 29 betydelsen
671 1047 23 22 af
708 1048 27 21 de
750 1048 155 27 lagstiftnings-
919 1047 40 22 och
975 1048 50 21 eko-

199 1075 98 22 nomiska
311 1076 77 28 frågor,
403 1084 44 13 som
463 1085 27 12 nu
504 1077 104 28 förelegat
622 1077 33 20 till
672 1076 133 28 behandling,
820 1076 65 21 likväl
900 1078 73 27 utgöra
984 1076 42 22 den

199 1104 115 29 vigtigaste
337 1105 61 21 delen
421 1105 23 21 af
465 1105 69 22 denna
556 1105 113 28 landtdags
691 1105 93 21 arbeten.
813 1105 34 28 Ty
863 1105 102 21 Finlands
980 1104 46 22 folk

199 1131 43 22 kan
260 1136 50 18 utan
328 1133 51 22 knot
393 1135 66 20 vänta
472 1133 28 29 på
514 1133 176 28 genomförandet
704 1133 24 22 af
742 1133 82 29 nyttiga
839 1133 187 28 lagförbättringar

199 1161 41 21 och
262 1161 29 29 på
312 1161 139 28 vidtagandet
473 1162 22 21 af
516 1162 104 28 åtgärder,
643 1169 45 14 som
710 1164 37 19 äro
767 1161 23 22 af
806 1137 107 57 betydelse
928 1162 34 21 för
977 1162 49 21 dess

199 1190 118 21 materiella
337 1190 116 22 förkofran.
482 1190 51 21 Men
552 1191 60 21 detta
627 1191 45 20 folk
687 1191 41 20 kan
744 1190 48 21 icke
807 1193 50 18 utan
872 1190 40 21 den
927 1190 98 29 djupaste

199 1225 36 14 oro
251 1225 23 14 se
289 1219 31 20 sin
336 1219 143 28 rättsordning
494 1219 78 21 kränkt
587 1219 51 21 eller
653 1219 37 21 sitt
705 1219 161 21 samhällsskick
881 1218 80 22 hotadt.

268 1247 95 21 Hvilken
379 1247 80 22 verkan
473 1247 62 22 dessa
550 1247 129 22 Ständernas
693 1247 180 28 framställningar
885 1247 60 22 skola
955 1247 70 28 hafva,

199 1274 45 23 står
263 1276 8 21 i
292 1275 41 22 den
354 1275 96 29 Högstes
473 1276 62 22 hand.
564 1276 42 29 Jag
624 1279 46 18 tror
684 1275 118 22 emellertid
816 1279 32 18 att
863 1275 77 22 folkets
955 1283 71 22 repre-

198 1307 108 18 sentanter
320 1304 72 22 kunna
406 1313 52 13 vara
471 1305 65 28 lugna
550 1305 8 20 i
573 1304 151 22 medvetandet
736 1307 32 19 att
783 1304 65 21 hafva
859 1304 48 21 sökt
917 1304 55 21 efter
982 1304 44 21 för-

198 1331 64 30 måga
276 1333 92 27 fullgöra
383 1334 32 20 sin
430 1333 55 29 pligt
499 1336 57 19 emot
571 1333 118 22 Monarken
704 1333 40 22 och
760 1332 176 22 fäderneslandet.

267 1361 110 22 Välborne
392 1361 35 22 Hr
441 1361 189 22 Landtmarskalk!

268 1389 75 22 Under
362 1390 63 21 dessa
443 1390 61 22 svåra
524 1390 147 21 förhållanden
691 1389 39 22 har
750 1389 38 22 det
806 1389 34 22 för
854 1390 25 21 R.
895 1397 18 14 o.
927 1390 28 21 A.
970 1391 57 21 varit

197 1424 27 15 en
239 1417 84 29 hugnad
339 1418 40 21 och
394 1419 71 28 glädje
479 1422 31 18 att
524 1419 8 20 i
547 1422 86 25 spetsen
648 1418 33 21 för
696 1418 91 21 Ständet
801 1418 41 21 och
852 1418 34 21 för
895 1421 131 26 representa-

197 1446 72 22 tionen
289 1454 22 14 se
331 1454 26 14 en
378 1455 55 19 man,
451 1447 62 21 hvars
528 1447 130 22 föregäende
673 1447 33 21 länga
747 1447 41 21 och
803 1446 108 22 hedrande
941 1447 85 21 politiska

197 1474 62 28 bana,
274 1475 7 22 i
296 1475 98 28 förening
408 1475 49 22 med
472 1475 51 22 hans
538 1483 68 14 under
620 1483 26 14 en
658 1476 95 27 ovanligt
763 1471 103 57 mångsidi
891 1475 136 22 verksamhet

197 1502 133 30 ådagalagda
344 1504 56 28 höga
415 1503 115 29 begåfning
545 1504 40 21 och
601 1512 73 13 varma
688 1503 209 27 fosterlandskärlek,
906 1504 79 28 utgjort
999 1511 27 13 en
