1084 1770
358 137 209 33 Byggningabalken.
807 138 40 21 995

50 214 71 28 flyttas
137 214 32 21 till
185 214 44 20 helt
245 214 66 21 andra
326 221 102 21 personer
442 215 26 19 än
484 213 34 27 de,
534 213 72 21 hvilka
621 213 36 21 för
671 212 133 22 närvarande
816 211 61 22 deraf

51 242 65 28 draga
132 246 65 24 nytta.
227 242 44 21 Det
286 244 23 19 är
324 243 22 27 ju
362 242 67 21 kändt
444 245 31 18 att
489 245 15 17 t.
520 249 32 14 ex.
567 242 53 20 fiske
635 241 23 21 af
670 241 80 21 braxen
760 240 62 22 idkas
832 240 45 22 för-

51 271 113 28 nämligast
179 272 7 20 i
202 270 61 22 vikar
283 270 87 22 utanför
393 270 26 21 de
440 271 37 21 äar
496 270 53 21 eller
564 270 84 26 bäckar,
664 270 38 20 der
718 270 78 20 braxen
812 270 66 27 stiger

52 308 43 20 upp
116 300 34 20 för
172 302 32 18 att
223 299 52 21 leka.
305 299 74 25 Skulle
398 306 28 14 nu
442 298 76 22 sädant
534 299 52 21 fiske
603 298 68 22 blifva
685 298 110 28 förbjudet
809 298 68 21 under

51 328 102 26 lektiden,
173 328 71 21 blefve
267 328 82 28 följden
371 328 48 26 den,
438 331 32 17 att
492 328 26 20 de
534 328 210 26 fiskevattensegare,
759 326 73 22 hvilka
848 334 28 13 nu

52 357 71 21 kunna
145 356 51 22 idka
218 356 59 26 fiske,
299 356 115 21 framdeles
436 356 47 21 icke
504 356 73 21 kunde
592 358 52 26 göra
659 356 43 20 det.
731 355 33 28 Ty
780 354 24 22 sä
818 358 60 18 snart

52 386 65 21 fisken
134 385 105 21 verkstält
253 386 32 20 sin
301 385 44 25 lek,
360 385 72 27 flyttar
447 384 41 22 den
504 385 117 27 vanligtvis
637 384 62 21 öfver
713 384 32 21 till
757 384 43 20 helt
812 383 66 21 andra

52 414 101 21 områden
175 414 24 20 af
217 416 88 18 vattnet.
334 413 42 28 Jag
391 414 38 20 ber
444 414 6 20 i
466 413 42 21 allo
523 413 24 21 få
561 413 106 28 tillstyrka
682 412 158 28 godkännande
856 412 22 21 af

52 442 253 22 Vattenrättsutskottets
322 449 28 14 nu
365 442 149 27 föreliggande
528 443 81 20 tvänne
626 440 155 23 betänkanden.

121 499 34 21 Hr
177 499 29 20 K.
228 499 100 21 Antell:
358 499 45 21 Det
424 501 23 18 är
469 499 104 20 mähända
591 499 78 21 lönlöst
686 501 32 18 att
732 498 68 21 uttala
814 497 64 28 nägot

54 527 72 22 vidare
141 528 7 20 i
163 527 71 28 saken,
255 527 64 21 sedan
342 527 58 21 Frih.
418 535 41 14 von
474 527 57 22 Born
546 527 47 21 icke
610 527 54 21 blott
679 527 141 28 behjelpligen
835 526 43 21 för-

54 559 70 18 svarat
144 556 107 28 förslaget,
266 559 50 18 utan
331 556 164 28 uppenbarligen
511 557 56 27 gjort
581 556 30 20 alt
625 555 57 22 hvad
696 563 45 13 som
758 557 62 26 göras
837 555 41 21 kan

54 584 35 22 för
104 588 31 18 att
150 584 96 22 försvara
260 584 149 22 betänkandet.
438 584 52 21 Men
506 584 118 21 emellertid
639 584 38 21 har
692 584 55 21 dock
762 584 59 21 detta
836 583 42 21 för-

54 621 49 13 svar
117 614 56 20 varit
187 613 90 21 relativt.
306 613 45 21 Det
366 615 23 19 är
404 620 25 14 en
444 613 120 27 jemförelse
580 613 89 21 emellan
684 612 13 22 ä
712 620 38 14 ena
765 612 60 22 sidan
837 612 42 22 Ut-

55 642 89 21 skottets
167 642 84 27 förslag,
271 641 40 21 och
334 642 40 20 den
397 641 47 21 nåd.
466 649 60 21 prop.
548 641 40 21 och
608 641 164 28 fiskeristadean
787 640 13 22 &
814 641 66 21 andra

56 670 65 21 sidan.
149 670 46 21 Det
216 670 38 21 har
275 670 56 21 varit
353 670 49 21 med
424 670 106 28 synnerlig
552 670 95 28 framgäng
678 670 40 21 den
733 670 68 21 första
816 669 63 21 ärade

55 699 80 21 talaren
157 698 90 29 pävisat,
268 702 32 18 att
320 698 112 22 Utskottet
453 699 55 27 gjort
525 698 115 29 nägonting
649 674 111 57 betydligt
773 698 69 22 bättre
857 697 23 22 af

57 727 102 29 förslaget
181 729 25 19 än
228 727 57 21 hvad
300 735 48 13 man
363 727 106 21 måhända
484 727 54 21 först
552 727 55 21 hade
622 727 62 21 tänkt
698 728 38 27 sig.
764 727 52 21 Men
831 734 48 14 man

56 756 41 21 kan
118 756 22 28 ju
161 756 54 28 hysa
237 756 40 20 den
300 756 147 28 förhoppning,
470 759 32 18 att
521 756 120 21 Ständerna
662 756 37 21 vid
714 763 25 13 en
755 754 124 22 kommande

56 784 102 28 landtdag
180 784 67 22 skulle
269 784 70 21 kunna
360 786 51 26 göra
433 784 114 28 någonting
563 786 54 19 ännu
633 784 69 22 bättre
716 784 23 21 af
754 784 70 26 saken,
840 783 40 21 och

57 813 112 22 Utskottet
190 813 54 21 skall
267 812 104 22 måhända
388 813 76 21 härvid
478 813 71 21 kunna
563 813 71 28 hjelpa
649 812 118 22 Ständerna
782 812 39 22 och
837 814 43 19 sär-

57 842 66 21 skildt
145 842 82 20 landets
245 842 108 27 jordegare
368 841 47 21 från
430 841 62 21 dessa
506 841 181 28 tvångsåtgärder,
702 841 74 22 hvilka
790 841 90 21 ovilkor-

56 870 56 27 ligen
134 870 85 21 komma
237 873 32 18 att
283 870 91 21 öfveralt
388 871 7 20 i
410 870 73 21 landet
496 870 98 21 medföra
609 870 105 28 synnerlig
728 869 153 22 nedstämdhet.

57 899 33 28 Ty
108 898 120 21 fördelarna
246 899 22 20 af
285 901 32 18 att
336 906 39 20 ega
390 898 39 21 och
448 899 76 20 besitta
538 899 46 28 jord
598 900 35 19 äro
648 898 56 21 dock
719 898 47 21 icke
782 898 23 21 så
819 901 62 22 stora,

57 930 32 18 att
109 927 27 21 de
159 927 68 21 skulle
248 927 43 21 tåla
313 927 36 21 vid
368 927 176 28 inskränkningar
562 928 8 20 i
591 927 65 21 sådan
671 927 99 28 riktning,
785 934 43 13 som
845 926 36 21 vid

58 955 68 21 denna
148 955 102 28 landtdag
271 956 70 27 gjorts.
371 955 44 22 Det
435 958 23 19 är
476 955 87 22 alldeles
578 955 125 29 uppenbart,
718 959 32 18 att
764 955 58 22 såväl
837 955 44 21 lan-

58 985 46 20 dets
126 984 89 28 styrelse
237 991 44 14 som
304 984 92 21 komitén
417 984 57 21 fallit
494 984 71 21 undan
580 984 34 21 för
629 984 41 21 den
685 984 197 27 fackmannainsigt,

58 1020 44 13 som
117 1013 7 20 i
139 1013 74 20 landet
227 1013 79 21 funnits
321 1015 32 19 att
367 1013 65 28 tillgå.
462 1013 52 20 Men
528 1020 35 13 om
579 1013 21 21 vi
615 1012 60 22 skola
684 1013 52 28 följa
746 1012 136 21 fackmanna-

59 1042 115 26 insigterna
188 1041 29 29 på
231 1041 42 21 alla
287 1041 105 26 områden,
403 1041 22 21 så
440 1041 78 21 blifver
533 1041 37 21 det
585 1041 98 28 slutligen
698 1041 34 21 för
746 1041 136 28 jordegarene

58 1070 54 20 intet
126 1072 31 18 att
173 1070 122 26 bestämma,
305 1077 50 13 vare
370 1070 33 27 sig
416 1070 8 20 i
439 1070 58 28 skog,
528 1069 13 21 på
556 1070 59 20 mark
631 1070 51 20 eller
696 1072 79 24 vatten,
790 1069 40 21 och
845 1070 38 20 när

58 1098 97 28 slutligen
177 1098 69 21 denna
267 1098 192 28 fackmannainsigt
480 1073 139 58 vaderstödes
641 1098 23 21 af
683 1098 101 21 teoretisk
798 1097 84 29 juridik,

58 1128 23 20 så
100 1126 89 22 återstår
209 1127 36 21 det
261 1127 34 21 väl
310 1128 39 20 sist
363 1126 40 22 och
418 1126 99 29 slutligen
532 1128 109 27 ingenting
658 1130 64 18 annat
736 1129 26 19 än
778 1130 31 18 att
824 1126 59 21 finna

58 1156 32 27 sig
112 1156 30 20 uti
164 1155 42 21 alla
227 1155 26 21 de
276 1155 95 29 anspråk,
387 1163 44 13 som
451 1155 29 29 på
498 1156 63 21 dessa
575 1155 215 28 fackmannainsigter
804 1154 78 22 stödas.

58 1184 42 28 Jag
114 1184 67 21 måste
197 1184 98 26 vidhålla,
310 1187 32 18 att
357 1184 81 21 landets
456 1185 97 27 regering
567 1184 39 21 har
620 1185 56 20 varit
690 1184 28 28 på
734 1186 41 26 väg
788 1186 31 19 att
829 1183 54 21 inslå

59 1220 26 14 en
107 1212 126 21 socialistisk
255 1212 98 28 riktning.
382 1212 138 28 Naturligtvis
543 1215 24 19 är
585 1212 38 22 det
637 1212 60 29 fråga
712 1220 34 14 om
761 1212 121 22 statssocia-

58 1241 54 27 lism,
133 1248 44 14 som
199 1242 22 20 vi
243 1243 72 19 närma
336 1248 34 14 oss
390 1241 48 21 med
458 1244 56 18 stora
529 1244 53 25 steg,
597 1241 40 21 och
651 1242 35 28 jag
701 1241 65 28 vågar
780 1243 56 26 säga,
851 1243 33 19 att

58 1269 241 21 Vattenrättsutskottet
315 1272 105 26 »trampat
429 1270 35 20 in»
474 1270 7 21 i
489 1270 69 20 denna
572 1270 98 28 riktning.
699 1270 42 28 Jag
755 1270 81 32 hoppas
852 1272 32 18 att

59 1298 25 21 R.
102 1305 18 13 o.
137 1298 27 20 A.
182 1298 48 21 icke
246 1298 53 21 skall
314 1301 77 25 antaga
406 1298 68 21 denna
488 1298 41 28 lag,
544 1298 41 22 och
600 1298 64 21 äfven
678 1306 34 13 om
727 1299 22 21 vi
764 1298 68 21 blifva
847 1305 36 13 en-

59 1333 79 14 samma
159 1326 78 26 derom,
257 1329 44 18 tror
317 1327 36 28 jag
367 1326 37 21 det
418 1326 54 21 skall
488 1327 68 21 blifva
571 1329 111 26 angenämt
697 1329 32 18 att
743 1326 66 21 hafva
823 1326 60 21 detta

59 1354 128 22 antecknadt
202 1355 34 20 för
251 1355 118 21 framtiden.

127 1411 35 22 Hr
182 1411 69 22 Julias
267 1411 176 22 Grotenfelt:
473 1412 42 28 Jag
530 1411 39 22 har
583 1411 88 22 anhållit
685 1419 34 14 om
734 1411 61 22 ordet
810 1411 74 21 endast

59 1441 34 20 för
108 1443 31 19 att
153 1441 8 20 i
176 1440 85 21 korthet
275 1441 75 21 beröra
365 1448 26 13 en
406 1440 162 29 omständighet,
583 1448 44 13 som
642 1441 8 20 i
665 1441 42 20 viss
723 1440 47 21 mån
781 1440 42 21 kan
833 1447 52 14 vara

60 1469 67 28 egnad
149 1472 32 18 att
202 1469 87 21 inverka
311 1469 28 28 pä
357 1469 26 21 R.
399 1477 17 13 o.
431 1470 39 20 A:s
485 1469 70 21 beslut
569 1469 8 20 i
592 1469 138 21 förevarande
745 1469 65 20 fråga.
839 1467 46 21 Det

60 1505 61 21 synes
142 1499 43 26 mig
205 1497 112 28 nämligen,
335 1497 68 22 såsom
422 1505 34 14 om
472 1497 37 22 det
524 1497 67 22 skulle
607 1497 86 28 erbjuda
708 1497 130 28 svårigheter
852 1499 33 18 att

60 1533 85 14 numera
159 1526 48 21 från
218 1525 232 29 fiskerilagstiftningen
462 1527 118 20 utmönstra
590 1526 41 21 alla
641 1525 129 29 stadganden
780 1533 35 13 om
827 1524 57 22 fred-
