1098 1761
268 124 270 21 Nybyggesanläggningar
551 123 12 18 å
575 124 123 21 kronojord.
807 119 54 20 1075

63 191 66 22 >hvar
145 192 41 22 och
201 199 27 14 en
243 199 45 14 som
309 192 104 21 åstundar
428 192 12 21 å
456 193 94 21 kronans
572 192 47 28 jord
643 195 96 26 upptaga
761 192 129 29 Nybyggen,

62 220 60 27 skall,
137 224 59 18 utom
213 220 106 27 frihetsår,
334 221 27 21 de
376 224 80 18 tvenne
479 221 68 21 första
570 221 58 26 åren,
644 222 21 19 af
689 221 82 21 kronan
793 200 68 43 df
876 222 13 20 2

60 252 81 18 tunnor
162 249 42 28 god
229 249 40 21 och
287 249 53 21 strid
356 249 53 28 Räg,
426 249 40 22 och
482 249 38 22 der
535 249 70 28 nägon
621 257 51 20 eger
688 257 58 13 mera
760 251 27 19 än
796 245 13 37 4
831 250 58 25 barn,

62 277 42 21 alla
118 277 69 21 under
202 279 27 19 15
244 277 34 21 års
294 277 64 27 ålder,
373 278 35 20 för
423 278 105 21 hvardera
549 278 62 21 öfver
627 278 37 20 det
679 278 86 26 antalet,
780 277 67 22 undfä
862 279 28 25 1/,

61 308 67 19 tunna
145 306 52 21 strid
214 305 50 26 Säd,
279 306 32 21 till
326 306 49 21 dess
391 306 38 21 det
442 310 78 24 yngsta
536 306 77 21 hunnit
627 306 99 28 uppfylla
742 307 12 20 6
765 306 34 21 års
810 306 80 21 ålder».

62 333 126 23 Sedermera
211 334 46 21 blef
281 342 76 20 genom
380 334 110 28 Kongliga
509 334 91 22 Brefvet
614 334 42 22 den
672 335 27 21 31
716 334 60 21 Mars
792 335 54 21 1786
863 342 27 14 en

61 364 45 20 viss
122 370 82 14 summa
219 363 23 21 af
258 364 74 24 15,000
355 363 46 21 Rdr
424 363 80 28 årligen
520 363 12 21 å
547 366 43 18 stat
612 363 101 28 anslagen
737 363 48 21 icke
800 363 90 21 allenast

61 392 32 20 till
110 391 137 22 bestridande
267 391 23 21 af
305 391 143 22 kostnaderna
470 392 34 21 för
527 391 209 29 öfverloppsjordars
758 392 132 28 utbrytning,

61 422 52 19 utan
128 420 67 21 äfven
209 420 32 20 till
256 420 116 21 understöd
387 420 35 21 för
440 420 89 28 torftiga
551 420 130 28 nybyggare.
711 420 40 21 Ett
773 420 117 28 synnerligt

62 448 46 21 skäl
124 448 35 21 för
174 448 199 28 äterupplifvandet
387 449 24 20 af
426 449 112 28 principen
553 449 6 20 i
575 448 64 21 dessa
669 448 55 21 gamla
737 448 153 28 författningar

62 478 63 26 utgör
139 477 36 20 för
189 477 66 27 öfrigt
271 477 42 21 den
329 477 185 28 omständigheten
534 480 37 23 att,
587 478 6 20 i
608 477 102 21 händelse
726 477 104 21 komitens
846 477 44 20 för-

62 505 47 28 slag
124 513 72 13 vunne
211 505 75 28 nädigt
307 505 109 28 afseende,
438 507 68 20 större
528 505 77 22 vidder
620 505 23 22 af
658 505 144 28 kronojorden
818 505 72 22 blefve

63 533 34 22 för
112 533 184 28 odlingsändamäl
312 534 122 28 anslagna».

131 562 113 21 Tahtoisin
267 563 64 20 tähän
353 563 63 21 lisätä
438 563 220 27 'anomuksentekijäin
682 563 151 27 perusteluista
852 570 39 14 sen

62 590 178 28 huomautuksen,
261 592 44 20 että
328 591 122 28 uutistaloja
466 592 57 20 eivät
537 591 88 28 yleensä
646 590 118 22 varakkaat
779 590 62 22 lähde
856 598 34 14 ra-

62 618 134 27 kentamaan,
211 626 54 14 vaan
282 626 26 14 on
324 619 64 21 heillä
403 620 67 28 kyllin
486 620 119 20 tilaisuutta
615 619 86 21 meidän
711 626 101 14 avarassa
821 626 69 14 maas-

62 654 81 14 samme
158 651 60 18 ostaa
242 648 95 21 valmiita
359 648 71 28 taloja.
459 648 39 21 Jos
514 649 37 20 siis
567 648 136 21 tehokkaalla
720 648 80 21 tavalla
814 647 77 21 tahdo-

62 679 50 18 taan
135 676 82 22 edistää
240 677 63 27 asiaa,
325 677 49 28 joka
397 684 27 14 on
448 677 131 21 maallemme
602 676 67 28 hyvin
689 676 80 25 tärkeä,
784 677 43 20 niin
843 676 47 21 olisi

62 706 60 26 myös
138 712 23 14 se
177 705 58 28 puoli
258 706 85 27 asiasta,
364 706 66 28 jonka
452 705 149 21 vastalauseen
624 706 74 20 toinen
720 706 62 27 ponsi
798 704 92 27 sisältää,

62 736 97 19 otettava
174 733 121 22 huomioon.

131 790 32 22 Pä
177 790 70 28 grund
262 790 23 22 af
299 790 27 22 de
339 790 89 22 sälunda
446 790 83 28 afgifna
543 790 130 29 yttrandena
684 790 159 22 öfverlemnade
856 790 34 21 Hr

62 818 209 22 Landtmarskalken
287 819 32 21 till
334 820 25 20 R.
375 827 18 13 o.
409 820 39 20 A:s
465 820 132 20 besvarande
613 818 95 29 följande

253 905 446 28 Omröstningsproposition:

132 961 40 26 De,
187 969 46 14 som
249 961 115 28 godkänna
382 961 121 22 Utskottets
519 961 143 27 betänkande,
677 963 58 20 rösta
750 962 30 28 ja;

132 1019 77 20 vinner
231 1019 41 28 nej,
293 1018 38 21 har
345 1019 26 20 R.
386 1026 19 13 o.
421 1019 25 20 A.
469 1019 97 27 godkänt
584 1026 26 13 en
625 1019 117 21 resolution
765 1019 7 20 i
795 1017 95 29 enlighet

64 1047 48 21 med
128 1047 69 21 första
211 1047 106 21 klämmen
333 1047 7 21 i
355 1048 167 20 reservationen.

133 1103 84 22 Genom
233 1107 32 18 att
280 1104 90 21 besvara
389 1104 71 21 denna
482 1105 134 27 proposition
631 1104 48 21 med
696 1103 159 29 öfvervägande
870 1104 21 27 ja

62 1132 115 29 godkände
193 1133 25 21 R.
234 1139 19 15 o.
268 1133 25 20 A.
309 1132 164 29 ifrägavarande
489 1132 140 22 betänkande.

132 1292 121 28 Föredrogs

132 1349 225 21 Ekonomiutskottets
373 1348 117 29 bordlagda
506 1349 135 21 betänkande
657 1348 43 22 N:o
711 1350 26 20 18
753 1350 7 20 i
774 1348 118 28 anledning

63 1378 23 21 af
101 1380 31 19 ett
148 1378 6 20 i
169 1377 165 22 Bondeständet
348 1378 119 20 inlemnadt
482 1378 184 28 petitionsförslag
681 1385 34 13 om
731 1376 121 30 beviljande
868 1376 24 21 af

64 1406 172 21 statsunderstöd
252 1406 23 21 ät
289 1406 122 28 Sällskapet
426 1406 160 22 Uudenmaan
602 1406 85 22 läänin
710 1406 180 28 maanviljelys-

64 1441 83 20 seura;
163 1434 41 22 och
219 1434 45 22 blef
279 1434 58 22 detta
354 1434 136 22 betänkande
505 1438 52 18 utan
573 1434 141 28 anmärkning
728 1434 117 28 godkändt.
