1109 1792
238 130 56 22 1048
486 138 26 16 R.
523 142 17 12 o.
554 138 25 17 A.
592 138 63 17 1900.
679 138 13 17 2
704 139 57 17 Juni.

208 208 32 19 att
262 205 13 21 &
295 206 94 26 marken,
404 206 72 21 sävidt
496 206 42 21 den
560 207 18 27 ej
596 206 78 22 brukas
690 207 32 21 till
737 206 108 28 trädgärd,
861 206 51 22 äker
928 206 50 21 eller
994 208 48 27 äng,

208 234 53 21 eller
281 234 110 22 användes
412 235 31 21 till
463 234 169 29 byggnadstomt
648 236 51 20 eller
714 238 65 18 annat
794 235 69 28 dylikt
878 234 104 27 ändamäl,
997 236 45 20 frö-

208 262 48 21 träd
272 263 156 28 gvarlemnass.
456 263 133 28 Paragrafen
604 264 127 21 förutsätter
746 264 90 21 sälunda
848 264 151 28 uttryckligen,
1009 267 33 18 att

208 291 72 22 denna
296 291 126 29 skogsmark
438 293 42 20 kan
494 292 60 22 odlas
566 293 41 21 och
617 293 83 28 åsyftar
710 293 91 21 sälunda
811 293 49 21 icke
870 293 85 21 absolut
965 292 77 29 skogs-

208 320 67 21 mark.
305 320 44 22 Det
370 321 109 22 förefaller
498 322 45 27 mig
562 321 88 22 alldeles
666 322 104 27 omöjligt,
784 324 32 19 att
837 322 1 20 i
854 329 80 14 samma
949 321 35 28 lag
998 321 43 21 den

209 350 27 20 13
259 350 13 26 &
293 349 69 22 skulle
383 349 47 22 med
451 349 63 22 ordet
529 350 127 28 skogsmark
672 350 71 28 åsyfta
758 350 86 21 absolut
858 350 126 28 skogsmark
1000 350 41 21 och

208 377 44 22 den
268 379 27 20 14
310 379 13 26 $
338 378 72 29 åsyfta
424 378 133 28 skogsmark,
574 386 46 14 som
635 379 36 21 väl
686 379 34 20 för
734 379 96 21 tillfället
844 380 24 19 är
883 379 97 21 bevuxen
991 378 49 21 med

208 406 62 28 skog,
286 414 48 13 men
349 407 87 21 hvilken
452 407 88 22 alldeles
557 407 48 22 icke
616 409 24 20 är
650 407 84 22 absolut
744 407 133 28 skogsmark,
887 410 51 19 utan
948 409 93 20 tvärtom

208 435 35 21 för
258 435 75 28 odling
347 435 92 29 lämplig.

278 463 42 28 Jag
335 464 37 21 vill
388 465 47 20 icke
450 465 35 20 för
500 465 44 20 min
560 464 35 22 del
611 466 83 26 strängt
709 464 57 22 hälla
778 464 29 29 pä
819 464 124 22 Utskottets
954 464 87 28 förslag.

208 491 47 22 Det
275 492 42 21 kan
338 492 67 22 hafva
426 494 46 20 sina
494 501 66 20 svaga
582 493 64 22 sidor.
676 493 52 21 Men
750 501 43 20 nog
814 495 45 19 tror
879 493 36 28 jag
932 492 62 27 dock,
1010 495 31 18 att

208 520 126 23 Utskottets
356 521 80 28 förslag
458 524 24 19 är
502 525 32 18 ett
553 521 105 28 framsteg
678 523 6 20 i
701 521 134 22 förhällande
850 522 33 21 till
898 529 29 13 nu
942 521 98 28 gällande

209 549 127 28 stadgande,
346 550 101 21 särskildt
462 551 48 21 med
526 551 103 21 afseende
645 550 57 27 derä,
714 553 32 18 att
758 551 67 27 enligt
835 558 29 13 nu
874 549 98 29 gällande
983 550 58 21 stad-

208 578 78 27 gande,
301 579 34 20 för
350 581 31 19 att
396 587 26 13 en
438 579 139 28 strandegare
593 579 55 22 skall
664 579 71 21 kunna
750 579 64 21 fällas
829 579 32 21 till
876 586 78 14 ansvar
964 579 35 20 för
1010 581 31 18 ett

209 606 167 22 öfverträdande
398 608 22 21 af
441 608 140 28 paragrafens
601 608 118 25 föreskrift,
734 608 37 21 det
792 608 55 21 skall
862 607 72 22 kunna
950 607 92 26 bevisas,

208 638 32 18 att
262 635 42 22 den
324 636 59 28 skog,
399 644 45 13 som
465 637 61 21 vuxit
546 637 30 28 pä
594 637 108 25 stranden,
718 637 39 21 har
769 637 56 20 varit
840 636 71 21 fisken
926 636 33 21 till
973 638 67 26 nytta.

278 664 44 21 För
340 672 53 21 egen
410 665 34 21 del
460 668 43 18 tror
518 666 35 27 jag
569 665 48 22 icke
632 665 38 21 det
684 673 52 14 vore
751 665 32 21 till
798 668 46 18 stor
858 665 72 26 skada,
946 672 34 13 om
995 664 44 21 frä-

207 700 44 20 gan
267 693 35 21 för
316 693 70 22 denna
401 693 57 29 gäng
473 694 69 21 skulle
557 694 24 21 fä
595 694 86 21 förfalla
696 694 41 21 och
752 697 32 18 ett
793 701 58 14 mera
862 693 123 21 öfvertänkt
994 693 45 21 för-

208 721 48 28 slag
270 722 33 21 till
319 724 61 19 nästa
395 723 103 28 landtdag
514 723 154 26 öfverlemnas;
683 730 49 13 men
744 723 33 20 till
788 722 111 29 uppenbar
910 721 66 22 skada
987 729 51 14 vore

210 749 42 28 det,
268 757 35 14 om
318 752 170 21 reservationens
504 751 82 28 förslag
602 751 72 22 blefve
688 751 119 28 godkändt.

279 807 34 21 Hr
330 807 190 22 Svinhufvud:
550 807 43 23 Sen
610 808 80 26 lisäksi,
704 809 52 21 mitä
775 807 138 29 Vapaaherra
927 815 43 14 von
985 807 54 22 Hel-

208 836 48 21 lens
278 843 27 14 on
327 836 100 22 lausunut
442 836 155 23 Valiokunnan
614 837 134 21 ehdotuksen
764 837 175 28 puolustukseksi
954 837 20 27 ja
990 844 49 14 vas-

208 865 45 21 toin
270 865 158 25 vastalausetta,
438 866 102 20 tahtoisin
557 873 55 13 vaan
628 866 144 26 huomauttaa,
787 867 44 19 että
847 868 37 18 tuo
900 867 95 26 määräys
1012 866 27 20 10

209 894 77 20 metrin
308 894 129 28 leveydestä,
452 894 50 28 joka
524 894 52 21 sekä
597 895 204 27 propositsioonissa
822 896 44 19 että
885 894 153 22 Valiokunnan

208 922 140 21 mietinnössä
360 922 128 22 ehdotetaan
500 923 165 28 säilytettävälle
676 923 102 26 metsälle,
790 930 26 14 on
827 922 61 28 tehty
898 922 141 21 Metsähoito-

208 950 131 22 hallituksen
355 951 128 28 esityksestä
498 952 20 28 ja
533 952 69 20 lienee
618 952 37 20 siis
668 952 63 21 aivan
742 952 87 20 riittävä
839 952 59 27 myös
909 958 71 14 meren
991 958 48 14 ran-

208 979 95 21 nikoilla.
333 978 121 23 Senvuoksi
476 981 19 20 ei
517 980 105 21 suinkaan
640 981 89 20 tarvitse
745 980 43 21 olla
802 980 163 20 minkäänlaisia
980 980 59 27 epäi-

208 1007 70 28 lyksiä
300 1007 156 22 Valiokunnan
478 1008 114 22 ehdotusta
608 1011 94 19 vastaan.
732 1009 57 20 Mitä
804 1009 50 20 sitte
869 1008 57 21 tulee
942 1008 96 21 sanoihin

210 1036 118 28 »paljaaksi
350 1037 140 27 raivattako»,
510 1038 44 20 niin
577 1044 27 14 on
625 1037 127 28 jokseenkin
774 1037 79 26 selvää,
869 1038 43 20 että
933 1038 57 20 tässä
1012 1044 27 14 on

208 1064 103 29 kysymys
334 1066 146 20 semmoisesta
502 1066 211 26 metsänhakkuusta,
732 1066 45 28 jota
800 1066 35 20 voi
859 1072 66 14 sanoa
947 1066 92 20 metsän-

208 1093 186 28 paljastamiseksi.
423 1094 60 21 Siinä
498 1094 142 26 asetuksessa,
652 1095 57 27 jossa
719 1096 59 19 tämä
788 1094 66 21 kielto
865 1094 61 21 ensin
936 1094 102 20 esitettiin

208 1121 28 21 eli
258 1122 214 22 kalastussäännössä
493 1123 101 21 vuodelta
616 1124 60 25 1766,
692 1123 88 21 ovatkin
803 1125 62 18 sanat
886 1122 94 22 sellaiset
995 1124 45 19 että

207 1151 66 20 niistä
293 1158 37 13 saa
352 1158 72 14 saman
445 1152 123 27 käsityksen
590 1152 51 20 kuin
664 1152 50 20 mitä
735 1153 59 19 tässä
810 1158 27 14 on
856 1151 125 21 tarkoitettu
1004 1153 35 18 »at

207 1178 71 28 hugga
294 1179 52 21 eller
361 1179 74 29 svedja
451 1180 47 21 bort
513 1180 80 21 sädane
609 1180 151 26 Skogsbackar
776 1179 41 22 och
832 1179 77 21 lundar
924 1192 27 3 —
967 1192 27 3 —
1010 1192 28 2 —

207 1214 52 14 vare
276 1207 116 27 förbudit>,
406 1208 58 28 joten
480 1209 56 20 minä
558 1208 72 22 luulen
652 1208 156 22 Valiokunnan
824 1208 133 21 ehdotuksen
974 1208 64 21 siinä-

207 1235 37 21 kin
266 1236 87 28 pitävän
372 1237 124 27 paikkansa.
526 1237 57 21 Olen
602 1240 87 18 muuten
706 1244 72 14 samaa
794 1236 72 21 mieltä
882 1236 50 21 kuin
952 1236 85 28 Vapaa-

207 1264 63 21 herra
289 1272 41 14 von
350 1264 98 28 Hellens,
463 1267 43 19 että
522 1266 44 20 asia
582 1273 28 13 on
624 1266 128 28 jokseenkin
768 1265 149 28 vähäpätöistä
932 1264 70 22 laatua
1017 1266 21 27 ja

207 1294 45 20 että
267 1293 43 21 niin
327 1293 56 21 ollen
400 1301 27 13 on
443 1294 166 22 samantekevää
624 1294 80 21 kuinka
720 1302 22 13 se
758 1294 49 28 käy.

276 1350 34 21 Hr
325 1351 62 21 Alex.
402 1351 146 22 Aminoff:
578 1351 45 22 Det
642 1359 64 21 synes
721 1353 45 26 mig
781 1353 32 19 att
823 1351 27 21 de
866 1351 172 28 anmärkningar,

200 1385 52 14 som
268 1379 58 21 Frih.
342 1387 42 13 von
400 1379 57 22 Born
472 1380 58 28 gjort
544 1384 58 17 emot
618 1380 123 22 Utskottets
757 1380 89 27 förslag,
861 1380 48 21 icke
922 1379 66 21 sakna
1000 1380 38 20 sitt

206 1407 159 28 berättigande;
386 1410 98 19 tvärtom.
514 1408 47 22 Vid
586 1409 77 21 sädant
684 1408 136 22 förhällande
841 1408 41 21 och
897 1407 28 22 dä
939 1409 35 27 jag
989 1407 48 22 icke

206 1436 43 21 kan
264 1436 63 27 finna,
342 1439 32 18 att
388 1437 42 21 den
442 1437 7 20 i
457 1437 48 21 nåd.
516 1445 60 20 prop.
587 1437 125 21 framstälda
723 1437 157 28 motiveringen
891 1437 67 20 heller
968 1436 69 21 skulle

205 1471 53 14 vara
274 1464 114 27 bindande,
404 1465 68 21 skulle
487 1466 20 27 jag
537 1465 35 21 för
588 1467 42 19 min
647 1465 34 22 del
697 1466 26 21 be
739 1468 33 19 att
786 1465 24 21 fä
822 1465 118 21 framställa
948 1465 38 20 det
993 1465 45 20 för-

205 1493 52 28 slag,
274 1496 32 18 att
320 1493 38 22 det
372 1493 124 29 Höglofliga
508 1473 96 42 Btändet
618 1495 51 20 ville
685 1494 91 21 omfatta
793 1494 37 21 det
842 1493 87 28 förslag,
942 1501 45 14 som
999 1500 37 14 en-

205 1521 39 28 ligt
265 1521 57 22 hvad
342 1521 58 22 Frih.
422 1529 42 15 von
486 1523 56 20 Born
560 1522 125 22 meddelade
698 1523 62 21 äfven
775 1523 7 20 i
791 1522 247 23 Vattenrättsutskottet
