1103 1781
240 110 42 21 958
482 115 24 17 R.
520 120 17 11 o.
549 115 25 16 A.
587 114 62 18 1900.
671 116 24 16 31
707 116 49 20 Maj.

210 192 27 14 m.
253 192 42 14 m».
323 184 68 22 Detta
405 184 110 22 uttalande
530 184 39 21 har
583 186 55 19 ännu
652 185 7 20 i
674 184 42 28 dag
732 192 44 13 som
792 186 22 20 är
829 184 38 21 full
881 184 100 28 giltighet
995 186 41 21 och

210 213 37 21 det
261 213 108 21 förefaller
393 215 42 19 rätt
451 212 143 29 egendomligt
608 216 39 24 att,
661 220 33 14 om
710 212 97 22 enskilda
828 220 99 22 personer
949 213 87 23 beslutit

210 242 32 28 sig
257 242 34 20 för
305 241 141 29 anläggandet
460 242 24 21 af
498 249 26 13 en
538 242 126 28 privatbana
688 242 50 20 med
760 242 40 26 0,75
821 244 78 19 meters
939 242 75 22 spärvidd
1029 244 9 20 i

210 270 63 21 södra
289 270 60 21 delen
363 270 24 22 af
401 270 78 26 landet,
501 278 81 13 samma
600 278 100 20 personer
715 270 68 21 säsom
798 270 107 28 tillfälliga
928 270 111 22 ledamöter

209 300 8 20 i
231 298 209 29 Jernvägsutskottet
460 299 52 28 vilja
533 298 90 29 pätruga
645 299 69 21 denna
736 298 101 30 spärvidd
852 299 28 28 pä
894 299 119 21 statsbanor
1029 301 6 20 i

208 327 47 22 helt
269 328 66 21 andra
353 328 118 28 nordligare
493 328 59 20 delar
567 328 21 20 af
603 327 78 28 landet,
696 330 50 19 utan
761 330 32 18 att
808 328 110 21 resultatet
929 328 23 21 af
967 328 70 22 denna

209 356 112 29 spärvidds
341 356 135 28 användning
498 364 36 13 ens
556 356 81 21 kunnat
658 356 137 26 konstateras,
818 356 88 21 emedan
924 357 40 21 den
980 356 56 22 bana

209 384 65 22 saken
289 386 36 20 rör
339 387 54 19 ännu
408 385 47 21 icke
472 387 22 19 är
508 384 76 29 färdig.
614 384 103 22 Härifrän
732 384 131 22 undantager
877 386 35 28 jag
921 385 41 21 den
973 384 62 22 korta

207 413 153 26 Jokkisbanan,
375 421 44 14 som
439 421 75 19 genom
536 414 32 20 sin
590 414 123 28 obetydliga
733 413 64 29 längd
811 414 48 20 icke
875 414 41 21 kan
930 414 57 28 tjena
1002 414 33 21 till

207 442 122 28 jemförelse
354 442 34 21 för
414 442 124 28 ifrägasatta
559 442 125 22 statsbanor.
713 442 42 28 Jag
777 442 33 21 fär
832 442 72 22 derför
926 442 109 22 vördsamt

208 470 86 27 föreslå,
310 474 33 18 att
356 471 26 21 R.
397 478 18 14 o.
430 471 26 21 A.
471 470 88 22 rörande
581 471 129 29 spårvidden
724 471 66 21 måtte
806 471 104 21 vidblifva
925 472 37 20 sitt
977 471 58 21 förra

207 499 76 22 beslut.

277 557 64 22 Efter
360 556 87 22 härmed
462 556 68 22 slutad
546 557 118 21 diskussion
686 556 158 23 öfverlemnade
858 556 35 22 Hr
907 557 129 21 Landtmar-

208 584 89 23 skalken
313 586 32 22 till
361 585 100 22 Ständets
477 585 129 23 besvarande
622 586 93 28 följande

434 672 376 28 Omröstningsproposition:

275 729 40 26 De,
330 729 73 22 hvilka
431 730 97 21 godkänna
548 730 124 22 Utskottets
687 728 292 29 sammanjemkningsförslag
995 728 38 22 be-

205 753 107 35 träffande
327 734 126 57 spårvidden
469 758 34 22 för
517 758 41 22 den
573 758 205 29 sydösterbottniska
793 758 74 26 banan,
883 759 57 19 rösta
953 758 31 27 ja;

275 816 73 21 vinner
370 816 40 28 nej,
431 816 39 21 har
492 816 25 21 R.
539 823 19 14 o.
578 816 27 21 A.
628 815 110 22 vidblifvit
759 816 37 20 sitt
814 814 58 22 förut
885 815 8 20 i
908 814 65 22 saken
988 814 43 22 fat-

204 843 50 22 tade
271 844 74 22 beslut.

274 901 159 22 Propositionen
448 902 126 21 besvarades
589 902 48 21 med
654 902 39 28 nej,
709 901 85 22 hvadan
809 901 25 22 R.
850 908 18 14 o.
882 901 27 21 A.
923 900 55 22 hade
993 900 38 22 be-

204 929 60 22 slutit
279 930 106 22 vidblifva
399 931 38 21 sitt
450 930 90 28 tidigare
555 931 9 21 i
577 930 76 28 frågan
668 930 82 22 fattade
767 930 73 22 beslut.

272 986 13 21 I
300 987 69 29 öfriga
383 988 59 21 delar
456 988 122 28 godkändes
593 988 218 28 Jernvägsutskottets
826 987 85 28 förslag.

455 1130 237 28 Landtdagskostnader
707 1137 26 17 m.
750 1137 26 16 m.

270 1186 119 30 Föredrogs

272 1243 173 23 Statsutskottets
468 1245 114 29 bordlagda
604 1245 134 22 betänkande
754 1246 41 21 N:o
811 1247 25 20 11
853 1246 8 21 i
875 1246 112 28 anledning
1002 1246 25 22 af

199 1271 48 22 nåd.
262 1280 59 21 prop.
336 1273 42 21 N:o
393 1275 19 25 7,
427 1274 106 28 angående
556 1274 74 28 anslag
651 1274 33 21 till
707 1274 136 22 bestridande
861 1274 23 22 af
903 1274 124 29 landtdags-

199 1300 120 27 kostnader,
339 1301 109 22 äfvensom
464 1303 7 20 i
485 1302 113 28 anledning
620 1303 23 21 af
665 1303 147 28 Bestyrelsens
827 1304 35 20 för
876 1303 111 22 utförande
1003 1304 23 21 af

199 1328 164 23 Ständerhusets
378 1330 140 30 gafvelgrupp
531 1331 32 21 till
579 1331 119 22 Ständerna
712 1331 82 22 aflåtna
809 1332 119 21 berättelse.

268 1386 150 22 Ordföranden
432 1388 8 21 i
450 1388 162 22 Statsutskottet

267 1443 35 21 Hr
315 1444 26 21 L.
355 1444 140 22 Mechelin
510 1445 66 21 utbad
591 1446 32 28 sig
637 1446 76 22 härvid
728 1446 61 22 ordet
803 1446 40 22 och
858 1446 95 29 yttrade:
983 1446 44 29 Jag

197 1470 40 22 ber
252 1471 23 22 få
289 1472 83 28 afgifva
387 1480 26 14 en
427 1473 117 29 förklaring
558 1474 108 28 angående
682 1482 25 14 en
722 1475 163 27 omständighet,
899 1483 45 13 som
955 1475 70 28 möjli-

196 1506 41 22 gen
253 1500 72 22 kunde
338 1508 62 15 anses
414 1502 100 22 innebära
531 1510 25 14 en
574 1503 53 21 liten
641 1503 161 23 inkonsekvens.
828 1483 16 42 i
859 1504 73 28 början
947 1504 24 22 af
985 1504 40 21 sid.
