1106 1739
350 120 87 16 Statens
446 119 233 21 jernvägsbyggnader.
858 113 41 21 903

100 188 36 20 för
156 188 60 21 detta
230 188 76 26 beslut,
321 190 31 18 att
366 187 63 21 dessa
445 186 66 22 borde
534 187 111 21 föranleda
669 186 91 22 Ständet
775 190 33 18 att
823 186 105 22 vidblifva

100 217 38 20 sitt
153 216 59 21 förut
227 217 7 20 i
249 216 67 21 saken
331 216 82 21 fattade
429 216 76 21 beslut.
535 216 34 20 Hr
584 216 94 28 Ramsay
693 216 39 20 har
747 216 66 21 redan
827 214 101 23 framhäl-

100 245 26 21 lit
141 244 27 22 de
183 244 118 22 finansiella
316 244 80 26 skälen,
411 244 72 22 hvilka
499 244 42 27 väl,
555 244 70 21 säsom
641 244 65 22 äfven
721 245 36 27 jag
771 247 51 24 tror,
833 251 52 14 voro
901 243 26 21 de

100 273 106 22 måhända
224 276 54 18 mest
293 272 103 29 vägande,
412 280 47 14 men
475 272 126 22 derutöfver
623 272 135 22 framstäldes
781 273 65 21 äfven
861 272 66 22 andra

100 302 47 21 skäl
162 302 23 21 af
199 301 83 29 ganska
297 304 45 18 stor
357 301 115 29 betydelse.
502 301 76 21 Redan
594 301 37 21 det
646 304 32 19 att
693 301 82 21 besluta
789 309 34 13 om
835 308 26 14 en
871 302 56 27 jern-

100 331 112 27 väeslinje,
228 330 64 21 hvars
308 330 128 28 anläggning
453 330 70 21 skulle
539 330 87 49 betinga
641 338 26 13 en
684 330 91 21 kostnad
792 330 23 21 af
829 330 98 27 omkring

100 360 90 26 130,000
206 359 60 21 mark
289 366 31 14 per
335 358 116 27 kilometer,
474 358 51 22 eller
546 358 84 22 således
653 358 98 28 omkring
766 358 90 22 dubbelt
870 365 57 14 mera

100 390 27 18 än
142 387 56 21 hvad
215 394 48 14 man
279 366 34 42 för
328 387 65 28 några
408 387 23 21 år
445 387 67 21 sedan
533 386 68 29 ansåg
621 395 52 14 vara
693 394 26 14 en
739 387 81 21 normal
836 386 91 22 kostnad

99 416 35 21 för
148 415 224 36 jernvägsbyggnader
388 416 6 20 i
410 416 48 21 vårt
482 415 57 27 land,
561 416 66 21 redan
650 416 37 21 det
709 418 32 19 att
763 416 83 21 besluta
861 423 26 13 en
903 415 24 21 så

100 444 40 28 dyr
154 444 50 28 linje
219 445 6 20 i
246 452 24 13 så
284 444 124 28 folkfattiga
423 444 81 22 trakter
519 452 46 14 som
581 444 62 22 dessa
659 444 68 22 måste
743 444 68 22 väcka
822 447 57 18 stora
891 444 36 21 be-

100 473 150 27 tänkligheter.
280 473 78 21 Dertill
373 473 96 21 kommer
484 480 28 14 nu
528 476 31 18 att
575 473 37 21 det
622 474 48 20 icke
681 473 42 21 kan
736 473 108 21 betraktas
855 472 70 22 såsom

100 501 100 29 afgjordt,
220 501 107 22 huruvida
349 502 86 28 Nyslott
453 502 67 21 hellre
536 502 67 20 borde
618 501 112 22 förbindas
745 509 77 20 genom
837 502 89 28 jernväg

99 530 49 24 med
171 530 107 22 Karelska
303 530 69 21 banan
394 532 26 19 än
436 530 48 21 med
501 530 183 26 Savolaksbanan,
699 538 76 20 genom
791 531 89 28 jernväg
894 530 33 20 till

100 559 31 21 S:t
146 558 88 22 Michel.
264 558 49 22 Och
335 559 98 27 slutligen
458 559 35 21 bör
516 558 66 22 också
604 562 61 25 tagas
680 560 6 20 i
703 558 146 28 betraktande,
869 558 57 22 hvad

100 587 102 21 särskildt
217 588 78 28 jemväl
310 587 68 21 under
393 588 151 20 diskussionen
560 587 39 21 här
613 587 134 27 framhållits,
761 587 115 21 huruledes
889 586 37 22 det

99 616 49 21 icke
164 616 41 21 kan
222 623 62 14 anses
300 624 51 13 vara
366 624 26 13 en
407 616 42 28 god
469 616 177 28 jernvägspolitik
662 618 32 19 att
709 616 36 21 vid
761 624 80 13 samma
856 615 70 22 landt-

100 645 42 27 dag
158 644 84 22 besluta
264 652 34 14 om
321 644 24 21 så
367 644 76 28 många
465 645 119 28 jernvägar,
607 648 31 18 att
657 652 26 14 en
700 644 35 22 del
750 644 22 22 af
787 644 48 22 dem
851 644 76 22 endast

99 673 43 21 kan
158 673 105 28 påbörjas.
293 673 42 22 Om
350 681 48 14 man
423 674 94 21 besluter
531 674 34 27 sig
579 673 34 22 för
629 681 26 14 en
671 673 66 22 sådan
753 674 55 21 bana
823 681 46 14 som
884 672 42 22 den

99 709 29 14 nu
144 701 163 29 ifrågavarande
322 702 41 21 och
378 702 68 21 tillika
461 702 72 21 anslår
547 710 26 13 en
590 709 89 19 summa,
693 709 77 21 genom
793 702 87 21 hvilken
895 704 32 19 ett

99 730 51 21 eller
171 738 39 21 par
232 731 60 20 tiotal
313 731 112 21 kilometer
439 731 23 21 af
477 731 123 21 densamma
623 731 71 21 kunna
717 731 80 21 utföras
813 730 67 21 under
894 731 32 20 in-

99 759 121 21 stundande
236 759 148 28 finansperiod,
400 759 76 22 binder
491 767 48 14 man
560 759 123 28 derigenom
699 759 131 22 Ständernas
845 758 81 22 händer

99 787 35 21 för
148 788 177 21 nästkommande
340 788 103 27 landtdag
457 788 28 28 på
501 791 30 18 ett
547 788 78 21 sådant
639 790 48 25 sätt,
703 791 31 18 att
749 788 26 21 de
791 788 90 21 likasom
896 795 29 13 nu

98 815 66 22 redan
181 816 36 21 vid
234 816 70 21 denna
320 816 39 21 och
375 816 36 22 vid
428 818 54 20 1897
498 817 35 21 års
548 816 103 28 landtdag
667 817 134 28 väsentligen
816 816 67 21 måste
893 816 33 21 in-

98 845 94 20 skränka
215 845 33 28 sig
270 845 32 21 till
324 848 31 18 att
375 845 79 28 bevilja
476 845 75 28 anslag
565 845 33 21 till
613 845 65 21 redan
702 845 98 22 beslutna
814 845 113 28 jernvägar

98 873 52 21 eller
173 873 67 22 också
262 876 32 19 att
315 873 34 22 för
370 881 41 20 nya
433 874 226 28 jernvägsbyggnader
680 874 76 21 endast
770 873 61 22 anslå
845 873 82 21 sådana

98 909 100 19 summor,
208 909 46 14 som
270 902 64 21 räcka
349 903 31 20 till
396 905 31 18 att
441 903 44 28 just
499 903 67 27 jemnt
585 902 87 29 påbörja
686 903 71 26 banor,
768 910 48 14 men
831 901 48 22 icke
895 902 32 20 vi-

99 929 57 22 dare.
186 931 44 20 Det
246 932 22 19 är
284 933 31 19 att
330 930 95 29 beklaga,
440 934 32 18 att
487 931 40 21 alla
543 931 27 21 de
585 931 57 28 goda
659 931 53 26 skäl,
722 939 45 13 som
777 932 7 20 i
794 931 59 21 detta
863 929 62 22 stånd

97 959 118 21 framstälts
236 960 6 20 i
261 959 72 27 saken,
348 959 48 22 icke
412 959 65 22 hafva
492 960 90 21 kommit
597 959 27 22 de
640 960 69 28 öfriga
732 959 90 22 stånden
837 959 33 21 till
885 959 41 25 del,

97 995 49 13 men
168 987 35 22 för
223 989 43 20 min
289 988 34 21 del
343 995 63 14 anser
425 989 36 27 jag
481 991 38 23 att,
538 988 28 21 dä
580 988 26 21 R.
622 995 19 14 o.
656 989 27 21 A.
699 988 38 21 har
752 988 46 21 haft
814 988 24 21 sä
853 987 72 22 starka

97 1016 46 21 skäl
160 1016 34 21 för
209 1017 38 20 sitt
263 1017 75 27 beslut,
353 1016 91 22 Ständet
459 1017 66 21 också
542 1017 66 21 borde
623 1017 108 21 vidblifva
745 1017 124 21 detsamma.

166 1073 34 21 Hr
215 1073 25 22 L.
255 1073 166 22 Mechelin:
441 1069 15 36 1
478 1074 68 21 likhet
561 1074 48 21 med
626 1074 57 21 Frih.
698 1074 80 21 Wrede
793 1075 24 20 är
831 1074 36 27 jag
882 1081 43 20 nog

96 1101 24 22 af
144 1101 42 22 den
209 1102 89 28 äsigten,
320 1105 31 18 att
373 1102 25 21 R.
418 1110 19 13 o.
451 1103 28 20 A.
494 1103 69 21 skulle
579 1103 66 21 hafva
661 1105 31 18 att
707 1103 62 21 stöda
783 1103 34 27 sig
832 1102 27 29 pä
876 1102 49 21 fullt

96 1130 75 28 giltiga
193 1131 52 26 skäl,
262 1138 34 14 om
312 1130 91 22 Ständet
417 1131 87 28 afböjde
520 1131 42 21 den
577 1131 136 28 inbjudning,
728 1139 44 14 som
789 1131 112 21 innehäres
917 1131 7 20 i

96 1159 68 21 första
179 1159 106 21 klämmen
302 1159 39 21 sid.
355 1161 20 20 4.
394 1159 44 22 Det
453 1161 24 20 är
492 1159 66 22 ocksä
574 1159 77 22 endast
666 1160 56 21 efter
736 1160 91 28 mycken
838 1159 87 26 tvekan,

96 1195 45 13 som
164 1188 36 27 jag
222 1188 36 21 det
280 1187 89 22 oaktadt
391 1188 38 21 har
447 1188 91 21 kommit
552 1188 33 21 till
601 1188 42 21 den
658 1188 173 29 uppfattningen,
847 1190 32 19 att
893 1190 32 19 ett

96 1215 186 29 tillmötesgående
304 1216 33 22 till
359 1224 26 13 en
404 1217 44 21 viss
469 1217 53 28 grad
541 1220 45 18 mot
607 1217 27 21 de
649 1217 70 28 öfriga
735 1217 103 22 ständens
854 1216 71 21 beslut

96 1244 40 22 här
150 1245 42 21 kan
210 1253 50 13 vara
276 1245 23 21 af
314 1245 162 22 förhällandena
491 1245 116 29 päkalladt.
637 1245 44 22 Det
696 1247 23 20 är
735 1246 106 28 nämligen
857 1245 67 26 fallet,

96 1276 32 18 att
150 1274 104 28 förslaget
269 1281 34 14 om
320 1270 86 37 Nyslott
425 1274 222 22 -Elisenvaarabanan
664 1274 49 22 icke
728 1274 84 22 daterar
827 1274 32 28 sig
875 1274 48 21 från

95 1302 117 28 gärdagen,
231 1305 50 19 utan
296 1302 65 22 redan
377 1302 91 28 tidigare
484 1304 56 20 varit
555 1303 23 21 af
593 1303 122 21 Ständerna
730 1302 120 22 omfattadt.
880 1302 44 21 Det

96 1338 65 20 synes
184 1330 72 22 säsom
274 1331 69 21 skulle
358 1331 170 29 konsegvensen,
543 1332 7 20 i
565 1332 103 21 händelse
684 1331 36 22 vid
736 1332 70 21 denna
821 1330 103 28 landtdag

96 1358 48 22 icke
165 1367 30 13 nu
211 1360 70 20 beslut
296 1360 66 20 fattas
378 1367 34 14 om
427 1360 82 21 banans
525 1360 120 28 byggande,
661 1360 69 21 mästa
745 1360 69 21 blifva
829 1360 48 25 den,
893 1362 31 18 att

96 1388 136 28 proposition
247 1388 74 22 derom
336 1388 107 22 förelades
458 1388 178 23 nästkommande
651 1388 109 28 landtdag.
789 1388 75 22 Skulle
874 1395 49 14 man

97 1416 37 21 vid
152 1416 71 22 denna
238 1416 103 28 landtdag
355 1416 65 22 redan
436 1417 55 21 fatta
506 1417 71 21 beslut
591 1417 74 21 derom
681 1417 40 21 och
738 1417 77 28 bevilja
831 1419 32 19 ett
871 1416 52 28 jem-

95 1444 114 22 förelsevis
232 1446 60 26 ringa
316 1445 84 29 belopp,
421 1445 24 21 sä
465 1446 69 21 skulle
550 1446 158 22 kontinuiteten
724 1446 7 21 i
746 1445 51 22 vära
812 1446 111 28 jernvägs-

96 1473 126 28 byggnader
243 1474 62 20 ställa
326 1474 33 27 sig
375 1474 48 21 icke
438 1474 134 28 väsentligen
589 1474 133 22 annorlunda
737 1476 26 19 än
779 1482 35 13 om
830 1473 93 22 beslutet

95 1501 55 21 först
165 1502 37 21 vid
218 1504 61 19 nästa
294 1502 104 28 landtdag
412 1502 85 22 komme
513 1503 32 21 till
560 1502 70 22 stånd.
655 1502 36 22 Då
704 1505 32 19 tre
750 1502 62 22 stånd
824 1502 99 21 omfattat
