1100 1775
251 129 55 21 1060
501 135 25 17 R.
539 140 18 12 o.
570 136 25 16 A.
608 135 62 17 1900.
694 136 13 16 2
718 136 59 17 Juni.

221 201 27 31 $$
271 202 140 36 Kyrkolagen
433 203 94 29 stadgar,
549 206 32 19 att
603 204 48 22 icke
675 212 37 13 ens
732 203 86 22 skilnad
833 203 33 21 till
881 204 54 27 säng:
949 202 40 22 och
1004 205 46 19 säte

220 232 43 21 kan
278 239 29 21 på
321 232 80 28 antydd
417 232 68 28 grund
502 232 96 30 beviljas,
609 233 65 21 innan
687 232 105 22 särskilda
802 232 121 28 omgångar,
934 231 116 22 bestående

221 260 47 22 dels
284 260 7 21 i
306 261 91 27 varning
415 260 26 26 af
463 260 136 29 kyrkoherde
619 261 42 21 och
677 261 114 28 kyrkoråd,
806 260 46 22 dels
868 261 6 21 i
889 259 161 29 förhandlingar

221 288 58 22 inför
301 288 90 22 domstol
413 289 48 21 med
485 289 119 28 åtföljande
627 290 67 26 böter,
710 290 101 28 föregått,
832 296 63 22 synes
911 289 37 21 det
962 288 48 22 med
1026 288 24 22 så

220 317 87 29 mycket
321 319 68 20 större
404 318 45 21 skäl
465 318 54 21 böra
533 318 84 22 fordras
633 321 38 21 att,
687 318 39 22 der
741 318 153 28 äktenskapets
917 317 133 29 upplösande

219 346 7 21 i
243 346 131 28 dispensväg
388 346 63 22 sökes
467 346 28 29 på
509 347 69 28 grund
594 347 23 21 af
631 347 95 21 rådande
750 346 101 28 oenighet
871 346 99 21 makarne
986 346 64 20 emel-

220 374 41 26 lan,
278 374 76 22 sådant
369 374 129 22 åtminstone
513 375 48 22 icke
578 375 34 21 må
627 376 121 28 medgifvas
764 375 49 21 med
829 375 81 21 mindre
927 374 62 22 dessa
1004 381 45 14 om-

219 403 83 29 gångar
317 403 72 22 blifvit
399 404 132 28 iakttagna».

290 432 34 21 Hr
347 439 41 15 von
411 432 119 22 Haartman
546 432 39 22 har
600 433 100 29 besparat
715 434 44 26 mig
774 432 37 22 det
825 432 151 28 tvifvelaktiga
992 432 58 28 nöjet

220 462 31 20 att
274 460 89 29 uppläsa
390 462 4 27 $
419 462 38 20 101
481 462 7 20 i
511 461 147 29 Kyrkolagen.
687 462 43 27 Jag
752 462 37 20 vill
812 461 76 21 endast
910 460 140 28 komplettera

219 489 54 21 hans
289 489 118 22 anförande
421 497 78 21 genom
515 493 31 18 att
561 490 90 28 uppläsa
666 490 37 21 det
718 490 67 21 andra
801 490 22 21 af
838 490 152 27 Lagutskottet
999 488 51 22 åbe-

219 518 80 28 ropade
315 518 125 28 lagrummet
457 520 11 20 1
486 520 11 25 $
515 520 27 20 14
557 520 49 27 kap.
622 518 213 22 Giftermälsbalken.
861 518 43 21 Det
915 518 69 28 lyder:
1002 517 48 21 >Då

219 546 37 22 hat
271 546 41 22 och
327 546 102 22 bitterhet
444 548 90 20 emellan
551 555 48 13 man
615 548 42 21 och
675 548 75 20 hustru
766 547 24 21 så
806 546 51 22 råda
873 546 41 27 får,
930 549 31 19 att
976 546 26 22 de
1018 546 32 22 ef-

219 578 34 19 ter
267 576 91 28 varning
373 576 18 28 ej
408 576 77 29 sämjas
501 576 81 27 kunna;
599 576 27 21 då
641 576 54 21 skall
710 576 80 21 Rätten
809 575 82 29 pröfva,
908 575 56 22 hvad
982 575 68 21 heller

219 603 85 28 endera,
314 604 51 21 eller
380 604 68 29 bägge
464 605 37 21 det
516 605 62 26 vålla,
593 605 41 22 och
650 605 50 21 böte
715 605 42 21 den
774 605 111 28 brottslige
901 604 22 21 af
938 605 32 20 sin
985 604 41 21 lott
1041 605 7 20 i

220 633 56 25 boet,
298 633 67 21 första
402 633 69 28 gången
494 633 105 29 tjugufem
623 633 65 27 daler,
711 633 42 22 och
771 633 67 22 andra
854 633 85 28 gången
954 632 94 22 dubbelt.

218 660 78 23 Vållar
311 669 121 14 annandera
449 669 50 20 mer,
514 662 41 21 och
570 662 124 21 annandera
709 662 89 25 mindre,
822 661 65 22 varde
904 661 82 22 straffet
1001 661 48 21 der-

219 689 56 22 efter
291 690 99 28 lämpadt.
419 690 56 22 Låta
491 691 27 21 de
533 691 34 28 sig
582 691 19 28 ej
617 691 67 21 heller
699 691 62 21 deraf
776 692 63 24 rätta,
855 690 63 21 döme
929 690 28 21 då
969 690 79 21 Rätten

218 718 32 22 till
266 719 84 20 skilnad
367 719 28 28 på
410 719 70 28 någon
496 719 32 21 tid
544 719 30 21 till
591 721 54 27 säng
659 719 41 22 och
708 721 67 20 säte».

288 747 43 21 Det
346 749 24 19 är
384 754 29 15 nu
428 748 70 21 denna
528 748 91 28 procedyr
635 748 47 21 med
701 748 43 21 fem
761 747 58 22 olika
833 747 78 28 grader
925 747 24 21 af
963 747 85 21 varnin-

217 783 44 20 gar,
277 775 40 22 den
333 783 41 14 ena
388 777 32 20 till
436 776 173 22 beskaffenheten
625 785 58 13 mera
698 790 28 2 —
741 778 35 27 jag
791 776 79 21 tillåter
885 775 163 29 mig”uttrycket

219 817 26 2 —
263 804 78 21 barock
357 806 26 19 än
400 805 40 21 den
456 805 67 21 andra
538 805 40 22 och
594 808 32 19 tre
637 805 69 22 skilda
717 805 160 28 lagsökningar,
888 804 159 22 kulminerande

218 832 56 22 först
288 834 7 19 i
311 833 61 21 böter
394 833 39 22 och
456 833 94 22 derefter
565 835 6 20 i
587 833 84 22 skilnad
691 834 32 21 till
739 836 54 25 säng
807 813 41 42 och
863 835 52 25 säte,
930 840 45 14 som
991 833 57 27 Lag-

217 861 106 21 utskottet
338 861 92 29 påyrkar
442 865 32 18 att
489 862 54 21 först
559 863 66 20 borde
641 863 84 21 komma
741 863 33 20 till
789 862 140 28 tillämpning,
946 869 34 13 om
996 861 52 21 skil-

218 889 43 21 nad
277 889 28 29 på
319 890 69 28 grund
404 890 23 21 af
442 891 108 28 missämja
570 891 54 21 skall
648 891 72 21 kunna
741 891 90 27 beviljas
846 903 28 2 —
889 890 69 21 denna
973 897 75 21 proce-

218 918 47 28 dyr,
288 925 45 14 som
356 926 39 14 var
417 919 126 28 antiqverad
564 919 66 21 redan
652 919 24 21 år
691 920 62 25 1869,
769 918 28 22 då
812 919 139 28 Kyrkolagen
966 918 81 27 utkom,

217 946 42 22 och
275 954 44 14 som
335 947 72 21 säkert
422 949 23 19 är
460 948 37 20 det
512 950 56 19 ännu
585 956 58 13 mera
658 956 34 13 nu.

287 975 25 21 Jag
350 976 42 20 kan
414 976 34 21 för
470 977 43 20 min
538 976 34 22 del
595 977 48 21 icke
659 977 94 21 erkänna
769 979 32 19 att
816 976 37 21 det
867 976 123 21 förfarande
1005 975 42 22 Ut-

219 1003 82 21 skottet
330 1006 23 19 här
368 1004 92 28 påyrkar
475 1005 32 21 till
517 1005 114 21 införande
642 1012 51 14 vore
709 1006 7 20 i
732 1005 67 28 något
809 1005 103 21 afseende
923 1004 124 22 önskvärdt.

218 1031 33 23 Ur
266 1032 223 29 laglighetssynpunkt
504 1035 23 19 är
542 1034 37 20 det
593 1034 38 20 det
646 1034 54 26 icke,
714 1036 24 26 ty
749 1034 27 21 de
787 1034 136 21 föreskrifter
933 1040 43 14 som
988 1034 58 20 inne-

216 1060 69 22 hållas
300 1061 6 21 i
323 1062 26 20 14
365 1061 48 29 kap.
429 1061 205 22 Giftermålsbalken
650 1062 41 22 och
706 1063 6 20 i
730 1062 13 29 &
760 1063 40 21 101
817 1062 23 21 af
855 1062 138 28 Kyrkolagen
1009 1063 37 19 äro

217 1088 90 22 afsedda
323 1092 30 18 att
370 1090 68 21 förmå
453 1091 76 27 oeniga
551 1090 74 22 makar
647 1091 32 21 till
702 1091 93 28 enighet,
811 1091 47 21 icke
874 1093 31 19 att
919 1092 74 26 utgöra
1009 1090 37 20 nå-

216 1124 43 21 gon
275 1118 144 22 förberedelse
442 1119 32 21 till
495 1119 91 21 skilnad.
616 1119 94 21 Innebär
733 1119 131 28 beviljandet
879 1119 23 21 af
916 1119 87 28 dispens
1018 1118 28 28 på

216 1146 70 28 grund
302 1146 23 21 af
341 1146 76 22 endast
431 1148 108 28 missämja
555 1155 26 13 en
597 1148 121 28 olaglighet,
732 1148 25 20 så
773 1148 128 20 förminskas
917 1147 41 21 den
974 1147 72 21 derför

216 1174 49 22 icke
280 1182 76 21 genom
373 1178 31 19 att
419 1177 12 26 $
448 1177 39 20 101
504 1177 7 20 i
527 1176 139 29 Kyrkolagen
682 1177 55 21 först
749 1177 78 21 vunnit
841 1176 139 29 tillämpning.
996 1176 50 21 Och

216 1211 25 13 ur
265 1203 245 30 lämplighetssynpunkt
532 1205 38 21 har
586 1205 132 21 förfarandet
734 1207 58 19 ännu
808 1205 82 21 mindre
905 1205 46 20 skäl
961 1204 34 21 för
1005 1205 41 27 sig,

216 1234 23 25 ty
263 1239 33 14 om
319 1233 67 27 nägot
408 1235 35 19 äro
467 1234 34 20 väl
525 1233 109 28 offentliga
655 1234 163 27 förhandlingar
833 1233 56 21 inför
903 1233 92 21 domstol
1010 1241 35 13 om

215 1261 85 49 Dn
315 1261 101 21 inbördes
432 1262 178 28 misshälligheter
631 1262 82 28 egnade
730 1265 32 18 att
779 1262 98 21 nedsätta
892 1261 152 29 äktenskapets

231 1296 56 21 elgd.

285 1317 50 22 Mot
349 1318 158 28 dispensrätten
523 1320 7 20 i
545 1319 332 28 äktenskapsskilnadsärenden,
893 1318 66 21 sädan
974 1319 71 21 denna

215 1347 43 20 rätt
272 1346 96 21 utöfvats
385 1347 38 21 hos
438 1355 41 18 oss,
489 1347 38 21 har
541 1348 36 27 jag
592 1347 73 22 derför
679 1348 48 21 icke
743 1347 67 28 något
825 1350 65 18 annat
903 1349 32 19 att
945 1347 100 21 anmärka

215 1376 27 19 än
258 1377 31 18 att
305 1375 36 21 det
357 1383 25 13 ur
397 1375 256 30 lagstiftningssynpunkt
670 1384 50 13 vore
737 1376 47 21 skäl
800 1379 37 22 att,
847 1375 71 22 säsom
933 1376 7 20 i
955 1375 89 28 Sverige

215 1403 81 21 skedde
311 1403 66 22 redan
393 1411 77 20 genom
486 1412 26 13 en
532 1405 129 28 förordning
676 1405 24 21 af
715 1405 63 26 1810,
795 1405 36 20 det
846 1404 68 21 skulle
931 1404 113 21 öfverlem-

214 1439 39 14 nas
269 1431 23 22 ät
307 1431 93 22 domsto!
422 1435 32 18 att
476 1433 120 28 handlägga
618 1441 25 13 en
659 1433 35 21 del
710 1434 23 20 af
748 1433 28 21 de
792 1433 99 26 ärenden,
907 1440 45 13 som
968 1440 28 13 nu
1012 1432 33 21 af-

213 1461 64 26 göras
292 1461 6 20 i
314 1460 136 29 dispensväg,
466 1461 26 21 de
507 1461 38 21 fall
561 1462 112 27 nämligen,
684 1462 27 21 dä
726 1462 89 27 dispens
831 1461 139 28 regelbundet
985 1460 59 21 med-

214 1488 66 29 delas,
295 1489 70 22 säsom
382 1489 28 21 dä
425 1489 78 22 endera
519 1491 75 20 maken
611 1490 70 21 dömts
696 1491 33 20 till
741 1490 180 27 lifstidsfängelse
932 1490 50 21 eller
994 1489 50 21 blif-

214 1517 32 21 vit
261 1518 120 28 vansinnig.
411 1518 11 21 I
437 1518 80 22 sädana
532 1519 38 20 fall
586 1519 65 21 borde
667 1519 41 21 den
724 1519 68 21 andra
807 1526 40 21 ega
863 1526 26 13 en
904 1520 43 19 rätt
961 1521 31 18 att
1007 1517 37 22 vid
