1089 1795
226 127 43 21 950
473 134 24 17 R.
511 138 18 13 o.
543 134 25 17 A.
581 134 62 17 1900.
669 133 24 17 31
704 133 49 20 Maj.

197 202 77 21 verket
288 201 48 22 icke
351 209 51 14 vore
418 201 70 28 nägon
504 202 85 27 lösning
604 202 45 25 alls,
665 204 51 19 utan
732 201 75 22 endast
822 203 31 19 ett
865 200 159 28 uppskjutande

198 230 24 21 af
236 230 38 21 det
288 230 86 28 slutliga
389 230 128 28 afgörandet
531 231 133 21 beträffande
680 230 138 28 ändpunkten
834 229 34 21 för
884 229 75 26 banan,
974 236 50 14 men

197 261 32 18 ett
244 259 164 28 uppskjutande,
424 267 45 13 som
484 259 35 21 för
534 259 41 22 den
591 258 179 29 mellanliggande
782 258 58 21 tiden
857 257 41 22 och
908 257 54 21 intill
974 257 49 22 dess

197 287 71 21 banan
290 287 72 21 blefve
382 287 123 22 fullbordad
523 288 69 21 skulle
614 287 97 22 medföra
726 290 31 19 ett
772 289 87 19 motsatt
875 286 89 21 resultat
979 289 45 18 mot

196 315 59 22 hvad
271 323 47 14 man
334 316 84 26 önskar,
433 316 70 21 säsom
519 317 41 21 ock
575 317 36 20 Hr
625 316 99 28 Ramsay,
740 316 90 27 August,
841 315 121 21 framhällit.
982 314 42 28 Jag

197 345 43 20 kan
263 344 73 21 derför
356 345 48 21 icke
427 348 66 18 annat
512 345 57 21 finna
583 347 27 19 än
627 348 30 18 att
673 345 41 20 den
731 346 66 26 utväg
811 343 213 28 Jernvägsutskottet

196 373 40 21 har
255 373 46 21 valt
319 376 31 18 att
372 373 88 28 inbjuda
482 374 31 21 till
529 373 104 22 förstärkt
648 373 83 21 utskott
745 374 6 20 i
768 373 40 21 och
823 373 34 20 för
872 373 33 27 sig
921 373 23 20 är
958 372 66 27 riktig

197 401 42 22 och
262 401 68 28 egnad
353 404 31 19 att
406 402 46 21 föra
474 403 32 20 till
530 402 69 21 mälet.
629 402 42 28 Jag
693 402 38 21 har
753 401 66 22 ocksä
840 401 60 21 svärt
921 403 30 18 att
966 400 58 21 före-

197 430 63 21 ställa
282 431 50 26 mig,
352 433 32 18 att
406 431 41 20 den
470 431 22 20 af
512 431 35 20 Hr
562 431 130 24 Grotenfelt,
707 430 86 25 Gustaf,
808 429 95 21 uttalade
918 429 105 27 farhägan

197 458 69 21 skulle
289 466 51 13 vara
362 459 105 28 grundad,
485 461 32 19 att
536 459 107 28 nämligen
659 459 27 20 de
701 459 70 27 öfriga
785 457 90 22 ständen
891 457 48 22 icke
954 457 69 21 skulle

198 487 95 21 befinnas
316 495 51 13 vara
389 487 73 28 villiga
480 490 31 19 att
527 487 89 28 bidraga
632 487 32 21 till
679 495 27 13 en
722 487 67 21 sädan
805 487 85 27 lösning
904 486 23 21 af
941 485 82 28 frägan.

196 515 34 28 Ty
253 523 35 14 om
308 523 48 20 man
378 516 42 26 vill,
436 519 32 18 att
483 523 26 14 en
525 517 89 28 jernväg
629 516 55 21 skall
700 516 81 28 byggas
797 515 47 21 frän
860 514 109 29 Seinäjoki
984 522 38 20 ge-

196 551 51 14 nom
263 544 63 21 södra
342 545 140 21 Osterbotten
497 546 102 27 antingen
615 545 32 20 till
663 545 76 20 Kaskö
755 544 51 21 eller
816 543 153 26 Kristinestad,
980 543 42 21 kan

196 580 49 13 man
262 573 22 28 ju
300 573 47 21 icke
362 575 101 19 motsätta
478 574 33 27 sig
526 577 31 17 ett
571 573 118 28 afgörande
705 573 28 28 pä
748 573 59 21 detta
818 574 47 24 sätt,
874 575 23 25 ty
908 572 35 21 det
954 571 68 22 skulle

196 602 22 27 ju
241 601 39 22 bra
294 602 87 28 mycket
396 604 72 19 närma
484 603 33 27 sig
532 610 25 13 en
574 602 141 25 obstruktion,
731 609 45 14 som
791 602 34 27 jag
840 601 48 21 icke
904 601 37 20 vill
956 600 66 21 tilltro

196 629 142 22 medständen
362 633 30 18 att
417 638 52 13 vara
491 631 48 20 med
563 638 40 14 om.
634 631 36 20 Nu
692 630 71 21 kunde
779 630 36 21 det
830 629 125 28 visserligen
972 637 50 13 vara

196 658 46 21 skäl
266 662 37 24 att,
322 659 70 21 säsom
414 659 34 21 Hr
466 660 93 27 Ramsay
575 659 114 29 päyrkade,
705 659 72 21 skrida
793 659 31 20 till
840 661 31 18 ett
886 661 47 25 nytt
948 658 74 21 försök

195 687 33 20 till
244 688 210 28 sammanjemkning.
485 688 42 21 Det
542 690 23 19 är
581 688 86 28 mycket
682 688 35 21 väl
731 687 106 26 tänkbart,
852 690 33 18 att
900 690 31 17 ett
946 686 76 21 sädant

196 715 76 22 försök
293 716 72 21 kunde
380 716 49 21 leda
444 717 32 20 till
492 717 69 21 bättre
577 717 89 21 resultat
681 718 27 19 än
724 716 37 21 det
777 716 66 21 första
859 715 163 28 sammanjemk-

195 744 173 29 ningsförslaget.
397 745 50 22 Och
462 745 69 22 skulle
546 745 73 28 längre
635 745 31 21 tid
682 745 22 21 af
719 744 129 28 landtdagen
864 746 57 19 ännu
936 743 85 27 äterstä,

196 773 70 21 skulle
288 774 35 27 jag
345 776 51 19 utan
420 773 135 22 betänkande
578 774 75 21 förena
675 775 44 27 mig
734 781 34 13 om
784 776 31 18 ett
829 773 77 21 sådant
920 772 102 29 yrkande.

195 801 53 22 Men
272 801 132 22 beträffande
426 803 35 20 Hr
482 803 104 28 Ramsays
609 802 80 28 förslag
705 803 36 20 ber
757 803 35 27 jag
807 801 55 22 först
876 801 23 21 fä
914 801 107 26 anmärka,

196 833 32 18 att
249 830 37 21 det
307 831 89 20 innebär
418 831 66 28 nägot
498 839 57 13 mera
575 833 27 19 än
621 834 32 18 att
672 831 91 21 Ständet
778 830 68 21 skulle
862 829 106 22 vidblifva
983 830 38 20 sitt

195 858 59 21 förra
271 859 74 26 beslut,
360 859 37 21 det
412 860 89 21 innebär
513 863 30 18 ett
559 860 74 27 tillägg
648 859 32 21 till
698 859 59 22 detta
768 859 73 21 ständs
853 858 76 27 beslut,
938 858 83 21 hvilket

194 887 36 27 jag
245 887 49 21 icke
308 895 62 13 anser
385 888 97 28 lämpligt
497 891 31 18 att
542 889 7 20 i
560 888 37 21 det
607 888 72 26 skede,
691 888 60 20 hvari
762 888 65 20 saken
839 895 29 13 nu
879 887 93 21 befinner
982 887 38 27 sig,

194 917 59 26 göra.
282 916 33 28 Ty
331 916 27 21 dä
374 917 204 28 sammanjemkning
593 916 96 27 föreslås,
706 916 37 21 bör
759 916 65 21 saken
837 916 56 20 helst
904 915 116 21 behandlas

195 944 29 28 pä
246 944 38 21 det
305 946 48 25 sätt,
372 948 32 18 att
420 945 91 21 Ständet
525 946 101 27 antingen
643 945 105 21 vidhäller
763 946 37 20 sitt
816 944 70 21 beslut
901 944 51 21 eller
966 943 54 28 god-

194 972 83 22 känner
292 974 237 28 sammanjemkningen.
555 974 77 20 Dertill
648 974 95 20 kommer
755 981 29 13 nu
795 975 37 24 att,
842 974 6 20 i
860 972 101 22 händelse
972 972 48 21 icke

194 1000 68 22 heller
284 1001 59 21 detta
365 1002 70 21 beslut
456 1002 69 21 skulle
547 1003 66 20 vinna
636 1002 202 28 ständerpluralitet,
853 1009 27 13 en
896 1000 77 29 dyrbar
988 1001 31 20 tid

194 1029 70 22 skulle
279 1030 66 22 hafva
360 1025 46 38 gätt
417 1031 97 23 förlorad
530 1038 35 19 nu,
582 1030 28 22 dä
625 1030 77 22 endast
717 1030 66 28 nägra
798 1030 22 21 fä
836 1030 66 28 dagar
917 1029 23 21 af
949 1029 70 21 landt-

194 1058 71 28 dagen
280 1058 86 22 äterstä.
395 1059 42 28 Jag
452 1060 37 20 vill
505 1059 72 21 derför
592 1059 87 21 förorda
693 1058 223 28 Jernvägsutskottets
932 1058 86 28 förslag,

194 1086 73 22 sävidt
286 1086 36 22 det
336 1087 38 28 gär
389 1090 23 18 ut
427 1088 29 28 pä
470 1091 31 18 att
516 1088 120 21 Ständerna
651 1088 68 21 skulle
735 1088 83 20 besluta
833 1090 31 18 att
879 1087 76 27 frägan
970 1086 48 22 icke

193 1114 35 22 fär
250 1116 92 26 förfalla,
365 1119 50 18 utan
438 1116 56 22 hvad
510 1116 140 29 ändpunkten
665 1116 101 22 beträffar
781 1116 86 28 afgöras
882 1122 78 21 genom
975 1115 43 21 för-

194 1144 70 20 stärkt
283 1145 89 21 utskott.
402 1144 75 22 Ocksä
491 1146 7 20 i
513 1145 60 28 fräga
594 1152 34 14 om
644 1144 131 28 spärvidden
791 1144 37 22 ber
842 1145 36 27 jag
893 1144 24 21 fä
931 1144 87 21 förorda

193 1172 224 29 Jernvägsutskottets
432 1174 304 28 sammanjemkningsförslag.

262 1229 34 21 Hr
311 1230 25 21 L.
352 1230 157 22 Mechelin:
531 1230 42 28 Jag
589 1230 38 21 ber
642 1230 23 21 få
679 1230 85 22 ansluta
780 1230 42 27 mig
836 1230 32 20 till
883 1229 58 21 Frih.
956 1229 62 22 Wre-

193 1257 38 21 des
257 1258 109 21 uttalande
392 1259 66 21 ocksä
480 1259 57 21 hvad
559 1259 102 21 beträffar
683 1259 34 21 Hr
738 1259 105 27 Ramsays
858 1258 86 28 förslag.
974 1258 44 21 Det

192 1286 70 21 mäste
277 1287 106 27 nämligen
399 1288 127 27 medgifvas,
541 1290 32 19 att
587 1295 35 13 om
638 1295 48 13 man
702 1288 6 20 i
724 1287 94 28 enlighet
834 1286 48 22 med
896 1286 36 22 det
942 1286 76 27 beslut,

192 1314 26 22 R.
234 1322 19 14 0.
268 1315 26 21 A.
309 1315 39 21 har
370 1316 105 26 omfattat,
497 1316 81 21 lemnar
600 1316 22 21 ät
639 1316 136 28 Regeringen
798 1318 31 18 att
844 1316 82 28 pröfva,
940 1323 77 20 genom

192 1342 90 22 hvilken
303 1344 100 21 kommun
426 1344 70 21 banan
518 1344 48 21 frän
591 1344 110 28 Seinäjoki
715 1344 33 21 till
763 1344 152 25 Kristinestad,
929 1344 88 21 hvilken

192 1371 48 21 stad
264 1371 66 28 enligt
350 1372 27 21 R.
394 1380 19 14 o.
433 1373 39 21 A:s
488 1373 70 21 beslut
573 1373 68 21 skulle
657 1373 68 21 blifva
739 1372 146 28 ändpunkten,
900 1372 68 21 skulle
983 1372 34 27 gä,

191 1401 25 20 är
230 1399 124 29 derigenom
369 1403 57 19 ännu
441 1401 116 28 ingalunda
572 1401 69 28 nägon
657 1401 56 21 skild
729 1401 129 21 koncession
869 1400 61 29 gjord
942 1401 23 20 ät
975 1401 42 20 den

191 1428 63 28 äsigt,
277 1429 66 28 enligt
364 1429 88 22 hvilken
476 1429 69 22 banan
564 1430 67 21 borde
647 1429 76 28 dragas
737 1429 33 21 till
786 1429 82 21 Kaskö.
898 1429 43 21 Det
956 1428 62 26 enda,

192 1464 46 14 som
261 1465 49 14 man
331 1457 72 22 kunde
418 1460 52 26 säga
485 1460 28 25 är,
528 1461 32 18 att
575 1465 34 14 om
625 1459 136 27 Regeringen
777 1457 28 29 pä
818 1457 70 28 grund
904 1457 23 21 af
942 1465 26 13 en
983 1457 35 21 sä-

191 1485 42 21 dan
250 1486 157 29 framställning
422 1487 49 21 frän
486 1487 130 22 Ständernas
632 1487 47 21 sida
693 1487 72 28 gifver
780 1486 22 21 ät
816 1486 70 21 banan
903 1485 41 22 den
960 1493 57 14 mera

191 1514 93 28 vestliga
306 1515 129 28 riktningen,
458 1515 24 22 sä
502 1523 51 14 vore
576 1515 37 22 det
634 1515 156 29 jemförelsevis
809 1515 39 21 lätt
863 1517 32 18 att
910 1514 65 28 draga
990 1521 27 14 en
