1103 1761
235 105 44 21 968
474 112 25 17 R.
512 117 17 11 o.
543 112 25 17 A.
580 112 63 17 1900.
666 112 24 17 31
702 112 49 20 Maj.

206 179 52 21 Men
278 179 57 21 hvad
353 179 112 29 Styrelsen,
481 180 49 21 med
545 180 87 29 respekt
646 180 68 28 sagdt,
730 180 37 22 har
781 181 56 27 gjort
851 181 24 20 är
889 182 32 19 att
936 183 31 18 ett
982 180 52 21 kon-

206 207 184 29 kurrensprogram
409 208 104 22 utfärdats
533 209 134 21 beträffande
682 209 27 21 de
725 208 109 22 blifvande
849 208 185 22 statssubsidierna

206 236 34 21 för
255 238 164 27 smörexporten.
447 237 64 21 Efter
526 237 57 22 hvad
597 238 36 28 jag
645 237 46 22 frän
703 237 169 22 fackmannahäll
884 237 78 26 erfarit,
973 237 60 22 torde

206 265 60 21 detta
287 265 233 29 konkurrensprogram,
540 274 45 13 som
606 267 123 20 tillkommit
749 269 49 18 utan
820 265 68 28 nägon
908 266 125 21 samverkan

205 293 50 21 med
270 293 105 26 fackmän,
390 302 51 13 vara
455 294 24 21 sä
495 295 130 26 beskaffadt,
640 298 32 18 att
689 295 126 28 näppeligen
830 294 64 28 nägot
909 295 67 20 rederi
992 294 41 21 kan

206 321 63 29 ätaga
284 323 32 27 sig
332 326 100 24 exporten
447 322 28 29 pä
489 322 62 22 dessa
566 323 74 21 vilkor.
662 323 63 21 Efter
732 302 59 42 je
802 324 36 27 jag
847 323 53 26 hört,
912 323 54 21 lärer
976 322 56 22 hvad

206 358 48 13 man
276 350 41 22 kan
338 351 91 28 förtjena
443 351 28 29 pä
485 352 116 21 smörfrakt
615 354 46 19 nätt
676 352 40 21 och
730 352 67 28 jemnt
811 351 64 21 täcka
889 358 25 14 en
930 350 103 28 tredjedel

205 380 22 20 af
241 378 42 22 den
299 379 152 28 nettokostnad,
467 388 44 13 som
527 380 93 22 trafiken
633 380 101 29 päkallar.
756 380 94 22 Sälunda
861 380 66 21 mäste
938 380 26 20 de
978 379 55 21 äter-

206 408 89 21 stäende
309 408 38 21 tvä
360 409 152 28 tredjedelarne
528 409 63 22 sökas
606 409 47 22 frän
668 409 66 22 andra
744 409 231 21 fraktkombinationer.
997 408 36 21 Dä

205 444 28 13 nu
249 437 66 28 enligt
330 437 118 28 Styrelsens
464 438 228 29 konkurrensprogram
708 438 107 29 Styrelsen
831 437 68 22 skulle
915 437 118 21 förbehälla

205 465 33 28 sig
253 468 32 18 att
302 466 115 21 bestämma
431 474 33 13 om
481 466 204 25 destinationsurten,
700 469 24 18 är
738 467 37 21 det
786 466 34 22 väl
831 468 74 19 nästan
915 465 117 28 otänkbart,

205 496 32 19 att
252 493 64 29 något
331 494 68 21 rederi
413 495 71 21 kunde
499 495 62 28 ätaga
576 496 33 28 sig
624 503 25 14 en
664 495 66 22 sådan
744 495 71 22 trafik.
845 495 36 21 Då
895 495 91 21 rederiet
1000 502 32 13 ar-

206 522 59 21 betat
286 531 42 20 upp
344 531 25 13 en
384 524 64 25 trade,
464 524 114 28 vanligtvis
598 524 48 21 med
667 527 57 18 stora
746 523 113 22 kostnader
876 524 5 20 i
896 523 80 28 början,
990 523 40 21 och

207 551 43 21 fätt
265 551 41 21 den
321 552 7 20 i
343 551 75 22 sädant
432 552 67 27 skick,
514 555 32 19 att
560 553 92 21 trafiken
665 553 59 21 lönar
734 553 38 27 sig,
784 552 70 21 kunde
864 552 37 21 det
910 559 50 14 vara
970 552 62 21 totalt

205 580 124 20 ruinerande
351 583 37 24 att,
407 581 27 28 pä
454 581 69 28 grund
543 581 24 21 af
586 582 132 20 kontraktets
734 579 74 28 vilkor,
823 581 121 27 öfvergifva
964 580 68 21 denna

205 608 61 21 trade
281 608 55 21 blott
350 608 34 22 för
398 611 169 27 smörexportens
582 610 61 21 skull.
664 610 68 21 Detta
747 609 227 29 konkurrensprogram
988 608 44 27 har,

205 636 56 21 efter
279 636 57 22 hvad
353 638 35 27 jag
406 638 46 21 frän
467 638 169 22 fackmannahäll
653 638 109 26 inhemtat,
777 638 123 21 derutöfver
915 637 66 22 andra
996 637 36 21 be-

204 665 96 28 tänkliga
314 666 62 24 sidor,
391 674 44 14 som
449 668 53 26 göra
516 670 33 18 att
563 675 48 13 man
630 667 55 21 dock
700 667 48 21 icke
763 666 41 22 kan
815 666 49 22 med
875 669 156 18 reservanterne

205 701 50 13 anse
271 694 37 21 det
322 694 107 29 Styrelsen
444 696 89 28 tillgjort
547 704 51 13 vara
613 696 23 21 sä
646 696 135 28 fullständigt
790 695 79 28 egnadt
879 698 31 18 att
920 694 111 29 tillgodose

205 722 106 27 behofvet,
327 726 32 18 att
374 723 117 22 Ständerna
506 724 48 21 icke
569 724 68 21 skulle
652 724 65 22 hafva
728 724 113 28 anledning
851 726 31 19 att
892 723 67 21 uttala
969 723 63 21 önsk-

204 751 110 27 ningsmäl.
342 752 42 28 Jag
398 760 105 21 upprepar
521 756 38 23 att,
574 753 72 21 sävidt
659 754 35 27 jag
709 753 41 21 kan
765 752 92 22 bedöma
872 752 79 28 frägan,
967 752 63 21 resul-

205 782 55 18 tatet
275 779 40 22 kan
332 780 67 22 blifva
413 781 88 27 ungefär
515 782 123 26 detsamma,
653 789 50 14 vare
718 782 33 28 sig
767 781 121 22 Utskottets
899 780 133 22 betänkande

203 807 39 28 gär
256 809 83 27 igenom
355 809 50 21 eller
419 810 53 26 icke,
488 817 47 14 men
551 818 24 13 ur
589 806 118 44 principiell
724 810 113 28 synpunkt,
851 809 40 21 och
906 809 28 21 då
948 810 34 27 jag
992 817 37 13 an-

204 844 33 13 ser
260 838 155 21 reservationen
436 838 61 22 stöda
519 839 33 28 sig
573 847 28 21 på
623 839 65 21 altför
708 846 65 21 svaga
788 838 52 26 skäl,
855 838 39 21 ber
910 838 36 28 jag
960 840 32 19 att
1008 837 23 21 få

204 864 87 22 förorda
307 866 147 22 betänkandet.

273 922 34 21 Hr
324 922 25 22 L.
367 923 148 22 Mechelin:
548 924 43 21 För
611 925 44 20 min
676 924 35 21 del
733 924 37 21 ber
793 924 32 28 jag
843 923 23 21 få
886 922 86 22 förorda
992 922 37 22 be-

202 950 123 22 tänkandet.
353 951 45 22 Det
415 952 66 28 gäller
500 952 55 22 dock
573 952 39 22 här
627 952 97 28 ätgärder
739 952 34 22 för
787 928 102 56 Finlands
904 954 48 19 näst
966 952 63 28 vigti-

202 982 61 24 gaste
287 980 155 26 exportartikel,
457 988 25 14 en
505 981 156 29 exportartikel,
676 989 45 13 som
742 980 76 22 endast
837 980 66 22 under
921 980 27 21 de
968 980 62 21 bästa

202 1007 93 21 rådande
321 1008 133 22 förhållanden
471 1010 40 21 kan
527 1010 69 21 lemna
610 1009 42 22 den
666 1010 127 28 behållning,
809 1016 45 14 som
869 1011 23 19 är
903 1008 75 29 möjlig,
988 1009 41 21 och

202 1036 89 21 dermed
313 1037 129 22 fortfarande
464 1038 87 28 bidraga
573 1042 33 18 att
627 1038 49 28 höja
694 1038 226 28 landthushållningen.
949 1037 44 21 Det
1007 1039 23 19 är

202 1064 160 29 otvifvelaktigt
382 1069 32 18 att
436 1067 88 28 mycken
547 1067 187 29 uppmärksamhet
755 1069 74 25 egnats
851 1066 22 21 åt
887 1066 69 21 denna
970 1066 61 28 fråga

202 1092 47 22 från
269 1093 119 29 Styrelsens
403 1095 50 26 sida,
469 1103 47 13 men
532 1096 37 20 det
583 1103 62 13 synes
660 1103 50 14 vara
726 1095 91 21 faktiskt
832 1098 33 18 att
879 1094 64 22 också
958 1094 73 21 åtskil-

202 1121 39 28 ligt
260 1122 48 21 icke
326 1122 73 22 blifvit
412 1124 108 28 tillgjordt,
535 1132 44 13 som
609 1124 50 21 borde
674 1124 101 28 tillgöras,
791 1130 50 15 vare
856 1124 32 27 sig
904 1126 32 18 att
951 1124 79 20 menin-

200 1157 66 20 garna
288 1152 55 20 varit
362 1152 73 21 delade
450 1152 108 28 angående
577 1155 64 19 sättet
659 1156 31 18 att
709 1152 27 28 gå
754 1152 89 28 tillväga
863 1152 51 20 eller
928 1151 23 21 af
965 1151 66 22 andra

202 1178 51 21 skäl.
283 1179 49 21 Och
347 1179 27 21 de
392 1181 184 28 omständigheter,
591 1189 44 13 som
651 1181 8 20 i
674 1180 144 22 betänkandet
833 1182 36 19 äro
884 1179 96 27 anförda,
994 1182 36 19 äro

200 1207 49 20 icke
264 1207 23 21 så
302 1215 65 20 svaga
381 1211 32 25 att
427 1209 66 28 derpå
507 1209 48 21 icke
571 1209 70 21 kunde
655 1209 93 28 grundas
763 1209 42 21 den
820 1208 132 24 hemställan,
964 1208 66 21 kläm-

200 1243 48 13 men
271 1235 93 22 innebär.
393 1238 63 21 Ännu
475 1237 37 22 ber
529 1239 34 27 jag
581 1237 24 22 få
623 1237 83 30 påpeka
721 1241 32 18 att
768 1237 38 22 det
820 1237 38 21 hos
873 1244 34 14 oss
923 1237 51 28 föga
987 1237 43 21 till-

200 1263 99 29 lämpade
313 1268 102 24 systemet
429 1266 22 21 af
467 1266 185 28 subventionering
661 1266 34 21 för
704 1267 57 20 vissa
771 1265 163 29 ångbåtstrader
946 1266 18 27 ej
978 1266 53 21 varit

201 1291 89 22 föremål
305 1293 34 21 för
353 1294 99 21 särskildt
467 1295 126 21 förordande
605 1295 47 21 från
662 1295 130 21 Ständernas
803 1294 52 21 sida.
878 1294 44 21 Det
933 1295 23 20 är
966 1294 65 21 också

200 1320 119 29 någonting,
341 1329 44 14 som
405 1331 48 13 man
470 1323 48 21 icke
536 1323 65 22 borde
619 1323 94 29 tillgripa
732 1324 7 20 i
754 1326 65 18 annat
834 1323 37 20 fall
886 1324 27 19 än
928 1325 32 18 att
976 1323 54 20 erfa-

199 1349 102 22 renheten
323 1349 112 31 ådagalagt
457 1352 47 21 dess
526 1351 162 29 nödvändighet.
718 1352 95 21 Numera
830 1351 61 21 torde
911 1350 33 27 de,
958 1351 73 22 hvilka

199 1377 78 22 liksom
291 1379 36 27 jag
341 1380 56 21 varit
411 1383 56 19 emot
481 1380 187 27 årssubventioner,
685 1381 80 28 nödgas
780 1380 116 28 medgifva,
912 1382 32 18 att
954 1380 7 20 i
972 1380 58 27 läng-

199 1406 42 21 den
263 1407 62 27 ingen
349 1407 97 23 bestämd
467 1408 90 29 ordning
579 1409 34 21 för
634 1410 172 28 vinterexporten
829 1408 41 21 blir
891 1408 60 28 möjlig
980 1411 50 18 utan

200 1434 89 29 kraftigt
307 1436 48 21 stöd
373 1436 47 22 från
440 1437 118 29 Styrelsens
577 1438 53 21 sida.
659 1438 41 28 Jag
718 1438 62 21 utber
795 1437 44 28 mig
853 1436 23 22 få
891 1436 89 22 förorda
996 1437 34 20 be-

200 1463 124 22 tänkandet.
