1039 1803
194 125 40 21 724

167 190 131 28 regeringen
314 188 49 22 icke
375 188 70 21 heller
460 188 83 21 lemnat
558 188 27 20 de
601 187 24 21 af
637 188 93 21 friherre
747 188 107 28 Carpelan
870 188 48 20 sed-

167 226 50 20 nast
235 222 114 30 påpekade
370 222 216 27 omständigheterna
601 223 53 19 utan
669 222 195 28 uppmärksamhet
879 222 40 21 och

168 258 84 22 således
268 257 111 22 sannolikt
393 257 67 21 redan
476 256 111 22 förberedt
598 258 66 26 utväg
678 256 35 21 för
727 256 111 22 vinnande
854 257 24 21 af
887 264 32 14 er-

168 293 114 27 forderligt
300 294 108 25 utrymme
427 291 40 21 och
483 291 42 21 den
541 290 148 29 organisation
706 291 23 21 af
743 291 177 28 fängelseinrätt-

167 328 108 28 ningarne
286 326 8 22 i
305 326 74 28 öfrigt,
393 332 47 15 som
457 328 23 19 är
495 326 125 27 nödvändig
630 325 34 21 för
674 325 170 29 författningens
855 326 65 21 ända-

169 362 129 27 målsenliga
313 360 173 21 handhafvande.
509 360 44 27 Jag
567 360 42 21 kan
626 360 84 21 således
726 360 20 29 ej
758 360 47 21 deri
815 360 59 21 finna
884 361 38 20 nå-

169 398 38 27 got
223 396 47 21 skäl
285 397 32 20 att
332 395 78 28 frångå
425 395 142 28 regeringens
582 395 146 28 proposition,
744 395 41 21 och
801 395 121 21 allraminst

171 431 7 21 i
194 430 103 22 afseende
313 431 13 20 &
341 429 132 29 vidtagande
491 429 24 21 af
531 429 42 22 den
592 429 139 28 förändring,
744 436 47 15 som
810 437 34 14 om
860 430 64 21 döds-

170 465 84 22 straffet
268 465 40 21 här
324 466 24 20 är
363 463 130 29 föreslagen,
504 465 52 20 utan
572 464 80 21 önskar
667 465 32 20 att
712 464 133 21 ätminstone
859 464 63 21 döds-

171 500 84 21 straffet
270 499 48 22 icke
334 498 73 23 vidare
423 498 56 21 efter
494 498 41 22 den
548 499 9 20 1
568 499 88 28 januari
673 499 54 21 1865
743 499 36 21 mä
794 499 88 22 komma
892 501 32 19 att

171 534 88 29 gvarstä
278 533 29 29 pä
324 535 113 26 papperet.
467 533 90 22 Antalet
575 533 24 21 af
612 533 136 29 dödsdomar,
764 540 47 14 som
827 533 7 22 i
849 533 75 21 landet

170 569 104 26 utfärdas,
290 569 24 19 är
330 568 20 27 ej
367 568 24 20 sä
406 569 61 25 stort,
483 569 32 19 att
529 568 48 20 icke
593 567 27 21 de
634 567 141 27 missdädare,
782 567 80 22 hvilka
877 568 46 20 det-

171 610 83 14 samma
268 602 118 27 ädömmes,
402 601 71 22 skulle
488 602 73 21 kunna
577 602 114 21 bestraffas
707 602 56 22 efter
779 602 37 21 det
831 609 43 21 nya
889 609 34 21 sy-

172 639 85 20 stemet.

240 672 58 21 Herr
318 678 43 14 von
380 671 79 27 Born,
475 671 26 21 K.
522 671 32 21 F.:
570 670 11 22 I
595 670 104 22 händelse
715 671 157 29 förordningen
888 678 36 15 om

172 707 143 21 försvarslösa
331 712 106 22 personer
457 706 98 21 kommer
570 707 33 20 att
617 706 98 27 undergä
731 706 42 21 den
789 706 134 27 förändring,

172 741 90 22 hvarom
283 742 24 19 är
325 741 68 27 fråga,
414 740 25 21 sä
458 740 62 21 torde
540 740 8 21 i
563 740 26 21 de
604 740 116 28 fängelser,
737 747 46 14 som
799 740 33 21 för
847 742 83 19 närva-.

172 775 67 22 rande
255 777 108 26 upptagas
379 774 24 21 af
415 774 26 21 de
454 774 150 27 försvarslösa,
614 774 109 28 betydligt
733 776 108 27 utrymme
852 773 73 22 kunna

173 810 92 21 beredas
285 809 34 21 för
339 808 132 28 straffängar
491 809 39 20 och
551 808 85 22 säledes
657 808 42 21 den
719 809 139 28 förändring,
878 816 47 14 som

173 844 71 21 skulle
265 843 88 22 komma
373 844 32 20 att
425 843 139 27 genomföras
583 843 37 20 vid
639 844 63 20 nästa
721 843 35 21 ärs
775 843 87 28 början,
877 843 49 21 icke

173 880 60 20 möta
246 878 68 27 nägot
328 877 78 21 hinder
421 877 7 20 i
443 877 62 28 fräga
521 883 34 15 om
571 878 108 27 utrymme
695 877 33 22 för
743 877 27 22 de
785 878 84 28 fängar,
880 884 46 14 som

173 913 128 28 derigenom
317 911 72 22 kunde
405 911 88 21 komma
507 911 40 22 till.
573 912 43 21 Det
631 911 70 22 finnes
716 913 53 20 flere
780 911 147 28 inrättningar

173 948 8 21 i
195 947 82 27 landet,
293 953 46 14 som
355 947 37 20 äro
408 946 111 21 bestämde
534 946 34 21 för
583 946 143 21 försvarslösa
741 953 112 21 personer.

243 981 104 21 Friherre
375 979 142 30 Carpelan:
545 980 43 28 Jag
611 980 78 21 trodde
711 981 37 21 det
770 988 52 14 vara
844 981 82 22 ridder-

175 1017 88 27 skapets
285 1016 40 20 och
345 1015 76 21 adelns
435 1015 90 28 mening
547 1016 32 19 att
600 1015 182 28 cellfängelserna
800 1016 7 20 i
826 1015 101 28 möjliga-

176 1053 32 19 ste
223 1051 69 20 mätto
308 1049 71 21 skulle
397 1049 90 21 införas.
517 1049 50 28 Nog
582 1049 44 21 kan
641 1057 50 13 man
708 1050 6 20 i
730 1051 31 19 ett
780 1049 67 21 häkte
862 1050 65 20 hafva

174 1084 145 21 tillsammans
339 1090 28 14 en
387 1083 79 27 mängd
487 1083 144 26 missdädare,
651 1090 50 15 men
722 1084 20 27 ej
763 1083 68 22 blifva
846 1083 27 22 de
889 1083 39 21 der

175 1118 140 22 förbättrade.
346 1117 43 22 Det
411 1119 25 19 är
453 1118 46 27 just
519 1117 50 22 med
589 1117 104 22 afseende
713 1118 52 21 derä
783 1118 145 28 lagutskottet

175 1153 59 21 velat
253 1153 135 21 öfverlemna
408 1151 23 22 ät
450 1153 131 28 regeringen
602 1153 32 20 att
653 1153 120 20 bestämma
788 1155 40 19 uär
843 1152 85 21 förord-

175 1187 82 28 ningen
273 1187 73 21 kunde
361 1186 117 28 tillämpas.

244 1221 59 22 Herr
319 1221 92 28 Späre,
427 1220 28 21 K.
470 1221 44 21 W.:
530 1221 43 28 Jag
588 1221 37 21 vill
641 1221 76 22 endast
728 1222 111 27 anmärka,
850 1223 32 20 att
892 1228 35 15 om

177 1256 38 21 det
235 1255 42 22 blir
291 1255 78 27 kändt,
385 1257 32 19 att
433 1257 48 26 spö-
497 1256 40 21 och
553 1255 117 22 risstraffet
685 1255 71 23 skulle
771 1255 75 22 kunna
861 1257 67 20 ersät-

176 1291 35 20 tas
224 1289 52 22 med
291 1289 98 28 fängelse
405 1289 36 22 vid
456 1291 75 20 vatten
547 1289 40 22 och
602 1289 61 28 bröd,
679 1291 24 20 sä
717 1292 24 19 är
756 1290 37 21 det
808 1290 76 29 troligt
897 1292 33 19 att

176 1324 34 21 till
231 1326 38 26 spö
286 1324 54 21 eller
360 1324 29 21 ris
405 1323 68 22 fällda
493 1324 143 28 brottslingar
650 1324 92 22 besvära
758 1325 34 26 sig
806 1325 40 21 och
862 1325 67 27 draga

177 1360 24 19 ut
219 1359 29 26 pä
267 1359 60 20 tiden
347 1363 67 21 mera,
431 1359 28 20 än
475 1364 34 15 om
528 1358 26 21 de
570 1359 78 26 genast
663 1358 71 21 blifvit
749 1358 69 21 fällda
832 1358 34 21 till
882 1358 47 21 fän-

178 1392 61 27 gelse
253 1392 37 21 vid
305 1393 74 20 vatten
396 1392 39 21 och
451 1391 61 22 bröd.

245 1426 59 22 Herr
317 1426 127 22 Bläfield:
461 1426 43 28 Jag
517 1426 88 21 förenar
621 1426 45 28 mig
680 1427 50 21 med
744 1427 51 21 herr
809 1434 43 14 von
863 1427 66 27 Born,
