1039 1786
205 141 13 19 8

176 205 82 27 ningen
273 204 127 27 inteckning
411 205 53 19 utan
476 203 283 27 lägenhetsinnehafvarens
775 203 105 21 obestånd
894 204 36 20 må

176 238 100 28 beviljas,
292 245 64 21 synes
371 238 45 27 mig
431 238 49 20 icke
495 237 84 28 lyckad.
604 237 66 21 Utom
685 237 242 28 lägenhetsinnehafva-

176 279 50 14 rens
242 272 141 21 individuella
398 272 144 28 egenskaper,
559 272 48 20 dess
623 272 98 27 förmåga
736 272 32 20 att
782 272 35 20 väl
828 272 40 20 och
879 272 50 20 med

177 306 85 21 förmån
278 306 70 21 drifva
364 306 37 20 sitt
415 305 108 29 jordbruk
539 319 23 2 —
576 305 49 21 dess
641 305 112 28 tarflighet
768 305 43 28 och
822 305 107 21 hushålls-

177 340 110 28 aktighet,
305 340 141 27 hvarigenom
468 340 54 21 hans
542 339 153 21 lefnadsbehof
713 340 140 27 inskränkas,
869 340 61 21 kom-

176 381 48 14 mer
243 374 36 21 vid
298 381 27 14 en
346 374 66 21 sådan
432 374 103 28 pröfning
555 374 6 20 i
581 373 63 28 fråga
663 381 26 14 en
707 374 125 21 kännedom
848 381 34 14 om
899 375 30 21 lä-

178 409 120 27 genhetens
313 409 110 20 förmåner
439 409 39 20 och
494 408 91 28 jordens
601 407 158 28 beskaffenhet,
776 416 46 13 som
838 411 23 18 är
877 409 52 28 föga

177 443 91 26 mindre,
280 444 28 20 än
321 443 58 20 hvad
388 443 36 21 vid
435 449 27 14 en
479 443 80 20 banko-
571 443 40 20 och
621 443 164 28 saluvärdering
795 443 134 26 förutsättes,

178 478 40 20 och
229 484 44 13 som
284 477 108 27 svårligen
400 477 43 20 kan
452 477 77 20 vinnas
538 476 141 21 annorstädes
688 479 27 18 än
726 477 28 28 på
765 477 76 28 sjelfva
850 478 79 20 stället.

177 511 52 21 Men
249 518 35 14 om
305 511 41 21 ock
366 518 26 14 en
413 511 67 21 sådan
499 511 104 28 pröfning
623 510 72 22 blifvit
715 511 109 28 lyckligen
840 518 89 21 genom-

177 545 55 27 förd,
244 547 24 19 är
278 545 48 21 icke
343 545 86 22 derföre
445 546 63 27 sagdt
524 547 31 19 att
571 545 135 28 sakägarene
721 545 89 21 dermed
825 546 61 21 skola
898 547 30 20 åt-

177 580 69 27 nöjas.
269 581 39 19 Att
324 580 90 20 sålunda
423 580 129 27 långvariga
563 580 76 20 tvister
651 580 39 20 och
701 579 116 21 osäkerhet
827 580 7 20 i
845 580 84 28 ägande

177 615 44 19 rätt
241 613 71 21 blefve
333 620 27 14 en
378 614 65 27 följd,
464 614 27 20 då
506 614 89 27 sytning
608 613 37 21 vid
659 613 116 28 lägenhets
791 614 138 21 öfverlåtelse

177 648 115 27 betingats,
308 649 24 19 är
343 648 63 20 alltså
416 648 129 28 uppenbart.
569 648 40 20 Om
621 647 124 21 sedermera
755 647 104 21 domstols
870 648 59 28 pröf-

177 682 55 27 ning
246 682 24 20 af
282 682 187 28 sytningsaftalets
480 682 129 27 behörighet
619 682 36 20 vid
666 683 31 19 ett
707 681 158 29 fastighetsköp
877 683 53 20 slut-

177 716 60 27 ligen
252 716 78 21 vunnit
346 716 148 26 stadfästelse,
515 723 49 14 men
586 717 81 19 rättens
688 716 95 20 domslut
798 716 131 28 innehåller,

178 752 31 18 att
226 750 129 28 inteckning
370 750 78 21 endast
462 750 34 21 för
512 757 26 14 en
555 750 34 21 del
605 750 24 20 af
642 750 116 27 sytningen
773 750 40 21 bör
827 750 103 28 beviljas,

177 784 73 21 kunna
266 792 42 20 nya
323 784 138 28 tvistigheter
481 785 85 27 uppstå.
597 784 207 28 Sytningstagaren,
819 791 47 15 som
881 785 48 21 icke

178 818 93 22 erhåller
286 818 102 22 säkerhet
404 819 33 21 för
453 819 53 20 fulla
522 819 128 27 sytningens
665 818 91 28 belopp,
772 826 35 14 om
822 820 43 20 han
882 820 47 27 ock,

178 852 68 28 enligt
265 854 12 20 5
296 853 12 27 8
327 853 7 21 i
349 853 117 21 utskottets
482 852 138 22 betänkande
635 853 69 21 måste
721 853 49 21 med
784 853 68 29 köpet
867 854 62 21 ätnö-

176 888 42 26 jas,
234 889 23 19 är
272 887 48 20 icke
340 888 87 20 belåten
447 887 50 21 med
512 888 42 20 den
573 887 128 27 ersättning,
717 894 46 13 som
778 887 98 28 köparen
891 888 39 21 vill

178 921 89 28 erlägga
286 921 34 21 för
340 921 42 21 den
400 921 111 21 bristande
527 921 116 28 sytningen
659 921 40 21 och
714 922 98 27 köparen
828 923 24 20 är
867 923 63 21 miss-

176 955 87 21 belåten
278 956 50 21 med
343 955 57 21 hvad
415 958 72 19 rätten
503 955 7 21 i
527 956 75 21 sådant
618 955 103 22 afseende
737 956 137 21 bestämmer.
895 957 35 22 Då

176 990 186 21 kontrahenterne
382 990 35 21 vid
438 991 76 27 köpets
537 990 40 21 och
602 990 197 28 sytnings-aftalets
821 991 109 28 ingående

176 1024 49 21 icke
246 1025 75 20 kunna
341 1025 50 20 med
411 1025 101 20 säkerhet
532 1025 99 26 bedöma,
651 1025 54 20 huru
721 1027 84 19 rättens
825 1025 105 28 pröfning

177 1059 94 26 utfaller,
286 1059 71 28 ligger
372 1059 66 20 redan
455 1059 53 26 deri,
525 1066 34 13 om
574 1059 117 20 utskottets
702 1059 82 27 förslag
794 1061 97 26 antages,
902 1067 27 14 en

177 1094 45 20 stor
237 1093 123 28 olägenhet.
383 1093 105 22 Deremot
498 1093 91 21 innebär
600 1093 48 20 icke
661 1094 7 19 1
682 1094 12 27 $
705 1093 24 20 af
737 1093 42 20 den
790 1094 80 27 nådiga
880 1101 49 21 pro-

176 1127 125 28 positionen
316 1128 8 20 i
340 1129 72 20 ämnet
428 1128 26 20 de
470 1127 135 28 svårigheter
621 1127 35 21 vid
671 1127 132 28 pröfningen
813 1128 24 20 af
845 1128 84 21 inteck-

178 1162 108 27 ningsrätt
306 1162 34 21 för
360 1161 237 28 sytningskontrakter,
617 1169 45 12 som
681 1162 7 20 i
707 1162 138 21 förestående
861 1163 68 20 måtto

177 1197 38 19 äro
236 1198 58 18 emot
314 1195 117 21 utskottets
452 1195 137 21 betänkande
606 1196 121 26 anmärkta,
744 1197 56 19 samt
815 1196 115 20 framkalla

178 1230 19 27 ej
219 1229 69 20 heller
308 1230 26 19 de
356 1230 76 20 tvister
453 1230 39 19 och
508 1229 162 27 förvecklingar
685 1236 46 13 som
747 1230 24 19 af
782 1230 148 20 betänkandet

178 1265 36 19 äro
231 1270 26 13 en
274 1263 60 27 följd.
364 1263 12 20 I
394 1263 119 20 allmänhet
528 1263 93 21 utfästes
637 1263 88 27 sytning
741 1263 33 20 till
790 1263 36 21 det
841 1263 87 28 belopp,

178 1304 46 14 som
240 1297 34 20 för
290 1299 30 18 ett
335 1297 97 21 hushålls
448 1297 112 21 underhåll
577 1297 115 26 erfordras,
708 1297 40 20 och
764 1297 101 28 vanligen
876 1305 54 20 upp-

178 1331 38 20 bär
238 1331 62 20 äfven
322 1331 132 26 lägenheten
470 1331 70 20 denna
557 1331 66 20 börda
639 1337 34 14 om
689 1331 42 20 den
746 1331 48 20 icke
810 1331 119 27 mångdub-

177 1364 53 21 blas.
260 1364 83 20 Blifver
364 1365 45 20 åter
430 1364 71 27 någon
522 1364 103 27 lägenhet
644 1365 67 20 redan
732 1371 79 20 genom
831 1371 28 14 en
875 1365 55 20 enda

179 1398 88 28 sytning
282 1398 24 21 så
322 1397 116 28 betungad,
450 1400 32 19 att
492 1398 49 21 dess
556 1397 91 22 bestånd
659 1398 126 27 derigenom
797 1397 132 30 äfventyras,

176 1433 64 20 hörer
257 1433 59 20 detta
332 1433 32 20 till
384 1433 146 27 undantagen.
561 1433 51 20 Men
633 1433 19 20 vi
674 1433 60 20 stifta
753 1433 48 20 icke
817 1433 61 28 lagar
895 1433 33 21 för
