1039 1753
193 135 28 21 42

231 201 50 20 Den
297 207 46 14 som
359 200 37 20 vill
412 200 116 27 godkänna
543 199 147 22 betänkandet
701 200 7 20 i
719 199 63 21 dessa
798 199 59 21 delar
868 206 47 14 sva-

163 241 37 15 rar
211 235 34 27 ja;
262 235 42 20 den
319 234 37 21 det
370 234 48 21 icke
434 234 38 21 vill
488 241 74 14 svarar
577 234 44 27 nej.

233 268 85 22 Vinner
338 269 36 27 nej
395 269 91 27 antages
502 268 91 21 berörde
609 269 122 20 momenter
745 268 24 21 af
783 267 42 22 den
838 267 79 29 nådiga

163 303 165 28 propositionen
343 302 51 21 med
408 302 53 21 eller
476 304 53 20 utan
544 303 111 27 ändring.”

232 337 32 22 På
279 337 164 28 propositionen
458 337 101 21 svarades
575 337 36 27 nej
627 336 50 21 med
692 336 159 28 öfvervägande
862 337 55 20 röst-

163 371 123 29 pluralitet;
306 371 102 21 hvarföre
428 371 41 21 och
488 378 46 14 som
553 370 92 22 berörde
661 377 65 14 mom.
742 370 24 21 af
779 370 42 22 den
837 370 80 28 nådiga

162 406 166 28 propositionen
343 405 58 28 förty
417 405 51 21 med
483 406 54 20 eller
553 406 52 20 utan
621 405 93 27 ändring
730 405 95 28 antagits
841 404 24 22 af
874 405 42 21 rid-

163 441 117 28 derskapet
300 440 40 22 och
356 440 73 26 adeln,
446 440 50 21 herr
511 440 202 21 landimarskalken
728 440 113 28 tillsporde
858 440 58 21 stän-

162 475 44 27 det,
221 475 74 22 hvilka
309 474 153 30 förändringar
477 474 37 22 det
529 474 96 22 önskade
641 476 53 26 göra
704 474 33 22 uti
747 474 167 28 ifrägavarande

163 512 104 20 moment.

231 544 103 22 Friherre
356 544 140 28 Carpelan:
518 544 43 28 Jag
580 544 81 28 yrkade
677 544 35 21 väl
727 544 35 28 pä,
777 546 32 19 att
824 544 7 20 i
846 544 69 21 likhet

163 580 50 20 med
232 579 165 29 propositionen
418 586 27 14 en
464 578 130 28 befolkning
613 578 24 21 af
655 579 54 21 1000
725 585 105 21 personer
846 578 70 22 skulle

163 614 107 29 betingas,
285 620 51 15 men
352 613 27 22 dä
394 614 37 21 det
446 614 66 21 ocksä
526 614 35 21 för
575 613 26 21 de
615 613 84 21 mindre
711 613 102 21 städerna
823 613 44 22 stär
879 615 37 26 öp-

161 650 39 27 pet
220 650 32 20 att
272 649 100 28 begagna
392 648 33 29 sig
443 648 24 21 af
484 647 146 29 fullmäktige,
645 647 44 22 kan
705 648 37 21 det
755 655 53 14 vara
823 649 93 27 ungefär

163 684 127 21 detsamma.
320 682 44 28 Jag
378 683 88 21 förenar
481 683 45 27 mig
542 683 86 21 derföre
643 683 50 20 med
707 683 50 20 herr
773 689 42 14 von
831 682 66 21 Born.

231 718 34 22 Då
285 718 51 28 inga
355 717 68 21 andra
437 717 142 22 medlemmar
594 717 134 21 härutinnan
742 717 95 29 begärde
854 717 62 21 ordet

162 752 134 23 framställde
312 752 50 22 herr
377 752 201 22 landtmarskalken
594 752 97 28 följande
706 752 146 28 proposition:

232 806 6 9 »
244 788 46 21 Vill
310 787 152 28 ridderskapet
478 787 40 21 och
532 787 65 21 adeln
613 786 143 22 oförändrade
772 788 79 27 antaga
867 787 19 27 3,
902 787 13 21 4

163 822 40 22 och
219 823 12 20 5
247 824 152 20 momenterna
414 822 24 21 af
452 822 40 21 den
508 822 81 28 nådiga
603 822 180 28 propositionen?

231 857 49 21 Den
296 864 46 14 som
358 856 38 21 vill
412 858 80 26 antaga
502 856 66 28 sagde
579 858 123 20 momenter
713 856 144 22 oförändrade
869 863 46 15 sva-

163 899 36 14 rar
211 892 33 27 ja;
261 891 41 21 den
319 891 37 21 det
370 891 47 21 icke
433 891 38 21 vill
487 898 74 14 svarar
576 892 44 26 nej.

230 926 85 21 Vinner
330 926 45 27 nej,
391 926 90 27 antages
496 926 50 20 herr
562 932 42 14 von
619 926 71 20 Borns
701 925 82 28 förslag
794 926 33 20 till
837 926 78 21 redak-

162 960 46 21 tion
224 960 23 21 af
260 960 92 21 berörde
368 961 128 25 momenter,
512 959 127 29 sålydande:
657 960 32 20 1:0
705 961 32 19 att
751 960 8 20 i
768 960 79 27 städer,
860 960 55 21 hvil-

162 996 39 20 kas
218 994 128 28 befolkning
361 994 47 21 icke
426 994 128 28 öfverstiger
570 994 56 21 2000
640 1001 111 21 personer,
762 994 87 21 stadens
860 996 56 19 röst-

163 1028 135 29 berättigade
323 1028 103 22 invånare
448 1029 36 21 må
506 1029 23 21 få
549 1029 74 21 utöfva
643 1029 33 20 sin
697 1028 129 21 beslutande
846 1030 45 20 rätt
909 1029 6 21 i

162 1063 88 22 stadens
270 1063 192 28 angelägenheter,
482 1063 104 28 antingen
607 1063 7 20 i
633 1063 110 21 allmänna
761 1063 154 28 församlingar

162 1098 54 21 eller
234 1098 41 21 ock
292 1104 80 21 genom
387 1097 69 28 några
471 1097 33 22 för
520 1097 57 22 vissa
594 1098 23 21 år
633 1098 24 21 af
670 1097 41 22 och
726 1097 74 22 ibland
816 1098 49 21 dem
882 1100 32 19 ut-

162 1132 65 21 sedde
248 1132 144 28 fullmäktige,
413 1133 29 27 på
462 1133 42 20 sätt
522 1132 114 21 städernes
656 1132 183 29 röstberättigade
854 1133 61 22 invå-

162 1173 52 14 nare
230 1167 76 20 härom
322 1166 102 21 särskildt
440 1166 189 21 öfverenskomma
645 1167 40 20 och
700 1167 93 27 besluta,
809 1169 56 19 samt
881 1168 33 21 2:0o

162 1202 32 19 att
209 1201 7 20 i
233 1200 80 27 städer,
328 1201 74 20 hvilka
417 1200 66 21 hafva
494 1207 46 14 mer
552 1202 27 19 än
592 1201 55 21 2000
658 1201 110 26 invånare,
779 1201 88 21 stadens
878 1202 37 21 be-

162 1235 99 21 slutande
277 1236 43 20 rätt
336 1235 54 20 skall
406 1235 85 21 utöfvas
507 1242 79 21 genom
603 1235 73 28 dylika
691 1235 145 28 fullmäktige.

231 1269 79 21 Såvida
330 1269 74 22 härtill
425 1270 101 21 svarades
546 1271 83 20 ömsom
648 1270 24 27 ja
693 1270 39 21 och
752 1271 48 26 nej,
815 1271 53 20 utan
884 1272 31 19 att

161 1303 73 27 någon
254 1302 99 21 bestämd
373 1303 160 27 röstpluralitet
552 1303 73 20 kunde
646 1304 130 27 förspörjas,
797 1304 118 21 anställdes

162 1337 106 31 votering,
285 1337 89 20 hvilken
390 1336 71 28 aflopp
478 1337 100 20 sålunda:

324 1371 8 21 i
348 1370 57 29 3:dje
420 1371 29 21 kl.
466 1371 49 22 med
532 1372 25 20 17
568 1372 30 28 ja
614 1371 40 22 och
669 1373 13 20 0
697 1373 42 28 nej,

326 1405 167 28 s2dtä
429 1401 20 37 m
479 1401 25 37 »
546 1407 13 20 2
624 1422 15 11 a
669 1407 13 20 4
712 1423 9 11 $

324 1441 169 27 nlistä
431 1437 21 36 9
479 1437 30 36 »
546 1441 175 28 I»
626 1437 21 36 »
671 1437 16 36 I
707 1437 18 36 >
