1064 1764
832 115 26 20 SI

210 180 57 21 Herr
283 187 40 14 von
340 179 79 28 Born,
437 179 26 22 K.
479 181 34 20 F.:
535 179 48 22 Just
599 180 42 27 det,
657 187 45 14 som
719 187 27 14 nu
763 181 71 20 blifvit
849 187 35 14 an-

142 215 63 27 fördt,
217 215 62 26 visar,
295 217 31 18 att
341 215 27 20 H.
385 215 61 27 Maj:t
461 217 71 18 ansett
544 215 129 27 nyssnämde
690 215 63 27 bolag
768 215 20 27 ej
805 222 50 13 vara
866 215 23 20 af

142 249 41 21 den
204 249 188 26 beskaffenheten,
413 251 30 18 att
464 249 35 20 det
519 249 74 21 behöft
607 249 28 20 H.
652 249 73 27 Maj:ts
741 249 147 26 stadfästelse,

142 283 91 20 emedan
254 283 36 20 det
310 283 109 20 sannolikt
435 284 19 27 ej
471 283 90 20 anhällit
577 290 33 13 om
626 284 67 26 nägra
708 283 108 20 förmäner
832 283 56 20 utöf-

141 323 38 14 ver
199 317 56 20 hvad
274 317 110 21 allmänna
404 317 64 28 lagen
490 317 125 27 medgifver,
637 317 40 20 och
693 317 82 20 säledes
790 317 98 20 kommer

142 352 20 27 ej
179 351 70 21 denna
264 351 129 28 författning
409 353 31 19 att
455 351 28 28 pä
498 351 65 28 sagde
579 351 64 28 bolag
658 351 114 28 tillämpas.

210 385 57 21 Herr
275 386 192 27 Wasastjerna:
478 385 38 21 Uti
527 385 36 22 det
573 385 131 22 omnämnda
714 386 96 27 bolagets
819 385 70 28 regle-

141 422 73 19 mente
234 420 68 27 ingär,
320 420 65 21 bland
400 422 75 25 annat,
495 420 36 20 det
546 420 126 27 stadgande,
689 422 31 19 att
735 420 154 27 aktieägarene

142 455 20 26 ej
179 456 37 19 äro
232 454 122 22 förbundne
369 455 33 20 till
417 462 78 13 ansvar
509 454 34 21 för
557 455 98 27 bolagets
670 455 86 20 skulder
771 455 49 20 med
830 461 59 14 mera

143 491 27 18 än
190 495 27 14 en
236 489 52 21 hvar
304 489 76 26 insatt,
396 489 40 21 och
451 489 59 20 detta
529 491 24 19 är
569 497 26 13 en
611 489 94 26 förmon,
721 496 45 13 som
782 489 108 20 allmänna

143 523 64 28 lagen
228 523 47 21 icke
295 523 128 28 medgifver,
443 523 82 21 hvilket
541 531 63 20 synes
619 523 24 20 af
656 523 120 21 innehållet
791 523 23 20 af
828 524 12 19 8
856 523 11 27 $
882 523 7 20 i

143 557 41 21 den
207 557 122 28 föreslagne
348 557 168 28 författningen,
536 565 45 14 som
597 565 79 13 annars
691 564 51 14 vore
757 557 133 28 fullkomligt

144 592 114 28 obehöflig.

211 626 58 20 Herr
288 633 42 14 von
348 626 153 21 Bonsdorff:
521 627 44 20 Det
579 626 48 21 utaf
640 627 50 20 herr
705 626 113 28 Törngren
834 626 56 20 före-

144 660 76 27 slagna
238 661 100 27 tillägget
352 668 63 13 anser
429 661 39 27 jag
483 661 77 27 vigtigt
576 660 39 21 och
631 661 81 27 nyttigt
728 660 32 21 för
776 661 25 20 de
817 660 73 27 bolag,

144 701 46 14 som
213 702 29 13 nu
266 695 102 26 existera,
385 695 40 21 och
445 695 36 20 det
503 696 99 27 tillägget
625 695 41 21 kan
690 695 84 21 således
794 696 96 26 antagas.

144 729 73 27 Något
238 729 51 21 ondt
309 730 39 26 gör
369 729 36 21 det
421 730 30 26 ej,
468 730 39 20 och
520 730 38 27 jag
574 732 35 17 vet
625 730 19 27 ej
661 729 87 21 hvarför
763 736 49 14 man
829 729 26 20 då
870 729 19 27 ej

144 763 43 20 kan
202 764 74 26 intaga
292 763 43 27 det,
352 764 33 20 för
401 765 31 19 att
448 764 94 20 undvika
560 764 136 27 tvetydighet
715 763 38 21 och
770 763 122 27 osäkerhet,

146 797 38 21 och
204 798 90 20 föreslår
311 798 48 28 jag,
380 800 32 18 att
432 798 50 21 herr
502 798 124 28 Törngrens
646 798 78 27 tillägg
743 798 41 20 blir
804 798 87 20 kontra-

144 832 142 28 proposition.

212 866 51 20 Med
283 866 102 20 afseende
407 866 12 20 å
439 866 26 21 de
486 867 57 20 olika
563 867 120 27 meningar,
699 872 45 14 som
759 866 74 20 härvid
849 866 42 20 för-

146 902 70 25 sports
232 900 91 21 rörande
339 900 175 28 uppställningen
531 900 24 21 af
569 900 249 28 kontrapropositionen,
828 900 64 21 fram-

146 935 77 20 ställde
238 942 29 12 nu
282 934 51 21 herr
348 935 199 20 landtmarskalken
563 935 96 27 följande
675 935 145 27 proposition:

215 986 6 8 »
228 968 45 21 Vill
292 969 149 27 ridderskapet
462 969 39 20 och
517 969 62 21 adeln
595 971 58 18 emot
670 970 25 19 10
711 970 11 26 $
737 969 24 21 af
774 970 119 26 lagutskot-

146 1005 42 19 tets
210 1003 136 21 betänkande
369 1004 70 20 såsom
460 1004 213 27 kontraproposition
695 1008 80 23 antaga
797 1003 97 29 följande

147 1037 141 27 slutmening:
303 1037 61 27 ,Med
380 1038 70 20 denna
465 1038 128 27 förordning
608 1038 57 20 afses
682 1038 18 28 ej
719 1038 71 27 någon
801 1038 93 27 ändring

146 1072 7 20 i
169 1071 141 21 härförinnan
326 1072 113 20 tillkomne
455 1072 225 28 bolagsreglementen
696 1072 105 28 antingen
816 1072 26 21 de
856 1074 38 18 äro

147 1106 24 20 af
183 1106 131 28 regeringen
329 1106 122 21 fastställda
467 1106 52 21 eller
535 1108 39 26 ej."

215 1140 48 21 Den
280 1148 45 13 som
340 1141 38 19 vill
389 1143 79 25 antaga
479 1140 64 28 sagde
555 1141 211 28 kontraproposition
779 1148 73 14 svarar
860 1141 34 27 ja;

148 1176 41 20 den
205 1174 35 21 det
255 1175 47 20 icke
319 1174 37 21 vill
372 1181 73 14 svarar
459 1175 42 27 nej.

215 1209 84 21 Vinner
320 1210 34 26 nej
376 1209 94 21 erhåller
492 1210 88 20 berörde
598 1209 135 28 slutmening
754 1209 36 21 det
809 1210 23 20 af
845 1210 50 20 herr

148 1244 114 27 Törngren
278 1244 123 26 föreslagna
418 1244 108 27 tillägget:
542 1244 103 28 ,säframt
661 1244 26 20 de
703 1244 90 20 sednare
809 1245 20 27 ej
842 1244 6 20 i
860 1246 36 18 vä-

148 1278 94 28 sendtlig
258 1285 50 13 mon
322 1280 37 18 äro
376 1278 109 21 stridande
502 1280 56 18 emot
574 1278 70 21 denna
659 1278 146 28 förordning.*

218 1312 69 21 Sedan
309 1312 85 21 ständet
414 1312 49 21 med
484 1314 35 26 nej
540 1313 99 20 besvarat
659 1313 141 20 förenämnde
818 1320 77 20 propo-

149 1347 64 20 sition
230 1351 54 16 samt
300 1347 90 20 sålunda
405 1347 99 26 bestämt,
515 1350 31 18 att
561 1348 36 20 det
612 1347 23 20 af
649 1348 50 19 herr
710 1347 112 28 Törngren
834 1347 6 20 i
851 1354 44 13 om-

149 1381 92 20 förmäld
261 1382 67 19 måtto
349 1381 113 20 förordade
483 1382 76 26 tillägg
579 1381 69 20 skulle
670 1382 30 19 uti
716 1381 40 20 den
773 1382 123 25 föreslagna
