1034 1725
815 116 41 21 443

135 181 107 21 utskottet
262 182 33 20 till
314 182 49 20 stöd
382 182 86 21 derföre
489 182 77 21 anfört.
596 182 103 22 Likasom
715 183 76 27 hvarje
803 183 82 27 jordlä-

135 215 92 28 genhets
243 216 130 27 grundskatt
389 216 40 21 och
445 216 69 28 öfrige
530 216 112 28 utskylder
656 217 70 21 måste
741 217 52 21 bero
805 217 24 20 af
837 217 49 21 dess

135 250 61 28 högre
212 250 49 21 eller
277 250 56 28 lägre
349 250 100 22 skattetal
463 252 55 19 samt
534 250 63 21 deraf
610 250 110 21 beroende
734 250 152 28 egoförmoner

136 284 40 19 och
197 283 51 21 derå
268 284 111 27 grundade
398 284 99 27 förmåga
512 286 32 18 att
560 284 66 20 sådan
642 284 58 20 skatt
715 286 86 25 utgöra,
817 284 70 21 likaså

136 317 68 21 måste
225 317 65 21 också
310 317 75 27 hvarje
406 317 86 21 enskild
512 317 154 28 medborgares
683 317 76 28 bidrag
775 317 32 21 till
823 319 64 20 stats-

135 351 88 21 verkets
239 351 108 21 ordinarie
363 351 119 22 inkomster
498 352 54 21 eller
566 351 111 22 såkallade
685 352 112 29 personela
807 353 80 27 utskyl-

136 386 36 21 der
190 385 51 22 bero
257 386 24 21 af
294 386 54 21 hans
364 387 61 28 högre
440 386 50 21 eller
505 387 58 28 lägre
578 386 101 29 ställning
694 386 7 20 i
717 386 115 21 samhället
847 387 40 20 och

136 420 52 21 derå
208 420 111 27 grundade
340 420 99 28 förmåga
454 422 32 19 att
506 420 55 21 slike
578 420 113 28 utskylder
707 422 88 26 utgöra;
811 420 37 21 det
863 423 24 19 är

135 455 29 28 på
184 454 62 21 desse
267 455 181 28 grundprinciper
466 455 75 28 hvarje
557 455 107 28 förnuftig
679 455 210 28 beskattningsteori

136 489 76 20 hvilar.
243 488 29 22 Så
291 489 64 28 länge
376 489 84 21 olikhet
475 489 6 20 i
498 489 210 28 samhällsställning
726 489 77 27 finnes,
818 490 69 21 måste

136 523 66 20 också
218 523 83 21 olikhet
316 530 41 21 ega
371 531 48 13 rum
435 524 7 20 i
457 523 26 21 de
499 523 182 27 kontributioner,
697 530 46 14 som
759 525 88 26 utgöras
866 524 24 20 af

137 557 26 22 de
180 557 106 22 särskilda
302 557 281 22 samhällsmedlemmarne.
605 557 67 21 Detta
687 559 24 19 är
727 559 32 20 ett
770 558 71 21 axiom
852 558 37 21 vid

137 592 29 21 all
181 592 139 28 lagstiftning
336 600 34 13 om
386 592 151 28 beskattning;
554 592 40 21 och
606 592 55 21 skall
672 592 35 21 väl
718 600 26 13 en
756 592 66 22 sådan
834 593 54 21 olik-

137 627 37 20 het
190 627 7 20 i
213 626 209 28 samhällsställning
442 627 108 27 någonsin
570 626 74 21 kunna
659 626 7 21 i
682 626 67 28 något
769 626 51 22 land
835 634 53 21 upp-

137 661 53 21 höra
206 662 32 20 att
253 661 68 21 finnas
337 662 48 20 till?
415 661 43 28 Jag
473 661 72 21 tviflar
560 660 74 28 derpå.
663 660 114 22 Utskottet
793 661 39 21 har
847 662 42 20 vis-

138 695 95 28 serligen
248 696 58 20 velat
321 696 71 21 införa
405 696 132 28 jemnlikhet
548 695 40 21 och
604 695 167 28 tillvägabringa
783 702 26 14 en
821 696 67 21 nivel-

136 730 72 28 lering
228 730 7 20 i
255 730 128 21 hithörande
399 730 161 27 förhällanden,
575 736 50 14 men
641 730 77 21 sädant
733 731 24 19 är
772 730 44 21 lika
832 730 57 21 orik-

138 764 42 29 tigt
200 764 33 22 till
253 765 78 27 sjelfva
351 765 78 26 teorin,
445 772 47 14 som
507 764 110 28 praktiskt
638 764 176 27 overkställbart;
831 764 59 22 detta

138 799 38 21 har
197 799 66 21 redan
284 799 7 21 i
312 799 51 21 flere
382 799 139 21 hänseenden
542 798 109 29 förgäfves
673 798 72 21 blifvit
764 798 84 22 försökt
868 798 24 22 af

138 833 198 28 kommunisterne,
356 833 85 22 hvilkas
457 833 127 28 förderfliga
599 833 57 21 läror
671 832 60 22 hvila
745 833 28 28 pä
786 833 103 28 jemnlik-

139 867 170 29 hetsprincipen.

208 902 43 29 Jag
266 903 69 20 mäste
351 904 86 26 antaga,
449 904 32 19 att
492 902 107 21 utskottet
613 901 33 21 till
662 901 72 28 nägon
745 901 35 21 del
791 901 55 28 tagit
857 902 33 27 sig

139 936 119 29 anledning
277 937 33 20 till
331 937 38 21 sitt
384 937 82 28 förslag
481 937 7 20 i
504 937 60 21 detta
579 935 126 22 hänseende
721 936 24 20 af
757 937 31 19 ett
803 936 87 27 uttryck

138 971 8 21 i
162 971 41 22 den
218 971 80 28 nädiga
313 972 170 27 propositionen,
499 979 46 14 som
562 972 23 20 är
600 971 145 21 missledande.
771 963 21 28 Ä
802 978 49 21 pag.
863 971 25 20 21

139 1006 148 21 förekommer
307 1007 119 27 nemligen:
449 1006 40 26 ,H.
510 1006 62 28 Kejs.
592 1005 63 28 Maj:t
675 1005 38 21 vill
729 1005 64 21 alltsä
806 1005 84 20 härme-

140 1040 56 21 delst
210 1040 7 21 i
233 1040 67 21 nåder
317 1041 32 20 1:o
365 1041 33 20 till
413 1040 162 29 ridderskapets
591 1040 40 21 och
644 1039 76 22 adelns
731 1039 160 28 öfvervägande

140 1075 103 20 särskildt
259 1075 141 27 öfverlemna,
411 1082 35 14 om
461 1075 49 21 icke
526 1074 110 27 ständet,
629 1069 13 37 i
651 1073 144 22 betraktande
810 1074 25 20 af
847 1074 44 20 för-

140 1109 95 22 ändrade
256 1109 151 21 förhällanden
427 1111 56 20 samt
503 1109 27 21 dä
549 1109 75 27 hvarje
644 1108 144 27 medborgare
803 1107 40 21 bör
857 1108 34 20 för

140 1144 38 20 sitt
194 1145 125 28 personliga
341 1144 69 29 skydd
429 1144 7 21 i
456 1144 33 21 sin
509 1143 50 22 män
580 1143 88 27 deltaga
687 1143 8 20 i
715 1142 42 21 den
777 1142 116 28 personela

141 1178 87 22 skatten
250 1179 40 20 och
314 1179 90 21 sålunda
426 1178 91 28 bidraga
538 1178 34 21 till
593 1176 174 22 statsbehofvens
785 1176 106 28 fyllande,

141 1213 67 21 funne
229 1213 47 21 skäl
297 1215 32 18 att
345 1213 33 21 för
393 1212 117 22 framtiden
525 1212 76 28 afsäga
616 1212 33 27 sig
663 1211 42 21 den
720 1218 79 20 genom
815 1211 12 20 3
843 1211 12 26 $
870 1210 24 21 af

144 1248 54 20 1652
218 1247 35 21 &rs
269 1246 172 29 riksdagsbeslut
457 1247 39 21 och
511 1246 123 22 sedermera
647 1245 105 21 utkomne
768 1244 124 22 författnin-

142 1289 46 21 gar,
207 1281 152 28 ridderskapet
379 1282 40 20 och
439 1280 63 22 adeln
522 1280 136 22 förbehällne
677 1279 102 21 befrielse
795 1278 48 21 frän
860 1285 33 14 er-

141 1315 108 28 läggande
265 1316 24 20 af
301 1315 234 28 mantalspenningar.*
558 1314 52 21 Man
625 1314 72 20 kunde
713 1313 64 21 häraf
788 1312 105 28 möjligen

142 1350 67 26 draga
229 1350 41 19 den
291 1350 95 25 slutsats,
407 1351 32 18 att
458 1348 244 27 mantalspenningarne
723 1347 40 20 och
781 1347 26 19 do
823 1346 71 27 öfriga

142 1383 116 27 personela
273 1383 148 27 utskylderne,
433 1389 45 13 som
494 1382 7 20 i
517 1382 74 20 landet
606 1382 58 26 utgå,
677 1388 39 13 var
731 1387 28 13 en
774 1380 57 28 slags
843 1387 49 21 per-

144 1417 58 24 sonel
217 1417 150 30 skyddsafgift.
395 1416 29 25 Så
435 1417 23 20 är
469 1415 123 24 emellertid
602 1415 48 21 icke
660 1414 156 27 förhållandet;
830 1413 65 28 följer
