1036 1742
182 124 42 20 426

224 189 70 21 Sedan
315 190 12 26 $
347 188 27 22 24
396 188 90 21 sålunda
509 196 37 14 var
569 190 102 27 slutligen
693 190 97 28 afgjord,
806 192 48 26 togs
871 191 32 21 till

155 229 53 27 följe
228 228 24 21 af
270 228 55 21 hvad
345 228 151 28 ridderskapet
515 229 39 21 och
575 230 64 20 adeln
654 230 35 20 vid
704 230 162 28 behandlingen
881 231 24 20 af

155 264 53 20 sista
228 270 64 14 mom.
311 263 24 21 af
352 263 103 21 rubriken
475 263 102 21 kontrakt
597 264 61 20 sidan
681 265 26 20 25
730 265 7 20 i
757 265 147 21 betänkandet

155 298 100 26 beslutit,
272 298 65 27 sagde
352 304 64 14 mom.
432 298 68 21 under
516 298 176 29 öfverläggning,
708 299 76 21 dervid

223 332 102 21 Friherre
341 332 129 28 Carpelan
486 333 95 27 yttrade:
599 333 42 27 Jag
652 334 69 20 skulle
732 334 122 27 hemställa,
865 334 38 21 hu-

155 368 75 20 ruvida
244 367 49 21 icke
309 367 66 21 orden
390 367 19 26 yi
424 367 61 21 stad"
495 368 46 20 helt
551 368 40 20 och
601 368 68 20 hållet
680 368 69 22 skulle
760 368 74 22 kunna
845 370 58 27 utgå.

222 402 32 21 På
274 401 51 21 herr
344 402 156 21 ordförandens
516 402 161 29 framställning
692 405 77 26 antogs
785 406 119 19 momentet

155 437 49 21 med
220 436 136 23 uteslutande
370 436 24 21 af
407 436 67 21 orden
491 438 20 26 ,i
526 437 67 21 stad."

222 472 24 27 88
262 472 34 26 25,
311 472 27 20 26
354 471 39 21 och
409 472 27 20 27
452 471 96 28 gillades.

490 536 12 19 6
516 535 49 28 kap.

226 570 38 20 Om
280 569 88 21 domstol
382 570 9 20 i
404 570 50 26 mål,
466 570 90 21 rörande
571 569 163 29 öfverträdelser
744 570 29 28 af
780 570 68 22 denna
854 570 49 29 för-

155 604 89 28 ordning
259 608 54 17 samt
323 604 124 28 fördelning
461 604 29 28 af
497 604 61 27 böter,
569 612 44 12 som
623 604 64 28 enligt
696 604 122 22 densamma
833 605 70 22 ådöm-

155 646 52 19 mas,
224 640 77 27 antogs
316 638 49 21 med
380 638 27 21 de
422 638 107 21 derunder
544 639 112 28 upptagna
671 639 23 28 $$
711 639 26 21 28
754 639 40 21 och
809 639 26 21 29
852 641 51 19 utan

156 672 98 29 ändring.

489 714 11 20 7
516 714 49 27 kap.

225 748 38 20 Om
279 748 115 28 stämpladt
406 756 94 20 pappers
515 748 36 21 och
565 748 187 28 stämpelmärkens
762 749 141 29 tillverkning,

151 782 134 28 försäljning
301 782 36 21 och
351 782 155 28 utkreditering,
519 785 24 19 sä
559 783 37 21 ock
605 783 54 20 huru
671 784 115 28 ersättning
796 786 35 19 mä
842 784 62 21 sökas

151 816 40 29 för
205 816 116 28 stämpladt
334 824 89 20 papper,
439 824 43 13 som
495 824 73 21 genom
583 816 146 30 misskrifning
738 817 143 29 förderfvats.

224 851 11 27 8
252 851 33 20 30.

224 885 58 21 Herr
302 891 41 14 von
365 884 110 22 Zansen:
494 885 47 21 Här
556 885 33 22 fär
601 885 40 28 jag
656 885 110 22 vördsamt
780 887 54 27 göra
849 894 55 14 sam-

156 927 35 14 ma
211 919 154 28 anmärkning,
385 926 46 14 som
450 920 38 27 jag
504 919 76 29 gjorde
595 919 36 21 vid
647 920 25 21 10
687 920 98 28 punkten
801 921 61 21 sidan
877 923 27 20 28

157 962 35 13 om
212 953 170 29 olämpligheten
402 954 64 21 deraf
484 956 32 19 att
536 954 101 21 anmälan
653 954 7 21 i
678 955 226 28 finansexpeditionen

156 989 39 21 bör
210 990 71 27 göras.
311 989 47 20 Här
373 995 64 21 synes
454 989 35 20 det
505 989 85 28 tydligt,
606 991 32 18 att
653 989 41 21 slik
710 990 99 21 anmälan
826 991 38 20 hos
880 991 24 21 fi-

156 1023 208 28 nansexpeditionen
384 1023 56 21 skall
460 1023 48 27 ske,
523 1023 40 21 och
583 1023 37 20 det
635 1023 77 22 blifver
728 1031 28 14 en
771 1025 73 21 alltför
860 1027 44 20 stor

155 1057 81 28 mängd
256 1057 168 27 verifikationer,
445 1064 34 14 om
499 1058 75 27 hvarje
590 1057 114 22 skrifvelse
720 1058 70 21 skulle
806 1059 97 28 biläggas

156 1092 71 21 såsom
246 1091 144 22 verifikation.
420 1091 45 21 Der
485 1092 28 28 gå
532 1099 29 14 nu
577 1092 67 21 redan
660 1093 12 20 3
688 1093 106 21 särskilda
809 1093 94 22 förteck-

155 1127 79 26 ningar
256 1126 22 20 in
299 1126 70 21 säsom
392 1126 167 27 verifikationer,
580 1126 19 20 d.
618 1133 20 14 v.
659 1134 16 13 s.
693 1127 55 20 först
768 1127 40 21 och
828 1128 76 21 främst

156 1161 115 20 kassörens
284 1160 88 28 journal
387 1160 40 21 och
442 1161 151 20 kamrerarens
606 1161 94 27 journal,
714 1161 111 22 hvarefter
839 1169 64 21 expe-

156 1195 97 20 ditionen
268 1195 198 27 kontrollstämplas
481 1195 13 21 å
509 1195 172 21 finanskontoret
691 1195 41 22 och
742 1196 80 21 införes
833 1197 7 20 i
851 1197 53 21 kon-

155 1229 117 21 trollörens
292 1229 99 28 journal,
410 1236 46 14 som
475 1229 95 22 derefter
590 1229 25 21 af
631 1230 139 21 kamreraren
794 1231 109 28 gvitteras,

157 1264 39 21 och
212 1264 43 20 alla
270 1265 12 20 3
298 1264 176 27 räkenskaperne
494 1265 91 27 bifogas.
616 1265 60 20 Skall
692 1265 36 20 det
744 1265 53 21 ökas
812 1266 50 20 med
877 1273 26 14 en

156 1298 80 26 mängd
250 1303 90 22 papper,
355 1298 69 20 mäste
440 1297 36 21 det
490 1298 69 21 blifva
574 1304 27 14 en
617 1299 12 19 3
645 1298 13 20 &
671 1299 13 20 4
700 1298 106 21 särskilda
820 1299 64 20 band.

223 1331 102 21 Friherre
342 1331 138 28 Carpelan:
495 1331 35 21 Dä
545 1331 109 21 enskildta
668 1332 87 21 skrifter
771 1333 20 27 ej
806 1339 46 14 mer
867 1333 36 21 be-

155 1366 66 21 höfva
241 1365 92 22 skrifvas
352 1367 28 26 pä
399 1366 117 28 stämpladt
533 1373 82 21 papper
635 1367 39 20 och
694 1373 50 15 man
763 1367 39 21 har
817 1367 86 22 tillfälle

157 1402 31 19 att
206 1400 50 21 med
273 1400 182 28 stämpelmärken
474 1401 94 28 belägga
585 1401 81 21 sädana
681 1401 132 28 skrifvelser,
828 1402 8 20 i
852 1402 50 21 hän-

156 1435 59 22 delse
231 1435 36 22 det
283 1435 115 28 erfordras,
414 1435 69 21 skulle
496 1436 39 28 jag
550 1435 111 23 föreställa
675 1437 51 28 mig,
738 1437 32 20 att
784 1436 74 29 frägor
869 1443 35 16 om
