<?xml version="1.0" encoding="UTF-8"?>
<alto xmlns="http://www.loc.gov/standards/alto/ns-v3#" xmlns:xlink="http://www.w3.org/1999/xlink" xmlns:xsi="http://www.w3.org/2001/XMLSchema-instance" xsi:schemaLocation="http://www.loc.gov/standards/alto/ns-v3# http://www.loc.gov/alto/v3/alto-3-0.xsd">
	<Description>
		<MeasurementUnit>pixel</MeasurementUnit>
		<sourceImageInformation>
			<fileName>/tmp/tess_30zy1hct_input.PNG</fileName>
		</sourceImageInformation>
		<OCRProcessing ID="OCR_0">
			<ocrProcessingStep>
				<processingSoftware>
					<softwareName>tesseract 5.3.4</softwareName>
				</processingSoftware>
			</ocrProcessingStep>
		</OCRProcessing>
	</Description>
	<Layout>
		<Page WIDTH="1700" HEIGHT="1956" PHYSICAL_IMG_NR="0" ID="page_0">
			<PrintSpace HPOS="0" VPOS="0" WIDTH="1700" HEIGHT="1956">
				<GraphicalElement ID="cblock_0" HPOS="336" VPOS="1069" WIDTH="6" HEIGHT="301"></GraphicalElement >
				<ComposedBlock ID="cblock_1" HPOS="1158" VPOS="215" WIDTH="27" HEIGHT="21">
					<TextBlock ID="block_0" HPOS="1158" VPOS="215" WIDTH="27" HEIGHT="21">
						<TextLine ID="line_0" HPOS="1158" VPOS="215" WIDTH="27" HEIGHT="21">
							<String ID="string_0" HPOS="1158" VPOS="215" WIDTH="27" HEIGHT="21" WC="0.96" CONTENT="35"/>
						</TextLine>
					</TextBlock>
				</ComposedBlock>
				<ComposedBlock ID="cblock_2" HPOS="455" VPOS="278" WIDTH="759" HEIGHT="1273">
					<TextBlock ID="block_1" HPOS="459" VPOS="278" WIDTH="754" HEIGHT="133">
						<TextLine ID="line_1" HPOS="460" VPOS="278" WIDTH="752" HEIGHT="30">
							<String ID="string_1" HPOS="460" VPOS="278" WIDTH="78" HEIGHT="23" WC="0.95" CONTENT="mande"/><SP WIDTH="21" VPOS="278" HPOS="538"/>
							<String ID="string_2" HPOS="559" VPOS="279" WIDTH="127" HEIGHT="29" WC="0.96" CONTENT="stadgande,"/><SP WIDTH="20" VPOS="279" HPOS="686"/>
							<String ID="string_3" HPOS="706" VPOS="287" WIDTH="35" HEIGHT="14" WC="0.93" CONTENT="om"/><SP WIDTH="17" VPOS="287" HPOS="741"/>
							<String ID="string_4" HPOS="758" VPOS="279" WIDTH="125" HEIGHT="29" WC="0.91" CONTENT="åliggandet"/><SP WIDTH="15" VPOS="279" HPOS="883"/>
							<String ID="string_5" HPOS="898" VPOS="280" WIDTH="34" HEIGHT="21" WC="0.96" CONTENT="för"/><SP WIDTH="15" VPOS="280" HPOS="932"/>
							<String ID="string_6" HPOS="947" VPOS="280" WIDTH="94" HEIGHT="22" WC="0.96" CONTENT="medlem"/><SP WIDTH="16" VPOS="280" HPOS="1041"/>
							<String ID="string_7" HPOS="1057" VPOS="280" WIDTH="7" HEIGHT="20" WC="0.96" CONTENT="i"/><SP WIDTH="15" VPOS="280" HPOS="1064"/>
							<String ID="string_8" HPOS="1079" VPOS="280" WIDTH="133" HEIGHT="22" WC="0.96" CONTENT="kommunen"/>
						</TextLine>
						<TextLine ID="line_2" HPOS="460" VPOS="314" WIDTH="752" HEIGHT="29">
							<String ID="string_9" HPOS="460" VPOS="316" WIDTH="32" HEIGHT="19" WC="0.96" CONTENT="att"/><SP WIDTH="16" VPOS="316" HPOS="492"/>
							<String ID="string_10" HPOS="508" VPOS="314" WIDTH="49" HEIGHT="21" WC="0.95" CONTENT="med"/><SP WIDTH="15" VPOS="314" HPOS="557"/>
							<String ID="string_11" HPOS="572" VPOS="315" WIDTH="54" HEIGHT="21" WC="0.93" CONTENT="visst"/><SP WIDTH="14" VPOS="315" HPOS="626"/>
							<String ID="string_12" HPOS="640" VPOS="314" WIDTH="165" HEIGHT="29" WC="0.92" CONTENT="minimibelopp"/><SP WIDTH="16" VPOS="314" HPOS="805"/>
							<String ID="string_13" HPOS="821" VPOS="315" WIDTH="87" HEIGHT="28" WC="0.96" CONTENT="deltaga"/><SP WIDTH="15" VPOS="315" HPOS="908"/>
							<String ID="string_14" HPOS="923" VPOS="315" WIDTH="7" HEIGHT="20" WC="0.93" CONTENT="i"/><SP WIDTH="14" VPOS="315" HPOS="930"/>
							<String ID="string_15" HPOS="944" VPOS="315" WIDTH="143" HEIGHT="27" WC="0.92" CONTENT="utskylderna"/><SP WIDTH="15" VPOS="315" HPOS="1087"/>
							<String ID="string_16" HPOS="1102" VPOS="314" WIDTH="34" HEIGHT="22" WC="0.93" CONTENT="till"/><SP WIDTH="15" VPOS="314" HPOS="1136"/>
							<String ID="string_17" HPOS="1151" VPOS="316" WIDTH="61" HEIGHT="20" WC="0.92" CONTENT="kom-"/>
						</TextLine>
						<TextLine ID="line_3" HPOS="459" VPOS="348" WIDTH="754" HEIGHT="29">
							<String ID="string_18" HPOS="459" VPOS="355" WIDTH="88" HEIGHT="20" WC="0.94" CONTENT="munen,"/><SP WIDTH="16" VPOS="355" HPOS="547"/>
							<String ID="string_19" HPOS="563" VPOS="349" WIDTH="35" HEIGHT="21" WC="0.96" CONTENT="för"/><SP WIDTH="14" VPOS="349" HPOS="598"/>
							<String ID="string_20" HPOS="612" VPOS="350" WIDTH="31" HEIGHT="20" WC="0.93" CONTENT="att"/><SP WIDTH="14" VPOS="350" HPOS="643"/>
							<String ID="string_21" HPOS="657" VPOS="348" WIDTH="113" HEIGHT="22" WC="0.92" CONTENT="derstädes"/><SP WIDTH="15" VPOS="348" HPOS="770"/>
							<String ID="string_22" HPOS="785" VPOS="356" WIDTH="52" HEIGHT="14" WC="0.96" CONTENT="vara"/><SP WIDTH="14" VPOS="356" HPOS="837"/>
							<String ID="string_23" HPOS="851" VPOS="349" WIDTH="175" HEIGHT="28" WC="0.96" CONTENT="röstberättigad,"/><SP WIDTH="11" VPOS="349" HPOS="1026"/>
							<String ID="string_24" HPOS="1037" VPOS="349" WIDTH="94" HEIGHT="21" WC="0.96" CONTENT="nämnde"/><SP WIDTH="12" VPOS="349" HPOS="1131"/>
							<String ID="string_25" HPOS="1143" VPOS="349" WIDTH="70" HEIGHT="28" WC="0.96" CONTENT="punkt"/>
						</TextLine>
						<TextLine ID="line_4" HPOS="459" VPOS="383" WIDTH="388" HEIGHT="28">
							<String ID="string_26" HPOS="459" VPOS="383" WIDTH="71" HEIGHT="21" WC="0.96" CONTENT="skulle"/><SP WIDTH="15" VPOS="383" HPOS="530"/>
							<String ID="string_27" HPOS="545" VPOS="383" WIDTH="82" HEIGHT="21" WC="0.96" CONTENT="erhålla"/><SP WIDTH="16" VPOS="383" HPOS="627"/>
							<String ID="string_28" HPOS="643" VPOS="383" WIDTH="96" HEIGHT="28" WC="0.96" CONTENT="följande"/><SP WIDTH="16" VPOS="383" HPOS="739"/>
							<String ID="string_29" HPOS="755" VPOS="383" WIDTH="92" HEIGHT="28" WC="0.96" CONTENT="lydelse:"/>
						</TextLine>
					</TextBlock>
					<TextBlock ID="block_2" HPOS="458" VPOS="416" WIDTH="756" HEIGHT="230">
						<TextLine ID="line_5" HPOS="527" VPOS="416" WIDTH="684" HEIGHT="29">
							<String ID="string_30" HPOS="527" VPOS="416" WIDTH="34" HEIGHT="22" WC="0.96" CONTENT="En"/><SP WIDTH="20" VPOS="416" HPOS="561"/>
							<String ID="string_31" HPOS="581" VPOS="418" WIDTH="54" HEIGHT="20" WC="0.93" CONTENT="hvar"/><SP WIDTH="15" VPOS="418" HPOS="635"/>
							<String ID="string_32" HPOS="650" VPOS="417" WIDTH="122" HEIGHT="28" WC="0.92" CONTENT="välfrejdad"/><SP WIDTH="15" VPOS="417" HPOS="772"/>
							<String ID="string_33" HPOS="787" VPOS="417" WIDTH="93" HEIGHT="22" WC="0.96" CONTENT="medlem"/><SP WIDTH="20" VPOS="417" HPOS="880"/>
							<String ID="string_34" HPOS="900" VPOS="418" WIDTH="24" HEIGHT="20" WC="0.96" CONTENT="af"/><SP WIDTH="13" VPOS="418" HPOS="924"/>
							<String ID="string_35" HPOS="937" VPOS="417" WIDTH="171" HEIGHT="27" WC="0.96" CONTENT="stadskommun,"/><SP WIDTH="17" VPOS="417" HPOS="1108"/>
							<String ID="string_36" HPOS="1125" VPOS="425" WIDTH="46" HEIGHT="13" WC="0.96" CONTENT="som"/><SP WIDTH="16" VPOS="425" HPOS="1171"/>
							<String ID="string_37" HPOS="1187" VPOS="419" WIDTH="24" HEIGHT="20" WC="0.96" CONTENT="är"/>
						</TextLine>
						<TextLine ID="line_6" HPOS="458" VPOS="451" WIDTH="754" HEIGHT="29">
							<String ID="string_38" HPOS="458" VPOS="451" WIDTH="123" HEIGHT="21" WC="0.96" CONTENT="förbunden"/><SP WIDTH="21" VPOS="451" HPOS="581"/>
							<String ID="string_39" HPOS="602" VPOS="454" WIDTH="32" HEIGHT="19" WC="0.95" CONTENT="att"/><SP WIDTH="21" VPOS="454" HPOS="634"/>
							<String ID="string_40" HPOS="655" VPOS="452" WIDTH="88" HEIGHT="28" WC="0.96" CONTENT="erlägga"/><SP WIDTH="16" VPOS="452" HPOS="743"/>
							<String ID="string_41" HPOS="759" VPOS="452" WIDTH="58" HEIGHT="21" WC="0.96" CONTENT="skatt"/><SP WIDTH="16" VPOS="452" HPOS="817"/>
							<String ID="string_42" HPOS="833" VPOS="452" WIDTH="32" HEIGHT="20" WC="0.96" CONTENT="till"/><SP WIDTH="16" VPOS="452" HPOS="865"/>
							<String ID="string_43" HPOS="881" VPOS="452" WIDTH="125" HEIGHT="21" WC="0.95" CONTENT="densamma"/><SP WIDTH="15" VPOS="452" HPOS="1006"/>
							<String ID="string_44" HPOS="1021" VPOS="452" WIDTH="40" HEIGHT="21" WC="0.96" CONTENT="och"/><SP WIDTH="15" VPOS="452" HPOS="1061"/>
							<String ID="string_45" HPOS="1076" VPOS="452" WIDTH="47" HEIGHT="20" WC="0.93" CONTENT="icke"/><SP WIDTH="17" VPOS="452" HPOS="1123"/>
							<String ID="string_46" HPOS="1140" VPOS="452" WIDTH="72" HEIGHT="21" WC="0.92" CONTENT="häftar"/>
						</TextLine>
						<TextLine ID="line_7" HPOS="458" VPOS="486" WIDTH="754" HEIGHT="29">
							<String ID="string_47" HPOS="458" VPOS="486" WIDTH="34" HEIGHT="21" WC="0.96" CONTENT="för"/><SP WIDTH="20" VPOS="486" HPOS="492"/>
							<String ID="string_48" HPOS="512" VPOS="486" WIDTH="52" HEIGHT="22" WC="0.96" CONTENT="flere"/><SP WIDTH="21" VPOS="486" HPOS="564"/>
							<String ID="string_49" HPOS="585" VPOS="488" WIDTH="27" HEIGHT="19" WC="0.96" CONTENT="än"/><SP WIDTH="21" VPOS="488" HPOS="612"/>
							<String ID="string_50" HPOS="633" VPOS="488" WIDTH="31" HEIGHT="19" WC="0.96" CONTENT="ett"/><SP WIDTH="20" VPOS="488" HPOS="664"/>
							<String ID="string_51" HPOS="684" VPOS="486" WIDTH="35" HEIGHT="21" WC="0.93" CONTENT="års"/><SP WIDTH="21" VPOS="486" HPOS="719"/>
							<String ID="string_52" HPOS="740" VPOS="486" WIDTH="94" HEIGHT="29" WC="0.92" CONTENT="oguldne"/><SP WIDTH="19" VPOS="486" HPOS="834"/>
							<String ID="string_53" HPOS="853" VPOS="486" WIDTH="180" HEIGHT="28" WC="0.92" CONTENT="stadsutskylder,"/><SP WIDTH="16" VPOS="486" HPOS="1033"/>
							<String ID="string_54" HPOS="1049" VPOS="489" WIDTH="24" HEIGHT="19" WC="0.96" CONTENT="är"/><SP WIDTH="15" VPOS="489" HPOS="1073"/>
							<String ID="string_55" HPOS="1088" VPOS="486" WIDTH="124" HEIGHT="29" WC="0.96" CONTENT="berättigad"/>
						</TextLine>
						<TextLine ID="line_8" HPOS="459" VPOS="521" WIDTH="752" HEIGHT="28">
							<String ID="string_56" HPOS="459" VPOS="522" WIDTH="31" HEIGHT="19" WC="0.96" CONTENT="att"/><SP WIDTH="16" VPOS="522" HPOS="490"/>
							<String ID="string_57" HPOS="506" VPOS="521" WIDTH="87" HEIGHT="27" WC="0.96" CONTENT="deltaga"/><SP WIDTH="15" VPOS="521" HPOS="593"/>
							<String ID="string_58" HPOS="608" VPOS="521" WIDTH="8" HEIGHT="21" WC="0.96" CONTENT="i"/><SP WIDTH="16" VPOS="521" HPOS="616"/>
							<String ID="string_59" HPOS="632" VPOS="522" WIDTH="110" HEIGHT="20" WC="0.93" CONTENT="allmänna"/><SP WIDTH="15" VPOS="522" HPOS="742"/>
							<String ID="string_60" HPOS="757" VPOS="521" WIDTH="193" HEIGHT="28" WC="0.91" CONTENT="öfverläggningar"/><SP WIDTH="17" VPOS="521" HPOS="950"/>
							<String ID="string_61" HPOS="967" VPOS="521" WIDTH="39" HEIGHT="21" WC="0.97" CONTENT="och"/><SP WIDTH="15" VPOS="521" HPOS="1006"/>
							<String ID="string_62" HPOS="1021" VPOS="521" WIDTH="73" HEIGHT="21" WC="0.96" CONTENT="beslut"/><SP WIDTH="15" VPOS="521" HPOS="1094"/>
							<String ID="string_63" HPOS="1109" VPOS="521" WIDTH="7" HEIGHT="20" WC="0.96" CONTENT="i"/><SP WIDTH="15" VPOS="521" HPOS="1116"/>
							<String ID="string_64" HPOS="1131" VPOS="521" WIDTH="43" HEIGHT="21" WC="0.96" CONTENT="alla"/><SP WIDTH="12" VPOS="521" HPOS="1174"/>
							<String ID="string_65" HPOS="1186" VPOS="521" WIDTH="25" HEIGHT="21" WC="0.96" CONTENT="de"/>
						</TextLine>
						<TextLine ID="line_9" HPOS="459" VPOS="555" WIDTH="753" HEIGHT="29">
							<String ID="string_66" HPOS="459" VPOS="555" WIDTH="76" HEIGHT="21" WC="0.96" CONTENT="staden"/><SP WIDTH="20" VPOS="555" HPOS="535"/>
							<String ID="string_67" HPOS="555" VPOS="556" WIDTH="93" HEIGHT="20" WC="0.95" CONTENT="rörande"/><SP WIDTH="21" VPOS="556" HPOS="648"/>
							<String ID="string_68" HPOS="669" VPOS="556" WIDTH="192" HEIGHT="28" WC="0.96" CONTENT="angelägenheter,"/><SP WIDTH="20" VPOS="556" HPOS="861"/>
							<String ID="string_69" HPOS="881" VPOS="556" WIDTH="74" HEIGHT="21" WC="0.96" CONTENT="hvilka"/><SP WIDTH="20" VPOS="556" HPOS="955"/>
							<String ID="string_70" HPOS="975" VPOS="555" WIDTH="48" HEIGHT="21" WC="0.96" CONTENT="icke"/><SP WIDTH="20" VPOS="555" HPOS="1023"/>
							<String ID="string_71" HPOS="1043" VPOS="556" WIDTH="69" HEIGHT="28" WC="0.96" CONTENT="enligt"/><SP WIDTH="15" VPOS="556" HPOS="1112"/>
							<String ID="string_72" HPOS="1127" VPOS="556" WIDTH="85" HEIGHT="20" WC="0.96" CONTENT="landets"/>
						</TextLine>
						<TextLine ID="line_10" HPOS="458" VPOS="590" WIDTH="756" HEIGHT="28">
							<String ID="string_73" HPOS="458" VPOS="590" WIDTH="133" HEIGHT="28" WC="0.96" CONTENT="grundlagar"/><SP WIDTH="15" VPOS="590" HPOS="591"/>
							<String ID="string_74" HPOS="606" VPOS="590" WIDTH="54" HEIGHT="21" WC="0.93" CONTENT="eller"/><SP WIDTH="16" VPOS="590" HPOS="660"/>
							<String ID="string_75" HPOS="676" VPOS="590" WIDTH="101" HEIGHT="21" WC="0.91" CONTENT="särskilta"/><SP WIDTH="18" VPOS="590" HPOS="777"/>
							<String ID="string_76" HPOS="795" VPOS="590" WIDTH="154" HEIGHT="28" WC="0.96" CONTENT="författningar"/><SP WIDTH="17" VPOS="590" HPOS="949"/>
							<String ID="string_77" HPOS="966" VPOS="592" WIDTH="36" HEIGHT="19" WC="0.96" CONTENT="äro"/><SP WIDTH="16" VPOS="592" HPOS="1002"/>
							<String ID="string_78" HPOS="1018" VPOS="590" WIDTH="58" HEIGHT="22" WC="0.95" CONTENT="vissa"/><SP WIDTH="16" VPOS="590" HPOS="1076"/>
							<String ID="string_79" HPOS="1092" VPOS="590" WIDTH="84" HEIGHT="22" WC="0.96" CONTENT="klasser"/><SP WIDTH="14" VPOS="590" HPOS="1176"/>
							<String ID="string_80" HPOS="1190" VPOS="590" WIDTH="24" HEIGHT="21" WC="0.96" CONTENT="af"/>
						</TextLine>
						<TextLine ID="line_11" HPOS="458" VPOS="624" WIDTH="403" HEIGHT="22">
							<String ID="string_81" HPOS="458" VPOS="625" WIDTH="88" HEIGHT="21" WC="0.96" CONTENT="stadens"/><SP WIDTH="15" VPOS="625" HPOS="546"/>
							<String ID="string_82" HPOS="561" VPOS="625" WIDTH="142" HEIGHT="21" WC="0.96" CONTENT="medlemmar"/><SP WIDTH="15" VPOS="625" HPOS="703"/>
							<String ID="string_83" HPOS="718" VPOS="624" WIDTH="143" HEIGHT="22" WC="0.95" CONTENT="förbehållna."/>
						</TextLine>
					</TextBlock>
					<TextBlock ID="block_3" HPOS="455" VPOS="659" WIDTH="756" HEIGHT="790">
						<TextLine ID="line_12" HPOS="526" VPOS="659" WIDTH="685" HEIGHT="27">
							<String ID="string_84" HPOS="526" VPOS="660" WIDTH="58" HEIGHT="21" WC="0.96" CONTENT="Herr"/><SP WIDTH="16" VPOS="660" HPOS="584"/>
							<String ID="string_85" HPOS="600" VPOS="666" WIDTH="41" HEIGHT="14" WC="0.96" CONTENT="von"/><SP WIDTH="16" VPOS="666" HPOS="641"/>
							<String ID="string_86" HPOS="657" VPOS="660" WIDTH="78" HEIGHT="26" WC="0.96" CONTENT="Born,"/><SP WIDTH="22" VPOS="660" HPOS="735"/>
							<String ID="string_87" HPOS="757" VPOS="660" WIDTH="20" HEIGHT="20" WC="0.93" CONTENT="J."/><SP WIDTH="20" VPOS="660" HPOS="777"/>
							<String ID="string_88" HPOS="797" VPOS="660" WIDTH="38" HEIGHT="21" WC="0.92" CONTENT="A.:"/><SP WIDTH="20" VPOS="660" HPOS="835"/>
							<String ID="string_89" HPOS="855" VPOS="660" WIDTH="32" HEIGHT="20" WC="0.96" CONTENT="På"/><SP WIDTH="21" VPOS="660" HPOS="887"/>
							<String ID="string_90" HPOS="908" VPOS="660" WIDTH="26" HEIGHT="20" WC="0.96" CONTENT="de"/><SP WIDTH="15" VPOS="660" HPOS="934"/>
							<String ID="string_91" HPOS="949" VPOS="659" WIDTH="24" HEIGHT="21" WC="0.93" CONTENT="af"/><SP WIDTH="15" VPOS="659" HPOS="973"/>
							<String ID="string_92" HPOS="988" VPOS="659" WIDTH="223" HEIGHT="22" WC="0.92" CONTENT="ekonomieutskottet"/>
						</TextLine>
						<TextLine ID="line_13" HPOS="458" VPOS="694" WIDTH="752" HEIGHT="29">
							<String ID="string_93" HPOS="458" VPOS="694" WIDTH="91" HEIGHT="22" WC="0.96" CONTENT="anförda"/><SP WIDTH="15" VPOS="694" HPOS="549"/>
							<String ID="string_94" HPOS="564" VPOS="694" WIDTH="47" HEIGHT="22" WC="0.96" CONTENT="skäl"/><SP WIDTH="16" VPOS="694" HPOS="611"/>
							<String ID="string_95" HPOS="627" VPOS="694" WIDTH="40" HEIGHT="22" WC="0.96" CONTENT="och"/><SP WIDTH="16" VPOS="694" HPOS="667"/>
							<String ID="string_96" HPOS="683" VPOS="694" WIDTH="27" HEIGHT="22" WC="0.96" CONTENT="då"/><SP WIDTH="16" VPOS="694" HPOS="710"/>
							<String ID="string_97" HPOS="726" VPOS="695" WIDTH="133" HEIGHT="27" WC="0.95" CONTENT="antagandet"/><SP WIDTH="16" VPOS="695" HPOS="859"/>
							<String ID="string_98" HPOS="875" VPOS="694" WIDTH="24" HEIGHT="21" WC="0.96" CONTENT="af"/><SP WIDTH="14" VPOS="694" HPOS="899"/>
							<String ID="string_99" HPOS="913" VPOS="701" WIDTH="26" HEIGHT="15" WC="0.96" CONTENT="en"/><SP WIDTH="16" VPOS="701" HPOS="939"/>
							<String ID="string_100" HPOS="955" VPOS="696" WIDTH="89" HEIGHT="20" WC="0.96" CONTENT="motsatt"/><SP WIDTH="10" VPOS="696" HPOS="1044"/>
							<String ID="string_101" HPOS="1054" VPOS="694" WIDTH="85" HEIGHT="29" WC="0.96" CONTENT="princip"/><SP WIDTH="12" VPOS="694" HPOS="1139"/>
							<String ID="string_102" HPOS="1151" VPOS="695" WIDTH="59" HEIGHT="26" WC="0.95" CONTENT="eller,"/>
						</TextLine>
						<TextLine ID="line_14" HPOS="457" VPOS="729" WIDTH="753" HEIGHT="29">
							<String ID="string_103" HPOS="457" VPOS="731" WIDTH="32" HEIGHT="20" WC="0.96" CONTENT="att"/><SP WIDTH="15" VPOS="731" HPOS="489"/>
							<String ID="string_104" HPOS="504" VPOS="729" WIDTH="43" HEIGHT="21" WC="0.93" CONTENT="alla"/><SP WIDTH="14" VPOS="729" HPOS="547"/>
							<String ID="string_105" HPOS="561" VPOS="729" WIDTH="136" HEIGHT="27" WC="0.92" CONTENT="välfrejdade"/><SP WIDTH="16" VPOS="729" HPOS="697"/>
							<String ID="string_106" HPOS="713" VPOS="736" WIDTH="104" HEIGHT="22" WC="0.96" CONTENT="personer"/><SP WIDTH="15" VPOS="736" HPOS="817"/>
							<String ID="string_107" HPOS="832" VPOS="731" WIDTH="53" HEIGHT="20" WC="0.96" CONTENT="utan"/><SP WIDTH="15" VPOS="731" HPOS="885"/>
							<String ID="string_108" HPOS="900" VPOS="729" WIDTH="111" HEIGHT="27" WC="0.96" CONTENT="undantag"/><SP WIDTH="11" VPOS="729" HPOS="1011"/>
							<String ID="string_109" HPOS="1022" VPOS="729" WIDTH="70" HEIGHT="21" WC="0.96" CONTENT="skulle"/><SP WIDTH="12" VPOS="729" HPOS="1092"/>
							<String ID="string_110" HPOS="1104" VPOS="731" WIDTH="40" HEIGHT="27" WC="0.93" CONTENT="äga"/><SP WIDTH="11" VPOS="731" HPOS="1144"/>
							<String ID="string_111" HPOS="1155" VPOS="730" WIDTH="55" HEIGHT="20" WC="0.92" CONTENT="röst-"/>
						</TextLine>
						<TextLine ID="line_15" HPOS="457" VPOS="763" WIDTH="753" HEIGHT="29">
							<String ID="string_112" HPOS="457" VPOS="764" WIDTH="112" HEIGHT="28" WC="0.95" CONTENT="rättighet,"/><SP WIDTH="10" VPOS="764" HPOS="569"/>
							<String ID="string_113" HPOS="579" VPOS="763" WIDTH="73" HEIGHT="21" WC="0.96" CONTENT="kunde"/><SP WIDTH="15" VPOS="763" HPOS="652"/>
							<String ID="string_114" HPOS="667" VPOS="764" WIDTH="50" HEIGHT="21" WC="0.96" CONTENT="leda"/><SP WIDTH="15" VPOS="764" HPOS="717"/>
							<String ID="string_115" HPOS="732" VPOS="764" WIDTH="33" HEIGHT="20" WC="0.93" CONTENT="till"/><SP WIDTH="16" VPOS="764" HPOS="765"/>
							<String ID="string_116" HPOS="781" VPOS="764" WIDTH="72" HEIGHT="27" WC="0.90" CONTENT="vådor,"/><SP WIDTH="16" VPOS="764" HPOS="853"/>
							<String ID="string_117" HPOS="869" VPOS="766" WIDTH="52" HEIGHT="18" WC="0.96" CONTENT="enär"/><SP WIDTH="15" VPOS="766" HPOS="921"/>
							<String ID="string_118" HPOS="936" VPOS="763" WIDTH="40" HEIGHT="21" WC="0.96" CONTENT="hos"/><SP WIDTH="16" VPOS="763" HPOS="976"/>
							<String ID="string_119" HPOS="992" VPOS="764" WIDTH="40" HEIGHT="20" WC="0.96" CONTENT="den"/><SP WIDTH="12" VPOS="764" HPOS="1032"/>
							<String ID="string_120" HPOS="1044" VPOS="764" WIDTH="71" HEIGHT="28" WC="0.93" CONTENT="lägsta"/><SP WIDTH="10" VPOS="764" HPOS="1115"/>
							<String ID="string_121" HPOS="1125" VPOS="764" WIDTH="85" HEIGHT="20" WC="0.92" CONTENT="befolk-"/>
						</TextLine>
						<TextLine ID="line_16" HPOS="457" VPOS="798" WIDTH="753" HEIGHT="29">
							<String ID="string_122" HPOS="457" VPOS="799" WIDTH="81" HEIGHT="28" WC="0.95" CONTENT="ningen"/><SP WIDTH="21" VPOS="799" HPOS="538"/>
							<String ID="string_123" HPOS="559" VPOS="799" WIDTH="39" HEIGHT="21" WC="0.96" CONTENT="hos"/><SP WIDTH="21" VPOS="799" HPOS="598"/>
							<String ID="string_124" HPOS="619" VPOS="806" WIDTH="34" HEIGHT="14" WC="0.96" CONTENT="oss"/><SP WIDTH="17" VPOS="806" HPOS="653"/>
							<String ID="string_125" HPOS="670" VPOS="800" WIDTH="58" HEIGHT="20" WC="0.96" CONTENT="ännu"/><SP WIDTH="17" VPOS="800" HPOS="728"/>
							<String ID="string_126" HPOS="745" VPOS="799" WIDTH="19" HEIGHT="27" WC="0.96" CONTENT="ej"/><SP WIDTH="17" VPOS="799" HPOS="764"/>
							<String ID="string_127" HPOS="781" VPOS="798" WIDTH="42" HEIGHT="22" WC="0.96" CONTENT="kan"/><SP WIDTH="16" VPOS="798" HPOS="823"/>
							<String ID="string_128" HPOS="839" VPOS="799" WIDTH="127" HEIGHT="21" WC="0.96" CONTENT="förutsättas"/><SP WIDTH="17" VPOS="799" HPOS="966"/>
							<String ID="string_129" HPOS="983" VPOS="798" WIDTH="41" HEIGHT="22" WC="0.93" CONTENT="den"/><SP WIDTH="16" VPOS="798" HPOS="1024"/>
							<String ID="string_130" HPOS="1040" VPOS="798" WIDTH="67" HEIGHT="29" WC="0.92" CONTENT="insigt"/><SP WIDTH="15" VPOS="798" HPOS="1107"/>
							<String ID="string_131" HPOS="1122" VPOS="799" WIDTH="7" HEIGHT="21" WC="0.93" CONTENT="i"/><SP WIDTH="17" VPOS="799" HPOS="1129"/>
							<String ID="string_132" HPOS="1146" VPOS="798" WIDTH="64" HEIGHT="22" WC="0.92" CONTENT="bedö-"/>
						</TextLine>
						<TextLine ID="line_17" HPOS="457" VPOS="833" WIDTH="753" HEIGHT="29">
							<String ID="string_133" HPOS="457" VPOS="834" WIDTH="78" HEIGHT="20" WC="0.96" CONTENT="mande"/><SP WIDTH="21" VPOS="834" HPOS="535"/>
							<String ID="string_134" HPOS="556" VPOS="834" WIDTH="24" HEIGHT="21" WC="0.96" CONTENT="af"/><SP WIDTH="17" VPOS="834" HPOS="580"/>
							<String ID="string_135" HPOS="597" VPOS="833" WIDTH="163" HEIGHT="27" WC="0.96" CONTENT="förhållanden,"/><SP WIDTH="17" VPOS="833" HPOS="760"/>
							<String ID="string_136" HPOS="777" VPOS="835" WIDTH="30" HEIGHT="19" WC="0.96" CONTENT="att"/><SP WIDTH="16" VPOS="835" HPOS="807"/>
							<String ID="string_137" HPOS="823" VPOS="841" WIDTH="50" HEIGHT="14" WC="0.95" CONTENT="man"/><SP WIDTH="14" VPOS="841" HPOS="873"/>
							<String ID="string_138" HPOS="887" VPOS="834" WIDTH="50" HEIGHT="20" WC="0.96" CONTENT="med"/><SP WIDTH="15" VPOS="834" HPOS="937"/>
							<String ID="string_139" HPOS="952" VPOS="833" WIDTH="47" HEIGHT="21" WC="0.96" CONTENT="skäl"/><SP WIDTH="15" VPOS="833" HPOS="999"/>
							<String ID="string_140" HPOS="1014" VPOS="833" WIDTH="73" HEIGHT="21" WC="0.96" CONTENT="kunde"/><SP WIDTH="16" VPOS="833" HPOS="1087"/>
							<String ID="string_141" HPOS="1103" VPOS="834" WIDTH="107" HEIGHT="28" WC="0.96" CONTENT="inrymma"/>
						</TextLine>
						<TextLine ID="line_18" HPOS="458" VPOS="868" WIDTH="752" HEIGHT="28">
							<String ID="string_142" HPOS="458" VPOS="868" WIDTH="125" HEIGHT="22" WC="0.96" CONTENT="densamma"/><SP WIDTH="16" VPOS="868" HPOS="583"/>
							<String ID="string_143" HPOS="599" VPOS="868" WIDTH="135" HEIGHT="28" WC="0.96" CONTENT="delaktighet"/><SP WIDTH="15" VPOS="868" HPOS="734"/>
							<String ID="string_144" HPOS="749" VPOS="868" WIDTH="7" HEIGHT="20" WC="0.96" CONTENT="i"/><SP WIDTH="16" VPOS="868" HPOS="756"/>
							<String ID="string_145" HPOS="772" VPOS="868" WIDTH="71" HEIGHT="22" WC="0.96" CONTENT="beslut"/><SP WIDTH="14" VPOS="868" HPOS="843"/>
							<String ID="string_146" HPOS="857" VPOS="868" WIDTH="93" HEIGHT="22" WC="0.96" CONTENT="rörande"/><SP WIDTH="16" VPOS="868" HPOS="950"/>
							<String ID="string_147" HPOS="966" VPOS="868" WIDTH="145" HEIGHT="21" WC="0.93" CONTENT="kommunens"/><SP WIDTH="10" VPOS="868" HPOS="1111"/>
							<String ID="string_148" HPOS="1121" VPOS="868" WIDTH="89" HEIGHT="28" WC="0.89" CONTENT="angelä-"/>
						</TextLine>
						<TextLine ID="line_19" HPOS="458" VPOS="902" WIDTH="752" HEIGHT="30">
							<String ID="string_149" HPOS="458" VPOS="903" WIDTH="113" HEIGHT="29" WC="0.91" CONTENT="genheter,"/><SP WIDTH="16" VPOS="903" HPOS="571"/>
							<String ID="string_150" HPOS="587" VPOS="910" WIDTH="63" HEIGHT="15" WC="0.96" CONTENT="anser"/><SP WIDTH="13" VPOS="910" HPOS="650"/>
							<String ID="string_151" HPOS="663" VPOS="903" WIDTH="39" HEIGHT="28" WC="0.96" CONTENT="jag"/><SP WIDTH="15" VPOS="903" HPOS="702"/>
							<String ID="string_152" HPOS="717" VPOS="904" WIDTH="45" HEIGHT="27" WC="0.96" CONTENT="mig"/><SP WIDTH="17" VPOS="904" HPOS="762"/>
							<String ID="string_153" HPOS="779" VPOS="903" WIDTH="50" HEIGHT="21" WC="0.96" CONTENT="böra"/><SP WIDTH="16" VPOS="903" HPOS="829"/>
							<String ID="string_154" HPOS="845" VPOS="903" WIDTH="108" HEIGHT="28" WC="0.96" CONTENT="tillstyrka"/><SP WIDTH="16" VPOS="903" HPOS="953"/>
							<String ID="string_155" HPOS="969" VPOS="903" WIDTH="61" HEIGHT="21" WC="0.96" CONTENT="bifall"/><SP WIDTH="16" VPOS="903" HPOS="1030"/>
							<String ID="string_156" HPOS="1046" VPOS="903" WIDTH="34" HEIGHT="21" WC="0.96" CONTENT="till"/><SP WIDTH="15" VPOS="903" HPOS="1080"/>
							<String ID="string_157" HPOS="1095" VPOS="903" WIDTH="42" HEIGHT="21" WC="0.96" CONTENT="den"/><SP WIDTH="16" VPOS="903" HPOS="1137"/>
							<String ID="string_158" HPOS="1153" VPOS="903" WIDTH="7" HEIGHT="21" WC="0.93" CONTENT="i"/><SP WIDTH="14" VPOS="903" HPOS="1160"/>
							<String ID="string_159" HPOS="1174" VPOS="902" WIDTH="36" HEIGHT="22" WC="0.92" CONTENT="be-"/>
						</TextLine>
						<TextLine ID="line_20" HPOS="457" VPOS="937" WIDTH="753" HEIGHT="29">
							<String ID="string_160" HPOS="457" VPOS="938" WIDTH="121" HEIGHT="22" WC="0.96" CONTENT="tänkandet"/><SP WIDTH="20" VPOS="938" HPOS="578"/>
							<String ID="string_161" HPOS="598" VPOS="938" WIDTH="96" HEIGHT="21" WC="0.96" CONTENT="uttalade"/><SP WIDTH="21" VPOS="938" HPOS="694"/>
							<String ID="string_162" HPOS="715" VPOS="938" WIDTH="94" HEIGHT="28" WC="0.95" CONTENT="princip,"/><SP WIDTH="22" VPOS="938" HPOS="809"/>
							<String ID="string_163" HPOS="831" VPOS="946" WIDTH="49" HEIGHT="13" WC="0.96" CONTENT="men"/><SP WIDTH="17" VPOS="946" HPOS="880"/>
							<String ID="string_164" HPOS="897" VPOS="938" WIDTH="46" HEIGHT="28" WC="0.96" CONTENT="just"/><SP WIDTH="20" VPOS="938" HPOS="943"/>
							<String ID="string_165" HPOS="963" VPOS="937" WIDTH="34" HEIGHT="22" WC="0.96" CONTENT="för"/><SP WIDTH="16" VPOS="937" HPOS="997"/>
							<String ID="string_166" HPOS="1013" VPOS="939" WIDTH="32" HEIGHT="20" WC="0.96" CONTENT="att"/><SP WIDTH="14" VPOS="939" HPOS="1045"/>
							<String ID="string_167" HPOS="1059" VPOS="938" WIDTH="58" HEIGHT="21" WC="0.93" CONTENT="klart"/><SP WIDTH="15" VPOS="938" HPOS="1117"/>
							<String ID="string_168" HPOS="1132" VPOS="938" WIDTH="78" HEIGHT="28" WC="0.91" CONTENT="ådaga-"/>
						</TextLine>
						<TextLine ID="line_21" HPOS="457" VPOS="972" WIDTH="753" HEIGHT="30">
							<String ID="string_169" HPOS="457" VPOS="974" WIDTH="75" HEIGHT="28" WC="0.96" CONTENT="lägga,"/><SP WIDTH="19" VPOS="974" HPOS="532"/>
							<String ID="string_170" HPOS="551" VPOS="974" WIDTH="32" HEIGHT="20" WC="0.96" CONTENT="att"/><SP WIDTH="20" VPOS="974" HPOS="583"/>
							<String ID="string_171" HPOS="603" VPOS="973" WIDTH="166" HEIGHT="27" WC="0.96" CONTENT="ifrågavarande"/><SP WIDTH="21" VPOS="973" HPOS="769"/>
							<String ID="string_172" HPOS="790" VPOS="973" WIDTH="105" HEIGHT="28" WC="0.96" CONTENT="rättighet"/><SP WIDTH="19" VPOS="973" HPOS="895"/>
							<String ID="string_173" HPOS="914" VPOS="972" WIDTH="48" HEIGHT="21" WC="0.96" CONTENT="icke"/><SP WIDTH="19" VPOS="972" HPOS="962"/>
							<String ID="string_174" HPOS="981" VPOS="972" WIDTH="67" HEIGHT="22" WC="0.96" CONTENT="borde"/><SP WIDTH="20" VPOS="972" HPOS="1048"/>
							<String ID="string_175" HPOS="1068" VPOS="972" WIDTH="35" HEIGHT="22" WC="0.96" CONTENT="för"/><SP WIDTH="20" VPOS="972" HPOS="1103"/>
							<String ID="string_176" HPOS="1123" VPOS="973" WIDTH="87" HEIGHT="28" WC="0.96" CONTENT="mycket"/>
						</TextLine>
						<TextLine ID="line_22" HPOS="456" VPOS="1007" WIDTH="752" HEIGHT="29">
							<String ID="string_177" HPOS="456" VPOS="1007" WIDTH="138" HEIGHT="27" WC="0.92" CONTENT="inskränkas,"/><SP WIDTH="16" VPOS="1007" HPOS="594"/>
							<String ID="string_178" HPOS="610" VPOS="1014" WIDTH="63" HEIGHT="15" WC="0.96" CONTENT="anser"/><SP WIDTH="13" VPOS="1014" HPOS="673"/>
							<String ID="string_179" HPOS="686" VPOS="1008" WIDTH="39" HEIGHT="27" WC="0.96" CONTENT="jag"/><SP WIDTH="16" VPOS="1008" HPOS="725"/>
							<String ID="string_180" HPOS="741" VPOS="1008" WIDTH="36" HEIGHT="20" WC="0.96" CONTENT="det"/><SP WIDTH="15" VPOS="1008" HPOS="777"/>
							<String ID="string_181" HPOS="792" VPOS="1008" WIDTH="147" HEIGHT="28" WC="0.95" CONTENT="uttryckligen"/><SP WIDTH="15" VPOS="1008" HPOS="939"/>
							<String ID="string_182" HPOS="954" VPOS="1007" WIDTH="54" HEIGHT="21" WC="0.96" CONTENT="böra"/><SP WIDTH="10" VPOS="1007" HPOS="1008"/>
							<String ID="string_183" HPOS="1018" VPOS="1008" WIDTH="98" HEIGHT="26" WC="0.96" CONTENT="nämnas,"/><SP WIDTH="11" VPOS="1008" HPOS="1116"/>
							<String ID="string_184" HPOS="1127" VPOS="1009" WIDTH="32" HEIGHT="19" WC="0.93" CONTENT="att"/><SP WIDTH="10" VPOS="1009" HPOS="1159"/>
							<String ID="string_185" HPOS="1169" VPOS="1007" WIDTH="39" HEIGHT="21" WC="0.91" CONTENT="mi-"/>
						</TextLine>
						<TextLine ID="line_23" HPOS="457" VPOS="1042" WIDTH="751" HEIGHT="29">
							<String ID="string_186" HPOS="457" VPOS="1042" WIDTH="159" HEIGHT="28" WC="0.90" CONTENT="nimibeloppet"/><SP WIDTH="15" VPOS="1042" HPOS="616"/>
							<String ID="string_187" HPOS="631" VPOS="1042" WIDTH="56" HEIGHT="22" WC="0.96" CONTENT="skall"/><SP WIDTH="15" VPOS="1042" HPOS="687"/>
							<String ID="string_188" HPOS="702" VPOS="1050" WIDTH="52" HEIGHT="14" WC="0.96" CONTENT="vara"/><SP WIDTH="16" VPOS="1050" HPOS="754"/>
							<String ID="string_189" HPOS="770" VPOS="1042" WIDTH="52" HEIGHT="29" WC="0.96" CONTENT="lågt,"/><SP WIDTH="16" VPOS="1042" HPOS="822"/>
							<String ID="string_190" HPOS="838" VPOS="1043" WIDTH="28" HEIGHT="28" WC="0.96" CONTENT="på"/><SP WIDTH="15" VPOS="1043" HPOS="866"/>
							<String ID="string_191" HPOS="881" VPOS="1044" WIDTH="44" HEIGHT="20" WC="0.96" CONTENT="sätt"/><SP WIDTH="12" VPOS="1044" HPOS="925"/>
							<String ID="string_192" HPOS="937" VPOS="1042" WIDTH="40" HEIGHT="28" WC="0.96" CONTENT="jag"/><SP WIDTH="14" VPOS="1042" HPOS="977"/>
							<String ID="string_193" HPOS="991" VPOS="1042" WIDTH="7" HEIGHT="21" WC="0.96" CONTENT="i"/><SP WIDTH="15" VPOS="1042" HPOS="998"/>
							<String ID="string_194" HPOS="1013" VPOS="1042" WIDTH="45" HEIGHT="21" WC="0.96" CONTENT="min"/><SP WIDTH="15" VPOS="1042" HPOS="1058"/>
							<String ID="string_195" HPOS="1073" VPOS="1042" WIDTH="135" HEIGHT="22" WC="0.96" CONTENT="reservation"/>
						</TextLine>
						<TextLine ID="line_24" HPOS="456" VPOS="1076" WIDTH="753" HEIGHT="29">
							<String ID="string_196" HPOS="456" VPOS="1077" WIDTH="33" HEIGHT="21" WC="0.93" CONTENT="till"/><SP WIDTH="22" VPOS="1077" HPOS="489"/>
							<String ID="string_197" HPOS="511" VPOS="1077" WIDTH="117" HEIGHT="21" WC="0.95" CONTENT="utskottets"/><SP WIDTH="21" VPOS="1077" HPOS="628"/>
							<String ID="string_198" HPOS="649" VPOS="1076" WIDTH="138" HEIGHT="22" WC="0.96" CONTENT="betänkande"/><SP WIDTH="16" VPOS="1076" HPOS="787"/>
							<String ID="string_199" HPOS="803" VPOS="1077" WIDTH="65" HEIGHT="21" WC="0.96" CONTENT="också"/><SP WIDTH="17" VPOS="1077" HPOS="868"/>
							<String ID="string_200" HPOS="885" VPOS="1077" WIDTH="120" HEIGHT="28" WC="0.93" CONTENT="föreslagit."/><SP WIDTH="29" VPOS="1077" HPOS="1005"/>
							<String ID="string_201" HPOS="1034" VPOS="1076" WIDTH="65" HEIGHT="22" WC="0.92" CONTENT="Hvad"/><SP WIDTH="15" VPOS="1076" HPOS="1099"/>
							<String ID="string_202" HPOS="1114" VPOS="1078" WIDTH="46" HEIGHT="20" WC="0.93" CONTENT="åter"/><SP WIDTH="16" VPOS="1078" HPOS="1160"/>
							<String ID="string_203" HPOS="1176" VPOS="1084" WIDTH="33" HEIGHT="14" WC="0.93" CONTENT="re-"/>
						</TextLine>
						<TextLine ID="line_25" HPOS="456" VPOS="1111" WIDTH="753" HEIGHT="29">
							<String ID="string_204" HPOS="456" VPOS="1112" WIDTH="119" HEIGHT="21" WC="0.92" CONTENT="daktionen"/><SP WIDTH="16" VPOS="1112" HPOS="575"/>
							<String ID="string_205" HPOS="591" VPOS="1112" WIDTH="24" HEIGHT="20" WC="0.96" CONTENT="af"/><SP WIDTH="12" VPOS="1112" HPOS="615"/>
							<String ID="string_206" HPOS="627" VPOS="1111" WIDTH="100" HEIGHT="29" WC="0.96" CONTENT="punkten"/><SP WIDTH="15" VPOS="1111" HPOS="727"/>
							<String ID="string_207" HPOS="742" VPOS="1112" WIDTH="12" HEIGHT="20" WC="0.96" CONTENT="2"/><SP WIDTH="15" VPOS="1112" HPOS="754"/>
							<String ID="string_208" HPOS="769" VPOS="1112" WIDTH="110" HEIGHT="27" WC="0.96" CONTENT="beträffar,"/><SP WIDTH="16" VPOS="1112" HPOS="879"/>
							<String ID="string_209" HPOS="895" VPOS="1112" WIDTH="43" HEIGHT="21" WC="0.96" CONTENT="kan"/><SP WIDTH="13" VPOS="1112" HPOS="938"/>
							<String ID="string_210" HPOS="951" VPOS="1112" WIDTH="40" HEIGHT="27" WC="0.96" CONTENT="jag"/><SP WIDTH="15" VPOS="1112" HPOS="991"/>
							<String ID="string_211" HPOS="1006" VPOS="1112" WIDTH="20" HEIGHT="28" WC="0.96" CONTENT="ej"/><SP WIDTH="17" VPOS="1112" HPOS="1026"/>
							<String ID="string_212" HPOS="1043" VPOS="1118" WIDTH="52" HEIGHT="15" WC="0.96" CONTENT="anse"/><SP WIDTH="16" VPOS="1118" HPOS="1095"/>
							<String ID="string_213" HPOS="1111" VPOS="1112" WIDTH="41" HEIGHT="21" WC="0.93" CONTENT="den"/><SP WIDTH="14" VPOS="1112" HPOS="1152"/>
							<String ID="string_214" HPOS="1166" VPOS="1112" WIDTH="43" HEIGHT="21" WC="0.91" CONTENT="till-"/>
						</TextLine>
						<TextLine ID="line_26" HPOS="456" VPOS="1146" WIDTH="753" HEIGHT="28">
							<String ID="string_215" HPOS="456" VPOS="1146" WIDTH="174" HEIGHT="27" WC="0.91" CONTENT="fredsställande,"/><SP WIDTH="21" VPOS="1146" HPOS="630"/>
							<String ID="string_216" HPOS="651" VPOS="1148" WIDTH="23" HEIGHT="26" WC="0.97" CONTENT="ty"/><SP WIDTH="20" VPOS="1148" HPOS="674"/>
							<String ID="string_217" HPOS="694" VPOS="1146" WIDTH="63" HEIGHT="21" WC="0.96" CONTENT="deraf"/><SP WIDTH="18" VPOS="1146" HPOS="757"/>
							<String ID="string_218" HPOS="775" VPOS="1146" WIDTH="79" HEIGHT="28" WC="0.95" CONTENT="skulle,"/><SP WIDTH="22" VPOS="1146" HPOS="854"/>
							<String ID="string_219" HPOS="876" VPOS="1147" WIDTH="70" HEIGHT="21" WC="0.96" CONTENT="såsom"/><SP WIDTH="13" VPOS="1147" HPOS="946"/>
							<String ID="string_220" HPOS="959" VPOS="1146" WIDTH="40" HEIGHT="28" WC="0.96" CONTENT="jag"/><SP WIDTH="15" VPOS="1146" HPOS="999"/>
							<String ID="string_221" HPOS="1014" VPOS="1146" WIDTH="64" HEIGHT="21" WC="0.96" CONTENT="äfven"/><SP WIDTH="15" VPOS="1146" HPOS="1078"/>
							<String ID="string_222" HPOS="1093" VPOS="1146" WIDTH="7" HEIGHT="20" WC="0.96" CONTENT="i"/><SP WIDTH="16" VPOS="1146" HPOS="1100"/>
							<String ID="string_223" HPOS="1116" VPOS="1146" WIDTH="45" HEIGHT="21" WC="0.93" CONTENT="min"/><SP WIDTH="15" VPOS="1146" HPOS="1161"/>
							<String ID="string_224" HPOS="1176" VPOS="1153" WIDTH="33" HEIGHT="15" WC="0.92" CONTENT="re-"/>
						</TextLine>
						<TextLine ID="line_27" HPOS="456" VPOS="1180" WIDTH="754" HEIGHT="29">
							<String ID="string_225" HPOS="456" VPOS="1181" WIDTH="109" HEIGHT="21" WC="0.92" CONTENT="servation"/><SP WIDTH="20" VPOS="1181" HPOS="565"/>
							<String ID="string_226" HPOS="585" VPOS="1181" WIDTH="110" HEIGHT="26" WC="0.96" CONTENT="anmärkt,"/><SP WIDTH="21" VPOS="1181" HPOS="695"/>
							<String ID="string_227" HPOS="716" VPOS="1188" WIDTH="65" HEIGHT="20" WC="0.96" CONTENT="synas"/><SP WIDTH="20" VPOS="1188" HPOS="781"/>
							<String ID="string_228" HPOS="801" VPOS="1181" WIDTH="71" HEIGHT="21" WC="0.88" CONTENT="såsom"/><SP WIDTH="20" VPOS="1181" HPOS="872"/>
							<String ID="string_229" HPOS="892" VPOS="1180" WIDTH="189" HEIGHT="29" WC="0.90" CONTENT="minimibeloppet"/><SP WIDTH="20" VPOS="1180" HPOS="1081"/>
							<String ID="string_230" HPOS="1101" VPOS="1187" WIDTH="52" HEIGHT="15" WC="0.95" CONTENT="vore"/><SP WIDTH="21" VPOS="1187" HPOS="1153"/>
							<String ID="string_231" HPOS="1174" VPOS="1180" WIDTH="36" HEIGHT="22" WC="0.96" CONTENT="det"/>
						</TextLine>
						<TextLine ID="line_28" HPOS="456" VPOS="1214" WIDTH="752" HEIGHT="28">
							<String ID="string_232" HPOS="456" VPOS="1216" WIDTH="56" HEIGHT="20" WC="0.96" CONTENT="enda"/><SP WIDTH="20" VPOS="1216" HPOS="512"/>
							<String ID="string_233" HPOS="532" VPOS="1216" WIDTH="71" HEIGHT="20" WC="0.96" CONTENT="vilkor"/><SP WIDTH="21" VPOS="1216" HPOS="603"/>
							<String ID="string_234" HPOS="624" VPOS="1222" WIDTH="45" HEIGHT="14" WC="0.92" CONTENT="som"/><SP WIDTH="17" VPOS="1222" HPOS="669"/>
							<String ID="string_235" HPOS="686" VPOS="1215" WIDTH="137" HEIGHT="21" WC="0.92" CONTENT="erfordrades"/><SP WIDTH="16" VPOS="1215" HPOS="823"/>
							<String ID="string_236" HPOS="839" VPOS="1215" WIDTH="33" HEIGHT="21" WC="0.96" CONTENT="för"/><SP WIDTH="16" VPOS="1215" HPOS="872"/>
							<String ID="string_237" HPOS="888" VPOS="1215" WIDTH="129" HEIGHT="27" WC="0.96" CONTENT="behörighet"/><SP WIDTH="15" VPOS="1215" HPOS="1017"/>
							<String ID="string_238" HPOS="1032" VPOS="1216" WIDTH="32" HEIGHT="20" WC="0.97" CONTENT="att"/><SP WIDTH="16" VPOS="1216" HPOS="1064"/>
							<String ID="string_239" HPOS="1080" VPOS="1214" WIDTH="47" HEIGHT="21" WC="0.96" CONTENT="föra"/><SP WIDTH="15" VPOS="1214" HPOS="1127"/>
							<String ID="string_240" HPOS="1142" VPOS="1215" WIDTH="66" HEIGHT="21" WC="0.95" CONTENT="talan."/>
						</TextLine>
						<TextLine ID="line_29" HPOS="455" VPOS="1249" WIDTH="753" HEIGHT="28">
							<String ID="string_241" HPOS="455" VPOS="1249" WIDTH="49" HEIGHT="21" WC="0.95" CONTENT="Den"/><SP WIDTH="14" VPOS="1249" HPOS="504"/>
							<String ID="string_242" HPOS="518" VPOS="1249" WIDTH="116" HEIGHT="21" WC="0.96" CONTENT="redaktion"/><SP WIDTH="12" VPOS="1249" HPOS="634"/>
							<String ID="string_243" HPOS="646" VPOS="1250" WIDTH="40" HEIGHT="27" WC="0.96" CONTENT="jag"/><SP WIDTH="15" VPOS="1250" HPOS="686"/>
							<String ID="string_244" HPOS="701" VPOS="1249" WIDTH="7" HEIGHT="21" WC="0.96" CONTENT="i"/><SP WIDTH="15" VPOS="1249" HPOS="708"/>
							<String ID="string_245" HPOS="723" VPOS="1249" WIDTH="46" HEIGHT="21" WC="0.96" CONTENT="min"/><SP WIDTH="15" VPOS="1249" HPOS="769"/>
							<String ID="string_246" HPOS="784" VPOS="1249" WIDTH="136" HEIGHT="22" WC="0.96" CONTENT="reservation"/><SP WIDTH="16" VPOS="1249" HPOS="920"/>
							<String ID="string_247" HPOS="936" VPOS="1249" WIDTH="113" HEIGHT="28" WC="0.93" CONTENT="föreslagit"/><SP WIDTH="11" VPOS="1249" HPOS="1049"/>
							<String ID="string_248" HPOS="1060" VPOS="1249" WIDTH="148" HEIGHT="28" WC="0.92" CONTENT="undanrödjer"/>
						</TextLine>
						<TextLine ID="line_30" HPOS="455" VPOS="1283" WIDTH="753" HEIGHT="29">
							<String ID="string_249" HPOS="455" VPOS="1283" WIDTH="167" HEIGHT="29" WC="0.91" CONTENT="tvetydigheten"/><SP WIDTH="21" VPOS="1283" HPOS="622"/>
							<String ID="string_250" HPOS="643" VPOS="1284" WIDTH="7" HEIGHT="21" WC="0.96" CONTENT="i"/><SP WIDTH="21" VPOS="1284" HPOS="650"/>
							<String ID="string_251" HPOS="671" VPOS="1284" WIDTH="59" HEIGHT="21" WC="0.95" CONTENT="detta"/><SP WIDTH="21" VPOS="1284" HPOS="730"/>
							<String ID="string_252" HPOS="751" VPOS="1283" WIDTH="102" HEIGHT="22" WC="0.96" CONTENT="afseende"/><SP WIDTH="21" VPOS="1283" HPOS="853"/>
							<String ID="string_253" HPOS="874" VPOS="1284" WIDTH="41" HEIGHT="21" WC="0.96" CONTENT="och"/><SP WIDTH="19" VPOS="1284" HPOS="915"/>
							<String ID="string_254" HPOS="934" VPOS="1283" WIDTH="61" HEIGHT="29" WC="0.96" CONTENT="lyder"/><SP WIDTH="16" VPOS="1283" HPOS="995"/>
							<String ID="string_255" HPOS="1011" VPOS="1284" WIDTH="100" HEIGHT="21" WC="0.96" CONTENT="sålunda:"/><SP WIDTH="17" VPOS="1284" HPOS="1111"/>
							<String ID="string_256" HPOS="1128" VPOS="1285" WIDTH="32" HEIGHT="19" WC="0.93" CONTENT="att"/><SP WIDTH="15" VPOS="1285" HPOS="1160"/>
							<String ID="string_257" HPOS="1175" VPOS="1291" WIDTH="33" HEIGHT="13" WC="0.93" CONTENT="er-"/>
						</TextLine>
						<TextLine ID="line_31" HPOS="456" VPOS="1318" WIDTH="753" HEIGHT="28">
							<String ID="string_258" HPOS="456" VPOS="1318" WIDTH="118" HEIGHT="28" WC="0.92" CONTENT="läggandet"/><SP WIDTH="21" VPOS="1318" HPOS="574"/>
							<String ID="string_259" HPOS="595" VPOS="1319" WIDTH="23" HEIGHT="20" WC="0.93" CONTENT="af"/><SP WIDTH="19" VPOS="1319" HPOS="618"/>
							<String ID="string_260" HPOS="637" VPOS="1318" WIDTH="113" HEIGHT="28" WC="0.91" CONTENT="utskylder"/><SP WIDTH="20" VPOS="1318" HPOS="750"/>
							<String ID="string_261" HPOS="770" VPOS="1319" WIDTH="86" HEIGHT="20" WC="0.92" CONTENT="utöfver"/><SP WIDTH="21" VPOS="1319" HPOS="856"/>
							<String ID="string_262" HPOS="877" VPOS="1320" WIDTH="31" HEIGHT="19" WC="0.96" CONTENT="ett"/><SP WIDTH="20" VPOS="1320" HPOS="908"/>
							<String ID="string_263" HPOS="928" VPOS="1319" WIDTH="46" HEIGHT="26" WC="0.93" CONTENT="lågt"/><SP WIDTH="19" VPOS="1319" HPOS="974"/>
							<String ID="string_264" HPOS="993" VPOS="1318" WIDTH="166" HEIGHT="27" WC="0.91" CONTENT="minimibelopp"/><SP WIDTH="16" VPOS="1318" HPOS="1159"/>
							<String ID="string_265" HPOS="1175" VPOS="1318" WIDTH="34" HEIGHT="20" WC="0.96" CONTENT="för"/>
						</TextLine>
						<TextLine ID="line_32" HPOS="455" VPOS="1352" WIDTH="753" HEIGHT="28">
							<String ID="string_266" HPOS="455" VPOS="1353" WIDTH="144" HEIGHT="21" WC="0.96" CONTENT="kommunens"/><SP WIDTH="16" VPOS="1353" HPOS="599"/>
							<String ID="string_267" HPOS="615" VPOS="1353" WIDTH="110" HEIGHT="20" WC="0.93" CONTENT="allmänna"/><SP WIDTH="14" VPOS="1353" HPOS="725"/>
							<String ID="string_268" HPOS="739" VPOS="1352" WIDTH="69" HEIGHT="21" WC="0.92" CONTENT="behof"/><SP WIDTH="13" VPOS="1352" HPOS="808"/>
							<String ID="string_269" HPOS="821" VPOS="1354" WIDTH="64" HEIGHT="26" WC="0.96" CONTENT="utgör"/><SP WIDTH="16" VPOS="1354" HPOS="885"/>
							<String ID="string_270" HPOS="901" VPOS="1354" WIDTH="31" HEIGHT="19" WC="0.95" CONTENT="ett"/><SP WIDTH="15" VPOS="1354" HPOS="932"/>
							<String ID="string_271" HPOS="947" VPOS="1352" WIDTH="24" HEIGHT="21" WC="0.93" CONTENT="af"/><SP WIDTH="13" VPOS="1352" HPOS="971"/>
							<String ID="string_272" HPOS="984" VPOS="1352" WIDTH="99" HEIGHT="21" WC="0.92" CONTENT="vilkoren"/><SP WIDTH="15" VPOS="1352" HPOS="1083"/>
							<String ID="string_273" HPOS="1098" VPOS="1353" WIDTH="33" HEIGHT="20" WC="0.93" CONTENT="för"/><SP WIDTH="11" VPOS="1353" HPOS="1131"/>
							<String ID="string_274" HPOS="1142" VPOS="1352" WIDTH="66" HEIGHT="21" WC="0.93" CONTENT="behö-"/>
						</TextLine>
						<TextLine ID="line_33" HPOS="455" VPOS="1386" WIDTH="753" HEIGHT="29">
							<String ID="string_275" HPOS="455" VPOS="1387" WIDTH="79" HEIGHT="28" WC="0.91" CONTENT="righet,"/><SP WIDTH="21" VPOS="1387" HPOS="534"/>
							<String ID="string_276" HPOS="555" VPOS="1389" WIDTH="32" HEIGHT="19" WC="0.96" CONTENT="att"/><SP WIDTH="20" VPOS="1389" HPOS="587"/>
							<String ID="string_277" HPOS="607" VPOS="1387" WIDTH="7" HEIGHT="20" WC="0.96" CONTENT="i"/><SP WIDTH="21" VPOS="1387" HPOS="614"/>
							<String ID="string_278" HPOS="635" VPOS="1387" WIDTH="88" HEIGHT="20" WC="0.96" CONTENT="stadens"/><SP WIDTH="20" VPOS="1387" HPOS="723"/>
							<String ID="string_279" HPOS="743" VPOS="1387" WIDTH="184" HEIGHT="28" WC="0.96" CONTENT="angelägenheter"/><SP WIDTH="21" VPOS="1387" HPOS="927"/>
							<String ID="string_280" HPOS="948" VPOS="1387" WIDTH="47" HEIGHT="20" WC="0.96" CONTENT="föra"/><SP WIDTH="16" VPOS="1387" HPOS="995"/>
							<String ID="string_281" HPOS="1011" VPOS="1387" WIDTH="65" HEIGHT="20" WC="0.96" CONTENT="talan."/><SP WIDTH="31" VPOS="1387" HPOS="1076"/>
							<String ID="string_282" HPOS="1107" VPOS="1386" WIDTH="44" HEIGHT="28" WC="0.92" CONTENT="Jag"/><SP WIDTH="15" VPOS="1386" HPOS="1151"/>
							<String ID="string_283" HPOS="1166" VPOS="1386" WIDTH="42" HEIGHT="21" WC="0.92" CONTENT="till-"/>
						</TextLine>
						<TextLine ID="line_34" HPOS="456" VPOS="1421" WIDTH="581" HEIGHT="28">
							<String ID="string_284" HPOS="456" VPOS="1421" WIDTH="86" HEIGHT="28" WC="0.96" CONTENT="styrker"/><SP WIDTH="15" VPOS="1421" HPOS="542"/>
							<String ID="string_285" HPOS="557" VPOS="1422" WIDTH="74" HEIGHT="21" WC="0.96" CONTENT="derför"/><SP WIDTH="15" VPOS="1422" HPOS="631"/>
							<String ID="string_286" HPOS="646" VPOS="1421" WIDTH="133" HEIGHT="28" WC="0.96" CONTENT="antagandet"/><SP WIDTH="14" VPOS="1421" HPOS="779"/>
							<String ID="string_287" HPOS="793" VPOS="1422" WIDTH="24" HEIGHT="21" WC="0.96" CONTENT="af"/><SP WIDTH="13" VPOS="1422" HPOS="817"/>
							<String ID="string_288" HPOS="830" VPOS="1422" WIDTH="71" HEIGHT="21" WC="0.96" CONTENT="denna"/><SP WIDTH="15" VPOS="1422" HPOS="901"/>
							<String ID="string_289" HPOS="916" VPOS="1421" WIDTH="121" HEIGHT="21" WC="0.95" CONTENT="redaktion."/>
						</TextLine>
					</TextBlock>
					<TextBlock ID="block_4" HPOS="457" VPOS="1455" WIDTH="752" HEIGHT="96">
						<TextLine ID="line_35" HPOS="524" VPOS="1455" WIDTH="685" HEIGHT="28">
							<String ID="string_290" HPOS="524" VPOS="1456" WIDTH="59" HEIGHT="21" WC="0.96" CONTENT="Herr"/><SP WIDTH="16" VPOS="1456" HPOS="583"/>
							<String ID="string_291" HPOS="599" VPOS="1456" WIDTH="158" HEIGHT="27" WC="0.92" CONTENT="Jägerhorn,"/><SP WIDTH="16" VPOS="1456" HPOS="757"/>
							<String ID="string_292" HPOS="773" VPOS="1455" WIDTH="27" HEIGHT="22" WC="0.91" CONTENT="K."/><SP WIDTH="16" VPOS="1455" HPOS="800"/>
							<String ID="string_293" HPOS="816" VPOS="1456" WIDTH="27" HEIGHT="27" WC="0.91" CONTENT="J.,"/><SP WIDTH="16" VPOS="1456" HPOS="843"/>
							<String ID="string_294" HPOS="859" VPOS="1456" WIDTH="100" HEIGHT="27" WC="0.96" CONTENT="upplyste"/><SP WIDTH="17" VPOS="1456" HPOS="959"/>
							<String ID="string_295" HPOS="976" VPOS="1457" WIDTH="31" HEIGHT="19" WC="0.96" CONTENT="att"/><SP WIDTH="16" VPOS="1457" HPOS="1007"/>
							<String ID="string_296" HPOS="1023" VPOS="1455" WIDTH="63" HEIGHT="22" WC="0.96" CONTENT="äfven"/><SP WIDTH="16" VPOS="1455" HPOS="1086"/>
							<String ID="string_297" HPOS="1102" VPOS="1462" WIDTH="30" HEIGHT="14" WC="0.95" CONTENT="nu"/><SP WIDTH="10" VPOS="1462" HPOS="1132"/>
							<String ID="string_298" HPOS="1142" VPOS="1455" WIDTH="67" HEIGHT="28" WC="0.95" CONTENT="något"/>
						</TextLine>
						<TextLine ID="line_36" HPOS="457" VPOS="1489" WIDTH="751" HEIGHT="29">
							<String ID="string_299" HPOS="457" VPOS="1490" WIDTH="165" HEIGHT="28" WC="0.91" CONTENT="minimibelopp"/><SP WIDTH="22" VPOS="1490" HPOS="622"/>
							<String ID="string_300" HPOS="644" VPOS="1490" WIDTH="23" HEIGHT="21" WC="0.92" CONTENT="af"/><SP WIDTH="19" VPOS="1490" HPOS="667"/>
							<String ID="string_301" HPOS="686" VPOS="1490" WIDTH="148" HEIGHT="28" WC="0.92" CONTENT="skattebidrag"/><SP WIDTH="15" VPOS="1490" HPOS="834"/>
							<String ID="string_302" HPOS="849" VPOS="1490" WIDTH="34" HEIGHT="21" WC="0.96" CONTENT="till"/><SP WIDTH="15" VPOS="1490" HPOS="883"/>
							<String ID="string_303" HPOS="898" VPOS="1489" WIDTH="132" HEIGHT="22" WC="0.95" CONTENT="kommunen"/><SP WIDTH="21" VPOS="1489" HPOS="1030"/>
							<String ID="string_304" HPOS="1051" VPOS="1490" WIDTH="20" HEIGHT="27" WC="0.96" CONTENT="ej"/><SP WIDTH="16" VPOS="1490" HPOS="1071"/>
							<String ID="string_305" HPOS="1087" VPOS="1489" WIDTH="69" HEIGHT="22" WC="0.93" CONTENT="finnes"/><SP WIDTH="15" VPOS="1489" HPOS="1156"/>
							<String ID="string_306" HPOS="1171" VPOS="1489" WIDTH="37" HEIGHT="20" WC="0.92" CONTENT="be-"/>
						</TextLine>
						<TextLine ID="line_37" HPOS="458" VPOS="1523" WIDTH="750" HEIGHT="28">
							<String ID="string_307" HPOS="458" VPOS="1525" WIDTH="79" HEIGHT="20" WC="0.91" CONTENT="stämdt"/><SP WIDTH="21" VPOS="1525" HPOS="537"/>
							<String ID="string_308" HPOS="558" VPOS="1525" WIDTH="33" HEIGHT="20" WC="0.97" CONTENT="för"/><SP WIDTH="21" VPOS="1525" HPOS="591"/>
							<String ID="string_309" HPOS="612" VPOS="1524" WIDTH="132" HEIGHT="27" WC="0.96" CONTENT="rättigheten"/><SP WIDTH="22" VPOS="1524" HPOS="744"/>
							<String ID="string_310" HPOS="766" VPOS="1526" WIDTH="31" HEIGHT="18" WC="0.97" CONTENT="att"/><SP WIDTH="19" VPOS="1526" HPOS="797"/>
							<String ID="string_311" HPOS="816" VPOS="1525" WIDTH="85" HEIGHT="26" WC="0.96" CONTENT="deltaga"/><SP WIDTH="18" VPOS="1525" HPOS="901"/>
							<String ID="string_312" HPOS="919" VPOS="1525" WIDTH="68" HEIGHT="18" WC="0.93" CONTENT="såsom"/><SP WIDTH="17" VPOS="1525" HPOS="987"/>
							<String ID="string_313" HPOS="1004" VPOS="1524" WIDTH="130" HEIGHT="26" WC="0.91" CONTENT="röstägande"/><SP WIDTH="16" VPOS="1524" HPOS="1134"/>
							<String ID="string_314" HPOS="1150" VPOS="1523" WIDTH="58" HEIGHT="20" WC="0.92" CONTENT="med-"/>
						</TextLine>
					</TextBlock>
				</ComposedBlock>
			</PrintSpace>
		</Page>
	</Layout>
</alto>
