<?xml version="1.0" encoding="UTF-8"?>
<alto xmlns="http://www.loc.gov/standards/alto/ns-v3#" xmlns:xlink="http://www.w3.org/1999/xlink" xmlns:xsi="http://www.w3.org/2001/XMLSchema-instance" xsi:schemaLocation="http://www.loc.gov/standards/alto/ns-v3# http://www.loc.gov/alto/v3/alto-3-0.xsd">
	<Description>
		<MeasurementUnit>pixel</MeasurementUnit>
		<sourceImageInformation>
			<fileName>/tmp/tess_p8vh55nc_input.PNG</fileName>
		</sourceImageInformation>
		<OCRProcessing ID="OCR_0">
			<ocrProcessingStep>
				<processingSoftware>
					<softwareName>tesseract 5.3.4</softwareName>
				</processingSoftware>
			</ocrProcessingStep>
		</OCRProcessing>
	</Description>
	<Layout>
		<Page WIDTH="1034" HEIGHT="1823" PHYSICAL_IMG_NR="0" ID="page_0">
			<PrintSpace HPOS="0" VPOS="0" WIDTH="1034" HEIGHT="1823">
				<ComposedBlock ID="cblock_0" HPOS="794" VPOS="121" WIDTH="41" HEIGHT="22">
					<TextBlock ID="block_0" HPOS="794" VPOS="121" WIDTH="41" HEIGHT="22">
						<TextLine ID="line_0" HPOS="794" VPOS="121" WIDTH="41" HEIGHT="22">
							<String ID="string_0" HPOS="794" VPOS="121" WIDTH="41" HEIGHT="22" WC="0.95" CONTENT="333"/>
						</TextLine>
					</TextBlock>
				</ComposedBlock>
				<ComposedBlock ID="cblock_1" HPOS="112" VPOS="186" WIDTH="763" HEIGHT="1279">
					<TextBlock ID="block_1" HPOS="112" VPOS="186" WIDTH="754" HEIGHT="202">
						<TextLine ID="line_1" HPOS="114" VPOS="186" WIDTH="751" HEIGHT="29">
							<String ID="string_1" HPOS="114" VPOS="186" WIDTH="134" HEIGHT="22" WC="0.96" CONTENT="framställda"/><SP WIDTH="18" VPOS="186" HPOS="248"/>
							<String ID="string_2" HPOS="266" VPOS="186" WIDTH="135" HEIGHT="29" WC="0.96" CONTENT="proposition"/><SP WIDTH="16" VPOS="186" HPOS="401"/>
							<String ID="string_3" HPOS="417" VPOS="186" WIDTH="143" HEIGHT="22" WC="0.95" CONTENT="framkomma"/><SP WIDTH="15" VPOS="186" HPOS="560"/>
							<String ID="string_4" HPOS="575" VPOS="187" WIDTH="50" HEIGHT="21" WC="0.95" CONTENT="med"/><SP WIDTH="15" VPOS="187" HPOS="625"/>
							<String ID="string_5" HPOS="640" VPOS="186" WIDTH="36" HEIGHT="22" WC="0.93" CONTENT="det"/><SP WIDTH="16" VPOS="186" HPOS="676"/>
							<String ID="string_6" HPOS="692" VPOS="187" WIDTH="173" HEIGHT="28" WC="0.91" CONTENT="önskningsmål,"/>
						</TextLine>
						<TextLine ID="line_2" HPOS="114" VPOS="221" WIDTH="752" HEIGHT="29">
							<String ID="string_7" HPOS="114" VPOS="222" WIDTH="90" HEIGHT="20" WC="0.92" CONTENT="hvarom"/><SP WIDTH="22" VPOS="222" HPOS="204"/>
							<String ID="string_8" HPOS="226" VPOS="221" WIDTH="92" HEIGHT="21" WC="0.91" CONTENT="friherre"/><SP WIDTH="25" VPOS="221" HPOS="318"/>
							<String ID="string_9" HPOS="343" VPOS="221" WIDTH="106" HEIGHT="29" WC="0.95" CONTENT="Carpelan"/><SP WIDTH="21" VPOS="221" HPOS="449"/>
							<String ID="string_10" HPOS="470" VPOS="229" WIDTH="29" HEIGHT="13" WC="0.96" CONTENT="nu"/><SP WIDTH="19" VPOS="229" HPOS="499"/>
							<String ID="string_11" HPOS="518" VPOS="221" WIDTH="65" HEIGHT="21" WC="0.96" CONTENT="väckt"/><SP WIDTH="20" VPOS="221" HPOS="583"/>
							<String ID="string_12" HPOS="603" VPOS="222" WIDTH="71" HEIGHT="28" WC="0.93" CONTENT="fråga;"/><SP WIDTH="24" VPOS="222" HPOS="674"/>
							<String ID="string_13" HPOS="698" VPOS="222" WIDTH="100" HEIGHT="21" WC="0.92" CONTENT="hvarföre"/><SP WIDTH="18" VPOS="222" HPOS="798"/>
							<String ID="string_14" HPOS="816" VPOS="223" WIDTH="50" HEIGHT="27" WC="0.96" CONTENT="jag,"/>
						</TextLine>
						<TextLine ID="line_3" HPOS="114" VPOS="256" WIDTH="752" HEIGHT="28">
							<String ID="string_15" HPOS="114" VPOS="256" WIDTH="69" HEIGHT="21" WC="0.96" CONTENT="ehuru"/><SP WIDTH="17" VPOS="256" HPOS="183"/>
							<String ID="string_16" HPOS="200" VPOS="257" WIDTH="40" HEIGHT="27" WC="0.96" CONTENT="jag"/><SP WIDTH="19" VPOS="257" HPOS="240"/>
							<String ID="string_17" HPOS="259" VPOS="256" WIDTH="89" HEIGHT="21" WC="0.96" CONTENT="förenar"/><SP WIDTH="20" VPOS="256" HPOS="348"/>
							<String ID="string_18" HPOS="368" VPOS="256" WIDTH="45" HEIGHT="28" WC="0.96" CONTENT="mig"/><SP WIDTH="20" VPOS="256" HPOS="413"/>
							<String ID="string_19" HPOS="433" VPOS="256" WIDTH="6" HEIGHT="20" WC="0.96" CONTENT="i"/><SP WIDTH="19" VPOS="256" HPOS="439"/>
							<String ID="string_20" HPOS="458" VPOS="256" WIDTH="78" HEIGHT="28" WC="0.96" CONTENT="sjelfva"/><SP WIDTH="15" VPOS="256" HPOS="536"/>
							<String ID="string_21" HPOS="551" VPOS="256" WIDTH="77" HEIGHT="27" WC="0.95" CONTENT="saken,"/><SP WIDTH="15" VPOS="256" HPOS="628"/>
							<String ID="string_22" HPOS="643" VPOS="256" WIDTH="63" HEIGHT="22" WC="0.96" CONTENT="äfven"/><SP WIDTH="16" VPOS="256" HPOS="706"/>
							<String ID="string_23" HPOS="722" VPOS="256" WIDTH="34" HEIGHT="21" WC="0.96" CONTENT="för"/><SP WIDTH="15" VPOS="256" HPOS="756"/>
							<String ID="string_24" HPOS="771" VPOS="257" WIDTH="44" HEIGHT="20" WC="0.96" CONTENT="min"/><SP WIDTH="17" VPOS="257" HPOS="815"/>
							<String ID="string_25" HPOS="832" VPOS="256" WIDTH="34" HEIGHT="21" WC="0.96" CONTENT="del"/>
						</TextLine>
						<TextLine ID="line_4" HPOS="112" VPOS="290" WIDTH="753" HEIGHT="28">
							<String ID="string_26" HPOS="112" VPOS="290" WIDTH="121" HEIGHT="28" WC="0.66" CONTENT="tillstyrker"/><SP WIDTH="19" VPOS="290" HPOS="233"/>
							<String ID="string_27" HPOS="252" VPOS="292" WIDTH="31" HEIGHT="19" WC="0.96" CONTENT="att"/><SP WIDTH="20" VPOS="292" HPOS="283"/>
							<String ID="string_28" HPOS="303" VPOS="291" WIDTH="20" HEIGHT="27" WC="0.96" CONTENT="ej"/><SP WIDTH="22" VPOS="291" HPOS="323"/>
							<String ID="string_29" HPOS="345" VPOS="298" WIDTH="29" HEIGHT="13" WC="0.91" CONTENT="nu"/><SP WIDTH="15" VPOS="298" HPOS="374"/>
							<String ID="string_30" HPOS="389" VPOS="292" WIDTH="97" HEIGHT="26" WC="0.91" CONTENT="upptaga"/><SP WIDTH="15" VPOS="292" HPOS="486"/>
							<String ID="string_31" HPOS="501" VPOS="290" WIDTH="136" HEIGHT="26" WC="0.96" CONTENT="densamma,"/><SP WIDTH="21" VPOS="290" HPOS="637"/>
							<String ID="string_32" HPOS="658" VPOS="292" WIDTH="53" HEIGHT="19" WC="0.93" CONTENT="utan"/><SP WIDTH="19" VPOS="292" HPOS="711"/>
							<String ID="string_33" HPOS="730" VPOS="290" WIDTH="88" HEIGHT="21" WC="0.90" CONTENT="afvakta"/><SP WIDTH="15" VPOS="290" HPOS="818"/>
							<String ID="string_34" HPOS="833" VPOS="291" WIDTH="32" HEIGHT="21" WC="0.92" CONTENT="in-"/>
						</TextLine>
						<TextLine ID="line_5" HPOS="114" VPOS="324" WIDTH="751" HEIGHT="28">
							<String ID="string_35" HPOS="114" VPOS="325" WIDTH="107" HEIGHT="27" WC="0.96" CONTENT="bjudning"/><SP WIDTH="20" VPOS="325" HPOS="221"/>
							<String ID="string_36" HPOS="241" VPOS="325" WIDTH="31" HEIGHT="21" WC="0.96" CONTENT="uti"/><SP WIDTH="21" VPOS="325" HPOS="272"/>
							<String ID="string_37" HPOS="293" VPOS="324" WIDTH="41" HEIGHT="21" WC="0.95" CONTENT="den"/><SP WIDTH="21" VPOS="324" HPOS="334"/>
							<String ID="string_38" HPOS="355" VPOS="324" WIDTH="33" HEIGHT="21" WC="0.95" CONTENT="till"/><SP WIDTH="16" VPOS="324" HPOS="388"/>
							<String ID="string_39" HPOS="404" VPOS="324" WIDTH="130" HEIGHT="28" WC="0.95" CONTENT="deltagande"/><SP WIDTH="15" VPOS="324" HPOS="534"/>
							<String ID="string_40" HPOS="549" VPOS="324" WIDTH="59" HEIGHT="21" WC="0.96" CONTENT="inom"/><SP WIDTH="16" VPOS="324" HPOS="608"/>
							<String ID="string_41" HPOS="624" VPOS="324" WIDTH="159" HEIGHT="22" WC="0.96" CONTENT="bondeståndet"/><SP WIDTH="15" VPOS="324" HPOS="783"/>
							<String ID="string_42" HPOS="798" VPOS="325" WIDTH="7" HEIGHT="21" WC="0.93" CONTENT="i"/><SP WIDTH="16" VPOS="325" HPOS="805"/>
							<String ID="string_43" HPOS="821" VPOS="332" WIDTH="44" HEIGHT="14" WC="0.92" CONTENT="om-"/>
						</TextLine>
						<TextLine ID="line_6" HPOS="114" VPOS="360" WIDTH="458" HEIGHT="28">
							<String ID="string_44" HPOS="114" VPOS="360" WIDTH="104" HEIGHT="20" WC="0.91" CONTENT="förmäldt"/><SP WIDTH="15" VPOS="360" HPOS="218"/>
							<String ID="string_45" HPOS="233" VPOS="360" WIDTH="56" HEIGHT="28" WC="0.96" CONTENT="syfte"/><SP WIDTH="16" VPOS="360" HPOS="289"/>
							<String ID="string_46" HPOS="305" VPOS="360" WIDTH="124" HEIGHT="26" WC="0.92" CONTENT="föreslagna"/><SP WIDTH="15" VPOS="360" HPOS="429"/>
							<String ID="string_47" HPOS="444" VPOS="360" WIDTH="128" HEIGHT="28" WC="0.91" CONTENT="petitionen."/>
						</TextLine>
					</TextBlock>
					<TextBlock ID="block_2" HPOS="115" VPOS="394" WIDTH="754" HEIGHT="271">
						<TextLine ID="line_7" HPOS="184" VPOS="394" WIDTH="681" HEIGHT="28">
							<String ID="string_48" HPOS="184" VPOS="394" WIDTH="72" HEIGHT="21" WC="0.89" CONTENT="Jemte"/><SP WIDTH="16" VPOS="394" HPOS="256"/>
							<String ID="string_49" HPOS="272" VPOS="394" WIDTH="36" HEIGHT="21" WC="0.97" CONTENT="det"/><SP WIDTH="15" VPOS="394" HPOS="308"/>
							<String ID="string_50" HPOS="323" VPOS="394" WIDTH="50" HEIGHT="20" WC="0.93" CONTENT="herr"/><SP WIDTH="15" VPOS="394" HPOS="373"/>
							<String ID="string_51" HPOS="388" VPOS="394" WIDTH="201" HEIGHT="21" WC="0.91" CONTENT="landtmarskalken"/><SP WIDTH="16" VPOS="394" HPOS="589"/>
							<String ID="string_52" HPOS="605" VPOS="394" WIDTH="7" HEIGHT="20" WC="0.96" CONTENT="i"/><SP WIDTH="16" VPOS="394" HPOS="612"/>
							<String ID="string_53" HPOS="628" VPOS="394" WIDTH="118" HEIGHT="28" WC="0.96" CONTENT="anledning"/><SP WIDTH="10" VPOS="394" HPOS="746"/>
							<String ID="string_54" HPOS="756" VPOS="394" WIDTH="64" HEIGHT="21" WC="0.93" CONTENT="häraf"/><SP WIDTH="9" VPOS="394" HPOS="820"/>
							<String ID="string_55" HPOS="829" VPOS="402" WIDTH="36" HEIGHT="13" WC="0.92" CONTENT="an-"/>
						</TextLine>
						<TextLine ID="line_8" HPOS="115" VPOS="428" WIDTH="754" HEIGHT="29">
							<String ID="string_56" HPOS="115" VPOS="429" WIDTH="92" HEIGHT="27" WC="0.96" CONTENT="märkte,"/><SP WIDTH="21" VPOS="429" HPOS="207"/>
							<String ID="string_57" HPOS="228" VPOS="431" WIDTH="31" HEIGHT="19" WC="0.96" CONTENT="att"/><SP WIDTH="20" VPOS="431" HPOS="259"/>
							<String ID="string_58" HPOS="279" VPOS="429" WIDTH="151" HEIGHT="28" WC="0.96" CONTENT="ridderskapet"/><SP WIDTH="17" VPOS="429" HPOS="430"/>
							<String ID="string_59" HPOS="447" VPOS="429" WIDTH="40" HEIGHT="21" WC="0.96" CONTENT="och"/><SP WIDTH="15" VPOS="429" HPOS="487"/>
							<String ID="string_60" HPOS="502" VPOS="428" WIDTH="63" HEIGHT="22" WC="0.96" CONTENT="adeln"/><SP WIDTH="17" VPOS="428" HPOS="565"/>
							<String ID="string_61" HPOS="582" VPOS="430" WIDTH="58" HEIGHT="20" WC="0.96" CONTENT="ännu"/><SP WIDTH="16" VPOS="430" HPOS="640"/>
							<String ID="string_62" HPOS="656" VPOS="429" WIDTH="20" HEIGHT="28" WC="0.95" CONTENT="ej"/><SP WIDTH="17" VPOS="429" HPOS="676"/>
							<String ID="string_63" HPOS="693" VPOS="429" WIDTH="86" HEIGHT="21" WC="0.94" CONTENT="erhållit"/><SP WIDTH="16" VPOS="429" HPOS="779"/>
							<String ID="string_64" HPOS="795" VPOS="430" WIDTH="34" HEIGHT="20" WC="0.96" CONTENT="del"/><SP WIDTH="16" VPOS="430" HPOS="829"/>
							<String ID="string_65" HPOS="845" VPOS="429" WIDTH="24" HEIGHT="21" WC="0.96" CONTENT="af"/>
						</TextLine>
						<TextLine ID="line_9" HPOS="115" VPOS="464" WIDTH="752" HEIGHT="28">
							<String ID="string_66" HPOS="115" VPOS="464" WIDTH="170" HEIGHT="22" WC="0.91" CONTENT="bondeståndets"/><SP WIDTH="23" VPOS="464" HPOS="285"/>
							<String ID="string_67" HPOS="308" VPOS="464" WIDTH="142" HEIGHT="21" WC="0.92" CONTENT="omförmälde"/><SP WIDTH="22" VPOS="464" HPOS="450"/>
							<String ID="string_68" HPOS="472" VPOS="464" WIDTH="92" HEIGHT="28" WC="0.95" CONTENT="petition"/><SP WIDTH="24" VPOS="464" HPOS="564"/>
							<String ID="string_69" HPOS="588" VPOS="466" WIDTH="56" HEIGHT="19" WC="0.96" CONTENT="samt"/><SP WIDTH="20" VPOS="466" HPOS="644"/>
							<String ID="string_70" HPOS="664" VPOS="466" WIDTH="31" HEIGHT="19" WC="0.96" CONTENT="att"/><SP WIDTH="20" VPOS="466" HPOS="695"/>
							<String ID="string_71" HPOS="715" VPOS="464" WIDTH="37" HEIGHT="21" WC="0.96" CONTENT="det"/><SP WIDTH="21" VPOS="464" HPOS="752"/>
							<String ID="string_72" HPOS="773" VPOS="464" WIDTH="94" HEIGHT="26" WC="0.96" CONTENT="således,"/>
						</TextLine>
						<TextLine ID="line_10" HPOS="115" VPOS="499" WIDTH="752" HEIGHT="28">
							<String ID="string_73" HPOS="115" VPOS="500" WIDTH="67" HEIGHT="20" WC="0.93" CONTENT="innan"/><SP WIDTH="22" VPOS="500" HPOS="182"/>
							<String ID="string_74" HPOS="204" VPOS="499" WIDTH="58" HEIGHT="21" WC="0.95" CONTENT="detta"/><SP WIDTH="20" VPOS="499" HPOS="262"/>
							<String ID="string_75" HPOS="282" VPOS="499" WIDTH="67" HEIGHT="27" WC="0.96" CONTENT="skett,"/><SP WIDTH="16" VPOS="499" HPOS="349"/>
							<String ID="string_76" HPOS="365" VPOS="506" WIDTH="51" HEIGHT="14" WC="0.96" CONTENT="vore"/><SP WIDTH="17" VPOS="506" HPOS="416"/>
							<String ID="string_77" HPOS="433" VPOS="499" WIDTH="113" HEIGHT="28" WC="0.96" CONTENT="olämpligt"/><SP WIDTH="16" VPOS="499" HPOS="546"/>
							<String ID="string_78" HPOS="562" VPOS="500" WIDTH="31" HEIGHT="19" WC="0.96" CONTENT="att"/><SP WIDTH="16" VPOS="500" HPOS="593"/>
							<String ID="string_79" HPOS="609" VPOS="499" WIDTH="85" HEIGHT="21" WC="0.93" CONTENT="besluta"/><SP WIDTH="15" VPOS="499" HPOS="694"/>
							<String ID="string_80" HPOS="709" VPOS="499" WIDTH="45" HEIGHT="21" WC="0.92" CONTENT="deri"/><SP WIDTH="16" VPOS="499" HPOS="754"/>
							<String ID="string_81" HPOS="770" VPOS="499" WIDTH="97" HEIGHT="28" WC="0.96" CONTENT="deltaga,"/>
						</TextLine>
						<TextLine ID="line_11" HPOS="116" VPOS="533" WIDTH="751" HEIGHT="27">
							<String ID="string_82" HPOS="116" VPOS="534" WIDTH="129" HEIGHT="21" WC="0.92" CONTENT="hemställde"/><SP WIDTH="11" VPOS="534" HPOS="245"/>
							<String ID="string_83" HPOS="256" VPOS="534" WIDTH="50" HEIGHT="21" WC="0.93" CONTENT="herr"/><SP WIDTH="11" VPOS="534" HPOS="306"/>
							<String ID="string_84" HPOS="317" VPOS="533" WIDTH="207" HEIGHT="27" WC="0.90" CONTENT="landtmarskalken,"/><SP WIDTH="11" VPOS="533" HPOS="524"/>
							<String ID="string_85" HPOS="535" VPOS="533" WIDTH="106" HEIGHT="21" WC="0.96" CONTENT="huruvida"/><SP WIDTH="11" VPOS="533" HPOS="641"/>
							<String ID="string_86" HPOS="652" VPOS="534" WIDTH="47" HEIGHT="20" WC="0.96" CONTENT="icke"/><SP WIDTH="12" VPOS="534" HPOS="699"/>
							<String ID="string_87" HPOS="711" VPOS="534" WIDTH="92" HEIGHT="25" WC="0.95" CONTENT="ståndet,"/><SP WIDTH="11" VPOS="534" HPOS="803"/>
							<String ID="string_88" HPOS="814" VPOS="536" WIDTH="53" HEIGHT="19" WC="0.96" CONTENT="utan"/>
						</TextLine>
						<TextLine ID="line_12" HPOS="116" VPOS="568" WIDTH="751" HEIGHT="28">
							<String ID="string_89" HPOS="116" VPOS="569" WIDTH="103" HEIGHT="21" WC="0.93" CONTENT="afseende"/><SP WIDTH="21" VPOS="569" HPOS="219"/>
							<String ID="string_90" HPOS="240" VPOS="570" WIDTH="12" HEIGHT="20" WC="0.92" CONTENT="å"/><SP WIDTH="19" VPOS="570" HPOS="252"/>
							<String ID="string_91" HPOS="271" VPOS="568" WIDTH="57" HEIGHT="22" WC="0.96" CONTENT="hvad"/><SP WIDTH="20" VPOS="568" HPOS="328"/>
							<String ID="string_92" HPOS="348" VPOS="568" WIDTH="158" HEIGHT="22" WC="0.96" CONTENT="bondeståndet"/><SP WIDTH="18" VPOS="568" HPOS="506"/>
							<String ID="string_93" HPOS="524" VPOS="569" WIDTH="8" HEIGHT="20" WC="0.96" CONTENT="i"/><SP WIDTH="16" VPOS="569" HPOS="532"/>
							<String ID="string_94" HPOS="548" VPOS="568" WIDTH="68" HEIGHT="21" WC="0.93" CONTENT="saken"/><SP WIDTH="16" VPOS="568" HPOS="616"/>
							<String ID="string_95" HPOS="632" VPOS="568" WIDTH="102" HEIGHT="28" WC="0.90" CONTENT="tillgjort,"/><SP WIDTH="16" VPOS="568" HPOS="734"/>
							<String ID="string_96" HPOS="750" VPOS="576" WIDTH="29" HEIGHT="14" WC="0.96" CONTENT="nu"/><SP WIDTH="15" VPOS="576" HPOS="779"/>
							<String ID="string_97" HPOS="794" VPOS="569" WIDTH="73" HEIGHT="21" WC="0.96" CONTENT="kunde"/>
						</TextLine>
						<TextLine ID="line_13" HPOS="116" VPOS="603" WIDTH="752" HEIGHT="29">
							<String ID="string_98" HPOS="116" VPOS="604" WIDTH="34" HEIGHT="20" WC="0.96" CONTENT="för"/><SP WIDTH="20" VPOS="604" HPOS="150"/>
							<String ID="string_99" HPOS="170" VPOS="604" WIDTH="33" HEIGHT="20" WC="0.96" CONTENT="sin"/><SP WIDTH="21" VPOS="604" HPOS="203"/>
							<String ID="string_100" HPOS="224" VPOS="604" WIDTH="35" HEIGHT="20" WC="0.96" CONTENT="del"/><SP WIDTH="20" VPOS="604" HPOS="259"/>
							<String ID="string_101" HPOS="279" VPOS="603" WIDTH="92" HEIGHT="27" WC="0.95" CONTENT="besluta,"/><SP WIDTH="20" VPOS="603" HPOS="371"/>
							<String ID="string_102" HPOS="391" VPOS="605" WIDTH="32" HEIGHT="19" WC="0.96" CONTENT="att"/><SP WIDTH="20" VPOS="605" HPOS="423"/>
							<String ID="string_103" HPOS="443" VPOS="603" WIDTH="32" HEIGHT="21" WC="0.96" CONTENT="uti"/><SP WIDTH="19" VPOS="603" HPOS="475"/>
							<String ID="string_104" HPOS="494" VPOS="610" WIDTH="27" HEIGHT="14" WC="0.96" CONTENT="en"/><SP WIDTH="14" VPOS="610" HPOS="521"/>
							<String ID="string_105" HPOS="535" VPOS="603" WIDTH="93" HEIGHT="29" WC="0.96" CONTENT="petition"/><SP WIDTH="19" VPOS="603" HPOS="628"/>
							<String ID="string_106" HPOS="647" VPOS="603" WIDTH="7" HEIGHT="21" WC="0.93" CONTENT="i"/><SP WIDTH="16" VPOS="603" HPOS="654"/>
							<String ID="string_107" HPOS="670" VPOS="603" WIDTH="126" HEIGHT="21" WC="0.92" CONTENT="omnämndt"/><SP WIDTH="15" VPOS="603" HPOS="796"/>
							<String ID="string_108" HPOS="811" VPOS="604" WIDTH="57" HEIGHT="27" WC="0.96" CONTENT="syfte"/>
						</TextLine>
						<TextLine ID="line_14" HPOS="116" VPOS="638" WIDTH="389" HEIGHT="27">
							<String ID="string_109" HPOS="116" VPOS="638" WIDTH="70" HEIGHT="21" WC="0.96" CONTENT="uttala"/><SP WIDTH="16" VPOS="638" HPOS="186"/>
							<String ID="string_110" HPOS="202" VPOS="638" WIDTH="32" HEIGHT="20" WC="0.93" CONTENT="sin"/><SP WIDTH="16" VPOS="638" HPOS="234"/>
							<String ID="string_111" HPOS="250" VPOS="638" WIDTH="149" HEIGHT="27" WC="0.91" CONTENT="underdåniga"/><SP WIDTH="16" VPOS="638" HPOS="399"/>
							<String ID="string_112" HPOS="415" VPOS="638" WIDTH="90" HEIGHT="21" WC="0.96" CONTENT="önskan."/>
						</TextLine>
					</TextBlock>
					<TextBlock ID="block_3" HPOS="117" VPOS="672" WIDTH="753" HEIGHT="343">
						<TextLine ID="line_15" HPOS="186" VPOS="672" WIDTH="682" HEIGHT="27">
							<String ID="string_113" HPOS="186" VPOS="672" WIDTH="71" HEIGHT="22" WC="0.96" CONTENT="Sedan"/><SP WIDTH="16" VPOS="672" HPOS="257"/>
							<String ID="string_114" HPOS="273" VPOS="672" WIDTH="71" HEIGHT="21" WC="0.96" CONTENT="denna"/><SP WIDTH="15" VPOS="672" HPOS="344"/>
							<String ID="string_115" HPOS="359" VPOS="672" WIDTH="129" HEIGHT="21" WC="0.96" CONTENT="hemställan"/><SP WIDTH="16" VPOS="672" HPOS="488"/>
							<String ID="string_116" HPOS="504" VPOS="672" WIDTH="71" HEIGHT="21" WC="0.96" CONTENT="blifvit"/><SP WIDTH="16" VPOS="672" HPOS="575"/>
							<String ID="string_117" HPOS="591" VPOS="672" WIDTH="23" HEIGHT="20" WC="0.96" CONTENT="af"/><SP WIDTH="14" VPOS="672" HPOS="614"/>
							<String ID="string_118" HPOS="628" VPOS="672" WIDTH="85" HEIGHT="21" WC="0.93" CONTENT="ståndet"/><SP WIDTH="15" VPOS="672" HPOS="713"/>
							<String ID="string_119" HPOS="728" VPOS="672" WIDTH="97" HEIGHT="27" WC="0.90" CONTENT="bifallen,"/><SP WIDTH="12" VPOS="672" HPOS="825"/>
							<String ID="string_120" HPOS="837" VPOS="672" WIDTH="31" HEIGHT="21" WC="0.92" CONTENT="af-"/>
						</TextLine>
						<TextLine ID="line_16" HPOS="118" VPOS="706" WIDTH="749" HEIGHT="29">
							<String ID="string_121" HPOS="118" VPOS="707" WIDTH="50" HEIGHT="28" WC="0.96" CONTENT="gick"/><SP WIDTH="16" VPOS="707" HPOS="168"/>
							<String ID="string_122" HPOS="184" VPOS="714" WIDTH="26" HEIGHT="14" WC="0.96" CONTENT="en"/><SP WIDTH="14" VPOS="714" HPOS="210"/>
							<String ID="string_123" HPOS="224" VPOS="708" WIDTH="24" HEIGHT="20" WC="0.96" CONTENT="af"/><SP WIDTH="9" VPOS="708" HPOS="248"/>
							<String ID="string_124" HPOS="257" VPOS="707" WIDTH="50" HEIGHT="21" WC="0.93" CONTENT="herr"/><SP WIDTH="13" VPOS="707" HPOS="307"/>
							<String ID="string_125" HPOS="320" VPOS="706" WIDTH="200" HEIGHT="22" WC="0.90" CONTENT="landtmarskalken"/><SP WIDTH="12" VPOS="706" HPOS="520"/>
							<String ID="string_126" HPOS="532" VPOS="706" WIDTH="78" HEIGHT="21" WC="0.93" CONTENT="utsedd"/><SP WIDTH="8" VPOS="706" HPOS="610"/>
							<String ID="string_127" HPOS="618" VPOS="706" WIDTH="134" HEIGHT="28" WC="0.91" CONTENT="deputation,"/><SP WIDTH="9" VPOS="706" HPOS="752"/>
							<String ID="string_128" HPOS="761" VPOS="707" WIDTH="33" HEIGHT="21" WC="0.96" CONTENT="för"/><SP WIDTH="11" VPOS="707" HPOS="794"/>
							<String ID="string_129" HPOS="805" VPOS="709" WIDTH="31" HEIGHT="19" WC="0.96" CONTENT="att"/><SP WIDTH="11" VPOS="709" HPOS="836"/>
							<String ID="string_130" HPOS="847" VPOS="708" WIDTH="20" HEIGHT="26" WC="0.96" CONTENT="ej"/>
						</TextLine>
						<TextLine ID="line_17" HPOS="117" VPOS="741" WIDTH="751" HEIGHT="29">
							<String ID="string_131" HPOS="117" VPOS="742" WIDTH="85" HEIGHT="21" WC="0.95" CONTENT="mindre"/><SP WIDTH="15" VPOS="742" HPOS="202"/>
							<String ID="string_132" HPOS="217" VPOS="742" WIDTH="127" HEIGHT="21" WC="0.93" CONTENT="underrätta"/><SP WIDTH="15" VPOS="742" HPOS="344"/>
							<String ID="string_133" HPOS="359" VPOS="742" WIDTH="142" HEIGHT="21" WC="0.92" CONTENT="medstånden"/><SP WIDTH="16" VPOS="742" HPOS="501"/>
							<String ID="string_134" HPOS="517" VPOS="749" WIDTH="35" HEIGHT="13" WC="0.89" CONTENT="om"/><SP WIDTH="16" VPOS="749" HPOS="552"/>
							<String ID="string_135" HPOS="568" VPOS="741" WIDTH="162" HEIGHT="29" WC="0.89" CONTENT="ridderskapets"/><SP WIDTH="12" VPOS="741" HPOS="730"/>
							<String ID="string_136" HPOS="742" VPOS="742" WIDTH="40" HEIGHT="20" WC="0.96" CONTENT="och"/><SP WIDTH="11" VPOS="742" HPOS="782"/>
							<String ID="string_137" HPOS="793" VPOS="742" WIDTH="75" HEIGHT="21" WC="0.96" CONTENT="adelns"/>
						</TextLine>
						<TextLine ID="line_18" HPOS="118" VPOS="776" WIDTH="751" HEIGHT="29">
							<String ID="string_138" HPOS="118" VPOS="777" WIDTH="72" HEIGHT="21" WC="0.96" CONTENT="beslut"/><SP WIDTH="15" VPOS="777" HPOS="190"/>
							<String ID="string_139" HPOS="205" VPOS="777" WIDTH="135" HEIGHT="21" WC="0.96" CONTENT="beträffande"/><SP WIDTH="17" VPOS="777" HPOS="340"/>
							<String ID="string_140" HPOS="357" VPOS="777" WIDTH="58" HEIGHT="21" WC="0.95" CONTENT="såväl"/><SP WIDTH="16" VPOS="777" HPOS="415"/>
							<String ID="string_141" HPOS="431" VPOS="776" WIDTH="42" HEIGHT="22" WC="0.96" CONTENT="den"/><SP WIDTH="13" VPOS="776" HPOS="473"/>
							<String ID="string_142" HPOS="486" VPOS="777" WIDTH="79" HEIGHT="28" WC="0.96" CONTENT="nådiga"/><SP WIDTH="10" VPOS="777" HPOS="565"/>
							<String ID="string_143" HPOS="575" VPOS="776" WIDTH="164" HEIGHT="28" WC="0.96" CONTENT="propositionen"/><SP WIDTH="12" VPOS="776" HPOS="739"/>
							<String ID="string_144" HPOS="751" VPOS="784" WIDTH="46" HEIGHT="14" WC="0.93" CONTENT="som"/><SP WIDTH="11" VPOS="784" HPOS="797"/>
							<String ID="string_145" HPOS="808" VPOS="784" WIDTH="61" HEIGHT="21" WC="0.90" CONTENT="nyss-"/>
						</TextLine>
						<TextLine ID="line_19" HPOS="119" VPOS="811" WIDTH="749" HEIGHT="29">
							<String ID="string_146" HPOS="119" VPOS="812" WIDTH="91" HEIGHT="21" WC="0.91" CONTENT="berörde"/><SP WIDTH="23" VPOS="812" HPOS="210"/>
							<String ID="string_147" HPOS="233" VPOS="812" WIDTH="150" HEIGHT="28" WC="0.91" CONTENT="underdåniga"/><SP WIDTH="18" VPOS="812" HPOS="383"/>
							<String ID="string_148" HPOS="401" VPOS="812" WIDTH="103" HEIGHT="28" WC="0.95" CONTENT="petition,"/><SP WIDTH="17" VPOS="812" HPOS="504"/>
							<String ID="string_149" HPOS="521" VPOS="814" WIDTH="27" HEIGHT="18" WC="0.96" CONTENT="än"/><SP WIDTH="16" VPOS="814" HPOS="548"/>
							<String ID="string_150" HPOS="564" VPOS="811" WIDTH="89" HEIGHT="28" WC="0.96" CONTENT="inbjuda"/><SP WIDTH="15" VPOS="811" HPOS="653"/>
							<String ID="string_151" HPOS="668" VPOS="812" WIDTH="49" HEIGHT="20" WC="0.96" CONTENT="dem"/><SP WIDTH="16" VPOS="812" HPOS="717"/>
							<String ID="string_152" HPOS="733" VPOS="814" WIDTH="32" HEIGHT="19" WC="0.96" CONTENT="att"/><SP WIDTH="15" VPOS="814" HPOS="765"/>
							<String ID="string_153" HPOS="780" VPOS="812" WIDTH="30" HEIGHT="20" WC="0.96" CONTENT="uti"/><SP WIDTH="17" VPOS="812" HPOS="810"/>
							<String ID="string_154" HPOS="827" VPOS="812" WIDTH="41" HEIGHT="20" WC="0.96" CONTENT="den"/>
						</TextLine>
						<TextLine ID="line_20" HPOS="119" VPOS="846" WIDTH="750" HEIGHT="28">
							<String ID="string_155" HPOS="119" VPOS="847" WIDTH="133" HEIGHT="21" WC="0.95" CONTENT="sistnämnde"/><SP WIDTH="20" VPOS="847" HPOS="252"/>
							<String ID="string_156" HPOS="272" VPOS="847" WIDTH="92" HEIGHT="27" WC="0.91" CONTENT="deltaga."/><SP WIDTH="31" VPOS="847" HPOS="364"/>
							<String ID="string_157" HPOS="395" VPOS="847" WIDTH="47" HEIGHT="21" WC="0.95" CONTENT="Och"/><SP WIDTH="21" VPOS="847" HPOS="442"/>
							<String ID="string_158" HPOS="463" VPOS="846" WIDTH="69" HEIGHT="21" WC="0.91" CONTENT="skulle"/><SP WIDTH="20" VPOS="846" HPOS="532"/>
							<String ID="string_159" HPOS="552" VPOS="846" WIDTH="193" HEIGHT="28" WC="0.91" CONTENT="petitionsfrågan,"/><SP WIDTH="16" VPOS="846" HPOS="745"/>
							<String ID="string_160" HPOS="761" VPOS="847" WIDTH="7" HEIGHT="21" WC="0.96" CONTENT="i"/><SP WIDTH="16" VPOS="847" HPOS="768"/>
							<String ID="string_161" HPOS="784" VPOS="847" WIDTH="37" HEIGHT="21" WC="0.93" CONTENT="fall"/><SP WIDTH="16" VPOS="847" HPOS="821"/>
							<String ID="string_162" HPOS="837" VPOS="848" WIDTH="32" HEIGHT="20" WC="0.92" CONTENT="in-"/>
						</TextLine>
						<TextLine ID="line_21" HPOS="119" VPOS="881" WIDTH="750" HEIGHT="29">
							<String ID="string_163" HPOS="119" VPOS="882" WIDTH="135" HEIGHT="28" WC="0.88" CONTENT="bjudningen"/><SP WIDTH="16" VPOS="882" HPOS="254"/>
							<String ID="string_164" HPOS="270" VPOS="882" WIDTH="23" HEIGHT="20" WC="0.96" CONTENT="af"/><SP WIDTH="14" VPOS="882" HPOS="293"/>
							<String ID="string_165" HPOS="307" VPOS="882" WIDTH="90" HEIGHT="20" WC="0.95" CONTENT="stånden"/><SP WIDTH="17" VPOS="882" HPOS="397"/>
							<String ID="string_166" HPOS="414" VPOS="886" WIDTH="84" HEIGHT="23" WC="0.93" CONTENT="antogs,"/><SP WIDTH="17" VPOS="886" HPOS="498"/>
							<String ID="string_167" HPOS="515" VPOS="881" WIDTH="143" HEIGHT="21" WC="0.92" CONTENT="öfverlemnas"/><SP WIDTH="13" VPOS="881" HPOS="658"/>
							<String ID="string_168" HPOS="671" VPOS="881" WIDTH="32" HEIGHT="21" WC="0.96" CONTENT="till"/><SP WIDTH="11" VPOS="881" HPOS="703"/>
							<String ID="string_169" HPOS="714" VPOS="881" WIDTH="109" HEIGHT="21" WC="0.93" CONTENT="allmänna"/><SP WIDTH="11" VPOS="881" HPOS="823"/>
							<String ID="string_170" HPOS="834" VPOS="882" WIDTH="35" HEIGHT="20" WC="0.92" CONTENT="be-"/>
						</TextLine>
						<TextLine ID="line_22" HPOS="119" VPOS="915" WIDTH="751" HEIGHT="29">
							<String ID="string_171" HPOS="119" VPOS="917" WIDTH="174" HEIGHT="26" WC="0.92" CONTENT="svärsutskottet,"/><SP WIDTH="14" VPOS="917" HPOS="293"/>
							<String ID="string_172" HPOS="307" VPOS="923" WIDTH="49" HEIGHT="14" WC="0.96" CONTENT="men"/><SP WIDTH="15" VPOS="923" HPOS="356"/>
							<String ID="string_173" HPOS="371" VPOS="917" WIDTH="79" HEIGHT="27" WC="0.96" CONTENT="utdrag"/><SP WIDTH="13" VPOS="917" HPOS="450"/>
							<String ID="string_174" HPOS="463" VPOS="923" WIDTH="25" HEIGHT="14" WC="0.96" CONTENT="ur"/><SP WIDTH="10" VPOS="923" HPOS="488"/>
							<String ID="string_175" HPOS="498" VPOS="915" WIDTH="133" HEIGHT="29" WC="0.96" CONTENT="protokollet"/><SP WIDTH="10" VPOS="915" HPOS="631"/>
							<String ID="string_176" HPOS="641" VPOS="916" WIDTH="92" HEIGHT="21" WC="0.96" CONTENT="rörande"/><SP WIDTH="11" VPOS="916" HPOS="733"/>
							<String ID="string_177" HPOS="744" VPOS="916" WIDTH="126" HEIGHT="21" WC="0.96" CONTENT="densamma"/>
						</TextLine>
						<TextLine ID="line_23" HPOS="119" VPOS="951" WIDTH="751" HEIGHT="28">
							<String ID="string_178" HPOS="119" VPOS="952" WIDTH="7" HEIGHT="20" WC="0.96" CONTENT="i"/><SP WIDTH="16" VPOS="952" HPOS="126"/>
							<String ID="string_179" HPOS="142" VPOS="952" WIDTH="75" HEIGHT="27" WC="0.96" CONTENT="hvarje"/><SP WIDTH="19" VPOS="952" HPOS="217"/>
							<String ID="string_180" HPOS="236" VPOS="952" WIDTH="103" HEIGHT="20" WC="0.96" CONTENT="händelse"/><SP WIDTH="22" VPOS="952" HPOS="339"/>
							<String ID="string_181" HPOS="361" VPOS="951" WIDTH="32" HEIGHT="21" WC="0.93" CONTENT="till"/><SP WIDTH="20" VPOS="951" HPOS="393"/>
							<String ID="string_182" HPOS="413" VPOS="951" WIDTH="141" HEIGHT="21" WC="0.92" CONTENT="medständen"/><SP WIDTH="17" VPOS="951" HPOS="554"/>
							<String ID="string_183" HPOS="571" VPOS="951" WIDTH="40" HEIGHT="21" WC="0.93" CONTENT="och"/><SP WIDTH="14" VPOS="951" HPOS="611"/>
							<String ID="string_184" HPOS="625" VPOS="951" WIDTH="245" HEIGHT="28" WC="0.90" CONTENT="expeditionsutskottet"/>
						</TextLine>
						<TextLine ID="line_24" HPOS="120" VPOS="986" WIDTH="136" HEIGHT="29">
							<String ID="string_185" HPOS="120" VPOS="986" WIDTH="136" HEIGHT="29" WC="0.96" CONTENT="expedieras."/>
						</TextLine>
					</TextBlock>
					<TextBlock ID="block_4" HPOS="121" VPOS="1055" WIDTH="753" HEIGHT="203">
						<TextLine ID="line_25" HPOS="189" VPOS="1055" WIDTH="682" HEIGHT="29">
							<String ID="string_186" HPOS="189" VPOS="1056" WIDTH="122" HEIGHT="28" WC="0.93" CONTENT="Föredrogs"/><SP WIDTH="19" VPOS="1056" HPOS="311"/>
							<String ID="string_187" HPOS="330" VPOS="1055" WIDTH="253" HEIGHT="29" WC="0.91" CONTENT="expeditionsutskottets"/><SP WIDTH="16" VPOS="1055" HPOS="583"/>
							<String ID="string_188" HPOS="599" VPOS="1055" WIDTH="82" HEIGHT="29" WC="0.95" CONTENT="förslag"/><SP WIDTH="15" VPOS="1055" HPOS="681"/>
							<String ID="string_189" HPOS="696" VPOS="1055" WIDTH="32" HEIGHT="22" WC="0.96" CONTENT="till"/><SP WIDTH="16" VPOS="1055" HPOS="728"/>
							<String ID="string_190" HPOS="744" VPOS="1056" WIDTH="127" HEIGHT="21" WC="0.96" CONTENT="ständernas"/>
						</TextLine>
						<TextLine ID="line_26" HPOS="121" VPOS="1091" WIDTH="750" HEIGHT="28">
							<String ID="string_191" HPOS="121" VPOS="1091" WIDTH="149" HEIGHT="28" WC="0.91" CONTENT="underdåniga"/><SP WIDTH="16" VPOS="1091" HPOS="270"/>
							<String ID="string_192" HPOS="286" VPOS="1099" WIDTH="48" HEIGHT="13" WC="0.92" CONTENT="svar"/><SP WIDTH="16" VPOS="1099" HPOS="334"/>
							<String ID="string_193" HPOS="350" VPOS="1091" WIDTH="12" HEIGHT="21" WC="0.89" CONTENT="å"/><SP WIDTH="16" VPOS="1091" HPOS="362"/>
							<String ID="string_194" HPOS="378" VPOS="1091" WIDTH="79" HEIGHT="28" WC="0.93" CONTENT="nådiga"/><SP WIDTH="14" VPOS="1091" HPOS="457"/>
							<String ID="string_195" HPOS="471" VPOS="1091" WIDTH="189" HEIGHT="28" WC="0.91" CONTENT="propositionerna"/><SP WIDTH="14" VPOS="1091" HPOS="660"/>
							<String ID="string_196" HPOS="674" VPOS="1098" WIDTH="35" HEIGHT="13" WC="0.96" CONTENT="n:o"/><SP WIDTH="11" VPOS="1098" HPOS="709"/>
							<String ID="string_197" HPOS="720" VPOS="1092" WIDTH="26" HEIGHT="20" WC="0.95" CONTENT="25"/><SP WIDTH="12" VPOS="1092" HPOS="746"/>
							<String ID="string_198" HPOS="758" VPOS="1091" WIDTH="113" HEIGHT="28" WC="0.96" CONTENT="angående"/>
						</TextLine>
						<TextLine ID="line_27" HPOS="121" VPOS="1125" WIDTH="750" HEIGHT="29">
							<String ID="string_199" HPOS="121" VPOS="1127" WIDTH="109" HEIGHT="27" WC="0.90" CONTENT="sjölagen,"/><SP WIDTH="21" VPOS="1127" HPOS="230"/>
							<String ID="string_200" HPOS="251" VPOS="1133" WIDTH="34" HEIGHT="14" WC="0.95" CONTENT="n:o"/><SP WIDTH="21" VPOS="1133" HPOS="285"/>
							<String ID="string_201" HPOS="306" VPOS="1127" WIDTH="27" HEIGHT="20" WC="0.96" CONTENT="23"/><SP WIDTH="21" VPOS="1127" HPOS="333"/>
							<String ID="string_202" HPOS="354" VPOS="1133" WIDTH="34" HEIGHT="14" WC="0.93" CONTENT="om"/><SP WIDTH="19" VPOS="1133" HPOS="388"/>
							<String ID="string_203" HPOS="407" VPOS="1126" WIDTH="153" HEIGHT="28" WC="0.91" CONTENT="upphäfvande"/><SP WIDTH="22" VPOS="1126" HPOS="560"/>
							<String ID="string_204" HPOS="582" VPOS="1126" WIDTH="23" HEIGHT="20" WC="0.93" CONTENT="af"/><SP WIDTH="18" VPOS="1126" HPOS="605"/>
							<String ID="string_205" HPOS="623" VPOS="1125" WIDTH="196" HEIGHT="28" WC="0.92" CONTENT="indigenatsrätten"/><SP WIDTH="19" VPOS="1125" HPOS="819"/>
							<String ID="string_206" HPOS="838" VPOS="1126" WIDTH="33" HEIGHT="20" WC="0.96" CONTENT="för"/>
						</TextLine>
						<TextLine ID="line_28" HPOS="122" VPOS="1160" WIDTH="752" HEIGHT="28">
							<String ID="string_207" HPOS="122" VPOS="1161" WIDTH="134" HEIGHT="21" WC="0.91" CONTENT="läroståndet"/><SP WIDTH="23" VPOS="1161" HPOS="256"/>
							<String ID="string_208" HPOS="279" VPOS="1161" WIDTH="58" HEIGHT="21" WC="0.96" CONTENT="inom"/><SP WIDTH="22" VPOS="1161" HPOS="337"/>
							<String ID="string_209" HPOS="359" VPOS="1160" WIDTH="82" HEIGHT="28" WC="0.96" CONTENT="landet,"/><SP WIDTH="21" VPOS="1160" HPOS="441"/>
							<String ID="string_210" HPOS="462" VPOS="1162" WIDTH="55" HEIGHT="19" WC="0.96" CONTENT="samt"/><SP WIDTH="21" VPOS="1162" HPOS="517"/>
							<String ID="string_211" HPOS="538" VPOS="1167" WIDTH="34" HEIGHT="14" WC="0.96" CONTENT="n:o"/><SP WIDTH="21" VPOS="1167" HPOS="572"/>
							<String ID="string_212" HPOS="593" VPOS="1161" WIDTH="13" HEIGHT="20" WC="0.96" CONTENT="4"/><SP WIDTH="20" VPOS="1161" HPOS="606"/>
							<String ID="string_213" HPOS="626" VPOS="1167" WIDTH="35" HEIGHT="14" WC="0.93" CONTENT="om"/><SP WIDTH="21" VPOS="1167" HPOS="661"/>
							<String ID="string_214" HPOS="682" VPOS="1160" WIDTH="152" HEIGHT="28" WC="0.92" CONTENT="upphäfvande"/><SP WIDTH="17" VPOS="1160" HPOS="834"/>
							<String ID="string_215" HPOS="851" VPOS="1161" WIDTH="23" HEIGHT="20" WC="0.96" CONTENT="af"/>
						</TextLine>
						<TextLine ID="line_29" HPOS="122" VPOS="1195" WIDTH="750" HEIGHT="29">
							<String ID="string_216" HPOS="122" VPOS="1196" WIDTH="161" HEIGHT="28" WC="0.92" CONTENT="ridderskapets"/><SP WIDTH="20" VPOS="1196" HPOS="283"/>
							<String ID="string_217" HPOS="303" VPOS="1196" WIDTH="40" HEIGHT="20" WC="0.96" CONTENT="och"/><SP WIDTH="20" VPOS="1196" HPOS="343"/>
							<String ID="string_218" HPOS="363" VPOS="1196" WIDTH="74" HEIGHT="20" WC="0.96" CONTENT="adelns"/><SP WIDTH="21" VPOS="1196" HPOS="437"/>
							<String ID="string_219" HPOS="458" VPOS="1195" WIDTH="137" HEIGHT="21" WC="0.96" CONTENT="uteslutande"/><SP WIDTH="20" VPOS="1195" HPOS="595"/>
							<String ID="string_220" HPOS="615" VPOS="1196" WIDTH="43" HEIGHT="20" WC="0.96" CONTENT="rätt"/><SP WIDTH="18" VPOS="1196" HPOS="658"/>
							<String ID="string_221" HPOS="676" VPOS="1196" WIDTH="33" HEIGHT="20" WC="0.93" CONTENT="att"/><SP WIDTH="15" VPOS="1196" HPOS="709"/>
							<String ID="string_222" HPOS="724" VPOS="1202" WIDTH="41" HEIGHT="21" WC="0.91" CONTENT="ega"/><SP WIDTH="15" VPOS="1202" HPOS="765"/>
							<String ID="string_223" HPOS="780" VPOS="1195" WIDTH="39" HEIGHT="21" WC="0.93" CONTENT="och"/><SP WIDTH="17" VPOS="1195" HPOS="819"/>
							<String ID="string_224" HPOS="836" VPOS="1195" WIDTH="36" HEIGHT="21" WC="0.92" CONTENT="be-"/>
						</TextLine>
						<TextLine ID="line_30" HPOS="123" VPOS="1230" WIDTH="399" HEIGHT="28">
							<String ID="string_225" HPOS="123" VPOS="1231" WIDTH="51" HEIGHT="20" WC="0.93" CONTENT="sitta"/><SP WIDTH="16" VPOS="1231" HPOS="174"/>
							<String ID="string_226" HPOS="190" VPOS="1230" WIDTH="116" HEIGHT="28" WC="0.91" CONTENT="frälsejord"/><SP WIDTH="12" VPOS="1230" HPOS="306"/>
							<String ID="string_227" HPOS="318" VPOS="1230" WIDTH="49" HEIGHT="21" WC="0.93" CONTENT="med"/><SP WIDTH="16" VPOS="1230" HPOS="367"/>
							<String ID="string_228" HPOS="383" VPOS="1230" WIDTH="139" HEIGHT="21" WC="0.92" CONTENT="säterifrihet."/>
						</TextLine>
					</TextBlock>
					<TextBlock ID="block_5" HPOS="122" VPOS="1264" WIDTH="753" HEIGHT="91">
						<TextLine ID="line_31" HPOS="192" VPOS="1264" WIDTH="680" HEIGHT="28">
							<String ID="string_229" HPOS="192" VPOS="1264" WIDTH="46" HEIGHT="21" WC="0.96" CONTENT="Och"/><SP WIDTH="16" VPOS="1264" HPOS="238"/>
							<String ID="string_230" HPOS="254" VPOS="1272" WIDTH="45" HEIGHT="14" WC="0.96" CONTENT="som"/><SP WIDTH="16" VPOS="1272" HPOS="299"/>
							<String ID="string_231" HPOS="315" VPOS="1264" WIDTH="90" HEIGHT="22" WC="0.95" CONTENT="berörde"/><SP WIDTH="16" VPOS="1264" HPOS="405"/>
							<String ID="string_232" HPOS="421" VPOS="1264" WIDTH="83" HEIGHT="28" WC="0.96" CONTENT="förslag"/><SP WIDTH="15" VPOS="1264" HPOS="504"/>
							<String ID="string_233" HPOS="519" VPOS="1264" WIDTH="24" HEIGHT="21" WC="0.95" CONTENT="af"/><SP WIDTH="13" VPOS="1264" HPOS="543"/>
							<String ID="string_234" HPOS="556" VPOS="1264" WIDTH="86" HEIGHT="21" WC="0.96" CONTENT="ståndet"/><SP WIDTH="15" VPOS="1264" HPOS="642"/>
							<String ID="string_235" HPOS="657" VPOS="1264" WIDTH="132" HEIGHT="28" WC="0.95" CONTENT="godkändes,"/><SP WIDTH="14" VPOS="1264" HPOS="789"/>
							<String ID="string_236" HPOS="803" VPOS="1264" WIDTH="69" HEIGHT="20" WC="0.96" CONTENT="skulle"/>
						</TextLine>
						<TextLine ID="line_32" HPOS="123" VPOS="1298" WIDTH="752" HEIGHT="29">
							<String ID="string_237" HPOS="123" VPOS="1299" WIDTH="244" HEIGHT="28" WC="0.92" CONTENT="expeditionsutskottet"/><SP WIDTH="14" VPOS="1299" HPOS="367"/>
							<String ID="string_238" HPOS="381" VPOS="1299" WIDTH="40" HEIGHT="21" WC="0.93" CONTENT="och"/><SP WIDTH="11" VPOS="1299" HPOS="421"/>
							<String ID="string_239" HPOS="432" VPOS="1299" WIDTH="141" HEIGHT="21" WC="0.91" CONTENT="medstånden"/><SP WIDTH="11" VPOS="1299" HPOS="573"/>
							<String ID="string_240" HPOS="584" VPOS="1305" WIDTH="79" HEIGHT="21" WC="0.93" CONTENT="genom"/><SP WIDTH="11" VPOS="1305" HPOS="663"/>
							<String ID="string_241" HPOS="674" VPOS="1298" WIDTH="201" HEIGHT="28" WC="0.91" CONTENT="protokollsutdrag"/>
						</TextLine>
						<TextLine ID="line_33" HPOS="122" VPOS="1334" WIDTH="235" HEIGHT="21">
							<String ID="string_242" HPOS="122" VPOS="1334" WIDTH="76" HEIGHT="20" WC="0.96" CONTENT="härom"/><SP WIDTH="16" VPOS="1334" HPOS="198"/>
							<String ID="string_243" HPOS="214" VPOS="1334" WIDTH="143" HEIGHT="21" WC="0.96" CONTENT="underrättas."/>
						</TextLine>
					</TextBlock>
					<TextBlock ID="block_6" HPOS="125" VPOS="1402" WIDTH="750" HEIGHT="63">
						<TextLine ID="line_34" HPOS="193" VPOS="1402" WIDTH="682" HEIGHT="30">
							<String ID="string_244" HPOS="193" VPOS="1402" WIDTH="122" HEIGHT="29" WC="0.93" CONTENT="Föredrogs"/><SP WIDTH="15" VPOS="1402" HPOS="315"/>
							<String ID="string_245" HPOS="330" VPOS="1403" WIDTH="172" HEIGHT="29" WC="0.93" CONTENT="statsutskottets"/><SP WIDTH="15" VPOS="1403" HPOS="502"/>
							<String ID="string_246" HPOS="517" VPOS="1402" WIDTH="138" HEIGHT="22" WC="0.96" CONTENT="betänkande"/><SP WIDTH="13" VPOS="1402" HPOS="655"/>
							<String ID="string_247" HPOS="668" VPOS="1409" WIDTH="36" HEIGHT="14" WC="0.94" CONTENT="n:o"/><SP WIDTH="10" VPOS="1409" HPOS="704"/>
							<String ID="string_248" HPOS="714" VPOS="1403" WIDTH="13" HEIGHT="20" WC="0.85" CONTENT="4"/><SP WIDTH="11" VPOS="1403" HPOS="727"/>
							<String ID="string_249" HPOS="738" VPOS="1402" WIDTH="7" HEIGHT="21" WC="0.91" CONTENT="i"/><SP WIDTH="11" VPOS="1402" HPOS="745"/>
							<String ID="string_250" HPOS="756" VPOS="1402" WIDTH="119" HEIGHT="28" WC="0.96" CONTENT="anledning"/>
						</TextLine>
						<TextLine ID="line_35" HPOS="125" VPOS="1437" WIDTH="750" HEIGHT="28">
							<String ID="string_251" HPOS="125" VPOS="1437" WIDTH="24" HEIGHT="21" WC="0.93" CONTENT="af"/><SP WIDTH="13" VPOS="1437" HPOS="149"/>
							<String ID="string_252" HPOS="162" VPOS="1437" WIDTH="28" HEIGHT="21" WC="0.91" CONTENT="H."/><SP WIDTH="16" VPOS="1437" HPOS="190"/>
							<String ID="string_253" HPOS="206" VPOS="1437" WIDTH="61" HEIGHT="27" WC="0.91" CONTENT="Kejs."/><SP WIDTH="16" VPOS="1437" HPOS="267"/>
							<String ID="string_254" HPOS="283" VPOS="1437" WIDTH="73" HEIGHT="27" WC="0.96" CONTENT="Maj:ts"/><SP WIDTH="18" VPOS="1437" HPOS="356"/>
							<String ID="string_255" HPOS="374" VPOS="1438" WIDTH="79" HEIGHT="26" WC="0.96" CONTENT="nådiga"/><SP WIDTH="18" VPOS="1438" HPOS="453"/>
							<String ID="string_256" HPOS="471" VPOS="1438" WIDTH="135" HEIGHT="27" WC="0.95" CONTENT="proposition"/><SP WIDTH="16" VPOS="1438" HPOS="606"/>
							<String ID="string_257" HPOS="622" VPOS="1444" WIDTH="35" HEIGHT="13" WC="0.96" CONTENT="n:o"/><SP WIDTH="16" VPOS="1444" HPOS="657"/>
							<String ID="string_258" HPOS="673" VPOS="1438" WIDTH="26" HEIGHT="19" WC="0.96" CONTENT="28"/><SP WIDTH="17" VPOS="1438" HPOS="699"/>
							<String ID="string_259" HPOS="716" VPOS="1437" WIDTH="111" HEIGHT="26" WC="0.93" CONTENT="angående"/><SP WIDTH="14" VPOS="1437" HPOS="827"/>
							<String ID="string_260" HPOS="841" VPOS="1443" WIDTH="34" HEIGHT="13" WC="0.91" CONTENT="re-"/>
						</TextLine>
					</TextBlock>
				</ComposedBlock>
			</PrintSpace>
		</Page>
	</Layout>
</alto>
