1092 1748
826 124 38 20 143

145 188 46 27 ripa
208 187 39 21 och
263 188 119 28 rapphöna,
399 188 78 21 dubbla
498 188 138 26 beckasinen,
653 188 128 27 morkullan,
799 189 42 20 alla
857 191 36 19 än-

145 222 36 20 der
197 222 118 27 (nemligen
337 223 102 27 gräsand,
461 222 133 26 brunnacka,
615 223 90 26 krecka,
726 223 47 20 årta
788 224 49 26 ete.)
854 224 39 20 och

145 256 105 27 sjöfoglar
266 258 55 18 samt
337 257 42 20 alla
395 257 70 27 öfriga
477 257 75 27 foglar,
564 256 24 20 af
601 256 72 21 hvilka
691 257 25 20 de
727 257 109 21 såkallade
848 258 46 20 små

144 290 99 27 foglarna
267 291 38 20 och
327 291 167 27 hackspettarna
513 291 67 20 borde
600 291 102 20 särskildt
722 291 113 28 fredlysas.
864 292 32 20 Af

144 324 71 21 denna
230 324 58 21 klass
305 325 105 27 fredlysas
427 325 55 21 efter
498 325 66 20 behof
578 325 48 26 alla,
642 332 46 13 som
702 326 83 27 årligen
801 326 93 21 behöfva

145 365 26 14 en
187 359 44 20 viss
247 359 41 21 tids
305 360 75 27 skydd,
392 360 39 20 och
447 360 49 26 alla,
513 366 44 14 som
574 359 72 21 fordra
662 367 26 13 en
700 360 68 20 under
780 367 25 13 en
818 360 75 28 längre

143 393 53 28 följd
213 394 23 20 af
250 394 23 20 år
289 394 12 20 å
316 394 39 20 rad
369 394 87 20 fortsatt
471 394 142 28 fredlysning.

212 428 102 21 Friherre
335 428 138 28 Carpelan:
495 428 42 28 Jag
560 428 70 21 skulle
653 428 51 28 vilja
728 429 114 26 anmärka,
862 431 31 19 att

144 463 103 27 kongliga
265 463 140 33 jagtstadgan
426 463 23 20 af
468 463 39 20 den
529 464 25 19 13
570 463 55 27 april
642 464 54 19 1808
712 463 72 20 blifvit
799 445 94 45 omul

144 497 66 28 gerad
228 498 28 27 pä
274 490 72 28 Äland
362 497 110 21 äfvensom
488 497 7 20 i
511 491 139 27 Österbotten
668 497 39 21 och
723 497 37 21 der
776 498 70 26 tjenat
861 498 33 20 till

144 532 153 21 efterrättelse.
328 532 43 20 Det
391 532 55 21 hade
466 532 56 20 varit
543 532 105 27 önskligt,
662 534 31 18 att
709 532 41 20 den
765 532 64 21 äfven
844 532 49 20 här-

144 566 100 21 förinnan
268 566 83 20 kunnat
371 566 86 21 komma
477 566 33 20 till
531 566 128 21 efterlefnad
680 566 6 20 i
707 566 62 21 södra
790 566 62 21 delen
872 567 24 20 af

143 600 100 26 Finland,
259 600 38 21 der
311 600 36 21 det
363 601 5 19 i
385 601 92 20 sednare
492 600 56 21 tider
564 601 19 27 ej
600 600 82 21 funnits
698 601 67 27 nägot
780 600 69 27 skydd
859 601 34 20 för

144 635 81 28 nyttigt
240 635 112 26 villebräd,
367 635 65 20 innan
448 637 162 26 guvernörerne
626 635 6 20 i
649 635 59 20 detta
724 635 56 28 syfte
798 635 96 20 utfärdat

144 669 125 28 stadgande.
303 669 33 20 De
363 669 59 20 äldre
445 669 183 28 författningarne
655 669 55 20 hade
738 669 65 21 redan
831 669 63 21 räkat

143 705 6 19 i
169 703 98 28 glömska
286 704 39 20 och
346 703 40 21 den
407 704 90 27 mening
517 704 58 27 gjort
596 704 33 27 sig
650 703 100 21 öfverallt
770 704 65 20 bland
856 705 37 19 all-

144 745 79 21 mogen
241 739 110 26 gällande,
372 740 31 19 att
422 745 48 14 man
488 738 6 20 i
515 738 102 21 afseende
638 739 12 20 å
662 739 48 26 jagt
731 739 39 20 och
791 738 103 28 djurfäng

144 773 71 20 kunde
238 775 53 24 göra
314 773 39 20 och
376 772 44 21 läta
442 773 56 20 huru
521 779 48 14 man
592 772 113 27 behagade
729 773 39 20 och
791 774 31 19 att
844 772 50 27 djur

143 807 74 21 kunna
233 807 83 27 skjutas
335 807 28 27 pä
381 807 75 20 hvems
473 809 52 25 ägor
541 813 45 14 som
602 807 63 20 helst.
695 807 51 20 Man
762 807 68 20 mäste
846 807 47 20 der-

143 841 47 21 före
206 848 51 13 vara
277 841 108 27 styrelsen
405 841 91 27 mycken
518 841 49 20 tack
588 841 85 27 skyldig
689 841 33 20 för
738 841 42 20 den
795 841 97 27 proposi-

143 876 52 26 tion,
212 883 45 13 som
281 883 29 13 nu
333 876 72 20 blifvit
425 876 70 27 gjord.
525 876 10 20 I
556 876 52 20 flere
628 875 118 21 afseenden
767 875 69 21 skulle
855 875 39 27 jag

143 911 65 20 också
224 910 51 28 vilja
291 910 52 28 gilla
359 910 47 26 den,
423 917 50 14 men
489 910 44 21 lika
548 910 50 20 med
613 910 91 20 friherre
715 910 105 27 Hisinger
830 916 64 14 anser

141 946 40 26 jag
200 944 142 28 indelningen
363 944 6 20 i
390 946 33 19 tre
443 944 83 21 klasser
547 945 19 27 ej
583 951 51 13 vara
650 944 50 20 fullt
715 944 178 27 ändamälsenlig.

144 980 43 27 Jag
209 979 69 21 skulle
301 979 68 20 hellre
389 979 52 27 vilja
459 978 107 21 bibehålla
588 978 26 21 de
634 978 24 20 af
676 978 92 20 friherre
788 978 106 27 Hisinger

143 1014 125 26 föreslagna
283 1014 36 20 tvä
335 1014 118 26 klasserna,
469 1015 23 25 ty
509 1013 63 20 bland
589 1013 25 20 de
632 1012 111 28 oskadliga
759 1012 134 20 villebräden

143 1050 36 18 äro
196 1048 25 20 de
238 1048 61 20 flesta
316 1048 91 27 nyttiga.
437 1047 49 21 Den
502 1049 57 19 stora
575 1047 146 20 allmänheten
738 1047 38 20 har
792 1047 19 27 ej
828 1046 66 20 fästat

144 1083 33 27 sig
199 1082 36 20 vid
258 1082 157 28 smäfoglarnes
436 1084 58 18 stora
514 1083 61 26 nyttä
596 1082 6 19 i
623 1085 103 16 naturens
747 1080 146 28 hushällning.

143 1117 34 20 En
192 1117 53 20 liten
261 1116 58 28 fogel
335 1116 42 20 kan
393 1117 28 27 pä
437 1123 27 13 en
480 1116 41 27 dag
537 1116 91 20 förstöra
646 1116 56 20 ända
717 1115 34 20 till
767 1115 95 20 tusental
872 1115 24 20 af

144 1152 81 20 smärre
248 1150 97 21 insekter
368 1150 38 21 och
427 1151 72 20 larver
519 1150 40 21 och
580 1152 23 18 är
624 1150 86 20 derföre
731 1149 24 21 af
772 1149 122 27 väsendtlig

143 1187 61 26 nyttä
219 1185 34 21 för
269 1185 60 28 skog,
346 1185 116 27 ängsmark
479 1185 40 20 och
533 1184 115 22 åkerbruk.
670 1184 150 27 Hackspetten
832 1185 14 18 t.
860 1190 33 14 ex.

143 1222 23 18 är
178 1227 26 13 en
215 1220 122 27 betydande
353 1220 92 27 motvigt
460 1221 45 19 mot
521 1220 26 20 de
562 1219 104 25 insekter,
679 1226 45 13 som
736 1218 94 20 förstöra
842 1218 50 20 våra

144 1254 85 28 skogar.
253 1254 37 26 Ja,
306 1254 126 20 tillochmed
448 1254 41 20 den
506 1254 23 20 sä
545 1252 112 22 föraktade
672 1252 83 21 kråkan
772 1254 24 18 är
812 1259 26 13 en
849 1252 45 20 väl-

144 1289 36 27 dig
195 1288 200 28 ängsmaskjägare.

211 1323 96 20 Hvilken
327 1323 62 20 råhet
408 1322 58 21 visar
482 1322 36 21 det
539 1323 27 27 ej,
585 1324 31 18 att
636 1322 67 20 under
720 1321 115 27 parnings-
854 1321 40 20 och

144 1357 180 26 häekningstiden
345 1357 56 20 döda
421 1356 155 27 smäfoglarna,
592 1356 63 21 dessa
670 1356 102 25 varelser,
789 1362 45 13 som
850 1355 44 20 för-

144 1392 75 18 närma
241 1390 76 27 ingen,
339 1396 50 14 men
410 1389 97 20 deremot
528 1389 49 20 med
598 1389 96 26 oaflätlig
714 1389 32 19 flit
766 1387 74 21 arbeta
860 1387 34 20 för

144 1423 187 27 mensklighetens
352 1423 71 26 bästa,
442 1423 2 19 i
463 1423 36 20 det
519 1423 26 19 de
566 1424 71 18 utrota
658 1429 25 12 en
700 1421 80 27 mängd
796 1421 98 27 skadliga
