1036 1775
790 135 40 21 561

180 194 58 26 Herr
257 206 43 15 von
319 198 80 29 Born,
416 199 19 22 J.
451 200 37 27 A.,
503 200 28 28 på
546 200 96 28 begäran
658 200 68 21 erhöll
742 200 62 22 ordet
819 200 40 22 och

111 233 96 29 yttrade:
226 234 56 20 Lika
297 234 50 21 med
361 234 57 21 hvad
433 234 107 21 utskottet
555 234 6 21 i
578 235 38 20 sitt
631 234 138 22 betänkande
784 236 75 26 yttrat,

110 275 64 21 synes
190 268 45 27 mig
250 268 66 21 också
330 268 72 22 denna
412 268 11 28 $
435 275 87 15 snarare
536 268 107 22 innefatta
653 275 27 14 en
691 268 166 29 underrättelse,

109 303 28 20 än
153 304 31 19 ett
198 302 90 28 positivt
302 301 163 30 lagstadgande.
496 303 50 20 Men
562 309 34 14 om
613 303 59 20 detta
687 302 117 29 stadgande
818 303 39 21 här

110 335 55 22 skall
187 336 94 28 qvarstå,
302 337 113 21 hvaremot
431 337 40 28 jag
491 337 33 21 för
543 337 45 21 min
602 337 35 21 del
654 337 20 27 ej
689 336 39 22 har
743 337 67 28 något
825 339 33 19 att

110 371 114 26 anmärka,
245 377 64 14 anser
329 371 39 28 jag
388 371 120 21 detsamma
530 378 51 14 vara
604 371 157 28 ofullständigt.
790 371 12 21 I
817 372 11 27 $
844 373 13 20 3

109 405 141 21 tillerkännes
265 405 110 28 nemligen
390 405 132 28 rättigheten
538 405 34 22 för
588 405 41 22 den
644 413 46 14 som
701 405 74 28 afhyst
785 405 72 22 blifvit

110 441 40 26 att,
172 446 34 14 om
223 440 42 21 han
286 447 64 14 anser
370 440 36 21 det
425 440 86 28 nödigt,
531 440 45 21 låta
594 440 56 28 goda
666 439 38 22 och
720 440 137 29 sakkunniga

110 475 59 26 män,
190 474 55 21 efter
265 481 91 20 egarens
376 474 144 27 tillkallande,
536 481 54 21 syna
604 475 131 28 lägenheten
750 474 32 21 till
798 477 58 20 utrö-

109 508 71 21 nande
196 509 24 21 af
233 509 48 21 dess
297 509 98 21 tillstånd
410 517 27 13 m.
454 517 27 14 m.
512 509 45 28 Mig
572 516 64 21 synes
652 511 32 20 att
697 517 27 14 en
740 509 60 28 dylik
814 511 42 20 rät-

109 543 70 28 tighet
202 543 66 21 borde
291 543 121 21 tillkomma
434 543 48 22 icke
503 546 84 19 ensamt
610 543 89 28 honom,
718 545 52 20 utan
792 544 65 21 också

109 583 80 22 egaren
205 578 53 21 eller
269 578 50 27 den,
330 578 34 20 till
379 578 88 21 hvilken
482 578 130 28 lägenheten
628 578 73 22 afstås.
731 578 43 28 Jag
788 578 68 22 förut-

109 613 67 19 sätter
191 612 121 28 nemligen,
328 614 31 19 att
374 612 38 21 fall
427 612 74 22 kunna
516 612 93 27 inträffa,
621 612 27 21 då
663 612 131 28 lägenheten
811 614 23 20 är
848 613 8 21 i

110 646 23 20 så
153 646 56 20 uselt
230 646 70 28 skick,
317 648 32 19 att
364 646 48 28 den,
429 654 45 14 som
491 647 72 28 afhyst
578 646 82 28 blifvit,
677 647 19 27 ej
712 647 70 27 finner
798 647 36 25 det
849 648 7 20 i

109 680 37 21 sitt
165 680 94 22 intresse
278 683 31 19 att
328 681 43 21 låta
391 688 53 21 syna
464 682 136 26 densamma,
616 688 49 14 men
687 681 97 21 deremot
804 681 52 28 den,

109 722 45 14 som
174 715 107 21 tillträder
299 714 142 30 lägenheten,
461 723 63 14 anser
540 715 66 23 sådan
626 716 75 27 åtgärd
719 716 25 20 af
760 716 47 28 vigt
822 716 34 21 för

109 750 43 28 sig,
168 750 33 20 för
216 750 41 21 den
273 750 104 22 händelse
393 750 146 29 afhysningen
553 750 69 22 skulle
638 750 123 22 sedermera
776 750 80 22 förkla-

109 792 34 14 ras
162 784 78 29 ogiltig
258 785 40 21 och
314 784 190 29 skadeersättning
518 785 88 22 komma
620 785 8 20 i
643 784 67 28 fråga.
741 785 43 28 Jag
798 785 57 21 före-

107 820 44 21 slår
166 819 86 22 derföre
267 820 110 21 vördsamt
393 821 31 20 ett
439 820 78 28 tillägg
531 820 31 21 uti
577 819 129 29 paragrafen
723 819 84 28 derom,
825 821 31 20 att

109 854 113 21 enahanda
241 854 105 28 rättighet
365 855 40 20 bör
425 854 121 21 tillkomma
568 854 63 21 äfven
648 854 52 27 den,
714 854 32 20 till
767 854 89 21 hvilken

108 888 131 29 lägenheten
255 889 74 20 afstås.

176 922 103 22 Friherre
303 923 139 28 Carpelan:
463 923 44 28 Jag
526 923 88 21 förenar
632 922 46 28 mig
697 921 7 22 i
719 922 43 21 allo
777 923 7 20 i
801 922 55 22 hvad

109 957 50 22 herr
173 964 42 15 von
231 957 67 28 Born,
315 957 20 22 J.
350 958 34 27 A.,
400 959 67 26 yttrat
483 957 39 21 och
538 957 76 28 tycker
629 958 31 20 att
675 963 49 14 man
735 957 70 21 skulle
816 957 39 22 lät-

109 994 43 20 tast
172 992 70 29 slippa
262 993 57 21 ifrån
336 993 120 27 saken,'om
472 999 49 14 man
538 993 7 20 i
561 993 73 20 stället
649 991 34 22 för
696 991 52 29 ,den
761 999 43 20 som
824 993 32 20 af-

108 1027 50 29 hyst
172 1027 87 21 blifvit”
275 1027 70 22 skulle
359 1029 52 26 säga
426 1027 192 27 ,vederbörande.*

176 1062 57 21 Herr
253 1061 134 28 Forsman,
407 1062 46 21 W.:
474 1061 72 22 Jemte
566 1061 37 21 det
620 1061 40 28 jag
679 1050 91 31 förenar
785 1061 45 28 mig
848 1061 7 21 i

109 1096 55 22 hvad
184 1097 50 21 herr
255 1103 46 15 von:
316 1078 71 46 Born,
399 1097 20 21 J.
434 1097 33 27 A.,
482 1098 77 26 yttrat,
576 1096 70 21 skulle
661 1096 40 27 jag
719 1095 89 27 föreslå,
824 1097 32 21 att

109 1133 32 19 ett
163 1131 39 21 ord
222 1131 70 21 skulle
312 1131 101 28 tilläggas
433 1132 7 19 i
460 1132 18 27 $.
507 1131 45 20 Det
571 1130 67 21 borde
658 1129 109 28 nemligen
788 1112 69 45 enligt

109 1166 44 21 min
169 1166 57 28 åsigt
241 1166 60 21 heta:
317 1181 9 13 ,
330 1169 75 25 genast
419 1165 57 22 låta”
493 1172 20 14 o.
528 1172 16 14 s.
560 1172 20 15 v.

175 1200 59 21 Herr
249 1199 164 29 Furuhjelm,
433 1200 28 21 H.
476 1200 39 21 V.:
533 1200 12 20 I
563 1200 91 20 motsats
669 1200 45 20 mot
729 1198 26 21 de
770 1198 86 28 föregå-

109 1235 54 21 ende
182 1235 99 21 talarene
300 1234 70 22 skulle
382 1235 40 27 jag
437 1242 52 14 anse
505 1236 31 19 ett
551 1234 76 21 sådant
642 1233 86 28 tillägg,
744 1239 45 14 som
805 1232 51 21 herr

107 1276 43 14 von
163 1269 68 27 Born,
247 1269 21 21 J.
284 1269 33 27 A.,
333 1269 118 27 föreslagit,
467 1270 20 26 ej
503 1275 52 15 vara
568 1268 24 20 af
600 1268 78 20 nöden.
701 1267 43 21 Det
754 1268 24 19 är
788 1267 68 21 redan

109 1303 98 27 erkändt,
219 1304 58 21 såväl
291 1304 25 20 af
329 1303 105 21 utskottet
450 1310 45 14 som
511 1302 24 22 af
548 1302 63 21 desse
625 1302 76 26 talare,
716 1303 33 19 att
763 1301 93 27 denna
846 1297 15 38 8

108 1345 88 14 snarare
216 1338 122 21 innehåller
359 1345 26 14 en
408 1337 158 22 underrättelse
587 1339 28 19 än
636 1343 26 14 en
682 1335 98 22 bestämd
800 1335 56 21 före-

108 1373 70 21 skrift.
201 1371 51 22 Men
268 1373 27 21 då
310 1372 50 21 hela
374 1372 159 28 författningen
548 1371 65 28 utgår
626 1371 29 28 på
669 1369 187 28 inskränkningen

108 1407 23 21 af
150 1405 41 22 den
211 1408 43 19 rätt
273 1406 79 21 landbo
373 1413 79 13 annars
468 1406 68 27 enligt
551 1403 220 28 rättegångsordning
786 1404 70 20 skulle

109 1441 131 25 tillkomma,
257 1442 32 18 att
309 1439 88 21 oaktadt
417 1439 41 20 den
477 1439 67 20 första
563 1438 134 21 domstolens
712 1438 53 20 eller
781 1443 76 21 guver-

154 1479 52 24 Högl.
219 1479 52 18 Ridd.
285 1479 30 17 och
326 1479 64 17 Adelns
403 1478 66 17 Protok.
768 1477 22 16 36
