<?xml version="1.0" encoding="UTF-8"?>
<alto xmlns="http://www.loc.gov/standards/alto/ns-v3#" xmlns:xlink="http://www.w3.org/1999/xlink" xmlns:xsi="http://www.w3.org/2001/XMLSchema-instance" xsi:schemaLocation="http://www.loc.gov/standards/alto/ns-v3# http://www.loc.gov/alto/v3/alto-3-0.xsd">
	<Description>
		<MeasurementUnit>pixel</MeasurementUnit>
		<sourceImageInformation>
			<fileName>/tmp/tess_kpio301n_input.PNG</fileName>
		</sourceImageInformation>
		<OCRProcessing ID="OCR_0">
			<ocrProcessingStep>
				<processingSoftware>
					<softwareName>tesseract 5.3.4</softwareName>
				</processingSoftware>
			</ocrProcessingStep>
		</OCRProcessing>
	</Description>
	<Layout>
		<Page WIDTH="1086" HEIGHT="1773" PHYSICAL_IMG_NR="0" ID="page_0">
			<PrintSpace HPOS="0" VPOS="0" WIDTH="1086" HEIGHT="1773">
				<GraphicalElement ID="cblock_0" HPOS="31" VPOS="278" WIDTH="4" HEIGHT="588"></GraphicalElement >
				<GraphicalElement ID="cblock_1" HPOS="33" VPOS="1052" WIDTH="4" HEIGHT="301"></GraphicalElement >
				<ComposedBlock ID="cblock_2" HPOS="821" VPOS="126" WIDTH="24" HEIGHT="19">
					<TextBlock ID="block_0" HPOS="821" VPOS="126" WIDTH="24" HEIGHT="19">
						<TextLine ID="line_0" HPOS="821" VPOS="126" WIDTH="24" HEIGHT="19">
							<String ID="string_0" HPOS="821" VPOS="126" WIDTH="24" HEIGHT="19" WC="0.96" CONTENT="81"/>
						</TextLine>
					</TextBlock>
				</ComposedBlock>
				<ComposedBlock ID="cblock_3" HPOS="132" VPOS="189" WIDTH="744" HEIGHT="715">
					<TextBlock ID="block_1" HPOS="133" VPOS="189" WIDTH="742" HEIGHT="63">
						<TextLine ID="line_1" HPOS="133" VPOS="189" WIDTH="742" HEIGHT="30">
							<String ID="string_1" HPOS="133" VPOS="189" WIDTH="34" HEIGHT="22" WC="0.96" CONTENT="väl"/><SP WIDTH="16" VPOS="189" HPOS="167"/>
							<String ID="string_2" HPOS="183" VPOS="189" WIDTH="65" HEIGHT="22" WC="0.93" CONTENT="borde"/><SP WIDTH="15" VPOS="189" HPOS="248"/>
							<String ID="string_3" HPOS="263" VPOS="190" WIDTH="86" HEIGHT="28" WC="0.91" CONTENT="utbytas"/><SP WIDTH="15" VPOS="190" HPOS="349"/>
							<String ID="string_4" HPOS="364" VPOS="192" WIDTH="45" HEIGHT="19" WC="0.96" CONTENT="mot"/><SP WIDTH="14" VPOS="192" HPOS="409"/>
							<String ID="string_5" HPOS="423" VPOS="191" WIDTH="61" HEIGHT="20" WC="0.96" CONTENT="ordet"/><SP WIDTH="14" VPOS="191" HPOS="484"/>
							<String ID="string_6" HPOS="498" VPOS="191" WIDTH="119" HEIGHT="28" WC="0.96" CONTENT="kejserliga"/><SP WIDTH="15" VPOS="191" HPOS="617"/>
							<String ID="string_7" HPOS="632" VPOS="192" WIDTH="95" HEIGHT="25" WC="0.96" CONTENT="senaten,"/><SP WIDTH="16" VPOS="192" HPOS="727"/>
							<String ID="string_8" HPOS="743" VPOS="191" WIDTH="132" HEIGHT="21" WC="0.95" CONTENT="framställde"/>
						</TextLine>
						<TextLine ID="line_2" HPOS="133" VPOS="225" WIDTH="620" HEIGHT="27">
							<String ID="string_9" HPOS="133" VPOS="225" WIDTH="49" HEIGHT="20" WC="0.93" CONTENT="herr"/><SP WIDTH="15" VPOS="225" HPOS="182"/>
							<String ID="string_10" HPOS="197" VPOS="225" WIDTH="197" HEIGHT="20" WC="0.92" CONTENT="landtmarskalken"/><SP WIDTH="16" VPOS="225" HPOS="394"/>
							<String ID="string_11" HPOS="410" VPOS="225" WIDTH="72" HEIGHT="20" WC="0.96" CONTENT="vidare"/><SP WIDTH="16" VPOS="225" HPOS="482"/>
							<String ID="string_12" HPOS="498" VPOS="225" WIDTH="97" HEIGHT="27" WC="0.95" CONTENT="följande"/><SP WIDTH="15" VPOS="225" HPOS="595"/>
							<String ID="string_13" HPOS="610" VPOS="225" WIDTH="143" HEIGHT="27" WC="0.96" CONTENT="proposition:"/>
						</TextLine>
					</TextBlock>
					<TextBlock ID="block_2" HPOS="133" VPOS="259" WIDTH="742" HEIGHT="60">
						<TextLine ID="line_3" HPOS="199" VPOS="259" WIDTH="676" HEIGHT="28">
							<String ID="string_14" HPOS="199" VPOS="275" WIDTH="9" HEIGHT="10" WC="0.90" CONTENT="»"/><SP WIDTH="4" VPOS="275" HPOS="208"/>
							<String ID="string_15" HPOS="212" VPOS="259" WIDTH="46" HEIGHT="20" WC="0.96" CONTENT="Vill"/><SP WIDTH="20" VPOS="259" HPOS="258"/>
							<String ID="string_16" HPOS="278" VPOS="259" WIDTH="150" HEIGHT="27" WC="0.96" CONTENT="ridderskapet"/><SP WIDTH="16" VPOS="259" HPOS="428"/>
							<String ID="string_17" HPOS="444" VPOS="259" WIDTH="39" HEIGHT="20" WC="0.96" CONTENT="och"/><SP WIDTH="16" VPOS="259" HPOS="483"/>
							<String ID="string_18" HPOS="499" VPOS="259" WIDTH="62" HEIGHT="20" WC="0.96" CONTENT="adeln"/><SP WIDTH="16" VPOS="259" HPOS="561"/>
							<String ID="string_19" HPOS="577" VPOS="261" WIDTH="79" HEIGHT="26" WC="0.93" CONTENT="antaga"/><SP WIDTH="16" VPOS="261" HPOS="656"/>
							<String ID="string_20" HPOS="672" VPOS="259" WIDTH="68" HEIGHT="27" WC="0.91" CONTENT="öfrige"/><SP WIDTH="16" VPOS="259" HPOS="740"/>
							<String ID="string_21" HPOS="756" VPOS="261" WIDTH="119" HEIGHT="19" WC="0.91" CONTENT="momenter"/>
						</TextLine>
						<TextLine ID="line_4" HPOS="133" VPOS="293" WIDTH="291" HEIGHT="26">
							<String ID="string_22" HPOS="133" VPOS="293" WIDTH="24" HEIGHT="21" WC="0.96" CONTENT="af"/><SP WIDTH="13" VPOS="293" HPOS="157"/>
							<String ID="string_23" HPOS="170" VPOS="294" WIDTH="12" HEIGHT="20" WC="0.95" CONTENT="3"/><SP WIDTH="16" VPOS="294" HPOS="182"/>
							<String ID="string_24" HPOS="198" VPOS="293" WIDTH="11" HEIGHT="26" WC="0.90" CONTENT="&amp;"/><SP WIDTH="16" VPOS="293" HPOS="209"/>
							<String ID="string_25" HPOS="225" VPOS="293" WIDTH="31" HEIGHT="20" WC="0.95" CONTENT="uti"/><SP WIDTH="16" VPOS="293" HPOS="256"/>
							<String ID="string_26" HPOS="272" VPOS="293" WIDTH="152" HEIGHT="20" WC="0.96" CONTENT="betänkandet."/>
						</TextLine>
					</TextBlock>
					<TextBlock ID="block_3" HPOS="133" VPOS="327" WIDTH="742" HEIGHT="62">
						<TextLine ID="line_5" HPOS="200" VPOS="327" WIDTH="675" HEIGHT="28">
							<String ID="string_27" HPOS="200" VPOS="327" WIDTH="49" HEIGHT="20" WC="0.95" CONTENT="Den"/><SP WIDTH="25" VPOS="327" HPOS="249"/>
							<String ID="string_28" HPOS="274" VPOS="334" WIDTH="46" HEIGHT="14" WC="0.95" CONTENT="som"/><SP WIDTH="21" VPOS="334" HPOS="320"/>
							<String ID="string_29" HPOS="341" VPOS="327" WIDTH="38" HEIGHT="20" WC="0.95" CONTENT="vill"/><SP WIDTH="23" VPOS="327" HPOS="379"/>
							<String ID="string_30" HPOS="402" VPOS="329" WIDTH="78" HEIGHT="25" WC="0.95" CONTENT="antaga"/><SP WIDTH="22" VPOS="329" HPOS="480"/>
							<String ID="string_31" HPOS="502" VPOS="327" WIDTH="90" HEIGHT="21" WC="0.92" CONTENT="berörde"/><SP WIDTH="20" VPOS="327" HPOS="592"/>
							<String ID="string_32" HPOS="612" VPOS="329" WIDTH="120" HEIGHT="19" WC="0.92" CONTENT="momenter"/><SP WIDTH="20" VPOS="329" HPOS="732"/>
							<String ID="string_33" HPOS="752" VPOS="334" WIDTH="72" HEIGHT="14" WC="0.96" CONTENT="svarar"/><SP WIDTH="17" VPOS="334" HPOS="824"/>
							<String ID="string_34" HPOS="841" VPOS="329" WIDTH="34" HEIGHT="26" WC="0.96" CONTENT="ja;"/>
						</TextLine>
						<TextLine ID="line_6" HPOS="133" VPOS="361" WIDTH="357" HEIGHT="28">
							<String ID="string_35" HPOS="133" VPOS="361" WIDTH="41" HEIGHT="21" WC="0.96" CONTENT="den"/><SP WIDTH="16" VPOS="361" HPOS="174"/>
							<String ID="string_36" HPOS="190" VPOS="361" WIDTH="37" HEIGHT="21" WC="0.96" CONTENT="det"/><SP WIDTH="15" VPOS="361" HPOS="227"/>
							<String ID="string_37" HPOS="242" VPOS="361" WIDTH="48" HEIGHT="20" WC="0.96" CONTENT="icke"/><SP WIDTH="17" VPOS="361" HPOS="290"/>
							<String ID="string_38" HPOS="307" VPOS="361" WIDTH="36" HEIGHT="20" WC="0.96" CONTENT="vill"/><SP WIDTH="16" VPOS="361" HPOS="343"/>
							<String ID="string_39" HPOS="359" VPOS="368" WIDTH="73" HEIGHT="14" WC="0.96" CONTENT="svarar"/><SP WIDTH="15" VPOS="368" HPOS="432"/>
							<String ID="string_40" HPOS="447" VPOS="361" WIDTH="43" HEIGHT="28" WC="0.96" CONTENT="nej."/>
						</TextLine>
					</TextBlock>
					<TextBlock ID="block_4" HPOS="133" VPOS="395" WIDTH="741" HEIGHT="97">
						<TextLine ID="line_7" HPOS="200" VPOS="395" WIDTH="674" HEIGHT="28">
							<String ID="string_41" HPOS="200" VPOS="395" WIDTH="84" HEIGHT="21" WC="0.95" CONTENT="Vinner"/><SP WIDTH="20" VPOS="395" HPOS="284"/>
							<String ID="string_42" HPOS="304" VPOS="396" WIDTH="35" HEIGHT="26" WC="0.96" CONTENT="nej"/><SP WIDTH="22" VPOS="396" HPOS="339"/>
							<String ID="string_43" HPOS="361" VPOS="397" WIDTH="87" HEIGHT="26" WC="0.96" CONTENT="antages"/><SP WIDTH="21" VPOS="397" HPOS="448"/>
							<String ID="string_44" HPOS="469" VPOS="395" WIDTH="36" HEIGHT="20" WC="0.96" CONTENT="det"/><SP WIDTH="15" VPOS="395" HPOS="505"/>
							<String ID="string_45" HPOS="520" VPOS="395" WIDTH="23" HEIGHT="21" WC="0.96" CONTENT="af"/><SP WIDTH="12" VPOS="395" HPOS="543"/>
							<String ID="string_46" HPOS="555" VPOS="395" WIDTH="50" HEIGHT="21" WC="0.93" CONTENT="herr"/><SP WIDTH="16" VPOS="395" HPOS="605"/>
							<String ID="string_47" HPOS="621" VPOS="395" WIDTH="123" HEIGHT="22" WC="0.91" CONTENT="Grotenfelt"/><SP WIDTH="13" VPOS="395" HPOS="744"/>
							<String ID="string_48" HPOS="757" VPOS="396" WIDTH="7" HEIGHT="20" WC="0.96" CONTENT="i"/><SP WIDTH="16" VPOS="396" HPOS="764"/>
							<String ID="string_49" HPOS="780" VPOS="396" WIDTH="47" HEIGHT="20" WC="0.93" CONTENT="dess"/><SP WIDTH="15" VPOS="396" HPOS="827"/>
							<String ID="string_50" HPOS="842" VPOS="403" WIDTH="32" HEIGHT="14" WC="0.91" CONTENT="re-"/>
						</TextLine>
						<TextLine ID="line_8" HPOS="133" VPOS="429" WIDTH="741" HEIGHT="29">
							<String ID="string_51" HPOS="133" VPOS="430" WIDTH="107" HEIGHT="21" WC="0.91" CONTENT="servation"/><SP WIDTH="20" VPOS="430" HPOS="240"/>
							<String ID="string_52" HPOS="260" VPOS="429" WIDTH="123" HEIGHT="27" WC="0.93" CONTENT="föreslagna"/><SP WIDTH="20" VPOS="429" HPOS="383"/>
							<String ID="string_53" HPOS="403" VPOS="429" WIDTH="157" HEIGHT="27" WC="0.91" CONTENT="amendement,"/><SP WIDTH="17" VPOS="429" HPOS="560"/>
							<String ID="string_54" HPOS="577" VPOS="431" WIDTH="31" HEIGHT="19" WC="0.93" CONTENT="att"/><SP WIDTH="9" VPOS="431" HPOS="608"/>
							<String ID="string_55" HPOS="617" VPOS="430" WIDTH="170" HEIGHT="28" WC="0.92" CONTENT="inregistrering"/><SP WIDTH="15" VPOS="430" HPOS="787"/>
							<String ID="string_56" HPOS="802" VPOS="430" WIDTH="23" HEIGHT="21" WC="0.93" CONTENT="af"/><SP WIDTH="12" VPOS="430" HPOS="825"/>
							<String ID="string_57" HPOS="837" VPOS="430" WIDTH="37" HEIGHT="21" WC="0.92" CONTENT="bo-"/>
						</TextLine>
						<TextLine ID="line_9" HPOS="133" VPOS="463" WIDTH="741" HEIGHT="29">
							<String ID="string_58" HPOS="133" VPOS="464" WIDTH="140" HEIGHT="28" WC="0.91" CONTENT="lagsordning"/><SP WIDTH="18" VPOS="464" HPOS="273"/>
							<String ID="string_59" HPOS="291" VPOS="463" WIDTH="38" HEIGHT="21" WC="0.96" CONTENT="bör"/><SP WIDTH="16" VPOS="463" HPOS="329"/>
							<String ID="string_60" HPOS="345" VPOS="463" WIDTH="37" HEIGHT="21" WC="0.96" CONTENT="ske"/><SP WIDTH="16" VPOS="463" HPOS="382"/>
							<String ID="string_61" HPOS="398" VPOS="464" WIDTH="31" HEIGHT="20" WC="0.93" CONTENT="uti"/><SP WIDTH="16" VPOS="464" HPOS="429"/>
							<String ID="string_62" HPOS="445" VPOS="463" WIDTH="151" HEIGHT="28" WC="0.92" CONTENT="magistratens"/><SP WIDTH="15" VPOS="463" HPOS="596"/>
							<String ID="string_63" HPOS="611" VPOS="464" WIDTH="263" HEIGHT="27" WC="0.29" CONTENT="inteckningsprotokoll.*"/>
						</TextLine>
					</TextBlock>
					<TextBlock ID="block_5" HPOS="133" VPOS="497" WIDTH="741" HEIGHT="62">
						<TextLine ID="line_10" HPOS="199" VPOS="497" WIDTH="675" HEIGHT="29">
							<String ID="string_64" HPOS="199" VPOS="498" WIDTH="11" HEIGHT="21" WC="0.96" CONTENT="I"/><SP WIDTH="14" VPOS="498" HPOS="210"/>
							<String ID="string_65" HPOS="224" VPOS="497" WIDTH="107" HEIGHT="22" WC="0.96" CONTENT="hvardera"/><SP WIDTH="15" VPOS="497" HPOS="331"/>
							<String ID="string_66" HPOS="346" VPOS="498" WIDTH="62" HEIGHT="21" WC="0.95" CONTENT="fallet"/><SP WIDTH="15" VPOS="498" HPOS="408"/>
							<String ID="string_67" HPOS="423" VPOS="498" WIDTH="85" HEIGHT="27" WC="0.96" CONTENT="utbytes"/><SP WIDTH="15" VPOS="498" HPOS="508"/>
							<String ID="string_68" HPOS="523" VPOS="499" WIDTH="118" HEIGHT="26" WC="0.92" CONTENT="uttrycket:"/><SP WIDTH="16" VPOS="499" HPOS="641"/>
							<String ID="string_69" HPOS="657" VPOS="498" WIDTH="108" HEIGHT="27" WC="0.91" CONTENT=",bemälde"/><SP WIDTH="11" VPOS="498" HPOS="765"/>
							<String ID="string_70" HPOS="776" VPOS="499" WIDTH="98" HEIGHT="27" WC="0.92" CONTENT="departe-"/>
						</TextLine>
						<TextLine ID="line_11" HPOS="133" VPOS="532" WIDTH="365" HEIGHT="27">
							<String ID="string_71" HPOS="133" VPOS="535" WIDTH="69" HEIGHT="18" WC="0.82" CONTENT="ment&quot;"/><SP WIDTH="16" VPOS="535" HPOS="202"/>
							<String ID="string_72" HPOS="218" VPOS="533" WIDTH="58" HEIGHT="20" WC="0.96" CONTENT="emot"/><SP WIDTH="16" VPOS="533" HPOS="276"/>
							<String ID="string_73" HPOS="292" VPOS="532" WIDTH="70" HEIGHT="21" WC="0.92" CONTENT="ordet:"/><SP WIDTH="16" VPOS="532" HPOS="362"/>
							<String ID="string_74" HPOS="378" VPOS="534" WIDTH="120" HEIGHT="25" WC="0.64" CONTENT=",senaten.*"/>
						</TextLine>
					</TextBlock>
					<TextBlock ID="block_6" HPOS="133" VPOS="566" WIDTH="741" HEIGHT="90">
						<TextLine ID="line_12" HPOS="197" VPOS="566" WIDTH="677" HEIGHT="29">
							<String ID="string_75" HPOS="197" VPOS="567" WIDTH="45" HEIGHT="20" WC="0.93" CONTENT="Vid"/><SP WIDTH="21" VPOS="567" HPOS="242"/>
							<String ID="string_76" HPOS="263" VPOS="566" WIDTH="141" HEIGHT="22" WC="0.90" CONTENT="besvarandet"/><SP WIDTH="20" VPOS="566" HPOS="404"/>
							<String ID="string_77" HPOS="424" VPOS="567" WIDTH="24" HEIGHT="21" WC="0.96" CONTENT="af"/><SP WIDTH="18" VPOS="567" HPOS="448"/>
							<String ID="string_78" HPOS="466" VPOS="567" WIDTH="70" HEIGHT="21" WC="0.96" CONTENT="denna"/><SP WIDTH="19" VPOS="567" HPOS="536"/>
							<String ID="string_79" HPOS="555" VPOS="567" WIDTH="134" HEIGHT="28" WC="0.93" CONTENT="proposition"/><SP WIDTH="20" VPOS="567" HPOS="689"/>
							<String ID="string_80" HPOS="709" VPOS="567" WIDTH="123" HEIGHT="28" WC="0.92" CONTENT="förspordes"/><SP WIDTH="18" VPOS="567" HPOS="832"/>
							<String ID="string_81" HPOS="850" VPOS="568" WIDTH="24" HEIGHT="27" WC="0.96" CONTENT="ja"/>
						</TextLine>
						<TextLine ID="line_13" HPOS="133" VPOS="601" WIDTH="741" HEIGHT="28">
							<String ID="string_82" HPOS="133" VPOS="601" WIDTH="39" HEIGHT="21" WC="0.96" CONTENT="och"/><SP WIDTH="16" VPOS="601" HPOS="172"/>
							<String ID="string_83" HPOS="188" VPOS="602" WIDTH="35" HEIGHT="27" WC="0.96" CONTENT="nej"/><SP WIDTH="18" VPOS="602" HPOS="223"/>
							<String ID="string_84" HPOS="241" VPOS="608" WIDTH="33" HEIGHT="13" WC="0.93" CONTENT="om"/><SP WIDTH="16" VPOS="608" HPOS="274"/>
							<String ID="string_85" HPOS="290" VPOS="601" WIDTH="62" HEIGHT="21" WC="0.91" CONTENT="hvart"/><SP WIDTH="15" VPOS="601" HPOS="352"/>
							<String ID="string_86" HPOS="367" VPOS="602" WIDTH="72" HEIGHT="25" WC="0.93" CONTENT="annat,"/><SP WIDTH="15" VPOS="602" HPOS="439"/>
							<String ID="string_87" HPOS="454" VPOS="601" WIDTH="100" HEIGHT="21" WC="0.92" CONTENT="hvarföre"/><SP WIDTH="16" VPOS="601" HPOS="554"/>
							<String ID="string_88" HPOS="570" VPOS="601" WIDTH="75" HEIGHT="21" WC="0.93" CONTENT="skreds"/><SP WIDTH="16" VPOS="601" HPOS="645"/>
							<String ID="string_89" HPOS="661" VPOS="602" WIDTH="32" HEIGHT="20" WC="0.96" CONTENT="till"/><SP WIDTH="14" VPOS="602" HPOS="693"/>
							<String ID="string_90" HPOS="707" VPOS="602" WIDTH="106" HEIGHT="27" WC="0.96" CONTENT="votering,"/><SP WIDTH="16" VPOS="602" HPOS="813"/>
							<String ID="string_91" HPOS="829" VPOS="609" WIDTH="45" HEIGHT="14" WC="0.96" CONTENT="som"/>
						</TextLine>
						<TextLine ID="line_14" HPOS="133" VPOS="636" WIDTH="62" HEIGHT="20">
							<String ID="string_92" HPOS="133" VPOS="636" WIDTH="62" HEIGHT="20" WC="0.96" CONTENT="utföll"/>
						</TextLine>
					</TextBlock>
					<TextBlock ID="block_7" HPOS="291" VPOS="669" WIDTH="423" HEIGHT="96">
						<TextLine ID="line_15" HPOS="293" VPOS="669" WIDTH="421" HEIGHT="30">
							<String ID="string_93" HPOS="293" VPOS="670" WIDTH="7" HEIGHT="20" WC="0.93" CONTENT="i"/><SP WIDTH="16" VPOS="670" HPOS="300"/>
							<String ID="string_94" HPOS="316" VPOS="669" WIDTH="56" HEIGHT="28" WC="0.91" CONTENT="3:dje"/><SP WIDTH="16" VPOS="669" HPOS="372"/>
							<String ID="string_95" HPOS="388" VPOS="670" WIDTH="28" HEIGHT="20" WC="0.96" CONTENT="kl."/><SP WIDTH="16" VPOS="670" HPOS="416"/>
							<String ID="string_96" HPOS="432" VPOS="670" WIDTH="50" HEIGHT="21" WC="0.96" CONTENT="med"/><SP WIDTH="16" VPOS="670" HPOS="482"/>
							<String ID="string_97" HPOS="498" VPOS="671" WIDTH="25" HEIGHT="20" WC="0.95" CONTENT="13"/><SP WIDTH="10" VPOS="671" HPOS="523"/>
							<String ID="string_98" HPOS="533" VPOS="671" WIDTH="28" HEIGHT="28" WC="0.95" CONTENT="ja"/><SP WIDTH="16" VPOS="671" HPOS="561"/>
							<String ID="string_99" HPOS="577" VPOS="670" WIDTH="38" HEIGHT="21" WC="0.95" CONTENT="och"/><SP WIDTH="18" VPOS="670" HPOS="615"/>
							<String ID="string_100" HPOS="633" VPOS="671" WIDTH="26" HEIGHT="20" WC="0.96" CONTENT="14"/><SP WIDTH="14" VPOS="671" HPOS="659"/>
							<String ID="string_101" HPOS="673" VPOS="672" WIDTH="41" HEIGHT="27" WC="0.94" CONTENT="nej,"/>
						</TextLine>
						<TextLine ID="line_16" HPOS="291" VPOS="704" WIDTH="407" HEIGHT="27">
							<String ID="string_102" HPOS="291" VPOS="721" WIDTH="9" HEIGHT="9" WC="0.86" CONTENT="n"/><SP WIDTH="17" VPOS="721" HPOS="300"/>
							<String ID="string_103" HPOS="317" VPOS="704" WIDTH="58" HEIGHT="21" WC="0.31" CONTENT="2:dra"/><SP WIDTH="27" VPOS="704" HPOS="375"/>
							<String ID="string_104" HPOS="402" VPOS="720" WIDTH="4" HEIGHT="10" WC="0.54" CONTENT="»"/><SP WIDTH="46" VPOS="720" HPOS="406"/>
							<String ID="string_105" HPOS="452" VPOS="721" WIDTH="9" HEIGHT="9" WC="0.74" CONTENT="»"/><SP WIDTH="49" VPOS="721" HPOS="461"/>
							<String ID="string_106" HPOS="510" VPOS="706" WIDTH="46" HEIGHT="25" WC="0.52" CONTENT="Bn"/><SP WIDTH="38" VPOS="706" HPOS="556"/>
							<String ID="string_107" HPOS="594" VPOS="720" WIDTH="9" HEIGHT="11" WC="0.74" CONTENT="n"/><SP WIDTH="45" VPOS="720" HPOS="603"/>
							<String ID="string_108" HPOS="648" VPOS="705" WIDTH="50" HEIGHT="26" WC="0.48" CONTENT="Tn"/>
						</TextLine>
						<TextLine ID="line_17" HPOS="291" VPOS="740" WIDTH="408" HEIGHT="25">
							<String ID="string_109" HPOS="291" VPOS="755" WIDTH="9" HEIGHT="9" WC="0.46" CONTENT="n"/><SP WIDTH="18" VPOS="755" HPOS="300"/>
							<String ID="string_110" HPOS="318" VPOS="740" WIDTH="53" HEIGHT="19" WC="0.43" CONTENT="dB"/><SP WIDTH="28" VPOS="740" HPOS="371"/>
							<String ID="string_111" HPOS="399" VPOS="754" WIDTH="8" HEIGHT="10" WC="0.70" CONTENT="n"/><SP WIDTH="21" VPOS="754" HPOS="407"/>
							<String ID="string_112" HPOS="428" VPOS="736" WIDTH="11" HEIGHT="32" WC="0.36" CONTENT="="/><SP WIDTH="13" VPOS="736" HPOS="439"/>
							<String ID="string_113" HPOS="452" VPOS="755" WIDTH="9" HEIGHT="9" WC="0.43" CONTENT="m"/><SP WIDTH="49" VPOS="755" HPOS="461"/>
							<String ID="string_114" HPOS="510" VPOS="740" WIDTH="13" HEIGHT="20" WC="0.60" CONTENT="D"/><SP WIDTH="25" VPOS="740" HPOS="523"/>
							<String ID="string_115" HPOS="548" VPOS="756" WIDTH="9" HEIGHT="9" WC="0.58" CONTENT="a"/><SP WIDTH="38" VPOS="756" HPOS="557"/>
							<String ID="string_116" HPOS="595" VPOS="755" WIDTH="8" HEIGHT="10" WC="0.43" CONTENT="3"/><SP WIDTH="33" VPOS="755" HPOS="603"/>
							<String ID="string_117" HPOS="636" VPOS="740" WIDTH="22" HEIGHT="19" WC="0.40" CONTENT="IL"/><SP WIDTH="33" VPOS="740" HPOS="658"/>
							<String ID="string_118" HPOS="691" VPOS="756" WIDTH="8" HEIGHT="9" WC="0.75" CONTENT="4"/>
						</TextLine>
					</TextBlock>
					<TextBlock ID="block_8" HPOS="132" VPOS="772" WIDTH="744" HEIGHT="132">
						<TextLine ID="line_18" HPOS="200" VPOS="772" WIDTH="676" HEIGHT="28">
							<String ID="string_119" HPOS="200" VPOS="772" WIDTH="10" HEIGHT="21" WC="0.96" CONTENT="I"/><SP WIDTH="19" VPOS="772" HPOS="210"/>
							<String ID="string_120" HPOS="229" VPOS="772" WIDTH="55" HEIGHT="28" WC="0.90" CONTENT="följd"/><SP WIDTH="19" VPOS="772" HPOS="284"/>
							<String ID="string_121" HPOS="303" VPOS="773" WIDTH="23" HEIGHT="20" WC="0.93" CONTENT="af"/><SP WIDTH="13" VPOS="773" HPOS="326"/>
							<String ID="string_122" HPOS="339" VPOS="772" WIDTH="173" HEIGHT="28" WC="0.91" CONTENT="omröstningens"/><SP WIDTH="16" VPOS="772" HPOS="512"/>
							<String ID="string_123" HPOS="528" VPOS="774" WIDTH="81" HEIGHT="26" WC="0.96" CONTENT="utgång"/><SP WIDTH="16" VPOS="774" HPOS="609"/>
							<String ID="string_124" HPOS="625" VPOS="772" WIDTH="85" HEIGHT="22" WC="0.96" CONTENT="komme"/><SP WIDTH="15" VPOS="772" HPOS="710"/>
							<String ID="string_125" HPOS="725" VPOS="773" WIDTH="63" HEIGHT="21" WC="0.96" CONTENT="alltså"/><SP WIDTH="15" VPOS="773" HPOS="788"/>
							<String ID="string_126" HPOS="803" VPOS="772" WIDTH="35" HEIGHT="22" WC="0.97" CONTENT="det"/><SP WIDTH="15" VPOS="772" HPOS="838"/>
							<String ID="string_127" HPOS="853" VPOS="773" WIDTH="23" HEIGHT="21" WC="0.97" CONTENT="af"/>
						</TextLine>
						<TextLine ID="line_19" HPOS="133" VPOS="805" WIDTH="742" HEIGHT="30">
							<String ID="string_128" HPOS="133" VPOS="808" WIDTH="49" HEIGHT="20" WC="0.90" CONTENT="herr"/><SP WIDTH="16" VPOS="808" HPOS="182"/>
							<String ID="string_129" HPOS="198" VPOS="807" WIDTH="122" HEIGHT="21" WC="0.96" CONTENT="Grotenfelt"/><SP WIDTH="13" VPOS="807" HPOS="320"/>
							<String ID="string_130" HPOS="333" VPOS="807" WIDTH="6" HEIGHT="21" WC="0.93" CONTENT="i"/><SP WIDTH="12" VPOS="807" HPOS="339"/>
							<String ID="string_131" HPOS="351" VPOS="806" WIDTH="74" HEIGHT="22" WC="0.93" CONTENT="anförd"/><SP WIDTH="11" VPOS="806" HPOS="425"/>
							<String ID="string_132" HPOS="436" VPOS="807" WIDTH="66" HEIGHT="21" WC="0.92" CONTENT="mätto"/><SP WIDTH="12" VPOS="807" HPOS="502"/>
							<String ID="string_133" HPOS="514" VPOS="807" WIDTH="31" HEIGHT="21" WC="0.92" CONTENT="till"/><SP WIDTH="10" VPOS="807" HPOS="545"/>
							<String ID="string_134" HPOS="555" VPOS="805" WIDTH="164" HEIGHT="29" WC="0.90" CONTENT="ifrägavarande"/><SP WIDTH="11" VPOS="805" HPOS="719"/>
							<String ID="string_135" HPOS="730" VPOS="808" WIDTH="11" HEIGHT="27" WC="0.91" CONTENT="$"/><SP WIDTH="11" VPOS="808" HPOS="741"/>
							<String ID="string_136" HPOS="752" VPOS="807" WIDTH="123" HEIGHT="27" WC="0.96" CONTENT="föreslagna"/>
						</TextLine>
						<TextLine ID="line_20" HPOS="132" VPOS="842" WIDTH="742" HEIGHT="28">
							<String ID="string_137" HPOS="132" VPOS="842" WIDTH="152" HEIGHT="21" WC="0.92" CONTENT="amendement"/><SP WIDTH="14" VPOS="842" HPOS="284"/>
							<String ID="string_138" HPOS="298" VPOS="844" WIDTH="31" HEIGHT="18" WC="0.93" CONTENT="att"/><SP WIDTH="16" VPOS="844" HPOS="329"/>
							<String ID="string_139" HPOS="345" VPOS="842" WIDTH="45" HEIGHT="21" WC="0.93" CONTENT="deri"/><SP WIDTH="15" VPOS="842" HPOS="390"/>
							<String ID="string_140" HPOS="405" VPOS="842" WIDTH="87" HEIGHT="26" WC="0.93" CONTENT="införas,"/><SP WIDTH="10" VPOS="842" HPOS="492"/>
							<String ID="string_141" HPOS="502" VPOS="842" WIDTH="68" HEIGHT="28" WC="0.96" CONTENT="jemte"/><SP WIDTH="17" VPOS="842" HPOS="570"/>
							<String ID="string_142" HPOS="587" VPOS="842" WIDTH="36" HEIGHT="20" WC="0.93" CONTENT="det"/><SP WIDTH="11" VPOS="842" HPOS="623"/>
							<String ID="string_143" HPOS="634" VPOS="842" WIDTH="118" HEIGHT="27" WC="0.91" CONTENT="uttrycket:"/><SP WIDTH="13" VPOS="842" HPOS="752"/>
							<String ID="string_144" HPOS="765" VPOS="842" WIDTH="109" HEIGHT="26" WC="0.83" CONTENT=",bemälde"/>
						</TextLine>
						<TextLine ID="line_21" HPOS="133" VPOS="876" WIDTH="641" HEIGHT="28">
							<String ID="string_145" HPOS="133" VPOS="877" WIDTH="158" HEIGHT="27" WC="0.85" CONTENT="departement&quot;"/><SP WIDTH="17" VPOS="877" HPOS="291"/>
							<String ID="string_146" HPOS="308" VPOS="876" WIDTH="68" HEIGHT="21" WC="0.93" CONTENT="skulle"/><SP WIDTH="15" VPOS="876" HPOS="376"/>
							<String ID="string_147" HPOS="391" VPOS="876" WIDTH="86" HEIGHT="28" WC="0.92" CONTENT="utbytas"/><SP WIDTH="17" VPOS="876" HPOS="477"/>
							<String ID="string_148" HPOS="494" VPOS="878" WIDTH="56" HEIGHT="19" WC="0.93" CONTENT="emot"/><SP WIDTH="15" VPOS="878" HPOS="550"/>
							<String ID="string_149" HPOS="565" VPOS="876" WIDTH="71" HEIGHT="21" WC="0.96" CONTENT="ordet:"/><SP WIDTH="18" VPOS="876" HPOS="636"/>
							<String ID="string_150" HPOS="654" VPOS="878" WIDTH="120" HEIGHT="24" WC="0.90" CONTENT=",senaten.*"/>
						</TextLine>
					</TextBlock>
				</ComposedBlock>
				<ComposedBlock ID="cblock_4" HPOS="200" VPOS="929" WIDTH="504" HEIGHT="210">
					<TextBlock ID="block_9" HPOS="200" VPOS="929" WIDTH="504" HEIGHT="210">
						<TextLine ID="line_22" HPOS="482" VPOS="929" WIDTH="45" HEIGHT="27">
							<String ID="string_151" HPOS="482" VPOS="929" WIDTH="11" HEIGHT="27" WC="0.82" CONTENT="8"/><SP WIDTH="16" VPOS="929" HPOS="493"/>
							<String ID="string_152" HPOS="509" VPOS="930" WIDTH="18" HEIGHT="19" WC="0.82" CONTENT="4."/>
						</TextLine>
						<TextLine ID="line_23" HPOS="200" VPOS="968" WIDTH="482" HEIGHT="28">
							<String ID="string_153" HPOS="200" VPOS="968" WIDTH="76" HEIGHT="21" WC="0.92" CONTENT="Denna"/><SP WIDTH="17" VPOS="968" HPOS="276"/>
							<String ID="string_154" HPOS="293" VPOS="969" WIDTH="11" HEIGHT="25" WC="0.76" CONTENT="&amp;"/><SP WIDTH="15" VPOS="969" HPOS="304"/>
							<String ID="string_155" HPOS="319" VPOS="971" WIDTH="77" HEIGHT="25" WC="0.96" CONTENT="antogs"/><SP WIDTH="15" VPOS="971" HPOS="396"/>
							<String ID="string_156" HPOS="411" VPOS="969" WIDTH="23" HEIGHT="20" WC="0.93" CONTENT="af"/><SP WIDTH="14" VPOS="969" HPOS="434"/>
							<String ID="string_157" HPOS="448" VPOS="969" WIDTH="85" HEIGHT="20" WC="0.96" CONTENT="ståndet"/><SP WIDTH="14" VPOS="969" HPOS="533"/>
							<String ID="string_158" HPOS="547" VPOS="969" WIDTH="135" HEIGHT="20" WC="0.96" CONTENT="oförändrad."/>
						</TextLine>
						<TextLine ID="line_24" HPOS="238" VPOS="1015" WIDTH="288" HEIGHT="32">
							<String ID="string_159" HPOS="238" VPOS="1015" WIDTH="3" HEIGHT="1" WC="0.14" CONTENT="i"/><SP WIDTH="240" VPOS="1015" HPOS="241"/>
							<String ID="string_160" HPOS="481" VPOS="1021" WIDTH="11" HEIGHT="26" WC="0.79" CONTENT="$"/><SP WIDTH="16" VPOS="1021" HPOS="492"/>
							<String ID="string_161" HPOS="508" VPOS="1021" WIDTH="18" HEIGHT="20" WC="0.95" CONTENT="5."/>
						</TextLine>
						<TextLine ID="line_25" HPOS="204" VPOS="1059" WIDTH="500" HEIGHT="29">
							<String ID="string_162" HPOS="204" VPOS="1060" WIDTH="81" HEIGHT="27" WC="0.90" CONTENT="Antogs"/><SP WIDTH="17" VPOS="1060" HPOS="285"/>
							<String ID="string_163" HPOS="302" VPOS="1059" WIDTH="102" HEIGHT="22" WC="0.96" CONTENT="likaledes"/><SP WIDTH="17" VPOS="1059" HPOS="404"/>
							<String ID="string_164" HPOS="421" VPOS="1062" WIDTH="50" HEIGHT="19" WC="0.96" CONTENT="utan"/><SP WIDTH="17" VPOS="1062" HPOS="471"/>
							<String ID="string_165" HPOS="488" VPOS="1061" WIDTH="70" HEIGHT="27" WC="0.95" CONTENT="någon"/><SP WIDTH="15" VPOS="1061" HPOS="558"/>
							<String ID="string_166" HPOS="573" VPOS="1061" WIDTH="131" HEIGHT="27" WC="0.96" CONTENT="förändring."/>
						</TextLine>
						<TextLine ID="line_26" HPOS="481" VPOS="1112" WIDTH="45" HEIGHT="27">
							<String ID="string_167" HPOS="481" VPOS="1112" WIDTH="11" HEIGHT="27" WC="0.93" CONTENT="8"/><SP WIDTH="16" VPOS="1112" HPOS="492"/>
							<String ID="string_168" HPOS="508" VPOS="1113" WIDTH="18" HEIGHT="19" WC="0.93" CONTENT="6."/>
						</TextLine>
					</TextBlock>
				</ComposedBlock>
				<ComposedBlock ID="cblock_5" HPOS="133" VPOS="1151" WIDTH="744" HEIGHT="334">
					<TextBlock ID="block_10" HPOS="133" VPOS="1151" WIDTH="742" HEIGHT="63">
						<TextLine ID="line_27" HPOS="201" VPOS="1151" WIDTH="674" HEIGHT="29">
							<String ID="string_169" HPOS="201" VPOS="1151" WIDTH="11" HEIGHT="21" WC="0.96" CONTENT="I"/><SP WIDTH="15" VPOS="1151" HPOS="212"/>
							<String ID="string_170" HPOS="227" VPOS="1151" WIDTH="116" HEIGHT="28" WC="0.96" CONTENT="anledning"/><SP WIDTH="16" VPOS="1151" HPOS="343"/>
							<String ID="string_171" HPOS="359" VPOS="1152" WIDTH="23" HEIGHT="20" WC="0.97" CONTENT="af"/><SP WIDTH="13" VPOS="1152" HPOS="382"/>
							<String ID="string_172" HPOS="395" VPOS="1152" WIDTH="26" HEIGHT="21" WC="0.93" CONTENT="de"/><SP WIDTH="16" VPOS="1152" HPOS="421"/>
							<String ID="string_173" HPOS="437" VPOS="1152" WIDTH="136" HEIGHT="21" WC="0.93" CONTENT="föreskrifter"/><SP WIDTH="13" VPOS="1152" HPOS="573"/>
							<String ID="string_174" HPOS="586" VPOS="1153" WIDTH="129" HEIGHT="20" WC="0.92" CONTENT="sistberörde"/><SP WIDTH="11" VPOS="1153" HPOS="715"/>
							<String ID="string_175" HPOS="726" VPOS="1153" WIDTH="11" HEIGHT="27" WC="0.93" CONTENT="$"/><SP WIDTH="11" VPOS="1153" HPOS="737"/>
							<String ID="string_176" HPOS="748" VPOS="1153" WIDTH="127" HEIGHT="26" WC="0.96" CONTENT="innehåller,"/>
						</TextLine>
						<TextLine ID="line_28" HPOS="133" VPOS="1186" WIDTH="133" HEIGHT="28">
							<String ID="string_177" HPOS="133" VPOS="1186" WIDTH="84" HEIGHT="27" WC="0.96" CONTENT="yttrade"/><SP WIDTH="17" VPOS="1186" HPOS="217"/>
							<String ID="string_178" HPOS="234" VPOS="1187" WIDTH="32" HEIGHT="27" WC="0.96" CONTENT="sig"/>
						</TextLine>
					</TextBlock>
					<TextBlock ID="block_11" HPOS="134" VPOS="1220" WIDTH="743" HEIGHT="231">
						<TextLine ID="line_29" HPOS="203" VPOS="1220" WIDTH="672" HEIGHT="29">
							<String ID="string_179" HPOS="203" VPOS="1221" WIDTH="55" HEIGHT="20" WC="0.96" CONTENT="Herr"/><SP WIDTH="21" VPOS="1221" HPOS="258"/>
							<String ID="string_180" HPOS="279" VPOS="1227" WIDTH="41" HEIGHT="14" WC="0.96" CONTENT="von"/><SP WIDTH="19" VPOS="1227" HPOS="320"/>
							<String ID="string_181" HPOS="339" VPOS="1220" WIDTH="83" HEIGHT="26" WC="0.93" CONTENT="Born,"/><SP WIDTH="22" VPOS="1220" HPOS="422"/>
							<String ID="string_182" HPOS="444" VPOS="1221" WIDTH="19" HEIGHT="20" WC="0.90" CONTENT="J."/><SP WIDTH="19" VPOS="1221" HPOS="463"/>
							<String ID="string_183" HPOS="482" VPOS="1221" WIDTH="36" HEIGHT="20" WC="0.92" CONTENT="A.:"/><SP WIDTH="18" VPOS="1221" HPOS="518"/>
							<String ID="string_184" HPOS="536" VPOS="1221" WIDTH="38" HEIGHT="20" WC="0.96" CONTENT="Uti"/><SP WIDTH="21" VPOS="1221" HPOS="574"/>
							<String ID="string_185" HPOS="595" VPOS="1221" WIDTH="70" HEIGHT="20" WC="0.93" CONTENT="denna"/><SP WIDTH="20" VPOS="1221" HPOS="665"/>
							<String ID="string_186" HPOS="685" VPOS="1222" WIDTH="11" HEIGHT="26" WC="0.90" CONTENT="$"/><SP WIDTH="19" VPOS="1222" HPOS="696"/>
							<String ID="string_187" HPOS="715" VPOS="1227" WIDTH="62" HEIGHT="15" WC="0.96" CONTENT="anser"/><SP WIDTH="13" VPOS="1227" HPOS="777"/>
							<String ID="string_188" HPOS="790" VPOS="1221" WIDTH="39" HEIGHT="28" WC="0.96" CONTENT="jag"/><SP WIDTH="15" VPOS="1221" HPOS="829"/>
							<String ID="string_189" HPOS="844" VPOS="1222" WIDTH="31" HEIGHT="19" WC="0.95" CONTENT="ett"/>
						</TextLine>
						<TextLine ID="line_30" HPOS="134" VPOS="1254" WIDTH="741" HEIGHT="28">
							<String ID="string_190" HPOS="134" VPOS="1255" WIDTH="78" HEIGHT="26" WC="0.96" CONTENT="tillägg"/><SP WIDTH="14" VPOS="1255" HPOS="212"/>
							<String ID="string_191" HPOS="226" VPOS="1254" WIDTH="24" HEIGHT="20" WC="0.96" CONTENT="af"/><SP WIDTH="12" VPOS="1254" HPOS="250"/>
							<String ID="string_192" HPOS="262" VPOS="1254" WIDTH="77" HEIGHT="21" WC="0.94" CONTENT="nöden."/><SP WIDTH="25" VPOS="1254" HPOS="339"/>
							<String ID="string_193" HPOS="364" VPOS="1254" WIDTH="46" HEIGHT="20" WC="0.92" CONTENT="Här"/><SP WIDTH="16" VPOS="1254" HPOS="410"/>
							<String ID="string_194" HPOS="426" VPOS="1256" WIDTH="23" HEIGHT="18" WC="0.95" CONTENT="är"/><SP WIDTH="15" VPOS="1256" HPOS="449"/>
							<String ID="string_195" HPOS="464" VPOS="1255" WIDTH="126" HEIGHT="27" WC="0.96" CONTENT="visserligen"/><SP WIDTH="16" VPOS="1255" HPOS="590"/>
							<String ID="string_196" HPOS="606" VPOS="1255" WIDTH="70" HEIGHT="20" WC="0.96" CONTENT="såsom"/><SP WIDTH="10" VPOS="1255" HPOS="676"/>
							<String ID="string_197" HPOS="686" VPOS="1255" WIDTH="83" HEIGHT="27" WC="0.96" CONTENT="princip"/><SP WIDTH="11" VPOS="1255" HPOS="769"/>
							<String ID="string_198" HPOS="780" VPOS="1257" WIDTH="95" HEIGHT="25" WC="0.96" CONTENT="antaget,"/>
						</TextLine>
						<TextLine ID="line_31" HPOS="135" VPOS="1288" WIDTH="741" HEIGHT="28">
							<String ID="string_199" HPOS="135" VPOS="1290" WIDTH="31" HEIGHT="18" WC="0.96" CONTENT="att"/><SP WIDTH="15" VPOS="1290" HPOS="166"/>
							<String ID="string_200" HPOS="181" VPOS="1288" WIDTH="25" HEIGHT="21" WC="0.96" CONTENT="de"/><SP WIDTH="16" VPOS="1288" HPOS="206"/>
							<String ID="string_201" HPOS="222" VPOS="1288" WIDTH="138" HEIGHT="21" WC="0.95" CONTENT="medlemmar"/><SP WIDTH="15" VPOS="1288" HPOS="360"/>
							<String ID="string_202" HPOS="375" VPOS="1288" WIDTH="23" HEIGHT="21" WC="0.96" CONTENT="af"/><SP WIDTH="13" VPOS="1288" HPOS="398"/>
							<String ID="string_203" HPOS="411" VPOS="1289" WIDTH="106" HEIGHT="27" WC="0.96" CONTENT="styrelsen"/><SP WIDTH="12" VPOS="1289" HPOS="517"/>
							<String ID="string_204" HPOS="529" VPOS="1289" WIDTH="52" HEIGHT="20" WC="0.96" CONTENT="eller"/><SP WIDTH="12" VPOS="1289" HPOS="581"/>
							<String ID="string_205" HPOS="593" VPOS="1289" WIDTH="93" HEIGHT="27" WC="0.96" CONTENT="bolaget,"/><SP WIDTH="13" VPOS="1289" HPOS="686"/>
							<String ID="string_206" HPOS="699" VPOS="1289" WIDTH="73" HEIGHT="20" WC="0.96" CONTENT="hvilka"/><SP WIDTH="14" VPOS="1289" HPOS="772"/>
							<String ID="string_207" HPOS="786" VPOS="1289" WIDTH="90" HEIGHT="26" WC="0.96" CONTENT="deltagit"/>
						</TextLine>
						<TextLine ID="line_32" HPOS="136" VPOS="1322" WIDTH="739" HEIGHT="28">
							<String ID="string_208" HPOS="136" VPOS="1322" WIDTH="6" HEIGHT="20" WC="0.96" CONTENT="i"/><SP WIDTH="16" VPOS="1322" HPOS="142"/>
							<String ID="string_209" HPOS="158" VPOS="1324" WIDTH="30" HEIGHT="18" WC="0.96" CONTENT="ett"/><SP WIDTH="16" VPOS="1324" HPOS="188"/>
							<String ID="string_210" HPOS="204" VPOS="1322" WIDTH="75" HEIGHT="26" WC="0.96" CONTENT="beslut,"/><SP WIDTH="17" VPOS="1322" HPOS="279"/>
							<String ID="string_211" HPOS="296" VPOS="1322" WIDTH="108" HEIGHT="20" WC="0.96" CONTENT="stridande"/><SP WIDTH="16" VPOS="1322" HPOS="404"/>
							<String ID="string_212" HPOS="420" VPOS="1324" WIDTH="58" HEIGHT="18" WC="0.96" CONTENT="emot"/><SP WIDTH="16" VPOS="1324" HPOS="478"/>
							<String ID="string_213" HPOS="494" VPOS="1322" WIDTH="55" HEIGHT="21" WC="0.96" CONTENT="hvad"/><SP WIDTH="14" VPOS="1322" HPOS="549"/>
							<String ID="string_214" HPOS="563" VPOS="1322" WIDTH="33" HEIGHT="21" WC="0.96" CONTENT="för"/><SP WIDTH="16" VPOS="1322" HPOS="596"/>
							<String ID="string_215" HPOS="612" VPOS="1322" WIDTH="65" HEIGHT="28" WC="0.96" CONTENT="öfrigt"/><SP WIDTH="15" VPOS="1322" HPOS="677"/>
							<String ID="string_216" HPOS="692" VPOS="1323" WIDTH="6" HEIGHT="19" WC="0.93" CONTENT="i"/><SP WIDTH="16" VPOS="1323" HPOS="698"/>
							<String ID="string_217" HPOS="714" VPOS="1324" WIDTH="10" HEIGHT="26" WC="0.91" CONTENT="$"/><SP WIDTH="12" VPOS="1324" HPOS="724"/>
							<String ID="string_218" HPOS="736" VPOS="1322" WIDTH="92" HEIGHT="28" WC="0.95" CONTENT="stadgas,"/><SP WIDTH="10" VPOS="1322" HPOS="828"/>
							<String ID="string_219" HPOS="838" VPOS="1324" WIDTH="37" HEIGHT="19" WC="0.95" CONTENT="äro"/>
						</TextLine>
						<TextLine ID="line_33" HPOS="136" VPOS="1356" WIDTH="739" HEIGHT="27">
							<String ID="string_220" HPOS="136" VPOS="1356" WIDTH="99" HEIGHT="27" WC="0.96" CONTENT="skyldiga"/><SP WIDTH="20" VPOS="1356" HPOS="235"/>
							<String ID="string_221" HPOS="255" VPOS="1358" WIDTH="31" HEIGHT="18" WC="0.96" CONTENT="att"/><SP WIDTH="21" VPOS="1358" HPOS="286"/>
							<String ID="string_222" HPOS="307" VPOS="1357" WIDTH="79" HEIGHT="19" WC="0.96" CONTENT="ersätta"/><SP WIDTH="20" VPOS="1357" HPOS="386"/>
							<String ID="string_223" HPOS="406" VPOS="1356" WIDTH="28" HEIGHT="20" WC="0.96" CONTENT="all"/><SP WIDTH="16" VPOS="1356" HPOS="434"/>
							<String ID="string_224" HPOS="450" VPOS="1356" WIDTH="62" HEIGHT="21" WC="0.93" CONTENT="deraf"/><SP WIDTH="12" VPOS="1356" HPOS="512"/>
							<String ID="string_225" HPOS="524" VPOS="1356" WIDTH="131" HEIGHT="21" WC="0.92" CONTENT="härrörande"/><SP WIDTH="16" VPOS="1356" HPOS="655"/>
							<String ID="string_226" HPOS="671" VPOS="1356" WIDTH="71" HEIGHT="21" WC="0.95" CONTENT="skada."/><SP WIDTH="30" VPOS="1356" HPOS="742"/>
							<String ID="string_227" HPOS="772" VPOS="1356" WIDTH="42" HEIGHT="21" WC="0.95" CONTENT="Det"/><SP WIDTH="16" VPOS="1356" HPOS="814"/>
							<String ID="string_228" HPOS="830" VPOS="1358" WIDTH="23" HEIGHT="19" WC="0.95" CONTENT="är"/><SP WIDTH="15" VPOS="1358" HPOS="853"/>
							<String ID="string_229" HPOS="868" VPOS="1357" WIDTH="7" HEIGHT="20" WC="0.96" CONTENT="i"/>
						</TextLine>
						<TextLine ID="line_34" HPOS="136" VPOS="1390" WIDTH="740" HEIGHT="27">
							<String ID="string_230" HPOS="136" VPOS="1390" WIDTH="117" HEIGHT="20" WC="0.95" CONTENT="allmänhet"/><SP WIDTH="16" VPOS="1390" HPOS="253"/>
							<String ID="string_231" HPOS="269" VPOS="1390" WIDTH="129" HEIGHT="26" WC="0.95" CONTENT="vedertaget,"/><SP WIDTH="16" VPOS="1390" HPOS="398"/>
							<String ID="string_232" HPOS="414" VPOS="1392" WIDTH="32" HEIGHT="18" WC="0.96" CONTENT="att"/><SP WIDTH="14" VPOS="1392" HPOS="446"/>
							<String ID="string_233" HPOS="460" VPOS="1390" WIDTH="26" HEIGHT="20" WC="0.92" CONTENT="då"/><SP WIDTH="11" VPOS="1390" HPOS="486"/>
							<String ID="string_234" HPOS="497" VPOS="1390" WIDTH="204" HEIGHT="27" WC="0.92" CONTENT="bolagsbestyrelser"/><SP WIDTH="11" VPOS="1390" HPOS="701"/>
							<String ID="string_235" HPOS="712" VPOS="1391" WIDTH="164" HEIGHT="25" WC="0.95" CONTENT="sammanträda,"/>
						</TextLine>
						<TextLine ID="line_35" HPOS="134" VPOS="1423" WIDTH="743" HEIGHT="28">
							<String ID="string_236" HPOS="134" VPOS="1424" WIDTH="11" HEIGHT="26" WC="0.96" CONTENT="i"/><SP WIDTH="17" VPOS="1424" HPOS="145"/>
							<String ID="string_237" HPOS="162" VPOS="1423" WIDTH="130" HEIGHT="27" WC="0.96" CONTENT="protokollet"/><SP WIDTH="23" VPOS="1423" HPOS="292"/>
							<String ID="string_238" HPOS="315" VPOS="1423" WIDTH="124" HEIGHT="28" WC="0.96" CONTENT="uppräknas"/><SP WIDTH="22" VPOS="1423" HPOS="439"/>
							<String ID="string_239" HPOS="461" VPOS="1424" WIDTH="73" HEIGHT="20" WC="0.95" CONTENT="hvilka"/><SP WIDTH="19" VPOS="1424" HPOS="534"/>
							<String ID="string_240" HPOS="553" VPOS="1424" WIDTH="23" HEIGHT="20" WC="0.96" CONTENT="af"/><SP WIDTH="17" VPOS="1424" HPOS="576"/>
							<String ID="string_241" HPOS="593" VPOS="1423" WIDTH="48" HEIGHT="21" WC="0.96" CONTENT="dess"/><SP WIDTH="21" VPOS="1423" HPOS="641"/>
							<String ID="string_242" HPOS="662" VPOS="1424" WIDTH="138" HEIGHT="21" WC="0.95" CONTENT="medlemmar"/><SP WIDTH="20" VPOS="1424" HPOS="800"/>
							<String ID="string_243" HPOS="820" VPOS="1424" WIDTH="57" HEIGHT="20" WC="0.94" CONTENT="varit"/>
						</TextLine>
					</TextBlock>
					<TextBlock ID="block_12" HPOS="180" VPOS="1463" WIDTH="631" HEIGHT="22">
						<TextLine ID="line_36" HPOS="180" VPOS="1463" WIDTH="631" HEIGHT="22">
							<String ID="string_244" HPOS="180" VPOS="1463" WIDTH="55" HEIGHT="22" WC="0.91" CONTENT="Högl."/><SP WIDTH="13" VPOS="1463" HPOS="235"/>
							<String ID="string_245" HPOS="248" VPOS="1463" WIDTH="51" HEIGHT="17" WC="0.91" CONTENT="Ridd."/><SP WIDTH="14" VPOS="1463" HPOS="299"/>
							<String ID="string_246" HPOS="313" VPOS="1464" WIDTH="28" HEIGHT="16" WC="0.93" CONTENT="och"/><SP WIDTH="13" VPOS="1464" HPOS="341"/>
							<String ID="string_247" HPOS="354" VPOS="1463" WIDTH="64" HEIGHT="17" WC="0.92" CONTENT="Adelns"/><SP WIDTH="13" VPOS="1463" HPOS="418"/>
							<String ID="string_248" HPOS="431" VPOS="1463" WIDTH="66" HEIGHT="17" WC="0.91" CONTENT="Protok."/><SP WIDTH="303" VPOS="1463" HPOS="497"/>
							<String ID="string_249" HPOS="800" VPOS="1464" WIDTH="11" HEIGHT="16" WC="0.96" CONTENT="6"/>
						</TextLine>
					</TextBlock>
				</ComposedBlock>
				<GraphicalElement ID="cblock_6" HPOS="1058" VPOS="966" WIDTH="4" HEIGHT="773"></GraphicalElement >
			</PrintSpace>
		</Page>
	</Layout>
</alto>
