<?xml version="1.0" encoding="UTF-8"?>
<alto xmlns="http://www.loc.gov/standards/alto/ns-v3#" xmlns:xlink="http://www.w3.org/1999/xlink" xmlns:xsi="http://www.w3.org/2001/XMLSchema-instance" xsi:schemaLocation="http://www.loc.gov/standards/alto/ns-v3# http://www.loc.gov/alto/v3/alto-3-0.xsd">
	<Description>
		<MeasurementUnit>pixel</MeasurementUnit>
		<sourceImageInformation>
			<fileName>/tmp/tess_4fimc23r_input.PNG</fileName>
		</sourceImageInformation>
		<OCRProcessing ID="OCR_0">
			<ocrProcessingStep>
				<processingSoftware>
					<softwareName>tesseract 5.3.4</softwareName>
				</processingSoftware>
			</ocrProcessingStep>
		</OCRProcessing>
	</Description>
	<Layout>
		<Page WIDTH="1034" HEIGHT="1770" PHYSICAL_IMG_NR="0" ID="page_0">
			<PrintSpace HPOS="0" VPOS="0" WIDTH="1034" HEIGHT="1770">
				<ComposedBlock ID="cblock_0" HPOS="810" VPOS="128" WIDTH="40" HEIGHT="20">
					<TextBlock ID="block_0" HPOS="810" VPOS="128" WIDTH="40" HEIGHT="20">
						<TextLine ID="line_0" HPOS="810" VPOS="128" WIDTH="40" HEIGHT="20">
							<String ID="string_0" HPOS="810" VPOS="128" WIDTH="40" HEIGHT="20" WC="0.95" CONTENT="377"/>
						</TextLine>
					</TextBlock>
				</ComposedBlock>
				<ComposedBlock ID="cblock_1" HPOS="127" VPOS="192" WIDTH="755" HEIGHT="1273">
					<TextBlock ID="block_1" HPOS="128" VPOS="192" WIDTH="752" HEIGHT="269">
						<TextLine ID="line_1" HPOS="195" VPOS="192" WIDTH="684" HEIGHT="28">
							<String ID="string_1" HPOS="195" VPOS="192" WIDTH="103" HEIGHT="22" WC="0.92" CONTENT="Friherre"/><SP WIDTH="20" VPOS="192" HPOS="298"/>
							<String ID="string_2" HPOS="318" VPOS="192" WIDTH="139" HEIGHT="28" WC="0.93" CONTENT="Carpelan:"/><SP WIDTH="22" VPOS="192" HPOS="457"/>
							<String ID="string_3" HPOS="479" VPOS="192" WIDTH="75" HEIGHT="22" WC="0.91" CONTENT="Sävidt"/><SP WIDTH="17" VPOS="192" HPOS="554"/>
							<String ID="string_4" HPOS="571" VPOS="193" WIDTH="40" HEIGHT="27" WC="0.96" CONTENT="jag"/><SP WIDTH="19" VPOS="193" HPOS="611"/>
							<String ID="string_5" HPOS="630" VPOS="192" WIDTH="84" HEIGHT="21" WC="0.96" CONTENT="kunnat"/><SP WIDTH="18" VPOS="192" HPOS="714"/>
							<String ID="string_6" HPOS="732" VPOS="193" WIDTH="55" HEIGHT="21" WC="0.96" CONTENT="fatta"/><SP WIDTH="18" VPOS="193" HPOS="787"/>
							<String ID="string_7" HPOS="805" VPOS="194" WIDTH="74" HEIGHT="26" WC="0.96" CONTENT="saken,"/>
						</TextLine>
						<TextLine ID="line_2" HPOS="128" VPOS="227" WIDTH="750" HEIGHT="28">
							<String ID="string_8" HPOS="128" VPOS="227" WIDTH="39" HEIGHT="21" WC="0.96" CONTENT="har"/><SP WIDTH="18" VPOS="227" HPOS="167"/>
							<String ID="string_9" HPOS="185" VPOS="227" WIDTH="62" HEIGHT="21" WC="0.92" CONTENT="Hans"/><SP WIDTH="22" VPOS="227" HPOS="247"/>
							<String ID="string_10" HPOS="269" VPOS="228" WIDTH="101" HEIGHT="27" WC="0.92" CONTENT="Majestät"/><SP WIDTH="19" VPOS="228" HPOS="370"/>
							<String ID="string_11" HPOS="389" VPOS="234" WIDTH="78" HEIGHT="21" WC="0.96" CONTENT="genom"/><SP WIDTH="21" VPOS="234" HPOS="467"/>
							<String ID="string_12" HPOS="488" VPOS="227" WIDTH="41" HEIGHT="21" WC="0.93" CONTENT="den"/><SP WIDTH="20" VPOS="227" HPOS="529"/>
							<String ID="string_13" HPOS="549" VPOS="227" WIDTH="117" HEIGHT="21" WC="0.92" CONTENT="ständerna"/><SP WIDTH="18" VPOS="227" HPOS="666"/>
							<String ID="string_14" HPOS="684" VPOS="227" WIDTH="31" HEIGHT="21" WC="0.92" CONTENT="uti"/><SP WIDTH="19" VPOS="227" HPOS="715"/>
							<String ID="string_15" HPOS="734" VPOS="228" WIDTH="73" HEIGHT="20" WC="0.92" CONTENT="ämnet"/><SP WIDTH="16" VPOS="228" HPOS="807"/>
							<String ID="string_16" HPOS="823" VPOS="229" WIDTH="55" HEIGHT="21" WC="0.92" CONTENT="före-"/>
						</TextLine>
						<TextLine ID="line_3" HPOS="128" VPOS="261" WIDTH="751" HEIGHT="30">
							<String ID="string_17" HPOS="128" VPOS="261" WIDTH="63" HEIGHT="29" WC="0.92" CONTENT="lagde"/><SP WIDTH="20" VPOS="261" HPOS="191"/>
							<String ID="string_18" HPOS="211" VPOS="262" WIDTH="80" HEIGHT="27" WC="0.92" CONTENT="nädiga"/><SP WIDTH="18" VPOS="262" HPOS="291"/>
							<String ID="string_19" HPOS="309" VPOS="261" WIDTH="165" HEIGHT="28" WC="0.97" CONTENT="propositionen"/><SP WIDTH="18" VPOS="261" HPOS="474"/>
							<String ID="string_20" HPOS="492" VPOS="261" WIDTH="55" HEIGHT="28" WC="0.93" CONTENT="tagit"/><SP WIDTH="15" VPOS="261" HPOS="547"/>
							<String ID="string_21" HPOS="562" VPOS="261" WIDTH="117" HEIGHT="21" WC="0.92" CONTENT="initiativet"/><SP WIDTH="15" VPOS="261" HPOS="679"/>
							<String ID="string_22" HPOS="694" VPOS="262" WIDTH="33" HEIGHT="20" WC="0.96" CONTENT="till"/><SP WIDTH="16" VPOS="262" HPOS="727"/>
							<String ID="string_23" HPOS="743" VPOS="268" WIDTH="27" HEIGHT="14" WC="0.96" CONTENT="en"/><SP WIDTH="16" VPOS="268" HPOS="770"/>
							<String ID="string_24" HPOS="786" VPOS="262" WIDTH="93" HEIGHT="29" WC="0.96" CONTENT="ändring"/>
						</TextLine>
						<TextLine ID="line_4" HPOS="128" VPOS="296" WIDTH="751" HEIGHT="28">
							<String ID="string_25" HPOS="128" VPOS="296" WIDTH="23" HEIGHT="21" WC="0.93" CONTENT="af"/><SP WIDTH="13" VPOS="296" HPOS="151"/>
							<String ID="string_26" HPOS="164" VPOS="296" WIDTH="57" HEIGHT="21" WC="0.92" CONTENT="hvad"/><SP WIDTH="14" VPOS="296" HPOS="221"/>
							<String ID="string_27" HPOS="235" VPOS="296" WIDTH="136" HEIGHT="28" WC="0.91" CONTENT="grundlagen"/><SP WIDTH="16" VPOS="296" HPOS="371"/>
							<String ID="string_28" HPOS="387" VPOS="296" WIDTH="91" HEIGHT="21" WC="0.92" CONTENT="rörande"/><SP WIDTH="16" VPOS="296" HPOS="478"/>
							<String ID="string_29" HPOS="494" VPOS="296" WIDTH="143" HEIGHT="28" WC="0.92" CONTENT="tjenstemäns"/><SP WIDTH="16" VPOS="296" HPOS="637"/>
							<String ID="string_30" HPOS="653" VPOS="296" WIDTH="121" HEIGHT="28" WC="0.92" CONTENT="tryggande"/><SP WIDTH="11" VPOS="296" HPOS="774"/>
							<String ID="string_31" HPOS="785" VPOS="296" WIDTH="36" HEIGHT="21" WC="0.96" CONTENT="vid"/><SP WIDTH="11" VPOS="296" HPOS="821"/>
							<String ID="string_32" HPOS="832" VPOS="297" WIDTH="47" HEIGHT="21" WC="0.97" CONTENT="sina"/>
						</TextLine>
						<TextLine ID="line_5" HPOS="128" VPOS="330" WIDTH="752" HEIGHT="28">
							<String ID="string_33" HPOS="128" VPOS="330" WIDTH="147" HEIGHT="28" WC="0.92" CONTENT="befattningar"/><SP WIDTH="17" VPOS="330" HPOS="275"/>
							<String ID="string_34" HPOS="292" VPOS="330" WIDTH="93" HEIGHT="28" WC="0.93" CONTENT="stadgar."/><SP WIDTH="23" VPOS="330" HPOS="385"/>
							<String ID="string_35" HPOS="408" VPOS="330" WIDTH="34" HEIGHT="21" WC="0.92" CONTENT="Dä"/><SP WIDTH="17" VPOS="330" HPOS="442"/>
							<String ID="string_36" HPOS="459" VPOS="330" WIDTH="117" HEIGHT="22" WC="0.91" CONTENT="ständerna"/><SP WIDTH="10" VPOS="330" HPOS="576"/>
							<String ID="string_37" HPOS="586" VPOS="330" WIDTH="63" HEIGHT="28" WC="0.91" CONTENT="yrkat"/><SP WIDTH="15" VPOS="330" HPOS="649"/>
							<String ID="string_38" HPOS="664" VPOS="330" WIDTH="27" HEIGHT="28" WC="0.93" CONTENT="pä"/><SP WIDTH="15" VPOS="330" HPOS="691"/>
							<String ID="string_39" HPOS="706" VPOS="330" WIDTH="174" HEIGHT="28" WC="0.92" CONTENT="grundlagarnes"/>
						</TextLine>
						<TextLine ID="line_6" HPOS="129" VPOS="364" WIDTH="751" HEIGHT="30">
							<String ID="string_40" HPOS="129" VPOS="364" WIDTH="160" HEIGHT="28" WC="0.95" CONTENT="bibehållande,"/><SP WIDTH="22" VPOS="364" HPOS="289"/>
							<String ID="string_41" HPOS="311" VPOS="365" WIDTH="23" HEIGHT="21" WC="0.96" CONTENT="sä"/><SP WIDTH="20" VPOS="365" HPOS="334"/>
							<String ID="string_42" HPOS="354" VPOS="366" WIDTH="35" HEIGHT="20" WC="0.96" CONTENT="vet"/><SP WIDTH="18" VPOS="366" HPOS="389"/>
							<String ID="string_43" HPOS="407" VPOS="366" WIDTH="39" HEIGHT="27" WC="0.93" CONTENT="jag"/><SP WIDTH="18" VPOS="366" HPOS="446"/>
							<String ID="string_44" HPOS="464" VPOS="365" WIDTH="32" HEIGHT="28" WC="0.96" CONTENT="ej,"/><SP WIDTH="16" VPOS="365" HPOS="496"/>
							<String ID="string_45" HPOS="512" VPOS="366" WIDTH="31" HEIGHT="20" WC="0.96" CONTENT="att"/><SP WIDTH="20" VPOS="366" HPOS="543"/>
							<String ID="string_46" HPOS="563" VPOS="372" WIDTH="50" HEIGHT="14" WC="0.93" CONTENT="man"/><SP WIDTH="17" VPOS="372" HPOS="613"/>
							<String ID="string_47" HPOS="630" VPOS="365" WIDTH="66" HEIGHT="28" WC="0.96" CONTENT="syftat"/><SP WIDTH="15" VPOS="365" HPOS="696"/>
							<String ID="string_48" HPOS="711" VPOS="365" WIDTH="28" HEIGHT="28" WC="0.93" CONTENT="pä"/><SP WIDTH="16" VPOS="365" HPOS="739"/>
							<String ID="string_49" HPOS="755" VPOS="366" WIDTH="71" HEIGHT="28" WC="0.93" CONTENT="någon"/><SP WIDTH="17" VPOS="366" HPOS="826"/>
							<String ID="string_50" HPOS="843" VPOS="368" WIDTH="37" HEIGHT="20" WC="0.91" CONTENT="än-"/>
						</TextLine>
						<TextLine ID="line_7" HPOS="128" VPOS="399" WIDTH="751" HEIGHT="29">
							<String ID="string_51" HPOS="128" VPOS="400" WIDTH="64" HEIGHT="28" WC="0.91" CONTENT="dring"/><SP WIDTH="15" VPOS="400" HPOS="192"/>
							<String ID="string_52" HPOS="207" VPOS="400" WIDTH="7" HEIGHT="20" WC="0.93" CONTENT="i"/><SP WIDTH="15" VPOS="400" HPOS="214"/>
							<String ID="string_53" HPOS="229" VPOS="399" WIDTH="116" HEIGHT="22" WC="0.96" CONTENT="desamma."/><SP WIDTH="30" VPOS="399" HPOS="345"/>
							<String ID="string_54" HPOS="375" VPOS="399" WIDTH="43" HEIGHT="29" WC="0.96" CONTENT="Jag"/><SP WIDTH="20" VPOS="399" HPOS="418"/>
							<String ID="string_55" HPOS="438" VPOS="400" WIDTH="42" HEIGHT="21" WC="0.93" CONTENT="kan"/><SP WIDTH="22" VPOS="400" HPOS="480"/>
							<String ID="string_56" HPOS="502" VPOS="400" WIDTH="19" HEIGHT="28" WC="0.93" CONTENT="ej"/><SP WIDTH="22" VPOS="400" HPOS="521"/>
							<String ID="string_57" HPOS="543" VPOS="399" WIDTH="86" HEIGHT="22" WC="0.92" CONTENT="derföre"/><SP WIDTH="19" VPOS="399" HPOS="629"/>
							<String ID="string_58" HPOS="648" VPOS="400" WIDTH="55" HEIGHT="21" WC="0.91" CONTENT="fatta"/><SP WIDTH="19" VPOS="400" HPOS="703"/>
							<String ID="string_59" HPOS="722" VPOS="400" WIDTH="50" HEIGHT="21" WC="0.93" CONTENT="herr"/><SP WIDTH="16" VPOS="400" HPOS="772"/>
							<String ID="string_60" HPOS="788" VPOS="400" WIDTH="91" HEIGHT="22" WC="0.74" CONTENT="Muncks"/>
						</TextLine>
						<TextLine ID="line_8" HPOS="128" VPOS="434" WIDTH="108" HEIGHT="27">
							<String ID="string_61" HPOS="128" VPOS="434" WIDTH="108" HEIGHT="27" WC="0.91" CONTENT="yttrande."/>
						</TextLine>
					</TextBlock>
					<TextBlock ID="block_2" HPOS="127" VPOS="467" WIDTH="753" HEIGHT="169">
						<TextLine ID="line_9" HPOS="196" VPOS="467" WIDTH="683" HEIGHT="31">
							<String ID="string_62" HPOS="196" VPOS="469" WIDTH="57" HEIGHT="21" WC="0.96" CONTENT="Herr"/><SP WIDTH="16" VPOS="469" HPOS="253"/>
							<String ID="string_63" HPOS="269" VPOS="468" WIDTH="102" HEIGHT="27" WC="0.96" CONTENT="Munck,"/><SP WIDTH="16" VPOS="468" HPOS="371"/>
							<String ID="string_64" HPOS="387" VPOS="469" WIDTH="27" HEIGHT="20" WC="0.92" CONTENT="K."/><SP WIDTH="17" VPOS="469" HPOS="414"/>
							<String ID="string_65" HPOS="431" VPOS="469" WIDTH="35" HEIGHT="26" WC="0.92" CONTENT="F.,"/><SP WIDTH="15" VPOS="469" HPOS="466"/>
							<String ID="string_66" HPOS="481" VPOS="467" WIDTH="124" HEIGHT="28" WC="0.96" CONTENT="anmärkte,"/><SP WIDTH="16" VPOS="467" HPOS="605"/>
							<String ID="string_67" HPOS="621" VPOS="470" WIDTH="31" HEIGHT="19" WC="0.95" CONTENT="att"/><SP WIDTH="18" VPOS="470" HPOS="652"/>
							<String ID="string_68" HPOS="670" VPOS="469" WIDTH="42" HEIGHT="20" WC="0.93" CONTENT="den"/><SP WIDTH="21" VPOS="469" HPOS="712"/>
							<String ID="string_69" HPOS="733" VPOS="469" WIDTH="79" HEIGHT="28" WC="0.93" CONTENT="nådiga"/><SP WIDTH="19" VPOS="469" HPOS="812"/>
							<String ID="string_70" HPOS="831" VPOS="478" WIDTH="48" HEIGHT="20" WC="0.88" CONTENT="pro-"/>
						</TextLine>
						<TextLine ID="line_10" HPOS="128" VPOS="503" WIDTH="752" HEIGHT="28">
							<String ID="string_71" HPOS="128" VPOS="503" WIDTH="133" HEIGHT="28" WC="0.90" CONTENT="positionen,"/><SP WIDTH="16" VPOS="503" HPOS="261"/>
							<String ID="string_72" HPOS="277" VPOS="503" WIDTH="67" HEIGHT="21" WC="0.92" CONTENT="sädan"/><SP WIDTH="19" VPOS="503" HPOS="344"/>
							<String ID="string_73" HPOS="363" VPOS="503" WIDTH="41" HEIGHT="21" WC="0.96" CONTENT="den"/><SP WIDTH="16" VPOS="503" HPOS="404"/>
							<String ID="string_74" HPOS="420" VPOS="503" WIDTH="24" HEIGHT="21" WC="0.96" CONTENT="af"/><SP WIDTH="13" VPOS="503" HPOS="444"/>
							<String ID="string_75" HPOS="457" VPOS="504" WIDTH="61" HEIGHT="21" WC="0.93" CONTENT="Hans"/><SP WIDTH="16" VPOS="504" HPOS="518"/>
							<String ID="string_76" HPOS="534" VPOS="503" WIDTH="103" HEIGHT="28" WC="0.93" CONTENT="Majestät"/><SP WIDTH="15" VPOS="503" HPOS="637"/>
							<String ID="string_77" HPOS="652" VPOS="505" WIDTH="23" HEIGHT="19" WC="0.93" CONTENT="är"/><SP WIDTH="16" VPOS="505" HPOS="675"/>
							<String ID="string_78" HPOS="691" VPOS="503" WIDTH="117" HEIGHT="22" WC="0.92" CONTENT="ständerna"/><SP WIDTH="16" VPOS="503" HPOS="808"/>
							<String ID="string_79" HPOS="824" VPOS="505" WIDTH="56" HEIGHT="21" WC="0.92" CONTENT="före-"/>
						</TextLine>
						<TextLine ID="line_11" HPOS="127" VPOS="537" WIDTH="751" HEIGHT="29">
							<String ID="string_80" HPOS="127" VPOS="538" WIDTH="60" HEIGHT="28" WC="0.95" CONTENT="lagd,"/><SP WIDTH="17" VPOS="538" HPOS="187"/>
							<String ID="string_81" HPOS="204" VPOS="545" WIDTH="80" HEIGHT="21" WC="0.92" CONTENT="genom"/><SP WIDTH="16" VPOS="545" HPOS="284"/>
							<String ID="string_82" HPOS="300" VPOS="538" WIDTH="100" HEIGHT="28" WC="0.95" CONTENT="votering"/><SP WIDTH="15" VPOS="538" HPOS="400"/>
							<String ID="string_83" HPOS="415" VPOS="538" WIDTH="72" HEIGHT="21" WC="0.95" CONTENT="blifvit"/><SP WIDTH="15" VPOS="538" HPOS="487"/>
							<String ID="string_84" HPOS="502" VPOS="537" WIDTH="25" HEIGHT="22" WC="0.93" CONTENT="af"/><SP WIDTH="12" VPOS="537" HPOS="527"/>
							<String ID="string_85" HPOS="539" VPOS="537" WIDTH="153" HEIGHT="29" WC="0.96" CONTENT="ridderskapet"/><SP WIDTH="21" VPOS="537" HPOS="692"/>
							<String ID="string_86" HPOS="713" VPOS="538" WIDTH="39" HEIGHT="21" WC="0.93" CONTENT="och"/><SP WIDTH="17" VPOS="538" HPOS="752"/>
							<String ID="string_87" HPOS="769" VPOS="539" WIDTH="63" HEIGHT="21" WC="0.93" CONTENT="adeln"/><SP WIDTH="16" VPOS="539" HPOS="832"/>
							<String ID="string_88" HPOS="848" VPOS="540" WIDTH="30" HEIGHT="21" WC="0.93" CONTENT="af-"/>
						</TextLine>
						<TextLine ID="line_12" HPOS="128" VPOS="572" WIDTH="751" HEIGHT="30">
							<String ID="string_89" HPOS="128" VPOS="572" WIDTH="82" HEIGHT="28" WC="0.96" CONTENT="slagen."/><SP WIDTH="31" VPOS="572" HPOS="210"/>
							<String ID="string_90" HPOS="241" VPOS="572" WIDTH="90" HEIGHT="22" WC="0.89" CONTENT="Säledes"/><SP WIDTH="21" VPOS="572" HPOS="331"/>
							<String ID="string_91" HPOS="352" VPOS="572" WIDTH="95" HEIGHT="21" WC="0.96" CONTENT="återstod"/><SP WIDTH="21" VPOS="572" HPOS="447"/>
							<String ID="string_92" HPOS="468" VPOS="572" WIDTH="69" HEIGHT="28" WC="0.93" CONTENT="enligt"/><SP WIDTH="19" VPOS="572" HPOS="537"/>
							<String ID="string_93" HPOS="556" VPOS="572" WIDTH="95" HEIGHT="21" WC="0.91" CONTENT="talarens"/><SP WIDTH="21" VPOS="572" HPOS="651"/>
							<String ID="string_94" HPOS="672" VPOS="572" WIDTH="56" HEIGHT="28" WC="0.92" CONTENT="äsigt"/><SP WIDTH="20" VPOS="572" HPOS="728"/>
							<String ID="string_95" HPOS="748" VPOS="580" WIDTH="90" HEIGHT="14" WC="0.95" CONTENT="numera"/><SP WIDTH="21" VPOS="580" HPOS="838"/>
							<String ID="string_96" HPOS="859" VPOS="574" WIDTH="20" HEIGHT="28" WC="0.96" CONTENT="ej"/>
						</TextLine>
						<TextLine ID="line_13" HPOS="129" VPOS="606" WIDTH="682" HEIGHT="30">
							<String ID="string_97" HPOS="129" VPOS="608" WIDTH="71" HEIGHT="28" WC="0.96" CONTENT="någon"/><SP WIDTH="17" VPOS="608" HPOS="200"/>
							<String ID="string_98" HPOS="217" VPOS="607" WIDTH="144" HEIGHT="28" WC="0.93" CONTENT="proposition,"/><SP WIDTH="17" VPOS="607" HPOS="361"/>
							<String ID="string_99" HPOS="378" VPOS="607" WIDTH="115" HEIGHT="21" WC="0.91" CONTENT="hvaröfver"/><SP WIDTH="17" VPOS="607" HPOS="493"/>
							<String ID="string_100" HPOS="510" VPOS="606" WIDTH="85" HEIGHT="22" WC="0.96" CONTENT="ståndet"/><SP WIDTH="15" VPOS="606" HPOS="595"/>
							<String ID="string_101" HPOS="610" VPOS="606" WIDTH="72" HEIGHT="22" WC="0.96" CONTENT="kunde"/><SP WIDTH="16" VPOS="606" HPOS="682"/>
							<String ID="string_102" HPOS="698" VPOS="607" WIDTH="113" HEIGHT="21" WC="0.96" CONTENT="ventilera."/>
						</TextLine>
					</TextBlock>
					<TextBlock ID="block_3" HPOS="128" VPOS="641" WIDTH="752" HEIGHT="167">
						<TextLine ID="line_14" HPOS="197" VPOS="641" WIDTH="683" HEIGHT="28">
							<String ID="string_103" HPOS="197" VPOS="642" WIDTH="102" HEIGHT="21" WC="0.96" CONTENT="Friherre"/><SP WIDTH="22" VPOS="642" HPOS="299"/>
							<String ID="string_104" HPOS="321" VPOS="642" WIDTH="138" HEIGHT="27" WC="0.96" CONTENT="Carpelan:"/><SP WIDTH="21" VPOS="642" HPOS="459"/>
							<String ID="string_105" HPOS="480" VPOS="641" WIDTH="89" HEIGHT="28" WC="0.96" CONTENT="Mycket"/><SP WIDTH="19" VPOS="641" HPOS="569"/>
							<String ID="string_106" HPOS="588" VPOS="641" WIDTH="40" HEIGHT="21" WC="0.96" CONTENT="har"/><SP WIDTH="15" VPOS="641" HPOS="628"/>
							<String ID="string_107" HPOS="643" VPOS="642" WIDTH="7" HEIGHT="20" WC="0.96" CONTENT="i"/><SP WIDTH="16" VPOS="642" HPOS="650"/>
							<String ID="string_108" HPOS="666" VPOS="643" WIDTH="74" HEIGHT="19" WC="0.96" CONTENT="ämnet"/><SP WIDTH="19" VPOS="643" HPOS="740"/>
							<String ID="string_109" HPOS="759" VPOS="642" WIDTH="71" HEIGHT="21" WC="0.95" CONTENT="blifvit"/><SP WIDTH="17" VPOS="642" HPOS="830"/>
							<String ID="string_110" HPOS="847" VPOS="643" WIDTH="33" HEIGHT="21" WC="0.96" CONTENT="till"/>
						</TextLine>
						<TextLine ID="line_15" HPOS="129" VPOS="676" WIDTH="751" HEIGHT="29">
							<String ID="string_111" HPOS="129" VPOS="676" WIDTH="105" HEIGHT="21" WC="0.92" CONTENT="öfverflöd"/><SP WIDTH="19" VPOS="676" HPOS="234"/>
							<String ID="string_112" HPOS="253" VPOS="676" WIDTH="92" HEIGHT="28" WC="0.92" CONTENT="yttradt,"/><SP WIDTH="15" VPOS="676" HPOS="345"/>
							<String ID="string_113" HPOS="360" VPOS="683" WIDTH="50" HEIGHT="14" WC="0.97" CONTENT="men"/><SP WIDTH="13" VPOS="683" HPOS="410"/>
							<String ID="string_114" HPOS="423" VPOS="676" WIDTH="39" HEIGHT="28" WC="0.96" CONTENT="jag"/><SP WIDTH="16" VPOS="676" HPOS="462"/>
							<String ID="string_115" HPOS="478" VPOS="676" WIDTH="70" HEIGHT="22" WC="0.96" CONTENT="skulle"/><SP WIDTH="17" VPOS="676" HPOS="548"/>
							<String ID="string_116" HPOS="565" VPOS="676" WIDTH="54" HEIGHT="21" WC="0.96" CONTENT="dock"/><SP WIDTH="16" VPOS="676" HPOS="619"/>
							<String ID="string_117" HPOS="635" VPOS="677" WIDTH="57" HEIGHT="20" WC="0.96" CONTENT="ännu"/><SP WIDTH="15" VPOS="677" HPOS="692"/>
							<String ID="string_118" HPOS="707" VPOS="676" WIDTH="70" HEIGHT="22" WC="0.96" CONTENT="tillåta"/><SP WIDTH="16" VPOS="676" HPOS="777"/>
							<String ID="string_119" HPOS="793" VPOS="677" WIDTH="44" HEIGHT="28" WC="0.96" CONTENT="mig"/><SP WIDTH="16" VPOS="677" HPOS="837"/>
							<String ID="string_120" HPOS="853" VPOS="684" WIDTH="27" HEIGHT="14" WC="0.96" CONTENT="en"/>
						</TextLine>
						<TextLine ID="line_16" HPOS="128" VPOS="710" WIDTH="752" HEIGHT="30">
							<String ID="string_121" HPOS="128" VPOS="711" WIDTH="62" HEIGHT="27" WC="0.96" CONTENT="fråga"/><SP WIDTH="16" VPOS="711" HPOS="190"/>
							<String ID="string_122" HPOS="206" VPOS="711" WIDTH="33" HEIGHT="21" WC="0.95" CONTENT="till"/><SP WIDTH="14" VPOS="711" HPOS="239"/>
							<String ID="string_123" HPOS="253" VPOS="712" WIDTH="52" HEIGHT="20" WC="0.96" CONTENT="herr"/><SP WIDTH="14" VPOS="712" HPOS="305"/>
							<String ID="string_124" HPOS="319" VPOS="711" WIDTH="89" HEIGHT="25" WC="0.96" CONTENT="Munck,"/><SP WIDTH="15" VPOS="711" HPOS="408"/>
							<String ID="string_125" HPOS="423" VPOS="711" WIDTH="89" HEIGHT="21" WC="0.96" CONTENT="hvilken"/><SP WIDTH="17" VPOS="711" HPOS="512"/>
							<String ID="string_126" HPOS="529" VPOS="710" WIDTH="92" HEIGHT="28" WC="0.96" CONTENT="ändring"/><SP WIDTH="15" VPOS="710" HPOS="621"/>
							<String ID="string_127" HPOS="636" VPOS="710" WIDTH="64" HEIGHT="22" WC="0.95" CONTENT="hafva"/><SP WIDTH="16" VPOS="710" HPOS="700"/>
							<String ID="string_128" HPOS="716" VPOS="712" WIDTH="117" HEIGHT="21" WC="0.93" CONTENT="ständerna"/><SP WIDTH="11" VPOS="712" HPOS="833"/>
							<String ID="string_129" HPOS="844" VPOS="719" WIDTH="36" HEIGHT="21" WC="0.91" CONTENT="ge-"/>
						</TextLine>
						<TextLine ID="line_17" HPOS="128" VPOS="745" WIDTH="752" HEIGHT="29">
							<String ID="string_130" HPOS="128" VPOS="752" WIDTH="51" HEIGHT="14" WC="0.95" CONTENT="nom"/><SP WIDTH="16" VPOS="752" HPOS="179"/>
							<String ID="string_131" HPOS="195" VPOS="746" WIDTH="32" HEIGHT="20" WC="0.95" CONTENT="sin"/><SP WIDTH="16" VPOS="746" HPOS="227"/>
							<String ID="string_132" HPOS="243" VPOS="746" WIDTH="124" HEIGHT="21" WC="0.96" CONTENT="diskussion"/><SP WIDTH="16" VPOS="746" HPOS="367"/>
							<String ID="string_133" HPOS="383" VPOS="745" WIDTH="49" HEIGHT="21" WC="0.96" CONTENT="sökt"/><SP WIDTH="14" VPOS="745" HPOS="432"/>
							<String ID="string_134" HPOS="446" VPOS="746" WIDTH="92" HEIGHT="21" WC="0.96" CONTENT="utverka"/><SP WIDTH="15" VPOS="746" HPOS="538"/>
							<String ID="string_135" HPOS="553" VPOS="746" WIDTH="7" HEIGHT="20" WC="0.93" CONTENT="i"/><SP WIDTH="16" VPOS="746" HPOS="560"/>
							<String ID="string_136" HPOS="576" VPOS="745" WIDTH="174" HEIGHT="29" WC="0.91" CONTENT="grundlagarne?"/><SP WIDTH="31" VPOS="745" HPOS="750"/>
							<String ID="string_137" HPOS="781" VPOS="746" WIDTH="43" HEIGHT="28" WC="0.93" CONTENT="Jag"/><SP WIDTH="14" VPOS="746" HPOS="824"/>
							<String ID="string_138" HPOS="838" VPOS="746" WIDTH="42" HEIGHT="22" WC="0.91" CONTENT="för-"/>
						</TextLine>
						<TextLine ID="line_18" HPOS="128" VPOS="780" WIDTH="364" HEIGHT="28">
							<String ID="string_139" HPOS="128" VPOS="780" WIDTH="46" HEIGHT="22" WC="0.96" CONTENT="mår"/><SP WIDTH="15" VPOS="780" HPOS="174"/>
							<String ID="string_140" HPOS="189" VPOS="780" WIDTH="132" HEIGHT="21" WC="0.95" CONTENT="åtminstone"/><SP WIDTH="17" VPOS="780" HPOS="321"/>
							<String ID="string_141" HPOS="338" VPOS="780" WIDTH="20" HEIGHT="28" WC="0.96" CONTENT="ej"/><SP WIDTH="17" VPOS="780" HPOS="358"/>
							<String ID="string_142" HPOS="375" VPOS="780" WIDTH="46" HEIGHT="20" WC="0.96" CONTENT="inse"/><SP WIDTH="16" VPOS="780" HPOS="421"/>
							<String ID="string_143" HPOS="437" VPOS="780" WIDTH="55" HEIGHT="21" WC="0.96" CONTENT="dem."/>
						</TextLine>
					</TextBlock>
					<TextBlock ID="block_4" HPOS="129" VPOS="814" WIDTH="752" HEIGHT="236">
						<TextLine ID="line_19" HPOS="197" VPOS="814" WIDTH="683" HEIGHT="30">
							<String ID="string_144" HPOS="197" VPOS="814" WIDTH="58" HEIGHT="22" WC="0.93" CONTENT="Herr"/><SP WIDTH="15" VPOS="814" HPOS="255"/>
							<String ID="string_145" HPOS="270" VPOS="814" WIDTH="210" HEIGHT="22" WC="0.87" CONTENT="landtmarskalken:"/><SP WIDTH="17" VPOS="814" HPOS="480"/>
							<String ID="string_146" HPOS="497" VPOS="815" WIDTH="41" HEIGHT="21" WC="0.96" CONTENT="Om"/><SP WIDTH="16" VPOS="815" HPOS="538"/>
							<String ID="string_147" HPOS="554" VPOS="815" WIDTH="37" HEIGHT="21" WC="0.96" CONTENT="det"/><SP WIDTH="15" VPOS="815" HPOS="591"/>
							<String ID="string_148" HPOS="606" VPOS="815" WIDTH="23" HEIGHT="20" WC="0.96" CONTENT="är"/><SP WIDTH="19" VPOS="815" HPOS="629"/>
							<String ID="string_149" HPOS="648" VPOS="815" WIDTH="128" HEIGHT="21" WC="0.96" CONTENT="ständernas"/><SP WIDTH="16" VPOS="815" HPOS="776"/>
							<String ID="string_150" HPOS="792" VPOS="816" WIDTH="88" HEIGHT="28" WC="0.96" CONTENT="mening"/>
						</TextLine>
						<TextLine ID="line_20" HPOS="129" VPOS="849" WIDTH="751" HEIGHT="28">
							<String ID="string_151" HPOS="129" VPOS="852" WIDTH="32" HEIGHT="19" WC="0.96" CONTENT="att"/><SP WIDTH="15" VPOS="852" HPOS="161"/>
							<String ID="string_152" HPOS="176" VPOS="850" WIDTH="87" HEIGHT="20" WC="0.89" CONTENT="anhålla"/><SP WIDTH="19" VPOS="850" HPOS="263"/>
							<String ID="string_153" HPOS="282" VPOS="857" WIDTH="48" HEIGHT="19" WC="0.95" CONTENT="om,"/><SP WIDTH="16" VPOS="857" HPOS="330"/>
							<String ID="string_154" HPOS="346" VPOS="851" WIDTH="31" HEIGHT="19" WC="0.96" CONTENT="att"/><SP WIDTH="15" VPOS="851" HPOS="377"/>
							<String ID="string_155" HPOS="392" VPOS="849" WIDTH="61" HEIGHT="21" WC="0.95" CONTENT="Hans"/><SP WIDTH="16" VPOS="849" HPOS="453"/>
							<String ID="string_156" HPOS="469" VPOS="849" WIDTH="103" HEIGHT="28" WC="0.96" CONTENT="Majestät"/><SP WIDTH="13" VPOS="849" HPOS="572"/>
							<String ID="string_157" HPOS="585" VPOS="849" WIDTH="52" HEIGHT="22" WC="0.95" CONTENT="ville"/><SP WIDTH="15" VPOS="849" HPOS="637"/>
							<String ID="string_158" HPOS="652" VPOS="850" WIDTH="88" HEIGHT="20" WC="0.96" CONTENT="utfärda"/><SP WIDTH="15" VPOS="850" HPOS="740"/>
							<String ID="string_159" HPOS="755" VPOS="857" WIDTH="26" HEIGHT="14" WC="0.93" CONTENT="en"/><SP WIDTH="18" VPOS="857" HPOS="781"/>
							<String ID="string_160" HPOS="799" VPOS="850" WIDTH="81" HEIGHT="22" WC="0.92" CONTENT="förord-"/>
						</TextLine>
						<TextLine ID="line_21" HPOS="129" VPOS="884" WIDTH="752" HEIGHT="29">
							<String ID="string_161" HPOS="129" VPOS="885" WIDTH="54" HEIGHT="27" WC="0.96" CONTENT="ning"/><SP WIDTH="15" VPOS="885" HPOS="183"/>
							<String ID="string_162" HPOS="198" VPOS="884" WIDTH="6" HEIGHT="20" WC="0.93" CONTENT="i"/><SP WIDTH="17" VPOS="884" HPOS="204"/>
							<String ID="string_163" HPOS="221" VPOS="884" WIDTH="226" HEIGHT="21" WC="0.91" CONTENT="öfverensstämmelse"/><SP WIDTH="16" VPOS="884" HPOS="447"/>
							<String ID="string_164" HPOS="463" VPOS="884" WIDTH="49" HEIGHT="21" WC="0.95" CONTENT="med"/><SP WIDTH="15" VPOS="884" HPOS="512"/>
							<String ID="string_165" HPOS="527" VPOS="884" WIDTH="37" HEIGHT="21" WC="0.96" CONTENT="det"/><SP WIDTH="16" VPOS="884" HPOS="564"/>
							<String ID="string_166" HPOS="580" VPOS="884" WIDTH="77" HEIGHT="26" WC="0.96" CONTENT="beslut,"/><SP WIDTH="11" VPOS="884" HPOS="657"/>
							<String ID="string_167" HPOS="668" VPOS="891" WIDTH="46" HEIGHT="14" WC="0.96" CONTENT="som"/><SP WIDTH="15" VPOS="891" HPOS="714"/>
							<String ID="string_168" HPOS="729" VPOS="884" WIDTH="152" HEIGHT="29" WC="0.96" CONTENT="ridderskapet"/>
						</TextLine>
						<TextLine ID="line_22" HPOS="129" VPOS="918" WIDTH="750" HEIGHT="29">
							<String ID="string_169" HPOS="129" VPOS="919" WIDTH="40" HEIGHT="20" WC="0.96" CONTENT="och"/><SP WIDTH="16" VPOS="919" HPOS="169"/>
							<String ID="string_170" HPOS="185" VPOS="918" WIDTH="63" HEIGHT="21" WC="0.96" CONTENT="adeln"/><SP WIDTH="17" VPOS="918" HPOS="248"/>
							<String ID="string_171" HPOS="265" VPOS="926" WIDTH="28" HEIGHT="13" WC="0.96" CONTENT="nu"/><SP WIDTH="16" VPOS="926" HPOS="293"/>
							<String ID="string_172" HPOS="309" VPOS="919" WIDTH="38" HEIGHT="20" WC="0.96" CONTENT="har"/><SP WIDTH="15" VPOS="919" HPOS="347"/>
							<String ID="string_173" HPOS="362" VPOS="919" WIDTH="70" HEIGHT="25" WC="0.96" CONTENT="fattat,"/><SP WIDTH="16" VPOS="919" HPOS="432"/>
							<String ID="string_174" HPOS="448" VPOS="919" WIDTH="24" HEIGHT="20" WC="0.96" CONTENT="så"/><SP WIDTH="16" VPOS="919" HPOS="472"/>
							<String ID="string_175" HPOS="488" VPOS="918" WIDTH="62" HEIGHT="21" WC="0.96" CONTENT="torde"/><SP WIDTH="16" VPOS="918" HPOS="550"/>
							<String ID="string_176" HPOS="566" VPOS="919" WIDTH="37" HEIGHT="20" WC="0.96" CONTENT="det"/><SP WIDTH="14" VPOS="919" HPOS="603"/>
							<String ID="string_177" HPOS="617" VPOS="918" WIDTH="68" HEIGHT="21" WC="0.93" CONTENT="blifva"/><SP WIDTH="15" VPOS="918" HPOS="685"/>
							<String ID="string_178" HPOS="700" VPOS="919" WIDTH="82" HEIGHT="28" WC="0.90" CONTENT="nödigt,"/><SP WIDTH="16" VPOS="919" HPOS="782"/>
							<String ID="string_179" HPOS="798" VPOS="921" WIDTH="31" HEIGHT="19" WC="0.96" CONTENT="att"/><SP WIDTH="17" VPOS="921" HPOS="829"/>
							<String ID="string_180" HPOS="846" VPOS="927" WIDTH="33" HEIGHT="14" WC="0.96" CONTENT="om"/>
						</TextLine>
						<TextLine ID="line_23" HPOS="129" VPOS="953" WIDTH="752" HEIGHT="28">
							<String ID="string_181" HPOS="129" VPOS="953" WIDTH="36" HEIGHT="21" WC="0.96" CONTENT="det"/><SP WIDTH="16" VPOS="953" HPOS="165"/>
							<String ID="string_182" HPOS="181" VPOS="953" WIDTH="56" HEIGHT="21" WC="0.96" CONTENT="skall"/><SP WIDTH="15" VPOS="953" HPOS="237"/>
							<String ID="string_183" HPOS="252" VPOS="954" WIDTH="59" HEIGHT="27" WC="0.96" CONTENT="tjena"/><SP WIDTH="16" VPOS="954" HPOS="311"/>
							<String ID="string_184" HPOS="327" VPOS="953" WIDTH="33" HEIGHT="21" WC="0.96" CONTENT="till"/><SP WIDTH="17" VPOS="953" HPOS="360"/>
							<String ID="string_185" HPOS="377" VPOS="953" WIDTH="107" HEIGHT="21" WC="0.96" CONTENT="önskvärd"/><SP WIDTH="16" VPOS="953" HPOS="484"/>
							<String ID="string_186" HPOS="500" VPOS="953" WIDTH="89" HEIGHT="27" WC="0.96" CONTENT="verkan,"/><SP WIDTH="12" VPOS="953" HPOS="589"/>
							<String ID="string_187" HPOS="601" VPOS="953" WIDTH="88" HEIGHT="28" WC="0.95" CONTENT="inbjuda"/><SP WIDTH="15" VPOS="953" HPOS="689"/>
							<String ID="string_188" HPOS="704" VPOS="953" WIDTH="26" HEIGHT="21" WC="0.96" CONTENT="de"/><SP WIDTH="12" VPOS="953" HPOS="730"/>
							<String ID="string_189" HPOS="742" VPOS="953" WIDTH="70" HEIGHT="28" WC="0.93" CONTENT="öfriga"/><SP WIDTH="11" VPOS="953" HPOS="812"/>
							<String ID="string_190" HPOS="823" VPOS="955" WIDTH="58" HEIGHT="20" WC="0.92" CONTENT="stån-"/>
						</TextLine>
						<TextLine ID="line_24" HPOS="129" VPOS="987" WIDTH="751" HEIGHT="28">
							<String ID="string_191" HPOS="129" VPOS="988" WIDTH="42" HEIGHT="21" WC="0.96" CONTENT="den"/><SP WIDTH="19" VPOS="988" HPOS="171"/>
							<String ID="string_192" HPOS="190" VPOS="989" WIDTH="32" HEIGHT="20" WC="0.96" CONTENT="att"/><SP WIDTH="15" VPOS="989" HPOS="222"/>
							<String ID="string_193" HPOS="237" VPOS="988" WIDTH="32" HEIGHT="20" WC="0.93" CONTENT="uti"/><SP WIDTH="16" VPOS="988" HPOS="269"/>
							<String ID="string_194" HPOS="285" VPOS="988" WIDTH="121" HEIGHT="27" WC="0.91" CONTENT="petitionen"/><SP WIDTH="17" VPOS="988" HPOS="406"/>
							<String ID="string_195" HPOS="423" VPOS="987" WIDTH="96" HEIGHT="28" WC="0.96" CONTENT="deltaga,"/><SP WIDTH="16" VPOS="987" HPOS="519"/>
							<String ID="string_196" HPOS="535" VPOS="989" WIDTH="24" HEIGHT="26" WC="0.93" CONTENT="ty"/><SP WIDTH="14" VPOS="989" HPOS="559"/>
							<String ID="string_197" HPOS="573" VPOS="987" WIDTH="161" HEIGHT="28" WC="0.92" CONTENT="ridderskapets"/><SP WIDTH="16" VPOS="987" HPOS="734"/>
							<String ID="string_198" HPOS="750" VPOS="988" WIDTH="40" HEIGHT="21" WC="0.96" CONTENT="och"/><SP WIDTH="15" VPOS="988" HPOS="790"/>
							<String ID="string_199" HPOS="805" VPOS="988" WIDTH="75" HEIGHT="22" WC="0.96" CONTENT="adelns"/>
						</TextLine>
						<TextLine ID="line_25" HPOS="130" VPOS="1021" WIDTH="658" HEIGHT="29">
							<String ID="string_200" HPOS="130" VPOS="1022" WIDTH="95" HEIGHT="21" WC="0.90" CONTENT="enskildt"/><SP WIDTH="16" VPOS="1022" HPOS="225"/>
							<String ID="string_201" HPOS="241" VPOS="1022" WIDTH="81" HEIGHT="21" WC="0.96" CONTENT="fattade"/><SP WIDTH="16" VPOS="1022" HPOS="322"/>
							<String ID="string_202" HPOS="338" VPOS="1022" WIDTH="71" HEIGHT="21" WC="0.96" CONTENT="beslut"/><SP WIDTH="15" VPOS="1022" HPOS="409"/>
							<String ID="string_203" HPOS="424" VPOS="1022" WIDTH="38" HEIGHT="21" WC="0.96" CONTENT="har"/><SP WIDTH="17" VPOS="1022" HPOS="462"/>
							<String ID="string_204" HPOS="479" VPOS="1023" WIDTH="20" HEIGHT="27" WC="0.96" CONTENT="ej"/><SP WIDTH="16" VPOS="1023" HPOS="499"/>
							<String ID="string_205" HPOS="515" VPOS="1022" WIDTH="119" HEIGHT="28" WC="0.96" CONTENT="tillräcklig"/><SP WIDTH="15" VPOS="1022" HPOS="634"/>
							<String ID="string_206" HPOS="649" VPOS="1021" WIDTH="139" HEIGHT="28" WC="0.95" CONTENT="betydenhet."/>
						</TextLine>
					</TextBlock>
					<TextBlock ID="block_5" HPOS="130" VPOS="1056" WIDTH="752" HEIGHT="305">
						<TextLine ID="line_26" HPOS="198" VPOS="1056" WIDTH="682" HEIGHT="28">
							<String ID="string_207" HPOS="198" VPOS="1057" WIDTH="57" HEIGHT="21" WC="0.95" CONTENT="Herr"/><SP WIDTH="24" VPOS="1057" HPOS="255"/>
							<String ID="string_208" HPOS="279" VPOS="1064" WIDTH="41" HEIGHT="14" WC="0.89" CONTENT="von"/><SP WIDTH="23" VPOS="1064" HPOS="320"/>
							<String ID="string_209" HPOS="343" VPOS="1056" WIDTH="199" HEIGHT="28" WC="0.89" CONTENT="Weissenberg:"/><SP WIDTH="25" VPOS="1056" HPOS="542"/>
							<String ID="string_210" HPOS="567" VPOS="1056" WIDTH="79" HEIGHT="22" WC="0.93" CONTENT="Såvida"/><SP WIDTH="22" VPOS="1056" HPOS="646"/>
							<String ID="string_211" HPOS="668" VPOS="1056" WIDTH="150" HEIGHT="28" WC="0.96" CONTENT="ridderskapet"/><SP WIDTH="24" VPOS="1056" HPOS="818"/>
							<String ID="string_212" HPOS="842" VPOS="1058" WIDTH="38" HEIGHT="20" WC="0.96" CONTENT="och"/>
						</TextLine>
						<TextLine ID="line_27" HPOS="130" VPOS="1091" WIDTH="752" HEIGHT="29">
							<String ID="string_213" HPOS="130" VPOS="1092" WIDTH="63" HEIGHT="21" WC="0.96" CONTENT="adeln"/><SP WIDTH="16" VPOS="1092" HPOS="193"/>
							<String ID="string_214" HPOS="209" VPOS="1091" WIDTH="106" HEIGHT="22" WC="0.96" CONTENT="förkastat"/><SP WIDTH="16" VPOS="1091" HPOS="315"/>
							<String ID="string_215" HPOS="331" VPOS="1092" WIDTH="41" HEIGHT="20" WC="0.96" CONTENT="den"/><SP WIDTH="15" VPOS="1092" HPOS="372"/>
							<String ID="string_216" HPOS="387" VPOS="1092" WIDTH="79" HEIGHT="28" WC="0.96" CONTENT="nådiga"/><SP WIDTH="16" VPOS="1092" HPOS="466"/>
							<String ID="string_217" HPOS="482" VPOS="1091" WIDTH="164" HEIGHT="29" WC="0.96" CONTENT="propositionen"/><SP WIDTH="14" VPOS="1091" HPOS="646"/>
							<String ID="string_218" HPOS="660" VPOS="1092" WIDTH="29" HEIGHT="27" WC="0.97" CONTENT="på"/><SP WIDTH="15" VPOS="1092" HPOS="689"/>
							<String ID="string_219" HPOS="704" VPOS="1091" WIDTH="42" HEIGHT="21" WC="0.97" CONTENT="den"/><SP WIDTH="15" VPOS="1091" HPOS="746"/>
							<String ID="string_220" HPOS="761" VPOS="1092" WIDTH="77" HEIGHT="27" WC="0.96" CONTENT="grund,"/><SP WIDTH="12" VPOS="1092" HPOS="838"/>
							<String ID="string_221" HPOS="850" VPOS="1094" WIDTH="32" HEIGHT="19" WC="0.96" CONTENT="att"/>
						</TextLine>
						<TextLine ID="line_28" HPOS="130" VPOS="1125" WIDTH="752" HEIGHT="29">
							<String ID="string_222" HPOS="130" VPOS="1126" WIDTH="86" HEIGHT="21" WC="0.96" CONTENT="ståndet"/><SP WIDTH="22" VPOS="1126" HPOS="216"/>
							<String ID="string_223" HPOS="238" VPOS="1126" WIDTH="37" HEIGHT="21" WC="0.94" CONTENT="vill"/><SP WIDTH="23" VPOS="1126" HPOS="275"/>
							<String ID="string_224" HPOS="298" VPOS="1126" WIDTH="108" HEIGHT="21" WC="0.93" CONTENT="bibehålla"/><SP WIDTH="22" VPOS="1126" HPOS="406"/>
							<String ID="string_225" HPOS="428" VPOS="1126" WIDTH="173" HEIGHT="28" WC="0.91" CONTENT="grundlagarnes"/><SP WIDTH="22" VPOS="1126" HPOS="601"/>
							<String ID="string_226" HPOS="623" VPOS="1125" WIDTH="135" HEIGHT="29" WC="0.96" CONTENT="stadganden"/><SP WIDTH="21" VPOS="1125" HPOS="758"/>
							<String ID="string_227" HPOS="779" VPOS="1126" WIDTH="7" HEIGHT="20" WC="0.95" CONTENT="i"/><SP WIDTH="16" VPOS="1126" HPOS="786"/>
							<String ID="string_228" HPOS="802" VPOS="1126" WIDTH="80" HEIGHT="28" WC="0.96" CONTENT="ämnet,"/>
						</TextLine>
						<TextLine ID="line_29" HPOS="131" VPOS="1160" WIDTH="750" HEIGHT="29">
							<String ID="string_229" HPOS="131" VPOS="1168" WIDTH="64" HEIGHT="21" WC="0.96" CONTENT="synes"/><SP WIDTH="21" VPOS="1168" HPOS="195"/>
							<String ID="string_230" HPOS="216" VPOS="1161" WIDTH="44" HEIGHT="27" WC="0.91" CONTENT="mig"/><SP WIDTH="16" VPOS="1161" HPOS="260"/>
							<String ID="string_231" HPOS="276" VPOS="1160" WIDTH="119" HEIGHT="28" WC="0.91" CONTENT="sjelffallet,"/><SP WIDTH="16" VPOS="1160" HPOS="395"/>
							<String ID="string_232" HPOS="411" VPOS="1162" WIDTH="32" HEIGHT="20" WC="0.96" CONTENT="att"/><SP WIDTH="16" VPOS="1162" HPOS="443"/>
							<String ID="string_233" HPOS="459" VPOS="1160" WIDTH="117" HEIGHT="22" WC="0.96" CONTENT="ständerna"/><SP WIDTH="15" VPOS="1160" HPOS="576"/>
							<String ID="string_234" HPOS="591" VPOS="1160" WIDTH="54" HEIGHT="22" WC="0.96" CONTENT="både"/><SP WIDTH="15" VPOS="1160" HPOS="645"/>
							<String ID="string_235" HPOS="660" VPOS="1161" WIDTH="54" HEIGHT="21" WC="0.96" CONTENT="böra"/><SP WIDTH="15" VPOS="1161" HPOS="714"/>
							<String ID="string_236" HPOS="729" VPOS="1160" WIDTH="40" HEIGHT="21" WC="0.96" CONTENT="och"/><SP WIDTH="16" VPOS="1160" HPOS="769"/>
							<String ID="string_237" HPOS="785" VPOS="1160" WIDTH="74" HEIGHT="22" WC="0.95" CONTENT="kunna"/><SP WIDTH="15" VPOS="1160" HPOS="859"/>
							<String ID="string_238" HPOS="874" VPOS="1162" WIDTH="7" HEIGHT="20" WC="0.96" CONTENT="i"/>
						</TextLine>
						<TextLine ID="line_30" HPOS="131" VPOS="1195" WIDTH="748" HEIGHT="29">
							<String ID="string_239" HPOS="131" VPOS="1196" WIDTH="37" HEIGHT="20" WC="0.96" CONTENT="sitt"/><SP WIDTH="16" VPOS="1196" HPOS="168"/>
							<String ID="string_240" HPOS="184" VPOS="1203" WIDTH="48" HEIGHT="14" WC="0.96" CONTENT="svar"/><SP WIDTH="16" VPOS="1203" HPOS="232"/>
							<String ID="string_241" HPOS="248" VPOS="1196" WIDTH="44" HEIGHT="21" WC="0.93" CONTENT="låta"/><SP WIDTH="15" VPOS="1196" HPOS="292"/>
							<String ID="string_242" HPOS="307" VPOS="1195" WIDTH="77" HEIGHT="29" WC="0.92" CONTENT="inflyta"/><SP WIDTH="15" VPOS="1195" HPOS="384"/>
							<String ID="string_243" HPOS="399" VPOS="1195" WIDTH="42" HEIGHT="21" WC="0.96" CONTENT="den"/><SP WIDTH="16" VPOS="1195" HPOS="441"/>
							<String ID="string_244" HPOS="457" VPOS="1195" WIDTH="90" HEIGHT="28" WC="0.96" CONTENT="önskan,"/><SP WIDTH="11" VPOS="1195" HPOS="547"/>
							<String ID="string_245" HPOS="558" VPOS="1197" WIDTH="32" HEIGHT="19" WC="0.93" CONTENT="att"/><SP WIDTH="10" VPOS="1197" HPOS="590"/>
							<String ID="string_246" HPOS="600" VPOS="1195" WIDTH="182" HEIGHT="29" WC="0.91" CONTENT="författningarne"/><SP WIDTH="12" VPOS="1195" HPOS="782"/>
							<String ID="string_247" HPOS="794" VPOS="1196" WIDTH="23" HEIGHT="20" WC="0.96" CONTENT="af"/><SP WIDTH="10" VPOS="1196" HPOS="817"/>
							<String ID="string_248" HPOS="827" VPOS="1196" WIDTH="52" HEIGHT="20" WC="0.96" CONTENT="1841"/>
						</TextLine>
						<TextLine ID="line_31" HPOS="131" VPOS="1230" WIDTH="751" HEIGHT="29">
							<String ID="string_249" HPOS="131" VPOS="1230" WIDTH="38" HEIGHT="22" WC="0.95" CONTENT="och"/><SP WIDTH="24" VPOS="1230" HPOS="169"/>
							<String ID="string_250" HPOS="193" VPOS="1231" WIDTH="54" HEIGHT="20" WC="0.96" CONTENT="1862"/><SP WIDTH="21" VPOS="1231" HPOS="247"/>
							<String ID="string_251" HPOS="268" VPOS="1230" WIDTH="67" HEIGHT="21" WC="0.93" CONTENT="måtte"/><SP WIDTH="21" VPOS="1230" HPOS="335"/>
							<String ID="string_252" HPOS="356" VPOS="1230" WIDTH="118" HEIGHT="29" WC="0.92" CONTENT="återtagas,"/><SP WIDTH="22" VPOS="1230" HPOS="474"/>
							<String ID="string_253" HPOS="496" VPOS="1230" WIDTH="112" HEIGHT="22" WC="0.96" CONTENT="äfvensom"/><SP WIDTH="20" VPOS="1230" HPOS="608"/>
							<String ID="string_254" HPOS="628" VPOS="1232" WIDTH="31" HEIGHT="19" WC="0.93" CONTENT="att"/><SP WIDTH="19" VPOS="1232" HPOS="659"/>
							<String ID="string_255" HPOS="678" VPOS="1232" WIDTH="86" HEIGHT="19" WC="0.92" CONTENT="tromän"/><SP WIDTH="19" VPOS="1232" HPOS="764"/>
							<String ID="string_256" HPOS="783" VPOS="1230" WIDTH="62" HEIGHT="21" WC="0.96" CONTENT="skola"/><SP WIDTH="15" VPOS="1230" HPOS="845"/>
							<String ID="string_257" HPOS="860" VPOS="1230" WIDTH="22" HEIGHT="21" WC="0.97" CONTENT="få"/>
						</TextLine>
						<TextLine ID="line_32" HPOS="131" VPOS="1264" WIDTH="751" HEIGHT="28">
							<String ID="string_258" HPOS="131" VPOS="1265" WIDTH="85" HEIGHT="27" WC="0.96" CONTENT="åtnjuta"/><SP WIDTH="20" VPOS="1265" HPOS="216"/>
							<String ID="string_259" HPOS="236" VPOS="1272" WIDTH="83" HEIGHT="14" WC="0.95" CONTENT="samma"/><SP WIDTH="20" VPOS="1272" HPOS="319"/>
							<String ID="string_260" HPOS="339" VPOS="1265" WIDTH="101" HEIGHT="27" WC="0.94" CONTENT="trygghet"/><SP WIDTH="21" VPOS="1265" HPOS="440"/>
							<String ID="string_261" HPOS="461" VPOS="1266" WIDTH="39" HEIGHT="20" WC="0.96" CONTENT="och"/><SP WIDTH="16" VPOS="1266" HPOS="500"/>
							<String ID="string_262" HPOS="516" VPOS="1265" WIDTH="111" HEIGHT="26" WC="0.96" CONTENT="säkerhet,"/><SP WIDTH="17" VPOS="1265" HPOS="627"/>
							<String ID="string_263" HPOS="644" VPOS="1272" WIDTH="46" HEIGHT="13" WC="0.93" CONTENT="som"/><SP WIDTH="16" VPOS="1272" HPOS="690"/>
							<String ID="string_264" HPOS="706" VPOS="1264" WIDTH="69" HEIGHT="28" WC="0.92" CONTENT="öfrige"/><SP WIDTH="17" VPOS="1264" HPOS="775"/>
							<String ID="string_265" HPOS="792" VPOS="1265" WIDTH="90" HEIGHT="27" WC="0.92" CONTENT="tjenste-"/>
						</TextLine>
						<TextLine ID="line_33" HPOS="131" VPOS="1299" WIDTH="751" HEIGHT="29">
							<String ID="string_266" HPOS="131" VPOS="1301" WIDTH="57" HEIGHT="25" WC="0.96" CONTENT="män,"/><SP WIDTH="16" VPOS="1301" HPOS="188"/>
							<String ID="string_267" HPOS="204" VPOS="1300" WIDTH="31" HEIGHT="20" WC="0.96" CONTENT="uti"/><SP WIDTH="17" VPOS="1300" HPOS="235"/>
							<String ID="string_268" HPOS="252" VPOS="1307" WIDTH="28" HEIGHT="13" WC="0.95" CONTENT="nu"/><SP WIDTH="16" VPOS="1307" HPOS="280"/>
							<String ID="string_269" HPOS="296" VPOS="1299" WIDTH="165" HEIGHT="28" WC="0.96" CONTENT="ifrågavarande"/><SP WIDTH="16" VPOS="1299" HPOS="461"/>
							<String ID="string_270" HPOS="477" VPOS="1299" WIDTH="111" HEIGHT="22" WC="0.95" CONTENT="afseende."/><SP WIDTH="28" VPOS="1299" HPOS="588"/>
							<String ID="string_271" HPOS="616" VPOS="1299" WIDTH="42" HEIGHT="28" WC="0.96" CONTENT="Jag"/><SP WIDTH="16" VPOS="1299" HPOS="658"/>
							<String ID="string_272" HPOS="674" VPOS="1306" WIDTH="109" HEIGHT="22" WC="0.96" CONTENT="upprepar"/><SP WIDTH="15" VPOS="1306" HPOS="783"/>
							<String ID="string_273" HPOS="798" VPOS="1299" WIDTH="84" HEIGHT="21" WC="0.96" CONTENT="således"/>
						</TextLine>
						<TextLine ID="line_34" HPOS="132" VPOS="1333" WIDTH="557" HEIGHT="28">
							<String ID="string_274" HPOS="132" VPOS="1333" WIDTH="43" HEIGHT="21" WC="0.96" CONTENT="min"/><SP WIDTH="15" VPOS="1333" HPOS="175"/>
							<String ID="string_275" HPOS="190" VPOS="1333" WIDTH="6" HEIGHT="20" WC="0.96" CONTENT="i"/><SP WIDTH="17" VPOS="1333" HPOS="196"/>
							<String ID="string_276" HPOS="213" VPOS="1334" WIDTH="58" HEIGHT="21" WC="0.96" CONTENT="detta"/><SP WIDTH="16" VPOS="1334" HPOS="271"/>
							<String ID="string_277" HPOS="287" VPOS="1333" WIDTH="56" HEIGHT="28" WC="0.96" CONTENT="syfte"/><SP WIDTH="14" VPOS="1333" HPOS="343"/>
							<String ID="string_278" HPOS="357" VPOS="1333" WIDTH="58" HEIGHT="21" WC="0.96" CONTENT="förut"/><SP WIDTH="15" VPOS="1333" HPOS="415"/>
							<String ID="string_279" HPOS="430" VPOS="1333" WIDTH="136" HEIGHT="22" WC="0.96" CONTENT="framställda"/><SP WIDTH="15" VPOS="1333" HPOS="566"/>
							<String ID="string_280" HPOS="581" VPOS="1333" WIDTH="108" HEIGHT="21" WC="0.96" CONTENT="anhållan."/>
						</TextLine>
					</TextBlock>
					<TextBlock ID="block_6" HPOS="131" VPOS="1367" WIDTH="751" HEIGHT="98">
						<TextLine ID="line_35" HPOS="199" VPOS="1367" WIDTH="683" HEIGHT="28">
							<String ID="string_281" HPOS="199" VPOS="1368" WIDTH="58" HEIGHT="21" WC="0.93" CONTENT="Herr"/><SP WIDTH="16" VPOS="1368" HPOS="257"/>
							<String ID="string_282" HPOS="273" VPOS="1368" WIDTH="175" HEIGHT="21" WC="0.91" CONTENT="Silfversvan:"/><SP WIDTH="17" VPOS="1368" HPOS="448"/>
							<String ID="string_283" HPOS="465" VPOS="1369" WIDTH="65" HEIGHT="21" WC="0.92" CONTENT="Hvad"/><SP WIDTH="15" VPOS="1369" HPOS="530"/>
							<String ID="string_284" HPOS="545" VPOS="1369" WIDTH="86" HEIGHT="20" WC="0.91" CONTENT="tromän"/><SP WIDTH="14" VPOS="1369" HPOS="631"/>
							<String ID="string_285" HPOS="645" VPOS="1367" WIDTH="110" HEIGHT="28" WC="0.96" CONTENT="beträffar,"/><SP WIDTH="16" VPOS="1367" HPOS="755"/>
							<String ID="string_286" HPOS="771" VPOS="1368" WIDTH="24" HEIGHT="20" WC="0.97" CONTENT="så"/><SP WIDTH="14" VPOS="1368" HPOS="795"/>
							<String ID="string_287" HPOS="809" VPOS="1369" WIDTH="23" HEIGHT="20" WC="0.93" CONTENT="är"/><SP WIDTH="14" VPOS="1369" HPOS="832"/>
							<String ID="string_288" HPOS="846" VPOS="1367" WIDTH="36" HEIGHT="22" WC="0.91" CONTENT="de-"/>
						</TextLine>
						<TextLine ID="line_36" HPOS="131" VPOS="1403" WIDTH="751" HEIGHT="26">
							<String ID="string_289" HPOS="131" VPOS="1408" WIDTH="34" HEIGHT="13" WC="0.94" CONTENT="ras"/><SP WIDTH="22" VPOS="1408" HPOS="165"/>
							<String ID="string_290" HPOS="187" VPOS="1403" WIDTH="104" HEIGHT="26" WC="0.96" CONTENT="rättighet"/><SP WIDTH="20" VPOS="1403" HPOS="291"/>
							<String ID="string_291" HPOS="311" VPOS="1403" WIDTH="6" HEIGHT="19" WC="0.93" CONTENT="i"/><SP WIDTH="22" VPOS="1403" HPOS="317"/>
							<String ID="string_292" HPOS="339" VPOS="1403" WIDTH="138" HEIGHT="20" WC="0.92" CONTENT="omförmäldt"/><SP WIDTH="19" VPOS="1403" HPOS="477"/>
							<String ID="string_293" HPOS="496" VPOS="1403" WIDTH="103" HEIGHT="20" WC="0.96" CONTENT="afseende"/><SP WIDTH="16" VPOS="1403" HPOS="599"/>
							<String ID="string_294" HPOS="615" VPOS="1403" WIDTH="19" HEIGHT="26" WC="0.96" CONTENT="ej"/><SP WIDTH="17" VPOS="1403" HPOS="634"/>
							<String ID="string_295" HPOS="651" VPOS="1403" WIDTH="6" HEIGHT="18" WC="0.93" CONTENT="i"/><SP WIDTH="16" VPOS="1403" HPOS="657"/>
							<String ID="string_296" HPOS="673" VPOS="1403" WIDTH="161" HEIGHT="26" WC="0.91" CONTENT="grundlagarne"/><SP WIDTH="16" VPOS="1403" HPOS="834"/>
							<String ID="string_297" HPOS="850" VPOS="1405" WIDTH="32" HEIGHT="17" WC="0.90" CONTENT="ut-"/>
						</TextLine>
						<TextLine ID="line_37" HPOS="131" VPOS="1435" WIDTH="751" HEIGHT="30">
							<String ID="string_298" HPOS="131" VPOS="1435" WIDTH="64" HEIGHT="27" WC="0.92" CONTENT="talad,"/><SP WIDTH="16" VPOS="1435" HPOS="195"/>
							<String ID="string_299" HPOS="211" VPOS="1435" WIDTH="102" HEIGHT="22" WC="0.91" CONTENT="hvarföre"/><SP WIDTH="13" VPOS="1435" HPOS="313"/>
							<String ID="string_300" HPOS="326" VPOS="1436" WIDTH="39" HEIGHT="28" WC="0.96" CONTENT="jag"/><SP WIDTH="15" VPOS="1436" HPOS="365"/>
							<String ID="string_301" HPOS="380" VPOS="1443" WIDTH="70" HEIGHT="20" WC="0.96" CONTENT="anser,"/><SP WIDTH="17" VPOS="1443" HPOS="450"/>
							<String ID="string_302" HPOS="467" VPOS="1438" WIDTH="31" HEIGHT="19" WC="0.96" CONTENT="att"/><SP WIDTH="16" VPOS="1438" HPOS="498"/>
							<String ID="string_303" HPOS="514" VPOS="1435" WIDTH="116" HEIGHT="23" WC="0.96" CONTENT="ständerna"/><SP WIDTH="12" VPOS="1435" HPOS="630"/>
							<String ID="string_304" HPOS="642" VPOS="1436" WIDTH="52" HEIGHT="22" WC="0.93" CONTENT="böra"/><SP WIDTH="10" VPOS="1436" HPOS="694"/>
							<String ID="string_305" HPOS="704" VPOS="1436" WIDTH="132" HEIGHT="29" WC="0.90" CONTENT="petitionera"/><SP WIDTH="12" VPOS="1436" HPOS="836"/>
							<String ID="string_306" HPOS="848" VPOS="1442" WIDTH="34" HEIGHT="15" WC="0.96" CONTENT="om"/>
						</TextLine>
					</TextBlock>
				</ComposedBlock>
			</PrintSpace>
		</Page>
	</Layout>
</alto>
