1036 1739
192 128 42 21 410

331 195 113 29 Samma
465 196 68 37 dag,
555 196 40 27 kl.
618 196 17 26 5
658 206 22 17 e.
702 206 36 17 m.

229 240 58 22 Herr
303 240 144 21 ordföranden
468 240 150 28 tillkännagaf,
634 242 31 19 att
685 242 58 19 ätten
760 247 34 14 n:o
812 241 39 21 196
866 247 43 15 von

163 275 133 22 Heidemans
316 275 131 27 fullmäktig,
463 274 51 22 herr
528 274 153 28 Nordensvan,
703 275 32 26 G.,
756 275 106 21 inlemnat
877 275 33 21 sin

162 310 87 28 pollett,
266 310 40 21 och
326 316 45 14 som
392 310 42 20 han
450 310 56 20 varit
521 310 116 28 suppleant
651 310 7 20 i
674 310 59 20 såväl
748 310 161 28 ridderskapets

162 345 39 21 och
222 344 74 22 adelns
317 344 99 21 enskilda
431 344 178 26 besvärsutskott,
625 351 46 14 som
687 344 110 21 allmänna
810 344 99 21 besvärs-

161 379 113 27 utskottet,
295 378 135 28 uppmanade
451 379 51 20 herr
522 378 146 22 ordföranden
688 379 74 21 herrar
778 378 108 22 elektorer
902 379 7 20 i

161 414 96 21 ståndets
275 413 70 28 tredje
361 413 58 21 klass
438 415 32 19 att
488 413 7 21 i
513 413 50 21 herr
578 413 158 25 Nordensvans,
748 413 62 21 ställe
827 413 82 28 utvälja

161 456 29 21 ny
206 448 114 29 suppleant
335 448 33 20 till
384 447 66 29 sagde
465 448 89 20 utskott.

223 506 122 21 Fortsattes
356 505 50 21 med
417 505 42 21 den
470 506 69 21 under
547 505 150 29 förmiddagen
706 505 103 28 vidtagna
817 506 90 28 gransk-

160 542 81 28 ningen
260 541 24 22 af
302 542 154 20 sammansatta
472 542 63 20 stats-
551 540 39 22 och
606 540 250 28 bevillningsutskottets
871 541 37 21 be-

160 576 109 22 tänkande
284 576 8 20 i
308 575 117 28 anledning
445 575 24 21 af
486 575 79 29 nådiga
584 575 164 28 propositionen
769 582 35 14 n:o
824 576 28 21 30
872 582 35 15 om

160 610 94 22 revision
273 610 24 22 af
312 610 183 28 författningarne
512 610 111 28 angående
639 610 268 28 kartasigillata-afgiften,

160 645 89 22 hvarvid
260 644 103 22 rubriken
375 644 150 30 pensionsbref
533 644 60 21 sidan
605 645 28 20 20
643 652 29 13 nu
683 644 67 28 följde
761 645 7 20 i
780 644 127 29 ordningen.

227 679 153 22 Betänkandet
391 679 111 28 angående
512 679 70 22 denna
590 679 75 21 rubrik
675 681 77 26 antogs
761 679 146 22 oförändradt.

227 715 102 21 Rörande
349 714 112 28 kartering
480 714 24 21 af
517 714 158 29 privilegiibref
687 714 40 21 och
746 714 160 22 tillständsreso-

159 751 65 21 lution
239 749 86 29 yttrade

226 785 59 20 Herr
304 790 42 15 von
366 783 78 27 Born,
464 783 20 21 J.
501 783 37 21 A.:
557 783 139 21 Beträffande
719 783 160 28 privilegiibref
895 784 12 21 å

158 819 134 22 inrättandet
307 818 23 21 af
344 818 94 28 apothek
448 818 7 20 i
466 818 53 27 stad,
532 824 63 15 anser
608 818 39 27 jag
662 818 28 28 på
704 817 26 21 de
742 818 54 27 skäl,
807 825 46 14 som
863 818 43 22 för-

159 854 73 21 anledt
252 853 45 28 mig
317 855 31 18 att
368 853 115 20 hemställa
498 859 34 14 om
553 852 58 21 olika
626 852 112 28 kartering
756 852 34 21 för
805 853 102 28 borgare-

158 889 56 26 bref,
235 890 32 19 att
287 888 36 21 det
344 887 20 28 ej
384 889 24 19 är
423 887 99 28 lämpligt
537 888 32 19 att
585 887 92 27 belägga
696 887 161 28 privilegiibref
873 889 34 21 för

156 923 123 22 inrättande
296 922 23 21 af
335 921 95 28 apothek
448 921 48 21 med
513 921 45 21 lika
577 921 63 20 karta
660 921 33 20 för
713 921 42 21 alla
774 923 65 26 orter,
854 924 53 20 utan

157 965 65 22 synes
237 957 46 28 mig
298 956 56 21 hvad
368 956 42 20 den
426 955 79 28 nådiga
520 955 164 28 propositionen
698 955 121 22 innehåller
829 957 7 20 i
848 957 59 22 detta

157 992 102 22 afseende
276 998 40 20 ega
331 990 109 21 företräde
456 989 90 22 framför
562 989 116 21 utskottets
694 989 88 28 förslag.

224 1026 32 21 På
276 1025 50 21 herr
343 1024 155 21 ordförandens
514 1024 7 20 i
537 1023 119 28 anledning
671 1024 64 21 häraf
748 1024 78 28 gjorda
841 1025 65 22 fram-

157 1061 113 27 ställning,
291 1059 89 22 beslöts:
402 1060 32 19 att
454 1058 42 21 den
517 1058 68 21 under
605 1065 29 14 nu
650 1058 164 28 ifrågavarande
831 1060 75 21 rubrik

153 1094 158 31 privilegiibref
328 1095 111 26 upptagna
454 1093 107 28 punkten:
578 1093 45 26 ,2:0
640 1093 33 20 till
684 1093 124 22 inrättande
822 1094 23 21 af
854 1101 51 22 apo-

156 1130 38 21 tek
217 1129 8 21 i
245 1129 47 20 stad
313 1129 26 20 60
355 1129 55 19 samt
425 1128 28 27 på
468 1127 149 28 landsbygden
633 1128 47 26 20",
697 1127 69 21 skulle
782 1135 25 14 ur
823 1129 83 20 utskot-

156 1166 42 19 tets
218 1163 137 22 betänkande
375 1162 59 27 utgå,
456 1164 56 19 samt
530 1162 7 20 i
557 1162 49 20 dess
627 1162 62 20 ställe
711 1162 91 21 insättas
824 1170 81 14 samma

156 1198 69 29 punkt
240 1198 48 21 från
304 1197 41 21 den
360 1197 80 26 nådiga
456 1196 169 28 propositionen,
641 1196 127 28 sålydande:

157 1234 46 25 »2:0
220 1233 33 20 till
268 1231 123 21 inrättande
406 1231 24 20 af
444 1231 89 27 apotek:

156 1268 7 20 i
178 1267 146 27 Helsingfors,
342 1254 52 43 Åbo,
410 1266 88 26 B:borg,
515 1266 111 26 Uleåborg
639 1266 40 20 och
695 1266 93 27 Wiborg
811 1267 37 20 80:
864 1278 25 4 —

155 1301 7 20 i
177 1300 83 28 Borgå,
276 1299 128 26 Brahestad,
420 1299 176 26 Fredrikshamn,
613 1298 176 28 Gamlakarleby,

198 1334 126 26 Jakobstad,
339 1332 155 28 Kristinestad,
510 1332 93 29 Kuopio,
618 1332 86 28 Lovisa,
720 1333 68 20 Niko-

197 1368 85 27 laistad,
293 1368 133 28 Nykarleby,
439 1368 146 21 Tammerfors
597 1367 40 21 och
653 1367 134 21 Tavastehus
810 1368 37 21 60:
863 1381 27 2 —

155 1404 6 20 i
178 1404 71 28 någon
265 1403 23 21 af
302 1403 104 21 Finlands
422 1402 70 29 öfriga
508 1402 72 22 städer
603 1419 5 4 .
639 1419 4 4 .
675 1418 4 5 .
710 1419 4 4 .
746 1419 4 4 .
781 1420 5 4 .
809 1404 37 20 40:
864 1416 24 3 —

155 1440 55 21 samt
225 1438 28 29 på
268 1438 164 28 landsbygden.
462 1453 5 8 ,
498 1453 4 6 «
533 1454 4 5 <
567 1453 5 5 +
603 1454 4 4 <
639 1454 4 5 «
674 1454 4 5 «oo
710 1454 4 4 «
745 1454 4 4 «
780 1454 5 4 +»
809 1438 37 22 30:
861 1440 40 14 —€
