1036 1781
815 124 41 21 509

135 188 50 28 ken,
196 196 35 14 om
245 188 49 22 icke
309 188 152 30 ridderskapet
476 189 40 21 och
530 188 64 22 adeln
604 189 52 22 ville
666 189 74 22 skrida
750 190 33 20 till
794 189 91 23 berörde

135 223 44 28 val,
195 224 28 28 på
239 225 42 20 sätt
296 224 86 21 ståndet
397 224 68 28 ansåg
483 224 121 22 detsamma
618 224 125 28 lämpligast
758 224 74 22 kunna
842 224 43 22 för-

136 258 68 29 siggå.

203 293 58 21 Herr
277 300 43 14 von
335 293 79 27 Born,
431 293 20 22 J.
467 293 34 27 A.,
520 293 97 27 begärde
637 293 53 21 härå
709 293 63 22 ordet
787 294 40 20 och
843 296 42 26 ytt-

135 328 62 21 rade:
217 327 44 28 Jag
281 327 34 21 får
334 327 130 28 framställa,
480 334 35 15 om
530 326 37 23 det
586 327 49 22 icke
655 334 51 15 vore
725 328 109 28 lämpligt,
854 330 31 20 att

136 362 59 22 detta
209 362 36 21 val
260 362 79 22 liksom
354 362 69 22 andra
437 362 51 22 sker
503 368 80 22 genom
598 362 116 22 elektorer.

203 396 49 22 Den
267 397 24 21 af
304 397 50 21 herr
370 390 199 29 landtmarskalken
580 396 7 22 i
598 396 99 29 enlighet
708 397 90 21 härmed
808 398 77 28 gjorda

135 431 162 29 framställning
311 431 73 21 bifölls
400 432 107 28 enhälligt
521 431 24 22 af
558 431 96 28 ståndet,
669 431 111 22 hvarefter

204 466 81 22 Grefve
306 466 103 21 Creutz
428 466 95 28 yttrade:
538 466 68 22 Detta
621 466 35 22 val
672 466 61 22 torde
748 467 36 21 väl
797 466 88 22 komma

137 502 31 20 att
188 500 98 29 försiggå
305 501 28 27 på
353 508 82 14 samma
450 502 50 26 sätt,
516 508 46 14 som
577 501 58 21 valet
650 501 24 21 af
686 501 121 21 ledamöter
822 502 6 21 i
844 502 41 21 tal-

137 534 196 28 manskonklaven,
348 536 111 28 nemligen
475 536 30 26 så,
520 537 32 20 att
567 535 43 21 alla
626 535 109 22 elektorer
750 538 136 26 gemensamt

137 569 65 29 välja,
218 570 39 21 och
273 569 51 23 ville
337 570 39 28 jag
392 570 110 21 dessutom
512 569 122 28 hemställa,
645 576 35 15 om
695 570 20 28 ej
732 576 26 15 en
770 570 115 29 suppleant

136 604 71 22 tillika
227 604 67 22 borde
314 606 66 26 utses,
402 606 23 27 ty
445 604 36 22 det
500 604 72 22 kunde
591 604 81 28 hända,
691 606 31 20 att
738 604 41 22 den
794 605 91 22 utsedde

136 645 108 22 personen
264 639 63 29 doge,
345 639 68 22 innan
428 639 43 22 han
487 639 79 22 hunnit
580 638 100 29 uppfylla
694 639 122 29 uppdraget
831 639 54 22 eller

137 673 129 22 annorledes
281 680 52 15 vore
348 673 127 22 förhindrad
490 675 32 21 att
536 673 121 22 detsamma
672 673 100 28 fullgöra.

205 707 59 22 Enär
280 708 41 21 den
336 709 24 20 af
370 709 50 20 herr
430 708 201 22 landtmarskalken
642 708 6 21 i
660 708 225 22 öfverensstämmelse

137 743 90 21 härmed
249 742 136 22 framställda
407 743 62 28 fråga
491 743 24 21 af
535 742 87 22 ståndet
644 743 82 26 bifölls,
747 743 138 29 uppmanade

136 777 51 22 herr
202 777 199 22 landtmarskalken
416 777 97 22 ståndets
528 777 102 28 samtliga
645 777 115 28 elektorer,
776 779 32 20 att
820 777 66 22 bland

137 811 85 22 landets
236 812 128 29 ridderskap
380 812 41 21 och
436 811 49 22 adel
500 812 103 28 antingen
618 811 60 22 inom
694 811 54 22 eller
762 814 60 19 utom
837 812 48 21 dess

137 846 40 21 här
197 847 131 22 församlade
346 847 142 21 medlemmar
502 847 34 21 för
551 846 94 22 nämnde
662 846 99 22 ändamål
777 848 47 20 utse
840 853 45 15 om-

137 880 43 22 bud
196 881 40 22 och
252 881 90 22 ombuds
358 881 115 29 suppleant
488 881 33 22 för
536 881 94 21 ståndet.

205 916 173 29 Ridderskapets
398 916 40 21 och
459 916 74 21 adelns
549 915 156 22 ofvanstående
720 916 72 21 beslut
808 916 77 28 ansågs

138 953 77 26 genast
232 951 109 28 justeradt
362 951 39 21 och
422 957 27 15 en
467 950 128 29 deputation
610 950 43 22 fick
668 950 34 28 sig
716 951 123 28 uppdraget
854 953 32 19 att

137 985 100 22 meddela
252 985 120 22 detsamma
386 985 27 22 de
429 985 71 29 öfriga
515 985 97 22 stånden.

206 1055 122 21 Fortsattes
343 1055 50 21 med
408 1055 43 21 den
466 1055 37 21 vid
517 1054 162 29 ridderskapets
695 1055 39 21 och
745 1054 75 22 adelns
831 1062 54 15 sam-

139 1089 112 21 manträde
267 1089 41 21 den
324 1090 13 20 5
352 1089 147 22 innevarande
513 1089 96 22 februari
624 1088 119 29 påbörjade
758 1089 129 28 gransknin-

139 1130 42 21 gen
197 1123 24 21 af
234 1123 233 23 ekonomieutskottets
482 1123 138 22 betänkande
635 1129 35 15 n:o
686 1124 12 20 5
713 1123 7 21 i
736 1123 119 29 anledning
865 1124 25 21 af

139 1158 79 28 nådiga
233 1159 165 28 propositionen
413 1165 35 15 n:o
464 1160 27 20 26
506 1157 112 30 angående
632 1157 254 23 kommunalförvaltnin-

139 1199 42 22 gen
200 1193 29 28 pä
247 1193 84 28 landet,
350 1193 90 22 hvarvid
456 1193 159 22 betänkandets
632 1193 26 20 10
672 1193 13 28 &
699 1193 120 28 upplästes,
835 1193 52 22 derå

209 1227 80 23 Grefve
308 1228 102 22 Creutz
429 1228 73 22 anhöll
522 1235 35 15 om
578 1227 62 22 ordet
658 1227 40 22 och
712 1227 96 29 yttrade:
823 1228 65 22 Hvad

140 1262 68 21 första
223 1265 120 19 momentet
357 1263 7 20 i
382 1264 25 20 10
426 1264 11 27 $
453 1263 109 27 beträffar,
577 1263 24 20 sä
616 1262 39 21 har
667 1263 49 27 jag,
732 1262 7 21 i
754 1262 69 22 likhet
838 1263 49 21 med

140 1297 93 21 flertalet
249 1297 133 29 deputerade
396 1297 25 22 af
433 1297 65 22 adeln
513 1297 40 22 och
568 1297 165 27 bondeståndet,
744 1296 85 23 förenat
842 1298 45 27 mig

140 1337 35 15 om
196 1331 36 21 det
252 1332 92 21 sednare
362 1332 149 27 alternativet,
525 1332 29 28 pä
569 1331 27 21 de
612 1332 100 27 grunder,
729 1337 46 16 som
791 1332 7 21 i
812 1331 75 22 betän-

140 1365 80 22 kandet
235 1366 64 22 äfven
314 1368 37 19 äro
366 1367 141 21 framställda.
533 1366 43 28 Jag
592 1372 64 15 anser
671 1366 36 21 det
718 1373 51 14 vara
785 1368 56 19 orätt
856 1368 32 19 att

140 1400 73 20 lemna
233 1407 26 13 en
280 1400 86 27 landbo,
382 1400 126 21 arrendator
523 1400 53 21 eller
598 1399 178 22 hälftenbrukare
794 1400 93 21 ovilkor-

140 1432 32 29 lig
189 1434 43 20 rätt
252 1435 32 20 att
304 1435 58 21 rösta
381 1434 35 21 för
436 1433 41 22 den
496 1433 103 29 lägenhet
617 1433 42 21 han
676 1432 98 28 innehar,
790 1433 26 21 då
832 1433 55 21 deri-
