1036 1809
197 130 41 21 402

237 195 139 21 Beträffande
393 195 144 29 borgarebrefs
552 196 113 27 kartering
680 196 85 27 yttrade

236 230 59 21 Herr
310 236 42 15 von
368 230 79 26 Born,
457 230 28 20 K.
495 229 32 21 F::
543 230 11 20 I
570 230 226 21 öfverensstämmelse
811 230 50 21 med
874 230 42 21 den

169 264 91 28 princip,
281 271 46 14 som
346 266 23 18 är
390 264 123 28 föreslagen
533 265 7 19 i
557 264 79 28 nädiga
656 265 174 28 propositionen,
846 265 70 20 skulle

166 300 40 27 jag
225 298 123 27 hemställa,
370 305 35 14 om
423 299 20 28 ej
463 298 57 21 olika
538 298 113 29 kartering
665 299 67 22 borde
748 299 38 21 ske
803 299 55 22 efter
873 300 43 20 stä-

168 334 78 21 dernas
259 333 165 22 klassifikation.
455 333 43 21 Till
514 333 48 21 stöd
577 333 86 22 derföre
677 333 32 22 fär
719 335 40 27 jag
770 334 94 28 äberopa
875 334 41 21 den

169 369 23 21 af
212 369 164 28 borgmästaren
397 368 96 21 Juselius
513 368 7 21 i
540 368 108 21 utskottet
670 369 83 28 afgifna
775 369 140 21 reservation.

169 403 43 28 Jag
231 403 40 22 ber
291 405 32 19 att
337 403 22 21 fä
374 403 102 28 upplysa,
492 405 31 18 att
539 410 81 14 samma
636 403 70 28 grund
720 404 34 21 för
768 404 112 28 kartering
895 404 24 21 af

170 438 142 28 borgarebref
325 437 65 22 äfven
406 439 23 19 är
444 437 109 22 fastställd
568 438 7 20 i
591 437 97 28 Sverige.

236 473 58 20 Herr
308 479 42 14 von
364 472 78 27 Born,
457 472 20 21 J.
488 473 33 20 A.:
536 472 12 21 I
563 473 97 28 enlighet
675 473 49 20 med
739 473 57 21 hvad
808 473 39 28 jag
862 473 7 21 i
883 475 33 19 ut-

169 507 82 21 skottet
270 508 75 27 yttrat,
361 514 63 14 anser
441 507 49 28 jag,
506 507 44 21 lika
570 507 50 21 med
639 507 131 28 föregäende
786 508 78 26 talare,
880 508 37 21 det

168 550 52 14 vara
234 544 44 19 rätt
294 542 39 21 och
349 542 78 27 billigt,
443 544 31 19 att
489 542 143 28 borgarebref
642 542 49 21 icke
702 543 6 20 i
720 543 42 21 alla
773 542 72 21 städer
856 543 61 20 skola

168 577 98 21 karteras
290 577 51 20 lika.
372 576 168 28 Otvifvelaktigt
563 578 23 19 är
607 577 36 20 det
662 579 44 18 stor
728 577 86 20 skilnad
835 577 80 21 mellan

168 612 98 21 rörelsen
281 611 8 21 i
304 612 70 20 större
393 611 40 21 och
448 611 84 21 mindre
548 611 78 27 städer,
642 611 40 21 och
697 611 138 28 följaktligen
852 611 63 22 äfven

168 647 7 20 i
196 646 41 21 den
255 646 103 26 inkomst,
378 645 122 22 handlande
520 646 6 20 i
547 646 58 21 olika
625 646 72 21 städer
716 647 74 20 kunna
811 647 104 27 päräkna.

169 681 53 21 Skäl
237 687 65 22 synes
318 680 83 21 således
418 681 19 27 ej
454 687 51 14 vara
520 680 128 27 förhanden,
660 682 31 19 att
702 681 6 20 i
720 681 77 21 sådant
812 681 102 21 afseende

168 715 96 21 likställa
279 715 85 20 landets
379 715 100 28 samtlige
494 715 79 27 städer,
584 716 53 19 utan
650 715 33 20 får
691 715 38 28 jag
740 715 110 21 vördsamt
860 716 55 21 före-

170 749 33 21 slå
223 756 26 14 en
268 749 114 28 gradation
398 749 23 21 af
435 749 101 21 städerna
550 749 8 21 i
574 749 59 21 detta
648 749 124 22 hänseende
788 749 7 21 i
810 751 32 20 tre
859 750 58 21 olika

169 783 98 28 klasser
262 779 13 38 ,
283 784 28 28 på
326 783 96 28 följande
443 785 52 20 sätt:

236 835 132 30 Borgarebre;

168 870 15 21 I
193 870 145 29 Helsingfors,
374 870 34 27 Åbo,
423 870 141 29 Björneborg,
583 871 103 28 Uleåborg
703 871 36 21 och
757 871 43 22 Wi-

218 906 61 28 borg:
825 913 49 17 Mark
887 913 29 22 p:i.

168 940 33 21 för
217 939 166 29 grosshandlare
406 956 5 5 .
442 956 4 5 .
477 956 4 5 .
512 956 5 5 .
582 956 216 5 e.
828 943 37 20 80:
889 955 27 2 —

178 991 9 10 »
217 975 33 20 in-
266 975 40 20 och
321 975 83 21 utrikes
419 956 132 40 Handlande
582 991 40 4 vor
829 977 36 21 60:
888 990 29 3 —

178 1025 9 11 »
219 1016 70 14 annan
310 1009 132 28 handlande,
458 1009 102 28 fabrikör,
576 987 168 55 manufakturist
758 991 42 40 och

219 1044 116 28 sjökapten
372 1060 4 4 .
407 1060 4 5 .
442 1060 5 5 .
829 1047 37 20 40:
891 1059 24 3 —

178 1094 9 11 »
218 1078 207 29 Östersjöskeppare,
439 1060 159 40 handtrerkare
610 1060 48 39 ot.
665 1086 71 15 annan
751 1061 49 40 Pör-

219 1120 51 21 gAÖ
301 1129 5 4 se
336 1129 5 5 e
372 1129 40 5 kse
442 1129 5 5 a
478 1129 4 5 N
513 1129 39 5 an
583 1129 5 5 is
618 1129 40 5 61
689 1130 4 5 RK
724 1130 39 5 RR
794 1131 5 4 KR
830 1116 35 21 ÖN
889 1129 27 3 —

836 1140 10 10 7

168 1165 16 20 I
195 1165 82 28 Borgå,
293 1165 129 27 Brahestad,
438 1166 172 28 Fredrikshamn,
629 1165 169 29 Gamlakarleby,

218 1199 126 28 Jakobstad,
360 1200 147 27 Kristinestad,
518 1200 84 28 Lovisa,
613 1200 138 22 Nikolaistad
764 1202 36 20 och

218 1233 135 29 Nykarleby:

168 1268 33 21 för
217 1268 166 27 grosshandlare
406 1284 5 5 .
442 1284 4 5 .
477 1285 5 4 .
545 1285 42 5 Koo
618 1285 40 4 koa
689 1285 39 5 rs
759 1286 5 5 Rv
794 1286 5 5 4
830 1272 36 20 50:
890 1285 25 2 —

178 1318 10 11 n
218 1302 32 21 in-
267 1303 40 20 och
320 1303 83 20 utrikes
418 1285 122 39 handlande
582 1319 40 5 ko
828 1306 37 21 40:
890 1319 24 3 —

219 1343 72 14 annan
310 1337 132 27 handlande,
458 1337 103 27 fabrikör,
576 1315 169 54 manufakturist
759 1320 40 39 och

219 1369 116 28 sjökapten
372 1385 4 5 .
406 1386 5 4 .
442 1386 5 5 .
829 1374 36 20 20:
887 1386 29 3 —

168 1403 34 22 för
218 1404 207 28 östersjöskeppare,
440 1386 160 40 handtyerkare
614 1387 44 39 ock
664 1412 70 15 annan
751 1388 49 39 hor-

219 1445 52 22 Bare
301 1437 40 35 soc
371 1443 545 21 rr
687 1437 49 35 ss
789 1437 19 35 N
823 1437 49 35 20:
891 1437 27 35 —
