1073 1759
842 124 38 20 123

161 185 39 22 och
221 186 173 28 vakanslängder
413 194 27 13 m.
460 194 27 13 m.
504 187 35 21 må
555 192 50 16 utan
620 188 81 28 ökning
716 189 53 21 oller
784 188 126 28 minskning

159 220 75 20 kunna
249 221 135 20 verkställas.
407 221 116 21 Likaledes
539 228 50 14 vore
606 222 36 20 det
656 223 79 27 vigtigt
745 224 32 19 att
787 225 55 25 veta,
854 224 56 20 hvad

159 254 118 27 inflytande
296 255 155 27 förändringen
470 256 72 20 kunde
563 256 64 20 hafva
643 257 27 26 på
685 257 49 19 hela
749 257 85 20 landets
850 258 60 20 char-

159 288 77 20 teverk
252 288 39 21 och
308 288 72 21 dertill
396 289 95 21 hörande
507 289 210 28 ägobeskrifningar,
729 292 52 19 enär
792 291 37 20 det
839 292 72 26 gamla

159 322 114 20 tunlandet
289 323 19 26 ej
326 322 61 20 torde
403 323 74 20 kunna
493 323 120 21 bibehållas
625 330 34 14 om
671 324 36 20 det
718 324 72 27 gamla
801 324 45 21 aln-
858 324 52 21 eller

159 356 110 20 fotmåttet
285 356 129 21 försvinner.

227 390 43 21 Vid
287 391 76 20 sådant
382 390 146 28 förhållande,
545 391 40 21 och
600 391 6 21 i
622 392 103 20 händelse
741 399 26 14 en
783 392 128 28 förändring

159 424 24 21 af
204 432 29 13 nu
256 425 100 27 gällande
379 425 60 28 lagar
457 425 92 21 rörande
568 426 64 26 mått,
651 426 43 20 mål
713 427 39 20 och
771 427 57 27 vigt,
847 434 63 13 anses

158 459 68 28 nödig
241 460 39 20 och
296 459 140 21 medförande
452 461 70 19 större
537 460 95 21 fördelar
647 462 27 19 än
691 460 147 28 olägenheter,
854 462 56 20 före-

159 494 43 20 slår
214 494 40 27 jag
270 501 26 13 en
312 493 136 29 underdånig
462 494 141 27 hemställan,
618 496 32 20 att
664 494 62 21 Hans
741 495 104 28 Majestät
860 496 51 20 ville

159 529 45 19 låta
220 535 78 21 genom
318 528 136 28 sakkunnige
473 531 51 19 män
543 529 129 27 undersöka,
688 529 107 21 huruvida
811 532 31 18 ett
858 530 52 20 enk-

159 562 45 21 lare
221 564 80 26 system
317 563 34 21 för
366 563 65 27 mått,
447 564 42 20 mål
506 564 40 20 och
561 564 56 27 vigt,
633 565 27 19 än
677 564 36 20 det
728 564 132 27 nuvarande,
876 565 35 20 må

160 597 74 20 kunna
253 599 52 19 utan
321 597 121 27 väsentliga
458 598 143 27 olägenheter
616 598 40 20 och
673 598 77 20 oredor
766 598 35 20 vid
818 598 93 28 tillämp-

159 631 82 27 ningen
264 631 171 27 åstadkommas,
454 632 40 20 och
514 632 47 20 ifall
581 632 23 20 så
621 632 108 27 befinnes,
748 632 45 21 låta
812 633 100 20 utarbeta

160 666 138 27 fullständigt
316 666 82 27 förslag
413 666 7 20 i
436 667 74 20 ämnet
528 668 56 19 samt
604 666 113 28 förelägga
737 666 119 22 detsamma
876 667 36 21 vid

160 702 63 19 nästa
238 700 110 28 landtdag.

229 735 39 20 Att
286 736 40 26 jag
346 735 98 26 föreslår,
466 735 36 21 det
522 736 93 20 nämnde
635 736 82 27 förslag
737 736 35 20 må
789 736 124 28 föreläggas

161 769 117 21 ständerne
294 769 40 21 och
348 769 155 28 förändringen
519 770 48 20 icke
583 770 51 20 bero
651 770 28 27 på
692 770 143 28 regeringens
850 770 62 28 godt-

161 803 108 27 finnande,
286 803 94 28 grundar
396 804 33 27 sig
443 804 73 28 derpå,
532 806 32 18 att
580 804 25 21 de
619 804 61 28 lagar
691 804 6 20 i
709 806 79 25 ämnet,
797 812 46 13 som
854 805 59 20 förut

162 840 118 24 emanerat,
296 838 126 20 tillkommit
438 844 79 21 genom
532 838 71 28 begge
619 839 179 20 statsmakternes
814 838 98 21 medver-

162 872 50 21 kan.
241 872 49 21 Den
306 872 68 21 första
390 872 45 28 mig
450 873 106 27 veterliga
571 873 36 27 lag
621 880 35 13 om
672 873 65 27 mått,
753 874 44 20 mål
812 873 39 21 och
866 873 46 28 vigt

162 909 78 25 antogs
260 907 36 21 vid
317 908 54 19 1663
392 907 35 20 års
448 907 97 27 riksdag;
562 908 12 20 2
590 908 11 26 &
617 908 7 19 i
639 908 197 26 riksdagsbeslutet
850 908 62 20 inne-

162 940 76 27 håller,
254 943 32 19 att
304 940 80 28 Kongl.
402 940 64 28 Maj:t
480 942 88 26 uppvist
583 941 34 21 för
633 941 116 21 ständerna
765 941 66 21 bland
846 943 67 19 annat

162 977 31 19 ett
208 975 52 28 prof
273 975 32 21 till
322 982 27 14 en
365 975 128 27 förordning
508 982 35 14 om
559 976 60 26 mått,
636 976 43 20 mål
695 976 39 20 och
749 976 52 27 vigt,
813 977 55 19 samt
882 977 31 19 att

162 1010 118 20 ständerna
299 1010 86 28 pröfvat
404 1010 39 20 och
463 1010 96 27 godkänt
575 1010 105 27 förslaget
696 1012 55 18 samt
768 1010 144 20 öfverlemnat

163 1044 22 20 åt
204 1044 79 28 Kongl.
302 1044 62 28 Maj:t
387 1045 31 19 att
439 1044 100 21 deröfver
557 1044 87 21 utfärda
663 1051 26 13 en
708 1044 138 28 förordning,
867 1051 46 13 som

163 1078 70 21 skulle
249 1078 21 21 få
285 1078 59 21 kraft
359 1078 24 21 af
394 1078 50 28 laga
459 1078 82 28 stadga.
566 1079 44 21 Vid
627 1079 53 20 1738
696 1078 34 21 års
746 1078 89 28 riksdag
849 1078 64 22 väck-

163 1115 32 19 tes
212 1113 46 21 åter
273 1113 62 27 fråga
350 1113 7 20 i
374 1114 79 25 ämnet,
470 1113 39 21 och
524 1114 8 20 i
548 1113 97 28 enlighet
660 1113 50 21 med
725 1113 26 20 de
763 1113 23 20 af
795 1113 117 20 ständerne

163 1148 27 20 då
210 1147 113 21 beslutade
343 1147 117 28 ändringar
480 1148 40 20 och
534 1148 141 27 jemkningar
697 1147 125 21 utfärdades
848 1148 66 26 angå-

164 1182 55 20 ende
240 1182 60 26 mått,
316 1182 43 20 mål
375 1182 39 20 och
431 1182 51 27 vigt,
499 1182 42 21 den
557 1184 58 19 ännu
630 1182 101 28 gällande
749 1182 128 26 förordning
893 1182 23 20 af

164 1216 41 20 den
222 1216 26 20 29
265 1216 43 27 maj
326 1216 60 20 1739.
415 1216 43 20 Vid
478 1216 74 28 Borgå
570 1216 104 28 landtdag
692 1216 99 21 förekom
809 1216 47 21 åter
872 1216 42 21 frå-

164 1257 50 21 gan.
244 1250 44 20 Det
303 1250 98 26 befanns,
418 1251 32 19 att
468 1252 94 19 tunnans
581 1250 113 28 indelning
713 1250 8 20 i
737 1251 26 20 32
779 1250 83 28 kappar
879 1257 36 14 var

165 1284 111 28 olämplig,
294 1284 101 21 hvarföre
414 1284 41 21 ock
473 1285 7 20 i
500 1285 118 27 anledning
632 1285 23 20 af
669 1284 128 22 ständernas
812 1285 103 27 begäran,

164 1321 32 19 att
215 1321 83 18 tunnan
317 1319 70 20 skulle
405 1318 84 22 indelas
507 1319 6 21 i
533 1320 27 20 30
575 1320 83 26 kappar
679 1320 52 20 1816
748 1319 34 21 års
798 1318 118 28 kejserliga

164 1353 128 28 förordning
315 1353 75 21 härom
410 1353 132 21 utfärdades.
573 1354 89 20 Således
681 1354 65 20 hafva
764 1352 60 22 alltid
846 1353 70 27 begge

165 1388 168 19 statsmakterne
349 1387 94 27 bidragit
457 1388 31 18 till
500 1388 180 26 förändringarne
692 1388 6 19 i
709 1388 88 26 lagarne
809 1394 34 12 om
855 1387 61 25 mått,

165 1421 43 21 mål
225 1421 39 20 och
279 1421 53 27 vigt,
349 1421 38 20 och
406 1423 32 18 att
452 1421 151 27 iakttagandet
617 1420 64 21 häraf
695 1420 64 21 äfven
773 1427 29 14 nu
817 1427 51 14 vore
884 1420 32 20 in-
