1039 1742
202 130 41 21 592

175 195 93 28 ändring
290 195 7 21 i
320 195 58 21 vissa
400 194 60 22 delar
480 192 23 24 af
522 192 110 24 allmänna
647 193 76 30 lagens
739 192 120 31 stadgande
873 193 8 23 i
897 194 27 22 24

172 229 94 28 kapitlet
280 229 224 28 byggninga-balken.

242 264 44 28 2:0)
304 264 48 20 från
371 264 157 21 bondeståndet
548 264 34 21 för
602 264 42 21 den
661 265 26 21 26
703 264 140 22 sistförvikne
859 265 64 27 janu-

173 298 42 27 ari,
238 298 24 21 af
282 298 97 21 innehåll
400 300 32 20 att
455 298 160 22 bondeståndet
637 299 35 21 vid
695 299 184 28 föredragningen
903 299 23 21 af

173 333 173 21 statsutskottets
361 333 137 22 betänkande
514 334 7 20 i
537 334 119 28 anledning
671 334 24 21 af
705 334 63 21 Hans
779 334 60 28 Kejs.
850 334 74 28 Maj:ts

173 368 79 28 nådiga
267 368 136 28 proposition
419 375 35 14 n:o
471 369 25 20 37
508 368 113 28 angående
633 368 174 27 bestämmande,
817 368 107 22 huruvida

173 403 40 21 och
236 403 33 20 till
292 402 88 22 hvilken
403 402 35 22 del
462 403 12 21 å
494 404 80 20 allmän
595 405 43 19 stat
653 403 107 29 uppförde
777 403 92 21 embets-
883 403 41 21 och

172 438 144 27 tjenstemän,
332 437 84 21 hvilkas
432 438 148 28 befattningar
596 438 111 28 indragas,
725 446 40 20 ega
781 440 32 19 att
828 438 96 21 derefter

172 473 86 27 åtnjuta
276 472 48 21 sina
342 472 60 21 förra
421 472 169 28 löneförmoner,
606 475 72 19 ansett
693 473 66 27 sagde
775 472 148 27 betänkande,

172 506 50 22 med
238 506 102 22 afseende
356 506 12 22 å
384 506 78 21 sakens
477 507 160 27 beskaffenhet,
653 507 48 21 icke
717 507 74 21 kunna
805 507 24 21 af
838 507 86 21 ståndet

171 542 87 20 bifallas
274 543 56 19 samt
345 540 58 29 förty
418 541 121 21 detsamma
554 542 113 21 förkastat.

242 576 42 27 3:0)
305 576 48 20 från
374 583 82 13 samma
471 576 63 21 stånd
549 576 35 21 för
599 576 42 21 den
657 578 26 19 29
699 576 146 29 nyssförlidne
858 576 65 28 janu-

174 611 42 27 ari,
235 610 50 22 med
305 610 169 28 underrättelse,
490 612 32 20 att
537 611 96 27 ständet,
649 611 36 21 vid
700 611 185 29 föredragningen
902 610 24 22 af

171 645 155 29 lagutskottets
346 645 137 21 betänkande
499 646 7 20 i
522 646 119 28 anledning
659 646 24 21 af
695 646 62 21 Hans
773 646 60 28 Kejs.
849 646 74 28 Maj:ts

172 680 79 28 nädiga
273 680 136 28 proposition
432 687 34 13 n:o
490 681 12 20 3
526 687 35 14 om
583 680 164 28 förebyggande
768 680 23 22 af
805 681 118 27 olämpliga

172 715 108 21 förbehäll
299 715 35 21 vid
350 714 159 29 fastighetsköp
526 715 39 21 och
578 715 196 28 jordegendomars
790 715 133 21 öfverdrifna

173 749 138 28 betungande
330 749 49 21 med
399 749 89 27 sytning
508 750 40 20 och
568 750 68 20 andra
651 750 84 26 besvär,
751 750 84 27 antagit
849 750 37 20 det
901 750 24 20 af

172 783 246 21 hofrättssekreteraren
434 783 98 21 Aminoff
545 784 7 20 i
568 784 49 20 dess
638 784 149 21 betänkandet
806 783 116 29 vidfogade

171 818 135 21 reservation
322 817 135 21 framställda
472 817 82 28 förslag
569 818 33 20 till
618 818 130 28 författning
762 818 7 21 i
785 820 80 25 ämnet,
877 818 46 20 deri

171 852 130 29 inbegripne
321 852 24 20 af
363 851 246 22 hofrättssekreteraren
628 852 115 22 förordade
762 853 25 28 $$
802 854 13 20 3
831 853 40 21 och
887 852 35 22 4i

171 887 42 21 den
228 887 80 28 nädiga
323 887 171 28 propositionen.

241 921 109 22 Skolande
371 922 91 21 berörde
482 921 211 28 protokollsutdrag,
715 929 45 14 som
781 922 48 21 icke
850 923 72 20 föran-

172 956 63 22 ledde
251 956 33 21 till
299 957 72 27 nägon
383 956 86 28 ätgärd,
480 956 98 21 förvaras
589 956 66 21 bland
667 957 96 21 ständets
775 957 70 28 öfriga
855 957 67 21 hand-

171 987 77 37 lingar.
547 1021 27 2 NN

240 1058 124 29 Föredrogs
380 1059 256 28 expeditionsutskottets
651 1060 113 21 memorial
780 1060 24 22 af
817 1060 41 21 den
875 1061 25 20 13
915 1061 7 20 i

171 1093 72 22 denna
258 1094 89 26 mänad,
363 1093 61 21 hvari
440 1094 105 21 utskottet
560 1094 91 27 anmält,
668 1094 116 21 huruledes
799 1095 24 20 af
836 1094 27 21 de
876 1095 46 20 det-

171 1135 83 14 samma
269 1127 185 22 tillhandakomne
470 1128 209 28 protokollsutdrag,
693 1135 46 14 som
750 1129 134 21 innefattade
895 1129 27 21 de

171 1163 108 20 särskilda
290 1162 102 21 ständens
406 1163 70 20 beslut
487 1163 7 20 i
505 1163 119 28 anledning
635 1163 24 21 af
667 1163 80 28 nädiga
757 1163 164 28 propositionen

170 1205 36 14 n:o
226 1198 27 20 40
276 1204 35 14 om
332 1197 124 28 grunderna
476 1197 33 22 för
530 1205 27 14 en
578 1198 81 21 allmän
679 1198 130 28 författning
825 1205 35 14 om
873 1199 49 28 jagt

171 1233 40 20 och
234 1232 112 28 djurfäng,
369 1232 127 27 inhemtats,
518 1235 31 18 att
563 1232 153 29 ridderskapet
731 1232 40 21 och
787 1233 63 21 adeln
866 1235 55 19 samt

171 1267 161 27 prestaständet
354 1267 58 20 velat
435 1267 33 20 till
491 1267 81 28 nyttigt
599 1267 106 21 villebråd
728 1267 91 21 hänföra
839 1267 81 28 jemväl

170 1300 92 21 bäfvern
283 1301 39 20 och
343 1300 133 27 morkullan,
496 1301 75 20 hvilka
587 1301 26 20 de
629 1301 36 20 tvä
681 1301 70 27 öfriga
767 1301 90 21 ständen
873 1301 48 21 der-

171 1336 59 19 emot
252 1336 72 19 ansett
345 1334 54 21 böra
421 1336 107 26 upptagas
548 1335 69 20 under
636 1335 160 28 benämningen
813 1335 108 29 oskadligt

170 1369 116 26 villebräd,
310 1370 32 19 att
363 1368 151 29 ridderskapet
533 1369 40 21 och
594 1369 64 21 adeln
674 1370 70 27 jemte
759 1370 162 28 prestaständet

170 1403 34 21 till
227 1403 144 28 skadedjuren
394 1403 78 21 räknat
495 1403 112 29 fiskljusen
628 1406 55 19 samt
698 1405 144 21 nästnämnde
858 1405 63 22 stånd

172 1438 40 22 och
235 1437 181 30 borgareständet
439 1438 63 21 äfven
525 1440 74 20 uttern
622 1439 40 21 och
684 1439 95 29 skjälen,
799 1441 52 21 utan
867 1441 54 20 atti
