1042 1809
217 141 39 26 798

187 211 59 21 divid
260 210 24 22 af
297 210 109 26 nationen,
422 206 20 24 d.
458 216 20 14 v.
494 216 16 14 s.
527 210 64 27 lagen
607 215 34 15 om
653 216 27 15 en
690 206 54 25 hvar
754 206 115 31 gäldenärs
880 207 57 29 skyl-

188 244 76 28 dighet
283 246 32 19 att
335 244 72 21 betala
427 244 47 21 sina
490 244 94 21 skulder.
614 244 50 21 Mitt
678 245 74 19 votum
767 244 8 20 i
791 243 71 22 denna
877 243 62 28 fråga

188 280 42 20 kan
247 278 83 22 således
346 279 20 27 ej
384 278 68 22 blifva
467 280 74 26 annat,
553 280 26 20 än
591 278 37 22 det
643 278 50 22 herr
708 278 158 28 Björkenheim
881 278 8 21 i
905 278 33 21 sin

188 313 134 22 reservation
341 312 123 22 framställt.
494 313 44 21 För
553 314 66 27 ingen
635 313 36 21 del
685 313 44 21 kan
742 314 41 27 jag
796 312 86 22 biträda
897 312 42 22 den

188 349 66 27 åsigt,
275 350 33 20 att
327 348 118 22 ständerne
464 348 67 21 borde
552 350 111 26 emottaga
682 348 98 21 bankens
795 348 145 28 förvaltning,

188 384 66 20 innan
278 382 42 22 den
340 382 25 21 af
384 382 75 22 landet
481 383 71 21 såsom
575 389 28 15 en
625 382 49 22 dess
693 382 100 29 lifsfråga
813 382 126 22 emotsedda

188 417 217 29 myntrealisationen
420 417 102 29 föregått.

256 452 58 22 Herr
329 452 77 21 Rein:
422 452 44 28 Jag
478 452 57 22 hade
546 453 74 21 ämnat
629 451 114 29 förelägga
753 451 118 29 höglofliga
882 452 57 21 stån-

188 487 37 21 det
244 487 68 28 några
333 486 169 28 anmärkningar
522 487 7 21 i
550 486 119 28 anledning
688 486 24 21 af
728 486 117 22 utskottets
861 486 79 29 ifråga-

188 522 96 21 varande
298 521 146 28 betänkande,
455 528 50 15 men
521 528 46 15 som
583 521 27 21 de
625 521 68 21 redan
709 521 24 21 af
745 521 51 21 herr
816 517 45 25 von
875 521 66 21 Weis-

189 557 93 27 senberg
297 556 73 22 blifvit
384 556 132 28 framlagda,
531 556 25 22 så
571 556 67 22 afstår
651 556 40 28 jag
705 556 48 22 från
769 556 68 21 ordet.

258 591 58 21 Herr
330 591 156 28 Törngren:
504 592 11 21 I
530 590 151 23 hufvudsaken
697 590 119 23 förenande
831 592 46 28 mig
892 591 49 21 med

189 626 50 22 herr
259 633 43 14 von
322 626 167 28 Weissenberg,
505 626 71 22 skulle
589 626 40 28 jag
645 626 68 21 önska
729 627 31 20 att
775 628 58 20 emot
848 626 93 22 bankut-

189 661 93 22 skottets
304 660 138 22 betänkande
465 662 53 27 göra
541 661 70 28 några
633 661 176 28 anmärkningar.
839 661 43 29 Jag
904 661 38 22 vill

189 696 56 22 dock
260 696 139 21 derförinnan
415 696 85 28 aflägga
516 703 27 14 en
558 697 85 27 protest
659 697 58 19 emot
727 696 163 28 ridderskapets
901 697 40 21 och

189 730 75 22 adelns
280 730 71 21 beslut
366 732 32 19 att
413 730 29 29 på
456 731 24 21 så
495 730 50 22 kort
560 730 32 22 tid
607 737 46 15 som
669 730 58 22 skett
743 730 118 29 bordlägga
874 737 27 15 en
920 731 24 21 af

190 765 26 21 de
237 765 117 28 vigtigaste
377 764 80 29 frågor,
473 772 46 14 som
542 765 72 21 blifvit
633 765 118 21 ständerna
772 765 105 29 förelagd.
907 765 34 22 En

190 806 80 22 person
289 800 36 21 må
342 806 53 14 vara
414 799 71 29 aldrig
500 800 24 20 så
539 800 88 21 hemma
641 800 7 20 i
664 800 60 21 detta
738 800 113 27 ämne,
827 795 27 38 så
866 800 75 22 behöf-

189 841 39 15 ver
247 835 42 20 han
310 834 133 21 åtminstone
465 835 26 20 14
510 834 67 28 dagar
597 834 35 21 för
648 835 31 20 att
693 834 75 22 kunna
783 834 112 28 grundligt
911 835 30 21 öf-

189 870 95 26 verväga
304 868 177 22 bankutskottets
500 868 139 22 betänkande
655 869 40 21 och
710 869 94 21 aflemna
817 870 103 28 yttrande
935 870 7 21 i

190 904 83 28 frågan.
304 903 43 28 Jag
374 903 38 21 ber
437 902 87 23 derföre
550 910 35 15 om
608 903 97 22 ståndets
729 904 141 22 öfverseende
892 904 50 22 med

189 938 210 28 bristfälligheterna
414 938 7 20 i
437 937 27 21 de
479 938 170 28 anmärkningar
666 938 39 29 jag
722 938 98 22 kommer
835 940 32 20 att
883 940 59 28 göra.

190 973 73 22 Sedan
278 972 50 22 herr
345 979 41 15 von
402 972 159 29 Weissenberg
571 973 110 21 allaredan
692 975 69 26 yttrat
771 974 34 27 sig
815 974 6 20 i
833 974 75 27 saken,
919 975 24 21 så

190 1007 37 22 vill
245 1008 39 28 jag
304 1006 78 22 endast
400 1007 103 28 punktvis
523 1008 54 21 söka
591 1008 33 21 att
642 1008 54 27 göra
711 1008 68 28 några
794 1008 149 28 påminnelser

190 1043 40 20 och
250 1042 80 21 föreslå
348 1042 68 28 några
434 1042 160 29 förändringar.
623 1042 12 20 I
649 1042 58 28 3:dje
722 1043 99 28 punkten
837 1043 24 21 af
873 1043 69 22 bank-

189 1076 119 22 utskottets
328 1076 140 22 betänkande
487 1077 63 21 heter
565 1076 46 22 det:
627 1078 32 19 att
674 1076 49 28 fyra
738 1076 204 30 bankfullmäktige,

190 1118 27 15 en
238 1112 33 20 för
291 1111 63 22 hvart
374 1111 73 27 stånd,
463 1111 67 21 måtte
549 1112 59 20 inom
625 1111 53 21 eller
693 1113 61 20 utom
770 1112 121 22 detsamma
906 1112 37 22 vid

189 1146 76 28 hvarje
285 1146 104 28 landtdag
408 1145 69 29 väljas
496 1146 40 21 och
555 1147 31 20 att
605 1146 62 21 desse
687 1146 48 28 fyra
756 1153 41 21 ega
818 1146 67 22 bland
908 1147 34 28 sig

189 1182 48 20 utse
252 1180 138 22 ordförande.
412 1180 106 22 Deremot
533 1181 52 21 ville
598 1180 41 28 jag
653 1181 111 26 anmärka,
778 1182 33 20 att
826 1181 69 21 ehuru
905 1181 37 21 det

188 1215 54 21 visst
258 1215 48 21 icke
322 1216 24 20 är
362 1214 188 28 ändamålsenligt,
566 1216 31 20 att
613 1214 63 22 dessa
690 1214 198 30 bankfullmäktige
904 1217 37 20 äro

189 1250 74 20 alltför
286 1249 90 28 många,
394 1250 45 20 tror
457 1250 39 27 jag
516 1249 56 21 dock
592 1250 31 20 att
643 1249 82 21 antalet
744 1249 48 28 fyra
812 1251 37 20 äro
869 1250 73 22 alltför

188 1283 55 22 litet.
274 1284 43 27 Jag
332 1290 64 15 anser
410 1283 49 22 dem
474 1283 54 22 böra
543 1284 83 21 lemnas
641 1283 88 22 tillfälle
744 1286 33 19 att
791 1284 78 28 sjelfva
883 1285 60 29 välja

189 1324 28 15 en
232 1318 75 27 femte,
317 1319 53 20 utan
385 1320 32 19 att
433 1318 70 21 denne
519 1318 86 22 derföre
619 1318 94 22 behöfde
726 1318 67 22 blifva
805 1318 136 23 ordförande.

190 1352 86 22 Sådana
296 1352 45 26 val,
360 1358 46 14 som
426 1352 38 20 ske
483 1352 60 21 inom
559 1358 27 15 en
601 1352 147 28 lagskiftande
764 1352 129 28 församling
907 1353 34 21 för

189 1385 74 29 dylika
283 1386 95 27 speciela
398 1385 112 28 ändamål,
531 1392 47 14 som
598 1387 32 19 att
649 1385 64 22 sköta
728 1392 28 15 en
771 1386 70 21 banks
857 1386 84 28 affärer,

189 1420 74 22 kunna
279 1420 19 28 ej
316 1419 62 22 alltid
393 1419 68 22 blifva
476 1420 24 21 så
515 1420 51 22 fullt
581 1420 147 30 tillförlitliga.
751 1420 66 22 Valet
832 1421 51 22 sker
897 1422 45 22 ofta

189 1462 60 17 mera
268 1455 49 22 med
333 1455 102 22 afseende
452 1456 12 20 å
480 1455 41 22 den
537 1455 104 29 politiska
656 1456 187 28 trosbekännelse,
855 1457 87 28 majori«
