1039 1761
187 143 41 20 602

157 207 107 21 tusentals
286 207 29 21 ris
338 206 53 21 eller
414 208 48 26 spö,
486 207 44 21 tills
552 207 26 21 de
601 207 91 22 sålunda
711 208 72 27 pinats
799 207 32 21 till
849 207 59 22 döds.

158 241 46 28 Mig
225 241 120 28 veterligen
374 241 71 20 finnes
472 241 140 21 dödsstraffet
634 242 48 21 icke
705 242 64 20 totalt
791 242 117 21 afskaffadt

156 276 59 20 inom
232 275 50 21 hela
296 275 42 21 den
352 275 73 27 öfriga
446 276 135 20 civiliserade
597 276 96 26 verlden,
709 283 34 13 om
759 283 50 13 man
825 277 83 19 undan-

157 311 63 25 tager
242 311 31 19 ett
296 316 45 21 par,
364 311 32 19 tre
419 310 46 20 små
487 310 163 20 furstendömen
671 310 7 20 i
699 310 122 28 Tyskland,
837 311 70 19 såsom

157 344 85 20 Nassau
262 344 40 20 och
322 344 52 20 flere
395 343 139 28 Thäringska
552 345 77 26 stater;
653 351 49 14 men
725 346 32 19 att
779 344 48 21 från
846 344 63 21 dessa

158 378 72 20 hemta
250 378 72 28 någon
341 378 135 26 erfarenhet,
492 385 52 14 vore
558 378 94 28 ungefär
667 378 131 27 detsamma,
813 385 47 14 som
875 380 33 20 att

157 412 123 26 decretera,
300 414 32 18 att
348 412 91 21 emedan
458 412 8 20 i
486 412 66 28 något
570 414 98 26 pastorat
683 412 54 21 eller
751 413 58 20 vissa
825 413 83 21 trakter

157 446 24 21 af
193 446 85 27 landet,
295 446 71 21 såsom
378 448 16 18 t.
410 453 34 14 ex.
459 439 72 28 Äland
546 446 54 21 eller
619 446 162 28 Jungfrusunds
797 447 57 27 skär,
870 447 35 21 nä-

156 487 43 21 gon
215 480 214 28 kapitalförbrytelse
445 480 69 21 under
529 480 53 22 flere
598 480 117 22 decennier
730 481 54 21 eller
799 482 7 20 i
818 487 89 15 manna-

156 515 74 21 minne
251 514 49 22 icke
320 516 37 26 egt
376 522 58 19 rum,
454 522 52 20 ergo
522 514 67 28 begäs
604 515 69 28 nägra
688 515 81 21 sädana
784 515 48 21 icke
848 515 59 21 inom

156 549 51 21 hela
221 549 101 27 Finland,
338 549 101 21 hvarföre
454 549 165 21 bestämmande
635 549 24 21 af
671 550 67 28 nägot
753 550 63 20 straff
829 550 34 20 för
873 550 34 20 sä-

157 584 56 20 dana
231 584 142 27 förbrytelser
392 586 25 18 är
437 584 89 20 alldeles
546 584 145 27 öfverflödigt.
725 584 28 20 Vi
772 584 65 21 hafva
852 584 55 21 dock

153 618 47 27 just
216 617 62 22 dessa
294 617 66 28 dagar
376 617 41 22 fätt
432 617 124 27 förnimma,
574 618 116 21 huruledes
706 625 27 14 en
748 618 36 21 hel
800 618 69 28 familj
886 618 23 21 af

156 652 49 27 fyra
220 658 104 21 personer
339 652 29 27 pä
382 653 31 20 ett
428 652 92 27 gräsligt
535 653 43 20 sätt
593 652 71 21 blifvit
679 653 89 20 mördad
779 653 34 20 för
823 653 84 20 ätkom-

156 688 48 19 sten
219 686 24 21 af
256 693 27 15 en
297 686 37 21 del
348 686 24 21 af
385 686 63 21 deras
464 687 113 27 egendom.

224 720 51 21 Med
298 720 102 21 afseende
423 721 13 21 &
458 721 42 20 den
520 721 111 28 grundade
652 721 125 20 erfarenhet
792 728 49 14 man
857 721 49 21 frän

156 755 68 21 andra
244 748 150 27 Milturländer
412 754 39 21 har
470 755 92 21 rörande
578 755 150 20 dödsstraffets
744 755 163 28 nödvändighet

155 791 57 19 samt
231 789 57 22 hvad
304 789 41 28 jag
362 789 8 20 i
385 789 66 28 öfrigt
466 789 82 27 anfört,
564 789 40 21 och
620 789 27 21 dä
659 790 39 27 jag
713 789 48 21 icke
777 789 69 21 finner
862 789 45 28 mig

155 824 75 21 kunna
248 824 117 20 instämma
384 823 8 21 i
412 823 41 21 den
473 823 122 28 äberopade
615 823 153 22 erfarenheten
788 823 48 21 frän
855 825 51 26 eget

155 858 61 26 land,
236 857 82 29 nödgas
338 857 64 22 äfven
420 858 39 27 jag
478 865 52 14 anse
550 857 139 22 dödsstraffet
710 858 61 26 böra,
793 859 52 20 utan
864 858 43 21 alla

156 892 178 28 gvalificationer,
354 898 46 14 som
417 893 58 19 ännu
490 892 33 20 till
538 892 73 28 nägon
627 892 34 20 del
677 892 86 27 gvarstä
773 892 7 20 i
791 891 116 21 utländska

156 926 170 28 lagstiftningar,
346 926 7 20 i
371 926 38 20 vär
429 926 46 27 lag,
496 926 132 21 ätminstone
644 926 34 20 för
693 928 110 19 närmaste
818 926 88 20 framtid

156 964 40 17 och
216 959 108 22 intilldess
345 967 27 13 en
392 960 88 21 säkrare
501 960 125 21 erfarenhet
645 960 88 21 vunnits
750 960 40 20 och
805 960 41 21 den
863 960 43 21 till-

155 994 91 21 ämnade
261 994 239 28 folkskolebildningen
514 994 79 21 hunnit
607 994 49 21 frän
671 994 83 28 förslag
768 994 89 28 öfvergä
873 995 33 20 till

154 1028 124 28 verklighet
294 1028 40 21 och
349 1028 53 21 bära
417 1028 121 28 fullmogna
548 1028 92 26 frukter,
651 1028 119 21 bibehållas
782 1028 70 21 såsom
863 1028 42 21 den

155 1062 77 28 högsta
254 1064 78 26 potens
354 1062 25 20 af
401 1062 71 27 straff,
492 1062 57 21 dock
569 1062 56 21 blott
645 1062 33 21 för
694 1062 49 21 våld
759 1062 12 21 å
788 1064 117 26 regentens

153 1103 88 22 person,
252 1096 151 28 högförräderi
414 1096 40 21 och
465 1096 122 29 öfverlagdt
597 1096 68 22 mord.
689 1096 135 29 Härigenom
835 1096 70 21 skulle

153 1131 65 20 äfven
233 1137 28 14 en
275 1131 68 27 nödig
357 1131 115 26 gradation
486 1131 83 21 vinnas.
592 1131 76 28 Enligt
681 1131 50 20 mitt
742 1131 95 28 begrepp
849 1131 56 21 före-

154 1164 70 21 finnes
239 1165 111 27 nemligen
366 1165 41 20 den
422 1165 146 27 betydligaste
584 1165 85 21 skilnad
685 1165 94 21 emellan
795 1167 31 18 ett
843 1165 62 20 mord

154 1199 56 21 efter
231 1198 166 28 öfverläggning
416 1199 40 21 och
476 1201 31 19 ett
525 1199 64 21 äfven
606 1199 87 21 svårare
709 1198 59 28 dråp.
800 1199 49 21 Mitt
865 1199 39 21 och

153 1232 111 21 sannolikt
279 1232 27 21 de
321 1232 83 27 flestes,
421 1239 46 15 som
482 1233 129 28 allvarligen
627 1233 67 21 tänka
708 1234 29 27 på
752 1233 77 27 saken,
840 1234 64 20 rätts-

153 1266 145 22 medvetande
319 1268 71 26 säger,
410 1269 32 19 att
462 1267 26 21 de
505 1267 52 21 böra
572 1267 59 21 olika
645 1267 121 21 bestraffas.
796 1267 36 21 Nu
847 1267 57 21 före-

153 1301 43 19 slås
212 1300 122 20 emellertid
348 1301 34 19 för
398 1301 54 19 båda
468 1301 171 27 förbrytelserna
655 1301 112 20 enahanda
778 1301 63 19 straff
850 1301 54 20 eller

153 1334 80 20 lifstids
248 1333 99 26 tukthus,
364 1334 38 20 och
418 1334 34 20 för
467 1341 26 13 en
510 1334 156 26 lifstidsfånge,
682 1340 46 14 som
744 1334 95 20 föröfvar
850 1334 53 27 dråp

153 1368 53 20 eller
223 1366 59 22 mord
303 1368 12 20 å
336 1367 32 21 sin
385 1367 99 27 vårdare,
504 1368 70 21 skulle
595 1368 84 20 straffet
699 1367 67 22 blifva
781 1374 28 14 en
825 1367 78 21 veckas

153 1402 62 20 mörk
230 1402 40 20 och
286 1402 12 21 3
314 1401 12 21 å
342 1403 12 19 6
370 1402 34 21 års
420 1402 42 28 ljus
478 1402 47 21 cell.
548 1402 44 21 Det
608 1402 60 21 torde
679 1402 48 21 icke
739 1410 51 14 vara
801 1402 102 27 obekant,

151 1438 32 20 att
199 1436 37 22 det
250 1436 59 22 förra
324 1437 54 21 eller
388 1437 45 21 åtta
444 1437 78 21 dagars
533 1437 62 21 mörk
606 1439 69 19 arrest
685 1437 111 22 användes
806 1438 7 20 i
824 1438 79 28 många
