1036 1775
202 148 41 20 596

174 212 40 21 och
230 212 122 26 ersättning
367 211 33 21 för
416 211 41 21 den
472 212 31 20 tid
518 212 23 20 af
556 211 103 28 möjligen
680 211 51 21 flere
752 212 30 26 år,
798 210 123 22 hvarunder

173 246 42 22 han
232 246 56 21 varit
303 246 32 20 sin
352 245 65 21 frihet
432 245 110 21 beröfvad.

241 280 44 21 Det
300 280 40 20 har
354 280 74 21 vidare
443 280 72 21 blifvit
529 280 94 26 anfördt,
639 281 31 19 att
686 279 40 21 den
741 287 28 13 nu
780 280 7 21 i
798 280 73 21 landet
882 280 39 20 lef-

173 315 70 22 vande
261 314 157 29 generationen
437 314 49 21 icke
501 314 66 21 borde
582 313 34 22 för
631 313 200 22 tillfredställandet
846 314 24 21 af
884 314 37 21 sitt

173 349 199 22 rättsmedvetande
387 348 73 21 känna
475 348 66 28 något
556 348 68 21 behof
637 348 24 21 af
674 348 26 21 de
715 348 84 28 gröfsta
813 348 107 28 förbryta-

173 391 35 14 res
231 383 132 27 afrättande,
386 383 27 20 då
435 384 70 19 större
527 383 64 20 delen
612 383 24 20 af
652 382 126 21 densamma
794 383 47 20 från
858 383 63 21 barn-

172 419 79 20 domen
266 418 43 21 lärt
324 417 33 28 sig
370 419 33 19 att
418 417 49 21 med
482 417 52 28 lugn
552 419 95 26 upptaga
664 417 109 22 vissheten
789 417 86 27 derom,
890 419 32 19 att

172 453 65 21 äfven
257 452 80 21 sådane
357 451 42 22 fått
415 451 87 22 behålla
521 451 71 28 lifvet,
612 451 78 21 medan
709 452 47 20 åter
774 451 26 21 de
820 451 22 21 få
861 451 60 21 äldre

172 493 111 22 personer,
304 492 46 15 som
370 485 7 20 i
397 485 32 21 sin
450 486 94 27 ungdom
564 485 84 22 kunnat
662 485 81 21 åskåda
759 493 27 14 en
802 485 119 28 afrättning

172 521 53 22 eller
240 521 51 21 hört
305 520 71 28 någon
392 519 60 28 dylik
466 520 100 26 omtalas,
582 519 132 28 längesedan
724 519 79 22 hunnit
812 520 65 28 vänja
887 519 34 28 sig

172 555 36 22 vid
231 557 31 19 ett
286 554 72 21 häruti
380 553 126 22 förändradt
526 553 143 22 förhållande.
699 554 43 27 Jag
756 554 84 21 lemnar
856 554 65 21 också

172 590 34 22 för
228 589 45 22 min
296 589 35 22 del
354 595 67 22 gerna
442 588 37 22 det
497 589 70 21 finska
587 588 80 22 folkets
682 588 65 22 milda
763 588 63 22 seder
841 590 32 20 ett
887 588 34 21 till

173 625 39 21 och
229 624 48 22 med
293 630 59 15 mera
363 623 128 29 obetingadt
501 623 149 27 erkännande,
660 625 28 19 än
699 623 36 21 det
745 622 118 30 tvetydiga,
874 630 45 14 som

172 660 119 21 innefattas
309 658 8 21 i
336 657 147 29 nyssnämnda
503 658 62 28 intyg
585 665 34 13 om
634 664 26 15 en
677 658 136 28 småningom
829 658 92 21 försvin-

172 694 71 21 nande
259 692 115 27 blodtörst;
393 699 48 14 men
455 692 40 28 jag
510 694 45 19 tror
570 692 37 21 det
622 692 74 21 kunna
710 692 50 21 med
773 692 45 21 lika
833 692 88 28 mycket

173 729 47 21 skäl
235 728 84 28 påstås,
335 729 30 19 att
381 727 79 21 folkets
475 727 209 26 rättsmedvetande,
699 727 28 27 pä
737 727 49 21 dess
796 728 125 20 nuvarande

172 762 143 29 ständpunkt,
337 761 48 21 icke
406 761 69 21 heller
500 761 144 27 ovilkorligen
666 760 84 22 fordrar
771 761 150 21 dödsstraffets

172 798 68 21 totala
262 795 144 27 afskaffande,
429 795 40 21 och
489 796 40 28 jag
548 796 34 21 fär
602 795 7 21 i
629 795 76 21 sädant
725 795 103 21 afseende
844 795 77 22 endast

171 832 104 29 päminna
295 838 34 14 om
348 830 37 21 det
404 830 48 21 frän
473 830 67 28 nägra
558 830 24 21 är
597 829 91 21 tillbaka
703 830 107 21 välkända
826 830 94 28 faktum,

172 869 31 19 att
225 866 110 21 allmänna
357 864 146 22 rättskänslan
523 865 7 20 i
551 864 43 28 hög
614 864 53 28 grad
686 864 130 29 upprördes,
835 864 27 22 dä
877 865 43 21 den

172 899 118 30 beryktade
309 899 136 28 förbrytaren
466 899 70 21 Johan
556 899 133 21 Adamssons
704 898 67 22 redan
788 899 132 22 stadfästade

171 935 105 23 dödsdom
291 935 20 28 ej
329 934 49 28 gick
393 934 7 21 i
416 933 129 22 fullbordan.

239 970 44 21 Det
305 969 119 21 förnämsta
447 968 71 22 stödet
538 969 34 20 för
592 968 42 21 den
653 968 165 29 ifrågavarande
834 968 84 29 äsigten

172 1005 81 26 derom,
269 1006 32 19 att
317 1003 137 22 dödsstraffet
469 1010 89 15 numera
575 1009 50 15 vore
641 1003 39 20 hos
695 1010 35 14 oss
745 1003 46 21 helt
802 1003 39 21 och
852 1003 68 22 hållet

171 1038 127 29 umbärligt,
318 1038 40 21 har
373 1045 49 14 man
439 1037 101 28 slutligen
557 1037 49 21 sökt
621 1038 7 19 i
643 1037 42 21 den
701 1037 170 28 omständighet,
888 1040 31 19 att

172 1075 68 20 ehuru
263 1072 66 29 sagde
352 1072 62 21 straff
431 1073 7 20 i
459 1072 78 27 fyratio
558 1072 24 21 är
596 1072 49 20 icke
661 1078 27 14 en
704 1071 55 22 enda
774 1072 59 28 gång
847 1072 73 21 blifvit

171 1109 39 20 här
225 1108 6 20 i
251 1107 76 21 landet
346 1106 119 21 verkstäldt
481 1106 39 21 och
535 1106 76 28 hvarje
626 1105 71 22 dertill
716 1105 65 22 dömd
796 1106 123 29 förbrytare

170 1143 85 21 kunnat
276 1141 50 22 med
348 1140 101 21 säkerhet
473 1141 98 27 päräkna
593 1142 31 19 att
646 1140 73 28 undgä
738 1140 129 28 detsamma,
892 1141 27 21 de

170 1177 84 28 gröfsta
273 1176 86 21 brotten
380 1175 66 21 likväl
466 1174 48 22 icke
529 1175 69 21 under
613 1174 71 21 denna
699 1174 108 29 tiderymd
823 1175 95 28 tilltagit.

170 1212 51 20 Men
244 1211 60 21 detta
327 1210 47 20 stöd
395 1211 23 19 är
438 1210 7 20 i
465 1210 77 27 sjelfva
562 1209 76 21 verket
656 1208 73 22 alltför
748 1209 110 29 vanskligt
877 1210 40 21 och

170 1246 93 21 förlorar
279 1244 28 22 all
323 1244 52 28 vigt,
391 1243 27 22 dä
431 1244 75 28 hvarje
518 1243 128 29 jemförelse
662 1244 49 20 med
726 1243 36 22 det
775 1243 143 28 förhällande,

170 1287 46 14 som
239 1280 7 20 i
269 1280 68 20 annat
358 1278 37 21 fall
418 1278 70 21 skulle
511 1278 64 21 hafva
598 1279 36 26 egt
657 1285 56 19 rum,
736 1278 24 20 är
782 1278 39 20 och
842 1278 77 22 förblir

170 1314 95 26 omöjlig.

237 1346 50 20 Den
303 1345 149 28 filantropiska
467 1345 63 27 äsigt,
546 1351 45 15 som
608 1345 89 20 framför
713 1345 39 20 allt
767 1345 53 20 ifrar
831 1345 32 21 för
874 1345 43 21 för-

170 1381 120 27 brytarens,
306 1379 39 21 och
362 1378 84 22 således
467 1379 62 21 äfven
549 1378 133 27 mördarens,
697 1378 140 28 förbättring,
854 1385 63 15 anser

167 1416 39 27 jag
229 1415 62 21 äfven
315 1414 7 20 i
344 1414 24 20 så
390 1414 67 20 måtto
478 1413 100 26 förvänd,
599 1414 33 19 att
652 1420 33 13 om
706 1412 139 22 dödsstraffet
863 1413 55 21 skall

169 1450 73 20 kunna
264 1448 106 21 undvaras
389 1448 40 21 och
449 1454 78 22 genom
546 1447 164 28 fängelsestraff
723 1448 33 20 för
771 1447 97 22 lifstiden
884 1454 33 15 er-
