1036 1770
195 135 40 20 608

168 199 94 21 straffets
281 198 162 21 återinförande
459 199 6 19 i
482 200 31 19 ett
526 198 59 26 land,
600 198 45 27 der,
661 198 28 27 på
704 200 43 18 sätt
762 197 61 21 fallet
838 199 24 19 är
878 198 38 20 hos

168 241 45 19 oss,
233 233 60 21 detta
313 232 83 21 straff
393 228 12 36 i
412 234 52 19 nära
485 240 26 13 en
532 232 122 21 mansålder
674 232 54 20 varit
744 232 117 21 afskaffadt
876 232 39 20 och

168 268 49 20 dess
236 266 143 22 användande
395 266 84 21 således
495 266 48 22 icke
559 266 56 21 visat
630 266 34 28 sig
680 274 50 13 vara
746 266 24 22 af
784 266 132 27 nödvändig-

168 302 37 21 het
220 301 118 29 påkalladt.

235 336 45 21 Det
299 335 56 21 enda
374 335 71 26 bevis,
465 342 46 14 som
531 334 73 21 kunde
625 334 113 28 öfvertyga
755 335 43 28 mig
814 341 34 14 om
864 334 53 21 nöd-

168 370 146 28 vändigheten
331 370 25 20 af
368 368 150 22 dödsstraffets
534 368 158 27 bibehållande,
704 370 54 20 eller
768 370 82 20 rättare
860 369 57 20 åter-

168 404 121 26 införande,
306 410 50 14 vore
372 404 43 26 det,
430 405 33 19 att
478 404 26 20 de
520 403 49 21 med
584 403 75 21 lifvets
674 403 77 21 förlust
767 403 92 28 belagda
873 403 44 20 för-

168 433 107 33 brytelser
295 438 69 20 under
384 437 102 21 sednaste
505 438 79 27 fyratio
604 438 24 19 år
644 438 89 27 tilltagit
751 438 7 19 i
774 444 27 14 en
816 443 101 22 progres-

169 473 58 26 sion,
243 471 108 22 snabbare
368 473 26 19 än
410 472 42 20 den
473 471 34 21 för
527 471 166 28 folkmängdens
713 471 96 27 tillvext,
826 471 39 21 och
886 473 31 18 att

169 507 60 20 detta
248 505 136 22 förhållande
404 505 69 21 måste
494 505 127 21 tillskrifvas
641 505 41 21 den
699 505 170 28 omständighet,
886 507 32 18 att

169 541 138 21 dödsstraffet
329 540 69 20 under
420 539 94 22 nämnda
533 540 32 21 tid
586 539 38 21 här
643 539 48 22 icke
712 539 125 28 tillämpats.
867 539 51 21 Men

170 574 80 22 sådana
270 573 61 22 bevis
351 574 65 20 hafva
435 573 49 21 icke
503 573 127 21 framställts
646 573 39 21 och
701 573 73 21 kunna
789 573 49 21 icke
853 573 65 21 fram-

169 609 81 21 ställas.
281 608 52 21 Man
347 608 39 20 har
401 608 49 21 icke
465 614 40 14 ens
520 608 83 21 kunnat
617 608 69 28 påstå,
701 609 33 19 att
748 608 24 20 så
784 608 56 20 varit
850 607 68 21 fallet.

169 644 11 20 I
195 643 74 21 stället
288 643 40 21 har
347 649 49 13 man
417 642 76 21 endast
507 642 8 21 i
530 642 142 28 förbigående
693 642 100 20 hänvisat
812 642 106 28 deruppå,

170 679 31 20 att
217 684 49 14 man
281 677 48 21 icke
344 676 42 21 kan
401 678 57 26 veta,
469 676 55 21 huru
540 676 146 22 förhållandet
701 676 104 28 gestaltat
820 677 40 28 sig,
871 676 47 21 ifall

170 712 138 22 dödsstraffet
323 711 68 21 under
406 711 102 21 sednaste
523 711 79 28 fyratio
617 711 24 21 år
652 711 70 21 blifvit
733 711 112 21 härstädes
855 710 62 22 verk-

170 747 72 21 stäldt.
272 746 52 21 Men
344 745 37 21 det
396 747 23 19 är
435 745 122 29 uppenbart
572 748 38 24 att,
626 745 27 21 då
668 746 74 27 dylika
757 745 161 29 häntydningar

170 782 27 28 på
212 780 57 22 hvad
284 780 70 21 under
369 780 67 21 andra
446 780 151 21 förhållanden
608 780 119 28 möjligtvis
738 780 84 21 kunnat
832 780 87 21 inträffa

170 816 45 20 helt
231 815 39 21 och
285 815 69 20 hållet
368 814 59 28 ligga
443 816 59 19 utom
517 814 37 20 det
569 814 102 27 faktiska,
688 821 26 14 en
730 815 114 27 bevisning
858 815 60 27 inga-

170 850 65 20 lunda
254 849 43 21 kan
318 849 27 28 på
364 848 111 22 desamma
493 849 79 27 bygga.
602 849 51 21 Man
668 848 39 22 har
723 849 64 21 äfven
803 851 58 26 sagt,
876 851 41 23 att,

170 891 34 13 om
224 883 37 21 det
279 883 66 21 också
360 883 69 20 måste
445 883 127 28 medgifvas,
588 885 32 19 att
636 883 136 21 dödsstraffet
788 883 130 28 tillintetgör

170 917 143 28 möjligheten
329 919 32 19 att
376 917 22 21 åt
412 917 41 21 den
470 917 100 22 orättvist
586 917 105 22 sakfällde
706 918 60 27 gifva
776 918 143 27 upprättelse,

170 952 60 21 detta
250 951 47 21 skäl
317 953 59 19 emot
395 951 137 22 dödsstraffet
547 951 67 22 likväl
629 958 52 15 vore
697 952 23 20 af
733 952 67 28 ingen
817 951 102 28 betyden-

170 986 43 27 het,
234 985 74 22 såvida
328 986 63 29 äfven
408 985 42 22 den
465 986 42 27 tid,
522 986 72 27 någon
610 985 72 22 kunde
697 986 87 21 komma
800 987 32 20 att
847 986 72 28 oskyl-

170 1021 46 27 digt
237 1020 71 21 hållas
329 1020 8 20 i
360 1020 109 27 fängelse,
493 1020 108 27 svårligen
625 1020 72 21 kunde
719 1021 80 20 honom
820 1023 98 18 ersättas.

170 1054 84 21 Härvid
275 1054 64 20 utber
356 1054 39 28 jag
415 1054 45 28 mig
480 1054 55 21 dock
555 1056 32 18 att
607 1054 21 21 få
649 1054 79 27 erinra,
744 1056 32 19 att
791 1055 36 21 det
842 1054 77 22 både
906 1050 16 36 i

170 1089 74 27 vanlig
259 1088 89 28 mening
363 1088 40 21 och
418 1095 25 13 ur
459 1088 167 21 kriminalistisk
641 1088 110 29 synpunkt
764 1090 24 20 är
798 1096 27 14 en
836 1089 84 27 ganska

170 1125 45 18 stor
229 1122 87 22 skilnad
331 1122 94 21 emellan
441 1124 31 19 att
487 1123 80 21 förinta
582 1130 27 13 en
625 1130 90 21 persons
731 1123 92 27 tillvaro,
834 1124 40 20 och
888 1126 32 18 att

170 1158 33 19 till
223 1157 54 27 följe
297 1156 24 21 af
337 1157 67 27 något
423 1156 91 28 misstag
532 1157 34 21 för
586 1157 71 27 någon
679 1156 31 21 tid
731 1157 89 21 beröfva
838 1156 80 22 honom

169 1191 102 21 friheten.

238 1225 44 21 Det
302 1226 24 20 är
346 1225 49 20 med
415 1225 94 28 verkligt
529 1226 50 27 nöje
596 1226 40 26 jag
651 1226 37 20 vill
704 1225 96 21 erkänna
815 1226 36 21 det
866 1226 53 20 kon-

171 1262 104 25 seqventa
290 1260 7 20 i
313 1259 26 21 de
355 1259 132 27 föregående
502 1260 108 20 talarenes
626 1259 119 27 yrkanden,
759 1261 32 19 att
802 1260 117 21 dödsstraf-

171 1294 31 21 fet
218 1294 47 20 icke
281 1294 93 20 allenast
389 1294 70 20 skulle
475 1294 69 21 såsom
561 1295 31 19 ett
608 1294 38 20 hot
662 1294 86 28 qvarstå
763 1294 7 20 i
785 1294 71 27 lagen,
867 1296 51 18 utan

172 1327 40 20 ock
231 1327 87 20 komma
333 1326 32 20 till
381 1327 171 26 verkställighet.
583 1327 43 20 Det
641 1328 23 19 är
680 1327 38 20 ock
735 1327 41 20 lätt
791 1327 81 26 insedt,
888 1329 32 18 att

172 1367 34 14 om
227 1359 91 27 straffet,
339 1360 70 20 såsom
427 1368 28 13 nu
475 1360 6 20 i
497 1360 51 28 lång
563 1361 32 20 tid
610 1360 40 20 hos
665 1367 34 14 oss
715 1361 65 26 skett,
796 1361 71 20 städse
883 1367 36 21 pa-

172 1394 107 28 ralyseras
300 1394 24 21 af
341 1393 215 30 benådningsrätten,
576 1394 77 21 sådant
672 1395 43 21 kan
733 1395 86 21 minska
834 1395 86 21 aktnin-

173 1435 42 21 gen
236 1429 34 20 för
285 1428 72 29 lagen,
372 1430 59 19 utom
447 1430 32 20 att
494 1429 218 28 benådningsrätten,
728 1437 45 13 som
788 1429 72 22 blifvit
875 1430 46 21 kal-
