1284 1811
457 131 42 21 750
769 154 7 4 N

429 195 82 22 mantal
531 195 49 21 icke
601 201 38 14 ens
661 201 51 14 vore
730 194 123 29 berättigad
871 196 33 19 att
918 195 75 28 klyfva
1009 195 36 21 det
1060 195 7 21 i
1083 196 12 20 2
1107 195 73 28 jemn-

429 230 56 28 goda
505 229 67 26 delar,
593 229 107 21 hvardera
718 229 122 28 utgörande
861 231 13 26 3
895 230 92 26 mantal,
1007 231 52 20 utan
1077 231 34 20 att
1128 237 53 14 vara

428 263 147 22 underkastad
595 263 44 21 alla
658 263 26 22 de
703 264 126 27 omgängar,
844 270 47 14 som
907 263 7 21 i
928 263 42 22 den
987 263 80 29 nädiga
1080 264 100 29 proposi-

428 299 75 21 tionen
523 300 38 20 äro
579 297 133 22 föreskrifna
727 298 34 21 för
777 298 165 28 egostyckning.
972 298 44 20 Till
1030 305 27 14 en
1073 298 60 28 dylik
1148 299 33 20 in-

428 333 138 27 skränkning
581 332 62 21 torde
659 332 121 21 emellertid
796 332 48 21 icke
860 339 51 14 vara
925 332 57 27 skäl,
997 334 53 19 utan
1065 339 64 21 synes
1145 332 37 22 det

428 368 90 21 alldeles
527 366 134 28 nödvändigt
671 368 31 19 att
712 366 148 28 uttryckligen
871 366 108 22 bibehälla
991 366 37 22 det
1039 374 29 14 nu
1080 367 101 27 gällande

429 402 139 28 stadgandet,
589 403 31 19 att
640 401 102 27 klyfning
762 401 24 21 af
801 401 173 21 skattehemman
990 402 7 20 i
1013 401 85 21 mindre
1114 402 67 27 delar,

429 437 25 21 af
462 436 75 22 hvilka
546 436 49 21 icke
606 436 72 27 nägon
693 435 138 28 understiger
842 437 31 19 ett
884 436 117 27 fjerdedels
1012 436 88 26 mantal,
1117 436 64 21 äfven

429 471 117 22 framdeles
565 470 36 21 mä
619 477 41 21 ega
675 477 59 19 rum,
750 472 51 19 utan
818 469 67 22 sädan
901 470 174 29 undersökning,
1091 470 90 21 hvarom

428 506 40 21 här
488 512 30 14 nu
538 506 24 19 är
582 504 69 29 fräga.
681 504 64 21 Hvad
763 505 47 20 äter
827 504 168 22 frälsehemman
1016 505 110 26 beträffar,
1141 504 40 21 har

429 540 93 21 friherre
538 539 108 28 Carpelan
663 539 87 28 uppläst
765 541 32 19 ett
812 539 120 28 stadgande
947 546 26 14 ur
983 539 93 21 svenska
1087 539 96 28 lagstift-

429 575 92 28 ningen,
542 580 47 15 som
609 573 153 28 ädagalägger,
782 575 31 20 att
832 573 65 22 ocksä
912 574 7 21 i
935 573 91 28 Sverige
1042 573 47 22 frän
1105 573 76 22 frälse-

429 609 113 26 hemman,
561 608 72 28 någon
652 607 180 28 jordafsöndring
851 608 48 21 icke
919 608 34 21 får
969 615 40 21 ega
1028 615 58 19 rum,
1102 614 79 14 annor-

430 643 66 21 lunda
511 644 28 20 än
554 642 70 21 under
638 642 58 21 vissa
712 642 76 21 vilkor.
811 642 44 21 Det
870 642 119 28 pästäende
1003 642 39 28 jag
1057 642 7 21 i
1079 641 60 22 detta
1150 642 32 20 af-

430 677 80 21 seende
531 676 127 27 framställt,
678 676 38 21 har
736 676 127 28 derigenom
884 676 77 21 vunnit
979 676 127 28 ytterligare
1123 676 58 27 stöd;

429 714 24 26 ty
469 712 108 20 erkänner
592 718 49 14 man
658 710 161 29 befogenheten
834 711 24 21 af
872 718 27 14 en
914 711 159 28 inskränkning
1087 711 7 20 i
1105 711 77 21 frälse-

430 746 191 28 hemmansegares
634 745 105 29 rättighet
755 747 32 19 att
798 745 48 21 frän
857 745 131 28 lägenheten
1000 745 102 21 afsöndra
1113 745 69 27 mark,

431 781 24 21 sä
468 780 39 22 bör
522 787 51 14 man
589 780 66 21 ocksä
670 780 50 21 med
735 787 82 14 samma
828 780 47 20 skäl
887 786 51 15 anse
950 786 27 14 en
988 780 61 28 dylik
1058 780 124 21 hemmans-

431 822 76 21 egares
527 816 43 20 rätt
590 816 32 19 att
642 814 76 28 stycka
738 814 130 28 lägenheten
887 814 74 21 kunna
976 814 137 21 inskränkas.
1143 814 40 21 Att

431 850 71 20 säsom
527 848 70 29 grund
617 849 35 21 för
672 856 27 14 en
720 851 89 19 motsatt
829 848 57 28 äsigt
905 849 95 28 äberopa
1019 848 163 29 ridderskapets

431 884 40 21 och
486 883 75 21 adelns
579 883 126 28 privilegier
721 890 64 21 synes
801 890 91 14 numera
907 890 52 14 vara
977 883 119 28 förgäfves,
1116 883 66 21 sedan

430 917 106 28 rättighet
551 918 32 20 att
597 917 79 21 besitta
692 917 168 21 frälsehemman
875 917 133 21 tillkommer
1023 917 87 21 enhvar.
1139 917 43 21 Nä-

430 954 38 25 got
491 952 106 28 egentligt
620 951 47 22 skäl
690 951 82 22 företer
794 952 34 28 sig
847 951 49 22 icke
916 951 69 22 heller
1005 953 32 20 att
1057 951 126 29 undantaga

430 986 169 21 frälsehemman
615 985 48 22 frän
678 986 166 28 ifrägavarande
860 985 125 29 stadgande,
996 993 46 14 som
1058 986 83 28 äsyftar
1151 988 32 19 att

431 1020 80 22 bevara
526 1020 144 29 lägenhetens
685 1020 101 28 beständ,
802 1021 24 21 sä
841 1023 32 19 att
889 1021 48 21 dess
953 1020 58 21 skatt
1027 1020 96 22 derifrän
1138 1021 44 21 kan

431 1056 62 28 utgä,
515 1063 34 14 om
568 1063 50 14 man
639 1055 83 22 erinrar
741 1056 33 28 sig
790 1056 26 21 de
831 1056 80 28 mänga
927 1055 112 29 utskylder
1054 1055 128 22 frälsehem-

431 1097 90 20 manen,
537 1090 89 21 oaktadt
646 1089 27 22 de
694 1089 69 22 kallas
778 1090 85 28 frälsta,
881 1091 99 28 erlägga,
996 1090 110 29 nemligen
1122 1092 61 19 utom

431 1125 44 22 alla
489 1125 113 28 utskylder
617 1125 34 21 till
666 1125 140 28 kommunen,
822 1124 81 29 tionde,
919 1125 108 28 lagmans-
1039 1125 40 21 och
1094 1125 89 21 härads-

431 1159 178 29 höfdingeränta,
629 1159 158 29 vakansafgift,
806 1159 317 29 bränvinsbränningsarrende
1142 1159 41 21 och

431 1194 111 20 dessutom
558 1201 27 13 en
601 1193 36 21 del
652 1193 25 21 af
686 1194 206 27 jordeboksräntan.
922 1194 88 21 Samma
1025 1193 99 27 motiver,
1135 1201 47 13 som

433 1228 84 27 grunda
537 1227 192 29 nödvändigheten
749 1228 23 21 af
791 1227 184 29 inskränkningar
996 1228 8 20 i
1023 1226 60 23 detta
1106 1227 77 21 hänse-

432 1262 55 21 ende
503 1261 34 22 för
553 1261 182 28 skattehemman,
746 1269 64 15 anser
818 1262 39 28 jag
868 1262 85 21 derföre
963 1262 64 21 äfven
1038 1262 58 28 gälla
1107 1262 75 20 frälse-

432 1296 108 26 hemman,
552 1296 40 21 och
608 1296 120 28 tillstyrker
744 1296 91 27 således,
846 1298 32 19 att
894 1296 62 21 dessa
969 1295 136 23 sistnämnda
1115 1296 67 20 måtte

432 1329 108 22 derunder
555 1330 133 28 inbegripas.

493 1364 66 27 Herr
579 1364 176 28 Gripenberg,
775 1364 21 21 J.
814 1364 27 21 U.
862 1364 28 21 8.:
907 1364 33 21 Då
952 1365 41 27 jag
1007 1364 8 20 i
1030 1364 152 21 hufvudsaken

431 1397 128 28 godkänner
579 1397 27 21 de
627 1398 89 28 äsigter,
732 1404 46 15 som
794 1398 72 22 blifvit
880 1398 97 21 uttalade
992 1398 24 21 af
1029 1398 52 21 flere
1097 1398 86 28 föregä-

432 1432 55 22 ende
503 1432 76 28 talare,
595 1432 112 29 nemligen
722 1439 28 15 en
765 1432 136 28 obegränsad
916 1432 165 29 egostyckning,
1092 1432 39 22 har
1143 1433 40 28 jag
