1036 1775
805 127 39 23 521

124 192 128 29 församling
272 192 74 22 kunna
366 192 66 22 skildt
452 192 107 22 behandla
579 192 41 22 och
638 193 75 29 afgöra
730 194 81 28 frågor,
827 201 46 15 som

124 228 49 20 röra
193 226 49 22 dem
263 227 98 21 allenast.
391 227 82 21 Finnes
492 227 36 21 det
543 234 27 14 en
586 228 93 21 särskild
693 228 131 28 författning
839 235 35 15 om

125 261 211 28 sockenmagasiner,
354 268 46 14 som
415 261 98 28 stadgar,
528 263 32 20 att
575 262 57 20 blott
646 262 34 27 de,
693 262 75 21 hvilka
784 269 41 21 ega
839 262 35 22 del

123 295 8 21 i
146 295 74 28 dylika
235 295 151 28 inrättningar,
403 297 36 19 äro
455 296 137 28 berättigade
607 298 32 19 att
654 296 87 28 deltaga
755 296 7 21 i
772 296 102 22 förhand-

123 330 100 28 lingarne
240 329 93 21 rörande
353 330 59 27 dem,
433 330 23 21 sä
471 330 63 21 faller
550 330 36 22 det
602 330 65 22 ocksä
682 330 23 22 af
718 330 34 29 sig
768 330 58 29 sjelf,
842 332 32 20 att

124 364 76 21 endast
222 364 26 21 de
271 364 32 21 uti
325 364 219 22 kommunalstämma
558 364 66 23 hafva
641 366 60 21 talan
718 366 8 20 i
746 365 128 22 dithörande

126 400 79 29 frägor.

191 434 59 22 Herr
267 441 43 15 von
330 434 84 28 Born,
434 434 27 22 K.
481 434 33 22 F.:
537 434 44 29 Jag
599 440 63 16 anser
678 434 36 22 det
725 436 47 26 just
787 435 86 22 derföre

123 476 52 15 vara
189 468 142 29 nödvändigt,
346 470 32 20 att
392 470 32 20 ett
439 468 76 22 sädant
528 468 78 29 tillägg
616 468 70 22 skulle
697 469 39 21 här
746 469 83 29 inflyta,
840 469 34 23 för

124 505 32 21 att
177 504 137 22 förekomma
336 504 29 20 all
387 503 142 29 tvetydighet.
564 503 44 21 Det
628 503 69 28 gäller
716 503 49 22 icke
780 504 93 22 allenast

124 538 215 29 sockenmagasiner;
360 538 37 22 det
416 538 44 22 kan
478 538 70 22 finnas
566 537 71 23 skilda
651 538 76 22 kassor
742 538 40 22 och
797 538 76 22 inrätt-

124 574 78 28 ningar
222 574 33 21 för
276 573 59 22 olika
355 572 95 29 andelar,
471 572 41 23 och
524 579 50 16 man
589 572 40 23 bör
644 572 61 23 alltid
720 573 54 29 göra
788 580 27 15 en
831 574 44 22 för-

124 608 95 29 fattning
241 609 24 20 sä
286 608 70 28 tydlig
378 615 45 14 som
446 608 96 29 möjligt,
562 608 129 28 isynnerhet
712 608 28 22 dä
761 608 43 22 den
819 608 55 23 skall

124 643 109 28 tillämpas
248 643 37 21 vid
300 649 27 15 en
343 643 180 22 sockenstämma.

192 677 103 22 Friherre
316 677 151 28 Carpelan:
490 677 41 22 Om
552 684 51 15 man
622 678 138 28 genomläser
775 678 26 22 de
816 679 57 22 före-

124 713 83 29 gående
223 714 151 20 momenterna
389 712 24 21 af
427 713 18 27 $,
461 712 98 22 kommer
574 719 51 14 man
640 712 34 22 till
689 713 41 21 den
746 713 57 28 äsigt
817 713 7 22 i
840 720 33 15 sa-

125 749 51 26 ken,
191 749 32 20 att
238 748 50 21 herr
303 754 43 15 von
361 747 70 21 Borns
447 747 77 28 tillägg
534 748 24 21 är
569 747 90 22 alldeles
675 747 147 29 öfverflödigt;
838 748 36 23 det

125 783 62 21 heter
206 782 120 28 nemligen,
346 784 31 18 att
392 782 26 21 de
434 782 98 27 ärender,
549 788 47 15 som
611 782 37 21 äro
664 788 162 21 gemensamma
840 783 34 22 för

125 817 48 21 hela
187 817 140 26 kommunen,
343 817 61 20 skola
419 816 24 21 af
457 817 99 28 samtlige
572 816 182 29 röstberättigade
770 817 104 30 handläg-

125 859 45 21 gas.
199 851 65 28 Angä
283 851 82 21 sådana
380 851 91 21 ärender
487 851 75 21 endast
578 851 7 21 i
603 851 82 21 mantal
700 853 44 20 satt
755 851 50 28 jord
821 853 54 21 eller

125 886 68 22 andra
207 886 99 21 deremot
321 885 105 22 svarande
442 885 112 28 skattetal,
570 885 35 22 mä
618 886 21 28 ej
655 886 67 22 andra
737 887 28 21 än
776 886 36 28 de,
828 894 46 15 som

125 921 60 29 dylik
203 921 51 28 jord
276 921 126 27 innehafva,
426 920 100 22 deröfver
547 920 73 22 rädslä
642 921 40 21 och
702 921 92 22 besluta.
832 922 41 22 Om

126 955 121 22 ärenderna
261 956 49 20 icke
326 957 37 19 äro
379 962 172 22 gemensamma,
567 955 24 21 sä
606 961 41 22 ega
658 955 25 22 de
694 955 181 30 röstberättigade

126 990 48 22 icke
189 990 116 28 samtligen
321 990 47 20 deri
384 990 93 28 deltaga.

195 1024 80 22 Grefve
291 1024 111 22 Creutz:
419 1024 42 28 Jag
477 1026 24 20 är
516 1024 149 22 förekommen
679 1024 24 21 af
714 1024 92 23 friherre
822 1026 53 22 Car-

126 1060 74 28 pelan;
214 1060 39 27 jag
267 1059 52 21 ville
332 1059 46 28 just
392 1059 87 28 päpeka
494 1058 120 22 detsamma
627 1058 107 23 friherren
745 1060 129 28 framhällit,

126 1094 101 21 hvarföre
247 1094 39 28 jag
309 1093 75 21 endast
405 1100 30 14 nu
457 1093 34 21 får
513 1093 99 29 tillägga,
628 1095 32 20 att
674 1093 36 22 det
724 1094 84 22 kanske
823 1101 52 17 vore

127 1128 58 27 bäst,
205 1134 34 14 om
260 1135 50 13 man
330 1128 20 27 ej
372 1127 75 29 gjorde
463 1127 73 21 alltför
551 1128 80 28 mänga
646 1128 117 29 ändringar
778 1130 42 27 uti,
836 1129 40 22 och

127 1162 145 29 förklaringar
293 1162 23 21 af
331 1162 158 27 betänkandet,
509 1164 23 27 ty
547 1161 37 22 det
598 1162 124 23 föranleder
737 1163 76 22 endast
828 1163 47 22 der-

127 1197 52 27 hän,
196 1199 31 19 att
243 1197 92 21 ständen
350 1199 77 19 stanna
442 1197 8 20 i
466 1196 58 22 olika
538 1197 81 27 beslut,
634 1197 141 29 hvarigenom
791 1198 36 22 det
842 1199 33 22 för

128 1231 244 29 expeditionsutskottet
389 1231 42 22 blir
447 1232 58 21 svårt
518 1233 32 20 att
565 1232 172 28 sammanjemka
748 1233 26 21 de
786 1233 89 29 skiljak-

127 1266 46 29 tiga
188 1266 149 28 meningarne.

194 1300 58 21 Herr
267 1300 201 21 landtmarskalken
482 1301 113 28 tillsporde
610 1301 54 21 härä
678 1301 96 28 ständet,
790 1309 35 14 om
840 1303 36 21 det

129 1335 95 21 önskade
239 1337 81 25 antaga
337 1335 142 22 förevarande
495 1336 12 27 8
522 1335 140 28 oförändrad,
677 1336 82 29 hvarpä
774 1337 101 22 svarades

129 1370 77 21 nästan
222 1369 106 28 enhälligt
341 1369 102 28 jakande.

196 1403 261 20 Utskottsbetänkandets
475 1404 26 19 12
516 1405 10 26 $
542 1404 122 27 upplästes,
682 1404 52 21 derå

197 1436 57 22 Herr
269 1443 42 14 von
327 1435 136 29 Knorring
479 1437 73 21 anhöll
568 1437 113 29 om”ordet
697 1437 39 22 och
751 1438 96 28 yttrade:
866 1438 11 21 I
