1036 1770
206 125 41 25 400

178 194 24 20 af
210 194 229 29 magistratspersoner
452 195 108 27 förrättas,
571 194 48 23 icke
629 194 93 23 behöfva
733 193 91 24 skrifvas
835 196 13 21 å
858 196 64 20 stäm-

177 229 125 28 pelpapper,
318 231 52 19 utan
385 237 51 14 vore
452 230 46 21 helt
513 230 39 21 och
567 230 67 21 hållet
650 230 94 21 derifrån
759 230 104 21 befriade.

246 264 59 21 Herr
320 271 42 14 von
377 264 80 28 Born,
474 265 20 20 J.
510 266 32 19 A.:
563 265 64 21 Hvad
642 265 53 21 först
711 265 77 28 sjelfva
804 266 66 20 saken
885 265 36 21 be-

178 298 80 27 träffar,
275 299 52 20 eller
342 299 106 21 huruvida
463 299 207 28 bouppteckningar,
687 300 117 21 förrättade
820 300 23 21 af
856 301 67 26 magi-

178 335 176 26 stratspersoner,
366 334 52 21 böra
433 334 91 21 skrifvas
540 335 28 28 på
583 334 115 29 stämpladt
712 341 90 22 papper,
813 342 63 14 anser
884 335 39 28 jag

179 369 32 20 att
225 368 8 21 i
247 368 36 21 det
298 368 112 22 afseendet
424 369 45 20 skäl
486 369 68 21 förete
570 369 33 28 sig
618 371 32 19 att
666 370 76 27 frångå
756 370 42 21 den
814 370 109 21 allmänna

177 403 86 27 regeln,
284 403 90 21 emedan
395 405 30 19 ett
444 403 69 29 dylikt
530 404 112 28 sysslande
658 405 24 20 af
694 405 229 28 magistratspersoner

177 437 48 21 icke
241 438 126 27 egentligen
381 439 118 21 innefattar
514 439 71 27 någon
601 439 166 27 embetsåtgärd,
779 441 51 19 utan
842 441 23 19 är
879 439 42 21 till-

177 472 102 21 kommen
300 472 180 29 hufvudsakligen
500 473 33 21 för
554 475 32 19 att
606 473 68 22 skaffa
693 474 230 28 magistratspersoner

178 514 27 14 en
220 506 103 29 inkomst;
341 509 31 19 ett
387 508 118 28 stadgande
520 508 24 21 af
556 510 90 20 motsatt
661 509 97 28 syftning
774 509 69 21 skulle
858 509 65 21 också

177 542 48 21 leda
243 542 91 28 derhän,
350 544 31 20 att
400 544 256 28 magistratspersonerne
676 551 50 14 vore
747 544 124 21 nödsakade
891 545 32 20 att

177 577 50 22 icke
242 577 68 22 sällan
326 578 58 28 ligga
395 578 31 22 uti
436 578 110 29 betydliga
556 579 229 28 penningeförskotter
799 579 33 21 för
842 580 80 27 stämp-

178 612 45 21 ladt
238 619 89 22 papper.
357 613 42 28 Jag
414 621 63 13 anser
492 614 47 20 skäl
554 614 48 21 icke
617 614 69 21 förete
703 614 32 28 sig
750 614 33 21 till
798 614 92 28 ändring
901 614 24 21 af

178 646 148 22 betänkandet
341 648 6 20 i
364 648 69 21 denna
454 649 41 27 del,
515 655 50 15 men
585 648 57 22 hvad
662 649 97 21 deremot
778 648 144 22 redaktionen

179 684 108 28 beträffar,
301 684 69 21 finner
382 683 46 27 jag,
439 685 31 19 att
486 684 67 20 ehuru
569 684 135 28 stadgandet,
715 685 32 20 att
757 684 165 28 ifrågavarande

177 720 155 21 instrumenter
347 719 20 27 ej
383 718 93 22 behöfva
491 718 95 30 skrifvas
600 720 28 27 på
644 719 115 28 stämpladt
774 726 89 22 papper,
874 720 47 21 icke

177 754 121 29 upphäfver
316 754 149 26 föreskriften,
481 756 32 18 att
528 754 25 21 de
569 754 52 21 böra
636 754 49 20 med
699 754 174 28 stämpelpapper
890 754 31 22 be-

179 785 81 34 läggas,
277 789 33 21 för
330 789 118 28 tydlighets
466 789 56 21 skull
538 789 96 27 följande
648 790 77 27 tillägg
739 789 40 21 bör
794 789 38 21 här
848 791 73 26 göras:

177 827 66 23 utan
259 824 22 21 få
295 824 49 21 med
358 824 182 28 stämpelmärken
551 824 102 28 beläggas
664 824 27 28 på
702 826 42 19 sätt
754 824 7 20 i
772 825 11 27 $
795 825 11 20 5
818 824 104 28 stadgas."

246 859 57 22 Herr
323 866 42 14 von
386 858 123 22 Schoultz
528 859 100 28 uppläste
648 860 31 19 ett
695 859 123 28 skriftligen
834 861 88 26 uppsatt

179 893 138 30 andragande
333 894 22 21 af
368 893 95 28 följande
478 893 90 28 lydelse:

247 929 42 28 Jag
304 931 62 26 tager
381 928 44 27 mig
441 929 93 20 friheten
550 929 55 20 fästa
620 927 161 30 ridderskapets
798 928 37 21 och
848 928 74 21 adelns

180 964 191 28 uppmärksamhet
394 963 75 28 derpå,
489 965 31 19 att
543 965 62 19 stats-
625 963 39 21 och
684 963 238 28 bevillningsutskottet

178 999 32 21 uti
230 999 41 21 den
291 998 79 28 nådiga
390 998 163 28 propositionen
572 998 99 21 uteslutit
686 998 171 28 anmärkningen
872 1005 49 21 pag.

179 1034 54 21 6—7
254 1034 71 21 såsom
345 1033 40 21 ock
404 1040 49 21 pag.
474 1033 26 21 35
516 1040 63 14 mom.
596 1033 32 20 36.
658 1033 11 20 I
685 1033 68 20 likhet
768 1033 50 21 med
832 1035 89 26 prosten

179 1069 102 28 Alopeus
296 1068 43 20 kan
352 1068 39 27 jag
406 1067 47 21 icke
468 1068 53 26 inse,
537 1067 100 22 hvarföre
653 1067 106 22 utskottet
774 1068 37 20 vill
827 1068 95 27 betunga

178 1103 41 22 den
239 1103 106 21 obesutna
363 1102 62 21 delen
441 1102 23 21 af
477 1102 47 21 vårt
539 1102 104 21 samhälle
657 1102 48 21 med
720 1102 68 29 högre
804 1109 73 20 onera,
895 1104 26 19 än

179 1139 42 20 den
235 1138 66 21 redan
317 1137 83 28 drager,
417 1136 26 21 då
458 1137 53 22 hvar
526 1144 50 14 man
592 1139 99 26 nogsamt
706 1137 90 27 känner,
806 1137 55 21 huru
877 1139 44 19 mö-

179 1173 84 21 dosamt
283 1173 71 20 denna
372 1171 199 28 medborgareklass
586 1172 69 21 måste
670 1172 108 21 förvärfva
793 1171 75 28 hvarje
883 1171 38 22 ko-

178 1208 44 28 pek
237 1207 39 21 och
291 1207 55 21 huru
362 1207 65 20 oftast
442 1207 57 20 svårt
515 1207 41 20 den
572 1207 38 20 har
625 1208 31 19 att
671 1207 46 20 föra
732 1207 33 20 sin
776 1207 79 27 klagan
866 1207 54 20 fram

179 1243 35 20 till
234 1242 130 28 Majestätet.
394 1241 102 28 Lyckligt
516 1241 81 22 skattas
615 1241 25 27 ju
662 1241 35 21 det
716 1241 60 28 land,
792 1241 88 21 hvarest
895 1241 26 21 de

179 1277 96 28 ringaste
291 1276 40 21 och
346 1276 111 28 fattigaste
472 1276 70 21 förmå
558 1275 69 22 skaffa
642 1276 33 27 sig
689 1277 49 20 rätt.
769 1276 29 21 Sä
813 1276 38 21 har
866 1275 55 22 varit

179 1324 27 2 —
221 1312 38 19 bör
276 1312 19 26 ej
313 1311 23 19 sä
350 1310 101 20 förblifva
466 1311 7 18 i
489 1311 83 19 Suomi!
594 1310 51 20 Man
661 1310 51 20 ifrar
728 1312 56 24 ,mot
794 1312 126 25 passväsen-

180 1344 47 21 det"
243 1344 40 20 och
299 1343 82 21 kanske
396 1344 48 20 icke
460 1346 52 18 utan
528 1344 56 27 skäl;
604 1344 35 20 mä
654 1343 59 21 detta
728 1343 68 21 hellre
812 1344 34 20 stä
861 1345 60 19 evär-

179 1379 72 29 deliga
267 1385 51 22 gvar
334 1384 44 15 som
394 1384 25 14 en
435 1377 154 22 inkomstkälla
603 1378 34 20 för
653 1379 77 26 staten,
742 1379 25 19 än
784 1380 31 18 att
830 1378 91 21 medelst

179 1414 175 29 stämpelpapper
370 1413 65 21 ockra
450 1413 48 21 med
513 1413 103 21 rättvisan
632 1413 33 21 för
680 1412 91 22 bonden.
