1039 1723
179 122 43 23 646

153 187 69 27 delse,
243 189 33 20 att
295 187 81 22 brottet
391 186 21 29 ej
428 186 59 22 skett
506 186 69 22 under
590 186 154 28 uppbrusande
760 185 76 28 affekt,
851 186 53 22 utan

153 222 57 22 efter
224 222 40 21 full
279 222 41 21 och
335 222 53 28 lugn
404 222 176 28 öfverläggning,
597 221 34 22 för
646 220 37 22 det
696 221 59 21 kalla
765 220 140 22 beräknande

153 256 93 22 mordet.
277 256 43 30 Jag
342 257 39 21 har
403 256 36 21 vid
462 256 60 21 detta
544 255 97 29 yrkande
661 255 48 21 icke
725 255 56 21 ledts
796 254 24 22 af
833 255 73 28 någon

153 291 95 28 passion.
283 291 43 28 Jag
346 291 39 21 har
407 290 49 22 icke
478 289 138 23 uteslutande
639 289 69 28 hyllat
730 288 177 28 afskräcknings-

154 326 82 26 teorin,
256 325 94 21 likasom
368 325 8 21 i
396 324 120 22 allmänhet
536 324 26 22 de
582 326 81 19 tomma
683 324 109 21 teorierne
812 323 35 22 för
861 323 46 29 mig

154 360 66 21 hafva
238 359 164 29 jemförelsevis
423 359 64 29 ringa
510 359 55 29 vigt;
588 365 51 15 men
655 359 40 27 jag
715 358 40 22 har
774 358 48 22 icke
838 358 69 21 heller

154 394 85 22 kunnat
261 394 123 22 frånkänna
406 394 126 22 densamma
554 393 30 21 all
604 392 123 29 betydelse,
747 394 58 26 enär,
820 392 30 29 på
865 393 44 21 sätt

155 428 65 22 äfven
243 428 42 22 den
308 428 92 22 svenska
423 428 135 29 lagkomitén
580 428 25 21 år
626 428 55 21 1833
699 428 96 28 yttrade,
811 428 37 20 det
863 428 45 20 står

155 463 50 28 fast,
228 465 33 20 att
283 463 80 22 folkets
385 463 98 28 begrepp
506 470 35 15 om
562 462 138 29 strafflagens
720 462 94 21 väsende
830 463 30 26 är,
877 463 32 20 att

156 498 43 21 den
219 498 39 22 bör
278 505 53 14 vara
351 497 167 28 afskräckande,
534 504 50 15 men
598 498 21 27 ej
635 497 124 28 onödigtvis
775 497 60 22 hård.
865 497 44 28 Jag

156 533 40 20 har
218 533 48 21 icke
288 533 74 28 yrkat,
378 534 32 20 att
422 533 26 27 ju
463 534 113 27 strängare
592 532 90 28 lagarne
698 533 48 26 äro,
760 532 61 21 desto
836 531 73 22 bättre

156 567 55 28 fylla
232 567 27 22 de
279 567 38 21 sitt
339 567 108 21 ändamål.
476 567 44 28 Jag
539 567 39 21 har
599 567 56 20 blott
669 566 65 29 yrkat
748 567 29 28 på
792 568 31 19 ett
838 566 71 27 straff,

157 608 47 15 som
224 601 56 22 efter
300 602 80 21 folkets
400 601 141 29 uppfattning
564 601 106 22 innebure
690 601 128 28 tillräckligt
841 601 68 21 allvar

157 636 42 21 och
214 636 107 29 derjemte
336 635 95 23 beredde
447 635 67 29 nödig
528 636 115 28 gradation
653 635 8 22 i
671 635 174 29 lagstiftningen,
855 635 56 22 hvil-

157 670 39 21 ket
211 671 50 21 med
280 670 124 29 antagande
422 671 24 20 af
458 671 119 21 utskottets
592 670 138 22 betänkande
746 671 20 27 ej
782 670 73 21 blefve
870 670 40 21 fal-

156 705 39 22 let.
225 705 43 29 Jag
283 705 43 21 kan
342 706 20 27 ej
378 704 136 29 öfvertygas,
529 707 32 20 att
575 705 51 21 våld
641 705 13 21 &
669 706 82 21 statens
766 705 145 21 öfverhufvud

157 740 55 21 eller
227 741 32 20 ett
274 739 122 29 öfverlagdt
414 739 62 22 mord
491 741 37 21 äro
544 739 23 22 af
580 740 24 21 så
619 739 63 29 ringa
698 739 122 29 betydelse,
836 741 32 20 att
883 739 26 22 de

158 775 21 28 ej
196 775 53 21 böra
264 775 86 21 straffas
365 775 138 28 allvarligare
519 776 28 20 än
563 776 32 19 ett
609 774 60 29 dråp.
700 774 46 22 Allt
761 776 49 27 nytt
824 774 40 21 har
877 774 34 21 till

158 816 27 15 en
201 809 78 28 början
294 810 34 21 sin
344 809 123 28 öfverdrift;
483 810 24 21 så
522 809 65 22 äfven
603 809 42 22 den
661 809 64 28 eljest
735 808 177 23 vördnadsvärda

159 843 132 29 filantropin.
320 843 50 22 Den
385 843 40 22 har
440 844 8 20 i
463 845 34 20 sin
513 843 115 23 öfverdrift
641 856 28 3 —
679 844 41 28 jag
735 845 90 20 nämner
840 845 27 20 än
884 850 27 15 en

160 878 59 28 gång
230 878 115 22 öfverdrift
354 890 24 4 —
388 878 78 22 skadat
475 886 47 14 mer
532 880 28 20 än
571 878 42 22 den
624 880 88 26 gagnat,
723 878 28 22 då
761 878 42 21 den
813 878 100 22 deremot

160 912 80 22 sansad
259 912 78 22 verkat
356 913 25 22 så
401 913 117 29 oändligen
538 913 88 29 mycket
645 912 52 29 godt
715 912 34 22 för
764 912 148 30 mensklighe-

160 948 44 20 ten.
234 940 149 29 Öfverdriften
401 947 40 22 har
458 947 67 22 redan
538 948 8 21 i
562 947 68 22 andra
642 947 76 22 länder
732 947 47 29 lagt
794 947 43 29 sig,
853 947 59 21 bort-

160 983 69 26 nötts,
250 982 40 21 och
309 982 83 21 lemnat
411 989 48 14 rum
479 982 34 21 för
528 982 92 22 allvaret
635 981 40 22 och
691 982 37 21 det
742 988 80 22 mogna
837 982 75 22 betän-

160 1017 88 21 kandet.
278 1016 30 22 Sä
324 1023 64 21 synes
404 1017 46 28 mig
464 1018 58 20 ännu
537 1017 49 21 icke
602 1023 52 14 vara
668 1016 62 22 fallet
744 1017 40 20 hos
799 1024 42 14 oss.
868 1017 46 21 Det

160 1050 77 29 tyckes
260 1051 46 28 mig
328 1052 103 26 tvertom,
450 1058 46 15 som
513 1051 70 22 skulle
604 1058 51 14 man
669 1051 49 21 icke
733 1051 51 22 med
797 1051 117 29 tillbörligt

160 1085 70 22 allvar
244 1086 54 21 söka
314 1086 79 21 bereda
408 1085 71 29 skydd
493 1085 34 22 för
542 1085 43 22 den
600 1085 94 29 fredliga
704 1085 146 29 inbyggaren,
861 1087 52 20 utan

161 1126 88 15 snarare
264 1120 58 21 fästa
337 1120 138 21 uteslutande
490 1121 48 28 vigt
553 1121 13 20 &
581 1120 37 21 det
632 1120 68 21 likväl
716 1120 46 21 ofta
775 1127 45 21 nog
835 1119 79 22 osäkra

160 1153 99 22 försöket
280 1154 52 21 med
354 1154 126 21 mördarens
503 1155 138 27 förbättring.
678 1154 65 21 Hvad
764 1155 39 28 gör
823 1153 38 22 det
880 1154 34 21 till

161 1187 79 28 saken,
256 1195 34 14 om
305 1188 51 21 hela
371 1188 95 28 familjer
482 1189 96 28 mördas,
593 1188 56 21 blott
663 1195 50 15 man
729 1189 32 20 får
776 1189 137 28 experimen-

161 1224 48 19 tera
227 1222 51 21 med
298 1222 155 28 brottslingens
473 1222 134 22 förädlande.
640 1223 51 21 Med
709 1224 51 27 nöje
775 1223 40 21 har
827 1223 40 28 jag
881 1229 33 14 er-

161 1256 64 27 känt,
244 1258 33 19 att
296 1257 49 20 vårt
359 1257 71 20 finska
444 1257 47 20 folk
508 1257 89 20 relativt
611 1258 25 19 är
651 1258 31 19 ett
697 1257 81 27 sedligt
792 1257 56 26 folk,
863 1263 51 14 men

161 1289 44 21 kan
220 1289 57 22 dock
291 1289 59 27 icke,
365 1290 50 21 med
430 1290 154 21 erfarenheten
599 1291 35 20 för
649 1291 96 26 ögonen,
761 1289 106 28 bestrida,
878 1290 38 21 det

159 1325 27 27 ju
207 1323 49 22 icke
279 1324 93 28 mycken
392 1324 64 21 råhet
476 1323 39 22 och
531 1324 84 21 vildhet
629 1326 59 19 ännu
701 1324 70 21 finnes
788 1331 59 22 qvar.
876 1324 39 22 Ett

162 1358 51 21 fullt
228 1358 80 29 sedligt
321 1359 46 21 folk
383 1360 30 26 är,
429 1358 56 22 efter
501 1358 49 22 mitt
569 1358 104 29 begrepp,
688 1359 49 22 icke
752 1359 33 21 till
801 1359 114 22 finnandes

163 1393 28 28 på
202 1393 89 28 jorden;
306 1393 38 22 det
359 1393 71 22 skulle
444 1394 8 21 i
468 1393 24 22 sä
506 1393 39 22 fall
560 1393 35 22 väl
611 1393 48 22 icke
675 1393 73 22 vidare
764 1394 94 22 behöfva
871 1394 44 22 för-

162 1427 92 23 kofras
242 1423 11 41 i
266 1428 130 23 civilisation
407 1428 40 23 och
457 1428 118 30 moralitet,
587 1429 144 31 egenskaper,
739 1435 47 18 som
794 1429 121 25 detsamma
