1034 1748
204 134 37 21 132

173 200 46 20 åter
235 199 102 21 beträffar
353 198 35 20 det
404 198 79 26 inkast,
494 198 49 21 herr
555 206 41 13 von
607 199 155 27 Weissenberg
772 200 59 26 gjort
842 200 80 26 derom,

173 235 31 19 att
224 234 38 20 allt
281 232 130 28 tillgörande
432 232 46 20 frän
501 233 83 21 landets
605 232 97 22 ständers
723 234 46 20 sida
788 234 7 20 i
810 234 62 28 fräga
888 240 33 14 om

173 268 42 21 den
235 275 43 20 nya
298 266 156 28 myntenheten
474 273 51 15 vore
546 266 128 28 obehötfligt,
690 274 64 21 synes
770 268 37 20 det
822 268 54 28 mig,
892 270 31 18 att

173 302 88 21 oaktadt
276 302 75 20 härom
367 302 55 20 intet
437 301 69 21 finnes
521 301 90 21 nämndt
627 302 6 20 i
649 302 40 20 den
704 302 79 28 nädiga
794 302 129 28 propositio-

173 344 52 19 nen,
246 336 36 21 det
299 336 68 20 likväl
382 335 33 21 för
430 336 129 28 regeringen
575 336 66 20 borde
655 343 51 14 vara
722 337 132 20 välkommet
869 337 32 21 att
915 336 8 20 i

173 371 134 21 närvarande
323 370 102 28 tidpunkt
436 370 39 21 och
486 370 66 21 innan
563 371 127 27 preglingen
703 371 23 20 af
736 371 36 21 det
782 371 70 21 finska
862 378 61 20 myn-

173 407 30 20 tet
221 406 104 27 vidtager,
341 405 70 21 erfara
426 405 128 21 ständernas
570 405 65 21 tanke
651 406 7 19 i
672 406 70 20 denna
753 406 67 27 fräga,
832 405 90 21 emedan

172 440 132 28 regeringen
323 440 89 27 nyligen
432 440 86 20 nedsatt
537 446 26 14 en
579 440 81 20 komitö
676 440 34 20 för
726 442 30 18 att
772 440 93 21 aflemna
880 440 43 21 för-

173 475 47 27 slag
240 474 112 28 angående
372 474 138 28 tillämpning
531 474 23 20 af
570 474 35 21 det
620 475 104 19 metriska
740 476 104 26 systemet
860 474 62 22 äfven

173 510 27 27 pä
221 509 40 20 den
277 508 70 21 finska
368 508 165 28 myntenheten;
558 508 39 20 och
615 515 64 13 anser
692 510 39 26 jag
746 509 86 21 derföre
848 509 74 21 betän-

173 543 80 21 kandet
269 543 66 21 ocksä
349 542 8 20 i
372 542 40 21 den
429 542 61 21 delen
508 542 52 21 böra
574 542 132 28 godkännas.

241 577 58 21 Herr
312 576 204 28 Pippingsköld:
533 576 43 28 Jag
591 584 38 14 var
645 578 18 26 ej
681 578 141 26 närvarande,
834 578 26 21 dä
873 578 50 21 herr

174 612 123 28 Jägerhorn
315 612 34 19 för
365 618 27 13 en
408 611 64 20 stund
488 610 66 21 sedan
571 611 95 27 föreslog
681 614 31 17 ett
728 612 70 26 mätt-,
814 612 52 21 mäl-
883 613 40 20 och

173 647 137 28 vigtsystem,
331 645 83 21 hvilket
434 645 69 21 skulle
525 645 33 21 stä
576 645 7 20 i
599 645 73 21 enkelt
688 645 134 22 förhällande
838 647 34 20 till
888 647 35 21 det

173 681 110 20 metriska.
313 680 44 21 För
377 680 45 20 min
438 679 35 20 del
489 680 75 27 tycker
578 680 47 28 jag,
642 681 31 19 att
689 680 59 21 detta
764 681 82 28 förslag
862 681 19 28 ej
899 683 23 19 är

173 716 45 21 helt
242 715 41 21 och
305 715 68 21 hället
395 714 132 28 förkastligt.
562 714 38 21 Ett
623 714 23 21 af
666 714 26 21 de
715 715 60 26 land,
799 722 45 14 som
868 715 55 22 efter

174 749 121 22 Frankrike
312 749 55 21 först
382 748 85 21 införde
482 749 37 20 det
534 749 103 20 metriska
653 751 114 25 systemet,
783 756 37 15 var
836 750 87 27 Baden;

173 785 36 21 det
225 786 23 19 är
263 791 28 13 en
306 785 113 26 grannstat
435 783 32 20 till
483 783 123 21 Frankrike
623 783 39 21 och
677 783 67 22 borde
761 784 83 21 säledes
856 786 67 26 syste-

173 821 44 19 met
233 819 37 20 der
285 818 76 21 lättast
376 817 64 21 hafva
456 818 76 21 vunnit
547 817 78 28 insteg,
641 825 50 14 men
706 818 67 21 likväl
784 819 139 22 modifierade

173 861 50 13 man
239 853 126 26 detsamma,
379 853 23 20 sä
415 855 31 18 att
462 852 93 21 enheten
571 851 33 21 för
619 852 121 28 längdmätt
756 853 7 20 i
773 853 75 21 Baden
860 855 63 27 utgör

173 890 27 26 s
216 890 69 19 meter
306 888 39 20 och
366 887 68 21 kallas
450 888 42 25 fot,
508 888 94 20 enheten
616 887 34 21 för
666 888 48 20 våta
730 888 39 20 och
786 890 58 19 torra
860 895 63 14 varor

173 924 23 20 är
212 924 32 19 ett
259 922 108 21 säkalladt
381 928 57 14 mass
454 921 39 21 och
507 924 120 18 motsvarar
643 923 25 27 13
679 922 57 26 liter,
747 922 141 27 vigtenheten
900 925 23 19 är

173 959 31 19 ett
220 956 107 28 skålpund
343 955 151 21 motsvarande
506 958 12 26 3
529 956 137 27 kilogramm.
685 956 68 21 Detta
764 958 23 19 är
799 956 76 22 endast
886 964 36 14 an-

172 990 58 22 fördt
245 991 71 20 säsom
333 990 46 21 skäl
395 990 33 20 för
444 996 27 14 en
486 990 94 21 likartad
596 990 148 21 modifikation
756 990 63 22 äfven
831 992 39 20 hos
881 998 40 14 oss.

172 1025 66 21 Hvad
251 1024 104 22 beträffar
371 1024 59 21 foten
446 1024 70 21 såsom
534 1025 65 20 enhet
615 1024 32 20 för
658 1026 31 19 ett
700 1025 65 20 finskt
778 1026 144 27 mättsystem,

174 1060 23 21 sä
213 1066 64 21 synes
293 1059 44 27 mig
353 1060 31 19 att
399 1058 59 21 detta
474 1058 54 22 mått
544 1065 51 15 vore
607 1059 95 20 särdeles
712 1059 101 28 lämpligt
823 1059 48 22 från
882 1060 41 21 den

173 1094 117 28 synpunkt,
306 1095 31 19 att
351 1094 27 27 ;&,
388 1095 70 19 meter
471 1093 28 28 på
510 1099 26 14 en
547 1093 53 21 linie
611 1094 38 19 när
660 1093 204 22 öfverensstämmer
875 1094 48 21 med

173 1128 42 21 den
230 1128 70 20 finska
315 1127 67 21 foten.
405 1127 156 21 Förhållandet
577 1127 48 21 dem
639 1127 92 21 emellan
743 1129 23 19 är
777 1128 83 20 således
872 1135 51 21 gan-

173 1162 40 21 ska
233 1162 80 20 enkelt.
343 1162 119 27 Angående
483 1162 47 20 åter
551 1161 26 21 de
596 1161 70 27 öfriga
682 1162 120 20 enheterna
816 1163 15 19 t.
846 1169 33 13 ex.
896 1169 27 14 en

172 1196 58 26 liter,
253 1196 24 20 så
297 1198 46 18 tror
363 1196 39 26 jag
424 1196 32 19 att
478 1196 71 26 någon
572 1195 128 27 lämpligare
726 1195 197 28 öfvergångsenhet

174 1230 93 22 emellan
286 1230 37 20 det
337 1229 88 21 franska
444 1229 39 21 och
498 1229 70 21 finska
585 1229 147 28 målsystemet
748 1230 19 28 ej
783 1230 77 21 finnes.
889 1230 33 21 En

172 1265 51 21 liter
240 1266 120 20 motsvarar
376 1264 109 28 nemligen
502 1264 83 28 ganska
600 1265 53 20 nära
668 1264 68 28 3:dels
751 1264 79 21 kanna.
860 1264 63 22 Hvad

173 1299 94 20 enheten
283 1298 34 20 för
332 1298 70 26 vigter
418 1298 109 25 beträffar,
544 1298 23 20 så
583 1304 63 20 synes
662 1298 44 27 mig
721 1298 36 20 det
772 1298 104 20 metriska
890 1304 33 22 sy-

174 1334 78 19 stemet
271 1331 45 21 lida
336 1331 24 20 af
378 1331 41 20 den
440 1331 116 27 olägenhet
576 1331 35 20 vid
632 1331 48 20 dess
701 1332 139 27 tillämpning
860 1332 6 20 i
888 1332 36 20 det

173 1366 112 29 praktiska
305 1366 69 25 lifvet,
390 1368 31 18 att
436 1372 114 21 grammen
567 1366 39 20 och
621 1366 48 20 icke
683 1366 160 27 kilogrammen
859 1368 64 26 utgör

174 1401 70 21 denna
259 1400 73 21 enhet.
357 1399 117 22 Grammen
489 1402 120 19 motsvarar
625 1400 117 28 nemligen,
754 1401 70 20 såsom
835 1400 88 27 bekant,

174 1435 81 28 jy:dels
271 1435 42 20 lod.
334 1435 44 20 Det
393 1436 23 19 är
432 1441 26 14 en
475 1435 71 26 enhet,
563 1441 44 14 som
625 1436 22 19 är
663 1435 65 28 högst
742 1435 91 28 lämplig
844 1434 33 22 för
887 1442 36 14 ve-
