1036 1789
778 140 41 21 499

101 205 52 28 säga
173 204 139 29 ,vanfrejdad
335 204 40 21 och
397 204 202 28 kringstrykande",
620 206 23 27 ty
663 211 27 14 en
710 205 139 28 försvarslös,

101 246 46 14 som
164 240 24 19 är
203 239 128 27 välfrejdad,
347 239 61 21 torde
424 239 20 28 ej
460 238 73 22 kunna
549 240 77 27 vägras
642 239 92 22 inträde.

167 273 59 21 Herr
241 273 115 27 Linder,
371 273 34 27 E.,
421 273 103 22 förenade
540 274 33 27 sig
589 274 63 21 äfven
669 274 48 21 med
732 274 51 21 herr
798 274 50 21 Silf-

99 315 99 15 versvan.

168 343 58 22 Herr
242 350 42 14 von
299 343 83 27 Born,
398 342 27 22 K.
441 343 32 21 F.:
488 343 47 21 Här
550 343 75 29 tyckes
637 344 27 27 ej,
675 343 71 22 såsom
756 344 93 22 friherre

100 377 108 30 Carpelan
224 377 82 29 antydt,
322 385 52 14 vara
389 377 63 28 fråga
467 385 34 14 om
521 379 81 28 vägran
623 379 32 20 att
669 379 7 20 i
692 378 157 29 församlingen

101 415 110 26 emottaga
226 413 73 28 någon
314 420 79 21 person
407 413 48 21 från
472 420 71 14 annan
559 413 135 28 församling,
704 415 53 20 utan
774 414 76 21 endast

101 455 34 14 om
151 447 75 29 tillsyn
242 448 62 21 öfver
319 447 143 22 försvarslösa
476 454 111 22 personer.
618 447 43 29 Jag
675 448 51 21 ville
742 448 56 22 blott
812 456 38 14 an-

101 483 76 21 märka
195 482 85 28 härom,
297 482 68 22 ehuru
385 482 64 21 äfven
466 482 38 28 jag
519 482 34 21 för
568 482 45 21 min
629 482 34 21 del
679 489 67 21 gerna
761 483 89 21 instäm-

100 524 48 14 mer
168 518 6 20 i
197 517 50 21 herr
271 516 145 22 Silfversvans
436 517 91 29 förslag,
548 516 57 22 helst
623 517 68 21 orden
711 518 140 28 ,vanfrejdad

101 552 40 21 och
149 552 196 28 kringstrykande*
356 553 36 20 äro
400 552 129 28 lämpligare
538 553 27 20 än
574 552 110 28 uttrycket
692 552 159 27 ,försvarslös.*

170 587 43 21 Till
228 586 56 29 följd
299 586 24 22 af
336 587 71 21 denna
422 587 124 21 diskussion
557 587 78 21 ställde
645 587 50 21 herr
706 588 144 22 ordföranden

101 622 34 21 till
145 621 163 29 ridderskapets
321 622 39 21 och
372 622 74 21 adelns
457 622 134 21 besvarande
600 622 96 28 följande
704 622 147 29 proposition:

172 656 112 28 vAntages
304 656 24 21 af
346 656 87 22 ståndet
453 656 166 28 ifrågavarande
637 657 25 21 12
677 659 97 19 moment
789 658 7 20 i
812 658 12 20 6
840 658 12 27 $

103 692 23 21 af
139 692 118 20 utskottets
272 691 145 28 betänkande,
428 698 74 14 svaras
514 692 34 28 ja;
565 692 79 21 önskas
660 692 42 21 den
718 692 92 28 ändring
821 694 32 19 att

103 726 62 22 ordet
190 726 166 27 ,försvarslösa*
378 725 7 21 i
409 725 66 28 sagde
495 727 98 20 moment
612 726 87 27 utbytes
720 728 45 19 mot
786 726 66 22 orden

104 760 139 29 »vanfrejdad
259 760 39 21 och
313 760 204 28 kringstrykande",
532 767 75 15 svaras
622 760 60 28 nej;*

103 796 41 21 och
166 795 91 22 emedan
280 795 74 21 härtill
374 795 50 21 med
444 794 109 22 obestridd
573 795 159 28 röstpluralitet
752 796 101 22 svarades

103 831 48 28 nej,
167 832 23 26 ty
208 830 87 21 komme
311 830 6 21 i
333 831 121 19 momentet
473 830 26 21 12
514 830 7 20 i
537 830 11 28 &
565 830 12 20 6
593 830 24 21 af
630 830 147 22 betänkandet
792 831 61 21 ordet

105 864 164 28 yförsvarslösa*
286 866 31 20 att
332 864 52 28 utgå
400 867 56 19 samt
471 865 7 20 i
494 864 49 22 dess
559 864 63 21 ställe
633 864 67 22 orden
712 865 142 29 ,vanfrejdad

105 900 40 21 och
160 898 195 30 kringstrykande*
371 900 32 20 att
418 899 7 21 i
440 900 119 20 momentet
574 899 83 28 inflyta.

174 936 11 26 8
201 936 13 20 6
229 941 64 15 mom.
317 934 31 27 13,
366 934 112 21 äfvensom
493 934 11 28 &
521 934 11 21 7
549 935 92 27 antogos
657 935 51 20 utan
724 934 130 22 diskussion.

174 970 12 27 8
201 970 20 20 8.

174 1003 58 22 Herr
246 1010 42 15 von
304 1003 84 28 Born,
403 1003 27 22 K.
445 1002 33 22 F.:
495 1003 42 28 Jag
551 1002 71 22 skulle
637 1003 34 20 för
686 1003 44 22 min
746 1003 35 22 del
796 1003 59 23 hålla

106 1039 54 27 före,
172 1040 32 19 att
218 1037 36 22 det
268 1038 8 21 i
291 1037 118 29 kejserliga
424 1037 163 29 propositionen
603 1037 113 22 bestämda
731 1038 44 21 vite
791 1039 23 20 af
829 1039 26 21 10

106 1073 63 22 mark
188 1073 67 20 borde
270 1073 8 20 i
294 1073 118 21 allmänhet
432 1080 52 14 vara
500 1071 134 29 tillräckligt,
651 1072 39 21 och
706 1073 36 21 det
758 1073 23 22 sä
796 1080 58 21 myc-

108 1109 37 20 ket
160 1108 75 26 hellre,
252 1114 46 14 som
317 1107 107 22 utskottet
443 1107 122 28 föreslagit,
581 1108 32 20 att
633 1107 7 20 i
659 1107 106 22 särskilda
780 1108 37 21 fall
833 1108 23 21 fä

107 1143 37 21 det
159 1142 103 29 förhöjdt,
278 1149 34 14 om
329 1141 23 22 sä
367 1141 110 22 behöfdes.
500 1142 11 21 I
525 1141 103 22 afseende
639 1141 13 21 å
661 1142 137 27 proceduren
808 1142 48 21 der-

107 1177 36 22 vid
158 1177 50 21 ville
222 1177 39 28 jag
276 1176 67 22 likväl
357 1177 21 27 ej
394 1176 117 29 godkänna
525 1176 117 21 utskottets
655 1176 88 29 förslag.
766 1176 90 22 Utskot-

107 1213 38 26 tet,
162 1212 39 21 har
216 1211 7 21 i
238 1211 70 21 likhet
322 1211 49 21 med
386 1211 56 22 hvad
457 1211 80 28 nädiga
551 1211 165 28 propositionen
726 1211 130 28 innehäller,

107 1246 123 27 föreslagit,
250 1247 32 20 att
302 1245 54 28 vite,
375 1253 46 14 som
437 1245 218 28 kommunalstyrelse
670 1246 99 26 utsätter,
786 1246 70 21 skulle

107 1281 74 21 fordra
196 1281 148 27 guvernörens
360 1279 158 28 godkännande
535 1279 40 22 och
590 1279 146 28 fastställelse,
752 1287 50 14 men
818 1281 38 26 att,

109 1323 34 14 om
163 1314 127 29 förhöjning
309 1314 63 22 deraf
390 1314 100 27 eskades,
507 1315 77 28 frägan
604 1314 75 21 derom
695 1314 70 21 skulle
780 1315 28 27 gä
823 1315 34 21 till

107 1350 99 21 domstol.
230 1349 42 28 Jag
292 1349 76 28 tycker
384 1351 31 19 att
430 1356 83 14 samma
526 1348 134 29 myndighet,
677 1356 46 14 som
738 1349 119 22 fastställer

109 1386 60 25 vitet,
186 1384 63 21 äfven
266 1384 39 21 bör
325 1383 86 29 förhöja
432 1384 129 27 detsamma,
576 1383 59 22 helst
655 1383 37 21 det
707 1383 63 22 äfven
787 1384 71 21 skulle

109 1421 28 26 gå
156 1419 88 28 mycket
265 1419 89 19 enklare
372 1420 33 18 att
425 1419 117 26 hänskjuta
562 1419 76 26 frågan
658 1419 32 18 till
709 1419 149 26 guvernörens

109 1452 163 22 bestämmande
288 1454 26 19 än
331 1452 32 21 till
379 1452 114 26 domstols,
510 1459 44 14 som
570 1451 77 22 endast
662 1451 74 22 tidtals
751 1459 107 14 samman-
