1036 1778
798 134 42 21 285

123 202 32 20 att
170 200 84 23 landets
269 199 87 23 ständer
372 200 69 22 skulle
457 200 74 23 endast
551 199 105 29 förklara,
670 202 31 19 att
722 201 25 20 de
763 208 52 13 anse
830 201 38 28 hy-

123 236 220 28 poteksföreningens
361 237 133 26 reglemente
511 236 89 27 erbjuda
616 236 23 20 så
653 235 91 28 mycken
761 235 108 27 säkerhet,

123 273 31 18 att
170 271 71 27 någon
260 271 47 20 fara
322 271 34 20 för
371 270 132 28 antagandet
517 271 24 20 af
555 270 41 20 den
612 270 78 27 nådiga
704 270 163 27 propositionen

123 305 20 28 ej
160 305 127 27 förefinnes,
304 311 48 14 men
370 305 40 27 jag
425 305 50 20 ville
491 305 20 27 ej
527 304 138 27 föreskrifva,
681 304 56 21 huru
752 304 116 27 hypoteks-

122 339 130 27 föreningen
268 339 55 21 skall
339 340 52 26 göra
406 339 50 20 med
471 339 62 20 dessa
547 338 78 21 medel.
651 338 42 28 Jag
708 345 70 19 anser,
790 340 31 18 att
832 338 36 20 det

122 375 24 19 är
166 380 26 14 en
209 374 39 20 sak
262 374 34 20 för
311 374 43 27 sig,
370 380 44 14 som
430 374 40 20 bör
484 374 51 20 bero
551 373 24 20 af
588 372 127 28 föreningen
732 372 55 28 sjelf.
816 372 51 21 Fin-

122 415 39 14 ner
176 408 249 27 hypoteksföreningens
441 408 107 20 direktion
564 407 99 28 lämpligt
677 409 31 19 att
723 407 86 28 placera
820 407 47 21 dem

122 443 7 20 i
145 450 71 13 annan
233 443 57 20 bank
306 444 26 19 än
349 443 7 20 i
371 442 111 27 Finlands,
494 443 34 19 må
544 442 40 20 den
601 443 52 26 göra
669 441 42 21 det.
734 441 82 21 Finner
827 441 41 20 den

123 477 46 20 åter
188 477 137 28 lämpligare,
340 479 31 18 att
390 477 69 20 såsom
478 477 34 20 för
530 476 133 21 närvarande
679 476 61 21 torde
755 483 51 14 vara
821 476 48 21 bäst

123 511 39 21 och
181 511 91 28 säkrast,
291 511 108 29 deponera
415 511 84 21 medlen
515 511 6 20 i
537 511 106 28 sistsagde
658 511 65 26 bank,
739 511 23 21 så
777 511 35 21 må
828 511 40 20 den

125 546 63 21 äfven
204 548 52 26 göra
272 546 41 21 det.
342 546 44 21 Det
402 548 23 19 är
441 553 26 14 en
483 545 104 22 affärssak
604 545 34 21 för
652 545 38 28 sig,
707 552 44 14 som
768 545 64 21 beror
848 545 24 21 af

125 581 70 26 tiden,
216 581 28 28 på
264 581 88 21 hvilken
375 581 60 20 lånet
457 581 98 20 erhålles.
591 580 64 21 Hvad
675 581 46 20 åter
741 580 128 21 ständernas

122 615 104 28 rättighet
241 617 32 19 att
288 615 116 22 öfvervaka
419 615 237 28 hypoteksföreningen
671 615 109 26 beträffar,
792 615 23 20 så
826 615 42 20 för-

122 651 74 20 modar
216 651 48 27 jag,
288 652 31 19 att
340 649 237 29 hypoteksföreningen
601 650 20 27 ej
645 649 38 21 har
708 649 106 27 deremot,
837 651 32 19 att

123 684 116 21 ständerna
254 685 91 20 tillsätta
360 691 25 14 en
402 691 78 21 person
496 684 52 20 eller
564 684 61 26 flere,
641 691 46 13 som
701 683 87 28 deltaga
803 684 7 20 i
826 684 42 21 alla

122 719 189 27 öfverläggningar
327 726 33 13 om
375 726 29 13 nu
419 718 164 28 ifrågavarande
599 718 43 26 lån,
653 718 40 20 och
709 718 88 20 hvilken
814 718 53 21 eller

122 753 73 21 hvilka
210 760 104 21 personer
330 753 93 21 tilldelas
438 753 7 20 i
461 753 62 21 desse
539 753 73 27 frågor
623 754 31 18 ett
664 754 56 19 veto.
744 752 43 28 Jag
798 752 69 21 skulle

122 788 85 20 derföre
227 796 51 13 anse
298 788 65 28 högst
382 787 143 29 nödvändigt,
546 789 31 19 att
595 787 85 21 landets
696 787 86 21 ständer
798 787 69 21 skulle

121 823 59 27 välja
200 824 31 19 ett
251 823 83 20 utskott
352 823 24 20 af
394 822 52 21 visst
469 822 58 21 antal
547 828 111 21 personer,
678 822 26 20 de
727 822 38 20 der
785 822 82 20 lemnas

121 857 127 28 myndighet
266 859 31 19 att
317 856 111 28 angående
448 857 75 21 länens
541 856 131 28 indragning
687 856 40 20 och
742 856 79 28 belopp
838 856 29 20 ef-

122 893 33 19 ter
171 892 33 28 sig
218 892 126 21 företeende
360 891 184 28 omständigheter
559 891 85 20 handla.
675 890 139 28 Farhägorne
830 892 36 19 äro

122 926 90 21 sälunda
227 927 74 27 lättast
316 926 100 28 lugnade.
442 926 43 28 Jag
500 928 44 18 tror
560 926 20 27 ej
597 927 31 19 att
644 932 26 13 en
687 926 22 20 sä
723 927 44 19 stor
778 925 89 21 försam-

123 960 46 29 ling
188 968 46 13 som
255 961 71 21 denna
345 961 43 21 kan
404 961 50 27 ingä
469 960 6 20 i
492 960 97 28 detaljer.
619 960 70 20 Dessa
705 960 162 27 detaljbestäm-

122 996 79 20 melser
221 996 52 20 bero
294 995 110 21 dessutom
423 995 47 21 icke
491 995 92 20 allenast
601 994 24 21 af
641 994 159 28 fackkunskap,
815 996 52 19 utan

123 1030 63 20 äfven
203 1030 23 20 af
239 1030 145 28 ögonblicket,
395 1031 23 26 ty
429 1030 40 20 den
486 1036 41 14 ena
542 1029 70 27 dagen
629 1030 22 19 är
667 1036 26 14 en
708 1029 78 20 bankir
796 1029 72 28 hugad

123 1066 32 19 att
169 1064 57 28 gifva
244 1066 30 19 ett
288 1065 35 20 län
339 1064 27 28 pä
380 1064 58 21 vissa
453 1064 76 26 vilkor,
540 1064 70 27 dagen
626 1063 66 28 derpä
706 1065 23 18 är
744 1064 42 20 han
800 1063 36 20 det
848 1064 19 27 ej

123 1106 69 21 mera,
214 1101 22 26 ty
251 1099 41 20 han
309 1101 24 19 är
348 1099 20 28 ej
384 1099 109 20 beroende
509 1099 23 20 af
545 1098 33 27 sig
593 1098 60 27 sjelf,
668 1100 52 19 utan
735 1098 24 21 af
772 1098 42 21 den
829 1105 38 20 pu-

123 1130 52 30 blik,
191 1141 44 13 som
252 1134 68 28 köper
335 1133 54 21 hans
404 1140 89 21 papper.
518 1133 43 28 Jag
576 1133 55 20 skall
647 1133 19 27 ej
683 1133 75 27 längre
774 1134 95 26 upptaga

123 1168 97 21 ständets
235 1169 37 26 tid,
284 1170 51 19 utan
348 1169 39 27 jag
403 1168 130 21 äterhemtar
549 1167 76 21 endast
641 1167 48 21 mitt
703 1167 118 28 pästäende
833 1174 34 13 om

123 1203 32 21 att
170 1204 124 20 återremiss
309 1203 33 21 till
357 1203 107 21 utskottet
479 1203 66 20 måtte
562 1202 44 21 ske.

191 1239 58 20 Herr
264 1245 41 14 von
321 1238 80 27 Born,
421 1237 27 21 K.
464 1237 34 21 F.:
521 1237 44 21 Det
579 1239 24 18 är
617 1237 56 20 blott
689 1237 66 27 några
771 1235 45 28 ord,
830 1237 39 27 jag

122 1271 51 23 ville
192 1275 86 18 nämna.
308 1272 33 21 De
358 1272 24 21 af
395 1272 75 28 grefve
487 1271 77 21 Creutz
580 1271 134 21 framställda
729 1271 139 20 anmärknin-

123 1308 78 27 ningar
222 1309 58 19 emot
298 1307 55 21 hvad
370 1307 40 27 jag
428 1307 7 20 i
452 1307 65 20 saken
533 1307 68 27 yttrat
616 1312 63 14 anser
695 1306 39 27 jag
754 1306 19 27 ej
790 1305 23 20 af
826 1305 42 20 den

123 1342 186 27 beskaffenheten,
330 1343 31 19 att
381 1341 25 21 de
427 1341 48 20 från
491 1341 43 20 min
551 1341 46 20 sida
611 1340 87 28 påkalla
712 1340 67 27 något
794 1340 73 20 bemö-

124 1376 70 21 tande.
226 1377 42 27 Jag
287 1376 37 21 vill
340 1376 108 20 dessutom
465 1377 60 26 säga,
541 1377 31 18 att
585 1375 39 28 jag
639 1375 19 27 ej
675 1375 44 20 står
733 1374 40 21 här
788 1374 34 20 för
837 1375 32 19 att

125 1411 88 26 angifva
232 1417 27 13 en
280 1411 53 19 eller
354 1416 69 13 annan
446 1410 186 26 värderingsman,
649 1415 48 13 men
712 1410 31 18 att
759 1408 110 26 åtskilliga

125 1443 200 28 öfverskattningar
340 1444 35 20 vid
391 1443 140 27 värderingar
546 1442 58 21 skett
619 1444 24 18 är
658 1442 24 20 så
696 1442 74 27 kändt,
786 1443 32 19 att
833 1441 36 21 det
