1070 1750
839 124 35 20 141

159 190 36 19 ten
216 188 55 21 efter
287 188 35 21 det
337 188 104 21 metriska
457 190 112 26 systemet,
585 193 55 16 samt
659 188 6 20 i
683 188 171 28 underdånighet
870 196 37 14 an-

159 222 67 27 hålla,
248 224 32 19 att
299 222 27 21 H.
347 222 61 28 Kejs.
428 222 62 28 Maj:t
510 223 6 19 i
536 223 66 21 nåder
622 223 50 21 ville
694 224 42 19 låta
756 223 87 21 utfärda
863 224 44 20 för-

158 256 96 28 fattning
273 256 85 26 derom,
377 257 88 20 hvilken
481 257 129 27 författning
626 254 77 30 genast
718 257 67 21 borde
800 258 58 26 gälla
873 258 33 20 till

159 290 165 21 efterrättelse.*

226 324 58 21 Herr
304 325 86 27 Arppe
411 324 73 21 anhöll
505 332 34 14 om
561 324 62 22 ordet
638 325 39 20 och
694 325 94 27 yttrade:
804 325 50 21 Med
870 332 37 14 an-

158 358 90 28 ledning
264 359 23 20 af
300 359 55 21 hvad
371 366 46 14 som
434 359 68 21 under
519 360 39 20 den
575 359 109 21 allmänna
700 359 151 21 diskussionen
865 361 42 26 ytt-

158 394 45 20 rats
219 393 111 27 angäende
346 393 177 28 obehöfligheten
539 393 22 21 af
576 395 31 19 att
622 393 116 21 ständerna
754 393 69 21 skulle
838 394 69 20 utläta

159 428 33 27 sig
208 428 5 20 i
230 427 36 21 det
281 430 69 23 ämne,
362 434 44 14 som
419 428 71 20 denna
501 428 68 27 punkt
581 428 119 26 afhandlar,
712 428 69 20 skulle
789 428 39 27 jag
841 428 24 21 be
876 430 32 19 att

158 462 22 21 få
196 462 99 28 upplysa,
308 464 32 19 att
350 461 42 22 den
402 462 89 26 komité,
505 469 46 14 som
563 462 54 21 hade
633 463 33 27 sig
678 462 121 29 uppdraget
810 464 32 19 att
853 469 54 22 upp-

158 499 54 26 göra
228 497 39 21 och
282 497 110 21 inkomma
407 497 50 20 med
472 497 81 28 förslag
569 504 34 14 om
618 497 167 28 tillämpningen
801 497 24 22 af
835 497 72 21 metri-

160 532 39 21 ska
218 534 104 26 systemet
339 531 63 21 äfven
418 532 28 27 pä
461 531 69 22 finska
547 532 166 28 myntenheten,
730 533 28 26 pä
773 532 36 21 det
824 539 83 14 varma-

160 571 32 17 ste
215 566 97 22 förordat
335 567 115 27 systemets
472 567 114 21 införande
606 567 66 20 också
691 567 7 20 i
719 567 59 21 detta
798 567 109 21 afseende.

160 602 51 20 Man
226 601 40 21 har
282 603 54 26 sagt,
352 602 32 20 att
399 601 37 21 det
451 608 51 14 vore
518 601 90 28 onödigt
623 601 33 21 för
672 601 117 21 ständerna
803 603 32 19 att
850 603 58 25 yttra

160 636 32 28 sig
208 636 106 26 deröfver,
329 635 91 21 emedan
434 636 129 27 regeringen
580 635 67 21 redan
662 636 49 20 låtit
727 636 122 20 undersöka
865 636 42 20 för-

159 670 116 21 hällandet.
306 670 43 27 Jag
364 669 33 21 för
413 670 44 20 min
473 670 34 20 del
523 670 69 21 skulle
609 670 70 27 tycka,
695 672 32 18 att
743 670 122 26 ständerna,
881 670 27 20 dä

159 704 27 21 de
202 705 19 27 ej
239 704 40 21 fått
295 704 71 28 någon
382 704 34 20 del
433 704 22 20 af
468 704 141 28 regeringens
625 704 65 21 tanke
707 704 6 21 i
725 704 58 22 detta
797 704 110 26 afseende,

159 739 64 21 äfven
240 739 65 21 borde
321 738 69 21 uttala
405 738 32 21 sin
454 738 87 28 opinion
558 739 6 20 i
581 738 73 22 saken.

227 774 32 20 På
274 773 73 21 derom
363 773 23 21 af
400 773 50 21 herr
462 773 197 21 landtmarskalken
673 774 63 27 gjord
749 774 160 27 framställning

160 808 113 28 godkände
290 808 85 20 ståndet
388 808 82 27 jemväl
486 807 140 22 nästberörde
642 810 103 19 moment.

229 842 101 22 Ståndets
351 842 71 20 beslut
440 842 31 20 uti
491 842 165 28 ifrågavarande
676 843 80 20 ärende
775 842 68 21 skulle
864 849 44 14 me-

160 878 56 20 delst
239 877 77 27 utdrag
338 884 25 13 ur
383 876 59 21 detta
461 877 108 27 protokoll
590 876 106 28 delgifvas
715 876 141 22 medstånden
875 876 34 21 till

161 912 121 20 kännedom
298 912 55 20 samt
369 911 243 27 expeditionsutskottet
624 911 6 20 i
642 911 101 21 afseende
755 912 12 20 å
777 910 131 28 vidtagande

160 946 24 21 af
197 946 42 20 den
255 946 28 27 på
299 945 105 21 utskottet
420 945 156 21 ankommande
593 945 82 28 åtgärd.

228 1014 117 28 Upplästes
368 1016 152 18 sammansatta
545 1014 44 28 lag-
610 1014 40 20 och
676 1014 233 20 ekonomieutskottets

160 1048 137 22 betänkande
317 1055 34 14 n:o
369 1049 8 19 1
396 1048 6 20 i
418 1048 119 28 anledning
557 1048 23 21 af
593 1048 80 28 nådiga
688 1048 164 28 propositionen
872 1056 37 13 an-

161 1082 83 29 gående
265 1083 123 27 grunderna
409 1082 33 21 för
462 1089 26 14 en
509 1083 81 21 allmän
609 1082 129 28 författning
758 1090 32 14 om
805 1083 48 28 jagt
869 1083 40 20 och

161 1117 108 29 djurfång,
281 1117 83 21 hvilket
376 1117 144 26 betänkande,
529 1117 68 28 enligt
609 1116 161 29 ridderskapets
783 1117 40 21 och
834 1117 75 21 adelns

161 1152 71 21 beslut
252 1152 41 21 den
315 1152 24 21 15
359 1152 6 20 i
380 1151 72 22 denna
465 1152 85 27 månad,
566 1152 72 21 hållits
654 1152 12 20 å
682 1152 76 21 bordet
777 1152 56 21 intill
850 1152 59 21 detta

160 1187 169 26 sammanträde;
348 1186 52 21 derå
418 1186 51 21 herr
484 1186 200 21 landtmarskalken
700 1186 136 28 uppmanade
851 1187 58 20 stån-

162 1221 42 26 det,
220 1228 52 19 som,
290 1220 90 21 emedan
396 1220 59 21 tiden
468 1220 66 21 redan
546 1221 77 20 skridit
635 1221 82 20 inemot
728 1220 28 21 kl.
769 1221 12 20 2
793 1221 28 27 pä
833 1221 76 26 dagen,

161 1262 29 14 nu
206 1255 119 28 ätskiljdes,
342 1257 31 18 att
388 1254 28 21 kl.
434 1256 12 19 5
462 1261 18 14 e.
495 1262 28 13 m.
539 1255 46 20 åter
601 1255 11 20 å
628 1255 137 20 riddarhuset
778 1254 131 29 uppkomma

161 1289 6 20 i
184 1289 102 21 afseende
304 1290 12 20 &
331 1289 91 21 berörde
439 1289 92 20 ärendes
547 1289 73 21 vidare
637 1289 138 27 behandling.
