1039 1784
197 127 26 20 24

237 191 115 27 Emottogs
371 197 26 14 en
414 190 125 28 deputation
556 190 48 20 från
621 190 170 27 prestaståndet,
806 190 77 20 anförd
899 191 24 19 af

168 225 205 27 kontraktsprosten
389 224 117 26 Stenbäck,
519 231 46 14 som
578 224 147 27 tillkännagaf
736 225 32 19 1:o
779 226 32 18 att
821 224 99 21 bemälde

168 258 62 21 ständ
252 258 97 29 godkänt
370 258 244 28 expeditionsutskottet
629 258 83 28 förslag
727 258 32 21 till
776 258 144 28 underdänigt

168 300 49 14 svar
237 294 13 20 &
270 293 79 28 nädiga
364 293 164 28 propositionen
544 299 35 15 n:o
595 293 12 20 5
623 299 35 14 om
673 292 80 28 lagfart
769 293 13 20 &
796 293 43 20 fast
855 299 65 21 egen-

167 327 57 27 dom,
236 328 27 20 då
276 327 162 21 företrädarens
454 327 94 21 åtkomst
564 327 19 28 ej
600 326 43 21 kan
659 327 50 20 fullt
724 327 95 28 styrkas;
840 328 33 20 2:o
889 329 32 19 att

167 362 96 27 ständet,
284 361 50 21 med
353 362 103 20 afseende
476 361 13 21 &
508 361 25 21 de
550 361 176 28 skiljaktigheter
742 362 7 20 i
765 361 103 21 ständens
883 361 36 21 be-

167 396 49 27 slut,
232 396 74 21 hvilka
321 396 31 20 uti
368 396 80 27 nädiga
462 396 164 28 propositionen
642 402 35 14 n:o
691 396 8 20 1
714 402 34 14 om
762 396 55 28 ogift
829 397 91 27 gvinnas

167 430 129 28 myndighet
315 430 37 21 vid
371 431 43 20 viss
434 430 66 27 älder,
520 430 54 28 ägde
591 437 57 19 rum,
665 431 169 20 äterremitterat
849 431 71 20 denna

167 465 62 27 fråga
244 465 33 20 till
293 464 144 28 lagutskottet
452 465 33 20 för
500 464 125 28 afgifvande
639 465 24 20 af
671 465 249 28 sammanjemnknings-

168 499 90 28 förslag;
275 500 33 20 3:o
324 501 32 18 att
372 499 92 26 ståndet,
478 499 50 20 med
538 499 123 27 antagande
677 499 23 20 af
714 499 49 20 dess
775 499 100 21 enskilda
884 500 37 20 be-

168 533 156 21 svärsutskotts
347 533 139 20 betänkande
507 533 8 20 i
536 533 119 27 anledning
675 533 24 20 af
718 533 26 20 de
765 533 49 21 utaf
832 536 89 25 prosten

167 567 29 21 H.
211 567 81 21 Heikel
312 567 84 28 ingifna
415 567 188 28 petitionsförslag
618 573 34 14 om
668 568 21 26 a)
705 567 131 28 vidtagande
853 568 23 20 af
890 568 32 21 åt-

167 601 79 28 gärder
260 602 8 20 i
283 601 103 21 afseende
401 602 13 20 å
428 601 213 28 tillvägabringande
658 601 23 20 af
694 601 150 28 likformighet
856 602 7 20 i
875 602 46 21 lan-

167 636 48 21 dets
234 635 114 28 indelning
363 636 32 20 uti
408 635 111 28 judicielt,
536 635 165 21 administratift
717 636 40 20 och
772 636 150 21 ecklesiastikt

167 670 133 26 hänseende,
316 671 55 19 samt
386 670 23 27 b)
425 671 31 20 att
472 672 61 19 nästa
548 670 105 27 landtdag
668 671 67 20 mätte
748 670 125 28 föreläggas
884 671 37 20 nä-

167 704 37 28 dig
224 704 134 28 proposition
380 711 35 14 om
436 711 29 20 ny
485 703 220 28 landtdagsordning,
721 705 122 20 remitterat
859 705 63 20 dessa

167 738 153 21 betänkanden
337 738 33 21 till
386 739 110 20 allmänna
511 738 206 27 besvärsutskottet;
733 738 93 21 hvarhos
835 739 86 21 ständet

166 772 6 19 i
195 772 97 28 enlighet
312 772 49 21 med
382 772 93 21 nämnde
495 772 153 21 betänkanden
669 772 77 28 inbjöd
768 773 153 28 ridderskapet

167 806 40 21 och
224 806 63 21 adeln
303 807 34 20 till
352 806 129 28 deltagande
496 807 8 20 i
520 807 63 21 dessa
597 806 118 28 petitioner
731 807 40 20 och
783 807 34 20 4:0o
829 808 32 20 att
872 814 49 21 pre-

166 840 129 27 staständet,
319 841 29 27 pä
370 843 43 18 sätt
435 841 39 21 här
498 841 64 21 ofvan
582 841 64 20 äfven
666 841 24 20 af
707 841 153 28 ridderskapet
880 842 40 21 och

166 874 63 22 adeln
250 875 110 27 beslutits,
375 875 95 28 inbjudit
486 875 100 29 borgare-
603 875 39 21 och
659 875 166 21 bondeständen
840 877 32 20 att
888 883 33 14 re-

165 910 88 20 mittera
267 910 80 26 nädiga
362 910 165 27 propositionen
542 916 35 14 n:o
594 910 11 20 7
623 917 33 13 om
673 910 193 28 vattenledningar
881 911 39 21 och

165 944 135 26 vattenverk,
316 944 34 20 till
366 946 155 19 sammansatta
536 945 45 27 lag-
598 944 39 20 och
654 944 231 22 ekonomieutskottet.

234 978 163 28 Deputationen
413 978 102 21 tackades
531 978 39 22 och
587 978 105 21 afträdde.

234 1047 104 21 Friherre
362 1047 141 27 Carpelan:
528 1047 75 21 Sävidt
625 1048 39 27 jag
687 1047 80 21 förstär
790 1048 69 21 mäste
880 1048 42 21 alla

166 1081 190 28 privilegiefrägor
371 1082 118 20 behandlas
505 1082 7 20 i
527 1082 43 21 alla
586 1082 73 26 ständ,
675 1081 36 21 det
729 1084 23 18 är
768 1082 19 28 ej
804 1089 44 21 nog
863 1082 58 28 med,

166 1118 32 18 att
218 1116 36 20 det
275 1122 41 15 ena
336 1116 86 28 afsäger
438 1116 33 28 sig
486 1116 48 21 sina
549 1116 135 28 privilegier,
701 1116 26 20 de
744 1116 70 27 öfriga
829 1116 92 22 ständen

165 1150 69 20 mäste
255 1150 66 21 ocksä
341 1150 116 27 godkänna
475 1150 71 21 denna
562 1150 114 27 afsägelse.
709 1150 76 21 Skulle
799 1150 51 21 herr
866 1151 55 21 Gro-

165 1184 89 21 tenfelts
270 1184 83 27 förslag
368 1184 74 21 kunna
456 1184 88 21 komma
559 1184 69 21 under
643 1184 110 28 pröfning,
769 1191 52 14 vore
837 1185 82 28 nödigt,

165 1220 32 18 att
212 1218 100 21 meddela
327 1218 36 20 det
378 1219 26 20 de
420 1218 71 28 öfriga
506 1218 97 21 ständen.
627 1218 87 28 Frägan
729 1218 70 22 skulle
812 1218 27 22 dä
850 1220 70 20 mästa

166 1252 76 28 återgå
257 1252 33 21 till
306 1253 143 27 lagutskottet
465 1253 39 21 och
520 1253 127 27 derigenom
658 1252 71 21 skulle
741 1260 28 13 en
781 1254 81 26 onödig
875 1260 45 14 om-

167 1287 58 27 gäng
240 1286 130 21 föranledes.
394 1287 42 27 Jag
451 1287 87 21 förenar
554 1287 45 27 mig
614 1286 34 21 för
664 1287 67 27 öfrigt
745 1287 7 20 i
767 1287 26 20 de
805 1287 54 27 skäl,
873 1294 46 14 som

165 1321 24 18 af
201 1320 26 20 de
238 1320 132 27 föregående
382 1321 103 24 talarene,
496 1322 76 19 herrar
580 1321 115 26 Törngren
707 1321 39 19 och
755 1321 102 26 Pipping,
870 1322 49 19 blif-

165 1354 38 25 vit,
219 1353 70 21 sävidt
302 1355 40 26 jag
357 1354 81 20 förmär
454 1354 52 26 inse,
524 1354 107 27 sakenligt
648 1353 97 21 anförda.

234 1387 58 21 Herr
308 1387 199 22 landtmarskalken
524 1387 76 22 ställde
616 1387 97 21 härefter
725 1388 33 20 till
771 1387 86 22 ständet
869 1395 49 22 pro-

165 1417 109 37 positionen
290 1429 10 14 :
486 1429 2 2 :
