1036 1775
813 138 41 20 605

137 201 39 22 och
197 200 141 29 tidsenlighet
353 208 48 14 man
418 200 72 22 blifvit
505 208 58 14 ense.
594 200 44 22 Det
653 202 80 28 gamla,
752 209 45 15 som
814 203 69 21 öfver-

135 235 68 21 lefvat
219 235 32 20 sin
268 235 41 27 tid,
327 235 68 20 mäste
412 235 71 21 lemna
499 242 45 14 rum
561 236 35 20 för
611 238 32 18 ett
658 236 80 27 bättre,
754 238 32 19 ett
802 237 81 23 förnuf-

135 270 76 27 tigare,
227 276 45 14 som
289 270 20 26 ej
326 276 59 13 mera
400 269 43 20 kan
459 269 68 21 hällas
543 270 97 20 tillbaka.

202 303 39 21 Ett
260 304 77 20 sädant
357 302 100 21 tidskifte
472 303 39 21 har
526 311 29 13 nu
571 304 66 20 ocksä
652 304 34 20 för
700 305 48 20 värt
764 304 118 21 fosterland

133 338 47 28 gätt
200 338 29 20 in.
259 338 62 20 Inom
341 336 43 22 alla
404 338 116 27 rättsgebit
538 339 77 27 tränga
634 338 34 27 sig
689 338 73 28 frägor
781 338 65 27 fram,
863 339 23 21 af

135 372 84 22 hvilkas
239 372 86 28 lösning
344 371 124 21 individens
482 372 151 28 berättigande
649 372 59 21 inom
722 373 105 21 samhälle
843 374 40 20 och

134 409 42 19 stat
192 406 7 20 i
214 406 109 28 väsentlig
337 406 50 20 män
402 405 71 21 beror.
496 406 43 22 För
555 408 31 19 att
601 406 65 28 lägga
677 406 59 22 detta
747 407 7 21 i
765 407 70 28 dagen
846 408 36 20 be-

134 441 77 21 höfver
224 442 40 27 jag
278 441 55 21 blott
348 440 91 22 hänvisa
452 441 29 28 pä
496 441 26 21 de
533 441 74 28 frägor
617 441 24 20 af
649 441 172 29 utomordentlig
831 442 52 28 vigt,

134 482 45 14 som
199 476 35 20 vid
254 476 70 20 denna
339 474 104 29 landtdag
458 476 46 20 dels
520 475 66 21 redan
602 475 73 21 blifvit
690 476 131 28 handlagde,
838 476 45 21 dels

134 510 47 20 frän
202 509 162 21 vederbörande
386 509 83 21 utskott
489 511 60 19 snart
569 509 117 21 inkomma.
716 510 51 21 Men
788 510 26 21 dä
832 518 50 13 man

134 544 110 26 besinnar,
265 545 32 19 att
315 544 52 20 flere
387 543 25 21 af
429 544 64 21 dessa
508 544 83 28 vigtiga
606 544 74 28 frägor
695 544 48 21 icke
759 544 74 21 kunna
847 546 37 20 vid

135 578 71 22 denna
225 578 104 27 landtdag
348 578 111 27 slutföras,
476 579 69 20 säsom
562 578 61 21 fallet
638 580 25 19 är
678 578 49 21 med
740 578 143 29 kyrkolagen,

135 613 98 28 sjölagen
250 613 40 21 och
306 612 63 21 äfven
386 613 107 20 särskilda
508 613 142 21 ekonomiska
666 613 161 28 författningar,
844 615 39 20 och

135 647 27 22 dä
180 647 204 29 tryckfrihetslagen
408 649 23 20 är
453 647 123 29 föreslagen
599 649 32 20 att
653 647 58 28 gälla
730 647 77 22 endast
826 649 58 20 intill

135 684 62 19 nästa
218 681 114 29 landtdags
352 682 52 27 slut,
425 682 55 21 skall
499 689 49 14 man
568 681 113 28 lätteligen
700 682 68 27 finna,
789 685 31 19 att
840 683 42 21 den

134 717 110 27 landtdag,
260 716 87 21 hvilken
362 716 28 21 H.
407 717 62 27 Maj:t
484 716 106 28 Kejsaren
605 717 105 20 förklarat
720 717 34 28 sig
764 717 52 28 vilja
828 718 55 21 efter

135 751 36 21 tvä
190 751 24 21 är
230 750 162 27 sammankalla,
410 751 124 27 egentligen
550 751 69 21 mäste
634 757 64 14 anses
713 753 79 26 utgöra
807 752 77 21 endast

135 792 27 13 en
177 785 142 27 fortsättning
334 785 23 20 af
370 785 40 20 den
427 791 29 14 nu
472 785 118 27 pägäende.

203 819 11 20 I
229 819 113 27 ingressen
357 819 33 20 till
406 819 41 20 den
464 819 78 28 nådiga
556 819 143 28 proposition,
710 826 45 14 som
772 820 6 20 i
794 819 42 28 dag
850 822 33 18 ut-

134 855 40 26 gör
194 853 114 21 föremålet
328 853 34 20 för
382 853 51 20 våra
452 853 200 28 öfverläggningar,
669 853 109 22 meddelas
799 854 84 21 landets

135 887 95 26 ständer,
250 888 32 19 att
302 887 28 23 H.
350 886 62 28 Maj:t
432 886 118 29 Kejsaren,
569 886 106 21 Finlands
691 886 129 28 Storfurste,
837 895 45 13 som

134 921 133 28 längesedan
287 922 67 20 insett
374 921 104 21 behofvet
497 922 23 21 af
535 929 28 14 en
579 929 28 20 ny
621 922 152 28 brottmålslag
788 922 33 21 för
836 923 46 20 lan-

134 956 46 27 det,
200 956 67 21 redan
288 956 35 22 vid
344 956 71 21 denna
430 956 103 29 landtdag
548 956 57 22 velat
621 956 71 21 lemna
708 956 116 22 ständerna
840 957 42 20 till-

133 991 52 21 fälle
201 992 31 19 att
246 992 59 26 yttra
319 990 33 28 sig
369 990 93 22 rörande
477 990 27 22 de
519 991 110 21 allmänna
643 990 117 28 principer,
770 991 29 28 på
808 991 74 21 hvilka

135 1032 25 14 en
177 1024 60 28 dylik
252 1026 36 27 lag
302 1024 67 22 borde
385 1032 51 14 vara
451 1025 65 28 bygd.
546 1025 11 21 I
572 1024 162 29 propositionen
751 1025 91 21 föreslås
853 1032 29 14 nu

135 1061 31 19 ett
188 1059 153 28 straffsystem,
364 1066 46 14 som
430 1060 95 26 grundar
546 1059 33 28 sig
599 1060 78 20 nästan
697 1059 138 21 uteslutande
855 1060 28 27 på

130 1093 145 29 frihetsstraf
292 1094 7 20 i
317 1093 73 21 stället
409 1093 35 21 för
464 1095 31 19 att
515 1093 36 21 det
569 1093 78 21 hittills
662 1093 102 27 gällande
779 1095 104 26 systemet

134 1127 68 21 hvilat
217 1127 153 21 företrädesvis
385 1128 29 26 på
424 1127 81 29 fysiskt
522 1127 108 29 affliktiva
646 1127 70 29 straff;
732 1128 40 20 och
789 1129 23 19 är
828 1128 6 20 i
852 1127 30 21 öf-

134 1161 43 28 rigt
198 1161 41 21 den
258 1161 116 28 grundsats
390 1162 6 20 i
412 1162 119 21 allmänhet
551 1161 93 27 erkänd,
662 1164 32 18 att
713 1161 168 22 frihetsstraffen

135 1196 34 21 för
188 1197 116 20 framtiden
319 1196 49 21 icke
385 1197 53 21 böra
453 1197 128 21 verkställas
597 1197 68 20 såsom
682 1197 85 26 hittills,
784 1197 53 20 eller
853 1197 29 26 så,

134 1233 31 18 att
186 1231 25 20 de
232 1231 66 21 afsett
318 1231 75 21 endast
412 1231 117 28 fångarnes
545 1231 129 21 förvarande
690 1231 69 20 under
774 1231 108 27 fängelse-

134 1265 58 21 tiden
208 1265 6 20 i
230 1265 132 28 gemenskap
378 1266 50 21 med
443 1265 127 27 hvarandra,
587 1267 52 19 utan
655 1267 32 19 att
702 1265 26 20 de
742 1265 67 20 borde
820 1265 62 20 verk-

135 1300 73 21 ställas
225 1300 5 20 i
247 1300 142 27 penitenirärt
405 1300 62 27 syfte.

202 1335 39 20 Att
256 1334 59 21 detta
331 1335 140 27 straffsystem
488 1341 59 14 mera
561 1334 205 21 öfverensstämmer
778 1333 47 20 med
837 1334 46 20 vårt

135 1368 207 27 rättsmedvetande,
357 1369 27 20 än
400 1369 37 20 det
452 1369 7 19 i
476 1369 54 20 1734
545 1368 34 20 års
595 1369 36 27 lag
646 1369 104 26 antagna,
766 1367 66 27 vågar
844 1368 41 27 jag

134 1403 57 19 inför
207 1403 59 19 detta
286 1402 100 27 upplysta
401 1403 63 19 stånd
478 1401 108 21 bestämdt
601 1403 68 26 påstå.
691 1401 59 20 Vare
766 1401 36 20 det
817 1401 65 20 likväl

134 1435 61 27 långt
215 1435 54 20 ifrån
292 1435 45 27 mig
355 1437 31 19 att
406 1435 53 20 söka
478 1434 89 21 härmed
588 1442 38 13 ens
642 1435 7 20 i
665 1435 95 26 ringaste
776 1435 49 20 mån
841 1434 42 20 för-
