1036 1748
203 121 42 21 514

174 185 87 21 komma
283 184 8 21 i
313 184 87 22 tillfälle
422 186 31 20 att
475 185 85 27 pröfva,
579 184 107 22 huruvida
700 184 88 22 landtbo
804 186 24 20 är
844 184 77 22 tillför-

175 219 78 21 säkrad
269 225 27 15 en
311 218 67 22 sådan
400 218 105 28 rättighet
524 219 40 21 och
584 219 133 21 fortfarande
733 220 23 20 är
772 219 7 20 i
794 219 127 28 åtnjutande

175 253 67 21 deraf.
272 252 34 22 Då
327 252 121 22 emellertid
469 254 12 20 9
502 254 11 26 $
528 253 129 27 innehåller,
672 254 32 20 att
718 254 91 20 rösträtt
824 253 39 21 bör
878 253 44 21 till-

173 288 88 22 komma
277 288 51 27 den,
344 288 24 21 af
380 288 89 21 hvilken
487 287 58 21 skatt
560 288 33 20 till
609 288 131 21 kommunen
756 288 109 28 erlägges,
882 288 39 21 och

174 324 27 20 54
217 324 11 26 $
243 322 121 22 innehåller
377 322 177 28 bestämmelsen,
569 324 32 19 att
617 322 20 28 ej
653 322 84 22 mindre
752 322 80 22 landbo
852 324 27 20 än
895 330 27 14 en

174 358 59 26 hvar,
249 357 89 21 hvilken
357 357 59 21 inom
435 357 131 21 kommunen
582 357 38 21 sitt
635 358 57 20 rätta
706 358 94 20 hemvist
814 358 40 20 har
869 357 54 21 eller

174 392 65 21 hafva
258 392 46 26 bör,
325 391 55 21 skall
401 392 33 20 till
449 391 143 22 kommunens
608 398 162 21 gemensamma
784 391 91 29 utgifter
891 391 32 21 bi-

175 426 73 28 draga,
269 426 70 21 skulle
356 426 39 28 jag
415 426 94 27 förorda,
530 428 32 19 att
577 426 71 21 såsom
663 426 60 28 regel
739 426 136 28 uppstäldes,
891 427 32 20 att

175 461 88 27 landbo,
279 459 127 22 arrendator
427 461 54 21 eller
499 460 177 22 hälftenbrukare
697 468 52 21 eger
768 463 32 19 att
814 462 60 20 rösta
889 461 34 21 för

175 494 41 22 den
236 495 104 28 lägenhet
362 495 42 21 han
426 495 98 27 innehar,
547 495 28 29 på
596 496 44 20 sätt
663 495 58 21 förra
740 495 63 21 delen
819 496 23 20 af
856 496 67 20 första

174 529 140 23 alternativet
329 529 132 29 innehåller;
481 525 48 38 men
542 525 46 38 med
606 529 120 29 anledning
741 530 24 21 af
779 530 26 21 de
823 530 100 21 anmärk-

175 564 85 28 ningar,
276 570 45 15 som
337 564 24 21 af
374 564 91 22 friherre
480 564 64 28 Boije
560 565 36 20 äro
612 564 78 28 gjorda
705 566 58 20 emot
778 565 68 21 första
860 564 64 22 alter-

174 599 94 21 nativets
283 598 91 22 sednare
390 598 42 27 del,
448 606 64 14 anser
524 600 39 27 jag
578 599 126 21 densamma
720 599 53 21 böra
787 599 82 21 erhålla
879 599 43 21 för-

175 633 83 22 ändrad
279 632 93 29 lydelse,
395 636 56 18 samt
472 634 49 21 hela
541 635 121 20 momentet
677 633 89 22 sålunda
782 633 141 22 formuleras:

177 667 100 27 nlandbo,
301 667 126 22 arrendator
450 668 52 21 eller
520 667 179 22 hälftenbrukare
714 669 58 20 röste
788 668 33 21 för
837 668 41 21 den
893 669 30 20 lä-

175 702 81 28 genhet
274 702 44 21 han
340 701 98 28 innehar,
454 702 38 21 der
508 703 19 27 ej
544 709 80 21 egaren
640 702 52 28 sjelf
705 703 7 20 i
728 703 126 21 kontraktet
868 704 55 20 röst-

174 737 44 20 rätt
233 736 33 28 sig
281 736 146 21 förbehällit*.

242 770 59 21 Herr
319 777 42 14 von
383 771 83 26 Born,
490 769 27 23 K.
538 771 32 21 F.:
592 770 39 22 Uti
655 771 40 21 den
716 771 24 21 af
753 771 92 22 friherre
861 771 26 22 de
903 771 21 22 la

176 804 105 29 Chapelle
304 805 121 28 åberopade
450 806 27 21 54
499 806 12 27 &
533 805 51 28 står,
604 807 32 20 att
654 805 33 21 till
702 806 144 21 kommunens
862 806 7 21 i
884 807 12 26 $
911 807 12 20 5

176 839 142 21 omförmälda
334 846 162 21 gemensamma
511 840 89 28 utgifter
616 841 30 26 är,
663 841 51 20 utan
730 840 102 21 afseende
846 841 13 20 &
869 842 54 20 tros-

175 873 132 22 bekännelse
328 874 52 21 eller
400 874 206 28 medborgare-rätt,
627 881 27 15 en
672 875 52 21 hvar
744 875 79 28 pligtig
841 877 32 19 att
893 876 31 20 bi-

176 908 77 28 draga,
269 916 46 14 som
331 909 59 21 inom
405 908 142 28 kommunen,
564 909 68 21 ehvad
647 909 43 21 han
701 909 38 21 der
749 909 40 22 bor
802 910 53 21 eller
865 910 59 27 icke,

177 950 51 21 eger
249 943 54 21 eller
323 943 81 21 brukar
422 943 7 21 i
448 944 81 21 mantal
544 946 42 19 satt
599 943 60 29 jord,
675 951 18 14 o.
710 952 16 12 s.
742 951 20 14 v.
792 944 93 22 Derföre
901 946 23 20 är

176 977 37 21 det
228 978 39 20 alls
284 978 19 27 ej
320 978 117 27 bestämdt,
458 980 31 19 att
509 978 36 21 det
562 978 143 28 ovilkorligen
724 980 24 20 är
768 979 89 27 landbo,
878 986 46 14 som

176 1012 56 20 skall
247 1012 81 26 betala,
344 1014 52 19 utan
415 1012 38 21 der
473 1012 127 22 förutsättes
616 1012 75 28 också,
707 1015 31 19 att
754 1013 36 21 det
806 1014 23 20 är
845 1020 80 21 egaren

176 1046 40 21 och
236 1046 7 21 i
263 1046 78 28 sjelfva
360 1046 76 21 verket
456 1046 92 22 drabbar
568 1046 37 22 det
621 1046 61 22 alltid
695 1047 143 29 jordegaren,
854 1048 23 21 sä
893 1050 32 19 att

172 1080 40 28 jag
227 1080 69 21 mäste
312 1087 52 14 anse
379 1081 118 21 utskottets
512 1081 113 21 redaktion
641 1081 50 21 fullt
706 1082 96 28 lämplig.

243 1114 58 22 Herr
325 1114 120 22 Schildt:
469 1115 43 28 Jag
533 1116 127 21 instämmer
683 1116 6 20 i
712 1116 63 21 deras
796 1116 64 28 äsigt,
877 1124 46 14 som

175 1150 69 19 röstat
259 1148 34 22 för
308 1148 168 28 godkännandet
492 1150 23 20 af
528 1150 38 21 det
581 1150 91 21 sednare
689 1150 144 22 alternativet.

243 1182 59 22 Herr
324 1183 173 22 Silfversvan:
519 1184 45 22 För
582 1184 45 21 min
647 1184 34 21 del
697 1191 63 15 anser
774 1185 39 28 jag
828 1185 95 21 visserli-

176 1224 42 21 gen
235 1217 90 21 sednare
341 1218 139 21 alternativet
495 1218 65 22 hafva
574 1218 110 22 företräde
700 1219 91 21 framför
807 1220 35 20 det
858 1220 65 26 förra,

176 1258 50 14 men
237 1252 40 27 jag
293 1252 37 20 vill
346 1252 55 20 ändä
412 1253 19 27 ej
444 1253 118 27 medgifva,
578 1254 32 19 att
624 1252 37 22 det
671 1254 23 20 är
705 1253 49 21 fullt
765 1254 159 27 uttömmande,

175 1288 24 24 ty
215 1292 34 13 om
265 1292 50 14 man
335 1286 77 20 tänker
432 1287 33 26 sig
481 1287 36 20 det
531 1287 146 26 förhällande,
693 1289 31 18 att
736 1288 132 26 jordegaren
884 1288 39 20 bor

176 1320 60 19 utom
256 1319 142 27 kommunen,
419 1326 50 14 men
489 1320 39 20 har
544 1320 37 21 der
597 1327 26 13 en
640 1320 80 28 mängd
733 1320 134 28 lägenheter,
883 1322 40 20 och

176 1354 32 19 att
225 1353 43 21 han
289 1352 98 22 kommer
408 1352 31 22 dit
458 1353 34 22 för
511 1355 31 20 att
557 1355 68 26 rösta,
642 1354 24 21 sä
681 1354 42 21 kan
738 1354 43 21 han
797 1354 126 29 derigenom

176 1387 101 22 ähvälfva
299 1387 34 21 sin
355 1388 128 21 arrendator
505 1389 53 21 eller
581 1388 79 22 landbo
683 1396 73 21 onera,
780 1396 45 15 som
853 1390 70 22 denne

175 1421 59 23 förut
250 1423 20 29 ej
287 1423 58 28 gjort
360 1423 33 28 sig
408 1423 96 29 begrepp
520 1430 41 15 om.
