1036 1734
808 120 40 23 667

133 189 114 29 sedlighet,
263 189 137 23 alldenstund
416 189 33 21 till
465 190 39 21 och
520 188 49 23 med
584 189 115 21 frestelsen
714 189 34 21 till
764 196 28 20 ny
808 188 69 22 öfver-

131 224 94 22 trädelse
246 224 46 21 ofta
311 224 54 21 felas
384 224 69 22 under
473 231 26 14 en
520 224 66 21 sådan
606 224 136 28 belägenhet.
772 223 39 21 Ett
833 223 45 21 vid-

132 258 81 22 sträckt
235 258 41 21 fält
298 258 70 21 skulle
394 264 79 22 genom
500 258 132 28 antagandet
654 258 24 21 af
697 258 40 21 den
764 257 114 21 förordade

132 292 143 29 grundsatsen
303 294 82 26 öppnas
406 292 43 21 för"
465 292 165 28 delingventens
657 292 104 28 hyckleri.
791 291 88 22 Enhvar

131 326 80 27 skulle,
227 326 71 28 eggad
313 326 24 21 af
354 326 95 28 utsigten
470 326 33 22 till
519 328 31 20 ett
566 326 94 28 tidigare
675 325 137 28 frigifvande,
826 326 53 20 söka

131 362 33 20 att
183 360 59 28 gifva
262 360 33 28 sig
314 360 105 22 utseende
438 360 24 22 af
478 360 102 22 inträffad
594 360 132 28 förbättring
740 360 40 21 och
795 361 33 19 att
842 360 37 20 be-

133 396 66 27 draga
223 394 180 22 straffanstaltens
422 394 148 22 föreståndare
591 401 79 21 genom
689 394 43 21 alla
746 393 133 22 förställnin-

131 436 54 21 gens
200 429 141 28 konstgrepp.
364 429 83 22 Vinner
463 436 27 15 en
505 428 67 23 sådan
588 428 103 29 hycklare
706 428 114 29 framgång
830 428 50 21 med

132 464 38 21 sitt
190 464 97 27 åsyftade
309 463 112 29 bedrägeri
443 464 38 21 och
498 463 63 22 ernår
576 463 106 27 friheten,
697 463 24 21 så
736 463 55 21 skall
807 462 73 22 säkert

131 499 80 26 många
229 498 52 21 söka
300 497 54 29 följa
369 498 109 28 exemplet
493 498 40 21 och
548 497 55 22 efter
617 497 147 28 lösgifvandet
778 497 101 22 fortsätta

132 533 32 20 sin
180 532 115 29 brottsliga
310 532 62 21 bana.
395 533 35 20 Då
445 532 110 21 dessutom
570 531 165 29 ifrågavarande
750 531 82 28 förslag
847 532 32 20 in-

132 566 67 22 nebär
214 566 148 22 öfverlåtande
377 566 34 21 till
426 567 26 20 de
468 566 172 22 administrativa
657 565 181 28 myndigheterna
857 566 25 21 af

132 608 26 14 en
179 600 191 29 benådningsrätt,
385 607 46 14 som
451 601 67 28 enligt
536 601 159 28 grundlagarne
716 602 104 26 regenten
837 599 42 22 till-

132 635 104 27 kommer,
257 635 43 21 kan
317 635 39 28 jag
376 635 34 21 för
430 635 44 21 min
490 635 35 21 del
540 635 48 21 icke
605 635 141 28 understödja
760 634 119 21 betänkan-

133 669 42 27 det,
190 669 70 21 såvidt
275 669 37 21 det
323 669 56 22 afser
394 669 114 22 införande
522 669 6 20 i
544 669 42 22 den
602 676 43 21 nya
659 669 179 28 brottmålslagen
858 668 24 21 af

133 705 31 20 ett
184 703 119 28 stadgande
312 704 41 21 om
369 703 116 29 ovilkorlig
499 703 106 28 rättighet
620 703 34 21 för
669 710 26 14 en
711 703 121 28 förbrytare
848 704 32 20 att

133 737 66 22 varda
214 738 66 21 innan
296 738 78 22 ådömd
390 738 131 28 fängelsetid
536 738 114 28 frigifven,
664 745 49 14 men
734 744 64 15 anser
812 737 67 21 likväl

132 773 105 28 regenten
259 779 51 15 vara
328 772 101 28 obetaget
444 775 41 24 att,
504 773 8 21 i
527 773 71 28 grund
616 772 23 22 af
656 773 41 20 den
713 772 79 21 honom
808 772 71 21 allena

133 807 31 22 uti
179 808 13 20 9
208 808 12 27 &
235 807 24 21 af
267 807 198 28 regeringsformen
477 808 40 21 och
528 808 10 21 1
551 808 11 27 8
573 807 122 28 förenings-
706 807 39 21 och
757 807 124 21 säkerhets-

133 843 65 21 akten
214 841 132 22 tillerkända
360 843 44 20 rätt
414 843 31 20 att
459 843 52 28 göra
526 842 52 27 nåd,
594 842 28 28 på
637 841 177 29 fångstyrelsens,
831 841 49 21 med

133 877 88 28 ledning
241 877 24 22 af
285 877 208 21 ofvanomförmälda
512 877 94 28 grunder
622 876 77 29 gjorda
713 876 166 28 framställning,

133 912 98 21 förkorta
250 911 159 29 fängelsetiden
429 912 34 20 för
483 918 26 15 en
530 912 132 27 förbrytare,
683 911 46 21 som
749 910 69 22 under
833 910 46 22 fän-

135 946 119 28 gelsetiden
270 946 96 21 utmärkt
384 946 33 28 sig
432 953 77 21 genom
526 946 52 28 godt
592 945 142 29 uppförande.

201 980 58 22 Herr
274 987 42 14 von
331 980 198 28 Weissenberg:
550 980 76 28 Enligt
644 980 45 21 min
704 980 56 28 åsigt
775 980 39 20 har
830 979 49 21 herr

134 1014 124 22 Grotenfelt
276 1014 7 21 i
301 1014 33 22 sin
354 1014 134 22 reservation
508 1014 23 22 så
551 1014 147 22 uttömmande
717 1014 117 21 framställt
853 1014 26 20 de

134 1050 53 26 skäl,
203 1056 46 14 som
265 1050 44 20 tala
324 1049 33 21 för
372 1048 125 22 införandet
511 1049 23 21 af
548 1048 36 22 det
599 1048 115 28 vilkorliga
729 1048 150 28 frigifvandet,

133 1085 32 20 att
177 1084 40 28 jag
231 1083 48 21 icke
295 1083 38 21 vill
348 1084 95 28 upptaga
459 1083 96 22 ståndets
570 1083 31 21 tid
616 1083 50 21 med
680 1084 32 20 att
726 1082 54 22 söka
791 1083 90 27 tillägga

135 1118 67 28 några
221 1125 43 21 nya
284 1118 53 26 skäl,
352 1120 53 18 utan
423 1117 87 22 förenar
523 1118 39 28 jag
576 1118 46 27 mig
637 1117 127 28 obetingadt
778 1116 50 22 med
842 1117 37 20 ho-

134 1159 57 15 nom.
221 1152 102 21 Friherre
346 1152 26 21 de
394 1152 21 21 la
437 1152 103 28 Chapelle
561 1152 39 21 har
619 1152 34 21 väl
673 1151 109 26 anmärkt,
801 1152 32 20 att
853 1157 27 14 en

134 1186 65 28 fånge
218 1186 73 21 kunde
311 1186 78 28 hyckla
408 1183 136 31 förbättring,
565 1194 50 14 men
636 1187 31 20 ett
686 1186 51 20 slikt
758 1184 122 29 hycklande

134 1220 61 20 torde
212 1220 66 20 blifva
293 1220 82 27 ganska
391 1220 64 27 svårt,
472 1221 27 21 då
513 1221 43 26 det,
572 1220 34 20 för
620 1222 32 20 att
666 1220 64 21 hafva
740 1219 83 21 önskad
834 1226 46 14 ver-

135 1254 48 26 kan,
200 1254 55 20 skall
270 1254 65 20 räcka
349 1255 23 20 så
388 1255 79 27 många
481 1255 30 26 år,
527 1261 46 14 som
588 1254 39 21 här
643 1256 23 19 är
681 1253 124 28 föreslaget.

202 1288 59 21 Enär
276 1288 66 29 ingen
357 1289 68 21 talare
441 1289 74 22 vidare
530 1288 73 22 anhöll
620 1294 34 15 om
668 1287 68 28 ordet,
746 1286 135 23 framställde

135 1330 28 14 nu
179 1323 50 20 herr
244 1323 199 22 landtmarskalken
459 1323 174 29 propositionen:

203 1357 144 26 »Godkänner
366 1357 150 28 ridderskapet
531 1357 39 21 och
586 1357 63 20 adeln
666 1357 40 20 den
722 1357 7 20 i
746 1357 41 20 den
802 1356 79 27 nådiga

135 1391 162 29 propositionen
318 1391 123 28 föreslagna
459 1391 85 28 princip
563 1398 34 13 om
614 1390 101 28 vilkorlig
730 1390 114 27 frigifning
860 1389 23 21 af

135 1425 88 29 fångar?
