<?xml version="1.0" encoding="UTF-8"?>
<alto xmlns="http://www.loc.gov/standards/alto/ns-v3#" xmlns:xlink="http://www.w3.org/1999/xlink" xmlns:xsi="http://www.w3.org/2001/XMLSchema-instance" xsi:schemaLocation="http://www.loc.gov/standards/alto/ns-v3# http://www.loc.gov/alto/v3/alto-3-0.xsd">
	<Description>
		<MeasurementUnit>pixel</MeasurementUnit>
		<sourceImageInformation>
			<fileName>/tmp/tess_k8s9gjne_input.PNG</fileName>
		</sourceImageInformation>
		<OCRProcessing ID="OCR_0">
			<ocrProcessingStep>
				<processingSoftware>
					<softwareName>tesseract 5.3.4</softwareName>
				</processingSoftware>
			</ocrProcessingStep>
		</OCRProcessing>
	</Description>
	<Layout>
		<Page WIDTH="1034" HEIGHT="1770" PHYSICAL_IMG_NR="0" ID="page_0">
			<PrintSpace HPOS="0" VPOS="0" WIDTH="1034" HEIGHT="1770">
				<ComposedBlock ID="cblock_0" HPOS="191" VPOS="132" WIDTH="41" HEIGHT="20">
					<TextBlock ID="block_0" HPOS="191" VPOS="132" WIDTH="41" HEIGHT="20">
						<TextLine ID="line_0" HPOS="191" VPOS="132" WIDTH="41" HEIGHT="20">
							<String ID="string_0" HPOS="191" VPOS="132" WIDTH="41" HEIGHT="20" WC="0.96" CONTENT="320"/>
						</TextLine>
					</TextBlock>
				</ComposedBlock>
				<ComposedBlock ID="cblock_1" HPOS="154" VPOS="196" WIDTH="753" HEIGHT="1279">
					<TextBlock ID="block_1" HPOS="158" VPOS="196" WIDTH="749" HEIGHT="412">
						<TextLine ID="line_1" HPOS="161" VPOS="196" WIDTH="743" HEIGHT="28">
							<String ID="string_1" HPOS="161" VPOS="196" WIDTH="108" HEIGHT="21" WC="0.96" CONTENT="direktion"/><SP WIDTH="17" VPOS="196" HPOS="269"/>
							<String ID="string_2" HPOS="286" VPOS="196" WIDTH="69" HEIGHT="21" WC="0.93" CONTENT="blifvit"/><SP WIDTH="17" VPOS="196" HPOS="355"/>
							<String ID="string_3" HPOS="372" VPOS="196" WIDTH="141" HEIGHT="28" WC="0.91" CONTENT="bemyndigad"/><SP WIDTH="21" VPOS="196" HPOS="513"/>
							<String ID="string_4" HPOS="534" VPOS="197" WIDTH="32" HEIGHT="20" WC="0.93" CONTENT="att"/><SP WIDTH="13" VPOS="197" HPOS="566"/>
							<String ID="string_5" HPOS="579" VPOS="198" WIDTH="95" HEIGHT="25" WC="0.92" CONTENT="upptaga"/><SP WIDTH="16" VPOS="198" HPOS="674"/>
							<String ID="string_6" HPOS="690" VPOS="196" WIDTH="164" HEIGHT="28" WC="0.96" CONTENT="ifrågavarande"/><SP WIDTH="15" VPOS="196" HPOS="854"/>
							<String ID="string_7" HPOS="869" VPOS="197" WIDTH="35" HEIGHT="20" WC="0.96" CONTENT="lån"/>
						</TextLine>
						<TextLine ID="line_2" HPOS="161" VPOS="230" WIDTH="743" HEIGHT="29">
							<String ID="string_8" HPOS="161" VPOS="231" WIDTH="8" HEIGHT="20" WC="0.96" CONTENT="i"/><SP WIDTH="16" VPOS="231" HPOS="169"/>
							<String ID="string_9" HPOS="185" VPOS="231" WIDTH="97" HEIGHT="20" WC="0.95" CONTENT="utlandet"/><SP WIDTH="20" VPOS="231" HPOS="282"/>
							<String ID="string_10" HPOS="302" VPOS="231" WIDTH="75" HEIGHT="20" WC="0.96" CONTENT="endast"/><SP WIDTH="15" VPOS="231" HPOS="377"/>
							<String ID="string_11" HPOS="392" VPOS="230" WIDTH="6" HEIGHT="20" WC="0.96" CONTENT="i"/><SP WIDTH="17" VPOS="230" HPOS="398"/>
							<String ID="string_12" HPOS="415" VPOS="230" WIDTH="40" HEIGHT="21" WC="0.96" CONTENT="den"/><SP WIDTH="16" VPOS="230" HPOS="455"/>
							<String ID="string_13" HPOS="471" VPOS="230" WIDTH="110" HEIGHT="28" WC="0.95" CONTENT="händelse,"/><SP WIDTH="16" VPOS="230" HPOS="581"/>
							<String ID="string_14" HPOS="597" VPOS="232" WIDTH="31" HEIGHT="19" WC="0.96" CONTENT="att"/><SP WIDTH="15" VPOS="232" HPOS="628"/>
							<String ID="string_15" HPOS="643" VPOS="230" WIDTH="136" HEIGHT="21" WC="0.93" CONTENT="direktionen"/><SP WIDTH="17" VPOS="230" HPOS="779"/>
							<String ID="string_16" HPOS="796" VPOS="231" WIDTH="53" HEIGHT="28" WC="0.93" CONTENT="egde"/><SP WIDTH="16" VPOS="231" HPOS="849"/>
							<String ID="string_17" HPOS="865" VPOS="231" WIDTH="39" HEIGHT="21" WC="0.96" CONTENT="full"/>
						</TextLine>
						<TextLine ID="line_3" HPOS="160" VPOS="265" WIDTH="744" HEIGHT="28">
							<String ID="string_18" HPOS="160" VPOS="265" WIDTH="83" HEIGHT="21" WC="0.96" CONTENT="visshet"/><SP WIDTH="16" VPOS="265" HPOS="243"/>
							<String ID="string_19" HPOS="259" VPOS="272" WIDTH="33" HEIGHT="14" WC="0.93" CONTENT="om"/><SP WIDTH="17" VPOS="272" HPOS="292"/>
							<String ID="string_20" HPOS="309" VPOS="265" WIDTH="181" HEIGHT="28" WC="0.91" CONTENT="myntreformens"/><SP WIDTH="15" VPOS="265" HPOS="490"/>
							<String ID="string_21" HPOS="505" VPOS="272" WIDTH="64" HEIGHT="15" WC="0.96" CONTENT="snara"/><SP WIDTH="14" VPOS="272" HPOS="569"/>
							<String ID="string_22" HPOS="583" VPOS="265" WIDTH="179" HEIGHT="28" WC="0.96" CONTENT="genomförande,"/><SP WIDTH="17" VPOS="265" HPOS="762"/>
							<String ID="string_23" HPOS="779" VPOS="265" WIDTH="40" HEIGHT="21" WC="0.96" CONTENT="och"/><SP WIDTH="16" VPOS="265" HPOS="819"/>
							<String ID="string_24" HPOS="835" VPOS="265" WIDTH="69" HEIGHT="22" WC="0.96" CONTENT="denna"/>
						</TextLine>
						<TextLine ID="line_4" HPOS="160" VPOS="299" WIDTH="747" HEIGHT="29">
							<String ID="string_25" HPOS="160" VPOS="300" WIDTH="83" HEIGHT="21" WC="0.96" CONTENT="visshet"/><SP WIDTH="21" VPOS="300" HPOS="243"/>
							<String ID="string_26" HPOS="264" VPOS="300" WIDTH="77" HEIGHT="21" WC="0.96" CONTENT="vinner"/><SP WIDTH="22" VPOS="300" HPOS="341"/>
							<String ID="string_27" HPOS="363" VPOS="299" WIDTH="136" HEIGHT="22" WC="0.96" CONTENT="direktionen"/><SP WIDTH="20" VPOS="299" HPOS="499"/>
							<String ID="string_28" HPOS="519" VPOS="300" WIDTH="46" HEIGHT="28" WC="0.96" CONTENT="just"/><SP WIDTH="22" VPOS="300" HPOS="565"/>
							<String ID="string_29" HPOS="587" VPOS="307" WIDTH="77" HEIGHT="21" WC="0.91" CONTENT="genom"/><SP WIDTH="24" VPOS="307" HPOS="664"/>
							<String ID="string_30" HPOS="688" VPOS="299" WIDTH="173" HEIGHT="22" WC="0.91" CONTENT="tillerkännande"/><SP WIDTH="23" VPOS="299" HPOS="861"/>
							<String ID="string_31" HPOS="884" VPOS="301" WIDTH="23" HEIGHT="21" WC="0.95" CONTENT="af"/>
						</TextLine>
						<TextLine ID="line_5" HPOS="160" VPOS="335" WIDTH="744" HEIGHT="28">
							<String ID="string_32" HPOS="160" VPOS="335" WIDTH="133" HEIGHT="28" WC="0.95" CONTENT="rättigheten"/><SP WIDTH="19" VPOS="335" HPOS="293"/>
							<String ID="string_33" HPOS="312" VPOS="337" WIDTH="32" HEIGHT="19" WC="0.93" CONTENT="att"/><SP WIDTH="18" VPOS="337" HPOS="344"/>
							<String ID="string_34" HPOS="362" VPOS="335" WIDTH="139" HEIGHT="21" WC="0.92" CONTENT="utbekomma"/><SP WIDTH="14" VPOS="335" HPOS="501"/>
							<String ID="string_35" HPOS="515" VPOS="335" WIDTH="151" HEIGHT="21" WC="0.92" CONTENT="annuiteterna"/><SP WIDTH="16" VPOS="335" HPOS="666"/>
							<String ID="string_36" HPOS="682" VPOS="335" WIDTH="7" HEIGHT="20" WC="0.93" CONTENT="i"/><SP WIDTH="15" VPOS="335" HPOS="689"/>
							<String ID="string_37" HPOS="704" VPOS="335" WIDTH="81" HEIGHT="21" WC="0.92" CONTENT="silfver."/><SP WIDTH="31" VPOS="335" HPOS="785"/>
							<String ID="string_38" HPOS="816" VPOS="335" WIDTH="88" HEIGHT="22" WC="0.60" CONTENT="Således"/>
						</TextLine>
						<TextLine ID="line_6" HPOS="161" VPOS="369" WIDTH="743" HEIGHT="29">
							<String ID="string_39" HPOS="161" VPOS="371" WIDTH="24" HEIGHT="20" WC="0.93" CONTENT="är"/><SP WIDTH="15" VPOS="371" HPOS="185"/>
							<String ID="string_40" HPOS="200" VPOS="370" WIDTH="127" HEIGHT="21" WC="0.92" CONTENT="ständernas"/><SP WIDTH="16" VPOS="370" HPOS="327"/>
							<String ID="string_41" HPOS="343" VPOS="370" WIDTH="84" HEIGHT="28" WC="0.96" CONTENT="garanti"/><SP WIDTH="15" VPOS="370" HPOS="427"/>
							<String ID="string_42" HPOS="442" VPOS="370" WIDTH="21" HEIGHT="28" WC="0.95" CONTENT="ej"/><SP WIDTH="16" VPOS="370" HPOS="463"/>
							<String ID="string_43" HPOS="479" VPOS="377" WIDTH="73" HEIGHT="14" WC="0.95" CONTENT="ensam"/><SP WIDTH="17" VPOS="377" HPOS="552"/>
							<String ID="string_44" HPOS="569" VPOS="369" WIDTH="117" HEIGHT="29" WC="0.96" CONTENT="tillräcklig"/><SP WIDTH="14" VPOS="369" HPOS="686"/>
							<String ID="string_45" HPOS="700" VPOS="369" WIDTH="34" HEIGHT="22" WC="0.96" CONTENT="för"/><SP WIDTH="14" VPOS="369" HPOS="734"/>
							<String ID="string_46" HPOS="748" VPOS="371" WIDTH="30" HEIGHT="20" WC="0.93" CONTENT="att"/><SP WIDTH="10" VPOS="371" HPOS="778"/>
							<String ID="string_47" HPOS="788" VPOS="370" WIDTH="116" HEIGHT="28" WC="0.93" CONTENT="hypoteks-"/>
						</TextLine>
						<TextLine ID="line_7" HPOS="160" VPOS="405" WIDTH="743" HEIGHT="28">
							<String ID="string_48" HPOS="160" VPOS="405" WIDTH="140" HEIGHT="28" WC="0.95" CONTENT="föreningens"/><SP WIDTH="21" VPOS="405" HPOS="300"/>
							<String ID="string_49" HPOS="321" VPOS="405" WIDTH="107" HEIGHT="21" WC="0.95" CONTENT="direktion"/><SP WIDTH="21" VPOS="405" HPOS="428"/>
							<String ID="string_50" HPOS="449" VPOS="405" WIDTH="56" HEIGHT="21" WC="0.96" CONTENT="skall"/><SP WIDTH="18" VPOS="405" HPOS="505"/>
							<String ID="string_51" HPOS="523" VPOS="405" WIDTH="74" HEIGHT="22" WC="0.93" CONTENT="kunna"/><SP WIDTH="18" VPOS="405" HPOS="597"/>
							<String ID="string_52" HPOS="615" VPOS="407" WIDTH="95" HEIGHT="26" WC="0.92" CONTENT="upptaga"/><SP WIDTH="15" VPOS="407" HPOS="710"/>
							<String ID="string_53" HPOS="725" VPOS="405" WIDTH="65" HEIGHT="27" WC="0.96" CONTENT="lånet,"/><SP WIDTH="16" VPOS="405" HPOS="790"/>
							<String ID="string_54" HPOS="806" VPOS="407" WIDTH="51" HEIGHT="19" WC="0.91" CONTENT="utan"/><SP WIDTH="16" VPOS="407" HPOS="857"/>
							<String ID="string_55" HPOS="873" VPOS="405" WIDTH="30" HEIGHT="21" WC="0.91" CONTENT="di-"/>
						</TextLine>
						<TextLine ID="line_8" HPOS="160" VPOS="439" WIDTH="743" HEIGHT="29">
							<String ID="string_56" HPOS="160" VPOS="440" WIDTH="114" HEIGHT="21" WC="0.91" CONTENT="rektionen"/><SP WIDTH="16" VPOS="440" HPOS="274"/>
							<String ID="string_57" HPOS="290" VPOS="440" WIDTH="68" HEIGHT="21" WC="0.96" CONTENT="måste"/><SP WIDTH="15" VPOS="440" HPOS="358"/>
							<String ID="string_58" HPOS="373" VPOS="440" WIDTH="71" HEIGHT="20" WC="0.96" CONTENT="tillika"/><SP WIDTH="14" VPOS="440" HPOS="444"/>
							<String ID="string_59" HPOS="458" VPOS="439" WIDTH="65" HEIGHT="22" WC="0.96" CONTENT="hafva"/><SP WIDTH="14" VPOS="439" HPOS="523"/>
							<String ID="string_60" HPOS="537" VPOS="440" WIDTH="40" HEIGHT="21" WC="0.96" CONTENT="full"/><SP WIDTH="15" VPOS="440" HPOS="577"/>
							<String ID="string_61" HPOS="592" VPOS="439" WIDTH="81" HEIGHT="22" WC="0.96" CONTENT="visshet"/><SP WIDTH="15" VPOS="439" HPOS="673"/>
							<String ID="string_62" HPOS="688" VPOS="446" WIDTH="33" HEIGHT="14" WC="0.96" CONTENT="om"/><SP WIDTH="13" VPOS="446" HPOS="721"/>
							<String ID="string_63" HPOS="734" VPOS="441" WIDTH="30" HEIGHT="19" WC="0.93" CONTENT="att"/><SP WIDTH="11" VPOS="441" HPOS="764"/>
							<String ID="string_64" HPOS="775" VPOS="441" WIDTH="128" HEIGHT="27" WC="0.92" CONTENT="myntrefor-"/>
						</TextLine>
						<TextLine ID="line_9" HPOS="160" VPOS="474" WIDTH="742" HEIGHT="29">
							<String ID="string_65" HPOS="160" VPOS="482" WIDTH="49" HEIGHT="14" WC="0.96" CONTENT="men"/><SP WIDTH="18" VPOS="482" HPOS="209"/>
							<String ID="string_66" HPOS="227" VPOS="474" WIDTH="48" HEIGHT="21" WC="0.96" CONTENT="med"/><SP WIDTH="18" VPOS="474" HPOS="275"/>
							<String ID="string_67" HPOS="293" VPOS="474" WIDTH="36" HEIGHT="22" WC="0.96" CONTENT="det"/><SP WIDTH="15" VPOS="474" HPOS="329"/>
							<String ID="string_68" HPOS="344" VPOS="474" WIDTH="68" HEIGHT="22" WC="0.93" CONTENT="första"/><SP WIDTH="15" VPOS="474" HPOS="412"/>
							<String ID="string_69" HPOS="427" VPOS="474" WIDTH="145" HEIGHT="29" WC="0.90" CONTENT="genomföres."/><SP WIDTH="30" VPOS="474" HPOS="572"/>
							<String ID="string_70" HPOS="602" VPOS="474" WIDTH="43" HEIGHT="21" WC="0.96" CONTENT="Det"/><SP WIDTH="15" VPOS="474" HPOS="645"/>
							<String ID="string_71" HPOS="660" VPOS="476" WIDTH="24" HEIGHT="19" WC="0.96" CONTENT="är"/><SP WIDTH="15" VPOS="476" HPOS="684"/>
							<String ID="string_72" HPOS="699" VPOS="475" WIDTH="63" HEIGHT="21" WC="0.96" CONTENT="alltså"/><SP WIDTH="15" VPOS="475" HPOS="762"/>
							<String ID="string_73" HPOS="777" VPOS="475" WIDTH="24" HEIGHT="21" WC="0.93" CONTENT="af"/><SP WIDTH="12" VPOS="475" HPOS="801"/>
							<String ID="string_74" HPOS="813" VPOS="482" WIDTH="89" HEIGHT="21" WC="0.92" CONTENT="synner-"/>
						</TextLine>
						<TextLine ID="line_10" HPOS="159" VPOS="508" WIDTH="742" HEIGHT="29">
							<String ID="string_75" HPOS="159" VPOS="510" WIDTH="32" HEIGHT="27" WC="0.91" CONTENT="lig"/><SP WIDTH="15" VPOS="510" HPOS="191"/>
							<String ID="string_76" HPOS="206" VPOS="510" WIDTH="51" HEIGHT="27" WC="0.91" CONTENT="vigt,"/><SP WIDTH="16" VPOS="510" HPOS="257"/>
							<String ID="string_77" HPOS="273" VPOS="510" WIDTH="31" HEIGHT="20" WC="0.93" CONTENT="att"/><SP WIDTH="15" VPOS="510" HPOS="304"/>
							<String ID="string_78" HPOS="319" VPOS="509" WIDTH="66" HEIGHT="28" WC="0.91" CONTENT="nägot"/><SP WIDTH="15" VPOS="509" HPOS="385"/>
							<String ID="string_79" HPOS="400" VPOS="509" WIDTH="76" HEIGHT="21" WC="0.92" CONTENT="sädant"/><SP WIDTH="15" VPOS="509" HPOS="476"/>
							<String ID="string_80" HPOS="491" VPOS="510" WIDTH="75" HEIGHT="26" WC="0.92" CONTENT="vilkor,"/><SP WIDTH="17" VPOS="510" HPOS="566"/>
							<String ID="string_81" HPOS="583" VPOS="516" WIDTH="46" HEIGHT="14" WC="0.96" CONTENT="som"/><SP WIDTH="15" VPOS="516" HPOS="629"/>
							<String ID="string_82" HPOS="644" VPOS="508" WIDTH="36" HEIGHT="22" WC="0.96" CONTENT="det"/><SP WIDTH="15" VPOS="508" HPOS="680"/>
							<String ID="string_83" HPOS="695" VPOS="509" WIDTH="23" HEIGHT="21" WC="0.93" CONTENT="af"/><SP WIDTH="13" VPOS="509" HPOS="718"/>
							<String ID="string_84" HPOS="731" VPOS="509" WIDTH="50" HEIGHT="21" WC="0.92" CONTENT="herr"/><SP WIDTH="10" VPOS="509" HPOS="781"/>
							<String ID="string_85" HPOS="791" VPOS="516" WIDTH="41" HEIGHT="14" WC="0.96" CONTENT="von"/><SP WIDTH="11" VPOS="516" HPOS="832"/>
							<String ID="string_86" HPOS="843" VPOS="510" WIDTH="58" HEIGHT="20" WC="0.96" CONTENT="Born"/>
						</TextLine>
						<TextLine ID="line_11" HPOS="159" VPOS="544" WIDTH="743" HEIGHT="28">
							<String ID="string_87" HPOS="159" VPOS="544" WIDTH="133" HEIGHT="28" WC="0.93" CONTENT="föreslagna,"/><SP WIDTH="19" VPOS="544" HPOS="292"/>
							<String ID="string_88" HPOS="311" VPOS="544" WIDTH="20" HEIGHT="28" WC="0.93" CONTENT="ej"/><SP WIDTH="17" VPOS="544" HPOS="331"/>
							<String ID="string_89" HPOS="348" VPOS="544" WIDTH="128" HEIGHT="28" WC="0.92" CONTENT="uppställes,"/><SP WIDTH="16" VPOS="544" HPOS="476"/>
							<String ID="string_90" HPOS="492" VPOS="545" WIDTH="24" HEIGHT="27" WC="0.93" CONTENT="ty"/><SP WIDTH="14" VPOS="545" HPOS="516"/>
							<String ID="string_91" HPOS="530" VPOS="544" WIDTH="125" HEIGHT="28" WC="0.92" CONTENT="derigenom"/><SP WIDTH="16" VPOS="544" HPOS="655"/>
							<String ID="string_92" HPOS="671" VPOS="544" WIDTH="154" HEIGHT="28" WC="0.91" CONTENT="omöjliggöres"/><SP WIDTH="15" VPOS="544" HPOS="825"/>
							<String ID="string_93" HPOS="840" VPOS="545" WIDTH="6" HEIGHT="20" WC="0.96" CONTENT="i"/><SP WIDTH="17" VPOS="545" HPOS="846"/>
							<String ID="string_94" HPOS="863" VPOS="544" WIDTH="39" HEIGHT="22" WC="0.96" CONTENT="och"/>
						</TextLine>
						<TextLine ID="line_12" HPOS="158" VPOS="579" WIDTH="503" HEIGHT="29">
							<String ID="string_95" HPOS="158" VPOS="580" WIDTH="49" HEIGHT="20" WC="0.93" CONTENT="med"/><SP WIDTH="15" VPOS="580" HPOS="207"/>
							<String ID="string_96" HPOS="222" VPOS="579" WIDTH="121" HEIGHT="21" WC="0.92" CONTENT="detsamma"/><SP WIDTH="14" VPOS="579" HPOS="343"/>
							<String ID="string_97" HPOS="357" VPOS="579" WIDTH="247" HEIGHT="29" WC="0.92" CONTENT="hypoteksföreningens"/><SP WIDTH="15" VPOS="579" HPOS="604"/>
							<String ID="string_98" HPOS="619" VPOS="579" WIDTH="42" HEIGHT="21" WC="0.96" CONTENT="län."/>
						</TextLine>
					</TextBlock>
					<TextBlock ID="block_2" HPOS="154" VPOS="614" WIDTH="748" HEIGHT="861">
						<TextLine ID="line_13" HPOS="227" VPOS="614" WIDTH="675" HEIGHT="29">
							<String ID="string_99" HPOS="227" VPOS="614" WIDTH="102" HEIGHT="22" WC="0.91" CONTENT="Friherre"/><SP WIDTH="14" VPOS="614" HPOS="329"/>
							<String ID="string_100" HPOS="343" VPOS="614" WIDTH="137" HEIGHT="29" WC="0.96" CONTENT="Carpelan:"/><SP WIDTH="14" VPOS="614" HPOS="480"/>
							<String ID="string_101" HPOS="494" VPOS="614" WIDTH="59" HEIGHT="22" WC="0.96" CONTENT="Herr"/><SP WIDTH="14" VPOS="614" HPOS="553"/>
							<String ID="string_102" HPOS="567" VPOS="622" WIDTH="41" HEIGHT="14" WC="0.96" CONTENT="von"/><SP WIDTH="16" VPOS="622" HPOS="608"/>
							<String ID="string_103" HPOS="624" VPOS="614" WIDTH="65" HEIGHT="28" WC="0.96" CONTENT="Born,"/><SP WIDTH="17" VPOS="614" HPOS="689"/>
							<String ID="string_104" HPOS="706" VPOS="614" WIDTH="19" HEIGHT="22" WC="0.92" CONTENT="J."/><SP WIDTH="16" VPOS="614" HPOS="725"/>
							<String ID="string_105" HPOS="741" VPOS="614" WIDTH="33" HEIGHT="28" WC="0.62" CONTENT="A.,"/><SP WIDTH="16" VPOS="614" HPOS="774"/>
							<String ID="string_106" HPOS="790" VPOS="615" WIDTH="38" HEIGHT="21" WC="0.88" CONTENT="har"/><SP WIDTH="5" VPOS="615" HPOS="828"/>
							<String ID="string_107" HPOS="833" VPOS="610" WIDTH="13" HEIGHT="37" WC="0.88" CONTENT="i"/><SP WIDTH="19" VPOS="610" HPOS="846"/>
							<String ID="string_108" HPOS="865" VPOS="616" WIDTH="37" HEIGHT="20" WC="0.96" CONTENT="sitt"/>
						</TextLine>
						<TextLine ID="line_14" HPOS="158" VPOS="649" WIDTH="744" HEIGHT="30">
							<String ID="string_109" HPOS="158" VPOS="650" WIDTH="100" HEIGHT="28" WC="0.80" CONTENT="yttrande"/><SP WIDTH="15" VPOS="650" HPOS="258"/>
							<String ID="string_110" HPOS="273" VPOS="650" WIDTH="88" HEIGHT="28" WC="0.80" CONTENT="påstått,"/><SP WIDTH="11" VPOS="650" HPOS="361"/>
							<String ID="string_111" HPOS="372" VPOS="651" WIDTH="31" HEIGHT="20" WC="0.96" CONTENT="att"/><SP WIDTH="15" VPOS="651" HPOS="403"/>
							<String ID="string_112" HPOS="418" VPOS="650" WIDTH="27" HEIGHT="21" WC="0.96" CONTENT="dä"/><SP WIDTH="9" VPOS="650" HPOS="445"/>
							<String ID="string_113" HPOS="454" VPOS="650" WIDTH="39" HEIGHT="28" WC="0.93" CONTENT="jag"/><SP WIDTH="10" VPOS="650" HPOS="493"/>
							<String ID="string_114" HPOS="503" VPOS="649" WIDTH="99" HEIGHT="28" WC="0.96" CONTENT="nämnde,"/><SP WIDTH="11" VPOS="649" HPOS="602"/>
							<String ID="string_115" HPOS="613" VPOS="651" WIDTH="32" HEIGHT="20" WC="0.93" CONTENT="att"/><SP WIDTH="10" VPOS="651" HPOS="645"/>
							<String ID="string_116" HPOS="655" VPOS="649" WIDTH="247" HEIGHT="30" WC="0.92" CONTENT="hypoteksföreningens"/>
						</TextLine>
						<TextLine ID="line_15" HPOS="159" VPOS="685" WIDTH="743" HEIGHT="28">
							<String ID="string_117" HPOS="159" VPOS="685" WIDTH="70" HEIGHT="21" WC="0.92" CONTENT="kredit"/><SP WIDTH="18" VPOS="685" HPOS="229"/>
							<String ID="string_118" HPOS="247" VPOS="691" WIDTH="51" HEIGHT="16" WC="0.92" CONTENT="vore"/><SP WIDTH="19" VPOS="691" HPOS="298"/>
							<String ID="string_119" HPOS="317" VPOS="685" WIDTH="113" HEIGHT="28" WC="0.93" CONTENT="ifrägasatt"/><SP WIDTH="15" VPOS="685" HPOS="430"/>
							<String ID="string_120" HPOS="445" VPOS="685" WIDTH="23" HEIGHT="21" WC="0.95" CONTENT="af"/><SP WIDTH="16" VPOS="685" HPOS="468"/>
							<String ID="string_121" HPOS="484" VPOS="685" WIDTH="57" HEIGHT="21" WC="0.96" CONTENT="vissa"/><SP WIDTH="16" VPOS="685" HPOS="541"/>
							<String ID="string_122" HPOS="557" VPOS="685" WIDTH="23" HEIGHT="21" WC="0.93" CONTENT="af"/><SP WIDTH="13" VPOS="685" HPOS="580"/>
							<String ID="string_123" HPOS="593" VPOS="685" WIDTH="95" HEIGHT="21" WC="0.92" CONTENT="ständets"/><SP WIDTH="15" VPOS="685" HPOS="688"/>
							<String ID="string_124" HPOS="703" VPOS="685" WIDTH="146" HEIGHT="28" WC="0.96" CONTENT="medlemmar,"/><SP WIDTH="13" VPOS="685" HPOS="849"/>
							<String ID="string_125" HPOS="862" VPOS="686" WIDTH="40" HEIGHT="27" WC="0.96" CONTENT="jag"/>
						</TextLine>
						<TextLine ID="line_16" HPOS="159" VPOS="719" WIDTH="743" HEIGHT="30">
							<String ID="string_126" HPOS="159" VPOS="719" WIDTH="86" HEIGHT="22" WC="0.95" CONTENT="dermed"/><SP WIDTH="23" VPOS="719" HPOS="245"/>
							<String ID="string_127" HPOS="268" VPOS="719" WIDTH="69" HEIGHT="22" WC="0.93" CONTENT="skulle"/><SP WIDTH="16" VPOS="719" HPOS="337"/>
							<String ID="string_128" HPOS="353" VPOS="720" WIDTH="65" HEIGHT="28" WC="0.96" CONTENT="syftat"/><SP WIDTH="23" VPOS="720" HPOS="418"/>
							<String ID="string_129" HPOS="441" VPOS="719" WIDTH="27" HEIGHT="28" WC="0.96" CONTENT="pä"/><SP WIDTH="20" VPOS="719" HPOS="468"/>
							<String ID="string_130" HPOS="488" VPOS="720" WIDTH="86" HEIGHT="21" WC="0.95" CONTENT="honom."/><SP WIDTH="29" VPOS="720" HPOS="574"/>
							<String ID="string_131" HPOS="603" VPOS="720" WIDTH="30" HEIGHT="21" WC="0.82" CONTENT="Så"/><SP WIDTH="19" VPOS="720" HPOS="633"/>
							<String ID="string_132" HPOS="652" VPOS="720" WIDTH="39" HEIGHT="21" WC="0.93" CONTENT="har"/><SP WIDTH="19" VPOS="720" HPOS="691"/>
							<String ID="string_133" HPOS="710" VPOS="720" WIDTH="116" HEIGHT="29" WC="0.96" CONTENT="ingalunda"/><SP WIDTH="21" VPOS="720" HPOS="826"/>
							<String ID="string_134" HPOS="847" VPOS="721" WIDTH="55" HEIGHT="21" WC="0.96" CONTENT="varit"/>
						</TextLine>
						<TextLine ID="line_17" HPOS="158" VPOS="755" WIDTH="744" HEIGHT="28">
							<String ID="string_135" HPOS="158" VPOS="755" WIDTH="67" HEIGHT="21" WC="0.94" CONTENT="fallet."/><SP WIDTH="29" VPOS="755" HPOS="225"/>
							<String ID="string_136" HPOS="254" VPOS="755" WIDTH="50" HEIGHT="21" WC="0.93" CONTENT="Mitt"/><SP WIDTH="15" VPOS="755" HPOS="304"/>
							<String ID="string_137" HPOS="319" VPOS="755" WIDTH="99" HEIGHT="28" WC="0.96" CONTENT="yttrande"/><SP WIDTH="16" VPOS="755" HPOS="418"/>
							<String ID="string_138" HPOS="434" VPOS="755" WIDTH="102" HEIGHT="21" WC="0.96" CONTENT="härledde"/><SP WIDTH="15" VPOS="755" HPOS="536"/>
							<String ID="string_139" HPOS="551" VPOS="755" WIDTH="34" HEIGHT="28" WC="0.93" CONTENT="sig"/><SP WIDTH="14" VPOS="755" HPOS="585"/>
							<String ID="string_140" HPOS="599" VPOS="757" WIDTH="91" HEIGHT="19" WC="0.92" CONTENT="tvertom"/><SP WIDTH="16" VPOS="757" HPOS="690"/>
							<String ID="string_141" HPOS="706" VPOS="755" WIDTH="23" HEIGHT="20" WC="0.93" CONTENT="af"/><SP WIDTH="14" VPOS="755" HPOS="729"/>
							<String ID="string_142" HPOS="743" VPOS="755" WIDTH="90" HEIGHT="22" WC="0.96" CONTENT="friherre"/><SP WIDTH="11" VPOS="755" HPOS="833"/>
							<String ID="string_143" HPOS="844" VPOS="755" WIDTH="26" HEIGHT="21" WC="0.96" CONTENT="de"/><SP WIDTH="12" VPOS="755" HPOS="870"/>
							<String ID="string_144" HPOS="882" VPOS="756" WIDTH="20" HEIGHT="21" WC="0.96" CONTENT="la"/>
						</TextLine>
						<TextLine ID="line_18" HPOS="159" VPOS="785" WIDTH="742" HEIGHT="33">
							<String ID="string_145" HPOS="159" VPOS="785" WIDTH="113" HEIGHT="33" WC="0.90" CONTENT="Ohapelles"/><SP WIDTH="20" VPOS="785" HPOS="272"/>
							<String ID="string_146" HPOS="292" VPOS="789" WIDTH="132" HEIGHT="22" WC="0.96" CONTENT="reservation"/><SP WIDTH="20" VPOS="789" HPOS="424"/>
							<String ID="string_147" HPOS="444" VPOS="790" WIDTH="40" HEIGHT="21" WC="0.93" CONTENT="och"/><SP WIDTH="15" VPOS="790" HPOS="484"/>
							<String ID="string_148" HPOS="499" VPOS="789" WIDTH="62" HEIGHT="22" WC="0.96" CONTENT="äfven"/><SP WIDTH="16" VPOS="789" HPOS="561"/>
							<String ID="string_149" HPOS="577" VPOS="789" WIDTH="24" HEIGHT="22" WC="0.93" CONTENT="af"/><SP WIDTH="12" VPOS="789" HPOS="601"/>
							<String ID="string_150" HPOS="613" VPOS="790" WIDTH="50" HEIGHT="21" WC="0.96" CONTENT="herr"/><SP WIDTH="15" VPOS="790" HPOS="663"/>
							<String ID="string_151" HPOS="678" VPOS="797" WIDTH="41" HEIGHT="14" WC="0.93" CONTENT="von"/><SP WIDTH="16" VPOS="797" HPOS="719"/>
							<String ID="string_152" HPOS="735" VPOS="789" WIDTH="77" HEIGHT="28" WC="0.91" CONTENT="Borns,"/><SP WIDTH="15" VPOS="789" HPOS="812"/>
							<String ID="string_153" HPOS="827" VPOS="790" WIDTH="27" HEIGHT="21" WC="0.93" CONTENT="K."/><SP WIDTH="16" VPOS="790" HPOS="854"/>
							<String ID="string_154" HPOS="870" VPOS="790" WIDTH="31" HEIGHT="27" WC="0.91" CONTENT="F.,"/>
						</TextLine>
						<TextLine ID="line_19" HPOS="158" VPOS="824" WIDTH="743" HEIGHT="28">
							<String ID="string_155" HPOS="158" VPOS="824" WIDTH="145" HEIGHT="28" WC="0.91" CONTENT="andragande,"/><SP WIDTH="14" VPOS="824" HPOS="303"/>
							<String ID="string_156" HPOS="317" VPOS="831" WIDTH="49" HEIGHT="14" WC="0.96" CONTENT="men"/><SP WIDTH="13" VPOS="831" HPOS="366"/>
							<String ID="string_157" HPOS="379" VPOS="825" WIDTH="39" HEIGHT="27" WC="0.93" CONTENT="jag"/><SP WIDTH="15" VPOS="825" HPOS="418"/>
							<String ID="string_158" HPOS="433" VPOS="824" WIDTH="95" HEIGHT="28" WC="0.91" CONTENT="medger,"/><SP WIDTH="15" VPOS="824" HPOS="528"/>
							<String ID="string_159" HPOS="543" VPOS="826" WIDTH="32" HEIGHT="20" WC="0.96" CONTENT="att"/><SP WIDTH="15" VPOS="826" HPOS="575"/>
							<String ID="string_160" HPOS="590" VPOS="825" WIDTH="39" HEIGHT="27" WC="0.96" CONTENT="jag"/><SP WIDTH="15" VPOS="825" HPOS="629"/>
							<String ID="string_161" HPOS="644" VPOS="825" WIDTH="6" HEIGHT="20" WC="0.93" CONTENT="i"/><SP WIDTH="16" VPOS="825" HPOS="650"/>
							<String ID="string_162" HPOS="666" VPOS="825" WIDTH="50" HEIGHT="20" WC="0.91" CONTENT="herr"/><SP WIDTH="14" VPOS="825" HPOS="716"/>
							<String ID="string_163" HPOS="730" VPOS="832" WIDTH="42" HEIGHT="14" WC="0.93" CONTENT="von"/><SP WIDTH="16" VPOS="832" HPOS="772"/>
							<String ID="string_164" HPOS="788" VPOS="825" WIDTH="76" HEIGHT="27" WC="0.90" CONTENT="Borns,"/><SP WIDTH="17" VPOS="825" HPOS="864"/>
							<String ID="string_165" HPOS="881" VPOS="825" WIDTH="20" HEIGHT="21" WC="0.96" CONTENT="J."/>
						</TextLine>
						<TextLine ID="line_20" HPOS="158" VPOS="859" WIDTH="744" HEIGHT="27">
							<String ID="string_166" HPOS="158" VPOS="860" WIDTH="34" HEIGHT="26" WC="0.36" CONTENT="A.,"/><SP WIDTH="16" VPOS="860" HPOS="192"/>
							<String ID="string_167" HPOS="208" VPOS="859" WIDTH="134" HEIGHT="21" WC="0.92" CONTENT="reservation"/><SP WIDTH="20" VPOS="859" HPOS="342"/>
							<String ID="string_168" HPOS="362" VPOS="860" WIDTH="19" HEIGHT="26" WC="0.96" CONTENT="ej"/><SP WIDTH="20" VPOS="860" HPOS="381"/>
							<String ID="string_169" HPOS="401" VPOS="859" WIDTH="39" HEIGHT="21" WC="0.92" CONTENT="har"/><SP WIDTH="20" VPOS="859" HPOS="440"/>
							<String ID="string_170" HPOS="460" VPOS="859" WIDTH="71" HEIGHT="21" WC="0.93" CONTENT="funnit"/><SP WIDTH="20" VPOS="859" HPOS="531"/>
							<String ID="string_171" HPOS="551" VPOS="859" WIDTH="92" HEIGHT="21" WC="0.91" CONTENT="uttaladt"/><SP WIDTH="20" VPOS="859" HPOS="643"/>
							<String ID="string_172" HPOS="663" VPOS="859" WIDTH="35" HEIGHT="21" WC="0.93" CONTENT="det"/><SP WIDTH="15" VPOS="859" HPOS="698"/>
							<String ID="string_173" HPOS="713" VPOS="860" WIDTH="79" HEIGHT="21" WC="0.96" CONTENT="minsta"/><SP WIDTH="14" VPOS="860" HPOS="792"/>
							<String ID="string_174" HPOS="806" VPOS="860" WIDTH="48" HEIGHT="20" WC="0.96" CONTENT="stöd"/><SP WIDTH="15" VPOS="860" HPOS="854"/>
							<String ID="string_175" HPOS="869" VPOS="860" WIDTH="33" HEIGHT="21" WC="0.96" CONTENT="till"/>
						</TextLine>
						<TextLine ID="line_21" HPOS="157" VPOS="893" WIDTH="745" HEIGHT="29">
							<String ID="string_176" HPOS="157" VPOS="894" WIDTH="85" HEIGHT="21" WC="0.92" CONTENT="förmon"/><SP WIDTH="16" VPOS="894" HPOS="242"/>
							<String ID="string_177" HPOS="258" VPOS="894" WIDTH="33" HEIGHT="20" WC="0.93" CONTENT="för"/><SP WIDTH="16" VPOS="894" HPOS="291"/>
							<String ID="string_178" HPOS="307" VPOS="893" WIDTH="244" HEIGHT="29" WC="0.90" CONTENT="hypoteksföreningen."/><SP WIDTH="30" VPOS="893" HPOS="551"/>
							<String ID="string_179" HPOS="581" VPOS="893" WIDTH="49" HEIGHT="21" WC="0.88" CONTENT="Ian"/><SP WIDTH="16" VPOS="893" HPOS="630"/>
							<String ID="string_180" HPOS="646" VPOS="894" WIDTH="38" HEIGHT="20" WC="0.93" CONTENT="har"/><SP WIDTH="15" VPOS="894" HPOS="684"/>
							<String ID="string_181" HPOS="699" VPOS="896" WIDTH="91" HEIGHT="19" WC="0.92" CONTENT="tvertom"/><SP WIDTH="16" VPOS="896" HPOS="790"/>
							<String ID="string_182" HPOS="806" VPOS="896" WIDTH="47" HEIGHT="26" WC="0.92" CONTENT="sagt"/><SP WIDTH="16" VPOS="896" HPOS="853"/>
							<String ID="string_183" HPOS="869" VPOS="894" WIDTH="33" HEIGHT="28" WC="0.96" CONTENT="sig"/>
						</TextLine>
						<TextLine ID="line_22" HPOS="158" VPOS="928" WIDTH="744" HEIGHT="29">
							<String ID="string_184" HPOS="158" VPOS="929" WIDTH="28" HEIGHT="27" WC="0.91" CONTENT="pä"/><SP WIDTH="20" VPOS="929" HPOS="186"/>
							<String ID="string_185" HPOS="206" VPOS="929" WIDTH="51" HEIGHT="21" WC="0.88" CONTENT="flere"/><SP WIDTH="19" VPOS="929" HPOS="257"/>
							<String ID="string_186" HPOS="276" VPOS="928" WIDTH="46" HEIGHT="22" WC="0.93" CONTENT="skäl"/><SP WIDTH="16" VPOS="928" HPOS="322"/>
							<String ID="string_187" HPOS="338" VPOS="928" WIDTH="47" HEIGHT="22" WC="0.92" CONTENT="icke"/><SP WIDTH="15" VPOS="928" HPOS="385"/>
							<String ID="string_188" HPOS="400" VPOS="928" WIDTH="74" HEIGHT="22" WC="0.93" CONTENT="kunna"/><SP WIDTH="16" VPOS="928" HPOS="474"/>
							<String ID="string_189" HPOS="490" VPOS="928" WIDTH="48" HEIGHT="22" WC="0.92" CONTENT="dela"/><SP WIDTH="16" VPOS="928" HPOS="538"/>
							<String ID="string_190" HPOS="554" VPOS="928" WIDTH="41" HEIGHT="22" WC="0.93" CONTENT="den"/><SP WIDTH="16" VPOS="928" HPOS="595"/>
							<String ID="string_191" HPOS="611" VPOS="928" WIDTH="65" HEIGHT="28" WC="0.93" CONTENT="äsigt,"/><SP WIDTH="15" VPOS="928" HPOS="676"/>
							<String ID="string_192" HPOS="691" VPOS="930" WIDTH="32" HEIGHT="20" WC="0.93" CONTENT="att"/><SP WIDTH="15" VPOS="930" HPOS="723"/>
							<String ID="string_193" HPOS="738" VPOS="929" WIDTH="164" HEIGHT="28" WC="0.92" CONTENT="hypoteksföre-"/>
						</TextLine>
						<TextLine ID="line_23" HPOS="158" VPOS="963" WIDTH="743" HEIGHT="29">
							<String ID="string_194" HPOS="158" VPOS="964" WIDTH="92" HEIGHT="27" WC="0.92" CONTENT="ningens"/><SP WIDTH="14" VPOS="964" HPOS="250"/>
							<String ID="string_195" HPOS="264" VPOS="963" WIDTH="86" HEIGHT="22" WC="0.92" CONTENT="tillvaro"/><SP WIDTH="17" VPOS="963" HPOS="350"/>
							<String ID="string_196" HPOS="367" VPOS="963" WIDTH="39" HEIGHT="22" WC="0.86" CONTENT="och"/><SP WIDTH="14" VPOS="963" HPOS="406"/>
							<String ID="string_197" HPOS="420" VPOS="964" WIDTH="139" HEIGHT="21" WC="0.96" CONTENT="verksamhet"/><SP WIDTH="15" VPOS="964" HPOS="559"/>
							<String ID="string_198" HPOS="574" VPOS="964" WIDTH="69" HEIGHT="20" WC="0.96" CONTENT="skulle"/><SP WIDTH="15" VPOS="964" HPOS="643"/>
							<String ID="string_199" HPOS="658" VPOS="965" WIDTH="77" HEIGHT="26" WC="0.96" CONTENT="utgöra"/><SP WIDTH="14" VPOS="965" HPOS="735"/>
							<String ID="string_200" HPOS="749" VPOS="965" WIDTH="31" HEIGHT="20" WC="0.93" CONTENT="ett"/><SP WIDTH="11" VPOS="965" HPOS="780"/>
							<String ID="string_201" HPOS="791" VPOS="964" WIDTH="110" HEIGHT="28" WC="0.92" CONTENT="oeftergif-"/>
						</TextLine>
						<TextLine ID="line_24" HPOS="157" VPOS="994" WIDTH="743" HEIGHT="33">
							<String ID="string_202" HPOS="157" VPOS="998" WIDTH="41" HEIGHT="28" WC="0.92" CONTENT="ligt"/><SP WIDTH="19" VPOS="998" HPOS="198"/>
							<String ID="string_203" HPOS="217" VPOS="998" WIDTH="69" HEIGHT="22" WC="0.96" CONTENT="vilkor"/><SP WIDTH="15" VPOS="998" HPOS="286"/>
							<String ID="string_204" HPOS="301" VPOS="994" WIDTH="34" HEIGHT="26" WC="0.93" CONTENT="för"/><SP WIDTH="14" VPOS="994" HPOS="335"/>
							<String ID="string_205" HPOS="349" VPOS="998" WIDTH="104" HEIGHT="29" WC="0.93" CONTENT="höjandet"/><SP WIDTH="15" VPOS="998" HPOS="453"/>
							<String ID="string_206" HPOS="468" VPOS="998" WIDTH="24" HEIGHT="22" WC="0.97" CONTENT="af"/><SP WIDTH="12" VPOS="998" HPOS="492"/>
							<String ID="string_207" HPOS="504" VPOS="998" WIDTH="105" HEIGHT="22" WC="0.96" CONTENT="Finlands"/><SP WIDTH="12" VPOS="998" HPOS="609"/>
							<String ID="string_208" HPOS="621" VPOS="998" WIDTH="113" HEIGHT="28" WC="0.96" CONTENT="jordbruk."/><SP WIDTH="29" VPOS="998" HPOS="734"/>
							<String ID="string_209" HPOS="763" VPOS="998" WIDTH="78" HEIGHT="22" WC="0.93" CONTENT="Denna"/><SP WIDTH="15" VPOS="998" HPOS="841"/>
							<String ID="string_210" HPOS="856" VPOS="1006" WIDTH="44" HEIGHT="14" WC="0.87" CONTENT="me-"/>
						</TextLine>
						<TextLine ID="line_25" HPOS="157" VPOS="1032" WIDTH="743" HEIGHT="29">
							<String ID="string_211" HPOS="157" VPOS="1033" WIDTH="53" HEIGHT="27" WC="0.96" CONTENT="ning"/><SP WIDTH="15" VPOS="1033" HPOS="210"/>
							<String ID="string_212" HPOS="225" VPOS="1035" WIDTH="24" HEIGHT="18" WC="0.96" CONTENT="är"/><SP WIDTH="15" VPOS="1035" HPOS="249"/>
							<String ID="string_213" HPOS="264" VPOS="1032" WIDTH="23" HEIGHT="21" WC="0.93" CONTENT="af"/><SP WIDTH="13" VPOS="1032" HPOS="287"/>
							<String ID="string_214" HPOS="300" VPOS="1033" WIDTH="112" HEIGHT="26" WC="0.91" CONTENT="utskottet,"/><SP WIDTH="16" VPOS="1033" HPOS="412"/>
							<String ID="string_215" HPOS="428" VPOS="1033" WIDTH="69" HEIGHT="21" WC="0.91" CONTENT="säsom"/><SP WIDTH="16" VPOS="1033" HPOS="497"/>
							<String ID="string_216" HPOS="513" VPOS="1034" WIDTH="45" HEIGHT="27" WC="0.93" CONTENT="mig"/><SP WIDTH="15" VPOS="1034" HPOS="558"/>
							<String ID="string_217" HPOS="573" VPOS="1039" WIDTH="71" HEIGHT="22" WC="0.93" CONTENT="synes,"/><SP WIDTH="14" VPOS="1039" HPOS="644"/>
							<String ID="string_218" HPOS="658" VPOS="1032" WIDTH="109" HEIGHT="28" WC="0.92" CONTENT="sakenligt"/><SP WIDTH="10" VPOS="1032" HPOS="767"/>
							<String ID="string_219" HPOS="777" VPOS="1033" WIDTH="123" HEIGHT="28" WC="0.93" CONTENT="vederlagd."/>
						</TextLine>
						<TextLine ID="line_26" HPOS="156" VPOS="1067" WIDTH="744" HEIGHT="29">
							<String ID="string_220" HPOS="156" VPOS="1067" WIDTH="58" HEIGHT="21" WC="0.96" CONTENT="Herr"/><SP WIDTH="15" VPOS="1067" HPOS="214"/>
							<String ID="string_221" HPOS="229" VPOS="1074" WIDTH="41" HEIGHT="14" WC="0.96" CONTENT="von"/><SP WIDTH="15" VPOS="1074" HPOS="270"/>
							<String ID="string_222" HPOS="285" VPOS="1067" WIDTH="59" HEIGHT="21" WC="0.96" CONTENT="Born"/><SP WIDTH="16" VPOS="1067" HPOS="344"/>
							<String ID="string_223" HPOS="360" VPOS="1067" WIDTH="44" HEIGHT="27" WC="0.93" CONTENT="har,"/><SP WIDTH="12" VPOS="1067" HPOS="404"/>
							<String ID="string_224" HPOS="416" VPOS="1068" WIDTH="69" HEIGHT="20" WC="0.92" CONTENT="säsom"/><SP WIDTH="17" VPOS="1068" HPOS="485"/>
							<String ID="string_225" HPOS="502" VPOS="1068" WIDTH="67" HEIGHT="28" WC="0.91" CONTENT="sagdt,"/><SP WIDTH="16" VPOS="1068" HPOS="569"/>
							<String ID="string_226" HPOS="585" VPOS="1068" WIDTH="103" HEIGHT="26" WC="0.92" CONTENT="förbigätt"/><SP WIDTH="15" VPOS="1068" HPOS="688"/>
							<String ID="string_227" HPOS="703" VPOS="1069" WIDTH="31" HEIGHT="19" WC="0.92" CONTENT="att"/><SP WIDTH="11" VPOS="1069" HPOS="734"/>
							<String ID="string_228" HPOS="745" VPOS="1068" WIDTH="79" HEIGHT="20" WC="0.91" CONTENT="nämna"/><SP WIDTH="11" VPOS="1068" HPOS="824"/>
							<String ID="string_229" HPOS="835" VPOS="1068" WIDTH="65" HEIGHT="27" WC="0.92" CONTENT="nägot"/>
						</TextLine>
						<TextLine ID="line_27" HPOS="156" VPOS="1102" WIDTH="745" HEIGHT="29">
							<String ID="string_230" HPOS="156" VPOS="1102" WIDTH="33" HEIGHT="20" WC="0.93" CONTENT="till"/><SP WIDTH="16" VPOS="1102" HPOS="189"/>
							<String ID="string_231" HPOS="205" VPOS="1102" WIDTH="85" HEIGHT="21" WC="0.92" CONTENT="förmon"/><SP WIDTH="16" VPOS="1102" HPOS="290"/>
							<String ID="string_232" HPOS="306" VPOS="1102" WIDTH="34" HEIGHT="21" WC="0.93" CONTENT="för"/><SP WIDTH="15" VPOS="1102" HPOS="340"/>
							<String ID="string_233" HPOS="355" VPOS="1102" WIDTH="242" HEIGHT="29" WC="0.93" CONTENT="hypoteksföreningen,"/><SP WIDTH="16" VPOS="1102" HPOS="597"/>
							<String ID="string_234" HPOS="613" VPOS="1104" WIDTH="51" HEIGHT="19" WC="0.93" CONTENT="utan"/><SP WIDTH="17" VPOS="1104" HPOS="664"/>
							<String ID="string_235" HPOS="681" VPOS="1103" WIDTH="90" HEIGHT="20" WC="0.92" CONTENT="tvertom"/><SP WIDTH="17" VPOS="1103" HPOS="771"/>
							<String ID="string_236" HPOS="788" VPOS="1102" WIDTH="113" HEIGHT="28" WC="0.92" CONTENT="föreslagit"/>
						</TextLine>
						<TextLine ID="line_28" HPOS="157" VPOS="1136" WIDTH="743" HEIGHT="23">
							<String ID="string_237" HPOS="157" VPOS="1138" WIDTH="31" HEIGHT="19" WC="0.92" CONTENT="att"/><SP WIDTH="16" VPOS="1138" HPOS="188"/>
							<String ID="string_238" HPOS="204" VPOS="1136" WIDTH="97" HEIGHT="22" WC="0.92" CONTENT="bankens"/><SP WIDTH="18" VPOS="1136" HPOS="301"/>
							<String ID="string_239" HPOS="319" VPOS="1136" WIDTH="76" HEIGHT="22" WC="0.92" CONTENT="fonder"/><SP WIDTH="14" VPOS="1136" HPOS="395"/>
							<String ID="string_240" HPOS="409" VPOS="1136" WIDTH="69" HEIGHT="22" WC="0.93" CONTENT="skulle"/><SP WIDTH="16" VPOS="1136" HPOS="478"/>
							<String ID="string_241" HPOS="494" VPOS="1136" WIDTH="118" HEIGHT="23" WC="0.92" CONTENT="förstärkas"/><SP WIDTH="16" VPOS="1136" HPOS="612"/>
							<String ID="string_242" HPOS="628" VPOS="1136" WIDTH="48" HEIGHT="22" WC="0.96" CONTENT="med"/><SP WIDTH="16" VPOS="1136" HPOS="676"/>
							<String ID="string_243" HPOS="692" VPOS="1138" WIDTH="31" HEIGHT="19" WC="0.93" CONTENT="ett"/><SP WIDTH="15" VPOS="1138" HPOS="723"/>
							<String ID="string_244" HPOS="738" VPOS="1136" WIDTH="111" HEIGHT="22" WC="0.92" CONTENT="utländskt"/><SP WIDTH="15" VPOS="1136" HPOS="849"/>
							<String ID="string_245" HPOS="864" VPOS="1137" WIDTH="36" HEIGHT="21" WC="0.96" CONTENT="län"/>
						</TextLine>
						<TextLine ID="line_29" HPOS="157" VPOS="1170" WIDTH="742" HEIGHT="29">
							<String ID="string_246" HPOS="157" VPOS="1172" WIDTH="39" HEIGHT="20" WC="0.96" CONTENT="och"/><SP WIDTH="16" VPOS="1172" HPOS="196"/>
							<String ID="string_247" HPOS="212" VPOS="1173" WIDTH="31" HEIGHT="19" WC="0.96" CONTENT="att"/><SP WIDTH="15" VPOS="1173" HPOS="243"/>
							<String ID="string_248" HPOS="258" VPOS="1178" WIDTH="50" HEIGHT="14" WC="0.93" CONTENT="man"/><SP WIDTH="15" VPOS="1178" HPOS="308"/>
							<String ID="string_249" HPOS="323" VPOS="1170" WIDTH="95" HEIGHT="22" WC="0.92" CONTENT="derifrän"/><SP WIDTH="16" VPOS="1170" HPOS="418"/>
							<String ID="string_250" HPOS="434" VPOS="1171" WIDTH="70" HEIGHT="21" WC="0.93" CONTENT="skulle"/><SP WIDTH="15" VPOS="1171" HPOS="504"/>
							<String ID="string_251" HPOS="519" VPOS="1172" WIDTH="72" HEIGHT="20" WC="0.96" CONTENT="lemna"/><SP WIDTH="10" VPOS="1172" HPOS="591"/>
							<String ID="string_252" HPOS="601" VPOS="1172" WIDTH="36" HEIGHT="20" WC="0.96" CONTENT="län"/><SP WIDTH="13" VPOS="1172" HPOS="637"/>
							<String ID="string_253" HPOS="650" VPOS="1171" WIDTH="22" HEIGHT="21" WC="0.96" CONTENT="åt"/><SP WIDTH="12" VPOS="1171" HPOS="672"/>
							<String ID="string_254" HPOS="684" VPOS="1171" WIDTH="144" HEIGHT="28" WC="0.95" CONTENT="jordbrukare"/><SP WIDTH="14" VPOS="1171" HPOS="828"/>
							<String ID="string_255" HPOS="842" VPOS="1173" WIDTH="57" HEIGHT="19" WC="0.96" CONTENT="emot"/>
						</TextLine>
						<TextLine ID="line_30" HPOS="157" VPOS="1205" WIDTH="743" HEIGHT="29">
							<String ID="string_256" HPOS="157" VPOS="1206" WIDTH="26" HEIGHT="28" WC="0.92" CONTENT="51"/><SP WIDTH="20" VPOS="1206" HPOS="183"/>
							<String ID="string_257" HPOS="203" VPOS="1208" WIDTH="95" HEIGHT="26" WC="0.93" CONTENT="procent,"/><SP WIDTH="17" VPOS="1208" HPOS="298"/>
							<String ID="string_258" HPOS="315" VPOS="1205" WIDTH="72" HEIGHT="22" WC="0.96" CONTENT="såvida"/><SP WIDTH="20" VPOS="1205" HPOS="387"/>
							<String ID="string_259" HPOS="407" VPOS="1206" WIDTH="13" HEIGHT="20" WC="0.92" CONTENT="6"/><SP WIDTH="19" VPOS="1206" HPOS="420"/>
							<String ID="string_260" HPOS="439" VPOS="1208" WIDTH="14" HEIGHT="26" WC="0.72" CONTENT="%"/><SP WIDTH="15" VPOS="1208" HPOS="453"/>
							<String ID="string_261" HPOS="468" VPOS="1206" WIDTH="71" HEIGHT="21" WC="0.96" CONTENT="skulle"/><SP WIDTH="20" VPOS="1206" HPOS="539"/>
							<String ID="string_262" HPOS="559" VPOS="1206" WIDTH="33" HEIGHT="21" WC="0.96" CONTENT="för"/><SP WIDTH="17" VPOS="1206" HPOS="592"/>
							<String ID="string_263" HPOS="609" VPOS="1205" WIDTH="129" HEIGHT="29" WC="0.96" CONTENT="jordbruket"/><SP WIDTH="20" VPOS="1205" HPOS="738"/>
							<String ID="string_264" HPOS="758" VPOS="1213" WIDTH="50" HEIGHT="14" WC="0.93" CONTENT="vara"/><SP WIDTH="19" VPOS="1213" HPOS="808"/>
							<String ID="string_265" HPOS="827" VPOS="1206" WIDTH="73" HEIGHT="21" WC="0.95" CONTENT="alltför"/>
						</TextLine>
						<TextLine ID="line_31" HPOS="155" VPOS="1240" WIDTH="745" HEIGHT="29">
							<String ID="string_266" HPOS="155" VPOS="1240" WIDTH="145" HEIGHT="29" WC="0.96" CONTENT="betungande."/><SP WIDTH="31" VPOS="1240" HPOS="300"/>
							<String ID="string_267" HPOS="331" VPOS="1240" WIDTH="42" HEIGHT="28" WC="0.92" CONTENT="Jag"/><SP WIDTH="19" VPOS="1240" HPOS="373"/>
							<String ID="string_268" HPOS="392" VPOS="1240" WIDTH="64" HEIGHT="29" WC="0.96" CONTENT="hyser"/><SP WIDTH="20" VPOS="1240" HPOS="456"/>
							<String ID="string_269" HPOS="476" VPOS="1241" WIDTH="42" HEIGHT="21" WC="0.93" CONTENT="den"/><SP WIDTH="20" VPOS="1241" HPOS="518"/>
							<String ID="string_270" HPOS="538" VPOS="1241" WIDTH="95" HEIGHT="28" WC="0.55" CONTENT="äsigten,"/><SP WIDTH="20" VPOS="1241" HPOS="633"/>
							<String ID="string_271" HPOS="653" VPOS="1242" WIDTH="31" HEIGHT="20" WC="0.96" CONTENT="att"/><SP WIDTH="19" VPOS="1242" HPOS="684"/>
							<String ID="string_272" HPOS="703" VPOS="1248" WIDTH="34" HEIGHT="14" WC="0.96" CONTENT="om"/><SP WIDTH="20" VPOS="1248" HPOS="737"/>
							<String ID="string_273" HPOS="757" VPOS="1242" WIDTH="70" HEIGHT="20" WC="0.96" CONTENT="staten"/><SP WIDTH="20" VPOS="1242" HPOS="827"/>
							<String ID="string_274" HPOS="847" VPOS="1241" WIDTH="53" HEIGHT="21" WC="0.96" CONTENT="eller"/>
						</TextLine>
						<TextLine ID="line_32" HPOS="155" VPOS="1275" WIDTH="745" HEIGHT="29">
							<String ID="string_275" HPOS="155" VPOS="1276" WIDTH="87" HEIGHT="20" WC="0.91" CONTENT="banken"/><SP WIDTH="23" VPOS="1276" HPOS="242"/>
							<String ID="string_276" HPOS="265" VPOS="1275" WIDTH="70" HEIGHT="21" WC="0.93" CONTENT="skulle"/><SP WIDTH="23" VPOS="1275" HPOS="335"/>
							<String ID="string_277" HPOS="358" VPOS="1277" WIDTH="95" HEIGHT="26" WC="0.92" CONTENT="upptaga"/><SP WIDTH="23" VPOS="1277" HPOS="453"/>
							<String ID="string_278" HPOS="476" VPOS="1277" WIDTH="30" HEIGHT="19" WC="0.93" CONTENT="ett"/><SP WIDTH="23" VPOS="1277" HPOS="506"/>
							<String ID="string_279" HPOS="529" VPOS="1275" WIDTH="111" HEIGHT="22" WC="0.92" CONTENT="utländskt"/><SP WIDTH="19" VPOS="1275" HPOS="640"/>
							<String ID="string_280" HPOS="659" VPOS="1276" WIDTH="45" HEIGHT="26" WC="0.96" CONTENT="län,"/><SP WIDTH="22" VPOS="1276" HPOS="704"/>
							<String ID="string_281" HPOS="726" VPOS="1275" WIDTH="40" HEIGHT="21" WC="0.93" CONTENT="den"/><SP WIDTH="17" VPOS="1275" HPOS="766"/>
							<String ID="string_282" HPOS="783" VPOS="1276" WIDTH="117" HEIGHT="28" WC="0.92" CONTENT="ingalunda"/>
						</TextLine>
						<TextLine ID="line_33" HPOS="156" VPOS="1310" WIDTH="743" HEIGHT="27">
							<String ID="string_283" HPOS="156" VPOS="1310" WIDTH="69" HEIGHT="19" WC="0.93" CONTENT="skulle"/><SP WIDTH="15" VPOS="1310" HPOS="225"/>
							<String ID="string_284" HPOS="240" VPOS="1310" WIDTH="67" HEIGHT="19" WC="0.91" CONTENT="blifva"/><SP WIDTH="15" VPOS="1310" HPOS="307"/>
							<String ID="string_285" HPOS="322" VPOS="1310" WIDTH="6" HEIGHT="19" WC="0.93" CONTENT="i"/><SP WIDTH="17" VPOS="1310" HPOS="328"/>
							<String ID="string_286" HPOS="345" VPOS="1310" WIDTH="86" HEIGHT="19" WC="0.92" CONTENT="tillfälle"/><SP WIDTH="17" VPOS="1310" HPOS="431"/>
							<String ID="string_287" HPOS="448" VPOS="1311" WIDTH="32" HEIGHT="18" WC="0.96" CONTENT="att"/><SP WIDTH="12" VPOS="1311" HPOS="480"/>
							<String ID="string_288" HPOS="492" VPOS="1310" WIDTH="28" HEIGHT="27" WC="0.96" CONTENT="pä"/><SP WIDTH="15" VPOS="1310" HPOS="520"/>
							<String ID="string_289" HPOS="535" VPOS="1310" WIDTH="70" HEIGHT="19" WC="0.93" CONTENT="bättre"/><SP WIDTH="16" VPOS="1310" HPOS="605"/>
							<String ID="string_290" HPOS="621" VPOS="1310" WIDTH="69" HEIGHT="19" WC="0.92" CONTENT="vilkor"/><SP WIDTH="16" VPOS="1310" HPOS="690"/>
							<String ID="string_291" HPOS="706" VPOS="1312" WIDTH="26" HEIGHT="17" WC="0.93" CONTENT="än"/><SP WIDTH="16" VPOS="1312" HPOS="732"/>
							<String ID="string_292" HPOS="748" VPOS="1310" WIDTH="151" HEIGHT="26" WC="0.91" CONTENT="hypoteksför-"/>
						</TextLine>
						<TextLine ID="line_34" HPOS="155" VPOS="1342" WIDTH="743" HEIGHT="28">
							<String ID="string_293" HPOS="155" VPOS="1343" WIDTH="95" HEIGHT="27" WC="0.92" CONTENT="eningen"/><SP WIDTH="15" VPOS="1343" HPOS="250"/>
							<String ID="string_294" HPOS="265" VPOS="1342" WIDTH="99" HEIGHT="21" WC="0.92" CONTENT="meddela"/><SP WIDTH="14" VPOS="1342" HPOS="364"/>
							<String ID="string_295" HPOS="378" VPOS="1343" WIDTH="35" HEIGHT="20" WC="0.96" CONTENT="län"/><SP WIDTH="16" VPOS="1343" HPOS="413"/>
							<String ID="string_296" HPOS="429" VPOS="1343" WIDTH="22" HEIGHT="20" WC="0.93" CONTENT="ät"/><SP WIDTH="12" VPOS="1343" HPOS="451"/>
							<String ID="string_297" HPOS="463" VPOS="1342" WIDTH="150" HEIGHT="27" WC="0.92" CONTENT="jordbrukare."/><SP WIDTH="26" VPOS="1342" HPOS="613"/>
							<String ID="string_298" HPOS="639" VPOS="1342" WIDTH="45" HEIGHT="21" WC="0.93" CONTENT="Min"/><SP WIDTH="16" VPOS="1342" HPOS="684"/>
							<String ID="string_299" HPOS="700" VPOS="1342" WIDTH="142" HEIGHT="28" WC="0.91" CONTENT="oförgripliga"/><SP WIDTH="12" VPOS="1342" HPOS="842"/>
							<String ID="string_300" HPOS="854" VPOS="1349" WIDTH="44" HEIGHT="14" WC="0.91" CONTENT="me-"/>
						</TextLine>
						<TextLine ID="line_35" HPOS="154" VPOS="1376" WIDTH="745" HEIGHT="30">
							<String ID="string_301" HPOS="154" VPOS="1377" WIDTH="53" HEIGHT="27" WC="0.96" CONTENT="ning"/><SP WIDTH="15" VPOS="1377" HPOS="207"/>
							<String ID="string_302" HPOS="222" VPOS="1378" WIDTH="31" HEIGHT="26" WC="0.96" CONTENT="är,"/><SP WIDTH="15" VPOS="1378" HPOS="253"/>
							<String ID="string_303" HPOS="268" VPOS="1378" WIDTH="32" HEIGHT="20" WC="0.93" CONTENT="att"/><SP WIDTH="15" VPOS="1378" HPOS="300"/>
							<String ID="string_304" HPOS="315" VPOS="1376" WIDTH="244" HEIGHT="29" WC="0.92" CONTENT="hypoteksföreningen,"/><SP WIDTH="14" VPOS="1376" HPOS="559"/>
							<String ID="string_305" HPOS="573" VPOS="1377" WIDTH="28" HEIGHT="29" WC="0.96" CONTENT="pä"/><SP WIDTH="14" VPOS="1377" HPOS="601"/>
							<String ID="string_306" HPOS="615" VPOS="1376" WIDTH="71" HEIGHT="22" WC="0.93" CONTENT="bättre"/><SP WIDTH="15" VPOS="1376" HPOS="686"/>
							<String ID="string_307" HPOS="701" VPOS="1376" WIDTH="69" HEIGHT="22" WC="0.92" CONTENT="vilkor"/><SP WIDTH="16" VPOS="1376" HPOS="770"/>
							<String ID="string_308" HPOS="786" VPOS="1378" WIDTH="26" HEIGHT="20" WC="0.96" CONTENT="än"/><SP WIDTH="16" VPOS="1378" HPOS="812"/>
							<String ID="string_309" HPOS="828" VPOS="1378" WIDTH="71" HEIGHT="20" WC="0.96" CONTENT="staten"/>
						</TextLine>
						<TextLine ID="line_36" HPOS="154" VPOS="1412" WIDTH="745" HEIGHT="28">
							<String ID="string_310" HPOS="154" VPOS="1412" WIDTH="105" HEIGHT="27" WC="0.92" CONTENT="nägonsin"/><SP WIDTH="22" VPOS="1412" HPOS="259"/>
							<String ID="string_311" HPOS="281" VPOS="1412" WIDTH="54" HEIGHT="26" WC="0.96" CONTENT="kan,"/><SP WIDTH="20" VPOS="1412" HPOS="335"/>
							<String ID="string_312" HPOS="355" VPOS="1412" WIDTH="55" HEIGHT="20" WC="0.93" CONTENT="skall"/><SP WIDTH="21" VPOS="1412" HPOS="410"/>
							<String ID="string_313" HPOS="431" VPOS="1412" WIDTH="82" HEIGHT="20" WC="0.91" CONTENT="erhälla"/><SP WIDTH="18" VPOS="1412" HPOS="513"/>
							<String ID="string_314" HPOS="531" VPOS="1414" WIDTH="31" HEIGHT="18" WC="0.96" CONTENT="ett"/><SP WIDTH="17" VPOS="1414" HPOS="562"/>
							<String ID="string_315" HPOS="579" VPOS="1412" WIDTH="43" HEIGHT="27" WC="0.93" CONTENT="län,"/><SP WIDTH="16" VPOS="1412" HPOS="622"/>
							<String ID="string_316" HPOS="638" VPOS="1412" WIDTH="69" HEIGHT="20" WC="0.93" CONTENT="afsedt"/><SP WIDTH="15" VPOS="1412" HPOS="707"/>
							<String ID="string_317" HPOS="722" VPOS="1412" WIDTH="34" HEIGHT="21" WC="0.93" CONTENT="för"/><SP WIDTH="14" VPOS="1412" HPOS="756"/>
							<String ID="string_318" HPOS="770" VPOS="1412" WIDTH="129" HEIGHT="28" WC="0.92" CONTENT="produktiva"/>
						</TextLine>
						<TextLine ID="line_37" HPOS="155" VPOS="1446" WIDTH="743" HEIGHT="29">
							<String ID="string_319" HPOS="155" VPOS="1446" WIDTH="104" HEIGHT="22" WC="0.95" CONTENT="ändamål."/><SP WIDTH="30" VPOS="1446" HPOS="259"/>
							<String ID="string_320" HPOS="289" VPOS="1446" WIDTH="116" HEIGHT="22" WC="0.96" CONTENT="Dessutom"/><SP WIDTH="21" VPOS="1446" HPOS="405"/>
							<String ID="string_321" HPOS="426" VPOS="1447" WIDTH="35" HEIGHT="21" WC="0.96" CONTENT="mä"/><SP WIDTH="18" VPOS="1447" HPOS="461"/>
							<String ID="string_322" HPOS="479" VPOS="1453" WIDTH="50" HEIGHT="15" WC="0.93" CONTENT="man"/><SP WIDTH="20" VPOS="1453" HPOS="529"/>
							<String ID="string_323" HPOS="549" VPOS="1446" WIDTH="100" HEIGHT="27" WC="0.96" CONTENT="betänka,"/><SP WIDTH="21" VPOS="1446" HPOS="649"/>
							<String ID="string_324" HPOS="670" VPOS="1448" WIDTH="30" HEIGHT="20" WC="0.96" CONTENT="att"/><SP WIDTH="16" VPOS="1448" HPOS="700"/>
							<String ID="string_325" HPOS="716" VPOS="1454" WIDTH="34" HEIGHT="14" WC="0.96" CONTENT="om"/><SP WIDTH="13" VPOS="1454" HPOS="750"/>
							<String ID="string_326" HPOS="763" VPOS="1447" WIDTH="135" HEIGHT="28" WC="0.96" CONTENT="jordbruket,"/>
						</TextLine>
					</TextBlock>
				</ComposedBlock>
			</PrintSpace>
		</Page>
	</Layout>
</alto>
