1034 1720
206 141 41 22 354

245 206 60 21 Herr
320 212 42 15 von
377 205 153 27 Haartman,
546 204 38 22 V.:
600 204 43 29 Jag
658 212 38 14 var
711 206 20 28 ej
747 205 135 22 närvarande
895 205 36 21 vid

178 241 77 28 början
272 241 23 21 af
309 240 158 27 diskussionen,
479 240 23 21 så
513 242 32 19 att
560 240 82 21 kanske
662 240 37 21 det
714 240 47 21 skäl
777 240 67 20 redan
859 240 72 21 blifvit

177 276 127 28 framlagdt,
324 274 101 23 hvarföre
446 274 63 22 äfven
527 276 40 27 jag
587 274 69 22 skulle
678 274 77 22 förena
775 274 44 28 mig
841 282 35 13 om
899 275 31 21 af-

178 310 118 28 styrkande
315 310 28 27 af,
359 311 32 19 att
405 310 73 28 någon
497 309 140 28 redovisning
657 309 34 21 för
711 309 219 28 kartasigillatamed-

177 346 48 20 lens
245 344 142 22 användande
408 344 69 20 skulle
497 344 100 28 afgifvas,
616 344 132 20 åtminstone
764 344 20 27 ej
801 344 6 20 i
823 351 106 14 samman-

177 380 59 27 hang
256 379 49 21 med
321 378 122 28 räkenskap
460 379 61 21 öfver
536 378 42 21 den
594 378 110 21 allmänna
719 378 158 28 bevillningen,
893 379 36 21 det

177 414 47 20 skäl
244 414 118 27 nemligen,
378 414 31 19 att
429 412 251 29 kartasigillataafgiften
700 413 19 27 ej
741 414 24 19 är
784 412 97 21 bestämd
897 413 33 20 för

177 448 67 27 något
259 448 53 21 visst
328 447 106 26 ändamål,
445 449 52 19 utan
508 447 62 28 ingår
581 447 7 20 i
599 447 26 20 de
637 447 69 27 öfriga
717 447 212 21 statsinkomsterna.

246 482 58 21 Herr
317 489 42 14 von
370 481 102 21 Zansen
483 482 108 28 upplyste,
603 483 31 19 att
645 481 13 21 å
668 482 43 20 alla
721 481 208 29 årsredovisningar,

177 524 47 14 som
247 517 23 20 af
291 516 262 28 kartasigillatakontoret
572 517 119 27 uppgöras,
713 516 136 29 specificeras
871 523 58 21 noga

177 552 76 27 hvarje
275 552 61 21 valör
359 551 22 21 af
400 551 25 21 de
446 551 82 27 kartor,
551 558 45 14 som
616 551 132 26 tillverkats,
767 551 99 28 utgifvits
889 551 39 21 och

178 586 106 21 användts
299 586 7 21 i
322 586 79 21 landet.

245 621 32 21 På
296 621 50 21 herr
365 620 212 22 landtmarskalkens
597 620 7 21 i
625 621 73 20 ämnet
718 619 77 30 gjorda
813 621 115 21 framställ-

178 656 59 27 ning,
248 656 47 20 blef
307 663 28 13 nu
350 655 165 28 ifrågavarande
529 655 35 21 del
574 655 24 21 af
606 655 118 20 utskottets
734 655 137 21 betänkande
883 656 48 21 utaf

178 690 85 21 ståndet
279 689 118 22 förkastad.

246 724 139 21 Beträffande
406 724 141 29 karteringen
567 724 23 21 af
606 724 321 29 bouppteckningsinstrumen-

177 762 40 24 ter,
233 759 117 21 befrielsen
370 759 48 20 från
437 759 113 28 kartering
568 759 23 21 af
605 759 84 28 inlagor
705 759 32 21 till
753 759 174 28 tullkammaren,

178 796 56 19 samt
249 794 42 21 den
306 793 70 21 finska
387 793 195 28 tullexpeditionen
593 794 7 20 i
612 793 32 21 S:t
654 793 134 29 Petersburg
798 794 129 21 tillerkände

177 830 110 20 allmänna
307 828 101 21 befrielse
427 828 47 21 från
491 828 153 29 begagnandet
660 829 23 20 af
695 828 164 28 kartasigillata,
876 829 51 28 god-

178 864 81 20 kändes
275 863 117 21 utskottets
408 862 88 28 förslag.

245 897 117 21 Likaledes
381 897 46 21 blef
441 897 117 21 utskottets
575 897 137 21 betänkande
727 897 113 28 angående
856 898 71 20 karte-

176 933 51 27 ring
241 932 24 21 af
277 932 85 28 bilagor
378 933 55 19 samt
449 932 138 21 afskedsbref
600 932 48 20 utaf
662 932 85 20 ståndet
763 932 116 28 godkändt.

245 966 175 21 Vidkommande
441 966 76 28 frågan
537 973 34 13 om
590 966 144 27 borgarebref
747 973 28 13 m.
791 974 28 12 m.
835 966 47 20 blef
895 968 32 19 ut-

178 1002 93 20 skottets
286 1000 137 22 betänkande
439 1000 23 21 af
476 1000 86 21 ståndet
577 1000 146 28 förbigånget,
739 1000 32 20 för
782 1002 31 18 att
824 1000 35 21 vid
869 1001 58 27 pröf-

176 1036 82 28 ningen
279 1035 24 21 af
320 1035 104 27 förslaget
443 1035 33 20 till
496 1042 29 13 nu
545 1034 166 28 ifrågavarande
731 1034 129 28 författning
879 1038 48 18 när-

176 1077 59 14 mare
251 1069 111 28 granskas.

245 1104 38 20 Uti
303 1104 76 28 frågan
403 1110 34 14 om
457 1110 99 21 resepass
576 1104 34 20 för
630 1103 56 21 finsk
706 1104 142 27 medborgare
868 1104 59 21 inom

176 1138 95 21 Finland
286 1138 126 28 godkändes
428 1138 121 21 motiverna
564 1138 32 20 till
612 1138 117 20 utskottets
745 1138 88 28 förslag.

245 1173 48 20 Den
309 1172 34 21 del
360 1172 23 20 af
397 1172 117 21 utskottets
530 1172 147 26 betänkande,
694 1180 45 13 som
753 1172 122 22 innehåller
890 1173 37 21 be-

176 1207 136 21 stämmelser
333 1213 33 14 om
387 1206 112 28 kartering
515 1206 24 21 af
552 1206 168 28 förskrifningar
738 1214 27 13 m.
785 1214 34 20 m.,
835 1207 54 26 blef,
905 1207 24 20 af

175 1241 59 21 förut
254 1240 112 29 angående
387 1241 144 27 borgarebref
550 1241 122 21 antecknad
689 1241 73 27 orsak,
779 1242 48 20 utaf
840 1241 86 21 ståndet

174 1275 151 27 förbigången.

243 1308 44 20 Vid
307 1308 76 27 frågan
400 1314 33 14 om
451 1307 40 21 den
508 1308 34 20 för
558 1307 163 22 direktionerna
737 1308 33 21 för
786 1308 85 21 landets
887 1308 38 21 all-

174 1344 80 20 männa
269 1342 195 28 brandstodsbolag
479 1344 56 19 samt
550 1342 24 21 af
588 1342 97 21 enskilde
705 1343 62 21 valde
783 1343 142 29 kompromis-

173 1378 68 21 sarier
257 1378 40 20 och
311 1377 55 28 gode
383 1378 49 20 män
448 1377 48 21 utaf
509 1377 107 21 utskottet
629 1377 125 29 föreslagne
765 1378 101 22 befrielse
878 1378 48 22 från

173 1412 154 28 begagnandet
342 1411 23 21 af
378 1411 169 29 kartasigillata,
563 1411 95 29 begärde

241 1447 102 21 Friherre
365 1446 129 29 Carpelan
515 1446 60 22 ordet
592 1447 38 21 och
646 1447 95 28 yttrade:
757 1447 43 29 Jag
816 1447 69 23 skulle
901 1449 24 21 så
