<?xml version="1.0" encoding="UTF-8"?>
<alto xmlns="http://www.loc.gov/standards/alto/ns-v3#" xmlns:xlink="http://www.w3.org/1999/xlink" xmlns:xsi="http://www.w3.org/2001/XMLSchema-instance" xsi:schemaLocation="http://www.loc.gov/standards/alto/ns-v3# http://www.loc.gov/alto/v3/alto-3-0.xsd">
	<Description>
		<MeasurementUnit>pixel</MeasurementUnit>
		<sourceImageInformation>
			<fileName>/tmp/tess_73lgmdj0_input.PNG</fileName>
		</sourceImageInformation>
		<OCRProcessing ID="OCR_0">
			<ocrProcessingStep>
				<processingSoftware>
					<softwareName>tesseract 5.3.4</softwareName>
				</processingSoftware>
			</ocrProcessingStep>
		</OCRProcessing>
	</Description>
	<Layout>
		<Page WIDTH="1036" HEIGHT="1792" PHYSICAL_IMG_NR="0" ID="page_0">
			<PrintSpace HPOS="0" VPOS="0" WIDTH="1036" HEIGHT="1792">
				<ComposedBlock ID="cblock_0" HPOS="788" VPOS="126" WIDTH="41" HEIGHT="21">
					<TextBlock ID="block_0" HPOS="788" VPOS="126" WIDTH="41" HEIGHT="21">
						<TextLine ID="line_0" HPOS="788" VPOS="126" WIDTH="41" HEIGHT="21">
							<String ID="string_0" HPOS="788" VPOS="126" WIDTH="41" HEIGHT="21" WC="0.96" CONTENT="495"/>
						</TextLine>
					</TextBlock>
				</ComposedBlock>
				<ComposedBlock ID="cblock_1" HPOS="107" VPOS="188" WIDTH="753" HEIGHT="1282">
					<TextBlock ID="block_1" HPOS="109" VPOS="188" WIDTH="750" HEIGHT="134">
						<TextLine ID="line_1" HPOS="110" VPOS="188" WIDTH="749" HEIGHT="31">
							<String ID="string_1" HPOS="110" VPOS="188" WIDTH="7" HEIGHT="21" WC="0.93" CONTENT="i"/><SP WIDTH="16" VPOS="188" HPOS="117"/>
							<String ID="string_2" HPOS="133" VPOS="188" WIDTH="227" HEIGHT="22" WC="0.91" CONTENT="öfverensstämmelse"/><SP WIDTH="16" VPOS="188" HPOS="360"/>
							<String ID="string_3" HPOS="376" VPOS="190" WIDTH="50" HEIGHT="20" WC="0.96" CONTENT="med"/><SP WIDTH="16" VPOS="190" HPOS="426"/>
							<String ID="string_4" HPOS="442" VPOS="190" WIDTH="36" HEIGHT="21" WC="0.96" CONTENT="det"/><SP WIDTH="15" VPOS="190" HPOS="478"/>
							<String ID="string_5" HPOS="493" VPOS="190" WIDTH="77" HEIGHT="28" WC="0.96" CONTENT="beslut,"/><SP WIDTH="11" VPOS="190" HPOS="570"/>
							<String ID="string_6" HPOS="581" VPOS="190" WIDTH="152" HEIGHT="29" WC="0.96" CONTENT="ridderskapet"/><SP WIDTH="10" VPOS="190" HPOS="733"/>
							<String ID="string_7" HPOS="743" VPOS="191" WIDTH="41" HEIGHT="21" WC="0.97" CONTENT="och"/><SP WIDTH="10" VPOS="191" HPOS="784"/>
							<String ID="string_8" HPOS="794" VPOS="191" WIDTH="65" HEIGHT="21" WC="0.95" CONTENT="adeln"/>
						</TextLine>
						<TextLine ID="line_2" HPOS="110" VPOS="223" WIDTH="748" HEIGHT="31">
							<String ID="string_9" HPOS="110" VPOS="223" WIDTH="64" HEIGHT="21" WC="0.96" CONTENT="fattat"/><SP WIDTH="20" VPOS="223" HPOS="174"/>
							<String ID="string_10" HPOS="194" VPOS="224" WIDTH="36" HEIGHT="21" WC="0.96" CONTENT="vid"/><SP WIDTH="20" VPOS="224" HPOS="230"/>
							<String ID="string_11" HPOS="250" VPOS="224" WIDTH="163" HEIGHT="28" WC="0.96" CONTENT="omröstningen"/><SP WIDTH="17" VPOS="224" HPOS="413"/>
							<String ID="string_12" HPOS="430" VPOS="231" WIDTH="34" HEIGHT="15" WC="0.97" CONTENT="om"/><SP WIDTH="16" VPOS="231" HPOS="464"/>
							<String ID="string_13" HPOS="480" VPOS="226" WIDTH="12" HEIGHT="19" WC="0.93" CONTENT="9"/><SP WIDTH="16" VPOS="226" HPOS="492"/>
							<String ID="string_14" HPOS="508" VPOS="225" WIDTH="11" HEIGHT="27" WC="0.92" CONTENT="$"/><SP WIDTH="16" VPOS="225" HPOS="519"/>
							<String ID="string_15" HPOS="535" VPOS="225" WIDTH="7" HEIGHT="21" WC="0.93" CONTENT="i"/><SP WIDTH="15" VPOS="225" HPOS="542"/>
							<String ID="string_16" HPOS="557" VPOS="225" WIDTH="245" HEIGHT="29" WC="0.91" CONTENT="riddarhusordningen,"/><SP WIDTH="16" VPOS="225" HPOS="802"/>
							<String ID="string_17" HPOS="818" VPOS="226" WIDTH="40" HEIGHT="21" WC="0.96" CONTENT="och"/>
						</TextLine>
						<TextLine ID="line_3" HPOS="109" VPOS="258" WIDTH="750" HEIGHT="29">
							<String ID="string_18" HPOS="109" VPOS="258" WIDTH="42" HEIGHT="21" WC="0.96" CONTENT="den"/><SP WIDTH="16" VPOS="258" HPOS="151"/>
							<String ID="string_19" HPOS="167" VPOS="258" WIDTH="67" HEIGHT="21" WC="0.93" CONTENT="andra"/><SP WIDTH="15" VPOS="258" HPOS="234"/>
							<String ID="string_20" HPOS="249" VPOS="259" WIDTH="47" HEIGHT="21" WC="0.92" CONTENT="äter"/><SP WIDTH="15" VPOS="259" HPOS="296"/>
							<String ID="string_21" HPOS="311" VPOS="258" WIDTH="133" HEIGHT="29" WC="0.92" CONTENT="fullkomligt"/><SP WIDTH="16" VPOS="258" HPOS="444"/>
							<String ID="string_22" HPOS="460" VPOS="260" WIDTH="204" HEIGHT="21" WC="0.92" CONTENT="öfverensstämmer"/><SP WIDTH="13" VPOS="260" HPOS="664"/>
							<String ID="string_23" HPOS="677" VPOS="260" WIDTH="49" HEIGHT="21" WC="0.96" CONTENT="med"/><SP WIDTH="14" VPOS="260" HPOS="726"/>
							<String ID="string_24" HPOS="740" VPOS="260" WIDTH="36" HEIGHT="22" WC="0.96" CONTENT="det"/><SP WIDTH="13" VPOS="260" HPOS="776"/>
							<String ID="string_25" HPOS="789" VPOS="260" WIDTH="70" HEIGHT="22" WC="0.96" CONTENT="finska"/>
						</TextLine>
						<TextLine ID="line_4" HPOS="109" VPOS="292" WIDTH="422" HEIGHT="30">
							<String ID="string_26" HPOS="109" VPOS="292" WIDTH="81" HEIGHT="22" WC="0.96" CONTENT="folkets"/><SP WIDTH="15" VPOS="292" HPOS="190"/>
							<String ID="string_27" HPOS="205" VPOS="294" WIDTH="44" HEIGHT="20" WC="0.96" CONTENT="rätt"/><SP WIDTH="15" VPOS="294" HPOS="249"/>
							<String ID="string_28" HPOS="264" VPOS="295" WIDTH="32" HEIGHT="19" WC="0.96" CONTENT="att"/><SP WIDTH="15" VPOS="295" HPOS="296"/>
							<String ID="string_29" HPOS="311" VPOS="294" WIDTH="34" HEIGHT="28" WC="0.93" CONTENT="sig"/><SP WIDTH="13" VPOS="294" HPOS="345"/>
							<String ID="string_30" HPOS="358" VPOS="294" WIDTH="54" HEIGHT="28" WC="0.91" CONTENT="sjelf"/><SP WIDTH="12" VPOS="294" HPOS="412"/>
							<String ID="string_31" HPOS="424" VPOS="294" WIDTH="107" HEIGHT="21" WC="0.89" CONTENT="beskatta."/>
						</TextLine>
					</TextBlock>
					<TextBlock ID="block_2" HPOS="109" VPOS="327" WIDTH="748" HEIGHT="64">
						<TextLine ID="line_5" HPOS="176" VPOS="327" WIDTH="681" HEIGHT="31">
							<String ID="string_32" HPOS="176" VPOS="327" WIDTH="154" HEIGHT="22" WC="0.92" CONTENT="Betänkandet"/><SP WIDTH="15" VPOS="327" HPOS="330"/>
							<String ID="string_33" HPOS="345" VPOS="329" WIDTH="112" HEIGHT="28" WC="0.92" CONTENT="npplästes"/><SP WIDTH="11" VPOS="329" HPOS="457"/>
							<String ID="string_34" HPOS="468" VPOS="329" WIDTH="40" HEIGHT="21" WC="0.93" CONTENT="och"/><SP WIDTH="11" VPOS="329" HPOS="508"/>
							<String ID="string_35" HPOS="519" VPOS="329" WIDTH="134" HEIGHT="29" WC="0.92" CONTENT="granskades"/><SP WIDTH="15" VPOS="329" HPOS="653"/>
							<String ID="string_36" HPOS="668" VPOS="329" WIDTH="110" HEIGHT="29" WC="0.87" CONTENT="punktvis,"/><SP WIDTH="16" VPOS="329" HPOS="778"/>
							<String ID="string_37" HPOS="794" VPOS="330" WIDTH="63" HEIGHT="21" WC="0.93" CONTENT="hvar-"/>
						</TextLine>
						<TextLine ID="line_6" HPOS="109" VPOS="362" WIDTH="274" HEIGHT="29">
							<String ID="string_38" HPOS="109" VPOS="362" WIDTH="36" HEIGHT="22" WC="0.93" CONTENT="vid"/><SP WIDTH="15" VPOS="362" HPOS="145"/>
							<String ID="string_39" HPOS="160" VPOS="363" WIDTH="71" HEIGHT="28" WC="0.92" CONTENT="aflopp"/><SP WIDTH="17" VPOS="363" HPOS="231"/>
							<String ID="string_40" HPOS="248" VPOS="370" WIDTH="46" HEIGHT="14" WC="0.96" CONTENT="som"/><SP WIDTH="15" VPOS="370" HPOS="294"/>
							<String ID="string_41" HPOS="309" VPOS="363" WIDTH="74" HEIGHT="28" WC="0.96" CONTENT="följer:"/>
						</TextLine>
					</TextBlock>
					<TextBlock ID="block_3" HPOS="348" VPOS="399" WIDTH="270" HEIGHT="64">
						<TextLine ID="line_7" HPOS="445" VPOS="399" WIDTH="74" HEIGHT="28">
							<String ID="string_42" HPOS="445" VPOS="400" WIDTH="9" HEIGHT="20" WC="0.96" CONTENT="1"/><SP WIDTH="16" VPOS="400" HPOS="454"/>
							<String ID="string_43" HPOS="470" VPOS="399" WIDTH="49" HEIGHT="28" WC="0.94" CONTENT="kap."/>
						</TextLine>
						<TextLine ID="line_8" HPOS="348" VPOS="432" WIDTH="270" HEIGHT="31">
							<String ID="string_44" HPOS="348" VPOS="432" WIDTH="118" HEIGHT="24" WC="0.93" CONTENT="Allmänna"/><SP WIDTH="15" VPOS="432" HPOS="466"/>
							<String ID="string_45" HPOS="481" VPOS="433" WIDTH="137" HEIGHT="30" WC="0.91" CONTENT="stadganden."/>
						</TextLine>
					</TextBlock>
					<TextBlock ID="block_4" HPOS="176" VPOS="467" WIDTH="522" HEIGHT="30">
						<TextLine ID="line_9" HPOS="176" VPOS="467" WIDTH="522" HEIGHT="30">
							<String ID="string_46" HPOS="176" VPOS="467" WIDTH="12" HEIGHT="28" WC="0.94" CONTENT="8"/><SP WIDTH="17" VPOS="467" HPOS="188"/>
							<String ID="string_47" HPOS="205" VPOS="468" WIDTH="10" HEIGHT="21" WC="0.92" CONTENT="1"/><SP WIDTH="17" VPOS="468" HPOS="215"/>
							<String ID="string_48" HPOS="232" VPOS="467" WIDTH="125" HEIGHT="29" WC="0.92" CONTENT="godkändes"/><SP WIDTH="15" VPOS="467" HPOS="357"/>
							<String ID="string_49" HPOS="372" VPOS="468" WIDTH="23" HEIGHT="21" WC="0.93" CONTENT="af"/><SP WIDTH="13" VPOS="468" HPOS="395"/>
							<String ID="string_50" HPOS="408" VPOS="468" WIDTH="150" HEIGHT="29" WC="0.91" CONTENT="ridderskapet"/><SP WIDTH="16" VPOS="468" HPOS="558"/>
							<String ID="string_51" HPOS="574" VPOS="469" WIDTH="40" HEIGHT="21" WC="0.93" CONTENT="och"/><SP WIDTH="14" VPOS="469" HPOS="614"/>
							<String ID="string_52" HPOS="628" VPOS="468" WIDTH="70" HEIGHT="22" WC="0.89" CONTENT="adeln."/>
						</TextLine>
					</TextBlock>
					<TextBlock ID="block_5" HPOS="176" VPOS="503" WIDTH="210" HEIGHT="27">
						<TextLine ID="line_10" HPOS="176" VPOS="503" WIDTH="210" HEIGHT="27">
							<String ID="string_53" HPOS="176" VPOS="503" WIDTH="12" HEIGHT="27" WC="0.92" CONTENT="8"/><SP WIDTH="16" VPOS="503" HPOS="188"/>
							<String ID="string_54" HPOS="204" VPOS="503" WIDTH="12" HEIGHT="21" WC="0.93" CONTENT="2"/><SP WIDTH="16" VPOS="503" HPOS="216"/>
							<String ID="string_55" HPOS="232" VPOS="504" WIDTH="120" HEIGHT="20" WC="0.92" CONTENT="momentet"/><SP WIDTH="16" VPOS="504" HPOS="352"/>
							<String ID="string_56" HPOS="368" VPOS="504" WIDTH="18" HEIGHT="20" WC="0.96" CONTENT="1."/>
						</TextLine>
					</TextBlock>
					<TextBlock ID="block_6" HPOS="107" VPOS="537" WIDTH="751" HEIGHT="163">
						<TextLine ID="line_11" HPOS="176" VPOS="537" WIDTH="682" HEIGHT="30">
							<String ID="string_57" HPOS="176" VPOS="537" WIDTH="58" HEIGHT="22" WC="0.94" CONTENT="Herr"/><SP WIDTH="21" VPOS="537" HPOS="234"/>
							<String ID="string_58" HPOS="255" VPOS="544" WIDTH="42" HEIGHT="15" WC="0.94" CONTENT="von"/><SP WIDTH="20" VPOS="544" HPOS="297"/>
							<String ID="string_59" HPOS="317" VPOS="538" WIDTH="79" HEIGHT="28" WC="0.96" CONTENT="Born,"/><SP WIDTH="20" VPOS="538" HPOS="396"/>
							<String ID="string_60" HPOS="416" VPOS="537" WIDTH="28" HEIGHT="23" WC="0.91" CONTENT="K."/><SP WIDTH="16" VPOS="537" HPOS="444"/>
							<String ID="string_61" HPOS="460" VPOS="538" WIDTH="35" HEIGHT="22" WC="0.91" CONTENT="F.:"/><SP WIDTH="21" VPOS="538" HPOS="495"/>
							<String ID="string_62" HPOS="516" VPOS="537" WIDTH="43" HEIGHT="30" WC="0.96" CONTENT="Jag"/><SP WIDTH="17" VPOS="537" HPOS="559"/>
							<String ID="string_63" HPOS="576" VPOS="538" WIDTH="34" HEIGHT="22" WC="0.96" CONTENT="för"/><SP WIDTH="15" VPOS="538" HPOS="610"/>
							<String ID="string_64" HPOS="625" VPOS="538" WIDTH="45" HEIGHT="22" WC="0.96" CONTENT="min"/><SP WIDTH="15" VPOS="538" HPOS="670"/>
							<String ID="string_65" HPOS="685" VPOS="538" WIDTH="35" HEIGHT="22" WC="0.93" CONTENT="del"/><SP WIDTH="16" VPOS="538" HPOS="720"/>
							<String ID="string_66" HPOS="736" VPOS="538" WIDTH="70" HEIGHT="22" WC="0.96" CONTENT="finner"/><SP WIDTH="15" VPOS="538" HPOS="806"/>
							<String ID="string_67" HPOS="821" VPOS="538" WIDTH="37" HEIGHT="22" WC="0.95" CONTENT="det"/>
						</TextLine>
						<TextLine ID="line_12" HPOS="109" VPOS="573" WIDTH="749" HEIGHT="29">
							<String ID="string_68" HPOS="109" VPOS="573" WIDTH="121" HEIGHT="29" WC="0.90" CONTENT="olämpligt,"/><SP WIDTH="16" VPOS="573" HPOS="230"/>
							<String ID="string_69" HPOS="246" VPOS="575" WIDTH="32" HEIGHT="19" WC="0.93" CONTENT="att"/><SP WIDTH="15" VPOS="575" HPOS="278"/>
							<String ID="string_70" HPOS="293" VPOS="574" WIDTH="52" HEIGHT="21" WC="0.92" CONTENT="flere"/><SP WIDTH="20" VPOS="574" HPOS="345"/>
							<String ID="string_71" HPOS="365" VPOS="574" WIDTH="160" HEIGHT="28" WC="0.92" CONTENT="församlingar,"/><SP WIDTH="16" VPOS="574" HPOS="525"/>
							<String ID="string_72" HPOS="541" VPOS="581" WIDTH="46" HEIGHT="14" WC="0.93" CONTENT="som"/><SP WIDTH="19" VPOS="581" HPOS="587"/>
							<String ID="string_73" HPOS="606" VPOS="574" WIDTH="20" HEIGHT="28" WC="0.92" CONTENT="ej"/><SP WIDTH="24" VPOS="574" HPOS="626"/>
							<String ID="string_74" HPOS="650" VPOS="574" WIDTH="53" HEIGHT="21" WC="0.91" CONTENT="höra"/><SP WIDTH="20" VPOS="574" HPOS="703"/>
							<String ID="string_75" HPOS="723" VPOS="574" WIDTH="33" HEIGHT="21" WC="0.94" CONTENT="till"/><SP WIDTH="18" VPOS="574" HPOS="756"/>
							<String ID="string_76" HPOS="774" VPOS="581" WIDTH="84" HEIGHT="14" WC="0.96" CONTENT="samma"/>
						</TextLine>
						<TextLine ID="line_13" HPOS="107" VPOS="608" WIDTH="750" HEIGHT="30">
							<String ID="string_77" HPOS="107" VPOS="610" WIDTH="104" HEIGHT="27" WC="0.96" CONTENT="pastorat,"/><SP WIDTH="11" VPOS="610" HPOS="211"/>
							<String ID="string_78" HPOS="222" VPOS="608" WIDTH="22" HEIGHT="22" WC="0.96" CONTENT="få"/><SP WIDTH="13" VPOS="608" HPOS="244"/>
							<String ID="string_79" HPOS="257" VPOS="608" WIDTH="76" HEIGHT="22" WC="0.96" CONTENT="förena"/><SP WIDTH="15" VPOS="608" HPOS="333"/>
							<String ID="string_80" HPOS="348" VPOS="608" WIDTH="34" HEIGHT="29" WC="0.96" CONTENT="sig"/><SP WIDTH="15" VPOS="608" HPOS="382"/>
							<String ID="string_81" HPOS="397" VPOS="616" WIDTH="34" HEIGHT="14" WC="0.93" CONTENT="om"/><SP WIDTH="17" VPOS="616" HPOS="431"/>
							<String ID="string_82" HPOS="448" VPOS="616" WIDTH="125" HEIGHT="22" WC="0.93" CONTENT="gemensam"/><SP WIDTH="16" VPOS="616" HPOS="573"/>
							<String ID="string_83" HPOS="589" VPOS="608" WIDTH="268" HEIGHT="30" WC="0.92" CONTENT="kommunalförvaltning,"/>
						</TextLine>
						<TextLine ID="line_14" HPOS="107" VPOS="644" WIDTH="750" HEIGHT="28">
							<String ID="string_84" HPOS="107" VPOS="644" WIDTH="103" HEIGHT="21" WC="0.90" CONTENT="hvarföre"/><SP WIDTH="13" VPOS="644" HPOS="210"/>
							<String ID="string_85" HPOS="223" VPOS="644" WIDTH="39" HEIGHT="28" WC="0.96" CONTENT="jag"/><SP WIDTH="15" VPOS="644" HPOS="262"/>
							<String ID="string_86" HPOS="277" VPOS="644" WIDTH="121" HEIGHT="28" WC="0.96" CONTENT="tillstyrker"/><SP WIDTH="15" VPOS="644" HPOS="398"/>
							<String ID="string_87" HPOS="413" VPOS="644" WIDTH="62" HEIGHT="22" WC="0.96" CONTENT="bifall"/><SP WIDTH="15" VPOS="644" HPOS="475"/>
							<String ID="string_88" HPOS="490" VPOS="644" WIDTH="33" HEIGHT="21" WC="0.96" CONTENT="till"/><SP WIDTH="16" VPOS="644" HPOS="523"/>
							<String ID="string_89" HPOS="539" VPOS="644" WIDTH="41" HEIGHT="22" WC="0.95" CONTENT="den"/><SP WIDTH="17" VPOS="644" HPOS="580"/>
							<String ID="string_90" HPOS="597" VPOS="644" WIDTH="79" HEIGHT="28" WC="0.96" CONTENT="nådiga"/><SP WIDTH="14" VPOS="644" HPOS="676"/>
							<String ID="string_91" HPOS="690" VPOS="644" WIDTH="167" HEIGHT="28" WC="0.96" CONTENT="propositionen"/>
						</TextLine>
						<TextLine ID="line_15" HPOS="108" VPOS="678" WIDTH="226" HEIGHT="22">
							<String ID="string_92" HPOS="108" VPOS="678" WIDTH="7" HEIGHT="21" WC="0.96" CONTENT="i"/><SP WIDTH="16" VPOS="678" HPOS="115"/>
							<String ID="string_93" HPOS="131" VPOS="678" WIDTH="59" HEIGHT="22" WC="0.96" CONTENT="detta"/><SP WIDTH="14" VPOS="678" HPOS="190"/>
							<String ID="string_94" HPOS="204" VPOS="678" WIDTH="130" HEIGHT="22" WC="0.96" CONTENT="hänseende."/>
						</TextLine>
					</TextBlock>
					<TextBlock ID="block_7" HPOS="107" VPOS="713" WIDTH="750" HEIGHT="99">
						<TextLine ID="line_16" HPOS="175" VPOS="713" WIDTH="682" HEIGHT="29">
							<String ID="string_95" HPOS="175" VPOS="713" WIDTH="60" HEIGHT="22" WC="0.91" CONTENT="Enär"/><SP WIDTH="22" VPOS="713" HPOS="235"/>
							<String ID="string_96" HPOS="257" VPOS="714" WIDTH="71" HEIGHT="28" WC="0.96" CONTENT="någon"/><SP WIDTH="24" VPOS="714" HPOS="328"/>
							<String ID="string_97" HPOS="352" VPOS="720" WIDTH="71" HEIGHT="15" WC="0.93" CONTENT="annan"/><SP WIDTH="24" VPOS="720" HPOS="423"/>
							<String ID="string_98" HPOS="447" VPOS="714" WIDTH="168" HEIGHT="22" WC="0.92" CONTENT="ståndsmedlem"/><SP WIDTH="23" VPOS="714" HPOS="615"/>
							<String ID="string_99" HPOS="638" VPOS="713" WIDTH="48" HEIGHT="22" WC="0.93" CONTENT="icke"/><SP WIDTH="21" VPOS="713" HPOS="686"/>
							<String ID="string_100" HPOS="707" VPOS="714" WIDTH="95" HEIGHT="21" WC="0.92" CONTENT="anmälte"/><SP WIDTH="21" VPOS="714" HPOS="802"/>
							<String ID="string_101" HPOS="823" VPOS="714" WIDTH="34" HEIGHT="28" WC="0.96" CONTENT="sig"/>
						</TextLine>
						<TextLine ID="line_17" HPOS="107" VPOS="748" WIDTH="749" HEIGHT="29">
							<String ID="string_102" HPOS="107" VPOS="748" WIDTH="73" HEIGHT="29" WC="0.91" CONTENT="hugad"/><SP WIDTH="14" VPOS="748" HPOS="180"/>
							<String ID="string_103" HPOS="194" VPOS="750" WIDTH="58" HEIGHT="27" WC="0.96" CONTENT="yttra"/><SP WIDTH="16" VPOS="750" HPOS="252"/>
							<String ID="string_104" HPOS="268" VPOS="749" WIDTH="34" HEIGHT="28" WC="0.96" CONTENT="sig"/><SP WIDTH="14" VPOS="749" HPOS="302"/>
							<String ID="string_105" HPOS="316" VPOS="749" WIDTH="7" HEIGHT="21" WC="0.96" CONTENT="i"/><SP WIDTH="16" VPOS="749" HPOS="323"/>
							<String ID="string_106" HPOS="339" VPOS="750" WIDTH="79" HEIGHT="26" WC="0.96" CONTENT="ämnet,"/><SP WIDTH="17" VPOS="750" HPOS="418"/>
							<String ID="string_107" HPOS="435" VPOS="749" WIDTH="77" HEIGHT="22" WC="0.96" CONTENT="ställde"/><SP WIDTH="15" VPOS="749" HPOS="512"/>
							<String ID="string_108" HPOS="527" VPOS="749" WIDTH="50" HEIGHT="21" WC="0.96" CONTENT="herr"/><SP WIDTH="16" VPOS="749" HPOS="577"/>
							<String ID="string_109" HPOS="593" VPOS="748" WIDTH="145" HEIGHT="22" WC="0.96" CONTENT="ordföranden"/><SP WIDTH="16" VPOS="748" HPOS="738"/>
							<String ID="string_110" HPOS="754" VPOS="749" WIDTH="33" HEIGHT="21" WC="0.93" CONTENT="till"/><SP WIDTH="12" VPOS="749" HPOS="787"/>
							<String ID="string_111" HPOS="799" VPOS="749" WIDTH="57" HEIGHT="21" WC="0.91" CONTENT="stån-"/>
						</TextLine>
						<TextLine ID="line_18" HPOS="108" VPOS="784" WIDTH="308" HEIGHT="28">
							<String ID="string_112" HPOS="108" VPOS="784" WIDTH="36" HEIGHT="21" WC="0.96" CONTENT="det"/><SP WIDTH="15" VPOS="784" HPOS="144"/>
							<String ID="string_113" HPOS="159" VPOS="784" WIDTH="97" HEIGHT="28" WC="0.96" CONTENT="följande"/><SP WIDTH="15" VPOS="784" HPOS="256"/>
							<String ID="string_114" HPOS="271" VPOS="784" WIDTH="145" HEIGHT="28" WC="0.95" CONTENT="proposition:"/>
						</TextLine>
					</TextBlock>
					<TextBlock ID="block_8" HPOS="108" VPOS="818" WIDTH="752" HEIGHT="63">
						<TextLine ID="line_19" HPOS="175" VPOS="818" WIDTH="685" HEIGHT="29">
							<String ID="string_115" HPOS="175" VPOS="834" WIDTH="8" HEIGHT="12" WC="0.92" CONTENT="»"/><SP WIDTH="6" VPOS="834" HPOS="183"/>
							<String ID="string_116" HPOS="189" VPOS="818" WIDTH="43" HEIGHT="22" WC="0.96" CONTENT="Vill"/><SP WIDTH="15" VPOS="818" HPOS="232"/>
							<String ID="string_117" HPOS="247" VPOS="818" WIDTH="151" HEIGHT="28" WC="0.96" CONTENT="ridderskapet"/><SP WIDTH="15" VPOS="818" HPOS="398"/>
							<String ID="string_118" HPOS="413" VPOS="818" WIDTH="40" HEIGHT="22" WC="0.96" CONTENT="och"/><SP WIDTH="15" VPOS="818" HPOS="453"/>
							<String ID="string_119" HPOS="468" VPOS="819" WIDTH="63" HEIGHT="21" WC="0.95" CONTENT="adeln"/><SP WIDTH="16" VPOS="819" HPOS="531"/>
							<String ID="string_120" HPOS="547" VPOS="818" WIDTH="116" HEIGHT="29" WC="0.96" CONTENT="godkänna"/><SP WIDTH="17" VPOS="818" HPOS="663"/>
							<String ID="string_121" HPOS="680" VPOS="818" WIDTH="9" HEIGHT="21" WC="0.90" CONTENT="1"/><SP WIDTH="16" VPOS="818" HPOS="689"/>
							<String ID="string_122" HPOS="705" VPOS="820" WIDTH="120" HEIGHT="20" WC="0.96" CONTENT="momentet"/><SP WIDTH="11" VPOS="820" HPOS="825"/>
							<String ID="string_123" HPOS="836" VPOS="818" WIDTH="24" HEIGHT="22" WC="0.95" CONTENT="af"/>
						</TextLine>
						<TextLine ID="line_20" HPOS="108" VPOS="852" WIDTH="504" HEIGHT="29">
							<String ID="string_124" HPOS="108" VPOS="854" WIDTH="13" HEIGHT="20" WC="0.88" CONTENT="2"/><SP WIDTH="15" VPOS="854" HPOS="121"/>
							<String ID="string_125" HPOS="136" VPOS="854" WIDTH="12" HEIGHT="27" WC="0.61" CONTENT="&amp;"/><SP WIDTH="15" VPOS="854" HPOS="148"/>
							<String ID="string_126" HPOS="163" VPOS="853" WIDTH="32" HEIGHT="21" WC="0.93" CONTENT="uti"/><SP WIDTH="15" VPOS="853" HPOS="195"/>
							<String ID="string_127" HPOS="210" VPOS="852" WIDTH="234" HEIGHT="23" WC="0.92" CONTENT="ekonomieutskottets"/><SP WIDTH="16" VPOS="852" HPOS="444"/>
							<String ID="string_128" HPOS="460" VPOS="853" WIDTH="152" HEIGHT="21" WC="0.96" CONTENT="betänkande?"/>
						</TextLine>
					</TextBlock>
					<TextBlock ID="block_9" HPOS="108" VPOS="887" WIDTH="748" HEIGHT="64">
						<TextLine ID="line_21" HPOS="176" VPOS="887" WIDTH="680" HEIGHT="30">
							<String ID="string_129" HPOS="176" VPOS="888" WIDTH="50" HEIGHT="21" WC="0.96" CONTENT="Den"/><SP WIDTH="15" VPOS="888" HPOS="226"/>
							<String ID="string_130" HPOS="241" VPOS="895" WIDTH="47" HEIGHT="14" WC="0.96" CONTENT="som"/><SP WIDTH="15" VPOS="895" HPOS="288"/>
							<String ID="string_131" HPOS="303" VPOS="889" WIDTH="38" HEIGHT="20" WC="0.95" CONTENT="vill"/><SP WIDTH="15" VPOS="889" HPOS="341"/>
							<String ID="string_132" HPOS="356" VPOS="888" WIDTH="118" HEIGHT="28" WC="0.93" CONTENT="godkänna"/><SP WIDTH="15" VPOS="888" HPOS="474"/>
							<String ID="string_133" HPOS="489" VPOS="888" WIDTH="66" HEIGHT="29" WC="0.93" CONTENT="sagde"/><SP WIDTH="16" VPOS="888" HPOS="555"/>
							<String ID="string_134" HPOS="571" VPOS="889" WIDTH="96" HEIGHT="20" WC="0.96" CONTENT="moment"/><SP WIDTH="14" VPOS="889" HPOS="667"/>
							<String ID="string_135" HPOS="681" VPOS="895" WIDTH="73" HEIGHT="14" WC="0.96" CONTENT="svarar"/><SP WIDTH="10" VPOS="895" HPOS="754"/>
							<String ID="string_136" HPOS="764" VPOS="888" WIDTH="34" HEIGHT="28" WC="0.96" CONTENT="ja;"/><SP WIDTH="16" VPOS="888" HPOS="798"/>
							<String ID="string_137" HPOS="814" VPOS="887" WIDTH="42" HEIGHT="22" WC="0.96" CONTENT="den"/>
						</TextLine>
						<TextLine ID="line_22" HPOS="108" VPOS="923" WIDTH="301" HEIGHT="28">
							<String ID="string_138" HPOS="108" VPOS="923" WIDTH="37" HEIGHT="21" WC="0.96" CONTENT="det"/><SP WIDTH="14" VPOS="923" HPOS="145"/>
							<String ID="string_139" HPOS="159" VPOS="923" WIDTH="48" HEIGHT="22" WC="0.96" CONTENT="icke"/><SP WIDTH="17" VPOS="923" HPOS="207"/>
							<String ID="string_140" HPOS="224" VPOS="923" WIDTH="37" HEIGHT="22" WC="0.96" CONTENT="vill"/><SP WIDTH="16" VPOS="923" HPOS="261"/>
							<String ID="string_141" HPOS="277" VPOS="930" WIDTH="73" HEIGHT="15" WC="0.96" CONTENT="svarar"/><SP WIDTH="16" VPOS="930" HPOS="350"/>
							<String ID="string_142" HPOS="366" VPOS="923" WIDTH="43" HEIGHT="28" WC="0.95" CONTENT="nej."/>
						</TextLine>
					</TextBlock>
					<TextBlock ID="block_10" HPOS="108" VPOS="957" WIDTH="749" HEIGHT="65">
						<TextLine ID="line_23" HPOS="175" VPOS="957" WIDTH="682" HEIGHT="29">
							<String ID="string_143" HPOS="175" VPOS="957" WIDTH="85" HEIGHT="22" WC="0.96" CONTENT="Vinner"/><SP WIDTH="20" VPOS="957" HPOS="260"/>
							<String ID="string_144" HPOS="280" VPOS="959" WIDTH="46" HEIGHT="27" WC="0.96" CONTENT="nej,"/><SP WIDTH="19" VPOS="959" HPOS="326"/>
							<String ID="string_145" HPOS="345" VPOS="959" WIDTH="91" HEIGHT="27" WC="0.96" CONTENT="antages"/><SP WIDTH="21" VPOS="959" HPOS="436"/>
							<String ID="string_146" HPOS="457" VPOS="965" WIDTH="81" HEIGHT="14" WC="0.96" CONTENT="samma"/><SP WIDTH="19" VPOS="965" HPOS="538"/>
							<String ID="string_147" HPOS="557" VPOS="958" WIDTH="98" HEIGHT="21" WC="0.96" CONTENT="moment"/><SP WIDTH="20" VPOS="958" HPOS="655"/>
							<String ID="string_148" HPOS="675" VPOS="957" WIDTH="23" HEIGHT="21" WC="0.96" CONTENT="af"/><SP WIDTH="18" VPOS="957" HPOS="698"/>
							<String ID="string_149" HPOS="716" VPOS="957" WIDTH="42" HEIGHT="22" WC="0.96" CONTENT="den"/><SP WIDTH="19" VPOS="957" HPOS="758"/>
							<String ID="string_150" HPOS="777" VPOS="957" WIDTH="80" HEIGHT="28" WC="0.96" CONTENT="nådiga"/>
						</TextLine>
						<TextLine ID="line_24" HPOS="108" VPOS="993" WIDTH="184" HEIGHT="29">
							<String ID="string_151" HPOS="108" VPOS="993" WIDTH="184" HEIGHT="29" WC="0.64" CONTENT="propositionen.&quot;"/>
						</TextLine>
					</TextBlock>
					<TextBlock ID="block_11" HPOS="108" VPOS="1027" WIDTH="749" HEIGHT="57">
						<TextLine ID="line_25" HPOS="178" VPOS="1027" WIDTH="679" HEIGHT="29">
							<String ID="string_152" HPOS="178" VPOS="1027" WIDTH="42" HEIGHT="22" WC="0.96" CONTENT="Vid"/><SP WIDTH="19" VPOS="1027" HPOS="220"/>
							<String ID="string_153" HPOS="239" VPOS="1027" WIDTH="7" HEIGHT="22" WC="0.96" CONTENT="i"/><SP WIDTH="20" VPOS="1027" HPOS="246"/>
							<String ID="string_154" HPOS="266" VPOS="1027" WIDTH="118" HEIGHT="29" WC="0.96" CONTENT="anledning"/><SP WIDTH="19" VPOS="1027" HPOS="384"/>
							<String ID="string_155" HPOS="403" VPOS="1027" WIDTH="64" HEIGHT="22" WC="0.96" CONTENT="häraf"/><SP WIDTH="17" VPOS="1027" HPOS="467"/>
							<String ID="string_156" HPOS="484" VPOS="1027" WIDTH="82" HEIGHT="29" WC="0.96" CONTENT="begärd"/><SP WIDTH="19" VPOS="1027" HPOS="566"/>
							<String ID="string_157" HPOS="585" VPOS="1027" WIDTH="40" HEIGHT="22" WC="0.96" CONTENT="och"/><SP WIDTH="20" VPOS="1027" HPOS="625"/>
							<String ID="string_158" HPOS="645" VPOS="1027" WIDTH="93" HEIGHT="21" WC="0.95" CONTENT="anställd"/><SP WIDTH="18" VPOS="1027" HPOS="738"/>
							<String ID="string_159" HPOS="756" VPOS="1027" WIDTH="101" HEIGHT="28" WC="0.96" CONTENT="votering"/>
						</TextLine>
						<TextLine ID="line_26" HPOS="108" VPOS="1063" WIDTH="191" HEIGHT="21">
							<String ID="string_160" HPOS="108" VPOS="1063" WIDTH="76" HEIGHT="21" WC="0.92" CONTENT="utföllo"/><SP WIDTH="17" VPOS="1063" HPOS="184"/>
							<String ID="string_161" HPOS="201" VPOS="1064" WIDTH="98" HEIGHT="20" WC="0.96" CONTENT="rösterna"/>
						</TextLine>
					</TextBlock>
					<TextBlock ID="block_12" HPOS="287" VPOS="1097" WIDTH="397" HEIGHT="97">
						<TextLine ID="line_27" HPOS="287" VPOS="1097" WIDTH="397" HEIGHT="29">
							<String ID="string_162" HPOS="287" VPOS="1097" WIDTH="8" HEIGHT="22" WC="0.93" CONTENT="i"/><SP WIDTH="14" VPOS="1097" HPOS="295"/>
							<String ID="string_163" HPOS="309" VPOS="1097" WIDTH="57" HEIGHT="28" WC="0.90" CONTENT="3:dje"/><SP WIDTH="16" VPOS="1097" HPOS="366"/>
							<String ID="string_164" HPOS="382" VPOS="1097" WIDTH="29" HEIGHT="21" WC="0.95" CONTENT="kl."/><SP WIDTH="16" VPOS="1097" HPOS="411"/>
							<String ID="string_165" HPOS="427" VPOS="1097" WIDTH="50" HEIGHT="22" WC="0.96" CONTENT="med"/><SP WIDTH="15" VPOS="1097" HPOS="477"/>
							<String ID="string_166" HPOS="492" VPOS="1098" WIDTH="12" HEIGHT="20" WC="0.96" CONTENT="9"/><SP WIDTH="10" VPOS="1098" HPOS="504"/>
							<String ID="string_167" HPOS="514" VPOS="1098" WIDTH="30" HEIGHT="28" WC="0.96" CONTENT="ja"/><SP WIDTH="15" VPOS="1098" HPOS="544"/>
							<String ID="string_168" HPOS="559" VPOS="1097" WIDTH="40" HEIGHT="21" WC="0.96" CONTENT="och"/><SP WIDTH="16" VPOS="1097" HPOS="599"/>
							<String ID="string_169" HPOS="615" VPOS="1097" WIDTH="12" HEIGHT="20" WC="0.96" CONTENT="8"/><SP WIDTH="16" VPOS="1097" HPOS="627"/>
							<String ID="string_170" HPOS="643" VPOS="1097" WIDTH="41" HEIGHT="28" WC="0.95" CONTENT="nej,"/>
						</TextLine>
						<TextLine ID="line_28" HPOS="288" VPOS="1132" WIDTH="379" HEIGHT="27">
							<String ID="string_171" HPOS="288" VPOS="1132" WIDTH="114" HEIGHT="27" WC="0.44" CONTENT="»2:dra"/><SP WIDTH="-5" VPOS="1132" HPOS="402"/>
							<String ID="string_172" HPOS="397" VPOS="1128" WIDTH="19" HEIGHT="35" WC="0.49" CONTENT="n"/><SP WIDTH="31" VPOS="1128" HPOS="416"/>
							<String ID="string_173" HPOS="447" VPOS="1147" WIDTH="9" HEIGHT="12" WC="0.89" CONTENT="»"/><SP WIDTH="34" VPOS="1147" HPOS="456"/>
							<String ID="string_174" HPOS="490" VPOS="1133" WIDTH="47" HEIGHT="26" WC="0.62" CONTENT="dn"/><SP WIDTH="38" VPOS="1133" HPOS="537"/>
							<String ID="string_175" HPOS="575" VPOS="1147" WIDTH="9" HEIGHT="11" WC="0.92" CONTENT="»"/><SP WIDTH="31" VPOS="1147" HPOS="584"/>
							<String ID="string_176" HPOS="615" VPOS="1132" WIDTH="13" HEIGHT="19" WC="0.93" CONTENT="2"/><SP WIDTH="29" VPOS="1132" HPOS="628"/>
							<String ID="string_177" HPOS="657" VPOS="1147" WIDTH="10" HEIGHT="10" WC="0.87" CONTENT="»"/>
						</TextLine>
						<TextLine ID="line_29" HPOS="288" VPOS="1166" WIDTH="378" HEIGHT="28">
							<String ID="string_178" HPOS="288" VPOS="1183" WIDTH="9" HEIGHT="11" WC="0.84" CONTENT="»"/><SP WIDTH="12" VPOS="1183" HPOS="297"/>
							<String ID="string_179" HPOS="309" VPOS="1168" WIDTH="53" HEIGHT="20" WC="0.50" CONTENT="lista"/><SP WIDTH="29" VPOS="1168" HPOS="362"/>
							<String ID="string_180" HPOS="391" VPOS="1182" WIDTH="9" HEIGHT="11" WC="0.73" CONTENT="»"/><SP WIDTH="46" VPOS="1182" HPOS="400"/>
							<String ID="string_181" HPOS="446" VPOS="1183" WIDTH="8" HEIGHT="10" WC="0.89" CONTENT="»"/><SP WIDTH="35" VPOS="1183" HPOS="454"/>
							<String ID="string_182" HPOS="489" VPOS="1167" WIDTH="48" HEIGHT="26" WC="0.65" CONTENT="5»,"/><SP WIDTH="38" VPOS="1167" HPOS="537"/>
							<String ID="string_183" HPOS="575" VPOS="1182" WIDTH="9" HEIGHT="11" WC="0.82" CONTENT="»"/><SP WIDTH="32" VPOS="1182" HPOS="584"/>
							<String ID="string_184" HPOS="616" VPOS="1166" WIDTH="50" HEIGHT="26" WC="0.60" CONTENT="1»"/>
						</TextLine>
					</TextBlock>
					<TextBlock ID="block_13" HPOS="109" VPOS="1198" WIDTH="746" HEIGHT="66">
						<TextLine ID="line_30" HPOS="177" VPOS="1198" WIDTH="678" HEIGHT="32">
							<String ID="string_185" HPOS="177" VPOS="1199" WIDTH="59" HEIGHT="24" WC="0.92" CONTENT="Enär"/><SP WIDTH="16" VPOS="1199" HPOS="236"/>
							<String ID="string_186" HPOS="252" VPOS="1202" WIDTH="83" HEIGHT="21" WC="0.95" CONTENT="således"/><SP WIDTH="13" VPOS="1202" HPOS="335"/>
							<String ID="string_187" HPOS="348" VPOS="1202" WIDTH="24" HEIGHT="28" WC="0.96" CONTENT="ja"/><SP WIDTH="16" VPOS="1202" HPOS="372"/>
							<String ID="string_188" HPOS="388" VPOS="1201" WIDTH="7" HEIGHT="21" WC="0.96" CONTENT="i"/><SP WIDTH="16" VPOS="1201" HPOS="395"/>
							<String ID="string_189" HPOS="411" VPOS="1201" WIDTH="43" HEIGHT="21" WC="0.96" CONTENT="alla"/><SP WIDTH="14" VPOS="1201" HPOS="454"/>
							<String ID="string_190" HPOS="468" VPOS="1203" WIDTH="34" HEIGHT="19" WC="0.96" CONTENT="tre"/><SP WIDTH="15" VPOS="1203" HPOS="502"/>
							<String ID="string_191" HPOS="517" VPOS="1201" WIDTH="113" HEIGHT="21" WC="0.96" CONTENT="klasserna"/><SP WIDTH="14" VPOS="1201" HPOS="630"/>
							<String ID="string_192" HPOS="644" VPOS="1200" WIDTH="82" HEIGHT="27" WC="0.96" CONTENT="segrat,"/><SP WIDTH="15" VPOS="1200" HPOS="726"/>
							<String ID="string_193" HPOS="741" VPOS="1198" WIDTH="87" HEIGHT="23" WC="0.94" CONTENT="komme"/><SP WIDTH="17" VPOS="1198" HPOS="828"/>
							<String ID="string_194" HPOS="845" VPOS="1199" WIDTH="10" HEIGHT="21" WC="0.96" CONTENT="1"/>
						</TextLine>
						<TextLine ID="line_31" HPOS="109" VPOS="1235" WIDTH="585" HEIGHT="29">
							<String ID="string_195" HPOS="109" VPOS="1238" WIDTH="121" HEIGHT="19" WC="0.95" CONTENT="momentet"/><SP WIDTH="14" VPOS="1238" HPOS="230"/>
							<String ID="string_196" HPOS="244" VPOS="1237" WIDTH="8" HEIGHT="20" WC="0.96" CONTENT="i"/><SP WIDTH="16" VPOS="1237" HPOS="252"/>
							<String ID="string_197" HPOS="268" VPOS="1237" WIDTH="12" HEIGHT="20" WC="0.96" CONTENT="2"/><SP WIDTH="16" VPOS="1237" HPOS="280"/>
							<String ID="string_198" HPOS="296" VPOS="1237" WIDTH="11" HEIGHT="27" WC="0.71" CONTENT="8"/><SP WIDTH="16" VPOS="1237" HPOS="307"/>
							<String ID="string_199" HPOS="323" VPOS="1236" WIDTH="23" HEIGHT="21" WC="0.96" CONTENT="af"/><SP WIDTH="13" VPOS="1236" HPOS="346"/>
							<String ID="string_200" HPOS="359" VPOS="1236" WIDTH="148" HEIGHT="21" WC="0.96" CONTENT="betänkandet"/><SP WIDTH="14" VPOS="1236" HPOS="507"/>
							<String ID="string_201" HPOS="521" VPOS="1237" WIDTH="32" HEIGHT="20" WC="0.96" CONTENT="att"/><SP WIDTH="16" VPOS="1237" HPOS="553"/>
							<String ID="string_202" HPOS="569" VPOS="1235" WIDTH="125" HEIGHT="21" WC="0.95" CONTENT="bibehållas."/>
						</TextLine>
					</TextBlock>
					<TextBlock ID="block_14" HPOS="109" VPOS="1268" WIDTH="751" HEIGHT="66">
						<TextLine ID="line_32" HPOS="177" VPOS="1268" WIDTH="683" HEIGHT="31">
							<String ID="string_203" HPOS="177" VPOS="1271" WIDTH="11" HEIGHT="28" WC="0.93" CONTENT="8"/><SP WIDTH="22" VPOS="1271" HPOS="188"/>
							<String ID="string_204" HPOS="210" VPOS="1272" WIDTH="12" HEIGHT="20" WC="0.96" CONTENT="2"/><SP WIDTH="20" VPOS="1272" HPOS="222"/>
							<String ID="string_205" HPOS="242" VPOS="1272" WIDTH="120" HEIGHT="20" WC="0.96" CONTENT="momentet"/><SP WIDTH="20" VPOS="1272" HPOS="362"/>
							<String ID="string_206" HPOS="382" VPOS="1271" WIDTH="12" HEIGHT="20" WC="0.96" CONTENT="2"/><SP WIDTH="21" VPOS="1271" HPOS="394"/>
							<String ID="string_207" HPOS="415" VPOS="1272" WIDTH="56" HEIGHT="19" WC="0.95" CONTENT="samt"/><SP WIDTH="20" VPOS="1272" HPOS="471"/>
							<String ID="string_208" HPOS="491" VPOS="1271" WIDTH="24" HEIGHT="27" WC="0.92" CONTENT="$$"/><SP WIDTH="16" VPOS="1271" HPOS="515"/>
							<String ID="string_209" HPOS="531" VPOS="1271" WIDTH="12" HEIGHT="20" WC="0.96" CONTENT="3"/><SP WIDTH="18" VPOS="1271" HPOS="543"/>
							<String ID="string_210" HPOS="561" VPOS="1270" WIDTH="40" HEIGHT="21" WC="0.96" CONTENT="och"/><SP WIDTH="16" VPOS="1270" HPOS="601"/>
							<String ID="string_211" HPOS="617" VPOS="1270" WIDTH="19" HEIGHT="27" WC="0.96" CONTENT="4,"/><SP WIDTH="17" VPOS="1270" HPOS="636"/>
							<String ID="string_212" HPOS="653" VPOS="1269" WIDTH="111" HEIGHT="22" WC="0.96" CONTENT="äfvensom"/><SP WIDTH="16" VPOS="1269" HPOS="764"/>
							<String ID="string_213" HPOS="780" VPOS="1269" WIDTH="11" HEIGHT="28" WC="0.91" CONTENT="$"/><SP WIDTH="16" VPOS="1269" HPOS="791"/>
							<String ID="string_214" HPOS="807" VPOS="1269" WIDTH="13" HEIGHT="21" WC="0.96" CONTENT="5"/><SP WIDTH="16" VPOS="1269" HPOS="820"/>
							<String ID="string_215" HPOS="836" VPOS="1268" WIDTH="24" HEIGHT="22" WC="0.96" CONTENT="af"/>
						</TextLine>
						<TextLine ID="line_33" HPOS="109" VPOS="1305" WIDTH="260" HEIGHT="29">
							<String ID="string_216" HPOS="109" VPOS="1305" WIDTH="148" HEIGHT="22" WC="0.91" CONTENT="betänkandet"/><SP WIDTH="15" VPOS="1305" HPOS="257"/>
							<String ID="string_217" HPOS="272" VPOS="1305" WIDTH="97" HEIGHT="29" WC="0.91" CONTENT="gillades."/>
						</TextLine>
					</TextBlock>
					<TextBlock ID="block_15" HPOS="177" VPOS="1340" WIDTH="679" HEIGHT="130">
						<TextLine ID="line_34" HPOS="443" VPOS="1340" WIDTH="79" HEIGHT="28">
							<String ID="string_218" HPOS="443" VPOS="1341" WIDTH="12" HEIGHT="20" WC="0.96" CONTENT="2"/><SP WIDTH="18" VPOS="1341" HPOS="455"/>
							<String ID="string_219" HPOS="473" VPOS="1340" WIDTH="49" HEIGHT="28" WC="0.95" CONTENT="kap."/>
						</TextLine>
						<TextLine ID="line_35" HPOS="349" VPOS="1374" WIDTH="269" HEIGHT="23">
							<String ID="string_220" HPOS="349" VPOS="1374" WIDTH="38" HEIGHT="22" WC="0.93" CONTENT="Om"/><SP WIDTH="14" VPOS="1374" HPOS="387"/>
							<String ID="string_221" HPOS="401" VPOS="1374" WIDTH="217" HEIGHT="23" WC="0.91" CONTENT="kommunalstämma."/>
						</TextLine>
						<TextLine ID="line_36" HPOS="178" VPOS="1409" WIDTH="292" HEIGHT="27">
							<String ID="string_222" HPOS="178" VPOS="1409" WIDTH="11" HEIGHT="27" WC="0.89" CONTENT="8"/><SP WIDTH="16" VPOS="1409" HPOS="189"/>
							<String ID="string_223" HPOS="205" VPOS="1410" WIDTH="12" HEIGHT="20" WC="0.93" CONTENT="6"/><SP WIDTH="15" VPOS="1410" HPOS="217"/>
							<String ID="string_224" HPOS="232" VPOS="1411" WIDTH="150" HEIGHT="19" WC="0.91" CONTENT="momenterna"/><SP WIDTH="17" VPOS="1411" HPOS="382"/>
							<String ID="string_225" HPOS="399" VPOS="1410" WIDTH="71" HEIGHT="20" WC="0.84" CONTENT="1—7.."/>
						</TextLine>
						<TextLine ID="line_37" HPOS="177" VPOS="1438" WIDTH="679" HEIGHT="32">
							<String ID="string_226" HPOS="177" VPOS="1443" WIDTH="58" HEIGHT="21" WC="0.96" CONTENT="Herr"/><SP WIDTH="20" VPOS="1443" HPOS="235"/>
							<String ID="string_227" HPOS="255" VPOS="1450" WIDTH="42" HEIGHT="14" WC="0.96" CONTENT="von"/><SP WIDTH="21" VPOS="1450" HPOS="297"/>
							<String ID="string_228" HPOS="318" VPOS="1443" WIDTH="78" HEIGHT="26" WC="0.96" CONTENT="Born,"/><SP WIDTH="20" VPOS="1443" HPOS="396"/>
							<String ID="string_229" HPOS="416" VPOS="1442" WIDTH="28" HEIGHT="21" WC="0.93" CONTENT="K."/><SP WIDTH="19" VPOS="1442" HPOS="444"/>
							<String ID="string_230" HPOS="463" VPOS="1442" WIDTH="36" HEIGHT="28" WC="0.80" CONTENT="F.,"/><SP WIDTH="18" VPOS="1442" HPOS="499"/>
							<String ID="string_231" HPOS="517" VPOS="1440" WIDTH="96" HEIGHT="29" WC="0.96" CONTENT="begärde"/><SP WIDTH="16" VPOS="1440" HPOS="613"/>
							<String ID="string_232" HPOS="629" VPOS="1439" WIDTH="62" HEIGHT="22" WC="0.96" CONTENT="ordet"/><SP WIDTH="15" VPOS="1439" HPOS="691"/>
							<String ID="string_233" HPOS="706" VPOS="1439" WIDTH="40" HEIGHT="22" WC="0.93" CONTENT="och"/><SP WIDTH="15" VPOS="1439" HPOS="746"/>
							<String ID="string_234" HPOS="761" VPOS="1438" WIDTH="95" HEIGHT="30" WC="0.96" CONTENT="yttrade:"/>
						</TextLine>
					</TextBlock>
				</ComposedBlock>
			</PrintSpace>
		</Page>
	</Layout>
</alto>
