1042 1750
780 123 39 21 311

104 186 75 28 lagens
194 186 118 29 stadgande
328 186 7 22 i
350 187 28 21 24
392 186 49 30 kap.
455 187 26 21 B.
491 187 33 27 B.,
540 189 56 20 samt
606 194 35 15 n:o
656 189 13 20 2
683 188 112 28 angående
805 188 44 22 före

104 221 117 29 ändringar
243 222 40 22 och
306 221 76 29 tillägg
401 222 35 22 vid
456 222 109 22 allmänna
584 223 75 28 lagens
676 223 118 28 stadgande
814 230 34 16 om

104 255 231 29 förmyndarevärden;
357 256 31 21 uti
408 256 74 22 hvilka
504 258 77 20 trenne
603 258 132 20 sistnämnde
757 257 92 24 ärender

103 290 199 30 protokollsutdrag
314 290 81 28 jemväi
409 290 33 21 till
458 290 85 22 ståndet
559 292 177 21 öfverlemnades.

172 324 162 28 Deputationen
348 324 102 22 tackades
466 324 39 22 och
520 324 105 23 afträdde.

171 393 58 21 Herr
248 393 200 28 Björkenheim,
466 393 26 22 L.
510 393 29 22 M.
557 394 38 21 R.:
616 394 87 28 Mycket
722 394 39 21 har
780 394 67 22 redan

103 426 72 22 blifvit
192 428 82 27 yttradt
292 427 7 21 i
316 427 36 21 det
367 434 29 14 nu
411 428 141 21 förevarande
567 430 73 20 ämnet
653 428 40 21 och
707 428 8 20 i
730 429 119 27 synnerhet

102 468 65 15 anser
183 462 47 27 jag,
249 463 32 19 att
300 461 24 22 sä
343 461 87 28 mycket
448 461 72 22 blifvit
539 462 86 21 anfördt
643 462 34 21 till
693 463 48 20 stöd
756 462 34 21 för
805 463 42 21 den

103 496 79 28 nådiga
196 495 142 29 proposition,
354 502 45 15 som
415 497 63 27 utgör
491 496 91 22 föremål
593 497 34 20 för
637 496 160 29 ridderskapets
809 497 39 22 och

103 531 75 21 adelns
198 530 163 28 förhandlingar
375 531 7 20 i
398 531 70 21 denna
484 531 72 27 stund,
573 533 32 19 att
620 531 42 21 alla
677 531 46 21 skäl
739 538 46 15 som
799 531 49 22 blif-

103 566 31 21 vit
155 565 90 22 anförda
266 565 98 22 deremot
384 566 67 21 redan
474 565 66 23 borde
564 573 62 15 anses
651 565 135 29 vederlagde.
819 566 29 22 Sä

102 601 76 28 tyckes
198 600 55 22 dock
273 601 20 27 ej
314 607 52 15 vara
384 600 68 21 fallet.
481 600 108 22 Personer
609 600 68 22 finnas
695 601 8 20 i
719 601 70 21 denna
804 601 43 21 för-

103 635 102 27 samling,
221 642 46 14 som
287 636 58 20 ännu
359 634 34 22 för
408 635 68 28 nägra
490 635 116 28 ögonblick
621 635 65 21 sedan
701 635 148 22 framkommit

103 669 50 23 med
167 669 168 29 anmärkningar
346 671 56 19 emot
413 669 41 22 den
465 669 79 29 nädiga
553 670 169 28 propositionen,
734 670 39 21 och
785 670 64 22 bland

103 704 49 22 dem
166 705 39 21 har
220 704 50 22 herr
286 704 133 22 Silfversvan
434 706 67 26 yttrat
515 704 73 29 något,
603 712 46 14 som
662 706 39 27 jag
713 705 34 21 för
758 705 45 22 min
814 705 35 23 del

104 740 19 28 ej
140 739 43 21 kan
198 739 72 21 lemna
286 739 132 21 obesvaradt.
447 739 59 21 Herr
520 739 133 21 Silfversvan
669 739 89 22 anförde
773 740 34 21 för
821 746 26 15 en

103 774 65 22 stund
188 773 72 27 sedan,
280 775 34 19 att
334 773 36 21 det
384 773 144 29 ovilkorligen
543 774 70 21 skulle
628 774 101 28 försvaga
743 774 104 22 Finlands

103 808 72 22 kredit
189 810 33 20 att
235 815 31 15 nu
280 808 72 22 lemna
367 808 42 21 den
423 808 94 29 begärda
532 808 107 29 garantin.
659 804 14 38 I
695 809 38 21 fall
748 809 37 21 det
799 809 7 21 i
817 810 32 20 ett

103 844 57 27 land,
176 843 44 27 der,
236 844 71 20 såsom
322 850 50 14 man
388 843 44 21 ofta
448 843 71 21 anfört
534 843 41 22 och
587 843 64 21 allom
663 845 24 19 är
697 843 87 27 bekant,
793 845 54 20 stör»

104 880 33 20 sta
157 878 62 21 delen
240 878 23 20 af
280 877 159 22 innevänarene
459 879 36 20 äro
509 877 152 29 jordbrukare,
678 877 69 22 skulle
763 878 84 22 minska

104 913 48 21 dess
167 912 77 27 kredit,
260 914 32 20 att
307 912 48 22 dess
370 912 280 28 representantförsamling
665 912 61 29 afger
741 914 31 20 ett
786 913 61 21 bevis

103 948 83 26 derom,
201 948 31 20 att
246 946 60 22 detta
325 946 61 22 lands
404 947 51 28 jord
470 954 51 21 eger
536 954 43 21 nog
594 946 65 22 värde
675 947 33 21 för
723 949 32 19 att
769 949 77 26 utgöra

102 982 84 28 fullgod
201 982 102 21 säkerhet
318 981 33 21 för
370 982 30 20 ett
415 981 96 21 tilltänkt
526 981 39 21 och
580 981 76 28 nödigt
671 981 76 21 funnet
762 982 42 26 län,
819 982 28 21 dä

104 1017 39 21 har
160 1017 39 27 jag
219 1016 114 28 ingenting
348 1017 32 19 att
395 1016 103 21 anmärka
513 1018 58 20 emot
586 1016 49 20 herr
651 1016 144 21 Silfversvans
810 1016 37 28 pä-

104 1051 96 22 stäende.
228 1050 58 22 Herr
305 1050 133 22 Silfversvan
456 1050 37 21 vill
509 1050 54 22 dock
578 1050 80 27 bevilja
673 1057 26 14 en
715 1050 85 28 garanti
815 1050 33 22 för

106 1086 25 22 12
152 1086 100 28 miljoner
271 1084 71 27 mark,
362 1092 50 13 men
432 1084 83 22 fordrar
535 1085 130 21 ätminstone
684 1086 31 20 att
730 1084 27 21 all
774 1084 73 22 affärs-

104 1120 131 30 gemenskap
258 1120 92 20 emellan
372 1119 236 28 hypoteksföreningen
629 1119 39 21 och
687 1119 86 21 banken
793 1119 55 21 skall

103 1155 91 28 afböjas.
223 1154 81 22 Derom
320 1154 38 22 har
373 1154 67 23 redan
455 1154 86 28 mycket
557 1153 69 22 blifvit
641 1153 90 29 yttradt,
746 1160 49 15 men
808 1154 40 28 jag

103 1190 39 22 har
160 1191 59 20 ännu
234 1190 65 28 nägot
314 1190 32 20 att
361 1189 71 21 erinra
448 1196 40 14 om.
517 1189 44 20 För
575 1196 40 21 par
628 1188 115 21 decennier
758 1188 91 21 tillbaka

104 1225 39 21 har
157 1224 105 21 Finlands
276 1223 59 22 bank
350 1223 23 21 af
386 1223 69 21 finska
470 1223 68 22 folket
552 1223 101 27 mottagit
663 1223 36 21 det
709 1223 74 21 silfver
795 1223 52 21 eller

104 1259 72 22 dertill
195 1258 143 22 realiserbara
353 1258 90 26 valutor,
462 1265 45 14 som
522 1257 61 22 detta
597 1257 46 21 folk
657 1257 68 21 under
739 1257 61 28 längt
815 1264 33 13 ar-

103 1294 50 20 bete
168 1293 55 21 hade
233 1293 125 22 förvärfvat.
380 1293 219 27 Omständigheterna
609 1291 64 22 hafva
683 1291 84 28 tvingat
777 1291 71 21 denna

104 1328 58 22 bank
180 1328 32 20 att
226 1328 34 20 för
276 1334 26 15 en
317 1327 76 27 längre
407 1327 32 21 tid
453 1327 87 21 inställa
555 1326 33 21 sin
603 1326 197 27 silfverutvexling,
815 1326 33 20 att

104 1364 66 26 vägra
183 1363 33 19 att
231 1355 58 27 emot
304 1361 46 21 sina
366 1361 85 27 utgifna
466 1361 71 21 sedlar
551 1360 118 22 äterbetala
684 1360 36 21 det
735 1360 38 21 der
783 1360 64 28 depo-

104 1396 80 22 nerade
204 1395 76 21 silfret.
310 1394 102 22 Bankens
432 1394 201 22 sedelinnehafvare
649 1394 52 20 eller
717 1394 49 20 med
781 1393 67 21 andra

104 1430 38 22 ord
164 1430 49 22 dess
234 1429 175 30 fordringsegare
431 1429 65 25 hafva
514 1429 50 25 icke
577 1428 73 33 nägon
665 1429 65 31 utväg
745 1428 31 20 att
791 1428 58 23 emot
