1061 1759
830 126 40 21 185

153 194 143 28 ovilkorligen
315 193 65 21 hafva
394 193 169 29 åbyggnaderna
578 192 110 22 derstädes
703 192 195 22 brandförsäkrade

154 234 78 21 genom
248 228 164 27 ifrågavarande
428 228 118 28 stadgande
562 229 20 27 ej
598 228 70 20 heller
681 227 42 21 kan
740 228 91 26 utöfvas,
847 230 52 18 enär

154 262 36 21 det
209 262 44 20 står
273 262 48 21 dem
342 262 46 21 fritt
404 264 31 19 att
451 263 54 20 först
519 262 52 28 ingå
585 263 8 20 i
608 262 109 21 allmänna
733 262 166 20 brandstodsbo-

153 296 58 27 laget
221 296 35 20 för
266 296 74 21 landet
351 296 39 21 och
401 297 144 20 närsomhelst
556 296 46 21 åter
613 295 95 22 derifrån
718 295 93 21 utträda.
827 295 72 21 Emel-

153 330 64 21 lertid
236 330 69 22 skulle
319 331 39 27 jag
373 338 51 14 anse
441 331 36 20 det
492 331 144 27 försigtigast,
652 331 31 20 att
698 330 86 21 utträde
799 329 47 22 från
863 330 36 20 hä-

153 365 151 28 radsförening
325 365 69 21 skulle
414 366 21 21 få
455 365 37 21 ske
512 365 76 21 endast
606 365 27 21 då
653 371 50 14 man
722 364 179 21 brandförsäkrat

154 399 33 21 sin
203 399 105 28 egendom
324 400 7 20 i
346 400 66 27 något
426 402 67 19 annat
508 399 71 29 bolag,
594 401 53 19 utan
662 400 32 19 att
709 399 59 21 detta
783 399 56 21 dock
853 405 47 22 spe-

153 434 51 21 cielt
219 433 55 22 skall
289 441 52 14 vara
357 435 216 27 brandstodsbolaget
588 435 33 20 för
636 434 80 20 landet.

221 468 102 21 Friherre
344 469 26 20 de
389 469 21 21 la
431 469 135 28 Chapelle:
589 469 11 20 I
620 468 118 28 anledning
756 468 24 21 af
794 468 50 21 herr
859 476 41 13 von

153 503 169 28 Weissenbergs
342 503 101 28 yttrande
463 503 69 22 skulle
549 504 40 27 jag
608 503 26 21 be
650 505 31 19 att
696 503 22 20 få
733 509 98 22 upprepa
847 503 54 21 hvad

151 539 40 27 jag
201 538 7 20 i
221 539 48 20 mitt
281 538 68 21 första
357 538 138 28 andragande
507 538 65 21 redan
585 537 81 28 antydt,
676 539 31 19 att
715 537 41 21 den
766 538 79 28 nådiga
852 545 49 21 pro-

153 573 124 28 positionen
292 573 83 21 lemnar
391 573 86 21 tillfälle
491 574 63 21 äfven
564 573 33 21 för
605 573 182 20 kronohemmans
796 573 66 20 åboer
870 575 31 18 att

155 607 86 22 utträda
256 615 25 14 ur
296 607 216 28 häradsföreningen.
532 608 70 21 Dessa
612 607 126 28 föreningar
748 609 38 19 äro
797 608 28 27 på
835 608 67 27 några

155 644 57 19 orter
227 643 66 20 redan
309 642 45 21 helt
369 643 39 20 och
419 643 67 20 hållet
497 643 116 28 upphäfne.
637 642 76 21 Såsom
724 643 100 27 exempel
834 643 69 27 härpå

154 677 43 20 kan
216 677 39 28 jag
270 677 94 28 åberopa
379 677 84 21 Tenala
478 678 85 21 socken.
593 677 46 21 Der
654 677 65 20 hafva
734 677 169 27 sockneboerne,

154 711 67 22 sedan
241 719 27 14 en
288 712 35 21 del
344 712 23 21 af
385 713 48 20 dem
453 712 71 29 ingått
539 713 7 20 i
561 713 109 20 allmänna
685 711 218 28 brandstodsbolaget

155 747 33 20 för
208 747 84 27 landet,
309 747 192 21 öfverenskommit
516 749 32 19 att
562 747 92 28 upplösa
669 746 41 21 den
726 747 72 27 gamla
813 747 89 20 sockne-

155 782 136 28 föreningen,
312 782 83 21 hvilket
408 782 72 21 beslut
495 783 63 20 äfven
573 781 72 22 blifvit
660 781 24 21 af
698 783 137 26 guvernören
851 782 51 27 god-

155 817 74 21 kändt.
257 817 96 21 Sålunda
369 819 36 19 äro
421 817 43 21 alla
479 817 58 21 såväl
552 817 78 21 krono-
642 823 46 14 som
698 816 205 21 skatte-hemmans-

154 851 141 22 innehafvare
311 852 59 21 inom
386 851 71 22 denna
467 852 102 21 kommun
580 858 90 14 numera
680 851 41 21 fria
732 852 47 20 från
790 852 29 20 all
830 851 73 21 delak-

155 886 70 29 tighet
240 887 7 20 i
262 886 221 28 försäkringsanstalt.
509 887 43 20 För
563 886 66 29 öfrigt
639 886 68 21 måste
719 886 36 21 det
766 886 61 21 alltid
837 886 67 21 blifva

156 928 27 14 en
198 921 56 28 följd
268 921 24 21 af
305 921 42 21 den
362 921 79 28 nådiga
456 921 170 28 propositionen,
642 922 32 19 att
687 921 106 21 särskilda
804 921 99 28 stadgan-

156 957 41 20 den
217 957 69 20 måste
306 957 48 20 från
374 957 130 27 regeringen
524 956 51 28 utgå
590 955 92 22 rörande
696 955 207 28 kronolägenheter-

156 999 38 13 nas
214 991 125 28 försäkring
354 993 58 18 emot
427 991 109 21 eldskada.
566 991 67 21 Detta
648 997 63 21 synes
727 991 130 28 regeringen
873 991 31 21 äf-

157 1033 41 14 ven
221 1025 65 22 hafva
308 1026 76 26 insett,
407 1027 23 26 ty
452 1026 32 20 uti
507 1026 42 20 den
569 1033 43 20 nya
631 1025 211 28 boställsordningen
865 1026 39 20 har

157 1061 67 20 redan
247 1060 36 21 det
306 1060 119 28 stadgande
448 1061 42 20 fått
513 1061 61 28 ingå,
594 1061 32 20 att
646 1059 259 28 boställsåbyggnaderna

157 1095 144 28 ovilkorligen
317 1095 61 21 skola
393 1095 110 21 försäkras
518 1097 45 19 mot
579 1094 109 21 eldskada.

224 1129 57 22 Herr
305 1130 102 21 Taube:
430 1130 65 21 Hvad
511 1131 39 27 jag
570 1129 74 22 tänkte
664 1129 7 21 i
691 1129 59 21 detta
770 1131 63 19 ämne
847 1131 58 26 yttra

157 1165 39 21 har
211 1164 93 22 friherre
320 1165 26 20 de
360 1165 22 20 la
398 1165 103 27 Chapelle
517 1165 67 20 redan
600 1163 78 28 anfört,
694 1164 40 21 och
750 1163 32 21 får
795 1164 39 28 jag
850 1165 54 20 såle-

158 1200 37 21 des
215 1200 76 20 endast
311 1199 75 21 förena
405 1200 46 27 mig
471 1199 49 21 med
538 1199 79 21 honom
634 1199 39 20 och
689 1198 110 27 bekräfta,
815 1200 31 19 att
861 1199 43 20 för-

157 1234 110 21 hållandet
283 1234 50 20 med
349 1234 81 21 Tenala
446 1234 79 20 socken
540 1233 127 27 verkeligen
682 1235 24 18 är
721 1233 77 20 sådant
811 1241 45 12 som
868 1233 37 20 fri-

157 1269 66 20 herrn
238 1268 114 28 uppgifvit.
383 1268 71 21 Sedan
470 1269 67 27 nägra
552 1268 22 21 af
588 1267 162 21 sockneboerne
764 1267 56 21 hade
835 1267 70 28 ingätt

158 1303 6 20 i
180 1303 110 20 allmänna
304 1303 225 27 brandstodsbolaget,
545 1303 34 20 för
592 1301 80 27 landet,
684 1301 23 21 sä
717 1301 188 22 öfverenskommo

158 1337 27 21 de
206 1337 69 28 öfriga
297 1337 285 28 lägenhetsinnehafvarene
602 1338 32 19 att
654 1336 92 28 upplösa
767 1336 41 21 den
829 1336 76 21 dittills

158 1372 101 27 gällande
281 1372 259 27 brandstodsföreningen
556 1371 40 20 och
611 1371 82 20 erhöllo
709 1370 67 27 derpä
790 1371 115 20 vederbör-

158 1406 31 27 lig
211 1405 147 28 stadfästelse;
382 1406 32 20 till
434 1405 53 27 följe
508 1405 62 21 deraf
588 1405 33 20 stä
636 1411 29 14 nu
680 1404 132 21 dervarande
827 1405 78 20 krono-

159 1440 112 21 hemmans
290 1439 139 29 &byggnader
449 1439 139 21 oförsäkrade
610 1439 40 21 och
666 1438 74 28 tyckes
759 1439 54 26 mig,
829 1440 31 19 att
876 1440 30 19 ett
