1039 1781
194 145 41 20 598

164 211 32 19 att
207 210 105 27 befogade
327 210 169 28 anmärkningar
506 210 101 21 deröfver
617 210 88 28 afgifva,
716 210 67 20 innan
795 210 120 20 detsamma

163 243 125 29 förelägges
304 244 32 20 till
353 244 127 21 ständernas
496 245 89 27 slutliga
600 244 142 28 granskning.

233 278 49 21 Den
298 278 32 22 tid
345 279 143 27 lagutskottet
503 279 47 21 haft
565 279 34 21 till
614 279 33 21 sin
663 279 129 28 disposition
809 279 40 20 har
867 278 48 21 med

164 312 104 22 afseende
288 313 13 21 å
320 313 132 21 ärendernas
476 314 79 28 mängd
576 314 40 20 och
637 314 46 28 vigt
701 314 56 20 varit
777 313 74 21 alltför
867 313 49 21 kort

164 347 36 21 för
214 349 33 19 ett
261 354 162 22 noggrannare,
444 348 179 28 omsorgsfullare
643 348 164 28 genomgående
823 348 39 20 och
879 348 36 20 be-

165 382 128 28 grundande
308 382 24 21 af
341 383 149 28 föreliggande
502 385 73 25 ämne;
585 395 26 3 -—
620 390 49 14 man
680 383 40 21 har
730 382 93 28 nödgats
833 382 84 28 skynda

165 416 57 21 hvad
242 424 50 14 man
312 417 99 27 förmått,
430 424 35 14 om
480 418 66 20 också
560 418 29 27 på
604 417 120 21 bekostnad
740 417 23 21 af
776 416 141 28 grundlighe-

165 452 45 19 ten.
232 450 46 22 För
292 452 44 20 min
352 451 35 21 del
403 452 133 20 åtminstone
550 451 71 21 skulle
633 452 40 27 jag
687 451 48 21 haft
749 451 68 21 behof
830 451 24 21 af
866 451 50 21 vida

165 485 78 27 längre
260 485 32 21 tid
310 485 35 21 för
359 488 32 18 att
406 486 67 28 något
488 486 24 21 så
526 487 42 20 när
581 486 75 20 kunna
670 485 121 21 framställa
806 486 27 20 de
846 485 71 21 skilda

165 519 83 27 åsigter
259 520 42 28 jag
315 520 58 20 inom
390 520 106 21 utskottet
511 522 75 26 yttrat.
610 519 43 29 Jag
666 520 57 20 hade
737 520 35 20 väl
787 519 46 21 haft
848 520 8 20 i
872 520 43 20 sin-

165 555 38 19 net
218 555 32 19 att
264 554 74 28 bifoga
354 554 118 21 utskottets
482 554 140 22 betänkande
631 561 27 14 en
669 554 66 28 något
746 554 170 28 omständligare

165 588 145 27 reservation,
331 595 49 14 men
401 589 68 27 några
487 589 90 21 veekors
592 588 101 22 frånvaro
708 588 70 22 under
790 588 125 28 julhelgen,

166 621 123 22 hvarunder
303 622 149 21 betänkandet
466 625 113 26 uppsattes
594 623 41 20 och
648 623 141 20 befordrades
799 623 33 20 till
843 623 73 28 tryck,

166 657 57 20 samt
242 657 59 20 mina
319 657 79 28 många
417 657 130 28 åligganden
562 657 56 21 efter
633 657 148 21 återkomsten
797 657 33 21 till
846 657 70 21 landt-

166 689 70 29 dagen
252 691 64 21 hafva
334 691 152 29 omöjliggjort
504 692 46 21 min
569 692 78 27 afsigt,
665 692 102 21 hvarföre
779 692 40 28 jag
834 699 30 14 nu
879 699 37 14 an-

166 724 69 22 håller
250 727 32 18 att
298 725 131 22 åtminstone
444 726 58 21 inför
512 726 119 27 höglofliga
641 726 150 28 ridderskapet
802 726 39 21 och
852 726 64 21 adeln

165 758 22 21 få
203 759 7 20 i
225 759 89 21 korthet
328 766 112 15 reservera
456 761 46 27 mig
517 762 44 19 mot
575 760 58 21 vissa
651 760 61 21 delar
725 761 24 20 af
762 760 155 21 betänkandet.

235 793 33 21 Då
286 794 40 27 jag
347 794 95 28 begärde
465 795 71 26 ordet,
556 801 39 14 var
610 795 37 20 det
661 795 50 20 med
726 801 27 14 en
768 795 45 21 viss
827 795 89 20 fruktan

165 829 33 23 att
220 827 67 22 blifva
310 835 39 20 ,en
370 829 107 28 ropandes
497 831 45 19 röst
557 829 7 20 i
580 829 85 20 öknen"
685 829 40 21 och
739 829 37 21 det
791 831 24 19 är
830 829 87 21 derföre

166 861 49 23 med
236 862 190 25 tillfredsställelse
444 863 38 28 jag
499 863 72 21 funnit
586 863 42 21 den
645 863 133 28 föregående
792 863 125 28 högaktade

166 896 83 25 talaren
270 897 64 21 hafva
354 899 68 26 yttrat
442 905 27 14 en
488 898 66 28 åsigt,
570 904 46 14 som
632 897 33 21 till
681 897 52 22 fullo
749 898 167 21 öfverensstäm-

166 937 46 14 mer
227 931 56 21 med
291 933 45 20 min
352 938 54 22 egen
422 932 142 29 oförgripliga
582 932 153 28 öfvertygelse.
765 932 39 21 Att
819 933 40 20 här
872 933 44 21 vid-
941 942 2 3 :

165 967 51 19 röra
226 965 26 22 de
263 967 80 27 många
358 967 148 26 straffteorier,
522 974 46 14 som
579 967 24 20 af
611 967 116 21 rättslärde
737 967 128 28 uppställts,
877 968 39 21 och

165 999 64 22 deras
244 1000 126 22 företräden
385 1001 90 24 framför
490 1001 122 24 hvarandra
628 1001 61 21 torde
705 1001 48 22 icke
769 1008 52 15 vara
837 1002 28 28 på
883 1002 33 21 sin

165 1034 67 28 plats,
253 1035 40 20 och
313 1035 57 21 hvad
384 1035 103 24 särskildt
502 1035 139 22 dödsstraffet
659 1036 74 27 angår,
749 1038 24 19 är
788 1036 77 28 frågan
881 1043 35 14 om

165 1068 51 21 dess
234 1069 152 28 rättmätighet
405 1071 58 23 ännu
478 1070 62 28 långt
554 1069 57 23 ifrån
628 1070 93 28 afgjord.
751 1070 41 21 Om
809 1070 40 21 ock
864 1071 53 21 flere

165 1102 123 22 fördömma
309 1103 121 25 detsamma
452 1104 70 23 såsom
546 1104 145 28 orättmätigt,
714 1106 78 19 stanna
813 1104 56 21 dock
891 1105 26 21 de

165 1137 63 21 fleste
244 1137 35 21 vid
295 1138 161 28 öfvertygelsen
473 1145 34 14 om
520 1139 48 21 dess
584 1139 160 28 nödvändighet.
767 1139 52 21 Man
833 1139 40 21 har
883 1139 34 21 till

165 1171 50 22 stöd
234 1171 34 21 för
288 1172 150 21 dödsstraffets
456 1172 147 29 obehöflighet
621 1173 41 24 och
677 1173 67 20 totala
759 1173 157 22 afskaffande
904 1167 15 38 i

165 1206 75 21 landet
260 1206 72 21 anfört
352 1207 65 20 bland
436 1209 76 24 annat,
531 1214 46 15 som
593 1207 24 24 af
630 1207 133 28 föregående
779 1207 84 22 talaren
879 1215 37 14 an-

166 1240 82 21 märkts
264 1241 40 21 och
318 1241 69 28 enligt
402 1241 45 21 min
463 1241 57 28 åsigt
534 1241 138 28 fullständigt
682 1241 133 31 vederlagts,
825 1242 91 23 hufvud-

166 1275 106 28 sakligast
292 1275 46 21 dels
358 1275 80 21 folkets
459 1275 56 28 höga
534 1275 135 28 ståndpunkt
684 1275 7 21 i
707 1276 79 27 sedligt
801 1276 114 27 afseende,

166 1309 46 21 dels
228 1309 42 22 den
286 1309 125 22 erfarenhet
427 1317 49 12 man
493 1309 65 21 redan
575 1310 77 20 vunnit
667 1310 68 22 under
751 1317 27 13 en
790 1311 31 22 tid
831 1311 24 19 af
864 1313 53 19 nära

147 1348 2 2 *
166 1342 81 28 fyratio
267 1343 31 26 år,
318 1342 123 22 hvarunder
461 1342 121 23 lifsstraffet
596 1342 112 22 härstädes
724 1343 48 20 icke
788 1343 72 21 blifvit
875 1343 43 21 till-

166 1376 103 28 lämpadt.
292 1376 76 28 Villigt
384 1377 39 19 och
440 1376 86 20 rättvist
542 1376 108 20 erkänner
663 1376 46 28 jag,
725 1378 31 19 att
769 1376 70 23 finska
849 1377 68 21 folket

167 1410 43 21 kan
230 1410 8 20 i
258 1410 113 22 moraliskt
390 1410 124 21 hänseende
535 1410 34 21 väl
590 1411 59 19 mäta
669 1410 34 28 sig
719 1410 48 21 med
783 1411 51 22 flere
850 1411 67 22 andra

167 1445 149 27 kulturstater,
336 1452 48 16 men
404 1446 32 23 att
455 1445 63 21 ställa
537 1445 37 21 det
589 1445 50 21 vida
654 1445 75 28 högre,
745 1446 61 21 torde
822 1453 52 14 vara
890 1453 27 18 en
