1045 1745
210 125 42 22 578

184 192 24 21 så
223 191 71 21 finner
306 191 39 28 jag
361 190 75 21 derom
449 196 27 15 en
492 189 114 28 anvisning
621 189 7 21 i
646 189 25 21 13
687 189 11 27 $
714 189 23 20 af
751 186 36 24 det
802 186 79 31 nådiga
891 189 43 20 för-

184 226 81 28 slaget,
281 225 38 21 der
335 225 36 20 det
386 224 97 28 stadgas:
500 226 34 25 ,är
550 223 221 22 öfverenskommelse
788 230 34 13 om
838 223 96 27 stängsel

183 260 142 27 ofullständig
340 259 40 21 och
396 259 89 28 uppstår
501 258 86 22 derföre
603 259 53 20 eller
671 258 24 21 af
708 265 71 14 annan
796 258 64 21 orsak
873 258 61 27 fråga

184 302 34 14 om
242 295 41 21 den
306 294 81 28 grund,
410 293 111 22 hvarefter
543 293 174 28 stängselbesvär
740 293 39 21 bör
799 293 23 21 af
839 300 95 21 grannar

184 329 115 28 fullgöras,
322 328 78 21 varder
423 328 113 28 hägnaden
560 327 24 21 af
604 327 48 21 dem
673 327 105 21 hvardera
798 327 33 21 till
851 327 83 21 hälften

184 363 95 28 uppförd
294 363 40 20 och
349 362 148 21 underhållen.
522 362 48 21 Men
585 361 47 21 ifall
647 362 124 28 uppenbart
785 363 30 25 är,
830 363 32 19 att
872 361 62 21 hvar-

185 397 63 22 deras
268 397 130 27 deltagande
419 396 6 21 i
444 397 200 27 hägnadsbesväret
664 396 54 21 efter
739 396 70 21 denna
828 395 70 27 grund
914 396 20 26 ej

185 434 119 18 motsvarar
328 431 36 20 det
386 437 68 21 gagn,
477 437 46 14 som
545 430 111 27 stängseln
676 430 22 21 åt
714 430 46 20 dem
777 430 90 25 medför,
884 436 50 14 vare

186 465 26 22 de
228 466 32 21 uti
275 465 114 28 hägnaden
412 465 120 27 delaktiges
553 464 89 21 stående
661 464 81 21 mantal
760 464 49 28 laga
825 464 110 27 delnings-

185 500 77 28 grund.

254 534 59 21 Herr
328 540 41 15 von
385 533 98 21 Essen:
505 533 32 22 På
556 533 25 22 de
600 533 98 27 motiver,
715 540 45 14 som
776 533 51 21 herr
843 533 91 21 Groten-

185 569 40 21 felt
244 569 8 20 i
272 569 32 21 sin
325 569 133 20 reservation
479 568 127 26 framställt,
625 568 70 21 skulle
708 569 39 27 jag
763 568 65 21 också
844 567 33 22 till
893 567 42 21 alla

186 603 60 21 delar
268 603 52 28 vilja
342 602 142 28 understödja
503 602 41 21 den
560 603 65 26 äsigt,
642 609 45 14 som
704 603 38 20 der
757 602 69 21 finnes
841 602 94 26 uttalad,

183 637 47 28 just
245 637 33 21 för
294 639 31 18 att
339 637 137 20 förekomma
490 637 75 20 tvister
581 637 39 20 och
635 637 148 27 rättegångar.

254 670 57 22 Herr
327 670 190 22 Schatelovitz:
534 671 43 27 Jag
592 671 86 20 förenar
696 671 45 28 mig
756 671 50 20 med
819 671 50 20 herr
885 671 50 20 Silf-

186 712 91 15 versvan
293 705 6 20 i
316 705 76 28 öfrigt,
408 707 59 19 utom
479 705 54 20 hvad
546 705 35 20 det
595 705 102 20 beträffar
708 707 32 18 att
750 705 104 20 mantalet
865 705 69 20 skulle

186 739 69 22 blifva
278 739 177 28 delningsgrund.
492 739 67 21 Detta
581 739 72 21 kunde
676 739 50 21 leda
745 739 33 21 till
793 739 91 21 alldeles
899 739 36 21 ab-

186 781 76 14 norma
289 773 160 28 förhållanden,
476 774 31 28 ity
534 776 32 18 att
588 774 39 28 jag
649 774 48 21 utaf
718 781 27 14 en
767 780 40 14 ren
829 774 106 28 tillfällig-

187 808 45 27 het,
256 808 41 21 den
320 810 33 19 att
373 808 44 21 min
437 809 108 27 rågranne
567 808 39 21 har
630 810 31 19 ett
684 810 68 19 större
776 808 53 21 eller
851 808 84 22 mindre

186 843 92 27 mantal,
301 843 72 21 blefve
396 842 111 22 nödsakad
526 845 31 18 att
577 843 6 20 i
604 845 31 18 ett
654 842 38 21 fall
712 845 77 26 stänga
807 842 30 21 tio
853 843 83 28 gånger

186 884 46 14 mer
255 879 26 19 än
304 877 7 20 i
334 878 31 20 ett
386 879 77 25 annat,
487 880 52 18 utan
562 879 31 19 att
613 877 71 21 denna
700 877 124 28 skyldighet
839 878 38 20 det
891 878 44 20 rin-

187 914 61 25 gaste
269 911 60 21 stode
352 912 7 20 i
382 911 135 22 förhållande
540 912 33 20 till
594 912 40 20 den
656 913 62 25 nytta
734 912 111 28 stängseln
859 912 33 20 för
908 919 27 14 en

186 946 53 20 hvar
260 946 91 20 medför.
389 945 44 28 Jag
455 946 70 21 skulle
546 946 86 20 derföre
652 953 52 14 anse
720 946 36 21 det
771 946 53 21 böra
839 946 52 21 bero
907 947 28 27 på

186 980 104 20 domstols
305 980 111 27 pröfning.

254 1014 58 21 Herr
326 1021 42 14 von
384 1014 122 21 Gertten:
526 1014 43 28 Jag
584 1014 70 21 skulle
669 1014 76 21 förena
761 1015 44 27 mig
820 1014 50 21 med
885 1015 51 21 herr

187 1048 133 22 Silfversvan
340 1048 7 21 i
368 1048 117 28 anledning
505 1048 71 27 deraf,
597 1050 31 19 att
649 1056 35 14 om
705 1056 27 14 en
752 1050 117 27 rågranne,
889 1056 45 14 som

186 1083 40 21 har
246 1085 14 19 t.
282 1089 33 15 ex.
336 1084 12 20 3
369 1083 92 27 mantal,
480 1085 70 19 möter
566 1085 30 19 ett
612 1085 66 19 annat
694 1084 96 27 byamål,
807 1090 45 14 som
868 1084 38 20 har
922 1085 12 19 6

184 1119 92 26 mantal,
292 1118 24 20 så
331 1118 80 27 skulle,
428 1124 33 14 om
477 1118 84 21 hälften
577 1119 61 27 toges
649 1118 32 21 till
693 1118 76 28 grund,
785 1118 41 21 den
839 1125 45 14 som
895 1118 39 21 har

186 1152 76 21 endast
282 1153 12 20 3
317 1152 82 21 mantal
421 1152 22 21 få
465 1153 86 27 mycket
572 1154 69 19 större
657 1154 68 26 tunga
740 1153 23 20 af
776 1152 115 29 hägnaden
907 1155 26 19 än

186 1186 41 21 den
250 1194 46 14 som
319 1186 39 21 har
378 1188 12 20 6
411 1187 88 21 mantal.
529 1187 43 28 Jag
587 1187 79 21 önskar
682 1187 84 21 således
782 1189 32 19 att
829 1188 105 20 mantalet

186 1221 36 20 må
236 1220 121 22 bibehållas
373 1221 71 21 såsom
460 1221 71 28 grund
546 1222 33 21 för
595 1221 124 28 delningen.

252 1255 103 21 Friherre
379 1255 139 29 Carpelan:
540 1256 45 21 För
604 1256 45 20 min
668 1256 36 20 del
720 1263 63 14 anser
796 1256 39 28 jag
851 1258 82 19 manta-

183 1288 43 21 lets
241 1289 107 27 läggande
369 1290 33 19 till
421 1290 70 26 grund
511 1291 33 19 för
563 1289 117 27 delningen
698 1296 52 14 vara
765 1291 115 26 olämpligt
895 1291 39 19 och

184 1321 8 21 i
208 1321 26 21 de
249 1322 63 20 flesta
327 1322 38 20 fall
381 1322 89 21 alldeles
487 1322 90 28 obilligt.
600 1322 52 21 Man
666 1322 43 21 kan
725 1323 66 20 tänka
807 1323 33 28 sig
856 1325 78 19 tvenne

184 1355 129 29 lägenheter
328 1357 110 27 angränsa
448 1356 32 21 till
491 1356 132 27 hvarandra,
639 1357 41 21 den
697 1364 41 15 ena
753 1363 35 15 om
804 1359 31 19 ett
846 1357 87 28 mantal,

185 1390 42 22 den
248 1391 67 21 andra
335 1398 34 15 om
391 1392 43 21 två.
468 1391 49 22 Den
533 1399 46 14 som
595 1392 39 21 har
650 1392 36 21 det
702 1399 41 14 ena
757 1393 82 20 mantal
855 1393 79 28 begag-

185 1433 40 14 nar
240 1427 28 28 på
284 1426 31 22 sin
332 1426 46 22 sida
393 1426 124 22 betesmark
531 1427 137 21 uteslutande
679 1427 50 22 hela
742 1428 57 21 årets
811 1427 123 22 barmarks-
