1061 1767
814 122 42 21 203

139 184 63 22 alltså
223 186 32 20 får
276 185 84 21 tillfälle
384 188 32 19 att
434 186 60 28 spela
513 194 26 14 en
560 186 121 28 betydande
697 187 40 21 roll
756 187 8 20 i
783 186 101 22 afseerde

140 219 13 21 8
168 219 198 22 nämndemännens
386 221 67 21 antal.
483 220 28 22 Ju
531 221 57 21 färre
609 221 26 21 de
654 221 68 21 blifva
742 221 32 21 till
796 222 89 26 antalet,

139 254 122 21 destomera
277 254 60 21 skola
352 255 26 21 de
394 255 65 21 hafva
473 257 32 19 att
520 256 96 27 päräkna
631 256 7 20 i
652 256 102 27 aflöning.
786 256 43 27 Jag
841 256 43 20 kan

138 288 84 21 säledes
238 288 67 22 under
321 290 134 21 närvarande
471 289 148 21 förhällanden
635 290 19 27 ej
669 289 85 22 biträda
768 290 41 20 den
820 290 63 27 äsigt,

138 329 46 14 som
204 323 71 27 yrkar,
296 325 31 19 att.
348 324 78 21 minsta
447 324 81 21 antalet
546 324 143 21 nämndemän
705 324 55 21 skall
776 331 52 14 vara
843 324 40 28 sju,

137 359 50 19 utan
204 358 79 21 önskar
295 358 46 28 jag,
358 360 31 19 att
404 358 37 22 det
456 358 129 21 bestämmes
601 358 33 21 till
650 358 42 21 nio.

204 392 57 21 Herr
276 400 41 14 von
333 392 83 28 Born,
436 392 21 22 J.
473 394 38 20 A.:
531 393 46 21 Mot
596 392 57 22 hvad
667 393 93 21 friherre
776 393 107 29 Carpelan

136 434 30 14 nu
186 427 87 22 sednast
291 429 68 27 yttrat
377 428 32 21 till
429 428 177 29 ädagaläggande
622 428 68 27 deraf,
705 429 31 20 att
752 428 79 22 minsta
846 435 37 14 an-

136 462 54 21 talet
204 463 143 21 nämndemän
363 463 65 21 borde
445 463 129 21 bestämmas
590 462 33 21 till
638 463 43 27 nio,
690 463 98 21 anhäller
800 463 39 28 jag
852 465 31 19 att

135 497 23 20 fä
173 497 110 27 anmärka,
299 499 31 19 att
344 497 26 21 dä
386 497 187 29 tingslagsboerne
589 499 41 26 äga
645 497 53 21 bäde
709 497 59 28 välja
780 497 102 21 nämnde-

136 533 51 20 män
207 531 40 22 och
267 532 119 21 bestämma
405 532 63 21 deras
493 533 69 26 antal,
583 532 39 21 och
643 532 78 27 sjelfva
740 532 86 21 komme
851 534 32 19 att

137 568 55 19 mest
207 566 50 28 lida,
273 573 35 15 om
327 567 59 20 detta
401 567 59 21 antal
476 567 70 21 blefve
566 566 73 21 alltför
654 567 72 28 ringa,
742 568 24 19 är
781 566 37 21 det
833 567 50 28 föga

136 601 120 28 sannolikt,
272 603 31 20 att
318 601 188 29 tingslagsboerne
522 601 48 22 med
586 601 159 22 äsidosättande
761 601 24 21 af
798 601 38 21 sitt
851 601 31 22 in-

136 638 68 19 tresso
221 636 60 22 skola
297 636 118 21 inskränka
431 637 198 21 nämndemännens
645 636 58 21 antal
716 643 46 14 mer
773 637 27 20 än
811 636 72 21 lokala

136 671 147 22 förhällandet
305 671 36 22 det
361 671 99 28 skäligen
480 671 127 28 medgifver,
623 673 52 19 utan
690 671 90 20 fastmer
798 671 84 21 helldre

135 705 84 21 besluta
235 706 32 28 sig
282 705 34 22 för
332 708 31 19 ett
378 707 69 20 större
463 707 27 20 än
506 706 33 21 för
554 707 32 20 ett
600 705 83 22 mindre
699 705 65 21 antal.
786 705 42 28 Jag
838 705 43 21 till-

135 741 86 26 styrker
237 741 96 27 derföre,
349 743 31 19 att
394 741 8 21 i
420 741 98 28 enlighet
537 740 49 21 med
601 740 41 21 den
657 739 80 29 nädiga
754 739 128 29 propositio-

134 782 43 14 nen
195 775 60 21 detta
275 775 59 22 antal
355 776 65 21 måtte
441 775 129 22 bestämmas
591 775 33 20 till
642 775 65 20 minst
723 775 41 28 sju.
794 775 86 20 Beträf-

135 810 65 21 fande
220 809 76 29 frägan
312 817 35 14 om
362 810 75 28 hvarje
452 810 105 27 tingslags
576 809 113 28 indelning
707 809 8 21 i
733 809 58 21 vissa
806 811 76 19 nämn-

135 844 209 27 demänsdistrikter,
364 851 63 15 anser
445 845 48 28 jag,
509 847 31 18 att
560 844 56 21 hvad
635 844 107 21 utskottet
762 843 6 21 i
789 844 91 21 sednare

135 881 119 20 momentet
277 880 23 20 af
321 880 9 20 1
352 880 10 27 $
383 879 7 21 i
413 879 72 21 denna
504 879 96 28 syftning
619 879 114 28 föreslagit
756 880 65 26 utgör
842 879 40 20 allt

134 914 57 21 hvad
209 913 8 21 i
232 914 41 21 den
289 915 69 27 vägen
374 913 115 27 erfordras,
501 914 39 21 och
556 915 31 20 att
601 913 39 21 allt
650 914 99 20 närmare
760 913 120 28 reglemen-

134 948 90 22 terande
240 955 34 14 om
289 949 112 21 distrikter
416 950 24 20 är
455 949 96 28 onödigt.

202 983 11 20 I
227 983 102 22 afseende
345 983 13 22 &
373 983 141 22 redaktionen
530 983 126 21 instämmer
669 983 38 28 jag
718 982 50 21 med
778 982 50 21 herr
838 990 42 14 von

133 1018 164 28 Weissenberg.

201 1053 58 20 Herr
273 1052 162 29 Furuhjelm,
452 1052 27 21 H.
495 1053 35 21 V.:
546 1052 42 28 Jag
603 1052 38 21 vill
656 1051 33 21 till
704 1051 42 22 alla
762 1051 60 21 delar
837 1053 42 20 för-

134 1095 42 14 ena
193 1087 46 28 mig
254 1094 34 15 om
305 1087 55 22 hvad
375 1087 49 21 herr
441 1094 41 14 von
497 1088 66 26 Born,
579 1087 20 21 J.
615 1087 33 26 A.,
664 1093 30 14 nu
709 1087 67 27 yttrat
792 1086 38 21 och
847 1087 33 20 sä-

133 1129 46 14 som
195 1121 126 29 ytterligare
337 1121 47 22 skäl
399 1121 80 28 derför,
491 1123 31 19 att
538 1122 18 27 ej
573 1121 71 28 nägon
660 1120 92 22 särskild
767 1121 113 28 indelning

132 1157 7 21 i
162 1156 112 21 distrikter
297 1156 113 27 behöfves,
432 1156 95 28 äberopa
546 1156 41 21 den
608 1155 169 28 omständighet,
797 1157 33 19 att
848 1157 32 19 ett

133 1191 102 28 gällande
254 1191 118 28 stadgande
393 1191 78 26 finnes,
488 1191 67 20 ehuru
573 1191 40 27 jag
633 1190 19 27 ej
674 1197 29 14 nu
717 1189 43 22 kan
776 1190 103 27 påminna

133 1226 45 27 mig
197 1226 85 21 formen
303 1225 40 22 och:
362 1225 70 28 dagen
452 1225 33 22 för
506 1225 48 22 dess
574 1224 135 27 utfärdande,
724 1224 83 21 hvilket
823 1225 55 20 före-

133 1259 98 27 skrifver,
248 1262 31 19 att
294 1259 187 22 nämndemännen
497 1259 52 22 böra
565 1262 59 18 utses
640 1259 48 21 med
702 1258 102 22 afseende
820 1260 11 19 å
842 1259 36 20 de-

132 1302 36 14 ras
183 1295 132 27 bosättning,
330 1295 24 20 så
373 1296 32 19 att
423 1294 155 28 församlingen
597 1293 71 22 blefve
684 1293 23 21 af
720 1293 49 22 dem
790 1294 33 20 väl
843 1294 35 20 be-

132 1330 66 28 tjent;
214 1330 100 21 hvarföre
327 1330 39 28 jag
381 1330 64 21 äfven
461 1336 64 14 anser
539 1328 116 22 utskottets
671 1327 81 29 förslag
767 1328 7 21 i
788 1328 90 22 sednare

132 1366 120 20 momentet
266 1371 52 14 vara
333 1364 132 28 fullkomligt
478 1363 206 27 tillfredsställande,
695 1362 126 28 isynnerhet
831 1370 47 14 som

133 1399 34 26 de,
186 1399 73 20 hvilka
274 1399 96 19 förordat
385 1398 251 27 distriktsindelningen,
651 1398 66 20 likväl
732 1398 59 20 velat
805 1398 72 20 lemna
