1039 1811
198 148 41 19 434

171 213 53 27 slag,
239 212 26 22 då
281 212 119 21 detsamma
415 211 121 22 innehåller
551 213 53 20 nära
618 219 44 20 nog
672 211 55 22 intet
738 213 67 20 annat
816 219 33 14 om
861 213 59 20 ränt-

171 248 104 25 mästare,
296 248 27 19 än
344 247 31 20 att
391 246 62 21 desse
467 246 74 21 vidare
557 246 48 21 icke
621 246 22 21 få
658 247 49 20 med
723 246 197 29 stämpelpappers-

170 281 131 27 försäljning
317 281 33 27 sig
366 281 87 20 befatta.

236 314 103 21 Friherre
356 314 140 28 Carpelan:
512 315 43 21 För
571 315 45 21 min
632 315 35 21 del
678 315 70 21 skulle
757 316 40 27 jag
808 322 51 14 anse
871 316 49 20 dem

169 350 66 26 något
251 350 52 20 nära
318 348 52 21 lika.
393 348 232 22 Landträntmästaren
640 350 44 20 står
695 350 7 20 i
713 357 77 13 ansvar
801 350 33 20 för
844 350 77 27 hvarje

169 383 156 27 missräkning;
346 383 43 20 han
409 384 70 20 måste
495 384 64 20 äfven
577 384 107 20 anteckna
699 384 39 20 allt
752 384 57 21 hvad
823 384 43 20 han
882 391 39 21 ger

169 420 24 18 ut
209 418 39 20 och
264 417 84 22 således
364 417 63 21 äfven
443 418 47 20 föra
505 418 96 20 kontroll
617 418 33 20 för
666 418 39 28 sig,
720 418 93 28 ungefär
828 418 24 21 af
866 426 55 12 sam-

169 460 35 12 ma
224 451 159 27 beskaffenhet,
405 458 45 14 som
470 452 225 27 landskamrerarens;
717 459 50 14 men
788 454 62 26 tager
871 460 48 13 man

169 486 167 28 ansvarigheten
352 486 7 20 i
375 486 33 21 sin
423 486 74 21 helhet
508 486 6 21 i
526 486 149 26 betraktande,
690 486 23 21 så
727 486 58 21 lärer
798 486 124 22 landskam-

169 527 100 14 rerarens
289 528 52 13 vara
361 522 70 19 större
451 522 28 19 än
499 522 177 20 räntmästarens.
707 520 43 28 Jag
765 521 93 21 föreslår
874 521 48 21 der-

170 555 46 21 före
232 556 32 19 att
279 554 203 22 landskamreraren
498 555 70 21 skulle
582 555 22 21 få
620 556 36 20 två
671 554 60 22 delar
747 555 40 21 och
801 555 121 21 landtränt-

170 591 109 18 mästaren
296 596 27 13 en
339 589 41 20 del.

237 623 58 20 Herr
310 630 43 14 von
369 623 78 26 Born,
465 623 20 21 J.
500 623 34 21 A.:
550 623 11 21 I
577 623 160 28 öfvervägande
750 623 68 28 deraf,
830 625 31 20 att
871 624 51 21 hela

170 657 122 21 kontrollen
313 657 60 21 öfver
393 657 237 28 försäljningsmännen
652 658 39 21 och
713 660 101 19 ansvaret
830 659 33 20 för
878 659 43 20 för-

171 692 115 20 summelse
302 691 157 21 deruti.hvilar
473 692 28 27 på
516 692 211 27 landskamreraren,
737 692 90 21 hvilken
840 693 81 27 jemväl

170 726 170 27 redovisningen
356 725 33 21 för
405 725 37 22 det
457 726 7 20 i
480 726 105 21 ränteriet
603 726 127 28 befinteliga
745 727 178 28 stämpelpapper

171 760 90 28 åligger,
281 767 64 20 synes
367 760 36 21 det
423 767 51 14 vara
490 762 43 19 rätt
549 761 39 20 och
604 760 81 28 billigt,
702 763 31 19 att
749 761 173 21 landskamrera-

170 801 51 14 rens
239 794 64 22 andel
323 794 24 21 af
365 796 119 26 procenten
505 796 23 19 är
549 796 69 19 större
639 797 27 18 än
682 795 240 22 landträntmästarens.

171 829 44 28 Jag
232 829 39 20 har
286 830 68 26 yttrat
370 829 71 20 denna
456 829 56 28 åsigt
527 829 66 21 redan
609 829 7 20 i
632 829 116 27 utskottet,
764 830 69 21 ehuru
846 831 39 27 jag
901 831 20 27 ej

171 863 89 28 nedlagt
280 863 72 28 någon
367 864 133 20 reservation
518 863 6 21 i
541 865 79 19 ämnet.
650 863 76 28 Enligt
742 864 44 21 min
802 865 65 20 tanke
883 865 39 21 bör

171 898 73 20 derför
265 897 202 21 landskamreraren
487 898 23 20 få
529 899 14 27 3
564 898 39 20 och
623 898 223 21 landträntmästaren
867 901 13 26 +
901 899 24 21 af

171 934 130 26 procenten,
320 933 53 19 utan
393 933 32 19 att
442 932 39 27 jag
499 939 64 14 anser
583 932 45 27 mig
649 932 52 21 böra
720 932 110 28 tillstyrka
850 934 72 26 någon

171 966 127 28 förhöjning
313 966 24 20 af
349 966 131 20 densamma.

239 995 59 26 Herr
318 1007 43 14 von
380 1000 145 28 Knorring:
548 1000 56 21 Lika
624 1000 49 21 med
693 1000 56 22 hvad
769 1001 51 21 herr
841 1002 81 21 Munck

172 1036 77 26 yttrat,
270 1034 70 21 skulle
358 1035 39 27 jag
412 1036 41 25 tro,
469 1036 31 20 att
516 1034 215 22 landskamrerarens
747 1036 41 20 och
802 1036 120 21 landtränt-

172 1071 121 19 mästarens
309 1068 76 21 besvär
401 1070 36 19 äro
452 1069 51 27 lika,
519 1069 102 21 hvarföre
634 1070 39 27 jag
689 1070 127 28 tillstyrker,
830 1072 32 19 att
876 1071 47 21 ifall

172 1104 120 28 kejserliga
307 1103 164 28 propositionen
487 1104 20 27 ej
523 1104 77 20 vinner
615 1104 66 28 något
697 1104 109 28 afseende,
822 1105 26 21 de
864 1106 58 28 två
909 1099 17 39 %

173 1138 67 21 borde
261 1138 60 21 delas
340 1138 45 21 lika
405 1138 94 21 emellan
519 1138 99 21 bemälde
637 1138 138 29 tjenstemän.
805 1140 65 21 «Hvad
885 1140 38 21 här

174 1174 23 19 är
217 1173 62 28 sagdt
297 1180 34 13 om
348 1173 151 27 uppgörandet
514 1173 23 20 af
550 1173 126 28 räkningar,
692 1173 81 29 förslag
790 1175 39 20 och
845 1175 77 20 anord-

174 1207 79 27 ningar
272 1214 27 13 m.
319 1214 35 19 m.,
370 1207 39 20 hör
423 1207 128 27 visserligen
567 1207 33 21 till
616 1208 214 21 landskamrerarens
847 1209 76 27 tjenst;

175 1248 50 13 men
241 1240 123 21 merendels
379 1240 62 21 torde
457 1241 38 20 allt
511 1241 76 20 sådant
602 1241 106 27 fullgöras
724 1242 23 20 af
760 1242 164 22 länebokhålla-

175 1282 47 19 ren,
236 1274 29 28 på
280 1274 88 21 hvilken
388 1274 71 28 grund
477 1274 64 22 äfven
557 1275 32 21 uti
605 1275 41 21 den
661 1276 119 28 kejserliga
794 1278 130 27 propositio-

175 1316 43 14 nen
239 1310 23 19 är
281 1308 127 28 föreslaget,
424 1310 32 19 att
470 1309 193 21 länebokhållaren
679 1310 70 21 skulle
765 1311 22 21 få
802 1312 71 26 någon
890 1312 34 20 del

174 1343 32 20 uti
223 1342 41 21 den
279 1342 112 21 bestämda
406 1345 126 25 procenten.

243 1376 59 20 Herr
317 1382 42 14 von
374 1376 152 26 Haartman,
542 1376 37 21 V.:
599 1376 12 20 I
626 1377 118 28 kejserliga
759 1379 165 27 propositionen

176 1411 23 19 är
219 1410 66 20 också
304 1409 129 29 föreslaget,
449 1411 32 20 att
501 1412 12 27 3
534 1410 70 22 skulle
620 1411 86 22 tillfalla
721 1412 204 23 landskamreraren

176 1444 39 20 och
234 1446 10 26 1
260 1444 199 21 länebokhållaren.
489 1444 57 22 Herr
566 1452 41 14 von
628 1445 112 30 Knorring
759 1447 39 21 har
817 1447 34 22 väl
870 1450 56 26 sagt,
