1070 1781
848 128 26 22 57

152 193 93 22 friherre
260 194 64 28 Boije
340 194 34 20 för
390 195 31 20 att
435 194 90 28 inbjuda
540 194 141 22 medstånden
697 196 32 20 att
739 194 33 21 till
783 194 119 28 lagutskot-

153 230 33 19 tet
200 228 112 22 remittera
327 228 150 28 ifrågakomne
489 228 100 27 ärender;
605 229 115 21 hvarutom
730 229 79 28 utdrag
819 237 25 13 ur
854 237 49 20 pro-

152 262 102 27 tokollet,
275 262 83 22 hvilket
376 263 7 20 i
398 262 143 22 förevarande
557 262 35 22 del
607 263 79 28 ansågs
701 264 70 20 såsom
784 264 120 27 justeradt,

152 296 71 21 skulle
243 296 8 21 i
271 296 113 22 enahanda
399 296 102 22 afseende
517 297 59 21 såväl
591 297 33 21 till
639 297 141 21 medstånden
796 305 46 14 som
858 298 46 28 lag-

153 330 106 22 utskottet
275 330 133 29 expedieras.

220 365 58 21 Herr
299 365 156 27 Schauman,
470 365 26 21 B.
513 365 35 27 O.,
565 366 94 27 begärde
675 366 62 20 ordet
753 366 39 21 och
807 366 96 28 yttrade:

152 400 70 20 Innan
239 400 70 20 denna
325 400 62 27 fråga
402 400 89 26 lemnas,
507 399 70 21 skulle
590 400 40 28 jag
644 400 55 28 vilja
712 400 89 28 inlägga
816 400 44 20 min
872 407 32 14 re-

153 434 109 21 servation
279 436 45 19 mot
338 434 132 21 åtminstone
481 441 27 14 en
517 434 35 21 del
563 434 24 21 af
595 434 50 21 herr
655 434 130 21 Edelskölds
796 434 107 28 yttrande,

152 475 47 14 som
220 474 64 22 synes
304 468 45 28 mig
369 468 106 21 innebära
496 470 31 20 ett
543 468 129 28 otillbörligt
687 468 143 22 misstroende
846 471 58 19 emot

152 503 41 21 den
214 509 41 14 ena
275 502 143 22 statsmakten
440 503 52 21 eller
513 504 108 27 styrelsen
644 504 71 20 såsom
736 503 41 21 den
797 503 37 21 der
855 504 48 20 ieke

153 537 71 21 skulle
240 537 66 21 vårda
322 538 33 27 sig
375 544 35 14 om
424 538 37 20 det
476 538 111 21 allmänna
607 538 62 21 bästa
689 537 40 22 och
749 538 21 28 ej
789 538 52 28 vilja
857 538 47 21 sina

153 578 56 21 egna
224 572 93 20 embets-
333 572 41 21 och
389 572 142 28 tjenstemäns
545 572 42 20 väl.

221 641 61 20 Härå
297 640 99 28 fördrogs
412 641 33 20 till
461 641 73 21 vidare
549 641 77 28 åtgärd
642 641 172 21 statsutskottets
825 641 41 22 den
878 642 26 20 12

153 675 82 20 dennes
251 675 117 27 bordlagde
384 675 138 21 betänkande
538 676 8 20 i
561 675 119 28 anledning
695 675 24 21 af
732 675 79 28 nådiga
826 683 78 21 propo-

154 709 94 21 sitionen
270 716 35 14 n:o
327 710 27 20 34
374 709 112 28 angående
507 709 94 22 revision
620 709 24 21 af
662 709 42 21 den
725 716 78 21 genom
825 711 79 28 nådiga

153 743 125 22 manifestet
300 743 42 22 den
358 745 12 20 9
387 744 55 28 april
458 745 54 20 1840
528 744 103 28 stadgade
647 744 134 29 omsättning
796 745 24 20 af
834 747 71 19 ränte-

153 778 140 29 persedlarne
308 779 7 20 i
332 779 83 26 landet;
431 779 90 20 hvarvid
537 779 96 27 följande
649 779 68 20 talare
733 779 85 28 yttrade
834 779 39 28 sig.

222 813 58 21 Herr
296 820 41 14 von
352 813 155 21 Bonsdorff:
523 813 43 28 Jag
581 813 39 21 har
635 815 45 19 mot
696 813 59 21 detta
766 815 139 20 statsutskot-

155 849 41 19 tets
216 847 138 22 betänkande
375 855 27 13 en
423 848 39 20 och
481 855 72 14 annan
569 847 146 29 anmärkning
730 849 31 20 att
776 850 58 26 göra.
865 849 39 21 Ut-

154 883 83 20 skottet
256 883 39 20 har
316 882 6 21 i
342 882 70 21 likhet
433 883 49 20 med
504 882 141 28 regeringens
668 882 79 29 nådiga
769 883 135 28 proposition

154 917 116 28 tillstyrkt,
291 919 31 18 att
342 923 26 14 en
388 917 81 20 komité
490 917 70 21 skulle
580 917 113 26 tillsättas,
710 917 33 21 för
759 919 31 19 att
806 918 99 21 utarbeta

154 953 32 18 ett
206 951 81 28 förslag
307 951 55 21 efter
382 951 58 21 vissa
460 951 105 28 uppgifna
583 951 101 28 grunder,
701 958 45 14 som
762 951 70 22 skulle
848 952 56 21 före-

154 986 76 27 läggas
251 986 117 21 ständerna
387 985 36 21 vid
443 987 62 20 nästa
520 985 109 28 landtdag.
660 985 63 21 Hvad
737 986 55 21 först
806 986 98 21 vidkom-

154 1027 47 14 mer
216 1021 63 20 dessa
295 1020 69 21 vilkor
379 1020 53 21 eller
447 1020 148 28 iakttagelser,
611 1026 46 15 som
674 1019 70 22 skulle
759 1021 96 28 påpekas
871 1021 34 21 för

155 1055 108 26 komitén,
284 1055 23 20 så
326 1061 63 14 anser
402 1055 39 27 jag
457 1055 48 21 dem
521 1061 52 14 vara
588 1054 66 28 något
670 1054 116 22 sväfvande
802 1056 40 20 och
858 1055 47 21 huf-

155 1089 138 21 vudvilkoret
312 1091 24 19 är
352 1089 89 21 alldeles
457 1089 48 21 icke
522 1088 114 28 omtaladt;
659 1089 176 22 hufvudvilkoret
850 1090 56 21 skall

156 1123 34 21 väl
210 1131 61 19 vara,
292 1126 31 18 att
343 1125 78 19 räntan
442 1123 7 20 i
468 1123 95 28 verkligt
581 1123 65 21 värde
663 1123 55 21 skall
733 1124 75 21 utfalla
824 1125 34 26 så,
874 1126 32 19 att

155 1165 79 21 genom
259 1158 151 28 persedlarnes
436 1157 132 29 omsättning
593 1157 96 22 hvarken
713 1158 117 28 tillökning
853 1158 53 21 eller

155 1193 126 27 minskning
297 1192 165 21 åstadkommes.

223 1227 68 20 Detta
305 1226 55 21 hade
376 1226 48 21 bort
438 1227 70 20 såsom
525 1228 31 19 ett
570 1225 154 22 hufvudvilkor
740 1227 39 20 och
793 1227 71 21 såsom
875 1229 32 19 ett

156 1261 141 28 ocftergifligt
312 1261 70 20 vilkor
396 1262 99 19 utsättas.

224 1295 51 20 Men
291 1295 43 20 den
348 1294 168 29 hufvudsakliga
531 1294 196 28 omständigheten,
743 1301 46 14 som
800 1295 107 28 förtjenar

156 1329 200 28 uppmärksamhet,
372 1330 30 25 är,
419 1331 31 19 att
466 1329 162 21 statsutskottet
642 1329 47 20 helt
704 1329 41 21 och
759 1329 69 21 hållet
840 1329 68 22 förbi-

156 1365 42 19 sett
214 1370 27 13 en
258 1364 44 25 sak,
318 1370 46 14 som
380 1363 20 28 ej
417 1364 48 20 bort
481 1363 100 22 förbises.
611 1363 61 21 Hans
688 1363 63 28 Maj:t
764 1363 39 21 har
814 1363 94 29 förelagt

156 1397 118 21 ständerna
294 1404 26 14 en
341 1397 66 27 nådig
427 1398 135 26 proposition
583 1404 35 14 om
638 1397 127 27 förändring
785 1397 24 21 af
822 1398 85 20 landets

157 1432 65 25 mått,
243 1432 42 20 mål
306 1431 40 21 och
366 1430 55 28 vigt;
442 1431 41 21 den
503 1431 164 28 propositionen
689 1432 22 20 är
729 1431 127 21 remitterad
876 1432 33 20 till
