1061 1775
841 115 40 21 199

166 180 23 22 är
205 180 54 20 svår.
281 179 12 21 I
307 179 81 22 sådana
402 180 91 21 socknar
508 179 82 22 händer
605 180 122 29 vanligtvis,
738 182 32 20 att
777 180 132 28 jordägaren

166 214 8 20 i
194 220 27 15 en
241 214 35 20 del
295 214 24 20 af
336 213 95 22 socknen
451 214 51 28 föga
521 214 83 21 känner
623 214 34 22 till
676 214 165 22 förhållandena
860 215 7 21 i
882 221 27 15 en

166 254 72 16 annan
252 248 34 21 del
301 248 66 22 deraf.
398 248 43 28 Jag
455 248 33 22 får
503 248 85 25 derföre
602 249 94 27 förorda,
711 251 32 19 att
757 250 43 20 alla
815 250 95 29 tingslag

166 282 70 21 skulle
257 282 95 21 fördelas
371 282 7 21 i
393 282 58 21 vissa
471 282 284 22 nämndemannadistrikter
775 284 41 21 och
835 285 32 19 att
882 291 27 14 en

165 316 144 22 nämndeman
326 316 66 22 borde
407 312 52 26 vara
472 316 71 22 bosatt
558 317 59 21 inom
632 318 74 27 hvarje
721 318 77 21 sådant
812 318 98 28 distrikt;

166 358 26 14 en
208 351 60 29 dylik
282 351 124 29 fördelning
420 351 94 22 verkade
529 351 65 22 också
609 352 88 28 derhän,
712 354 32 20 att
754 353 154 21 nämndemän-

164 393 43 14 nen
227 386 56 28 finge
304 394 27 14 en
351 388 99 20 närmare
469 386 122 22 kännedom
612 393 33 15 om
655 386 175 22 förhållandena
850 387 59 22 inom

164 420 53 22 hvar
232 421 37 21 sitt
285 421 86 21 distrikt
386 421 40 21 och
441 421 84 21 således
539 421 50 21 med
603 428 61 14 mera
678 422 72 20 värme
766 422 41 21 och
816 422 93 22 intresse

165 456 116 20 omfattade
302 456 47 21 sina
368 455 131 28 åligganden
518 456 56 20 samt
592 456 33 20 för
641 455 66 29 öfrigt
721 456 72 21 kunde
809 463 52 14 vara
876 457 33 20 till

164 491 69 20 större
244 497 57 21 gagn
313 490 63 21 äfven
385 490 27 21 då
422 496 28 15 en
461 490 81 21 ordnad
552 490 259 28 kommunalförvaltning
821 490 88 22 införes.

164 524 33 21 En
221 524 66 22 sådan
309 524 57 28 åsigt
388 524 38 21 har
449 524 65 22 också
532 524 9 21 i
560 524 90 28 Sverige
670 524 58 28 gjort
746 524 34 28 sig
798 524 110 29 gällande;

150 566 2 2 *
163 566 79 21 genom
264 558 104 29 kongliga
390 558 85 22 brefvet
493 559 24 21 af
535 558 41 22 den
598 559 25 21 12
640 558 87 28 januari
744 559 54 21 1824
812 559 97 21 infördes

164 595 37 20 der
222 601 27 14 en
269 594 66 21 sädan
355 593 113 29 indelning
488 594 7 21 i
509 593 287 22 nämndemannadistrikter
811 594 40 21 och
866 594 41 21 den

162 629 77 21 fortfar
259 631 68 25 ännu;
349 635 50 15 man
418 629 39 20 har
471 629 65 20 också
549 628 67 21 insett
631 628 123 22 fördelarna
768 628 67 21 deraf.
865 629 42 28 Jag

164 664 68 21 skulle
253 663 84 22 derföre
357 663 110 22 vördsamt
486 663 80 22 föreslå
584 664 32 20 att
632 663 90 22 sednare
738 670 64 15 mom.
818 663 7 21 i
840 663 68 22 första

164 699 11 27 8&
191 698 80 21 erhölle
287 698 95 28 följande
397 697 92 29 lydelse:

231 749 8 10 »
245 732 100 27 Börande
360 732 118 29 tingslaget
488 733 7 20 i
506 732 105 22 särskilda
621 731 286 23 nämndemannadistrikter

163 768 100 27 fördelas,
272 767 102 22 eftersom
384 766 76 29 nödigt
470 769 24 19 är
504 767 40 21 och
555 767 187 28 tingslagsboerne
752 766 58 22 inför
820 767 87 22 härads-

162 804 72 20 rätten
248 802 73 21 derom
337 803 126 26 bestämma,
473 801 89 22 hvarvid
577 801 115 28 iakttages,
703 802 32 20 att
747 801 61 21 delar
817 802 25 21 af
850 802 58 21 olika

162 837 92 22 socknar
276 837 54 22 eller
352 837 151 28 församlingar
524 837 19 28 ej
564 836 33 21 till
616 843 82 14 samma
713 835 87 22 distrikt
814 837 93 22 förenas.

162 873 62 21 Dock
244 873 35 21 mä
298 871 144 22 nämndeman
463 872 32 20 sin
515 871 123 29 befattning
652 871 59 21 inom
726 871 50 21 hela
790 871 118 29 tingslaget

162 907 93 23 utöfva.*

229 942 103 21 Friherre
348 941 140 28 Carpelan:
504 941 42 28 Jag
561 940 51 22 ville
628 940 56 22 blott
698 941 116 21 omnämna
828 942 32 20 ett
875 942 32 20 ut-

162 976 70 29 tryck,
241 984 46 14 som
300 976 70 28 ingått
380 976 7 20 i
399 976 9 21 1
418 977 19 27 8,
448 976 109 28 nemligen
572 975 63 21 ordet
648 975 99 27 socknar,
755 974 83 22 hvilket
848 975 7 21 i
866 975 41 22 den

162 1012 94 27 mening,
269 1011 60 21 hvari
342 1010 36 22 det
389 1018 30 14 nu
430 1010 126 28 begagnats,
566 1010 35 21 väl
611 1010 39 21 här
660 1010 7 20 i
677 1009 73 22 landet
760 1010 86 27 förstås,
856 1016 50 16 men

162 1054 45 13 som
223 1046 58 21 inom
297 1045 89 28 Sverige
401 1044 84 22 kanske
501 1045 69 21 skulle
586 1044 67 22 väcka
668 1044 86 29 mycket
768 1044 88 28 bryderi
872 1052 34 14 on

161 1082 56 20 rätta
230 1081 119 28 begreppet
358 1079 68 21 deraf.
447 1073 72 28 Äfven
529 1080 38 20 hos
578 1085 34 15 0ss
623 1078 63 22 råder
696 1079 72 28 någon
779 1079 128 29 förbistring

160 1115 92 22 rörande
272 1117 57 19 rätta
344 1114 131 26 förståndet,
494 1114 46 28 ithy
555 1115 33 19 att
602 1121 50 13 man
668 1114 49 20 med
732 1113 80 22 socken
827 1114 79 20 förstår

160 1150 107 27 stundom,
283 1150 40 21 och
337 1149 82 22 kanske
435 1149 136 27 allmännast,
586 1150 32 20 ett
630 1150 104 27 pastorat,
744 1155 51 15 men
805 1148 100 22 stundom

160 1186 64 21 äfven
239 1185 70 21 blotta
323 1183 307 29 moderkyrkoförsamlingen.
660 1182 76 29 Enligt
750 1182 62 23 Ihres
826 1183 80 28 glossa-

160 1220 56 21 rium
237 1219 35 22 Sv.
294 1219 64 22 Goth.
378 1219 39 21 har
438 1218 71 21 ordet:
528 1218 101 27 ,socken"
645 1217 33 22 sin
693 1219 35 20 rot
742 1218 8 21 i
763 1219 67 23 sökia,
846 1219 58 25 söka,

161 1255 86 27 besöka;
262 1255 93 28 ,Kerkin
370 1253 67 22 sokn*
450 1253 63 22 alltså
523 1253 125 21 besökande
659 1253 23 21 af
690 1253 91 28 kyrkan,
792 1252 42 21 alla
844 1253 61 21 sock-

161 1291 89 24 nemän,
265 1289 26 21 de
307 1295 46 14 som
367 1287 83 22 besöka
464 1295 81 14 samma
559 1287 76 28 kyrka,
650 1287 84 22 hvadan
750 1287 80 21 socken
845 1286 61 29 bety-

160 1324 39 21 der
220 1323 56 21 blott
295 1323 40 21 och
356 1323 48 21 bart
422 1329 27 14 en
462 1322 133 28 församling.
624 1321 12 21 I
651 1322 71 21 denna
736 1321 90 27 mening
840 1321 65 21 fattas

160 1358 37 21 det
216 1357 65 22 också
299 1357 90 22 allmänt
403 1357 8 21 i
424 1356 100 29 Sverige;
543 1363 50 15 man
609 1357 63 27 säger
688 1356 19 28 ej
723 1357 32 20 ett
770 1355 72 28 kapell
857 1355 7 21 i
878 1362 27 14 en

160 1393 91 26 socken,
271 1393 52 19 utan
342 1391 80 21 socken
442 1391 69 21 kallas
526 1391 58 21 såväl
599 1390 203 27 moderförsamling
816 1397 47 14 som
879 1389 26 21 de

160 1425 70 22 skilda
250 1425 68 22 under
338 1425 126 22 densamma
478 1424 92 28 lydande
584 1423 109 29 kapellen.
722 1423 44 28 Jag
780 1422 126 23 hemställer
