1036 1756
808 110 40 22 299

121 175 61 21 fallet
202 176 7 20 i
229 176 117 20 november
367 176 89 21 förlidet
476 177 24 20 är
520 177 23 20 af
559 177 25 20 12
603 177 18 26 9,
637 175 69 21 skulle
722 176 101 27 förlorat,
839 183 35 13 om

121 210 61 21 tiden
204 210 34 21 för
260 210 116 21 remissens
399 209 160 22 verkställande
579 210 28 21 dä
627 209 107 28 inträffat,
754 210 29 27 pä
802 210 74 21 halfva

122 244 127 21 annuiteten
267 245 74 26 14,047
357 251 32 21 pr.
405 244 70 21 thaler
490 244 39 21 och
545 243 84 22 säledes
645 244 28 27 pä
687 243 50 22 hela
747 245 128 20 annuiteten

125 278 78 26 28,094
221 285 31 20 pr.
269 278 70 21 thaler
353 278 29 27 pä
398 279 31 19 ett
444 279 30 20 är.
504 278 72 21 Sedan
593 278 133 21 sistnämnde
742 278 32 20 tid
788 279 40 20 har
841 279 34 20 väl

123 313 81 20 kursen
227 312 127 21 förbättrats
374 312 50 20 med
438 312 92 28 ungefär
546 313 12 20 2
575 313 19 26 9,
610 312 24 21 sä
650 313 31 19 att
696 312 107 21 förlusten
820 312 56 21 efter

123 354 30 14 nu
169 347 99 28 gällande
284 347 51 20 kurs
351 346 77 21 endast
442 347 70 20 skulle
527 346 68 21 blifva
612 347 25 20 10
653 348 9 26 &
679 346 22 21 af
710 346 103 29 beloppet
824 346 53 22 eller

122 381 34 22 för
171 382 47 21 äret
232 382 77 27 23,412
319 389 31 20 pr.
362 381 77 27 thaler,
450 389 46 13 som
508 383 119 19 motsvarar
640 381 77 26 86,680
727 381 71 21 finska
808 381 68 22 mark.

123 416 34 21 Då
172 423 50 14 man
238 423 29 14 nu
282 417 7 20 i
307 416 60 21 bästa
380 416 38 21 fall
428 416 43 21 kan
482 416 133 28 hoppas,
583 411 36 37 att
625 416 48 21 vårt
684 417 61 26 mynt
755 416 69 21 under
834 415 41 22 den

123 452 109 20 närmaste
254 450 115 21 framtiden
390 450 55 21 skall
466 451 87 20 komma
573 452 32 19 att
625 450 109 21 bibehälla
754 451 36 20 det
809 451 66 20 värde

125 485 36 21 det
176 492 28 14 nu
222 491 58 22 eger,
291 485 23 20 sä
325 485 69 20 skulle
404 485 69 20 under
484 485 71 21 denna
565 485 157 27 förutsättning
732 484 70 21 finska
812 486 64 20 stats-

123 519 88 22 verkets
231 519 78 22 förlust
330 519 76 21 endast
426 520 28 27 pä
472 519 36 27 det
527 519 165 28 ifrägavarande
707 519 170 21 Rothschildska

123 554 59 22 lånet
198 554 68 21 under
282 554 26 21 de
323 554 147 28 nästföljande
486 555 12 20 3
514 555 58 26 åren,
585 554 53 28 eller
650 554 33 21 till
693 555 63 20 nästa
767 554 109 28 landtdag,

123 589 87 21 komma
226 591 31 19 att
272 588 67 22 blifva
354 589 78 26 86,680
446 589 61 20 mark
522 589 85 28 ärligen
622 589 54 20 eller
691 588 77 21 inalles
784 589 33 20 för
833 589 42 20 alla

124 625 33 19 tre
178 624 52 20 ären
252 623 91 26 260,040
363 623 71 27 mark,
456 623 152 21 motsvarande
625 623 76 27 65,010
717 623 62 21 rubel
795 623 80 21 silfver.

125 657 59 22 Vore
205 657 37 22 det
261 657 27 21 dä
308 658 48 21 icke
376 657 71 22 bättre
468 660 31 19 att
519 665 78 20 genom
615 657 71 21 direkt
701 657 125 28 uppoffring
841 657 34 20 för

123 692 117 21 framtiden
255 693 121 28 förebygga
391 692 63 21 dessa
464 693 109 26 förluster,
585 699 46 14 som
642 692 138 28 naturligtvis
791 692 86 21 komma

125 729 32 19 att
172 727 66 21 blifva
254 728 58 20 ännu
327 728 77 26 större,
420 734 34 13 om
471 729 69 19 staten
549 727 105 21 behöfver
665 728 96 27 upptaga
772 727 36 20 län
819 728 14 19 t.
843 733 33 14 ex.

124 762 33 21 för
174 762 119 28 jernvägar
311 761 40 21 och
371 761 69 21 andra
460 762 85 28 nyttiga
565 761 107 21 ändamål.
702 761 44 21 Det
767 761 67 30 har
815 757 23 38 ,i
849 768 27 14 en

125 796 134 22 reservation
275 798 58 19 emot
348 796 118 21 utskottets
480 796 137 29 betänkande
629 795 136 27 framhällits,
777 790 41 26 och
827 796 50 20 herr

123 838 43 14 von
186 831 70 27 Born,
278 830 26 22 K.
323 830 35 27 F.,
378 831 39 20 har
436 831 65 21 också
516 838 29 14 nu
561 830 88 22 sednast
663 832 68 26 yttrat
747 830 129 26 detsamma,

125 868 31 19 att
171 865 134 21 förtroendet
320 865 32 21 till
369 865 127 21 ständernes
512 865 86 28 garanti
609 864 34 22 för
654 864 116 22 framdeles
782 864 94 22 skeende

125 901 36 21 lån
176 900 70 21 skulle
263 900 87 21 komma
365 902 31 18 att
411 900 103 26 minskas,
531 907 34 13 om
579 900 116 20 ständerne
706 906 29 14 nu
746 899 87 21 iklädde
845 899 32 28 sig

125 935 100 29 garantin
246 934 34 21 för
298 934 250 28 hypoteksföreningens
568 934 43 21 lån.
645 934 43 27 Jag
708 934 46 20 åter
774 935 52 25 tror,
846 935 32 19 att

125 970 134 27 derigenom,
274 971 32 19 att
321 970 115 20 ständerne
453 970 63 27 åtoge
532 970 33 27 sig
580 968 143 22 nästnämnde
734 968 85 28 garanti
830 968 47 28 och,

125 1011 34 14 om
180 1004 24 20 så
224 1004 111 26 behöfdes,
357 1010 79 22 genom
455 1004 71 20 direkt
542 1003 119 21 understöd
676 1002 118 29 förhjelpte
809 1003 68 27 hypo-

125 1038 179 28 teksföreningen
327 1039 31 19 att
381 1038 82 20 erhålla
486 1038 59 20 detta
565 1038 46 26 lån,
631 1038 77 20 hvaraf
727 1037 148 27 myntvärdets

125 1072 172 21 säkerställande
317 1072 33 20 för
370 1072 116 20 framtiden
507 1072 71 21 blefve
599 1079 27 13 en
642 1072 64 27 följd,
722 1072 70 20 skulle
808 1071 70 21 finska

126 1108 82 20 statens
228 1106 71 21 kredit
314 1106 7 20 i
337 1106 73 21 stället
426 1106 101 28 ofantligt
543 1106 57 28 stiga
615 1106 41 21 och
671 1106 84 21 således
771 1106 106 21 förtroen-

125 1142 36 20 det
176 1141 34 21 för
225 1140 116 22 framdeles
357 1140 95 21 skeende
468 1141 35 21 lån
518 1141 7 21 i
536 1140 99 21 utlandet
645 1140 119 28 ingalunda
774 1140 103 27 minskas,

127 1177 51 19 utan
199 1177 94 19 tvertom
308 1174 87 22 komma
411 1177 31 19 att
458 1175 58 21 ökas.
547 1175 51 21 Man
614 1175 39 20 har
669 1174 36 21 vid
720 1174 42 21 den
778 1174 99 21 sednaste

126 1209 151 21 diskussionen
292 1210 8 20 i
315 1210 73 20 ämnet
403 1210 69 20 tviflat
487 1210 34 28 på,
537 1210 32 20 att
585 1207 26 23 de
625 1209 111 28 uppgifter
746 1210 39 26 jag
796 1209 83 20 lemnat

127 1244 61 21 öfver
202 1243 110 29 importen
327 1244 23 20 af
364 1244 104 27 spanmål,
484 1244 88 20 hvilken
585 1244 40 27 jag
640 1243 81 28 påstått
734 1243 64 21 hafva
809 1243 6 20 i
827 1250 50 14 van-

125 1279 45 28 liga
190 1278 24 20 år
233 1278 92 28 uppgått
345 1278 33 21 till
398 1278 92 28 ungefär
510 1279 13 20 4
543 1278 102 28 miljoner
665 1277 63 22 mark
748 1278 40 20 och
808 1278 69 20 under

127 1313 101 21 sednaste
248 1312 128 21 missvextår
397 1313 33 20 till
451 1313 27 20 24
498 1312 101 28 miljoner
615 1312 71 27 mark,
702 1318 52 15 vore
770 1312 50 20 fullt
834 1312 44 20 rik-

127 1348 45 28 tiga
186 1347 40 21 och
242 1347 114 26 förmenat,
372 1348 31 19 att
416 1348 39 27 jag
471 1346 74 22 dervid
560 1346 94 28 troligen
668 1346 68 28 glömt
747 1348 31 19 att
789 1346 90 28 afdraga

127 1383 42 19 den
187 1381 69 27 årliga
271 1381 179 27 sädesimporten.
481 1382 43 26 Jag
538 1382 39 19 ber
592 1380 87 20 derföre
694 1382 32 18 att
741 1381 22 19 få
778 1382 100 18 närmare

127 1416 121 21 bestämma
259 1414 140 29 uppgifterna
408 1414 34 21 för
453 1415 68 28 nägra
531 1414 30 21 är.
582 1414 53 21 1859
647 1413 157 29 importerades
814 1420 63 22 span-
