1700 1931
1152 206 41 24 709

469 273 196 23 trosbekännelsen
686 273 71 22 blefve
776 274 36 26 för
831 273 45 23 lika
897 273 58 24 brott
973 273 161 23 underkastade
1152 276 70 21 strän-

469 315 52 22 gare
540 315 85 20 ansvar,
641 310 28 19 än
682 308 69 27 finske
771 309 142 28 medborgare
929 309 24 21 af
966 309 113 22 lutherska
1094 309 127 22 trosbekän-

468 343 86 27 nelsen,
570 343 84 22 hvilket
667 343 39 28 jag
722 342 49 22 icke
787 349 64 15 anser
867 343 76 28 billigt.

535 377 39 21 Uti
597 377 71 21 denna
691 377 133 21 reservation
848 377 104 22 förenade
972 377 33 28 sig
1024 377 51 22 herr
1090 385 42 14 von
1148 378 72 21 Weis-

468 411 101 29 senberg.

536 446 72 22 Sedan
624 446 60 22 detta
699 446 136 27 antecknats,
851 446 125 28 tillfrågade
991 446 50 22 herr
1052 447 167 21 landtmarskal-

465 481 44 22 ken
524 481 94 27 ståndet,
634 488 35 14 om
685 481 87 21 ståndet
787 481 65 21 äfven
866 481 51 21 ville
931 482 81 27 antaga
1023 482 12 20 2
1046 482 11 27 $
1069 481 24 21 af
1101 481 119 22 utskottets

466 516 149 27 betänkande,
631 515 87 23 hvilken
735 516 62 28 fråga
813 516 75 21 härvid
903 516 50 21 med
965 516 26 28 ja
1005 515 137 23 besvarades.

793 563 24 27 gs
833 563 62 20 3—8.

535 596 132 23 Godkändes
681 598 52 20 utan
748 597 133 28 föregående
896 596 131 23 diskussion.

802 643 13 21 2
833 643 49 28 kap.

764 677 24 28 88
804 678 12 20 9
833 677 40 22 och
889 677 32 22 10.

534 713 100 27 Antogos
656 711 114 28 likaledes;
789 711 56 22 dock
864 711 140 23 reserverade
1019 712 34 28 sig
1067 712 99 22 häremot
1182 713 37 20 fri-

466 747 64 21 herre
546 747 109 28 Carpelan
670 748 56 20 samt
741 746 106 22 herrarne
867 746 139 29 Furuhjelm,
1021 747 29 21 H.
1066 747 35 28 V.,
1117 747 102 27 Blåfield,

467 781 148 30 Gripenberg,
631 788 43 15 von
690 780 101 23 Schoultz
807 781 40 21 och
862 781 117 27 Forsman,
994 781 36 22 W.

811 823 12 26 8
841 822 32 21 11.

535 856 52 22 Blef
598 856 49 22 utaf
661 855 86 23 ständet
762 856 109 28 godkänd.

811 897 12 28 s
840 897 33 21 12.

535 931 50 22 Med
601 931 104 22 afseende
720 931 13 22 &
748 931 120 22 innehället
881 931 24 22 af
918 931 73 22 denna
1005 932 12 27 $
1032 932 96 28 yttrade:

534 966 59 21 Herr
609 973 42 14 von
666 966 79 27 Born,
760 965 27 22 K.
803 965 36 22 F.:
855 966 43 28 Jag
913 966 34 21 för
963 966 44 21 min
1022 966 35 21 del
1067 973 71 20 anser,
1150 968 32 19 att
1192 966 27 22 de

467 1002 69 27 brott,
550 1008 46 14 som
617 1001 6 20 i
643 1001 182 28 nästföregäende
844 1002 11 27 $
871 1002 12 20 9
899 1001 32 21 uti
947 1001 117 22 utskottets
1079 1001 140 22 betänkande

468 1038 137 25 omnämnas,
621 1037 38 20 äro
675 1035 23 21 af
711 1035 24 22 sä
751 1035 50 28 grof
815 1035 157 27 beskaffenhet,
988 1037 32 20 att
1035 1036 72 28 någon
1123 1035 97 22 nedsätt-

467 1071 54 28 ning
536 1071 24 21 af
573 1070 85 22 straffet
671 1069 34 23 för
719 1069 49 22 dem
785 1071 20 28 ej
822 1070 38 21 bör
876 1070 74 25 kunna
965 1070 87 21 komma
1062 1071 7 20 i
1080 1070 69 29 fräga.
1176 1070 43 22 En-

467 1105 49 22 dast
537 1105 8 21 i
568 1105 103 22 afseende
694 1105 12 21 &
728 1105 12 28 &
760 1105 26 21 10
805 1105 72 22 kunde
896 1105 142 28 nedsättning
1053 1112 42 21 ega
1108 1113 49 14 rum
1173 1105 7 21 i
1196 1105 24 22 sä

467 1141 75 26 mätto,
558 1141 32 20 att
605 1146 36 15 om
655 1139 73 29 nägon
744 1139 94 22 föröfvat
853 1139 77 26 sädant
946 1140 65 27 brott,
1027 1147 46 14 som
1089 1140 39 21 der
1139 1140 80 21 omför-

467 1175 78 26 mäles,
566 1175 40 21 och
626 1174 214 28 omständigheterne
856 1174 75 22 dervid
947 1181 52 15 vore
1014 1175 141 28 synnerligen
1172 1175 48 21 mil-

468 1209 88 27 drande,
572 1209 85 21 straffet
671 1208 58 28 finge
746 1209 131 21 bestämmas
892 1209 34 21 till
942 1209 77 21 endast
1029 1208 90 22 tukthus
1130 1209 34 21 för
1174 1209 46 21 lifs-

468 1243 41 27 tid,
527 1245 53 19 utan
599 1244 68 27 nägot
684 1243 96 21 tillskott
798 1243 24 21 af
838 1243 125 22 straffarten
979 1243 99 28 fängelse
1093 1243 37 22 vid
1144 1245 76 19 vatten

468 1278 40 21 och
527 1278 60 21 bröd.
617 1277 68 22 Detta
704 1278 207 23 öfverensstämmer
929 1277 66 22 också
1009 1277 50 22 med
1074 1278 42 21 den
1132 1277 89 22 sednast

467 1313 8 20 i
492 1312 91 28 Sverige
606 1312 7 21 i
636 1312 60 22 detta
718 1314 64 19 ämne
805 1313 106 21 utkomna
933 1312 129 28 förordning
1084 1312 24 21 af
1129 1312 42 21 den
1193 1312 27 21 29

464 1347 89 28 januari
574 1347 62 27 1861,
656 1347 88 21 hvarest
763 1347 130 29 visserligen
913 1347 140 21 dödsstraffet
1072 1346 73 23 blifvit
1160 1347 60 22 bibe-

467 1382 77 26 hållet,
560 1388 50 15 men
626 1382 79 21 minsta
721 1384 102 19 ansvaret
837 1382 34 21 för
887 1388 28 16 en
931 1381 66 22 sådan
1012 1382 131 28 förbrytelse
1159 1382 7 20 i
1177 1381 44 21 alla

468 1416 38 22 fall
522 1418 23 19 är
561 1416 81 21 lifstids
657 1416 96 21 tukthus.

536 1450 70 28 Ingen
625 1450 69 22 talare
712 1451 146 21 understödde
877 1450 55 22 dock
952 1450 51 22 herr
1020 1457 42 15 von
1078 1450 71 22 Borns
1164 1450 56 21 före-

468 1485 94 20 nämnde
583 1484 110 27 yttrande,
715 1486 53 24 utan
787 1486 47 22 blef
852 1484 92 24 berörde
962 1485 11 27 &
990 1485 26 21 12
1031 1484 54 26 härä
1099 1484 51 26 utaf
1162 1484 58 24 stän-

468 1518 36 22 det
518 1518 108 32 godkänd,
690 1511 2 4 |
840 1524 2 3 !
966 1515 4 3 i
