1039 1781
201 140 25 19 12

169 204 40 20 har
225 202 86 28 äsyftat,
327 202 39 20 och
382 202 7 20 i
407 201 88 28 hänsigt
514 201 72 21 dertill
603 202 57 26 äger,
675 201 50 21 med
741 201 101 21 afscende
858 201 13 21 å
886 201 36 21 det

171 236 91 22 anförda
283 236 129 27 ovilkorliga
426 236 109 26 förbudet,
551 235 44 21 min
611 235 146 27 anmärkning
772 236 33 20 sin
821 235 101 21 fullkom-

169 272 45 28 liga
229 271 111 27 riktighet.

238 306 59 20 Herr
312 304 115 27 Linder,
442 304 36 20 E.:
499 304 43 28 Jag
557 311 64 14 anser
637 306 31 18 att
683 304 136 28 lagstiftaren
836 304 23 20 sä
874 304 49 20 litet

171 348 47 13 som
232 338 86 29 möjligt
333 338 67 21 borde
416 338 119 21 inskränka
551 338 42 20 den
609 338 110 20 enskildes
737 338 186 28 dispositionsrätt

170 375 61 21 öfver
246 374 34 20 sin
296 373 116 27 egendom,
429 372 40 21 och
482 372 44 21 kan
542 372 87 21 derföre
643 372 20 28 ej
679 372 77 21 förena
771 370 46 30 mig
832 379 35 14 om
884 373 8 20 1
910 374 12 26 8

170 409 24 21 af
212 408 118 21 utskottets
345 407 143 21 betänkande.
519 407 43 27 Jag
577 413 63 15 anser
657 406 62 22 äfven
735 407 37 21 det
787 407 67 21 blifva
870 414 52 21 gan-

170 444 40 20 ska
225 443 59 21 svärt
298 442 34 20 för
352 443 72 19 rätten
444 443 32 19 att
496 441 83 28 pröfva,
595 441 106 21 huruvida
717 448 26 14 en
759 442 104 27 lägenhet
878 442 44 20 kan

169 478 53 20 bära
242 484 27 14 en
290 478 70 19 större
376 476 54 20 eller
444 476 85 21 mindre
545 476 98 27 sytning,
658 477 52 19 utan
726 476 97 21 kommer
839 476 37 21 det
892 478 32 19 att

169 513 53 20 bero
241 511 29 28 pä
290 518 27 14 en
337 510 160 28 approximativ
516 510 105 28 gissning.
653 510 43 28 Jag
711 510 88 21 förenar
814 510 45 28 mig
874 510 48 22 der-

169 548 47 20 före
238 546 8 20 i
268 546 42 21 den
333 544 125 27 redaktion,
482 552 45 13 som
550 544 51 21 herr
623 544 98 21 Aminoff
741 545 181 21 reservationsvis

169 580 121 28 föreslagit.

238 615 102 21 Friherre
360 614 24 21 af
404 614 137 21 Schultön:
562 614 43 27 Jag
625 614 63 20 utber
708 614 45 27 mig
773 616 31 19 att
824 614 22 21 fä
866 614 57 21 fästa

169 650 51 21 herr
242 649 68 21 baron
332 648 40 21 och
391 647 212 22 landtmarskalkens
623 647 40 21 och
683 648 117 28 högloflige
823 648 98 21 ständets

169 683 193 29 uppmärksamhet
378 683 58 26 derä,
447 689 35 14 om
494 683 20 27 ej
526 682 126 28 möjligtvis,
664 682 27 21 dä
701 683 88 27 sytning
800 684 23 19 är
834 683 7 20 i
853 683 69 27 fräga,

169 719 71 20 tillika
260 717 72 22 kunde
352 717 142 27 bestämmas,
512 717 56 20 huru
584 723 26 14 en
626 723 78 21 person
719 717 39 20 bör
773 724 51 14 vara
840 717 82 28 gvalifi-

170 753 65 21 cerad
254 753 34 20 för
308 753 31 20 att
359 751 22 21 få
402 753 110 26 emottaga
532 758 27 14 en
578 751 66 21 sådan
659 751 92 21 förmån.
781 751 81 21 Männe
878 754 44 26 syt-

169 788 54 27 ning
242 787 40 21 bör
300 786 92 27 beviljas
412 786 22 20 ät
453 793 110 20 personer,
580 793 45 13 som
641 786 58 20 ännu
715 785 87 22 befinna
817 787 34 27 sig
865 786 8 21 i
889 787 33 20 sin

169 822 54 21 fulla
238 820 152 22 mannaälders
405 819 72 22 kraft?
491 833 27 2 —
533 819 76 29 Enligt
625 820 44 20 min
685 820 57 27 äsigt
757 827 51 14 vore
823 821 37 20 det
875 821 47 21 skäl

170 858 39 25 att,
220 856 28 27 pä
259 857 43 18 sätt
318 861 26 14 en
360 855 24 20 af
396 854 36 21 det
443 855 23 20 är
479 855 54 20 1862
544 854 175 21 sammanträdda
730 855 116 20 utskottets
857 855 66 21 värde

170 891 143 20 medlemmar
328 889 35 20 vid
379 889 49 20 dess
444 888 165 28 förhandlingar
624 889 99 27 päyrkat,
734 889 83 28 stadga,
827 891 32 19 att
872 897 50 13 man

170 924 66 21 borde
251 923 65 21 hafva
332 923 92 28 uppnätt
440 929 27 14 en
482 923 44 20 viss
542 923 60 20 älder
617 923 40 20 och
673 923 87 20 befinna
776 923 33 27 sig
824 924 6 19 i
842 923 81 21 sädana

169 957 161 26 förhällanden,
351 959 31 18 att
402 964 49 13 man
468 957 20 27 ej
505 957 54 26 sjelf
571 957 28 27 pä
615 959 66 18 annat
697 959 42 18 sätt
754 957 43 20 kan
812 958 110 20 förvärfva

169 993 38 20 sitt
223 991 123 29 uppehälle,
362 991 34 20 för
412 992 31 19 att
458 990 22 21 få
495 991 121 20 förbehälla
631 991 34 27 sig
680 991 95 28 sytning.
804 991 118 28 Misstager

166 1027 41 28 jag
222 1027 44 26 mig
281 1026 27 27 ej,
320 1025 23 20 sä
358 1032 37 14 var
411 1025 36 20 det
460 1025 50 20 herr
521 1025 121 27 Törngren,
654 1032 45 13 som
710 1025 7 20 i
729 1025 106 21 utskottet
845 1026 77 21 väckte

168 1061 77 27 frägan
266 1060 85 26 derom,
370 1061 31 18 att
416 1066 51 13 man
482 1059 67 21 borde
564 1066 51 14 vara
630 1060 27 20 60
671 1060 24 20 är
709 1059 95 28 gammal
818 1060 40 21 och
874 1060 48 21 der-

165 1097 70 26 jemte
256 1094 82 28 sjuklig
357 1093 34 21 för
411 1094 32 20 att
463 1093 67 21 blifva
550 1093 97 28 delaktig
667 1094 24 20 af
703 1101 27 13 en
746 1094 66 21 sådan
828 1094 93 21 förmån.

168 1129 84 21 Endast
272 1129 28 27 på
320 1128 36 21 det
376 1129 66 19 sättet
457 1135 51 14 vore
525 1127 36 21 det
577 1128 89 27 möjligt
681 1130 32 19 att
729 1128 134 22 förekomma
880 1129 41 21 den

169 1163 201 27 omständigheten,
389 1164 32 19 att
436 1169 58 21 unga
509 1169 106 20 personer
631 1162 54 27 sälja
701 1163 32 20 sin
750 1163 106 27 egendom
872 1164 50 20 med

169 1197 107 22 förbehåll
292 1197 24 20 af
330 1196 94 28 sytning.
448 1196 43 20 Det
507 1198 23 18 är
546 1196 56 20 blott
617 1196 34 21 för
666 1198 100 19 närmare
781 1197 104 28 pröfning
900 1198 24 21 af

168 1231 93 26 ståndet,
277 1237 46 14 som
336 1231 40 27 jag
390 1230 59 21 velat
464 1230 121 21 framställa
600 1230 83 28 frågan.

236 1265 60 21 Herr
311 1264 159 26 Ehrnrooth,
486 1264 28 21 K.
530 1265 37 20 A.:
588 1264 72 21 Jemte
677 1264 36 21 det
726 1265 40 27 jag
780 1265 28 28 på
825 1265 26 20 de
867 1265 54 27 skäl,

169 1307 47 14 som
236 1299 24 21 af
278 1299 92 21 friherre
390 1299 26 20 de
438 1298 20 21 la
478 1298 104 28 Chapelle
600 1299 72 20 blifvit
686 1298 101 27 anförda,
803 1306 70 19 anser,
890 1301 32 19 att

169 1333 87 21 ståndet
272 1333 19 27 ej
308 1332 67 21 borde
390 1331 58 21 fästa
462 1331 103 21 afseende
580 1331 37 21 vid
629 1332 155 27 lagutskottets
795 1332 83 28 förslag
888 1333 33 20 till

169 1367 115 20 redaktion
305 1366 23 20 af
346 1367 7 19 1
373 1367 21 26 &,
410 1367 52 19 utan
478 1367 32 19 att
525 1365 40 21 den
581 1365 80 28 nådiga
675 1366 165 28 propositionen
856 1367 7 19 i
879 1366 42 21 den

169 1401 63 21 delen
249 1400 65 21 borde
330 1401 98 27 antagas,
445 1399 70 21 skulle
528 1400 39 28 jag
582 1399 74 27 likväl,
672 1401 52 20 utan
740 1401 31 20 att
786 1400 53 28 vilja
854 1400 28 28 gå
897 1401 24 20 så

168 1436 62 28 långt
249 1436 32 21 uti
301 1436 31 20 att
348 1434 118 22 inskränka
482 1435 41 21 den
540 1434 109 22 enskildes
665 1434 191 29 dispositionsrätt,
873 1442 46 14 som
