1103 1781
74 1322 7 20 va

870 127 41 23 573

259 192 162 24 Sammansatta
440 192 46 30 lag-
508 192 39 23 och
568 191 219 25 ekonomiutskottets
806 194 83 28 afgifna
903 195 37 21 be-

191 229 109 20 tänkande
316 230 7 19 i
338 229 71 21 denna
424 229 61 28 fräga
501 231 24 19 är
540 229 20 28 ej
577 229 207 21 tillfredsställande.
810 229 44 21 Det
869 229 70 21 skulle

190 264 40 20 hos
252 263 46 28 mig
319 263 68 21 väcka
410 269 26 15 en
458 263 132 22 nedsläende
610 263 86 26 känsla,
716 270 34 14 om
770 263 126 28 derigenom
913 270 26 14 en

191 297 104 28 tidsenlig
310 298 40 21 och
365 297 193 28 maktpäliggande
573 297 82 21 reform
669 297 72 22 blefve
757 297 134 28 uppskjuten
907 298 34 20 till

191 339 26 14 en
233 331 109 22 måhända
362 332 111 21 obestämd
492 332 97 27 framtid,
611 332 68 21 ehuru
699 332 116 28 lösningen
831 333 24 20 af
868 332 71 21 denna

190 366 61 28 fråga
271 367 69 28 enligt
360 367 44 20 min
426 367 55 20 fasta
502 367 145 28 öfvertygelse
663 373 29 14 nu
707 367 66 21 redan
790 369 23 18 är
829 367 54 21 både
899 367 40 20 lätt

191 401 39 20 och
246 401 83 28 möjlig.

258 435 44 22 Det
317 436 82 27 förslag
414 436 32 21 till
463 434 239 30 egofredsförordning,
714 443 45 14 som
771 435 69 22 finnes
856 435 84 29 bilagdt

191 469 40 22 den
255 470 79 28 nådiga
357 471 163 28 propositionen
543 471 7 20 i
573 472 82 25 ämnet,
679 473 23 18 är
725 471 68 27 enligt
813 471 45 20 min
873 471 66 21 tanke

190 503 151 29 fullkomligen
358 505 79 27 egnadt
452 507 32 18 att
500 505 106 21 förmedla
621 511 27 14 en
664 505 119 28 öfvergång
799 505 32 21 till
844 505 40 21 den
896 505 43 21 för-

191 538 79 22 ordade
291 539 125 28 principens
436 539 141 29 fullständiga
595 539 177 29 genomförande.
806 540 51 21 Med
872 540 67 27 några

191 573 117 28 ändringar
329 573 46 21 deri
395 581 64 14 anser
477 575 39 27 jag
536 575 45 27 mig
600 574 74 21 kunna
689 574 109 28 tillstyrka
814 575 49 20 dess
879 576 59 19 anta-

191 609 79 27 gande,
294 608 102 21 hvarföre
416 609 39 28 jag
477 609 109 21 vördsamt
609 609 32 20 får
664 609 90 26 föreslå,
775 611 31 19 att
820 609 119 28 höglofliga

192 643 150 28 ridderskapet
357 644 40 21 och
412 643 62 21 adeln
497 645 67 20 måtte
580 645 51 20 utan
648 643 73 21 vidare
737 643 99 28 företaga
850 644 90 27 gransk-

192 678 81 28 ningen
289 679 24 20 af
326 678 92 21 nämnde
434 678 87 28 förslag.
554 679 74 20 Skulle
645 678 65 21 likväl
726 678 118 28 höglofliga
858 677 82 22 ridder-

192 713 77 28 skapet
288 713 38 20 och
348 713 63 20 adeln
432 713 19 27 ej
473 719 52 14 anse
545 713 33 28 sig
593 713 73 21 kunna
682 712 183 28 omedelbarligen
882 713 58 21 före-

192 749 50 26 taga
262 747 72 20 denna
354 747 145 28 granskning,
520 748 23 20 så
559 754 63 21 synes
638 747 44 28 mig
698 753 27 14 en
740 749 66 26 utväg
822 749 71 26 öppen
909 749 32 19 att

192 781 22 22 få
229 781 71 21 denna
319 781 63 28 fråga
401 782 105 21 törhända
526 782 29 27 på
575 782 36 21 det
631 782 136 27 lämpligaste
784 783 43 19 sätt
842 782 98 21 slutförd.

192 816 44 21 Det
258 822 51 14 vore
332 815 109 28 nemligen
454 818 40 23 att
516 816 33 20 till
569 816 122 21 diskussion
713 818 95 26 upptaga
828 816 26 21 de
873 817 7 20 i
899 816 41 21 den

192 850 79 27 nådiga
286 850 162 29 propositionen
465 850 122 28 föreslagne
603 850 101 28 grunder,
720 850 50 27 och,
782 857 33 14 om
828 850 63 21 dessa
903 857 38 14 an-

192 887 72 26 tagas,
279 885 49 21 med
344 885 163 28 upphäfvandet
522 885 23 20 af
558 884 128 22 hithörande
700 884 78 22 ställen
788 884 7 21 i
807 884 134 29 byggninga-

193 919 90 27 balken,
304 919 105 22 öfverlåta
429 920 22 20 åt
469 919 131 28 regeringen
619 921 32 19 att
666 919 86 21 utfärda
767 926 27 14 en
810 919 49 21 med
874 919 66 29 sagde

193 953 95 30 grunder
308 953 236 22 öfverensstämmande
565 954 133 27 förordning.
729 953 85 22 Sakens
830 954 111 21 ekonomi-

194 989 38 21 ska
252 989 150 20 beskaffenhet
423 995 63 22 synes
505 989 45 27 mig
566 995 45 14 mer
627 990 26 19 än
670 988 128 28 tillräckligt
812 989 130 28 rättfärdiga

193 1026 31 18 ett
240 1023 76 21 sädant
332 1023 88 28 förslag,
437 1025 22 26 ty
474 1023 7 20 i
497 1023 74 27 hvarje
587 1025 49 25 stat,
652 1023 64 20 hvars
731 1023 54 20 öden
802 1022 60 21 ledas
877 1023 24 20 af
913 1030 28 13 en

194 1058 32 21 vis
242 1058 38 20 och
298 1058 135 20 omtänksam
453 1058 112 27 regering,
582 1058 38 20 bör
635 1057 41 21 den
692 1056 142 22 ekonomiska
848 1057 93 28 lagstift-

194 1092 82 28 ningen
292 1092 49 21 med
356 1098 27 15 en
399 1092 42 20 viss
457 1091 53 29 grad
526 1092 23 20 af
563 1092 66 20 frihet
645 1091 72 21 kunna
734 1091 78 21 ordnas
827 1092 24 20 af
865 1092 76 27 styrel-

194 1134 48 19 sen,
264 1134 45 13 som
330 1126 107 21 mähända
457 1126 80 26 oftare,
557 1128 27 18 än
605 1132 26 14 en
653 1127 68 20 större
742 1125 140 28 lagstiftande
898 1125 43 21 för-

195 1161 99 28 samling,
310 1160 72 22 dertill
398 1162 24 19 är
437 1160 76 28 egnad.
543 1160 43 21 För
602 1160 44 20 min
661 1160 35 21 del
712 1166 63 14 anser
788 1160 40 28 jag
844 1167 26 13 en
885 1160 56 20 äter-

194 1196 76 21 remiss
291 1195 32 21 till
343 1194 107 22 utskottet
465 1195 134 27 öfvertlödig.
630 1194 114 28 Svärligen
759 1194 57 22 lärer
830 1194 111 28 pluralite-

194 1232 48 20 tens
258 1230 24 21 af
295 1230 148 21 ledamöterne
458 1230 7 20 i
481 1229 106 21 utskottet
606 1229 56 27 åsigt
678 1229 6 21 i
701 1236 27 14 en
744 1228 48 21 hast
807 1229 74 21 kunna
898 1228 43 22 för-

193 1265 79 21 ändras
288 1264 39 21 och
343 1264 27 21 då
384 1264 64 21 hafva
463 1264 22 21 vi
500 1264 51 28 föga
566 1266 31 18 att
611 1265 65 20 vänta
692 1265 31 19 ett
738 1266 67 18 annat
820 1263 121 28 utlåtande,

195 1301 26 19 än
238 1300 36 20 det
290 1306 45 14 som
351 1299 106 21 utskottet
473 1298 66 21 redan
555 1298 92 28 afgifvit.

263 1334 58 21 Herr
336 1333 199 29 Björkenheim,
551 1333 34 21 R.:
602 1333 43 28 Jag
660 1334 24 20 är
699 1332 24 22 af
731 1332 91 22 friherre
834 1332 107 29 Carpelan

195 1368 50 22 med
260 1368 52 21 flere
328 1368 78 27 talare,
422 1374 44 15 som
483 1368 55 21 efter
553 1368 79 21 honom
650 1369 68 27 yttrat
732 1367 44 28 sig,
792 1367 150 22 förekommen

195 1403 6 20 i
217 1403 27 21 de
259 1402 177 27 anmärkningar,
453 1402 39 27 jag
512 1402 55 20 hade
587 1404 32 18 att
639 1404 52 25 göra
712 1404 58 18 emot
786 1402 36 20 det
838 1402 104 20 utskotts-

195 1435 147 27 betänkande,
366 1442 45 14 som
436 1441 28 14 nu
486 1436 64 26 utgör
570 1435 90 21 föremål
675 1435 34 20 för
724 1434 161 28 ridderskapets
902 1435 39 20 och
