1034 1800
797 122 39 20 321

114 186 38 21 vår
173 186 161 28 modernäring,
351 186 136 28 väsentligen
507 186 55 21 skall
583 186 161 28 understödjas,
761 187 24 21 så
800 187 67 21 erfor-

115 220 49 22 dras
185 221 72 21 dertill
277 221 20 27 ej
315 221 56 21 blott
385 221 69 27 några
469 221 91 21 enheter
576 221 23 21 af
613 222 108 29 miljoner,
736 222 72 20 dertill
824 221 43 21 for-

114 255 49 21 dras
179 256 80 26 många
273 255 62 21 tiotal
351 255 109 27 miljoner,
476 255 73 21 förrän
567 262 49 14 man
633 252 42 24 kan
691 257 59 27 säga,
764 257 31 19 att
807 255 60 28 jord-

115 290 77 20 bruket
208 290 71 20 blifvit
295 289 128 27 tillräckligt
437 289 135 21 understödt.
605 290 43 27 Jag
662 290 38 20 vill
717 290 20 28 ej
751 290 69 28 påstå,
836 292 32 18 att

113 323 49 22 hela
182 324 72 20 denna
272 330 84 14 summa
371 323 105 21 behöfver
492 324 102 27 indragas
610 324 48 20 från
674 324 107 26 utlandet,
798 324 69 20 ehuru

111 358 39 28 jag
169 359 20 27 ej
206 358 59 20 inser
280 358 72 28 någon
369 357 152 29 betänklighet
536 358 53 21 deri.
620 358 42 28 Jag
677 358 39 21 har
732 358 36 22 vid
783 360 31 19 ett
829 366 38 13 an-

114 394 38 20 nat
172 392 87 22 tillfälle
280 393 63 21 äfven
364 394 69 26 yttrat
454 393 41 21 den
516 392 96 29 åsigten,
627 394 32 20 att
674 394 83 20 statens
773 392 57 22 bank
846 393 21 27 ej

114 427 67 21 borde
202 427 151 28 förnämligast
371 429 78 25 utgöra
465 435 25 13 en
507 427 116 27 lånebank,
640 428 38 20 och
695 428 44 21 min
756 428 57 27 åsigt
828 428 39 21 har

112 462 49 21 icke
182 461 130 22 förändrats.
341 461 60 22 Skall
421 462 87 21 banken
524 461 22 22 få
561 462 41 21 den
618 463 114 27 uppgiften
748 464 31 19 att
795 462 72 29 tillgo-

114 497 51 21 dose
178 497 113 28 jordbruk,
302 496 79 22 handel
398 497 40 21 och
453 497 103 28 näringar
571 497 29 28 på
615 503 27 14 en
658 498 64 27 gång,
733 497 84 22 fruktar
827 498 40 27 jag

114 534 32 19 att
166 532 71 28 någon
254 539 52 21 gren
326 531 55 22 skall
403 532 68 21 blifva
489 531 172 28 stjufmoderligt
679 532 128 21 behandlad.
838 532 29 21 Så

114 567 38 21 har
167 567 132 21 åtminstone
314 567 102 20 hitintills
431 567 57 21 varit
498 567 68 21 fallet.
589 566 161 22 Erfarenheten
761 567 39 21 har
811 567 56 22 visat

114 604 31 19 att
165 602 196 21 handelsintresset
380 602 71 20 blifvit
471 602 155 21 företrädesvis
648 602 135 26 omhuldadt;
803 614 22 4 —
845 602 21 28 ej

114 637 23 21 så
152 636 182 28 modernäringen
347 636 136 28 jordbruket.
507 636 35 21 En
557 636 123 21 handlande
695 637 39 20 har
744 637 61 21 alltid
820 637 47 20 haft

114 673 43 19 rätt
173 673 31 19 att
220 673 37 19 när
273 678 46 14 som
334 671 64 27 helst,
414 671 45 21 ofta
474 678 44 21 nog
534 672 46 20 mot
595 670 69 22 blotta
679 671 188 27 blankokrediten,

114 706 84 21 erhålla
212 706 43 26 lån,
271 708 39 18 när
323 706 160 28 jordbrukaren
499 706 41 21 fått
555 706 30 20 bli
601 707 59 19 utan.
688 706 33 20 Af
734 706 71 21 denna
820 706 47 21 sed-

114 748 52 14 nare
182 740 40 21 har
236 748 51 13 man
303 740 83 21 fordrat
401 740 42 21 alla
459 741 89 27 möjliga
559 740 250 29 säkerhetshandlingar,
821 748 46 14 som

114 776 56 20 blott
184 776 49 20 med
249 777 59 19 stora
322 774 118 22 kostnader
456 775 84 21 kunnat
555 774 116 28 anskaffas,
682 775 40 21 och
736 775 76 21 hittills
828 776 39 20 har

115 810 37 21 det
172 810 20 28 ej
214 817 38 14 ens
273 810 55 20 varit
347 810 23 21 så
390 810 96 28 mycket;
506 810 42 20 den
564 816 42 14 ena
620 810 40 20 har
676 810 66 21 sedan
758 811 50 26 fått,
825 810 41 21 den

114 844 68 22 andra
197 844 72 21 blifvit
280 846 59 20 utan.
361 844 254 28 Hypoteksföreningen,
624 852 27 13 en
663 844 102 29 förening
776 844 21 22 af
806 844 60 28 jord-

114 879 104 27 brukare,
241 879 56 21 skall
317 879 65 21 också
401 879 6 20 i
429 879 77 27 sjelfva
521 878 77 22 verket
612 879 71 20 bättre
699 879 69 21 förstå
783 881 31 19 att
830 879 36 21 be-

114 914 56 21 vaka
190 914 38 20 sitt
248 914 92 20 intresse
359 913 40 21 och
419 913 63 21 sköta
501 913 117 27 affärerna,
638 914 27 19 än
689 920 27 13 en
731 914 136 20 bankinrätt-

115 948 62 28 ning,
194 954 45 15 som
260 949 24 19 är
304 947 75 21 afsedd
399 947 34 21 för
448 948 67 20 andra
531 947 107 21 ändamål.
668 947 57 21 Herr
741 954 41 14 von
798 948 69 20 Bons-

116 982 58 22 dorff
193 983 38 21 har
252 984 67 26 yttrat
339 989 27 14 en
387 982 96 21 särdeles
498 982 66 28 åsigt,
580 982 27 21 då
622 982 42 21 han
680 982 88 28 påstått,
784 984 31 19 att
831 982 37 21 det

116 1018 20 28 ej
152 1024 52 15 vore
220 1018 73 27 någon
309 1016 84 22 skilnad
409 1016 28 29 på
453 1018 31 20 ett
500 1016 148 29 ouppsägbart
662 1016 36 21 lån
715 1017 39 21 och
770 1018 31 20 ett
811 1017 56 21 sväf-

116 1052 80 27 vande,
212 1052 133 28 uppsägbart
364 1051 76 29 hvarje
456 1052 122 28 ögonblick.
610 1052 42 27 Jag
667 1051 43 22 kan
727 1052 19 28 ej
764 1052 103 26 förmoda,

115 1089 32 19 att
170 1087 58 21 detta
250 1086 118 28 påstående
391 1086 101 22 härleder
515 1088 33 26 sig
574 1086 24 22 af
621 1088 67 19 annat
709 1089 26 19 än
758 1086 109 22 bristande

115 1122 130 22 kännedom.
275 1122 58 20 Herr
348 1128 43 14 von
406 1120 119 22 Bonsdorff
538 1121 39 21 har
592 1121 62 21 alltid
669 1122 55 20 varit
735 1122 7 20 i
753 1121 42 21 den
809 1121 59 28 lyck-

114 1156 46 28 liga
176 1156 159 28 belägenheten
345 1157 32 19 att
393 1156 20 27 ej
430 1155 95 21 behöfva
540 1155 41 22 den
600 1155 100 21 enskilda
714 1155 100 22 krediten
828 1156 39 20 och

115 1191 40 22 har
170 1190 84 22 således
270 1191 20 28 ej
306 1190 69 21 heller
391 1190 57 21 varit
460 1190 148 21 underkastad
620 1190 48 21 dess
682 1190 186 28 obehagligheter.

116 1226 44 21 Det
179 1227 23 19 är
223 1225 138 28 sannerligen
382 1225 21 28 ej
422 1225 34 20 för
476 1226 12 19 6
510 1227 14 25 %
539 1231 50 14 man
611 1224 93 21 erhåller
724 1225 26 20 de
770 1225 99 21 enskilda

116 1261 74 26 lånen;
204 1260 87 27 menige
307 1265 94 15 mannen
416 1259 83 28 nödgas
515 1259 33 22 för
564 1258 81 22 sådana
660 1259 89 28 erlägga
759 1259 58 22 vissa
827 1259 42 21 dis-

116 1294 117 27 kretioner,
250 1294 49 21 icke
314 1300 27 15 en
357 1294 58 27 gång
430 1293 34 21 för
479 1293 49 27 alla,
544 1295 52 19 utan
612 1293 46 21 ofta
671 1300 44 21 nog
726 1293 49 22 med
785 1294 84 28 påmin-

116 1329 68 26 nelse,
201 1330 31 19 att
246 1327 139 29 uppsägning
400 1328 105 27 möjligen
522 1329 23 20 är
556 1327 128 21 förhanden.
707 1328 51 20 Men
770 1328 99 21 enskilda

117 1364 36 21 lån
168 1363 42 21 blir
224 1364 80 20 honom
320 1362 102 22 oerhördt
437 1362 84 28 dyrare,
538 1362 147 28 synnerligast
700 1362 70 21 under
783 1363 87 21 svårare

118 1398 63 26 tider,
200 1398 36 20 vid
256 1398 128 20 missvextår
405 1396 39 22 och
460 1398 67 20 andra
546 1397 44 21 fall.
620 1396 58 21 Herr
697 1404 41 13 von
754 1396 119 22 Bonsdorff

118 1432 38 20 har
172 1432 112 25 beräknat,
301 1432 32 19 att
347 1431 67 21 innan
429 1431 60 20 lånet
504 1438 50 13 vore
568 1431 89 26 betaldt,
669 1432 23 18 så
704 1430 69 21 skulle
785 1432 27 19 70
822 1431 47 19 mil-

164 1470 52 22 Högl.
229 1471 52 17 Ridd.
295 1470 30 17 och
336 1470 64 17 Adelns
413 1470 67 16 Protok.
781 1470 20 16 21
