1039 1809
781 132 38 20 801

97 196 62 20 stone
175 195 33 21 för
224 194 142 29 ögonblicket
380 196 24 20 är
420 195 90 21 alldeles
526 196 105 28 olämplig
645 197 33 20 att
692 196 110 22 användas
816 197 34 21 till

97 228 173 29 silfveruppköp.
300 229 51 21 Men
369 230 39 27 jag
424 230 117 26 förmodar,
557 231 32 19 att
605 230 36 20 det
657 232 23 19 är
695 231 68 27 något
777 231 72 27 tryck-

97 263 30 21 fel
143 263 7 20 i
166 263 145 21 redaktionen
332 263 39 21 och
392 265 32 19 att
444 264 90 21 dermed
548 271 75 14 menas
639 264 80 21 sådana
735 265 115 27 obligatio-

97 303 46 20 ner,
165 304 46 14 som
231 297 240 28 hypoteksföreningen
494 298 33 21 till
549 298 54 27 följe
623 298 25 21 af
665 299 49 20 dess
734 299 117 21 utländska

97 331 36 21 lån
154 331 41 21 och
215 331 50 21 med
282 331 52 21 kurs
353 332 28 28 på
396 332 118 21 utländska
529 332 76 21 börsar
624 332 73 21 kunde
716 333 87 21 komma
818 335 32 19 att

97 365 118 22 framdeles
235 368 103 26 upptaga.
368 366 12 21 I
394 367 104 20 händelse
515 367 60 21 detta
591 369 23 18 är
629 368 128 27 meningen,
772 368 23 21 så
810 368 40 21 har

93 401 41 27 jag
154 401 20 27 ej
196 401 87 27 mycket
303 403 31 18 att
355 401 104 21 anmärka
479 402 104 21 deremot.
613 401 82 22 Vidare
709 403 92 20 föreslår
816 404 33 19 ut-

97 435 92 26 skottet,
206 436 46 25 ,att
267 435 85 21 landets
371 435 87 21 ständer
474 436 67 21 måtte
556 436 97 21 förklara
667 437 131 28 regeringen
813 437 37 21 be-

95 469 97 29 rättigad
207 471 33 20 att
255 469 35 22 vid
306 470 68 21 behof
386 470 24 21 af
423 470 150 28 förstärkning
587 471 7 20 i
610 471 98 21 bankens
722 471 128 22 silfverfond

97 504 40 21 och
153 504 57 21 efter
224 504 106 29 pröfning
345 505 25 20 af
383 505 207 28 bankfullmäktiges
606 505 74 21 derom
696 506 78 27 gjorda
785 506 64 21 fram-

96 539 106 28 ställning
222 539 28 28 på
271 539 129 21 ständernas
418 541 83 26 vägnar
516 542 117 25 garantera
648 540 83 21 utrikes
746 541 48 20 län*
810 541 39 20 och

96 573 8 21 i
120 580 27 14 en
168 573 98 28 följande
287 573 79 29 punkt:
389 575 45 25 ,att
454 574 105 21 Finlands
580 575 57 20 bank
657 575 35 20 må
713 576 83 27 öppnas
816 575 33 21 till

97 608 200 28 silfverutvexling,
313 609 66 20 sedan
393 609 49 20 dess
462 609 125 21 metalliska
607 610 40 20 och
666 610 92 21 redbara
773 610 77 21 fonder

96 643 78 21 vunnit
194 643 68 28 nödig
281 643 151 28 förstärkning
452 645 56 20 samt
525 644 83 27 jemväl
629 644 68 21 andra
716 644 71 21 vilkor
809 644 40 21 och

96 677 163 27 förhållanden,
275 684 47 14 som
343 677 36 22 vid
398 685 27 13 en
441 678 60 27 dylik
517 678 78 29 åtgärd
609 679 75 20 kunna
698 686 51 14 vara
765 679 24 20 af
801 679 48 21 huf-

96 711 116 28 vudsaklig
227 712 53 27 vigt,
296 712 66 28 tagits
378 712 6 20 i
401 712 101 28 behörigt
517 713 180 28 öfvervägande.*
719 713 12 21 I
746 713 103 21 händelse

96 745 119 22 ständerna
231 746 70 21 skulle
317 748 80 26 antaga
412 747 42 20 den
470 747 128 28 proportion
615 748 93 20 emellan
723 748 75 20 silfver
809 748 40 21 och

97 781 78 26 sedlar,
191 787 46 14 som
253 780 167 21 bankutskottet
438 781 123 28 föreslagit,
577 789 64 13 anser
653 783 40 26 jag
708 782 49 21 hela
773 782 77 27 frågan

97 822 34 14 om
148 815 191 28 silfverutvexling
354 815 68 21 blifva
437 816 88 27 mycket
540 816 84 21 osäker.
647 817 43 27 Jag
705 817 87 20 förenar
805 817 46 27 mig

96 849 111 28 nemligen
222 849 7 21 i
245 849 41 21 den
306 850 141 27 reservation,
463 857 46 14 som
525 850 51 21 herr
589 857 42 14 von
650 851 120 20 Haartman
787 851 63 27 afgif-

96 884 41 27 vit,
154 883 91 22 emedan
265 883 154 22 erfarenheten
434 884 40 21 har
490 885 63 26 visat,
569 886 31 19 att
616 885 26 20 de
658 885 77 26 sedlar,
751 891 46 14 som
814 885 36 20 be-

97 918 77 21 höfvas
190 918 34 21 för
239 918 43 21 den
297 918 116 21 inhemska
428 919 104 27 rörelsen,
543 919 88 21 komma
645 921 32 19 att
692 919 71 28 aldrig
774 919 76 21 kräfva

97 952 111 22 metallisk
223 952 80 21 valuta.
329 952 44 21 Det
389 954 23 19 är
427 953 57 21 blott
499 953 42 21 den
557 961 90 19 summa,
663 961 46 14 som
724 954 126 21 balanserar

97 987 95 21 emellan
212 993 35 14 oss
268 987 40 20 och
328 987 109 27 utlandet,
458 987 41 22 den
518 995 94 20 summa,
627 988 21 21 vi
667 988 69 21 under
755 988 56 28 goda
826 988 24 21 år

97 1022 66 21 vinna
183 1022 29 27 på
230 1023 106 26 exporten
352 1022 40 20 och
408 1022 89 21 hvilken
512 1022 37 21 vid
564 1023 72 27 dåliga
651 1023 24 20 år
690 1023 64 28 utgår
769 1023 34 20 för
819 1023 31 20 öf-

97 1056 98 21 verskott
215 1056 23 21 af
256 1056 90 28 import,
362 1063 46 14 som
430 1057 84 21 fordrar
529 1057 152 21 motsvarande
697 1057 80 21 valuta.
808 1057 43 27 Jag

97 1091 33 21 får
146 1090 85 21 således
246 1090 7 21 i
268 1090 70 21 likhet
353 1091 49 21 med
417 1091 51 21 herr
483 1099 42 14 von
540 1091 121 21 Haartman
677 1092 87 25 föreslå,
780 1093 32 19 att
829 1091 22 21 vi

97 1125 71 21 skulle
189 1126 80 27 antaga
289 1125 43 27 (till
350 1125 84 22 hvilket
454 1125 123 28 antagande
595 1127 39 27 jag
654 1133 65 14 anser
733 1133 35 14 oss
786 1126 24 21 af
824 1126 26 21 de

97 1159 49 22 utaf
163 1159 107 21 utskottet
290 1159 87 28 bilagde
398 1159 120 22 tabellerna
538 1167 52 14 vara
605 1161 140 27 temmeligen
760 1161 90 20 berätti-

97 1193 72 29 gade),
185 1195 31 19 att
230 1193 71 21 finska
316 1193 87 21 banken
418 1193 72 22 kunde
506 1195 52 27 utge
573 1194 8 21 i
597 1194 36 21 det
650 1196 109 19 närmaste
775 1196 12 19 6
803 1195 47 21 mil-

94 1229 66 27 joner
175 1241 29 2 —
216 1229 40 27 jag
276 1228 51 21 ville
348 1227 101 22 nedsätta
469 1228 71 21 denna
561 1235 84 14 summa
664 1229 33 20 till
717 1230 13 20 5
749 1229 102 28 miljoner

97 1263 62 21 rubel
174 1263 8 20 i
198 1263 79 20 sedlar.
308 1262 42 21 Om
369 1263 72 20 såsom
457 1263 74 21 valuta
545 1263 86 21 derföre
646 1263 70 21 finnes
733 1264 25 28 14
773 1264 77 27 miljon

97 1297 63 21 rubel
180 1297 75 21 silfver
270 1297 7 20 i
293 1297 119 28 klingande
432 1299 71 26 mynt,
518 1297 25 21 sä
558 1299 24 19 är
597 1297 37 21 det
649 1297 90 21 alldeles
755 1298 95 21 tillräck-

97 1332 41 27 ligt
157 1331 34 21 för
212 1331 42 21 alla
275 1331 175 22 eventualiteter.
480 1332 45 20 För
544 1331 42 21 den
605 1338 83 14 summa
707 1331 78 27 sedlar,
804 1338 46 14 som

97 1365 127 22 derutöfver
243 1365 112 28 utgäfves,
375 1366 69 21 mäste
465 1365 7 21 i
492 1366 44 21 alla
555 1365 38 21 fall
611 1365 70 22 finnas
699 1365 41 22 full
755 1366 96 21 valuta
839 1361 16 37 i

97 1400 83 27 silfver,
200 1399 91 22 emedan
311 1400 8 20 i
338 1407 72 14 annan
429 1400 105 21 händelse
554 1407 27 14 en
599 1400 46 21 kris
660 1400 120 29 omöjligen
796 1400 56 21 skall

97 1435 76 20 kunna
188 1434 154 20 förekommas.
368 1435 43 20 Det
426 1436 24 19 är
465 1435 72 20 bättre
553 1436 32 19 att
599 1441 100 14 summan
714 1435 137 25 inskränkes,

146 1472 53 22 Högl.
214 1473 50 16 Ridd.
279 1474 28 15 och
321 1473 63 17 Adelns
398 1473 64 16 Protok.
763 1474 21 16 31
