1034 1764
779 135 40 20 309

105 197 128 22 inskränkas
252 197 33 21 till
306 198 26 21 12
346 197 101 28 miljoner
462 198 71 28 mark,
545 199 69 27 jemte
630 199 36 21 det
681 200 22 20 åt
719 201 128 20 kommande

104 231 87 22 ständer
211 232 69 21 skulle
296 232 144 21 öfverlemnas
456 234 31 19 att
502 233 55 20 efter
572 240 87 14 vunnen
674 234 123 21 erfarenhet
812 242 33 13 om

104 266 48 21 icke
175 265 91 22 allenast
286 266 56 21 huru
360 266 59 21 lånet
439 266 71 21 blifvit
529 267 101 26 användt,
646 269 51 19 utan
713 268 63 21 äfven
792 269 56 20 hvad

104 299 118 28 inflytande
237 300 119 21 detsamma
370 301 28 26 på
412 301 51 20 våra
478 301 117 28 penninge-
611 302 39 20 och
666 302 183 21 affärsförhållan-

104 334 40 21 den
167 334 83 22 kunnat
269 335 83 26 utöfva,
376 335 109 21 utsträcka
505 335 100 28 garantin
625 336 33 20 till
676 336 67 28 högre
758 343 89 15 summa.

103 369 11 21 I
134 369 42 21 alla
196 369 114 22 händelser
330 369 97 21 förordar
439 370 39 27 jag
493 370 13 21 &
521 369 44 21 min
579 370 54 27 sida,
649 371 31 20 att
695 370 152 29 affärsgemen-

103 403 82 28 skapen
208 403 49 22 med
278 403 87 22 banken
386 404 68 21 skulle
474 411 79 20 genom
574 404 109 28 sjelfmant
703 405 107 28 afsägelse
826 406 25 21 af

103 438 128 29 föreningen
246 439 104 28 upphöra.

170 473 58 22 Herr
243 480 41 14 von
300 473 151 27 Haartman,
465 473 37 22 V.:
517 473 58 21 Herr
586 473 133 22 Silfversvan
731 475 39 20 och
779 475 68 28 jemte

102 507 79 21 honom
198 508 67 28 nägra
278 507 67 22 andra
354 508 68 21 talare
433 508 65 21 hafva
508 508 69 28 yrkat,
589 510 31 19 att
631 509 41 20 den
682 509 165 28 ifrägavarande

102 543 100 27 garantin
218 542 69 21 skulle
303 541 109 22 meddelas
429 542 75 21 endast
519 542 33 21 för
569 544 25 19 12
605 543 100 28 miljoner
715 544 72 27 mark;
798 551 49 13 men

103 577 49 20 med
166 577 71 28 nägon
253 577 123 21 kännedom
392 584 34 14 om
441 577 55 21 huru
511 577 36 20 län
563 578 6 20 i
586 577 97 21 utlandet
699 585 30 13 nu
744 577 33 21 för
788 578 59 20 tiden

102 611 97 26 afslutas,
215 611 23 21 sä
253 611 39 21 bör
307 619 50 13 man
372 613 55 25 veta,
439 613 31 19 att
481 611 130 21 bankirerne
625 611 109 21 derstädes
746 613 101 26 vanligen

103 646 19 27 ej
144 645 99 21 förbinda
262 646 33 27 sig
315 646 31 20 att
362 645 143 29 ovilkorligen
521 645 92 21 aflemna
628 645 49 21 hela
692 646 155 27 länesumman,

103 682 51 19 utan
176 680 76 21 endast
272 687 26 14 en
319 680 43 20 viss
380 680 63 21 andel
459 680 66 27 deraf,
541 682 31 19 att
588 680 81 21 betalas
685 680 27 28 pä
727 680 120 21 fastställde

102 715 110 26 terminer,
235 714 112 22 hvaremot
369 715 158 27 indragningen
550 714 23 22 af
593 714 124 21 återstoden
737 715 63 21 beror
819 716 28 26 pä

102 749 116 21 framdeles
233 749 94 21 skeende
342 749 130 28 försäljning
483 749 24 21 af
517 748 25 22 de
555 749 150 28 obligationer,
714 756 45 14 som
768 750 10 20 å
788 750 59 20 lånet

102 784 102 21 utfärdas.
235 784 41 21 Om
292 791 28 13 nu
335 784 84 28 garanti
435 783 118 29 beviljades
569 784 76 20 endast
659 784 34 20 för
710 784 25 21 12
746 784 100 28 miljoner

102 818 71 27 mark,
193 818 24 21 så
236 820 24 20 är
279 818 37 21 det
334 818 83 28 ganska
433 818 115 27 sannolikt,
563 819 32 19 att
610 818 235 28 hypoteksföreningen

103 854 20 28 ej
144 854 69 21 skulle
232 854 21 20 få
268 853 32 28 sig
315 852 146 22 tillförsäkrad
476 860 46 14 mer
536 854 27 20 än
579 852 56 29 1:del
650 853 53 20 eller
718 853 64 28 högst
798 855 10 26 3
825 853 23 21 af

102 888 72 22 denna
189 896 89 18 summa,
294 888 40 21 och
349 888 27 20 då
392 888 67 28 enligt
475 888 41 20 den
529 887 80 28 nådiga
619 888 164 27 propositionen
793 888 52 20 ban-

101 924 55 20 kens
174 923 113 28 öppnande
302 923 34 21 för
356 922 188 28 silfverutvexling
563 923 23 19 är
605 922 108 21 beroende
728 922 70 26 deraf,
814 924 31 18 att

102 958 31 21 uti
156 958 124 21 densamma
302 957 120 29 deponeras
442 964 26 14 en
489 964 83 14 summa
591 956 24 21 af
633 957 13 20 2
666 956 101 28 miljoner
785 957 61 20 rubel

102 993 80 26 silfver,
206 992 68 21 skulle
295 992 137 28 tidpunkten,
448 992 26 20 då
488 991 71 21 denna
574 990 186 28 silfverutvexling
773 990 72 22 kunde

102 1028 146 28 påbegynnas,
265 1034 51 14 vara
327 1026 107 21 beroende
446 1026 23 20 af
478 1026 59 21 tiden
548 1027 38 19 när
596 1025 249 29 hypoteksföreningens

102 1064 13 20 å
130 1062 36 21 det
181 1061 115 21 utländska
310 1061 59 21 lånet
383 1060 100 22 utställle
494 1060 144 28 obligationer
648 1060 115 21 framdeles
774 1060 71 21 kunde

101 1096 107 28 försäljas.
232 1096 42 27 Jag
289 1102 63 15 anser
368 1096 35 21 det
418 1095 83 21 således
516 1102 51 14 vara
577 1094 132 28 nödvändigt
719 1096 31 19 att
761 1095 84 27 garanti

101 1139 30 14 nu
146 1132 76 27 genast
236 1130 109 22 meddelas
356 1130 12 20 å
378 1130 49 21 hela
443 1130 36 20 det
494 1129 122 29 föreslagna
631 1129 158 27 lånebeloppet.
807 1129 38 20 Vi-

102 1167 50 21 dare
168 1166 74 28 tyckes
258 1165 40 21 den
315 1165 6 20 i
336 1165 42 21 den
393 1164 79 28 nådiga
486 1164 162 29 propositionen
664 1163 95 28 antydda
773 1163 72 21 affärs-

100 1200 147 22 förbindelsen
263 1200 93 21 emellan
371 1198 238 30 hypoteksföreningen
625 1198 38 21 och
677 1198 69 20 finska
760 1198 85 21 banken

101 1243 52 14 vara
170 1236 32 20 ett
216 1234 74 29 spöke,
306 1241 45 14 som
367 1234 139 28 oupphörligt
521 1233 153 21 framkommer
686 1232 39 21 och
737 1232 20 27 ej
769 1232 42 20 kan
824 1232 23 20 af

101 1270 120 28 någonting
241 1268 121 22 fördrifvas.
391 1268 11 20 I
422 1268 42 21 den
484 1268 63 20 delen
566 1268 39 20 har
623 1266 66 22 redan
705 1266 49 21 herr
770 1266 75 28 Jäger-

100 1305 55 20 horn
171 1304 23 21 så
209 1303 79 29 tydligt
304 1303 40 21 och
359 1303 56 21 klart
427 1302 108 28 framlagt,
546 1301 61 21 hvari
617 1300 70 22 denna
698 1300 147 22 affärsförbin-

101 1339 59 21 delse
176 1338 123 28 egentligen
314 1338 80 26 består,
410 1338 32 20 att
454 1338 40 27 jag
508 1337 20 27 ej
546 1337 35 20 vet
596 1335 55 21 hvad
666 1342 49 14 man
727 1335 73 21 vidare
812 1335 33 21 till

100 1373 117 26 utredning
237 1372 74 21 derom
331 1372 42 20 kan
389 1373 57 25 säga.
477 1372 42 26 Jag
533 1377 63 14 anser
611 1369 45 28 mig
671 1369 54 21 dock
741 1370 52 20 böra
808 1369 37 27 på-

100 1406 62 28 peka,
178 1407 32 20 att
225 1405 71 22 denna
310 1405 198 21 affärsförbindelse
519 1405 20 26 ej
552 1403 60 22 torde
627 1403 52 21 bero
692 1403 27 27 på
730 1403 115 20 ständerne

101 1442 31 21 att
152 1441 7 20 i
178 1440 70 30 någon
269 1446 50 15 mon
335 1439 140 28 undanrödja.
504 1437 245 30 Hypoteksföreningen
765 1438 23 19 är
803 1436 42 22 till-
