1036 1770
179 137 39 22 166

148 204 80 26 antaga
243 202 152 28 förändringar
410 202 7 20 i
433 202 38 21 vår
486 201 157 28 brottmålslag,
666 201 148 22 frammanade
829 202 24 20 af
866 202 36 21 det

151 236 61 22 19:de
231 236 82 22 seklets
328 236 62 22 anda.
419 236 113 21 Utskottet
547 236 99 21 förordar
660 236 111 28 nemligen
787 236 115 28 ovilkorlig

150 271 123 28 kroppsaga
293 272 34 20 för
347 270 41 22 den
408 270 83 21 individ
505 271 23 21 af
542 270 36 21 det
594 270 142 28 uppväxande
753 271 86 27 slägtet,
855 278 46 13 som

150 306 28 28 på
190 306 94 20 nämnde
297 307 43 19 sätt
350 305 74 28 bryter
435 307 58 19 emot
504 304 164 28 författningen,
680 304 39 22 och
730 312 63 14 anser
803 305 100 28 lämpligt

151 340 78 28 ålägga
248 340 107 21 föräldrar
375 340 40 21 och
430 340 105 20 målsmän
552 341 32 19 att
599 339 69 28 enligt
684 339 131 21 domstolens
831 340 72 28 utslag

150 374 119 22 verkställa
284 374 89 22 straffet.
398 374 36 22 Nu
449 376 24 20 är
488 374 48 22 icke
552 374 98 21 tillfället
666 375 30 20 att
707 374 123 21 undersöka
840 374 62 21 hvar-

151 410 43 20 ken
213 410 64 21 risets
293 409 136 29 egenskaper
445 410 72 20 såsom
532 408 134 22 straffmedel
682 409 55 21 eller
751 409 151 22 hållbarheten

151 444 24 21 af
193 444 42 21 den
255 444 34 21 för
309 444 38 21 vår
367 450 29 15 nu
416 443 100 28 gällande
536 443 152 28 brottmålslag
708 444 127 27 visserligen
855 443 47 22 icke

151 478 135 22 fremmande
305 479 113 28 principen
439 480 31 19 att
490 480 52 26 göra
562 477 106 22 föräldrar
689 478 39 21 och
749 478 106 21 målsmän
869 478 34 21 till

152 513 131 21 exekutorer
298 513 24 21 af
336 514 83 20 statens
435 513 131 26 straffmakt,
582 512 126 28 isynnerhet
724 520 46 13 som
785 513 64 20 dessa
863 519 39 15 un-

152 547 158 28 dersökningar
332 547 126 29 lämpligast
473 547 61 22 torde
554 547 110 27 anställas,
686 547 26 22 då
731 547 123 28 grunderna
869 547 34 22 för

152 589 27 15 en
194 590 30 21 ny
238 583 158 28 brottmålslag,
412 583 96 26 hvarom,
524 583 71 20 såsom
610 582 87 27 bekant,
710 589 27 14 en
748 582 66 28 nådig
825 589 78 22 propo-

153 617 65 21 sition
238 617 119 28 föreligger
377 617 126 27 ständerne,
522 619 61 26 tages
599 617 68 21 under
682 617 109 28 pröfning.
821 617 44 21 Det
880 619 24 19 är

153 651 77 22 endast
244 651 113 29 angående
373 652 60 21 detta
447 651 209 28 bestraffningssätts
672 651 140 28 användning
826 652 8 21 i
847 652 57 21 före-

152 687 96 21 varande
269 687 45 26 fall,
330 693 45 15 som
394 687 39 28 jag
447 687 98 21 anhåller
560 688 32 19 att
608 687 21 21 få
644 688 53 27 säga
711 687 68 28 några
795 687 44 21 ord.
868 687 36 21 Då

153 721 37 22 det
209 721 7 21 i
236 721 119 22 utskottets
376 721 137 22 betänkande
531 722 72 21 heter:
626 721 141 29 ,stadgandet
783 728 34 15 om
833 722 70 21 öfver-

153 763 63 22 mage
232 758 59 25 etc.”,
308 763 64 21 synes
393 757 37 22 det
451 763 46 15 som
513 757 69 21 skulle
598 757 106 21 utskottet
720 757 51 28 sjelf
784 757 48 21 icke
847 757 57 22 varit

153 791 133 28 fullkomligt
309 791 138 29 öfvertygadt
467 799 35 14 om
522 791 233 28 bestraffningssättets
776 791 128 29 lämplighet

154 826 40 21 och
209 826 99 28 rättvisa,
324 828 62 27 samt
395 826 97 21 förordat
506 825 120 22 detsamma
636 832 60 15 mera
707 826 33 21 för
751 826 49 21 dess
811 827 94 21 afskräc-

153 861 71 20 kande
244 860 82 21 verkan
346 861 28 27 på
394 861 42 20 den
456 855 146 27 bestraffande
622 862 25 19 än
664 861 27 27 på
707 860 42 21 den
764 868 58 20 unge
837 861 67 21 delin-

154 896 102 27 quenten.
282 894 43 29 Jag
340 894 100 22 betviflar
455 895 65 21 också
534 895 49 21 icke
599 896 188 20 resonnementets
801 895 105 29 riktighet

153 929 115 27 såtillvida,
278 931 31 19 att
314 930 26 27 ju
347 929 47 21 helt
403 930 73 20 säkert
484 929 76 29 hvarje
568 929 144 21 rättänkande
723 929 68 27 fader,
799 930 105 21 målsman

154 964 52 22 eller
222 963 113 22 husbonde
351 964 56 21 skall
421 964 54 21 söka
490 966 53 26 göra
558 964 39 21 allt
612 964 34 20 för
662 965 31 19 att
703 964 72 28 undgå
786 964 41 21 den
838 964 68 21 hårda

154 998 191 28 nödvändigheten
360 1000 31 19 att
407 998 61 21 öfver
484 999 36 21 det
536 999 52 21 barn
604 998 64 21 hvars
682 998 52 22 vård
744 999 72 21 blifvit
826 999 79 21 honom

154 1032 123 22 anförtrodt
292 1034 81 27 svänga
388 1033 137 27 bödelsriset,
540 1040 51 14 men
607 1032 57 21 hvad
676 1033 40 28 jag
731 1033 98 21 deremot
839 1034 67 27 höge-

154 1067 59 28 ligen
229 1067 105 27 betviflar,
350 1068 23 20 är
389 1069 82 19 statens
486 1069 44 19 rätt
545 1069 31 19 att
591 1067 50 21 med
657 1067 80 21 sådana
752 1067 71 21 medel
838 1067 68 22 skaffa

155 1101 49 21 dess
224 1102 44 21 bud
288 1102 91 28 aktning
395 1102 39 20 och
450 1102 103 28 åtlydnad
568 1102 58 20 inom
642 1101 105 29 familjen.
776 1102 41 21 Illa
832 1104 23 19 är
870 1102 37 22 det

155 1136 41 21 ock
214 1136 103 22 beställdt
337 1136 50 21 med
407 1136 41 22 den
467 1137 149 27 uppfostrares
636 1136 82 28 sedliga
736 1136 120 27 tänkesätt,
872 1137 34 21 för

154 1170 89 21 hvilken
265 1170 98 28 utsigten
382 1172 32 19 att
434 1172 105 26 möjligen
559 1170 82 28 nödgas
660 1171 119 21 verkställa
801 1172 31 19 ett
855 1172 51 21 slikt

155 1205 62 21 straff
237 1205 70 21 skulle
330 1206 79 26 utgöra
429 1205 41 21 den
490 1205 129 27 kraftigaste
640 1204 216 29 bevekelsegrunden
875 1208 31 19 att

155 1238 82 29 afstyra
262 1239 40 20 och
327 1238 136 22 förekomma
487 1239 166 27 ifrågavarande
679 1239 116 21 förseelser
816 1239 23 20 af
860 1240 47 21 sina

155 1273 145 28 myndlingar.
330 1273 154 21 Rättänkande
500 1273 140 28 uppfostrare
660 1273 39 21 och
719 1273 107 21 målsmän
845 1274 61 21 skola

155 1309 53 18 utan
230 1307 102 20 afseende
353 1307 12 20 &
385 1308 43 19 alla
448 1308 105 20 straffbud
573 1307 101 27 bibringa
693 1308 43 20 den
756 1308 68 19 under
845 1309 61 19 deras

155 1340 89 28 ledning
265 1340 90 21 stäende
375 1341 125 27 ungdomen
518 1340 142 21 medvetande
676 1348 35 14 om
727 1341 36 20 det
777 1341 131 27 fördömliga

155 1374 40 22 och
211 1374 127 22 straffvärde
354 1375 31 21 uti
401 1375 74 28 dylika
490 1374 122 22 förseelser.
640 1374 51 22 Men
707 1375 71 21 blefve
795 1375 75 21 sådant
885 1376 25 21 af

155 1409 107 21 föräldrar
282 1409 54 21 eller
355 1410 106 21 målsman
479 1410 144 20 försummadt
638 1409 40 21 och
693 1410 101 28 förginge
809 1410 34 28 sig
858 1410 48 22 bar-

155 1446 37 20 net
214 1444 24 22 af
259 1444 136 29 okunnighet
415 1444 54 22 eller
490 1444 121 28 oförstånd,
632 1444 24 22 så
673 1451 52 15 vore
745 1444 41 22 ock
805 1445 36 22 det
862 1452 44 15 om-
