1034 1811
801 131 40 24 451

131 196 81 23 mativa
231 204 90 21 summa,
342 197 86 22 hvartill
453 197 243 30 mantalspenningarne
717 199 68 28 enligt
803 199 71 22 denna

130 233 113 27 grundsats
263 233 124 28 uppburna,
407 233 72 20 kunde
499 233 79 28 belöpa
596 233 43 28 sig,
659 235 56 19 samt
733 234 92 21 förvissa
839 235 34 27 sig

128 267 80 27 derom,
223 268 32 20 att
273 267 26 21 de
315 267 126 27 inkomster,
457 267 131 21 statsverket
602 267 58 21 förut
675 267 56 22 ifrån
750 268 26 21 de
796 269 76 26 skilda,

129 308 29 14 nu
169 301 175 28 sammanslagna
354 301 197 28 inkomstposterna
565 301 109 28 uppburit,
685 302 48 21 icke
744 302 71 21 blefve
829 303 43 20 för-

128 335 121 28 minskade,
264 335 65 22 hafva
343 335 258 29 folkmängdstabellerna
616 336 33 21 för
663 336 50 28 1860
728 336 71 22 blifvit
809 337 64 28 lagde

129 370 33 21 till
182 370 71 28 grund
267 370 34 22 för
316 370 155 29 beräkningen.
501 370 113 22 Utskottet
628 370 39 22 har
682 371 120 28 föredragit
817 372 56 21 folk-

128 404 211 29 mängdstabellerne
355 404 90 22 framför
459 404 220 29 mantalslängderne,
694 405 7 21 i
716 406 108 21 anseende
840 406 34 21 till

128 440 26 21 de
170 440 69 21 förres
255 440 50 21 vida
319 441 82 27 vägnar
416 441 69 21 större
503 440 125 29 pålitlighet
644 440 41 21 och
700 440 173 28 sanningsenlig-

128 475 44 21 het.
201 475 34 28 Ty
255 482 34 14 om
310 474 26 22 de
356 475 64 21 äfven
440 475 33 21 till
494 475 74 22 siffran
589 475 48 21 icke
656 482 52 14 vore
723 475 50 21 fullt
789 475 84 27 exakta,

128 510 74 21 kunna
216 510 27 21 de
258 510 73 27 likväl,
347 510 70 21 såsom
434 510 111 28 grundade
560 510 29 28 på
603 516 129 22 noggranna
747 510 127 22 antecknin-

128 552 40 21 gar
186 544 61 22 öfver
265 544 65 22 födda
350 544 40 22 och
411 544 64 28 döda,
491 545 32 21 in-
539 545 39 21 och
594 544 115 29 utflyttade
724 545 48 21 icke
787 545 88 28 mycket

128 580 74 21 afvika
216 579 57 22 ifrån
288 579 37 21 det
339 580 99 27 verkliga
453 579 151 22 förhållandet.
626 579 137 22 Differensen
778 580 43 21 kan
837 587 37 14 en-

129 614 48 21 dast
192 614 132 29 uppkomma
343 621 78 21 genom
437 615 80 21 sådana
532 621 110 22 personer,
658 614 73 22 hvilka
745 615 91 21 vandrat
851 616 24 19 ut

128 649 28 28 på
176 649 177 28 arbetsförtjenst
373 649 40 21 och
432 649 48 21 icke
503 649 149 27 återkommit;
675 649 27 21 de
725 649 62 21 flesta
808 649 67 22 vistas

129 683 55 22 dock
198 683 39 22 allt
252 683 109 29 framgent
375 683 7 21 i
398 684 83 27 landet,
497 691 35 14 om
548 683 65 22 också
628 683 47 22 icke
691 684 28 28 på
735 684 32 21 sin
782 684 92 21 hemort.

128 719 49 20 Den
198 718 87 29 vanliga
304 718 76 28 regeln
401 720 23 19 är
443 720 31 19 att
494 719 26 21 de
541 718 55 22 efter
616 719 72 28 någon
703 719 32 20 tid
750 719 124 21 återvända.

129 753 105 21 Deremot
253 753 104 28 uppgifva
376 753 212 29 mantalslängderne
608 760 27 14 en
653 753 51 21 vida
717 755 82 26 vägnar
813 754 61 28 lägre

130 787 65 22 siffra.
227 787 79 22 Medan
322 788 54 21 1860
392 788 34 21 års
447 787 205 29 folkmängdstabell
667 788 80 21 räknar
764 789 111 26 1,745,000

129 823 103 21 invånare
250 823 8 20 i
277 822 84 27 landet,
377 829 72 22 uppge
469 823 211 28 mantalslängderne
701 823 34 21 för
754 831 82 13 samma
851 823 24 21 år

129 858 156 28 befolkningen
305 857 33 21 till
360 858 111 27 1,635,000
490 864 110 22 personer,
620 857 84 22 således
722 859 90 26 110,000
827 865 48 21 per-

130 899 63 14 soner
213 892 94 28 mindre;
328 892 39 21 och
389 893 51 20 1861
463 893 34 20 års
514 892 185 28 mantalslängder
713 893 71 20 likaså
799 893 76 20 endast

132 928 111 26 1,683,800
262 934 110 21 personer,
388 927 53 21 eller
456 927 36 21 vid
507 934 49 21 pass
572 927 77 27 61,000
663 934 105 20 personer
783 926 92 22 mindre.

131 962 41 21 Om
187 969 29 14 nu
232 961 65 21 också
312 968 27 14 en
355 961 34 21 del
405 961 24 21 af
441 961 63 21 dessa
515 974 25 4 —
551 961 21 21 vi
583 962 79 27 antaga
677 961 52 28 högt
744 968 44 21 nog
800 962 75 26 10,000

131 1003 102 22 personer
243 1008 23 4 —
277 995 70 22 skulle
355 995 122 22 försvunnit
487 996 7 20 i
505 996 107 21 obekanta
624 995 62 28 öden,
695 996 24 21 så
729 996 80 21 återstå
820 996 55 21 dock

131 1031 76 27 50,000
226 1030 40 22 och
281 1030 84 22 kanske
380 1030 62 28 flere,
457 1030 74 22 hvilka
546 1030 36 22 det
596 1030 85 28 lyckats
697 1032 31 20 att
743 1030 133 22 undanhålla

130 1066 33 28 sig
178 1065 56 22 ifrån
249 1065 256 29 mantalsskrifningarna
520 1065 40 21 och
571 1065 89 21 sålunda
671 1065 99 21 försnilla
780 1065 95 21 kronans

130 1100 125 28 rättmätiga
273 1100 105 27 inkomst,
394 1100 33 21 till
445 1100 55 22 huru
515 1102 55 20 stort
585 1100 78 29 belopp
680 1100 43 21 kan
738 1100 138 28 naturligtvis

130 1136 48 21 ieke
200 1135 114 22 beräknas.
343 1135 44 21 Det
409 1136 24 20 är
450 1136 28 27 pä
498 1135 63 22 dessa
581 1134 47 22 skäl
648 1135 160 22 statsutskottet
828 1135 48 21 icke

130 1171 83 20 kunnat
232 1170 65 28 lägga
317 1170 212 28 mantalslängderne
549 1170 34 21 till
603 1169 70 29 grund
691 1170 29 29 på
738 1170 47 21 sina
800 1169 77 22 beräk-

130 1206 83 27 ningar.
243 1204 42 22 Om
302 1205 39 27 jag
356 1205 73 20 blifvit
444 1206 43 20 rätt
502 1205 148 27 underrättad,
664 1205 41 20 har
721 1205 106 27 styrelsen
843 1210 33 15 re-

131 1240 41 20 dan
189 1239 33 21 för
237 1239 76 28 längre
329 1238 32 22 tid
376 1238 65 22 sedan
457 1239 73 21 funnit
544 1239 27 21 de
585 1239 124 21 nuvarande
720 1238 157 22 mantalsskrif-

131 1274 116 28 ningarnes
268 1273 79 21 brister
365 1275 56 19 samt
440 1274 91 27 vidtagit
550 1273 157 21 förberedande
727 1273 102 28 åtgärder
844 1273 33 20 till

132 1307 191 23 åstadkommande
339 1307 24 21 af
375 1314 27 14 en
418 1314 151 22 noggrannare
585 1308 101 20 kontroll.
709 1308 46 20 När
765 1308 42 20 den
816 1307 62 21 kom-

132 1343 40 21 mit
182 1343 8 21 i
202 1342 69 28 stånd,
283 1342 40 22 och
339 1350 46 13 som
396 1342 92 21 ofelbart
498 1342 49 22 sker
560 1344 66 26 snart,
639 1342 55 21 skall
706 1342 40 21 ock
759 1342 26 20 de
797 1342 81 20 debite-

134 1377 50 21 rade
196 1384 142 21 personernas
349 1377 58 21 antal
418 1378 75 20 närma
501 1377 33 28 sig
542 1376 84 22 landets
638 1376 97 28 verkliga
745 1376 133 28 befolkning.

199 1411 44 22 Vid
257 1412 148 28 beräkningen
421 1412 23 20 af
458 1412 25 20 de
499 1412 56 20 ifrån
571 1411 226 29 mantalspenningars
810 1411 68 21 betal-

134 1447 52 27 ning
206 1446 107 26 befriade,
328 1446 39 20 har
385 1446 46 26 här,
447 1453 45 13 som
508 1446 6 20 i
531 1446 77 27 många
624 1446 67 20 andra
705 1446 48 26 fall,
769 1446 110 26 svårighet
