1045 1773
214 139 26 19 98

254 219 8 10 »
265 202 44 21 Vill
328 201 149 27 ridderskapet
493 201 38 21 och
548 201 62 21 adeln
626 203 78 25 antaga
720 208 28 14 nu
764 202 164 27 ifrågavarande

186 239 12 20 6
214 238 11 27 8
241 237 23 21 af
277 236 153 28 lagutskottets
445 235 150 21 betänkande?

252 272 49 20 Den
317 277 45 15 som
377 270 38 21 vill
430 272 79 26 antaga
523 270 90 22 berörde
625 270 11 27 $
647 277 72 14 svarar
732 271 33 27 ja;
782 270 40 22 den
833 270 37 21 det
879 270 48 21 icke

184 308 38 20 vill
236 312 74 15 svarar
324 305 44 27 nej.

252 340 85 21 Vinner
351 339 44 28 nej,
411 338 125 28 godkännes
551 338 42 21 den
608 338 24 21 af
640 338 103 22 herrarne
754 339 124 21 Grotenfelt
889 340 39 20 och

185 375 80 21 Munck
279 373 179 22 reservationsvis
473 373 123 27 föreslagna
610 373 83 27 lydelse
706 373 24 21 af
738 374 21 26 8:
777 375 56 26 ,tyst
843 374 85 27 bolags-

184 417 49 14 man
254 410 51 26 äger
325 408 48 20 icke
391 408 86 26 deltaga
493 408 6 20 i
515 407 116 27 ledningen
647 407 23 21 af
683 407 98 28 bolagets
797 408 130 28 angelägen-

183 445 61 20 heter
260 443 52 21 eller
325 443 99 27 uppgöra
439 442 68 27 några
521 441 79 22 affärer
615 441 27 28 på
657 441 87 22 firmans
759 443 88 27 vägnar,
859 444 19 26 ej
890 450 38 13 ens

183 480 28 27 på
230 477 69 30 grund
319 477 24 21 af
359 476 107 27 fullmakt,
482 476 101 21 utfärdad
598 476 23 21 af
634 476 41 21 den
691 476 53 21 eller
759 477 55 26 dem,
829 484 46 14 som
890 477 37 21 bo-

182 514 58 27 laget
255 511 100 22 förestä.*

250 546 46 21 Och
316 545 128 22 besvarades
465 545 70 21 denna
554 545 133 28 proposition
702 545 49 21 med
767 545 159 28 öfvervägande

180 583 30 26 ja,
227 582 6 20 i
248 581 55 28 följd
322 580 78 21 hvaraf
418 579 84 22 således
522 579 164 28 ifrågavarande
705 580 12 27 &
736 580 25 21 af
773 580 153 28 lagutskottets

183 615 134 22 betänkande
332 615 86 21 komme
435 616 30 19 att
481 614 129 21 oförändrad
625 615 125 21 bibehållas,

530 655 11 27 8
558 655 17 20 7.

249 683 83 22 Härvid
347 683 86 28 yttrade

250 719 58 20 Herr
330 724 42 14 von
393 717 197 28 Weissenberg:
612 717 64 20 Hvad
698 717 70 21 denna
788 719 11 26 $
817 718 109 27 beträffar,

183 753 69 20 skulle
270 753 39 27 jag
324 752 7 21 i
347 752 42 21 allo
403 752 116 20 instämma
533 751 7 21 i
556 751 40 21 den
612 751 140 26 reservation,
768 751 49 21 herr
833 752 92 21 Groten-

181 787 39 21 felt
235 789 45 18 mot
295 786 146 21 betänkandet
455 785 92 28 afgifvit.

248 821 57 21 Herr
321 820 160 27 Grotenfelt,
496 821 37 20 A.:
552 819 48 21 Den
615 819 138 29 bestämning
768 821 7 20 i
792 821 25 20 15
833 821 48 28 kap.
896 821 28 21 H.

181 857 33 26 B.,
230 862 45 14 som
295 855 110 21 förmenar
420 855 98 20 enskilde
535 855 125 27 bolagsmän
676 854 110 21 äfvensom
803 855 61 21 deras
880 856 44 28 lag-

180 891 44 27 lige
245 889 195 22 rättsinnehafvare
459 891 32 19 att
511 891 51 19 utan
578 889 69 27 öfrige
662 889 137 28 bolagsmäns
815 890 110 28 samtycke

181 925 65 27 skilja
266 925 33 27 sig
318 924 49 21 frän
387 925 32 19 ett
434 925 66 27 öppet
515 924 53 20 eller
584 923 123 21 solidariskt
722 924 71 28 bolag,
809 924 27 20 dä
851 924 26 21 de
893 925 32 21 sä-

181 959 52 21 dant
253 959 77 26 önska,
350 958 39 21 har
409 958 45 21 ofta
473 958 40 21 och
533 958 50 20 med
602 958 46 20 skäl
668 958 88 20 erkänts
775 965 52 14 vara
841 959 84 21 mindre

181 992 109 28 tidsenlig.
314 992 51 20 Men
379 991 56 21 hvad
450 998 47 14 som
512 991 130 21 härutinnan
658 993 52 26 äger
725 992 43 28 fog,
783 992 28 21 dä
825 992 62 28 fräga
902 995 23 19 är

182 1034 34 14 om
236 1028 72 26 öppna
327 1026 74 28 bolag,
417 1026 68 28 gäller
505 1026 22 22 sä
543 1026 86 27 mycket
644 1033 59 14 mera
718 1033 34 14 om
769 1028 31 19 ett
814 1027 111 21 komman-

181 1062 102 27 ditbolag.
313 1060 93 22 Derföre
426 1060 63 21 utber
505 1061 39 27 jag
564 1061 45 27 mig
628 1062 32 19 att
679 1061 22 21 få
720 1061 89 21 hänvisa
829 1062 33 20 till
880 1062 44 20 min

180 1096 144 26 reservation,
340 1095 39 21 och
400 1094 85 27 föreslå,
505 1096 32 20 att
555 1095 11 27 $
586 1095 67 21 måtte
672 1095 7 21 i
700 1095 96 28 enlighet
815 1096 49 20 med
883 1096 41 21 den

180 1130 116 28 redigeras.

248 1164 57 21 Herr
320 1171 43 14 von
373 1164 79 26 Born,
468 1164 27 20 K.
506 1164 31 20 F.:
550 1163 35 21 Då
599 1164 33 20 uti
647 1164 13 20 2
674 1164 30 28 8&:s
720 1164 12 21 5
748 1164 39 20 och
803 1166 12 19 6
830 1165 95 27 punkter

180 1199 67 21 redan
263 1201 23 19 är
302 1198 106 28 stadgadt,
424 1200 31 18 att
470 1198 7 21 i
490 1198 202 28 bolagskontraktet
708 1198 54 21 skall
777 1199 52 27 ingä
839 1206 34 14 om
885 1200 39 20 och

180 1234 56 20 huru
256 1234 43 27 tyst
320 1233 126 27 bolagsman
466 1233 35 21 mä
521 1232 33 21 sin
574 1232 65 21 rätti
654 1232 88 28 bolaget
759 1233 33 20 till
807 1240 72 14 annan
894 1234 30 20 öf-

180 1268 92 26 verläta,
293 1267 40 21 och
347 1267 67 26 tiden,
431 1267 33 20 för
479 1267 88 21 hvilken
583 1266 87 28 bolaget
684 1267 72 21 blifvit
771 1267 114 28 ingänget,
901 1268 23 20 sä

180 1304 45 18 tror
242 1302 46 26 jag,
307 1302 33 20 att
360 1301 39 20 allt
418 1301 56 20 hvad
493 1308 45 14 som
558 1301 42 20 kan
618 1301 88 27 komma
720 1301 7 21 i
743 1301 61 27 fräga
819 1302 6 20 i
842 1302 82 20 föreva-

180 1335 66 21 rande
267 1334 112 26 afseende,
400 1334 67 20 redan
482 1334 7 20 i
504 1334 125 21 kontraktet
648 1334 120 21 innehälles
784 1334 39 21 och
838 1336 32 19 att
885 1336 11 20 7
912 1336 12 26 8

180 1370 20 26 ej
217 1369 69 20 skulle
301 1368 74 21 vidare
389 1368 93 21 behöfva
497 1368 76 28 stadga
589 1368 80 20 derom.

246 1403 102 21 Friherre
363 1402 27 21 de
405 1402 21 21 la
442 1402 135 28 Chapelle:
596 1402 44 21 Det
658 1402 23 22 af
694 1403 103 21 herrarne
813 1403 111 21 Weissen-

179 1438 54 28 berg
253 1438 39 21 och
311 1437 125 21 Grotenfelt
449 1437 114 21 förordade
578 1437 78 28 tillägg
668 1438 39 20 till.
717 1438 117 21 utskottets
849 1438 75 22 betän-
