1036 1773
209 130 41 20 544

180 196 7 20 i
203 195 54 28 följd
270 195 77 21 hvaraf
361 195 40 21 och
416 194 27 22 då
458 195 76 28 frågan
550 195 89 21 sålunda
654 202 37 14 var
705 195 49 21 med
765 194 159 29 öfvervägande

177 230 25 27 ja
217 230 105 20 besvarad
342 230 57 20 inom
420 229 26 21 de
464 230 37 20 två
513 229 69 21 första
596 230 120 26 klasserna,
732 230 165 28 ifrågavarande
913 230 12 27 $

179 271 38 15 var
233 264 130 22 oförändrad
378 265 24 21 af
415 264 85 22 ståndet
517 264 107 28 godkänd.

247 298 66 22 Emot
335 299 59 21 detta
415 298 72 22 beslut
509 300 139 20 reserverade
669 300 33 27 sig
721 300 50 20 herr
787 306 41 15 von
844 299 79 28 Essen,

179 333 69 21 under
268 334 137 28 åberopande
425 334 24 20 af
464 334 56 20 hvad
535 334 42 20 han
593 334 73 20 anfört
680 334 58 20 såväl
754 334 30 21 uti
801 334 33 21 sin
850 334 73 21 betän-

179 367 82 21 kandet
275 368 115 27 vidfogade
404 368 140 27 reservation,
556 368 69 20 såsom
642 368 40 21 ock
696 368 40 21 här
752 368 64 22 ofvan
830 368 37 21 vid
883 369 41 21 dis-

179 401 117 22 kussionen
312 402 7 20 i
335 404 73 19 ämnet
422 402 59 20 inom
499 402 90 21 ståndet.

246 436 11 21 I
273 436 71 21 denna
361 436 134 21 reservation
513 436 106 21 instämde
634 437 91 21 friherre
741 438 26 20 de
783 438 21 20 la
819 438 104 27 Chapelle

179 472 56 19 samt
254 471 105 21 herrarne
378 470 101 28 Bläfield,
495 471 93 27 Schildt,
604 471 132 28 Grotenfelt,
752 472 26 21 N.
795 471 23 22 C.
834 471 32 28 E.,
883 473 39 20 och

179 505 147 29 Gripenberg,
342 505 20 22 J.
378 505 26 22 U.
421 505 22 22 S.

246 541 59 20 Herr
323 540 106 27 Linder,
444 540 33 28 E.,
492 540 140 22 reserverade
647 541 34 28 sig
693 541 81 28 jemväl
791 543 58 20 emot
866 541 56 22 före-

178 575 89 21 stäende
290 575 81 27 beslut,
394 575 69 21 sävidt
485 576 126 28 derigenom
630 576 119 28 medgifves
764 576 136 28 kyrkoherde
917 577 6 20 i

178 611 120 26 pastoratet
313 609 53 22 eller
380 609 42 22 den
436 610 55 21 hans
506 611 62 20 ställe
584 610 120 21 företräder
719 611 43 20 rätt
777 611 33 20 till
826 613 46 19 säte
883 611 39 20 och

179 645 92 20 stämma
285 644 7 21 i
308 644 233 21 kommunalnämnden
557 645 35 21 vid
608 644 132 29 behandling
749 645 24 20 af
785 645 80 28 frägor,
877 653 45 13 som

178 679 51 20 röra
250 679 132 26 folkskolan,
406 679 67 21 ehvad
496 679 41 21 han
558 681 24 19 är
602 679 92 21 medlem
710 680 24 20 af
745 679 108 21 nämnden
869 680 54 20 eller

178 712 57 27 icke,
256 713 40 21 och
314 713 121 28 åberopade
450 713 83 22 talaren
550 713 75 21 härvid
640 713 33 21 sin
688 714 7 20 i
709 713 105 21 utskottet
830 713 92 29 afgifna,

178 747 147 22 betänkandet
339 747 114 29 vidfogade
468 749 140 20 reservation.

245 783 55 20 Häri
323 783 103 21 förenade
449 783 33 28 sig
504 783 90 21 friherre
617 783 104 28 Hisinger
744 785 56 19 samt
818 783 104 22 herrarne

177 817 119 28 Nassokin,
319 825 41 14 von
382 817 147 28 Willebrand,
552 817 25 22 E.
598 817 28 28 J.,
642 818 23 21 af
678 818 116 27 Forselles,
812 818 22 21 C.
850 818 27 21 V.
893 818 28 21 H.

177 853 40 21 och
232 860 42 14 von
291 853 164 28 Weissenberg.

244 888 83 21 Herrar
343 888 202 28 Björkenheim,
561 888 34 27 R.,
611 888 40 21 och
666 888 143 27 Molander,
824 896 96 14 reserve-

177 922 51 22 rade
251 922 33 28 sig
306 922 104 22 likaledes
432 925 58 19 emot
513 929 81 14 samma
616 922 80 27 beslut,
716 924 52 20 enär
784 922 137 28 kyrkoherde

177 957 53 20 eller
252 956 41 22 den
317 957 53 21 hans
392 957 62 20 ställe
477 957 123 21 företrädde
626 956 126 28 derigenom
779 957 142 22 tillerkändes

177 991 148 28 sjelfskrifven
340 993 43 19 rätt
397 991 34 20 till
447 993 46 19 säte
509 991 39 21 och
564 993 91 18 stämma
668 991 7 20 i
686 991 234 22 kommunalnämnden

177 1026 30 19 uti
224 1026 74 28 frågor
312 1025 93 22 rörande
420 1025 122 22 folkskolan
558 1027 56 19 samt
629 1025 73 28 fattig-
718 1026 39 20 och
771 1026 149 21 helsovärden.

244 1061 58 20 Herr
321 1060 171 28 Furuhjelm,
515 1061 27 20 H.
564 1060 33 26 V.,
613 1060 84 28 yttrade
713 1060 43 28 sig:
775 1060 100 21 Hindrad
890 1063 31 19 att

176 1095 45 21 förr
241 1096 28 20 än
289 1102 29 13 nu
337 1094 202 28 tillstädeskomma,
554 1094 39 21 har
606 1095 40 27 jag
660 1095 20 28 ej
696 1095 55 20 varit
766 1095 7 20 i
789 1095 85 21 tillfälle
889 1098 32 19 att

176 1130 86 28 deltaga
281 1129 7 22 i
308 1129 151 22 diskussionen
479 1129 112 28 angående
612 1129 218 22 ekonomiutskottets
845 1130 74 21 betän-

176 1165 71 20 kande
269 1163 40 22 och
331 1164 83 28 förslag
435 1164 32 20 till
488 1165 11 26 8
518 1165 27 20 45
562 1164 24 20 af
598 1164 165 28 ifrågavarande
779 1165 140 28 författning;

177 1199 40 20 och
233 1199 26 20 dä
272 1199 39 28 jag
326 1199 20 27 ej
362 1199 42 20 kan
424 1199 75 20 förena
515 1199 44 28 mig
575 1199 30 20 uti
621 1199 36 20 det
672 1199 71 21 beslut
758 1199 85 27 härom,
859 1199 61 21 hvari

176 1233 150 28 ridderskapet
341 1233 40 21 och
396 1233 63 21 adeln
475 1235 93 25 stannat,
583 1233 71 21 sävidt
664 1233 109 28 nemligen
784 1233 136 28 kyrkoherde

176 1268 32 20 uti
223 1267 73 28 frägor
311 1274 35 14 om
362 1267 122 22 folkskolan
495 1267 121 21 tillerkänts
627 1269 43 19 rätt
680 1268 31 20 till
722 1269 46 19 säte
779 1268 39 21 och
830 1269 90 20 stämma

175 1303 8 20 i
198 1302 244 27 kommunalnämnden,
461 1302 68 21 ehvad
548 1302 43 21 han
612 1302 23 20 af
649 1302 123 21 densamma
788 1304 23 19 är
826 1303 93 20 medlem

177 1336 53 21 eller
244 1336 59 26 icke,
322 1336 92 21 äterstär
433 1336 33 20 för
481 1336 45 27 mig
541 1336 20 27 ej
577 1337 66 19 annat
659 1337 26 19 än
701 1337 31 19 att
747 1343 113 13 reservera
875 1336 45 27 mig

176 1372 45 19 mot
236 1370 59 21 detta
310 1369 80 28 beslut,
405 1369 7 21 i
427 1369 83 22 hvilket
524 1369 104 21 afseende
640 1370 40 27 jag
693 1370 126 20 instämmer
833 1371 31 19 uti
877 1370 41 20 den

176 1405 140 26 reservation,
332 1404 49 21 herr
397 1404 81 21 Linder
489 1404 6 21 i
506 1404 104 21 utskottet
621 1406 44 19 mot
677 1404 144 21 betänkandet
832 1405 6 20 i
850 1404 70 21 denna

177 1441 35 20 del
235 1440 91 28 afgifvit.
361 1439 42 28 Jag
425 1439 51 22 ville
497 1439 53 21 dock
570 1439 70 21 säsom
656 1440 47 21 stöd
719 1439 33 22 för
768 1447 81 14 samma
864 1439 57 29 äsigt
