1039 1809
188 128 42 20 414

159 198 42 20 om,
214 193 31 19 att
256 191 37 21 det
307 191 43 21 blir
364 190 149 22 beståndande
530 190 39 22 och
585 192 32 19 att
631 190 72 28 någon
713 190 59 22 vinst
783 190 62 22 deraf
854 191 55 21 skall

160 226 91 21 beredas
270 226 54 27 mig,
340 224 45 22 lika
405 225 49 21 litet
472 225 43 21 kan
532 226 49 27 jag,
597 225 37 21 vid
649 224 111 29 åtskilliga
775 225 68 21 andra
857 225 54 21 kon-

159 260 95 21 trakters
271 260 39 20 och
325 259 141 28 handlingars
486 259 135 29 uppvisande
636 259 57 21 inför
709 259 134 28 myndighet,
859 266 51 15 vara

159 295 108 21 förvissad
286 296 32 19 att
338 294 24 21 af
380 294 48 20 dem
449 294 66 27 draga
530 295 72 27 nägon
618 293 79 28 fördel;
711 294 39 27 jag
765 294 43 20 kan
824 294 86 21 derföre

160 330 23 20 sä
202 329 88 28 mycket
309 328 84 21 mindre
414 328 76 21 förena
510 329 44 27 mig
574 328 7 20 i
600 328 92 21 friherre
713 328 119 29 Carpelans
855 329 57 27 äsigt

160 371 34 14 om
215 363 102 21 befrielse
338 363 47 20 frän
405 362 113 28 kartering
537 363 24 20 af
579 364 146 19 testamenten
741 363 27 21 dä
784 363 26 20 de
826 363 32 21 till
874 363 37 21 be-

159 398 97 27 vakning
276 399 85 26 upptes,
380 403 45 14 som
446 397 42 21 den
507 397 125 27 föreslagna
651 397 124 21 kontrollen
795 405 63 20 synes
878 397 33 21 in-

159 432 91 22 vecklad
266 431 40 22 och
322 432 71 21 blefve
408 433 79 26 ytterst
502 432 48 21 svär
566 433 32 20 att
613 431 130 22 handhafva.
769 432 89 21 Säledes
868 433 43 20 för-

160 468 64 20 ordar
234 467 40 28 jag
285 466 61 21 bifall
354 467 33 20 till
395 466 58 21 hvad
460 466 106 21 utskottet
574 467 8 20 i
591 466 59 21 detta
658 467 123 20 hänseende
791 467 120 28 föreslagit.

228 501 103 21 Friherre
351 501 137 28 Carpelan:
510 501 43 28 Jag
572 501 39 21 bör
631 501 76 21 härvid
723 503 88 25 nämna,
827 503 33 19 att
872 503 40 26 jag

160 537 46 21 ofta
221 538 43 19 sett
277 537 146 20 testamenten
439 535 83 27 häfvas,
537 536 39 21 och
587 535 73 21 funnit
675 535 36 22 det
727 536 91 27 obilligt,
830 538 32 19 att
875 536 36 21 vid

160 571 77 21 sädant
252 570 136 21 förhällande
404 570 55 21 skall
476 571 98 27 erläggas
591 570 164 28 stämpelafgift.
780 571 34 20 Dä
826 571 39 28 jag
880 570 31 21 af-

160 606 69 21 slutar
244 605 110 26 kontrakt,
366 607 22 18 är
400 605 36 20 det
452 611 27 14 en
495 605 90 27 frivillig
597 605 106 28 handling
713 605 94 21 emellan
815 605 45 28 mig
871 605 40 21 och

160 639 168 28 kontrahenten,
343 639 39 21 och
399 639 41 21 den
456 639 64 26 vinst,
530 639 38 28 jag
579 639 43 21 kan
636 639 28 26 fä,
675 639 43 21 kan
726 639 40 28 jag
776 639 136 28 nägorlunda

160 675 106 26 beräkna,
287 681 51 14 men
358 673 136 22 annorlunda
514 673 105 22 förhäller
639 673 34 28 sig
691 673 49 21 med
756 675 155 26 testamenten;

160 709 42 20 blir
218 709 36 20 det
270 708 129 21 oklandradt
414 708 53 21 eller
483 708 136 27 stadfästadt,
635 708 66 27 nägot
717 715 46 14 som
775 709 40 27 jag
824 708 49 21 icke
883 709 29 27 pä

160 743 93 22 förhand
267 743 43 21 kan
326 743 90 26 förutse,
432 743 39 20 har
484 743 39 28 jag
538 743 59 20 vinst
612 742 66 27 deraf,
694 743 7 20 i
717 744 66 19 annat
799 743 38 20 fall
855 743 55 27 icke,

160 785 50 14 men
231 778 35 21 väl
285 777 85 22 kronan
390 777 33 21 för
443 777 78 21 kartan
541 777 40 21 och
601 777 76 21 sådant
697 783 64 22 synes
782 778 20 27 ej
818 778 93 21 rättvist.

160 813 40 20 Att
216 812 127 28 stadgandet
358 812 7 20 i
381 812 90 28 Sverige
485 812 39 21 har
538 813 70 20 större
619 811 110 28 svårighet
740 813 32 20 att
782 812 39 21 här
832 812 79 21 tilläm-

160 854 39 21 pas
215 849 27 19 än
258 847 111 21 derstädes
385 847 81 21 förmär
479 847 40 28 jag
534 847 19 28 ej
570 847 54 20 inse.

228 882 60 20 Herr
308 889 42 13 von
369 881 82 27 Born,
468 881 20 21 J.
504 881 34 21 A.:
559 881 43 28 Jag
622 881 99 21 anhåller
741 883 32 19 att
788 882 33 20 till
837 882 73 21 bemö-

160 916 65 22 tande
246 916 24 21 af
288 916 100 21 sednaste
408 916 84 21 talaren
507 916 22 21 fä
545 915 78 28 erinra,
640 917 31 20 att
686 923 51 14 man
753 916 36 21 vid
804 916 107 28 ingäende

160 951 24 21 af
198 952 31 19 ett
244 951 103 20 kontrakt
362 950 43 21 kan
421 951 115 27 äfventyra
551 951 87 27 mycket
654 957 66 20 mera,
735 952 28 19 än
779 957 78 22 genom
873 951 38 21 be-

160 985 96 28 vakning
271 985 24 21 af
308 987 32 19 ett
355 986 137 20 testamente.

229 1020 58 21 Herr
310 1020 144 27 Törngren:
478 1019 43 28 Jag
543 1019 70 22 skulle
636 1019 77 22 förena
735 1020 45 28 mig
801 1020 8 20 i
829 1027 83 14 samma

161 1055 63 27 &sigt,
236 1061 45 14 som
297 1055 50 20 herr
363 1061 43 15 von
422 1054 60 21 Born
497 1056 75 26 yttrat,
584 1054 40 21 och
639 1054 38 22 vill
693 1055 54 20 blott
758 1055 111 27 anmärka,
881 1057 32 19 att

160 1090 40 21 här
220 1089 69 21 mäste
309 1097 52 13 vara
382 1091 30 19 ett
432 1089 94 28 tryckfel
546 1089 105 28 antingen
671 1089 7 21 i
698 1089 37 21 det
750 1089 93 22 svenska
859 1090 54 21 eller

160 1124 70 21 finska
246 1124 136 28 exemplaret
396 1124 24 21 af
433 1124 117 21 utskottets
566 1123 145 22 betänkande.
734 1124 11 21 I
756 1124 92 21 svenska
859 1132 53 21 upp-

161 1159 64 28 lagan
240 1159 62 21 heter
318 1159 37 20 det
370 1159 47 21 från
434 1159 90 26 5—200,
535 1159 7 20 i
553 1159 42 20 den
609 1158 70 21 finska
689 1159 49 21 från
749 1159 83 21 6—200
843 1159 68 22 mark.

229 1193 58 22 Herr
306 1201 43 13 von
369 1193 83 27 Born,
472 1193 20 22 J.
511 1193 34 21 A.:
560 1193 114 21 Utskottet
688 1193 39 21 har
742 1193 7 20 i
765 1194 103 21 afseende
883 1194 29 28 pä

161 1228 75 21 siffran
252 1229 20 27 ej
288 1227 47 22 haft
350 1228 34 21 för
399 1227 66 28 afsigt
480 1229 32 20 att
527 1227 80 22 föreslä
623 1227 105 21 afvikelse
744 1227 47 22 frän
802 1227 57 22 hvad
869 1228 42 21 den

160 1263 80 28 nådiga
254 1262 165 29 propositionen
434 1262 128 27 innehåller,
574 1261 110 28 nemligen
694 1261 57 22 ifrån
762 1263 13 20 5
786 1262 125 21 tillochmed

161 1297 42 20 200
223 1296 72 27 mark,
314 1296 102 21 hvarföre
432 1298 32 19 ett
478 1296 94 29 tryckfel
587 1296 62 21 torde
664 1296 82 21 influtit
761 1296 8 21 i
784 1297 42 20 den
841 1297 70 20 finska

160 1331 110 28 upplagan
286 1331 23 21 af
324 1331 152 21 betänkandet.

228 1365 59 20 Herr
302 1365 112 20 Schildt:
431 1365 43 27 Jag
488 1365 60 20 delar
562 1364 93 21 friherre
667 1364 118 27 Carpelans
796 1364 56 27 åsigt
862 1364 7 20 i
881 1364 30 21 af-

161 1399 79 20 seende
255 1399 12 20 å
282 1399 113 28 kartering
410 1399 24 20 af
446 1399 138 20 testamente.
608 1398 43 28 Jag
661 1405 64 14 anser
735 1397 57 22 hvad
801 1399 43 20 han
855 1398 57 22 före-

161 1433 65 29 slagit
241 1440 51 15 vara
307 1433 100 22 förenadt
420 1433 51 22 med
485 1433 107 28 billighet.
