1036 1778
794 120 41 20 575

116 179 54 28 ning
190 180 6 20 i
218 182 72 20 ämnet
311 182 39 20 och
370 182 67 21 sedan
456 182 35 22 vid
507 183 168 22 nästinfallande
690 184 104 28 landtdag
808 184 57 21 före-

114 213 66 28 lägga
202 214 37 21 det
262 216 116 21 ständerna
400 216 7 21 i
430 217 102 21 afseende
553 218 12 20 å
584 218 75 27 slutlig
674 218 134 28 granskning
824 219 40 20 och

114 248 129 27 antagande.

182 282 11 20 I
208 282 42 21 den
264 283 80 28 nådiga
366 285 162 27 propositionen
543 285 40 21 har
597 286 62 20 Hans
674 286 61 28 Kejs.
750 286 63 28 Maj:t
828 293 35 14 ve-

114 316 30 20 lat
160 316 33 20 till
209 316 127 21 ständernas
352 318 135 28 antagande,
503 320 70 20 såsom
588 320 95 26 grunder
698 320 34 20 för
746 327 27 13 en
784 320 79 21 allmän

113 349 130 29 författning
264 351 111 27 angående
396 358 64 21 egors
480 353 113 26 fredande,
609 354 80 21 föreslå
703 360 39 15 sex
757 354 107 21 särskilda

113 383 94 28 punkter
227 386 65 25 samt,
314 386 68 27 enligt
405 387 150 28 ordalydelsen
571 387 6 20 i
593 387 175 29 propositionen,
784 389 33 20 för
832 389 32 19 att

114 418 134 29 ådagalägga
271 420 54 20 huru
348 421 63 21 dessa
433 421 94 28 grunder
547 421 74 22 kunde
642 423 31 20 uti
690 429 26 14 en
732 422 131 27 författning

113 460 36 14 om
172 454 89 27 egofred
284 454 108 29 tillämpas
416 456 40 20 och
479 456 92 27 utföras,
588 456 68 28 bilagt
671 458 31 19 ett
717 457 7 20 i
740 457 76 20 sådant
832 456 30 21 af-

113 487 80 22 seende
214 489 126 28 upprättadt
360 489 88 28 förslag.
479 490 131 21 Godkännes
626 497 29 14 nu
671 490 117 22 utskottets
802 497 60 21 nyss-

113 522 94 21 nämnda
222 523 64 28 åsigt,
302 525 31 19 att
344 524 101 21 särskildt
456 524 81 28 förslag
547 524 92 21 rörande
650 525 122 28 detaljerne
783 525 79 27 ifråga-

113 556 87 22 komme
216 557 54 21 först
285 557 66 22 sedan
362 559 124 26 grunderne
496 559 72 20 blifvit
579 559 23 20 af
611 559 116 21 ständerne
738 559 124 28 godkände,

113 591 24 20 så
151 591 43 21 blir
209 591 63 22 deraf
285 598 27 15 en
328 592 64 27 följd,
409 595 31 18 att
456 592 56 21 huru
526 595 27 19 än
570 593 127 21 ständernas
713 593 99 21 omdöme
828 600 34 13 om

113 625 26 20 de
155 625 165 28 ifrågavarande
336 627 123 27 grunderna
474 627 87 21 komma
575 629 33 19 att
623 627 86 27 utfalla,
726 629 30 19 ett
767 629 48 26 nytt
826 627 36 21 de-

113 659 103 28 taljeradt
239 660 223 29 författningsförslag
482 661 38 21 bör
539 661 36 22 vid
593 661 180 22 nästkommande
794 661 71 21 landt-

113 693 42 28 dag
178 694 116 21 ständerne
317 695 131 27 föreläggas.
485 696 39 20 Att
544 695 70 21 under
635 696 76 20 sådant
727 695 136 21 förbållande

113 728 161 21 återremittera
294 729 66 21 saken
380 729 34 21 till
433 729 116 27 utskottet,
570 730 34 21 för.
619 731 32 19 att
666 730 68 21 utläta
750 730 32 27 sig
798 730 65 27 angå-

114 762 55 21 ende
188 762 165 28 ifrågavarande
374 763 77 21 endast
469 764 70 21 såsom
559 764 72 28 bilaga
646 764 170 27 grundsatserna
831 764 32 20 bi-

115 796 78 28 fogade
209 796 91 29 förslag,
321 804 45 14 som
387 797 48 21 icke
455 798 39 21 har
508 798 71 27 någon
595 798 110 28 egenskap
721 798 24 21 af
759 797 105 28 kejserlig

113 831 145 28 proposition,
279 838 65 21 synes
364 831 86 22 derföre
470 839 51 14 vara
537 832 161 21 ändamålslöst.
732 832 43 28 Jag
792 831 71 21 skulle

113 864 84 21 således
219 867 103 20 motsätta
341 865 45 28 mig
402 866 101 21 ärendets
525 867 126 20 återremiss
667 867 39 20 och
722 865 93 29 påyrka,
832 867 31 19 att

113 899 77 21 endast
205 899 170 28 grundsatserna
390 900 67 21 måtte
473 901 24 20 af
510 900 85 21 ståndet
610 899 108 22 bedömas.

181 933 58 22 Herr
260 933 177 22 Silfversvan:
459 934 42 29 Jag
517 935 38 20 ber
571 936 32 19 att
618 935 22 20 få
655 934 93 28 upplysa
763 941 27 14 en
806 934 56 21 före-

113 967 83 28 gående
212 969 78 26 talare,
306 969 32 20 att
350 969 39 27 jag
405 969 19 27 ej
441 969 92 28 påyrkat
551 969 118 20 utskottets
685 969 177 27 förständigande

113 1003 32 20 att
167 1003 29 27 gå
217 1002 56 22 ifrån
294 1002 49 21 dess
363 1002 67 28 åsigt,
452 1010 34 14 om
507 1003 64 21 också
591 1003 72 21 denna
683 1003 57 28 åsigt
759 1003 56 21 varit
835 1009 26 14 en

113 1037 124 21 minoritets
257 1037 24 21 af
299 1038 25 20 10
340 1037 53 21 eller
410 1037 26 20 12
451 1040 58 19 emot
525 1038 32 21 17.
587 1037 44 28 Jag
646 1037 39 22 har
700 1037 77 21 endast
792 1037 70 28 yrkat,

114 1073 32 19 att
166 1071 107 21 utskottet
294 1071 70 21 skulle
384 1071 146 29 förständigas
550 1073 32 19 att
602 1073 51 27 taga
671 1071 105 29 förslaget
791 1072 7 20 i
813 1070 50 22 full-

114 1106 96 28 ständigt
231 1105 166 29 öfvervägande.
432 1106 36 21 Nu
486 1106 39 21 har
543 1106 108 22 utskottet
669 1112 78 22 genom
762 1105 101 27 votering

114 1140 95 22 beslutat
224 1142 32 19 att
270 1140 90 22 alldeles
376 1140 48 21 icke
445 1142 51 26 taga
509 1141 49 21 hela
573 1140 36 22 det
624 1140 119 28 kejserliga
758 1140 105 27 förslaget

113 1174 7 21 i
135 1174 144 22 betraktande
295 1175 40 21 och
349 1174 7 22 i
372 1174 60 22 detta
446 1174 103 22 afseende
559 1182 64 15 anser
631 1175 40 28 jag
681 1174 107 22 utskottet
798 1173 64 22 hafva

113 1208 90 22 handlat
218 1208 133 29 fullkomligt
367 1208 123 29 obefogadt.

181 1243 103 21 Friherre
307 1242 139 29 Carpelan:
469 1243 44 21 För
535 1244 45 20 min
604 1243 35 21 del
661 1243 43 21 kan
719 1243 39 27 jag
774 1243 20 27 ej
810 1243 52 28 gilla

113 1278 93 20 friherre
221 1277 27 21 de
263 1278 21 20 la
300 1277 115 29 Chapelles
430 1277 66 29 åsigt,
512 1280 31 19 att
553 1278 106 27 förslaget
669 1278 47 20 icke
730 1277 70 21 skulle
811 1284 51 14 vara

113 1312 71 21 såsom
206 1312 135 28 proposition
367 1312 117 21 ständerna
509 1312 114 28 förelagdt.
661 1312 42 28 Jag
730 1318 64 14 anser
816 1312 46 20 det-

113 1353 83 14 samma
211 1353 52 14 vara
277 1347 34 21 väl
327 1346 108 28 grundadt
450 1346 39 22 och
504 1347 6 20 i
525 1347 26 21 de
566 1347 63 21 flesta
639 1346 38 21 fall
688 1346 108 28 antagligt
806 1348 56 19 samt

113 1380 66 28 yrkar
195 1380 85 21 derföre
295 1381 125 28 enständigt
430 1382 27 26 på
468 1383 31 19 att
510 1382 155 20 sammansatta
675 1380 45 28 lag-
731 1380 40 21 och
782 1380 80 21 ekono-

113 1415 151 20 mieutskottet
274 1416 67 19 måtte
352 1415 89 27 åläggas
454 1416 32 19 att
499 1416 82 26 afgifva
593 1416 37 19 sitt
646 1414 99 27 yttrande
754 1414 107 20 deröfver.
