1036 1809
774 126 38 20 751

95 190 21 27 ej
133 190 95 21 särdeles
243 190 88 28 mycket
344 192 32 19 att
392 190 96 29 tillägga,
504 192 54 20 samt
574 191 38 21 ber
627 191 85 21 derföre
724 192 77 20 endast
812 193 31 19 att

95 224 22 21 få
132 224 55 21 fästa
203 225 98 21 ståndets
315 225 192 28 uppmärksamhet
516 226 29 27 på
558 226 36 21 det
604 226 103 28 omätliga
717 226 127 28 inflytande,

95 266 46 14 som
162 266 27 14 en
209 260 172 27 ändamålsenlig
401 260 168 28 jordstyckning
593 261 87 20 komme
704 262 32 19 att
756 268 42 20 ega
816 261 28 27 på

95 294 79 20 folkets
191 294 83 27 sedliga
289 293 99 28 bildning
404 294 39 20 och
457 294 143 28 jordbrukets
610 294 170 28 upphjelpande.
800 294 44 21 Det

94 330 24 19 är
133 334 27 16 en
175 328 83 28 sorglig
274 328 72 26 tanke,
356 330 32 18 att
399 328 36 20 det
449 328 93 21 fordrats
553 328 77 28 sekler,
644 329 66 21 innan
720 336 50 14 man
782 328 61 22 kom-

95 363 40 21 mit
153 363 33 28 sig
201 364 32 20 att
248 362 67 21 tänka
330 363 28 27 på
373 363 42 21 den
431 363 103 28 fattigare
550 363 62 21 delen
628 363 24 21 af
666 363 154 28 befolkningen
837 364 7 20 i

94 397 48 21 vårt
161 397 58 21 land.
249 397 44 28 Jag
312 397 39 21 har
372 397 41 21 den
434 397 171 28 öfvertygelsen,
622 400 31 18 att
672 405 27 13 en
713 405 45 13 mer
774 398 70 21 utvid-

95 432 51 28 gad,
164 432 24 27 ja
203 433 15 19 t.
233 439 20 13 o.
269 438 29 14 m.
313 431 136 28 obegränsad
468 432 159 28 egostyckning
642 433 24 20 är
681 434 30 19 ett
727 432 70 21 medel
814 434 31 19 att

95 466 134 21 förekomma
249 466 164 28 proletariatets
434 466 127 28 tilltagande
582 466 7 21 i
609 467 48 20 värt
677 467 60 26 land,
754 468 23 26 ty
796 468 50 19 näst

95 500 42 22 den
157 500 188 28 omständigheten
366 502 32 19 att
418 508 77 20 genom
516 500 120 22 folkskolor
657 501 99 27 bibringa
775 501 69 21 folket

95 535 69 28 sedlig
182 535 106 28 bildning,
304 535 69 21 mäste
394 543 49 13 man
460 536 119 28 medgifva,
596 537 32 19 att
646 536 97 20 tillfället
758 535 34 21 för
807 542 37 14 en-

94 570 53 21 hvar
162 572 32 19 att
210 570 109 21 förvärfva
335 570 33 27 sig
384 577 27 13 en
427 577 55 21 egen
498 570 71 21 torfva
587 572 23 18 är
629 572 31 19 ett
678 570 87 28 mycket
780 570 64 28 prak-

94 605 54 21 tiskt
163 605 71 21 medel
250 604 80 22 dertill.

163 639 102 21 Friherre
286 639 93 28 Boije:
399 639 10 21 I
430 639 118 29 anledning
568 640 24 20 af
609 639 41 21 den
672 639 48 21 utaf
736 639 50 21 herr
801 646 42 15 von

93 674 71 21 Essen
183 674 86 28 yttrade
288 675 56 20 samt
362 674 24 20 af
403 674 92 21 friherre
516 674 107 28 Carpelan
640 674 75 21 delade
733 674 56 28 äsigt
806 681 37 14 an-

95 708 83 29 gående
199 708 36 22 det
249 709 7 20 i
272 710 13 20 8
301 710 11 26 &
328 708 24 23 af
368 709 164 27 propositionen
553 708 111 22 bestämda
684 709 160 28 minimibelop-

95 745 44 27 pet,
154 743 141 21 hvarutöfver
309 743 178 29 jordafsöndring
503 744 48 20 icke
568 743 73 21 kunde
657 743 21 21 fä
689 750 40 21 ega
739 751 55 19 rum,
805 743 39 21 ber

92 779 40 28 jag
151 778 22 22 få
192 778 125 27 framhålla,
337 778 36 21 det
392 778 65 21 också
473 778 106 22 utskottet
598 778 40 21 har
658 786 82 13 samma
759 778 57 28 äsigt
836 778 8 20 i

95 813 37 21 det
147 813 67 21 andra
229 813 146 27 alternativet,
386 820 46 14 som
449 813 105 21 utskottet
569 813 106 28 uppställt
688 813 33 21 för
732 820 82 14 samma
825 814 18 26 $.

95 848 64 21 Hvad
178 848 47 21 äter
245 848 135 21 vidkommer
400 848 49 21 herr
468 855 42 15 von
528 848 72 21 Borns
615 848 129 28 pästäende,
760 850 32 18 att
804 848 40 27 jag

96 883 69 22 skulle
186 883 107 21 förklarat
313 883 158 29 egostyckning
491 883 39 22 och
551 883 214 28 hemmansklyfning
783 883 61 20 inne-

95 919 55 21 fatta
170 918 134 29 fullkomligt
325 926 82 14 samma
427 919 106 28 begrepp,
550 919 26 21 sä
591 919 69 21 måste
674 918 38 28 jag
727 918 95 28 troligen
837 918 7 20 i

96 953 94 23 nämnde
205 953 104 21 afseende
327 953 65 22 hafva
407 955 68 26 yttrat
490 954 45 27 mig
550 953 93 28 otydligt
658 952 40 22 och
708 953 39 21 ber
757 952 87 22 derföre

95 991 33 19 att
147 988 23 22 få
187 990 100 20 närmare
307 988 96 22 förklara
422 988 51 28 mig.
504 988 46 22 Min
570 988 90 28 mening
677 995 44 19 var,
737 990 32 18 att
784 988 60 21 hem-

95 1023 163 28 mansklyfning
273 1023 87 28 mycket
375 1023 34 21 väl
423 1023 72 21 kunde
505 1023 126 27 inbegripas
642 1022 68 21 under
721 1022 62 21 ordet
794 1029 51 21 ego-

96 1058 116 28 styckning
231 1058 40 21 och
291 1060 39 19 att
343 1058 85 21 derföre
449 1058 47 21 icke
516 1058 67 28 något
603 1057 102 21 särskildt
724 1057 120 28 stadgande

96 1093 34 21 för
147 1092 215 28 hemmansklyfning
377 1099 51 15 vore
444 1093 23 20 af
480 1092 81 27 nöden,
576 1094 51 19 utan
644 1094 32 19 att
691 1092 25 21 de
732 1092 112 21 föreskrif-

95 1130 42 24 ter,
152 1134 46 14 som
217 1128 58 28 gälla
294 1134 35 14 om
344 1127 159 28 egostyckning
517 1128 7 20 i
540 1126 128 28 allmänhet,
682 1126 63 21 äfven
762 1126 83 28 ganska

96 1163 35 21 väl
146 1162 72 22 kunde
238 1162 109 28 tillämpas
362 1162 13 20 å
390 1162 224 28 hemmansklyfning,
633 1162 7 20 i
655 1161 103 21 händelse
778 1160 66 21 sådan

97 1197 116 21 framdeles
229 1197 98 21 kommer
343 1196 7 22 i
365 1197 68 28 fråga,
449 1197 83 21 hvilket
544 1197 40 27 jag
599 1196 55 21 dock
668 1196 51 28 föga
734 1197 53 19 tror.

164 1232 58 21 Herr
237 1239 42 14 von
295 1232 82 26 Born,
393 1231 27 21 K.
435 1232 32 20 F.:
483 1232 43 28 Jag
537 1231 55 21 skall
604 1231 26 21 be
644 1232 32 19 att
689 1232 58 19 ännu
758 1230 86 28 engång

95 1266 22 21 få
133 1266 136 21 återkomma
284 1266 33 21 till
333 1266 75 27 frågan
425 1273 34 14 om
475 1266 175 21 frälsehemman.
676 1264 82 21 'Dervid
775 1264 68 21 måste

96 1301 70 21 förete
187 1300 33 28 sig
239 1308 27 14 en
287 1302 45 19 stor
352 1300 94 27 skilnad,
463 1308 34 13 om
517 1308 28 14 en
565 1299 104 28 lägenhet
687 1298 85 28 klyfves
791 1298 53 21 eller

96 1334 87 27 skiftas,
203 1335 28 20 då
251 1335 75 27 hvarje
346 1335 103 27 lägenhet
469 1335 97 21 kommer
587 1336 32 18 att
638 1333 87 28 påföras
744 1340 28 13 en
788 1333 56 21 efter

96 1368 49 22 dess
166 1368 64 22 andel
252 1369 180 28 proportionerad
452 1369 67 27 skatt,
538 1368 54 21 eller
612 1375 35 14 om
665 1366 179 29 jordafsöndring

95 1403 99 21 kommer
213 1404 8 20 i
241 1403 71 28 fråga,
333 1404 27 20 dä
380 1403 42 21 den
442 1403 129 21 afsöndrade
592 1402 63 21 delen
675 1402 19 27 ej
715 1402 42 20 blir
772 1402 72 26 någon

95 1437 170 27 sjelfbestående
280 1438 110 26 lägenhet,
406 1439 51 18 utan
472 1437 98 20 kommer
585 1438 32 18 att
632 1436 71 20 skatta
718 1435 34 20 till
768 1434 77 28 sjelfva
