1034 1753
168 130 41 21 230

139 196 8 20 i
162 194 190 29 tingsgästningen
369 194 117 21 anslående
498 194 22 21 åt
535 194 121 26 domrarne,
673 194 53 30 eller
737 194 40 20 ock
788 194 28 28 på
826 195 67 20 annat

139 229 100 28 lämpligt
259 230 52 26 sätt;
330 229 40 20 och
389 228 35 21 må
442 229 39 27 jag
496 228 7 21 i
519 228 67 28 öfrigt
601 228 101 28 tillägga,
718 230 33 18 att
766 228 69 28 enligt
851 228 41 21 den

139 263 124 22 kännedom
281 264 39 28 jag
341 270 51 21 eger
412 263 48 21 från
481 270 27 14 en
529 263 40 21 och
589 270 72 14 annan
682 262 104 28 domsaga
806 263 8 20 i
829 262 65 22 södra

141 298 88 22 delarne
246 298 23 22 af
283 298 80 27 landet,
379 297 49 21 med
443 298 26 20 de
486 298 111 21 såkallade
612 297 133 21 ackorderne
756 298 47 21 icke
814 298 80 20 förhål-

140 333 33 20 ler
193 334 34 26 sig
247 333 70 20 såsom
338 332 93 27 mången
448 332 69 21 skulle
534 335 40 18 tro.
605 332 33 21 De
655 334 109 26 uppgöras
781 332 53 21 eller
850 339 44 14 om-

141 369 64 26 göras
226 367 111 28 nemligen
356 367 48 20 icke
422 367 36 20 vid
477 367 75 28 hvarje
568 366 96 28 ledighet
680 367 53 20 eller
747 373 29 21 ny
792 366 103 21 nämnde-

141 409 62 13 mans
219 401 130 28 antagande,
365 403 51 19 utan
431 401 66 21 hafva
512 401 67 21 redan
595 401 7 20 i
618 401 76 20 fordna
710 401 56 20 tider
781 401 72 21 blifvit
864 401 30 21 af-

143 435 72 22 talade
236 436 39 21 och
291 436 7 20 i
315 435 137 28 protokollen
468 436 90 27 intagne
575 436 55 20 samt
646 435 124 21 sedermera
785 437 51 20 utan
852 435 44 21 för-

141 470 126 28 minskning
288 471 70 27 tjenat
377 470 33 20 till
430 470 153 21 efterrättelse.
617 469 33 22 De
671 471 37 19 äro
728 469 124 22 beräknade
868 470 28 27 på

141 505 101 27 billighet
253 505 39 20 och
303 505 77 27 utgöra
388 504 48 21 icke
445 505 79 20 sådane
536 504 180 28 spottpenningar
724 511 50 14 man
783 505 58 20 velat
851 505 45 20 låta

142 539 101 28 påskina,
263 540 52 19 enär
334 539 103 20 ackordet
452 539 101 28 vanligen
569 540 64 26 utgör
651 539 12 20 2
679 539 13 20 å
708 539 12 20 3
736 540 81 19 tunnor
832 539 40 28 råg
888 539 7 20 i

143 575 32 19 ett
195 574 97 27 tingslag
312 573 50 21 med
384 574 26 20 14
430 573 12 21 å
463 573 27 21 20
512 573 162 28 sessionsdagar
690 573 34 20 för
739 573 54 27 året,
808 574 20 21 d.
845 581 19 14 v.
880 581 16 13 s.

143 608 101 27 omkring
265 609 26 20 75
312 607 73 29 kopek
399 614 34 14 om
450 607 77 29 dagen,
543 608 96 21 förutom
654 608 120 21 nämndens
790 607 69 29 öfrige
876 609 20 27 ej

143 643 124 27 obetydlige
287 643 117 27 förmåner,
420 642 84 21 således
519 643 88 20 relativt
623 643 49 20 vida
687 649 47 14 mer
749 644 27 19 än
792 642 104 22 domaren

142 677 8 20 i
169 677 26 21 de
215 682 42 22 nya
276 677 143 27 domsagorne
434 677 40 21 har
489 679 32 19 att
536 677 97 27 påräkna
648 677 34 20 för
698 677 34 27 sig
748 677 39 21 och
803 677 47 22 sina
865 678 31 21 bi-

143 711 84 21 träden.
257 711 75 21 Skulle
351 712 38 27 jag
409 711 56 21 dock
485 718 52 14 vara
556 710 111 22 nödsakad
686 712 32 20 att
738 712 59 27 välja
816 712 80 21 mellan

144 745 120 28 någotdera
284 746 23 20 af
325 745 118 21 utskottets
464 746 147 26 alternativer,
632 746 68 20 måste
718 746 39 28 jag
776 746 24 21 af
817 748 80 20 tvenne

145 780 56 22 onda
221 782 47 27 ting
287 781 60 28 välja
368 781 35 21 det
422 781 119 28 lindrigare
563 781 38 21 och
623 781 83 21 således
727 783 59 19 rösta
807 781 33 22 för
862 782 36 21 det

144 816 59 21 förra
218 816 147 27 alternativet,
379 816 109 28 utgående
503 816 49 22 från
568 816 41 21 den
625 816 66 28 åsigt,
708 817 32 19 att
755 816 36 21 det
807 818 23 19 är
848 816 49 22 vida

146 850 70 21 bättre
233 850 32 21 för
281 850 37 21 det
333 850 116 28 allmänna,
466 853 31 18 att
512 850 110 22 nämnden
638 852 39 26 gör
693 850 124 29 uppoffring
832 851 65 21 fram-

145 884 34 22 för
195 884 110 28 domaren,
320 885 58 21 helst
392 885 120 21 nämndens
528 885 123 27 befattning
667 885 42 21 kan
726 887 96 20 närmast
838 886 59 21 förli-

145 919 40 21 kas
204 919 49 21 med
273 921 31 19 ett
322 920 208 28 kommunalbestyr,
546 927 46 14 som
608 920 101 21 hitintills
725 920 40 21 och
781 920 64 22 äfven
861 928 37 14 en-

145 954 41 28 ligt
206 954 42 21 den
268 954 81 28 nådiga
363 954 164 28 propositionen
544 955 33 21 till
592 954 258 30 kommunalförfattning
865 956 33 20 för

145 989 80 26 landet,
241 988 55 22 skall
312 989 85 21 utöfvas
412 991 53 19 utan
481 990 29 20 all
525 990 171 27 vedergällning.

215 1023 58 21 Herr
288 1030 42 14 von
346 1023 80 27 Born,
442 1023 28 22 K.
487 1023 34 28 F.,
544 1024 42 28 Jag
601 1024 40 20 ber
656 1026 32 18 att
703 1024 22 21 få
740 1024 76 22 förena
831 1024 46 28 mig
892 1025 6 21 i

147 1057 37 21 det
205 1057 23 21 af
246 1057 50 21 herr
315 1057 106 21 Forsman
446 1057 83 28 afgifna
553 1057 89 22 sakrika
665 1058 40 21 och
730 1059 170 21 välmotiverade

147 1091 122 21 utlätandet
290 1092 6 20 i
317 1093 79 20 ämnet.
426 1091 62 22 Efter
509 1092 42 21 den
567 1092 84 27 kalkyl,
668 1099 45 14 som
729 1099 38 14 var
782 1093 118 21 utskottets

147 1125 138 22 betänkande
307 1126 83 27 bilagd,
413 1127 39 20 har
472 1127 40 27 jag
535 1128 58 26 gjort
617 1133 25 14 en
661 1127 121 27 beräkning
802 1127 24 21 af
844 1128 56 21 hvad

148 1160 144 21 nämndemän
310 1161 8 20 i
333 1161 163 27 tingsgästning
511 1161 93 27 erhölle,
619 1161 128 28 visserligen
768 1163 75 20 endast
863 1169 37 21 ap-

145 1195 140 27 proximativ,
297 1195 90 21 emedan
399 1195 36 21 det
446 1195 70 21 mäste
527 1195 52 21 bero
590 1195 29 27 pä
631 1196 83 20 antalet
725 1195 24 21 af
755 1196 145 21 nämndemän

147 1229 8 21 i
169 1229 74 28 hvarje
260 1229 102 28 tingslag,
377 1229 40 21 och
433 1229 64 21 äfven
513 1230 91 21 emedan
620 1230 191 28 tingsgästningen
823 1230 7 20 i
842 1230 59 22 olika

148 1264 97 27 tingslag
259 1266 37 18 äro
313 1264 68 26 olika;
394 1264 40 28 jag
449 1264 39 20 har
503 1264 75 21 dervid
593 1264 90 20 kommit
699 1264 34 20 till
748 1264 42 21 den
807 1264 93 29 öfverty-

149 1298 67 26 gelse,
232 1300 31 17 att
278 1298 6 18 i
301 1298 93 19 flertalet
409 1298 24 19 af
446 1298 85 20 landets
547 1298 115 26 domsagor
677 1298 41 20 den
732 1298 168 27 tingsgästning,

149 1331 109 21 nämnden
279 1331 86 21 komme
387 1332 31 19 att
433 1331 92 27 ätnjuta,
541 1332 68 26 stiger
625 1331 33 20 för
671 1331 53 20 hvar
740 1332 40 20 och
796 1338 27 14 en
839 1332 33 20 till
888 1332 12 20 3

149 1364 13 22 3
177 1366 14 20 4
211 1367 86 25 tunnor,
313 1366 32 20 ett
360 1365 89 28 belopp,
465 1372 46 14 som
525 1365 38 28 jag
579 1372 64 14 anser
658 1372 51 14 vara
725 1365 127 29 tillräckligt
868 1366 34 21 för

150 1406 27 14 en
193 1400 156 20 nämndemans
365 1400 49 21 kost
429 1400 40 21 och
485 1400 115 21 underhäll
615 1400 36 20 vid
666 1400 79 28 sjelfva
760 1400 82 28 tingen,
860 1402 39 20 och

149 1433 34 22 för
203 1435 66 20 annat
289 1433 99 22 ändamäl
408 1434 40 21 har
463 1434 191 29 tingsgästningen
670 1435 20 28 ej
707 1434 71 22 heller
793 1435 57 22 varit
865 1443 35 15 ur-
