1039 1745
199 109 41 29 730
809 116 9 15 h

169 184 37 27 de,
227 183 65 22 också
310 184 148 29 dessförutan,
478 186 59 29 ligga
556 187 33 20 till
609 187 86 28 mycket
718 194 60 21 men;
802 188 69 23 lika
890 182 29 29 är
937 201 10 7 +

168 219 37 21 det
220 219 91 28 obilligt,
323 220 32 20 att
369 219 40 22 den
426 222 58 19 stora
498 221 160 28 possessionen,
674 222 50 21 med
739 223 33 20 sin
788 223 8 20 i
810 223 106 22 rationela

167 253 38 21 fall
225 253 33 21 till
277 254 124 28 verklighet
419 255 148 28 öfvergängna
583 256 114 27 möjlighet
713 258 32 19 att
760 256 58 21 hålla
833 257 81 29 boskap

166 287 34 21 till
216 287 49 22 vida
281 289 69 20 större
366 289 79 27 mängd
461 291 27 19 än
504 289 41 21 den
561 290 151 27 angränsande
727 291 53 26 lilla,
792 291 66 21 likväl
869 291 47 22 icke

167 322 54 21 skall
242 323 31 20 uti
293 322 37 21 det
345 322 49 21 dem
410 323 93 22 emellan
518 324 81 28 nödiga
613 325 130 28 ömsesidiga
758 325 93 28 skyddet
866 327 51 26 taga

165 358 70 20 större
255 357 35 21 del
310 358 27 20 än
358 357 41 22 den
420 357 45 22 lilla
485 359 159 27 possessionen.
675 359 35 21 Nu
726 360 144 21 omförmälda
885 360 31 21 uti

164 391 95 22 beslutet
273 392 92 21 influtna
386 392 134 28 stadganden
539 393 69 21 finner
625 393 39 29 jag
683 401 51 14 vara
749 395 100 28 obilliga;
865 401 50 15 men

163 426 37 21 det
220 428 24 19 är
265 426 110 27 orättvist,
395 428 32 19 att
447 434 93 21 granne,
555 435 46 14 som
617 436 26 13 ur
658 428 32 21 sin
707 428 158 29 boskapshjord
882 432 32 17 ut-

163 460 79 29 gallrat
262 461 39 21 allt
321 461 56 21 hvad
393 461 98 28 okynnes
507 463 24 20 är
546 462 40 21 och
602 462 70 21 sävidt
685 463 28 28 pä
728 463 80 21 honom
824 463 90 21 ankom-

163 495 40 21 mit
219 495 49 21 med
285 495 113 28 svarsgild,
413 496 35 21 väl
464 496 141 21 underhällen
621 497 87 28 hägnad
724 497 77 22 försett
816 497 26 21 de
858 498 56 26 räer,

164 537 46 14 som
229 530 88 28 afskilja
336 529 54 22 hans
411 531 130 27 egoomräde
564 531 56 21 ifrän
643 539 145 20 grannarnes,
804 534 56 19 samt
880 533 33 20 sä-

163 564 66 21 lunda
248 565 101 27 fullgjort
368 565 40 20 allt
426 565 56 21 hvad
497 565 120 28 förnuftiga
632 566 94 28 anspräk
741 567 28 27 pä
786 566 128 28 ömsesidigt

163 599 42 28 god
221 599 89 28 egofred
325 599 86 27 kräfva,
427 599 42 21 han
486 599 66 22 likväl
568 600 55 21 skall
639 607 51 14 vara
706 601 101 20 förfallen
823 601 33 20 till
874 608 38 13 an-

162 641 55 19 svar,
230 640 34 14 om
280 633 54 21 hans
349 633 84 28 boskap
448 634 98 21 kommer
562 634 22 21 in
600 635 58 28 uppä
673 641 110 21 grannens
799 635 60 27 bete,
875 642 37 14 an-

161 669 76 27 tingen
252 668 33 20 till
301 668 54 27 följe
370 668 49 21 utaf
432 675 69 14 annor
516 675 60 14 mans
593 669 102 21 utöfvade
710 669 137 22 förstörande
862 669 50 22 våld

161 703 12 21 å
188 703 54 20 hans
257 702 86 28 hägnad
357 702 54 21 eller
426 709 78 21 genom
520 709 110 22 grannens
645 709 55 22 egen
717 703 73 28 ogilda
804 704 106 28 stängsel;

160 737 72 21 denna
247 737 104 20 orättvisa
365 737 42 20 blir
423 738 27 19 än
466 739 69 19 större
551 744 33 14 om
600 737 43 21 han
654 737 43 21 kan
708 737 122 22 framhafva
840 738 70 21 vålds-

160 771 106 22 verkaren
282 771 40 22 och
333 771 66 21 binda
413 771 80 22 honom
509 771 33 22 till
558 771 81 28 våldet;
655 772 54 21 eller
724 779 34 14 om
770 772 50 27 han,
832 772 33 21 för
879 774 31 19 att

160 807 5 20 i
182 806 89 29 ytterlig
290 806 50 21 mån
361 806 93 27 fullgöra
470 806 152 29 skyldigheten
637 808 32 19 att
684 806 77 21 hindra
777 807 33 21 sin
827 807 81 28 boskap

159 841 48 21 från
227 841 89 27 intrång
335 841 58 28 uppå
415 847 109 21 grannens
547 841 72 26 mark,
635 841 20 28 ej
676 841 93 21 allenast
788 841 120 28 behörigen

160 875 94 28 uppfyllt
277 875 37 21 sitt
336 874 223 29 hägnadsåliggande,
582 876 53 20 utan
655 875 125 22 derutöfver
799 876 110 28 begagnat

160 911 103 27 vallhjon.
292 910 44 21 För
356 911 32 19 att
408 911 27 19 än
456 910 73 21 vidare
549 910 115 21 framhålla
689 911 120 20 orättvisan
830 911 24 20 af
872 911 36 20 det

158 946 95 27 antagna
269 944 136 29 stadgandet,
417 946 31 19 att
459 945 160 28 boskapsegare
635 944 54 22 skall
700 945 6 20 i
718 945 76 28 hvarje
807 945 39 21 fall
858 953 50 13 vara

157 979 102 28 ansvarig
279 979 34 21 för
333 979 28 21 all
380 978 42 22 den
443 979 66 21 skada
528 979 54 21 hans
602 979 89 21 kreatur
707 979 92 21 medelst
814 979 92 22 betande

157 1016 64 27 göra,
239 1014 38 21 vill
295 1014 39 28 jag
353 1015 116 20 omnämna
489 1014 36 21 det
541 1014 47 21 icke
605 1014 73 21 alltför
697 1015 101 27 ovanliga
813 1014 45 27 fall,
874 1016 32 19 att

156 1049 89 21 kreatur
264 1049 42 21 kan
326 1048 74 28 stjälas
416 1049 40 20 och
472 1049 24 20 af
509 1049 84 26 tjufven
609 1049 82 20 lemnas
707 1049 58 28 uppå
779 1057 84 13 annans
879 1051 27 20 än

156 1091 92 21 egarens
269 1083 68 22 mark.
367 1083 44 21 Det
431 1083 112 22 beslutade
557 1083 126 28 stadgande,
697 1085 32 19 att
744 1083 161 29 boskapsegare

156 1118 55 21 skall
226 1125 53 14 vara
293 1118 102 28 ansvarig
409 1118 34 21 för
459 1118 28 21 all
503 1118 42 21 den
561 1117 74 28 skada,
651 1118 54 21 hans
721 1118 97 29 vallhjon
834 1119 70 20 åstad-

154 1154 106 25 kommer,
275 1154 24 19 är
315 1153 121 28 olämpligt,
448 1153 85 28 obilligt
549 1153 39 21 och
599 1153 7 20 i
617 1153 47 20 sina
679 1153 167 28 konseqvenser,
858 1160 46 14 som

152 1188 40 27 jag
207 1187 66 21 redan
285 1188 74 26 yttrat,
371 1187 33 20 till
415 1187 174 28 vidunderlighet
600 1187 148 28 äfventyrligt.
769 1187 43 21 Till
824 1187 79 28 ådaga-

156 1221 107 29 läggande
278 1221 64 21 deraf
355 1221 37 21 vill
405 1221 40 28 jag
460 1222 85 26 anföra,
561 1223 31 19 att
607 1223 32 19 ett
654 1221 78 28 byalag
747 1222 43 20 kan
805 1222 99 27 begagna

155 1258 31 19 ett
201 1257 137 27 gemensamt
353 1256 107 27 vallhjon,
475 1256 83 21 hvilket
573 1256 24 21 af
610 1256 86 28 illvillja
711 1257 46 20 mot
772 1263 27 14 en
815 1257 24 20 af
852 1257 51 27 bya-

155 1291 140 27 delegarene,
313 1290 103 28 antingen
440 1297 78 21 genom
542 1291 123 20 uraktlåten
688 1291 53 20 vård
763 1297 35 14 om
821 1291 81 20 dennes

153 1325 89 21 kreatur
263 1324 60 27 eller,
339 1324 79 27 aktivt,
434 1331 79 21 genom
533 1325 63 21 deras
612 1324 136 22 indrifvande
764 1326 13 20 å
792 1332 110 20 grannens

153 1367 60 20 egor,
232 1359 68 21 vållar
316 1359 69 21 denne
402 1359 76 27 skada;
495 1360 61 21 skola
571 1360 6 20 i
593 1359 60 21 detta
669 1359 37 21 fall
722 1360 115 27 samteliga
852 1360 51 27 bya-

153 1393 130 27 delegarene
298 1393 69 27 plikta
383 1392 40 21 och
438 1394 90 25 ersätta,
544 1393 53 20 eller
613 1393 56 20 skall
684 1393 112 28 påföljden
812 1393 24 20 af
849 1393 53 21 vall-

152 1427 87 27 hjonets
259 1426 129 28 förbrytelse
406 1426 82 21 drabba
509 1427 76 21 endast
605 1427 42 20 den
665 1427 93 20 hatade?
787 1427 45 20 Vill
852 1435 49 12 man
