1036 1753
797 125 42 23 683

117 191 83 29 förslag
214 190 70 23 skulle
297 191 40 29 jag
352 190 121 28 hemställa,
489 190 107 23 huruvida
609 190 57 28 icke,
676 191 8 21 i
693 190 105 23 händelse
809 191 58 22 stän-

117 226 37 22 det
172 226 128 28 godkänner
321 225 130 28 detsamma,
471 225 105 28 derjemte
595 225 68 22 borde
682 225 131 22 bestämmas
829 226 38 21 nä-

117 261 39 27 got
171 260 113 28 angäende
300 261 65 20 sättet
381 260 34 21 för
430 260 53 21 eller
499 259 152 28 fördelningen
666 259 24 21 af
701 260 85 21 arbetet
801 260 66 21 emel-

117 295 36 20 lan
175 294 246 29 expeditionsutskottet
443 294 41 21 och
507 294 25 21 de
555 293 93 27 utskott,
664 300 46 15 som
723 294 70 27 jemte
809 295 59 20 detta

117 329 87 21 komme
224 330 32 19 att
274 329 119 21 verkställa
408 328 43 21 den
466 328 32 21 uti
513 329 67 27 nägot
595 328 80 21 ärende
690 328 67 28 nödig
773 328 95 22 ansedda

115 362 122 29 jemkning.
268 362 68 22 Skola
350 362 64 22 dessa
433 362 84 21 utskott
540 363 138 27 gemensamt
698 362 170 28 sammanträda,

117 397 85 22 fruktar
214 398 41 27 jag
270 399 32 19 att
317 397 149 21 ledamöterne
482 396 71 22 blefve
569 396 34 22 för
618 396 85 28 mänga.

186 432 73 21 Jemte
283 432 36 20 det
341 432 50 21 herr
415 430 201 23 landtmarskalken
639 431 7 20 i
668 431 120 28 anledning
807 431 64 21 häraf

118 467 112 28 upplyste,
246 468 32 20 att
291 465 241 22 talmanskonferensen
543 467 72 19 ansett
624 466 152 28 ifrägakomne
787 466 83 21 utskott

118 501 54 21 böra
192 502 137 27 gemensamt
348 500 161 22 sammanträda
529 500 41 21 och
585 500 84 27 arbeta,
685 500 74 22 tillade
775 508 29 13 nu
819 500 51 21 herr

118 535 200 22 landtmarskalken
336 535 41 21 den
393 537 100 19 närmare
508 534 131 29 förklaring,
655 536 33 20 att
703 534 27 22 dä
744 535 62 28 fräga
817 542 53 22 upp-

119 570 49 22 stod
187 577 35 14 om
244 570 67 21 sädan
332 570 214 28 sammanjemkning
566 570 24 20 af
607 570 102 21 ständens
725 569 82 27 beslut,
823 577 47 14 som

119 605 20 28 ej
155 604 73 22 kunde
248 606 52 20 utan
321 604 103 22 ständens
445 604 132 22 medverkan
592 604 138 26 verkställas,
747 604 69 21 skulle
832 612 38 13 en-

119 639 41 29 ligt
175 639 253 21 talmanskonferensens
449 639 81 28 förslag
546 638 90 22 ärendet
654 639 8 20 i
677 638 76 22 sädant
768 638 102 22 afseende

120 674 125 22 remitteras
260 674 34 20 till
310 674 63 21 deras
389 674 119 21 utlätande.

188 708 59 21 Herr
266 707 164 28 Furuhjelm,
451 707 28 22 H.
498 707 34 28 V.,
552 707 86 28 ätertog
658 707 62 21 härä:
741 707 11 22 I
767 707 26 22 de
809 709 63 20 flesta

120 743 39 22 fall
178 744 38 20 äro
237 742 206 29 skiljaktigheterna
464 743 23 20 af
504 741 66 22 sädan
586 743 70 26 natur,
672 743 32 20 att
719 743 26 20 de
761 743 20 27 ej
798 742 74 21 kunna

121 779 53 20 utan
200 777 104 22 ständens
330 777 133 22 medverkan
488 777 194 28 sammanjemkas,
707 777 102 22 hvarföre
835 777 37 21 det

123 812 70 22 blefve
210 813 58 20 svårt
283 814 32 19 att
330 812 120 21 bestämma
469 813 93 27 gränsen
582 812 93 20 emellan
691 811 81 22 sådana
787 811 85 22 mindre

121 847 182 28 skiljaktigheter,
319 847 49 21 dem
384 847 112 20 utskotten
512 846 54 29 egde
580 847 32 20 att
622 848 52 19 utan
686 846 99 21 anmälan
796 847 7 20 i
815 847 57 20 stån-

121 882 42 21 den
176 882 85 28 jemka,
278 881 40 22 och
333 881 177 29 skiljaktigheter
525 881 7 21 i
543 881 49 26 sak,
608 881 74 21 hvilka
692 881 67 22 borde
770 881 33 21 till
815 882 57 21 stån-

122 917 53 20 dens
198 915 158 23 bedömmande
379 916 151 21 öfverlemnas.
561 915 43 28 Jag
626 915 91 22 föreslår
740 915 83 22 således
839 916 34 21 för

121 951 46 22 min
182 951 46 26 del,
242 952 33 20 att
290 950 246 29 expeditionsutskottet
551 950 69 21 skulle
636 950 142 21 tillerkännas
788 952 44 20 rätt
842 953 32 18 att

121 987 87 27 genast,
224 987 53 20 utan
293 985 101 22 anmälan
409 985 8 21 i
432 985 98 28 stånden,
541 985 113 21 remittera
664 985 27 20 de
701 984 100 29 ärender,
812 985 62 22 hvari

122 1021 212 28 sammanjemkning
354 1027 52 15 vore
427 1021 24 20 af
469 1019 81 28 nöden,
570 1019 33 22 till
624 1020 26 21 de
666 1019 95 28 utskott,
777 1027 46 14 som
838 1027 35 14 ur-

123 1055 143 29 sprungligen
281 1054 104 29 handlagt
401 1054 117 28 desamma,
530 1054 112 22 hvarefter
653 1054 63 22 dessa
726 1054 83 22 utskott
820 1054 54 28 egde

123 1091 32 21 att
170 1090 50 22 med
232 1089 211 29 jemkningsförslag
459 1089 33 21 till
508 1089 90 22 stånden
614 1089 116 21 inkomma.

190 1124 59 22 Herr
265 1124 161 27 Grotenfelt,
442 1124 37 21 A.:
496 1123 43 29 Jag
554 1124 38 21 ber
608 1125 32 19 att
655 1123 22 21 få
691 1123 132 22 understöda
839 1123 36 21 det

123 1159 24 21 af
160 1160 51 20 herr
225 1158 128 28 Furuhjelm
369 1159 78 27 gjorda
462 1158 91 28 förslag,
569 1158 91 26 hvilket,
674 1158 65 21 äfven
750 1158 69 28 enligt
829 1158 45 21 min

124 1194 66 28 åsigt,
214 1193 70 21 skulle
307 1193 113 22 föranleda
441 1193 42 21 den
503 1193 80 21 minsta
603 1192 95 29 omgång
716 1192 40 22 och
772 1192 103 21 snabbast

123 1228 103 21 befordra
242 1227 131 21 ärendernas
388 1228 89 26 slutliga
493 1227 125 28 afgörande.

192 1262 59 21 Herr
273 1268 42 15 von
338 1262 83 26 Born,
445 1261 20 21 J.
488 1262 36 21 A.:
547 1261 33 22 På
602 1262 44 20 sätt
667 1260 152 29 ridderskapet
835 1261 39 21 och

125 1296 64 22 adeln
205 1296 66 22 redan
287 1296 32 21 uti
334 1296 107 21 särskilda
457 1295 38 22 fall
511 1296 55 22 varit
580 1296 8 20 i
604 1295 87 21 tillfälle
702 1296 31 20 att
744 1296 81 26 erfara,
837 1296 39 20 har

125 1333 33 19 ett
173 1330 53 21 eller
242 1332 67 19 annat
324 1330 63 21 stånd
402 1330 36 21 vid
453 1330 101 22 anmälan
570 1337 34 14 om
617 1330 124 27 uppkomne
753 1330 123 27 skiljaktig-

125 1365 62 21 heter
202 1365 8 19 i
226 1365 103 21 ståndens
350 1365 72 20 beslut
441 1365 96 27 frångått
552 1365 32 21 sin
601 1364 59 21 förut
674 1364 97 21 uttalade
787 1364 89 27 mening

126 1399 41 20 och
182 1398 89 21 instämt
286 1398 7 20 i
309 1399 67 26 något
391 1398 24 21 af
428 1398 27 20 de
471 1398 67 21 andra
555 1397 113 27 ståndens,
682 1397 142 28 hvarigenom
839 1398 37 19 nå-

126 1439 44 24 gon
189 1432 77 22 remiss
282 1431 7 23 i
305 1432 40 23 och
360 1431 34 24 för
413 1431 213 29 sammanjemkning
642 1431 20 29 ej
678 1431 75 22 vidare
769 1430 71 22 blifvit
855 1430 24 25 af
