1700 1939
1164 217 12 20 9

454 281 149 28 undantagen;
627 281 21 21 vi
671 281 69 21 måste
761 282 35 21 väl
818 281 182 28 hufvudsakligen
1024 282 45 21 afse
1090 283 31 20 att
1142 283 62 21 dessa

454 316 61 27 lagar
530 316 68 21 blifva
613 316 108 27 praktiskt
736 316 145 26 användbara,
897 317 56 19 samt
968 317 31 19 att
1015 316 25 21 de
1055 317 49 20 icke
1115 317 6 20 i
1133 317 73 21 stället

454 350 34 21 för
503 349 27 21 de
546 349 147 28 olägenheter,
704 350 26 21 de
746 350 61 21 skola
821 350 143 26 förekomma,
979 350 81 21 bereda
1075 351 73 21 andra.
1172 351 35 21 Då

454 384 36 21 det
507 384 47 27 just
569 385 24 20 är
608 384 216 27 sytningsväsendets
843 383 118 26 missbruk,
980 391 46 14 som
1043 385 38 20 bör
1096 385 110 21 förekom-

454 425 54 19 mas,
524 419 40 20 och
579 418 60 21 detta
653 418 72 21 består
739 418 137 28 väsentligen
886 418 7 21 i
905 424 26 14 en
942 418 114 27 lägenhets
1067 419 140 28 betungande

452 452 50 21 med
517 452 54 21 flera
585 452 120 28 sytningar,
719 453 128 20 hemställer
861 453 40 27 jag
917 451 116 28 vördsamt,
1049 460 33 13 om
1099 453 48 21 icke
1164 454 41 21 den

454 486 80 28 nådiga
548 487 175 27 propositionens
740 486 118 28 stadgande
873 486 8 21 i
897 487 10 20 1
925 487 11 26 &
951 486 73 21 kunde
1040 487 90 21 sålunda
1146 490 60 18 anta-

455 527 45 21 gas,
512 522 32 19 att
559 521 128 27 inteckning
702 521 33 21 till
751 521 100 21 säkerhet
867 520 34 21 för
916 520 154 28 sytningsaftal
1085 521 48 21 icke
1148 522 59 28 finge

456 554 119 28 meddelas,
591 562 35 14 om
646 555 136 27 egendomen
797 554 35 21 för
853 555 88 27 sytning
961 554 58 21 förut
1039 556 23 19 är
1082 554 124 23 intecknad.

454 588 36 21 En
506 589 91 21 sednare
613 589 78 28 säljare
707 591 36 19 vet
763 589 26 21 då
807 589 50 21 med
872 588 57 22 hvad
943 590 44 20 rätt
1001 589 43 21 han
1058 589 43 21 kan
1117 590 90 28 betinga

455 623 33 27 sig
509 624 98 27 sytning,
624 625 55 19 samt
695 625 58 26 äger,
768 623 7 21 i
791 623 103 21 händelse
909 623 43 20 han
969 623 20 27 ej
1005 623 38 21 vill
1058 625 65 20 vänta
1138 624 68 22 intill-

455 657 49 21 dess
524 657 41 21 den
586 658 59 21 förra
664 658 191 28 sytningstagaren
873 657 68 28 afgår,
957 658 8 20 i
981 658 72 20 stället
1068 658 35 21 för
1118 659 90 28 sytning

454 692 90 28 betinga
559 692 33 28 sig
607 700 27 13 en
649 692 68 28 högre
732 692 154 28 köpeskilling,
902 692 89 20 hvilken
1006 693 52 20 utan
1073 692 77 22 tvifvel
1164 693 42 22 kan

456 726 78 21 bereda
549 727 80 20 honom
645 734 82 13 samma
743 726 108 28 bergning
867 733 45 14 som
929 726 122 28 sytningen.

523 760 11 22 I
549 760 55 29 följd
619 761 63 21 häraf
696 760 87 22 komme
794 761 77 21 orden:
887 760 69 28 ,gäld,
967 761 100 27 arrende,
1078 762 64 20 eller*
1153 762 7 21 i
1173 763 34 27 18

456 796 32 20 att
502 795 52 29 utgå
570 796 40 20 och
626 796 125 20 densamma
768 795 83 21 således
863 796 30 20 att
904 795 82 21 erhålla
1001 795 96 29 följande
1113 796 94 28 lydelse:

524 823 135 34 »Öfverlåter
679 830 72 27 någon
770 830 34 20 till
819 837 83 14 annans
917 831 42 25 ägo
974 830 76 21 frälse-
1061 830 54 21 eller
1125 831 82 21 skatte-

452 864 52 28 jord
524 864 69 22 under
609 864 213 29 sytningsförbehåll,
837 864 66 21 varde
918 864 129 28 inteckning
1062 865 33 21 till
1106 866 102 21 säkerhet

454 898 34 22 för
504 899 128 28 sytningens
647 899 102 21 utfående
769 899 49 21 icke
833 898 120 27 meddelad,
970 906 35 13 om
1021 900 136 27 egendomen
1172 900 35 21 för

456 933 88 29 sytning
564 933 67 21 redan
652 933 117 21 intecknad
789 935 42 19 är.*
861 933 94 28 Sytning
975 933 7 21 i
999 933 130 29 penningar,
1144 942 64 14 varor

455 968 54 21 eller
524 968 127 28 afkastning
667 968 47 21 från
727 968 51 28 jord
793 968 35 21 må
843 968 34 21 för
887 968 203 28 sytningstagarens
1101 969 57 28 gäld,
1169 969 38 21 der

455 1010 72 14 annan
546 1003 93 28 tillgång
659 1003 7 21 i
685 1003 88 21 lösören
792 1003 19 27 ej
828 1002 79 27 finnes,
924 1002 49 21 med
989 1003 101 27 qvarstad
1104 1003 103 29 beläggas

456 1038 40 20 och
511 1038 84 27 årligen
611 1038 7 20 i
633 1038 44 21 mät
693 1038 33 27 gå.

523 1072 59 20 Herr
601 1079 44 14 von
663 1071 202 28 Weissenberg:
887 1071 76 21 Såsom
982 1071 144 28 lagutskottet
1142 1072 66 21 också

456 1106 107 27 anmärkt,
580 1106 38 21 bör
633 1106 36 21 vid
684 1106 71 21 denna
770 1106 72 27 frågas
853 1105 89 22 lösande
957 1105 36 21 det
1007 1106 201 28 hufvudsakligaste

456 1141 134 27 ögonmärke
610 1140 69 21 riktas
699 1140 77 28 derpå,
797 1142 31 19 att
852 1140 41 21 den
917 1139 109 22 enskildes
1046 1142 44 19 rätt
1108 1142 32 19 att
1160 1141 48 20 fritt

455 1175 116 28 disponera
587 1175 60 21 öfver
664 1175 33 21 sin
713 1175 107 28 egendom
835 1175 79 21 blifver
935 1174 115 21 inskränkt
1065 1175 24 20 så
1102 1175 49 21 litet
1162 1183 46 13 som

456 1209 87 28 möjligt
564 1209 37 21 ske
622 1209 53 27 kan,
695 1210 39 20 och
755 1209 7 20 i
783 1209 60 21 detta
857 1209 103 21 afseende
975 1209 70 20 finner
1058 1210 39 27 jag
1113 1210 37 20 det
1165 1209 43 21 för-

456 1244 56 27 slag,
534 1251 45 14 som
600 1244 50 21 herr
669 1243 99 22 Aminoff
781 1244 7 20 i
804 1243 48 21 dess
867 1243 134 21 reservation
1017 1246 58 18 emot
1091 1244 117 21 utskottets

455 1278 138 21 betänkande
612 1278 95 27 afgifvit,
723 1278 64 21 hafva
803 1278 142 27 obestridliga
957 1278 96 21 fördelar
1068 1278 91 21 framför
1175 1279 32 20 så-

455 1313 35 21 väl
510 1313 43 20 den
572 1313 80 28 nådiga
672 1313 163 28 propositionen
855 1319 46 14 som
921 1312 157 28 betänkandet,
1094 1313 113 26 hvarföre,

456 1347 40 21 och
516 1347 27 20 då
560 1348 39 26 jag
618 1347 7 20 i
645 1347 67 27 öfrigt
732 1347 66 21 också
818 1348 19 27 ej
857 1348 44 19 kan
921 1349 66 19 annat
1006 1349 27 18 än
1049 1347 116 28 godkänna
1181 1348 26 20 de

456 1381 117 21 afvikelser
588 1381 49 21 från
652 1381 154 28 lagutskottets
822 1381 148 26 betänkande,
986 1381 49 20 herr
1052 1381 98 20 Aminoff
1163 1381 44 21 för-

455 1415 71 26 ordat,
544 1415 40 28 jag
604 1415 34 21 för
657 1416 46 20 min
722 1415 43 26 del,
781 1415 51 21 ville
848 1415 109 28 tillstyrka
979 1415 60 20 bifall
1060 1415 34 20 till
1113 1415 93 20 nämnde

454 1449 181 21 reservationsvis
655 1449 135 21 framställda
809 1450 82 27 förslag
911 1449 50 21 med
981 1449 41 21 den
1043 1449 56 21 enda
1114 1449 93 28 ändring

454 1485 33 20 att
507 1483 71 21 ordet:
601 1483 113 28 ,sytning*
731 1484 6 19 i
754 1483 67 22 första
836 1484 104 27 perioden
957 1484 46 20 af
994 1479 14 36 1
1021 1484 11 25 8
1048 1483 70 21 skulle
1133 1484 74 26 flyttas

456 1517 32 26 sä,
504 1518 32 19 att
552 1517 35 20 det
603 1517 86 20 komme
705 1518 31 19 att
752 1517 33 20 stä
801 1517 102 20 emellan:
919 1516 146 28 ,skattejord*
1075 1516 40 21 och
1126 1516 80 27 ,betin-
