1036 1761
812 136 40 22 523

131 201 110 28 nemligen
261 202 66 28 ingen
343 202 57 29 finge
415 203 29 28 på
459 202 70 29 grund
544 202 24 22 af
579 202 102 22 fullmakt
696 203 59 21 rösta
769 202 34 22 för
818 202 63 28 flere,

131 236 28 20 än
175 242 27 15 en
216 242 87 21 person.

198 269 59 22 Herr
272 277 43 14 von
329 270 80 27 Born,
425 271 27 20 K.
468 271 32 21 F.:
520 271 51 21 Med
589 271 119 27 anledning
722 271 24 21 af
759 271 56 21 hvad
830 271 50 21 herr

130 310 42 14 von
192 299 112 39 Knorring
318 306 82 26 yttrat,
421 305 38 21 ber
477 306 39 26 jag
531 306 32 19 att
579 304 22 22 få
615 304 58 21 fästa
688 304 193 28 uppmärksamhe-

131 339 37 19 ten
184 337 76 29 derpå,
281 339 32 20 att
328 338 68 28 enligt
412 339 12 20 9
440 340 12 26 $
468 346 26 14 en
510 338 117 22 förvaltare
643 338 47 21 icke
706 340 24 19 är
745 338 135 22 röstberätti-

130 372 52 28 gad,
203 374 23 26 ty
246 372 44 21 han
309 373 44 21 står
373 372 69 22 under
458 380 83 14 annans
556 372 186 28 husbondevälde,
758 374 25 20 så
798 375 32 19 att
843 380 37 14 en-

130 407 41 27 ligt
186 407 42 20 den
243 407 80 28 nådiga
337 407 165 28 propositionen
517 408 70 21 skulle
603 414 26 14 en
643 407 116 28 jordegare
770 408 48 21 icke
829 415 52 14 vara

129 441 124 28 berättigad
278 443 31 20 att
331 441 112 29 uppdraga
472 442 158 28 ombudskapet
652 442 22 21 åt
696 441 33 22 sin
756 442 124 21 förvaltare.

130 475 52 22 Icke
204 476 43 21 kan
268 477 39 27 jag
327 476 57 27 inse,
400 478 32 19 att
447 483 78 21 genom
541 477 175 28 propositionens
732 477 149 28 uppställning

130 510 43 21 alla
188 510 118 21 advokater
321 511 70 21 skulle
406 511 106 21 uteslutas
527 511 48 22 från
595 513 31 20 att
647 511 105 28 uppträda
768 512 36 21 vid
821 512 60 21 kom-

131 545 193 27 munalstämman,
342 547 23 26 ty
384 545 40 22 bor
440 552 26 15 en
482 545 93 22 advokat
590 546 7 21 i
613 545 104 28 socknen,
733 547 24 20 är
772 546 42 21 han
829 553 51 14 van-

129 579 60 27 ligen
209 580 177 27 röstberättigad,
407 580 40 20 och
468 580 27 21 då
514 580 43 21 kan
576 580 69 28 enligt
659 581 165 27 propositionen
843 587 37 14 en-

129 613 53 21 hvar
197 614 71 21 vända
283 614 33 28 sig
331 614 33 20 till
379 614 86 21 honom.
496 614 42 28 Jag
553 615 34 21 får
602 614 73 22 derför
689 614 111 28 tillstyrka
817 615 62 21 bifall

130 648 33 20 till
186 648 117 22 utskottets
326 649 136 21 betänkande
486 649 39 21 och
548 649 43 21 kan
612 649 20 28 ej
651 649 70 21 heller
736 649 34 21 för
785 650 45 21 min
845 649 34 22 del

131 682 115 22 instämma
268 683 8 21 i
298 683 50 21 herr
372 683 135 28 Jägerhorns
529 684 91 28 förslag,
639 685 32 19 att
690 685 32 19 ett
739 684 79 21 ombud
833 684 48 22 icke

131 717 57 28 finge
213 717 34 21 vid
270 718 233 21 kommunalstämman
525 718 48 21 föra
595 718 59 21 talan
678 718 33 21 för
731 718 53 22 flere
803 720 27 20 än
853 726 27 14 en

129 758 87 22 person.
245 752 44 21 Det
309 752 38 21 har
362 752 42 22 den
420 752 156 29 olägenheten,
591 754 32 20 att
639 759 35 14 om
689 760 50 14 man
755 753 124 28 skriftligen

131 786 81 22 vänder
232 786 33 28 sig
284 787 33 21 till
337 794 27 14 en
384 794 90 21 person,
495 787 33 22 för
548 789 32 19 att
600 787 23 21 få
642 787 79 21 honom
741 788 33 20 till
790 788 89 27 ombud,

132 821 97 27 okunnig
251 828 45 20 om,
319 823 31 19 att
376 828 26 14 en
425 829 72 14 annan
517 822 59 21 förut
595 822 7 20 i
622 829 82 14 samma
719 822 56 28 syfte
791 822 90 22 vidtalat

130 856 90 26 honom,
236 863 50 13 man
302 856 70 20 skulle
388 856 82 21 förlora
485 856 33 22 sin
533 857 70 26 talan;
619 858 53 20 utan
685 858 51 26 eget
746 857 133 21 förvållande

131 890 87 21 komme
234 897 38 14 ens
288 892 90 20 rösträtt
394 890 127 28 derigenom
537 892 32 20 att
584 890 93 22 förfalla.

198 924 59 21 Herr
273 932 41 14 von
329 925 200 28 Weissenberg:
545 925 12 21 I
571 925 119 28 anledning
706 926 24 20 af
741 926 51 20 herr
802 925 77 29 Jäger-

131 960 66 20 horns
219 959 83 28 förslag
323 960 51 21 ville
392 960 39 28 jag
451 960 57 21 fästa
525 960 223 28 uppmärksamheten
766 961 28 27 på
814 961 26 21 23
861 961 18 27 8,

132 994 37 20 der
184 994 36 21 det
236 994 97 28 stadgas,
349 996 31 19 att
396 994 66 28 ingen
478 995 35 21 må
531 994 35 21 för
581 1001 55 21 egen
653 994 34 21 del
702 994 54 21 eller
771 995 13 21 å
799 1002 82 14 annans

130 1030 82 26 vägnar
232 1030 59 19 rösta
310 1028 34 21 för
363 1036 61 14 mera
443 1030 29 20 än
490 1036 27 14 en
533 1030 13 27 I
561 1028 24 21 af
603 1028 26 21 de
650 1029 36 21 vid
706 1030 106 20 stämman
832 1031 49 19 när-

131 1062 105 22 varandes
256 1062 162 29 sammanlagda
438 1063 146 28 röstebelopp.
619 1063 68 21 Detta
705 1063 120 28 stadgande
841 1063 39 21 fin-

132 1104 39 14 ner
182 1097 40 28 jag
237 1097 7 21 i
260 1097 43 21 allo
323 1097 119 28 antagligt,
462 1097 40 21 och
521 1097 65 21 äfven
605 1097 28 29 på
649 1097 36 21 det
700 1098 24 20 af
736 1098 52 21 herr
803 1098 77 28 Jäger-

131 1132 55 20 horn
205 1131 129 21 omnämnde
349 1131 39 21 fall
402 1132 134 28 tillämpligt.

199 1165 79 21 Grefve
302 1166 113 21 Creutz:
439 1166 43 27 Jag
504 1168 23 19 är
549 1165 150 22 förekommen
722 1166 24 21 af
764 1166 50 21 herr
837 1173 42 14 von

131 1199 166 29 Weissenberg;
315 1200 39 27 jag
374 1200 51 21 ville
446 1200 77 21 endast
539 1201 89 26 nämna,
644 1201 32 20 att
690 1200 8 21 i
714 1201 119 20 allmänhet
848 1201 32 20 in-

132 1241 42 20 gen
189 1234 33 21 får
242 1236 60 19 rösta
320 1234 34 21 för
372 1241 60 15 mera
448 1236 27 19 än
490 1241 27 14 en
533 1237 14 26 +
561 1235 24 20 af
598 1234 110 28 samtlige,
723 1235 37 20 vid
775 1237 106 19 stämman

132 1268 134 21 närvarande
286 1269 152 28 röstebelopp,
454 1269 40 20 och
509 1269 70 20 finner
591 1269 40 27 jag
646 1268 86 22 derföre
747 1269 72 28 någon
834 1269 47 21 fara

131 1302 49 21 icke
200 1309 52 14 vara
272 1303 120 21 förhanden
412 1303 136 27 derigenom,
569 1305 32 19 att
619 1303 52 21 flere
687 1304 131 27 röstegande
833 1310 49 22 per-

133 1343 63 14 soner
214 1337 92 21 medelst
326 1337 126 21 fullmakter
472 1337 104 22 öfverlåta
595 1337 33 21 sin
647 1339 89 20 rösträtt
756 1339 28 27 på
799 1345 82 14 samma

131 1377 87 22 person.

200 1404 102 21 Friherre
321 1404 151 28 Carpelan:
496 1405 43 27 Jag
557 1405 40 21 ber
616 1406 31 20 att
663 1405 22 21 få
699 1405 77 21 förena
790 1406 46 28 mig
850 1406 32 21 uti

131 1438 57 21 hvad
210 1438 104 22 herrarne
338 1438 134 22 Silfversvan
495 1439 40 21 och
557 1446 43 14 von
623 1439 60 21 Born
704 1439 8 21 i
731 1440 151 21 hufvudsaken
