1064 1803
841 134 28 24 45

143 197 56 27 både
220 197 158 34 skattskyldige
398 203 40 20 och
458 197 192 34 röstberättigade,
671 197 34 27 får
722 203 46 28 jag,
789 205 53 20 enär
857 203 37 21 det

145 244 64 21 synes
225 237 44 28 mig
283 237 49 21 leda
342 237 33 20 till
386 237 92 27 mycken
490 237 95 28 omgång
596 238 31 19 att
638 237 66 20 skildt
715 237 97 21 debitera
822 238 76 27 hvarje

144 271 142 28 tjenstehjon,
302 271 115 21 hemställa
432 271 108 21 huruvida
555 271 69 21 ordet:
641 271 191 28 ,röstberättigad*
848 272 8 20 i
872 272 26 20 10

142 305 99 28 punkten
257 305 35 21 må
306 312 52 13 vara
372 305 101 28 lämpligt
489 307 31 18 att
535 305 127 26 bibehållas,
676 305 138 28 åberopande
825 306 70 21 såsom

143 340 48 21 stöd
212 339 74 21 derför
307 339 63 21 äfven
386 339 45 21 min
446 339 7 20 i
469 339 106 21 utskottet
590 339 84 27 afgifna
688 340 135 21 reservation
838 342 58 19 emot

145 374 27 20 10
192 373 98 29 punkten
311 373 85 27 derom,
416 374 32 20 att
469 374 68 20 ehuru
551 373 128 28 vanfrejdad
694 380 79 21 person
788 374 41 21 bör
844 381 53 15 vara

143 408 110 21 utesluten
268 408 49 20 från
333 408 161 28 rösträttighet,
510 408 37 20 det
562 408 66 21 likväl
644 408 48 21 icke
707 408 63 21 torde
786 416 51 14 vara
852 416 45 14 me-

143 443 82 28 ningen
245 444 32 19 att
296 442 53 27 han,
370 442 7 21 i
396 442 104 22 händelse
521 442 42 22 han
584 444 52 26 äger
658 442 53 29 gård
727 443 53 21 eller
796 444 100 28 näring
884 438 15 38 i

143 477 84 27 staden,
243 477 20 27 ej
279 477 70 21 heller
364 483 51 15 vore
431 477 112 28 utskylder
560 477 33 21 till
608 477 76 21 staden
700 478 152 21 underkastad.

210 512 57 21 Herr
284 511 158 28 Jägerhorn,
458 512 28 21 K.
498 512 30 21 J.:
545 512 65 21 Emot
625 512 117 21 utskottets
758 512 137 22 betänkande

142 546 83 29 nödgas
239 547 39 28 jag
293 546 143 21 underkänna
452 546 143 22 redaktionen
611 546 24 22 af
650 547 26 21 10
691 546 98 29 punkten
800 547 6 20 i
818 548 79 28 nådiga

140 581 172 29 propositionen,
329 581 69 21 såvidt
414 581 125 21 densamma
550 582 67 27 angår
632 581 106 29 förslaget
752 588 34 14 om
798 582 98 21 medlens

141 616 125 27 uttaxering
282 615 23 22 af
317 615 75 28 hvarje
413 616 189 28 röstberättigad
624 616 92 21 medlem
732 617 7 20 i
755 616 139 22 kommunen.

142 651 43 28 Jag
201 651 70 20 skulle
287 650 110 27 nemligen
414 657 52 15 anse
482 653 32 18 att
529 651 75 27 hvarje
620 651 93 21 medlem
729 651 7 20 i
752 650 142 28 kommunen,

142 692 35 13 om
192 685 43 21 han
251 684 40 21 ock
306 684 138 22 beskattades
461 685 23 21 så
499 685 63 29 ringa
578 687 32 19 att
624 691 26 15 en
661 685 36 21 hel
708 687 45 20 röst
763 685 48 21 icke
822 685 72 22 kunde

142 720 79 20 honom
237 719 149 26 tillerkännas,
398 719 55 21 dock
464 719 67 22 borde
542 720 52 28 sjelf
602 719 120 21 vidkännas
734 720 40 21 den
786 719 109 22 allmänna

141 754 181 28 beskattningen;
338 753 6 21 i
360 753 84 21 hvilket
460 754 102 21 afseende
576 754 38 28 jag
629 754 58 20 helst
698 754 52 28 sägo
760 756 32 20 att
802 754 92 22 berörde

140 788 70 29 punkt
226 788 81 21 erhölle
324 787 96 29 följande
436 788 93 28 lydelse:

209 823 44 21 För
268 822 138 21 bestridande
424 822 24 21 af
461 823 95 27 utgifter,
574 829 46 15 som
635 822 86 22 utöfver
737 823 44 21 dei
796 823 98 29 punkten

141 858 13 20 8
163 857 137 21 omförmälte
312 856 117 28 tillgånger
440 857 74 21 kunna
524 858 33 20 till
569 857 86 21 stadens
666 864 162 20 gemensamma
836 865 58 21 gagn

141 892 53 20 eller
214 891 33 21 för
268 892 102 20 särskilta
390 891 48 21 dess
458 891 68 22 behof
544 891 116 27 erfordras,
681 893 47 26 äro,
748 892 56 21 efter
820 892 74 22 derom

139 926 8 21 i
167 926 50 27 laga
233 926 93 28 ordning
341 925 79 21 fattadt
440 926 81 27 beslut,
537 926 145 21 kommunens
697 926 142 22 medlemmar
854 933 39 14 un-

139 960 129 21 derkastade
284 960 140 28 beskattning
438 960 8 20 i
457 961 97 27 enlighet
569 961 49 21 med
634 960 26 21 de
671 961 101 27 grunder,
784 968 45 14 som
841 961 53 21 böra

139 995 7 21 i
162 994 42 22 den
219 994 111 21 blifvande
346 994 157 28 förordningen
519 996 6 20 i
541 996 73 20 ämnet
630 996 99 20 närmare
742 995 150 21 bestämmas."

207 1028 59 22 Herr
286 1036 42 14 von
348 1029 80 27 Born,
449 1029 20 21 J.
489 1030 35 20 A.:
548 1028 75 29 Enligt
644 1029 41 21 den
706 1029 24 21 af
748 1030 44 28 mig
807 1030 85 28 yttrade

141 1064 56 27 åsigt
217 1063 70 21 skulle
307 1063 60 21 detta
387 1070 64 15 mom.
472 1064 87 21 komma
580 1066 31 19 att
626 1064 50 27 lyda
692 1064 100 21 sålunda:
813 1066 32 19 att
860 1064 33 21 till

139 1097 139 22 bestridande
294 1097 24 22 af
332 1097 90 28 utgifter
433 1097 33 22 för
478 1098 86 21 stadens
576 1104 162 22 gemensamma
748 1098 68 21 behof
825 1098 68 27 skola,

139 1133 28 20 då
186 1133 26 20 de
233 1133 7 20 i
255 1132 99 28 punkten
370 1133 12 20 8
399 1132 143 21 omförmälda
558 1133 118 28 tillgångar
690 1133 20 27 ej
727 1133 73 21 dertill
815 1133 77 26 förslå,

138 1167 81 28 nödiga
239 1167 69 21 medel
328 1168 110 20 uttaxoras
458 1167 24 21 af
500 1167 76 28 hvarje
596 1167 140 28 sjelfständig
756 1167 92 21 medlem
870 1167 24 21 af

139 1201 200 22 stadskommunen.

207 1236 104 22 Friherre
322 1235 26 22 de
359 1236 21 21 la
392 1236 135 28 Chapelle:
538 1235 65 23 Emot
614 1236 71 21 denna
696 1235 114 23 redaktion
821 1236 70 22 skulle

135 1271 39 27 jag
190 1272 53 26 vilja
257 1271 111 26 anmärka,
380 1273 31 18 att
424 1271 36 21 det
476 1278 38 20 ges
529 1271 48 21 icke
588 1270 152 29 sjelfständiga
751 1271 141 21 medlemmar

139 1312 46 14 som
201 1305 74 21 kunna
290 1312 52 14 vara
357 1305 160 21 underkastade
533 1305 146 28 beskattning.
703 1305 32 21 En
747 1312 86 22 person,
845 1312 45 14 som

137 1340 40 20 har
192 1340 134 27 anställning
339 1340 7 20 i
362 1340 85 20 enskild
462 1347 61 14 mans
539 1340 73 28 tjenst,
624 1347 50 13 men
688 1339 70 22 tillika
772 1340 120 21 förvärfvat

138 1374 153 28 förmögenhet
309 1374 54 21 eller
378 1374 92 21 innehar
485 1374 43 21 fast
544 1373 114 29 egendom,
674 1374 43 21 kan
733 1374 35 21 väl
784 1374 54 26 icke,
854 1381 37 13 en-

138 1408 41 28 ligt
198 1408 67 28 riktig
281 1408 193 28 taxeringsgrund,
490 1416 52 14 vara
557 1408 85 22 befriad
658 1408 48 21 från
722 1408 122 29 utskylders
860 1415 32 14 er-
