1092 1739
847 122 39 21 153

231 189 58 21 Herr
311 195 42 15 von
376 189 86 26 Born,
480 188 27 21 K.
530 188 34 21 F.:
586 188 148 29 Jordegarens
756 188 106 28 rättighet
883 190 32 19 att

163 225 53 20 utan
232 224 89 27 intrång
336 223 23 21 af
372 224 71 27 någon
460 230 72 14 annan
545 223 53 28 jaga
612 224 29 27 på
656 229 55 22 egen
723 219 67 25 mark
803 223 44 21 alla
857 223 58 28 slags

164 258 49 27 djur
232 258 24 20 af
268 258 57 21 hvad
340 257 151 21 beskaffenhet
508 264 46 14 som
568 258 57 20 helst
640 257 69 21 finnes
724 257 103 28 godkänd
841 258 7 20 i
864 257 51 21 våra

164 292 138 27 grundlagar.
334 292 25 21 17
379 293 11 26 8
405 292 24 20 af
441 291 85 28 adeliga
541 291 154 28 privilegierna
710 291 121 28 berättigar
846 291 69 21 adels-

164 333 50 14 man
235 327 32 20 att
286 325 139 22 uteslutande
442 326 54 27 jaga
515 326 29 27 på
558 326 34 21 sin
607 325 68 21 mark.
705 325 75 22 Andra
794 325 99 28 punkten
908 325 8 21 i

164 360 111 29 Kongliga
290 360 157 28 förordningen
464 360 41 21 den
521 361 25 20 21
563 360 97 21 februari
676 360 63 27 1789,
751 367 46 14 som
812 362 65 26 utgör
889 367 27 14 en

163 395 154 28 integrerande
337 395 36 21 del
394 395 23 20 af
435 394 42 22 den
498 402 82 14 samma
601 394 42 29 dag
661 395 114 20 utfärdade
794 395 122 27 förenings-

167 430 40 20 och
223 429 188 27 säkerhetsakten,
427 429 108 21 erkänner
551 436 81 14 samma
648 429 105 28 rättighet
771 429 22 21 åt
808 429 53 21 hvar
877 429 40 20 och

164 471 28 14 en
214 464 143 21 innehafvare
379 463 24 21 af
422 463 128 29 skattejord.
580 464 48 20 Den
647 464 80 27 nådiga
741 464 175 27 propositionen,

164 498 92 21 likasom
271 498 119 21 utskottets
406 498 144 26 betänkande,
566 498 38 20 vill
619 498 46 21 helt
679 498 39 21 och
730 498 68 20 hållet
807 498 111 20 kullkasta

165 533 72 21 denna
252 532 85 29 princip
354 532 39 21 och
408 533 7 20 i
431 532 53 21 flera
500 532 106 21 särskilda
621 532 38 20 fall
675 532 110 28 medgifva
795 532 64 20 hvem
871 539 46 13 som

165 568 58 20 helst
242 569 43 19 rätt
304 568 31 20 att
353 567 54 27 jaga
426 566 29 28 på
475 568 83 20 annans
579 566 67 21 mark.
677 566 43 28 Jag
739 567 44 20 kan
801 566 49 21 icke
866 566 51 28 god-

165 602 74 20 känna
257 602 71 20 denna
343 601 64 27 åsigt.
436 600 63 22 Efter
514 601 43 21 min
576 601 145 28 öfvertygelse
737 601 69 21 skulle
823 601 36 20 det
874 601 43 21 för-

166 636 78 21 anleda
258 636 33 21 till
307 636 86 28 mycket
409 635 115 28 missbruk,
536 642 34 14 om
585 635 53 21 hvar
653 636 39 20 och
708 642 26 14 en
748 635 58 28 finge
816 635 102 28 intränga

164 672 30 26 på
217 678 82 14 annans
321 670 63 22 mark
404 670 69 21 under
493 670 159 27 förevändning
671 671 31 19 att
720 670 52 28 jaga
793 670 124 28 skadedjur,

166 705 91 21 emedan
273 712 50 14 man
339 705 27 21 då
381 704 71 21 tillika
467 704 73 21 kunde
555 704 93 21 anställa
660 705 49 27 jagt
724 704 28 28 på
765 704 82 28 nyttigt
858 705 60 20 ville-

166 740 60 20 bråd.
257 740 59 20 Våra
336 739 90 28 skogars
447 739 40 21 och
505 738 147 29 jagtmarkers
668 738 134 28 aflägsenhet
817 739 48 21 från
881 740 36 20 bo-

167 774 101 21 städerna
288 774 55 21 skall
363 776 53 26 göra
436 774 37 20 det
497 773 99 29 omöjligt
612 773 33 21 för
658 773 133 28 jordegaren
807 775 32 19 att
853 774 65 27 tillse,

167 810 37 20 det
225 815 27 15 en
272 808 60 28 dylik
348 808 156 28 jagträttighet
518 808 49 20 icke
582 808 140 20 missbrukas.
753 808 43 28 Jag
811 808 70 21 skulle
897 810 20 26 ej

167 843 53 27 vilja
241 843 26 27 gå
287 843 23 21 in
331 842 73 28 derpå,
420 842 92 21 emedan
526 843 38 27 jag
580 849 64 14 anser
659 842 37 21 det
710 849 51 14 vara
774 842 145 28 jordegarens

167 877 104 28 rättighet
287 878 32 20 att
334 878 52 20 utan
401 877 89 27 intrång
506 877 24 21 af
544 876 67 22 andra
626 876 115 28 disponera
757 876 61 22 öfver
835 877 43 21 alla
892 876 26 22 de

168 912 55 28 djur,
239 918 46 14 som
303 911 69 21 finnas
392 911 28 28 på
440 911 54 21 hans
514 911 71 27 mark,
606 911 40 21 och
666 910 71 22 denna
756 910 106 29 rättighet
880 911 39 21 bör

167 946 68 21 blifva
256 946 134 21 oförkränkt.
420 945 85 21 Endast
525 946 7 20 i
548 948 31 18 ett
594 945 39 21 fall
648 945 43 21 kan
706 946 36 20 det
754 952 53 24 vara
825 946 46 20 skäl
887 948 32 18 att

168 981 78 28 medge
266 981 111 27 undantag
398 980 103 21 derifrän.
532 979 42 29 Jag
592 979 52 22 ville
662 980 111 27 nemligen
790 980 55 21 hlott
860 980 7 20 i
883 979 37 22 det

168 1015 38 21 fall
221 1015 70 20 tilläta
304 1015 77 28 jägare
397 1016 32 19 att
443 1015 103 27 intränga
561 1015 28 28 pä
604 1021 83 14 annans
702 1014 72 27 mark,
792 1016 31 19 att
838 1015 42 20 han
891 1015 28 28 pä

169 1056 56 21 egen
240 1049 61 21 mark
317 1049 58 21 förut
391 1049 58 20 sårat
465 1051 31 18 ett
510 1049 49 28 djur
576 1049 40 20 och
631 1049 59 20 detta
705 1050 63 26 tager
783 1049 33 20 sin
831 1049 89 27 tillflykt

168 1085 29 27 pä
215 1091 83 14 annans
317 1090 62 21 egor;
399 1090 50 13 men
465 1083 37 21 det
517 1083 70 21 skulle
603 1083 27 20 dä
644 1083 71 20 tillika
730 1090 52 14 vara
796 1083 55 21 hans
867 1083 52 22 ovil-

169 1119 85 27 korliga
270 1117 130 29 skyldighet,
416 1119 32 19 att
463 1124 35 14 om
514 1117 24 21 sä
549 1117 149 28 päfordrades,
709 1117 75 21 kunna
794 1117 83 27 bevisa,
889 1119 32 20 att

169 1155 32 19 ett
216 1152 76 21 sädant
307 1152 138 21 förhällande
460 1154 37 25 egt
511 1159 55 14 rum.
589 1151 67 21 Detta
671 1151 39 21 bör
726 1158 40 21 ega
782 1152 32 21 sin
826 1152 93 28 tillämp-

170 1187 53 28 ning
244 1187 56 21 bäde
322 1187 28 28 pä
373 1186 117 28 skadedjur
514 1187 39 20 och
576 1186 81 28 nyttigt
676 1185 116 28 villebräd;
813 1188 23 26 ty
857 1186 64 28 eljest

169 1222 72 21 blefve
257 1222 72 27 djuret
345 1221 94 28 troligen
459 1221 115 28 liggande,
590 1221 38 20 der
643 1220 37 21 det
694 1220 53 21 dött.
777 1220 52 21 Men
844 1221 7 20 i
865 1221 56 20 intet

171 1258 66 19 annat
257 1256 38 21 fall
310 1256 50 21 ville
373 1255 40 28 jag
428 1255 78 28 medge
522 1255 71 28 nägon
609 1255 105 28 rättighet
728 1257 32 18 att
772 1255 54 28 jaga
841 1255 28 28 pä
883 1263 38 13 an-

170 1299 54 14 nans
240 1291 69 26 mark,
325 1290 81 21 allmän
421 1290 115 28 skallgäng
552 1290 138 28 naturligtvis
706 1289 55 22 dock
774 1290 147 28 undantagen,

170 1327 23 27 ty
214 1325 38 21 der
272 1332 27 13 en
320 1325 67 21 sädan
407 1324 113 27 anställes,
540 1325 69 20 mäste
630 1324 43 21 den
688 1324 22 21 fä
725 1325 27 28 gä
768 1324 101 22 öfverallt
885 1325 38 20 der

170 1361 36 19 det
221 1359 112 20 behöfves.

238 1392 59 21 Herr
317 1392 104 21 Taube:
442 1385 73 27 Äfven
533 1393 40 26 jag
588 1392 87 21 förenar
690 1391 46 28 mig
750 1392 50 21 med
814 1392 51 21 herr
880 1399 42 14 von

170 1428 60 21 Born
246 1426 39 22 och
301 1427 133 29 protesterar
450 1427 58 20 emot
524 1425 36 22 det
575 1425 126 30 stadgande,
716 1433 46 14 som
772 1425 8 21 i
790 1426 43 21 den
843 1426 80 29 nädiga
