1042 1798
218 153 13 20 4

190 225 50 14 man
260 218 39 21 här
318 219 67 26 yttrat
406 224 41 19 om,
463 219 31 19 att
510 217 26 20 de
552 217 74 28 styrda
641 217 127 28 härigenom
785 217 70 20 skulle
871 217 69 21 hållas

190 253 32 20 uti
238 252 137 21 ekonomiskt
391 251 109 22 beroende
516 251 23 21 af
552 251 27 22 de
595 251 108 28 styrande,
715 258 63 14 anser
785 252 40 27 jag
837 251 48 21 icke
896 251 43 20 för-

190 289 60 26 tjena
265 287 67 28 något
350 287 108 20 afseende.
488 286 111 28 Tjenaren
614 288 24 19 är
653 286 40 21 och
708 286 83 27 förblir,
808 286 68 27 enligt
891 285 50 21 mitt

190 322 88 28 förslag,
293 321 134 28 fullkomligt
442 321 28 20 fri
486 321 40 21 och
541 321 33 20 får
590 321 61 28 flytta
667 321 24 21 så
706 321 45 20 ofta
767 321 36 20 det
813 320 79 21 honom
903 320 37 20 be-

189 356 69 28 hagar
274 356 39 21 och
330 356 99 28 gällande
442 356 192 28 legohjonsstadga
645 355 77 22 sådant
732 355 97 28 medger;
844 362 50 14 men
906 362 35 14 om

190 393 100 26 tjenaren
309 391 49 20 icke
378 391 38 20 vill
436 391 81 20 förlora
536 390 97 21 fördelen
654 391 24 20 af
691 392 30 19 att
737 391 27 27 på
780 391 33 20 sin
828 390 112 21 ålderdom

191 433 23 14 se
234 426 34 28 sig
287 433 51 14 vara
354 425 90 27 burgen,
460 425 38 21 och
516 425 59 21 detta
590 432 78 21 genom
684 425 37 20 sitt
737 427 50 26 eget
802 425 139 28 tillgörande,

190 461 71 27 tjenar
276 460 43 21 han
335 467 52 20 gvar
401 460 40 20 hos
457 467 26 13 en
500 460 40 21 och
555 467 82 13 samma
652 459 112 21 husbonde
780 460 23 20 så
819 460 64 27 länge
893 467 46 13 som

190 495 92 28 möjligt.
304 494 50 21 Han
370 494 104 27 kommer,
490 494 50 21 med
555 495 31 20 ett
602 493 45 27 ord,
659 494 7 20 i
679 494 138 21 ekonomiskt
830 494 110 27 afseende,

190 530 7 20 i
213 536 82 14 samma
315 529 104 27 ställning
438 529 34 20 till
491 529 128 20 husbonden
638 535 46 14 som
705 530 82 19 statens
807 529 133 28 tjenstemän

191 566 37 19 äro
245 564 32 21 till
293 565 77 20 staten.
401 563 29 21 Ju
446 563 76 28 längre
537 563 64 21 dessa
616 563 67 27 tjena,
699 563 49 21 dess
763 565 69 19 större
847 563 92 28 pension

189 599 83 20 erhålla
292 598 26 21 de
338 598 36 21 vid
394 597 198 28 afskedstagandet.
621 597 62 28 Föga
701 605 43 20 nog
765 599 23 20 är
803 598 36 21 det
855 599 85 20 ensamt

190 632 152 29 ärelystnaden
366 633 53 20 eller
442 632 247 26 fosterlandskärleken,
705 639 46 14 som
767 633 70 20 förmå
856 632 83 21 menni-

190 668 80 21 skorna
285 669 31 19 att
332 669 79 26 antaga
427 669 82 19 statens
526 667 73 27 tjenst,
607 668 53 19 utan
675 673 44 22 nog
735 668 23 19 är
773 667 36 20 det
822 667 36 21 väl
875 667 64 20 oftast

191 701 117 22 omtanken
323 702 34 20 för
373 701 97 21 utkomst
485 701 33 21 för
534 701 70 27 dagen
621 701 39 20 och
676 701 107 28 bergning
798 701 27 28 på
841 701 98 21 ålderdo-

190 743 50 14 men
255 743 46 14 som
317 738 39 26 gör
372 736 42 21 det.

257 771 36 21 Då
306 771 24 21 af
338 771 36 20 det
390 771 131 27 föregående
533 771 71 27 följer,
616 772 32 19 att
659 771 71 27 någon
741 771 135 28 betydligare
887 778 52 21 pen-

189 805 174 28 sionsutdelning
373 805 48 20 icke
432 804 42 21 kan
486 805 87 20 komma
584 805 6 20 i
601 805 62 27 fråga
673 805 52 25 förr,
735 807 27 18 än
773 805 56 20 efter
840 805 99 21 tillända-

189 841 86 27 gängne
291 839 74 21 trettio
382 839 22 21 år
416 839 56 20 efter
484 839 36 20 det
531 839 250 28 pensionsreglementet
791 840 58 21 trädt
859 841 7 20 i
876 839 63 22 verk-
954 842 5 5 *

189 875 91 27 samhet,
296 874 70 21 skulle
381 873 24 22 af
418 873 42 21 den
476 873 84 28 årligen
575 873 119 28 inflytande
705 875 196 28 pensionsafgiften
913 883 26 14 en

189 909 99 28 ansenlig
303 908 53 22 fond
370 909 74 20 kunna
459 908 75 21 bildas.
565 908 42 21 Om
622 908 37 21 det
674 911 14 17 t.
705 916 32 13 ex.
755 909 137 28 bestämmes,
907 912 32 20 att

190 944 41 21 den
252 944 69 28 årliga
338 942 197 30 pensionsafgiften
556 942 38 22 bör
614 944 77 26 utgöra
714 944 26 20 10
754 946 91 26 procent
859 945 24 21 af
897 945 41 21 den

190 978 111 22 blifvande
316 978 131 28 pensionen,
463 978 86 20 komme
564 984 27 14 en
607 977 64 28 afgift
686 977 25 21 af
723 979 13 20 4
751 978 46 21 rub.
814 986 29 14 s:r
857 981 33 19 att
905 980 34 21 år-

188 1014 60 27 ligen
269 1012 99 28 erläggas
388 1012 33 21 till
440 1012 183 28 pensionskassan
643 1012 34 20 för
693 1012 74 28 hvarje
783 1013 99 28 lagstadd
899 1015 40 27 tje-

189 1055 59 13 nare.
278 1048 70 20 Antar
368 1054 51 14 man
434 1046 81 26 vidare,
531 1048 31 19 att
580 1048 84 19 ensamt
679 1046 26 21 de
721 1047 111 27 lagstadde
848 1049 90 27 tjenste-

188 1082 93 28 hjonens
299 1081 59 21 antal
374 1081 6 21 i
396 1081 75 21 landet
486 1082 64 26 utgör
565 1081 92 26 350,000
671 1088 111 20 personer,
799 1082 69 22 skulle
884 1083 54 21 såle-

188 1116 38 21 des
241 1116 33 21 till
289 1115 250 29 pensionskassafonden
555 1115 83 28 årligen
653 1115 77 28 inflyta
747 1116 111 26 1,400,000
871 1124 17 14 r.
903 1124 34 14 s:r.

188 1150 70 21 Dessa
273 1150 77 26 medel,
361 1150 125 20 förräntade
498 1150 57 20 emot
571 1149 76 21 endast
663 1150 12 20 4
689 1151 97 26 procent,
797 1150 70 22 skulle
882 1152 55 21 efter

189 1186 28 20 30
237 1185 24 21 år
280 1184 60 22 bilda
358 1191 27 14 en
404 1183 52 21 fond
470 1184 23 20 af
506 1190 46 14 mer
568 1185 27 19 än
612 1184 139 26 100,000,000
767 1185 46 21 rub.
829 1192 34 15 s:r.
894 1186 43 21 Vid

188 1219 131 29 tidpunkten
330 1218 34 22 för
374 1218 128 28 pensioners
512 1218 137 28 utbetalning
661 1218 69 21 skulle
741 1226 50 14 man
802 1220 84 21 således
897 1222 41 26 äga

189 1261 27 14 en
232 1254 55 27 årlig
302 1253 93 28 tillgång
410 1253 24 21 af
447 1253 114 27 5,400,000
576 1252 47 21 rub.
639 1260 35 13 s:r.
703 1253 82 22 Hvilka
804 1254 133 29 fabelaktiga

188 1289 172 28 förhoppningar
376 1288 39 21 och
429 1288 147 27 beräkningar
591 1289 27 20 än
634 1288 35 21 mä
684 1288 87 22 vidläda
786 1289 63 22 dessa
863 1291 74 20 uträk-

188 1323 85 26 ningar,
288 1323 60 26 ligga
361 1322 27 21 de
404 1323 43 20 alla
462 1322 58 21 inom
536 1323 155 27 möjlighetens
706 1325 65 26 gräns
783 1325 32 19 att
827 1324 110 22 realisera.

188 1356 44 20 För
252 1355 66 27 öfrigt
338 1355 43 21 kan
396 1355 105 27 förslaget
515 1355 28 28 pä
557 1356 80 27 mänga
651 1357 42 19 sätt
709 1357 129 26 modifieras,
853 1358 85 21 hvilket

186 1390 39 28 jag
240 1389 85 22 likvisst
340 1396 30 14 nu
385 1389 39 20 här
440 1389 102 28 förbigär.

256 1423 66 22 Emot
336 1423 106 28 förslaget
456 1423 39 21 har
510 1423 74 21 vidare
599 1423 72 22 blifvit
685 1424 100 21 invändt:
805 1426 32 20 att
851 1425 86 22 ständet

188 1459 47 20 icke
255 1465 52 14 vore
326 1458 133 28 berättigadt
474 1459 32 20 att
520 1458 150 28 genomdrifva
683 1459 72 21 denna
769 1459 58 28 slags
842 1459 96 22 beskatt-
