1286 1798
446 138 40 21 766

418 203 167 28 talssättningen
602 210 51 14 vara
667 202 146 29 undangjord,
829 203 67 21 innan
911 203 80 27 lagfart
1006 203 43 21 kan
1062 203 104 28 vidtagas.

419 238 43 20 Det
482 239 24 19 är
527 238 64 20 äfven
610 237 59 21 förut
689 238 110 27 stadgadt,
815 239 32 19 att
865 237 51 27 den,
932 243 46 15 som
995 237 125 21 tillhandlar
1135 238 34 27 sig

419 272 72 27 någon
506 272 111 27 lägenhet,
628 272 49 20 icke
687 272 94 21 allenast
796 274 23 18 är
835 272 122 28 berättigad
973 273 52 20 utan
1036 272 63 22 äfven
1111 272 57 28 skyl-

419 306 37 28 dig
471 308 32 19 att
518 306 58 21 inom
593 306 70 21 tillika
678 306 91 28 stadgad
785 306 31 21 tid
831 306 49 22 med
896 306 126 21 densamma
1035 306 89 29 lagfara,
1136 306 32 21 så-

419 340 65 21 framt
499 341 42 21 han
557 341 39 21 vill
611 341 72 27 undgå
698 343 32 19 att
743 341 63 21 fällas
818 342 32 20 till
861 341 61 21 böter
933 342 152 20 motsvarande
1096 341 74 21 halfva

419 375 75 21 värdet
510 375 23 21 af
547 375 37 21 det
597 376 120 27 stämplade
728 383 90 21 papper,
833 376 103 20 hvarmed
947 376 222 28 köpeafhandlingen,

419 410 93 20 medelst
527 410 88 21 hvilken
631 410 42 20 han
689 410 115 21 åtkommit
819 410 137 28 lägenheten,
967 411 40 20 bör
1017 410 114 28 beläggas;
1143 422 24 4 —

421 444 84 21 således
526 444 40 21 och
582 444 28 21 då
624 444 27 21 de
667 444 23 20 af
703 445 44 27 mig
763 444 131 22 omnämnda
909 444 134 28 stadganden
1058 446 58 20 ännu
1133 446 36 19 äro

421 478 111 28 gällande,
552 478 44 21 kan
614 479 39 27 jag
667 478 48 21 icke
731 479 116 28 godkänna
862 479 148 21 betänkandet
1024 480 7 20 i
1047 479 26 21 de
1089 479 24 21 af
1126 479 45 28 mig

421 520 29 14 nu
466 513 114 21 anmärkta
596 512 65 22 delar.
685 513 80 22 Vidare
781 514 37 21 vill
831 514 39 28 jag
886 514 64 21 hafva
965 514 107 27 anmärkt,
1087 515 32 19 att
1134 514 37 21 det

421 547 63 21 heter
504 548 7 20 i
530 548 159 26 betänkandet,
710 550 31 18 att
757 550 135 26 guvernören
913 555 52 21 eger
980 548 49 21 med
1046 548 89 28 ledning
1150 548 24 21 af

421 582 171 21 landtmätarens
613 582 133 28 förrättning
761 583 6 21 i
784 583 66 21 saken
871 583 121 21 bestämma
1009 584 106 20 mantalet
1130 585 40 19 etc.

422 616 42 28 Jag
484 617 50 21 ville
554 617 40 21 här
609 616 64 22 hafva
689 618 85 27 antydt,
795 618 55 20 huru
870 620 137 26 guvernören
1028 618 55 21 skall
1105 618 65 21 blifva

422 650 78 21 försatt
515 651 7 20 i
538 651 85 22 tillfälle
639 654 32 18 att
686 652 75 21 utöfva
776 652 60 21 detta
851 653 37 20 sitt
899 653 70 27 ,ege".
996 652 44 21 Det
1054 654 23 19 är
1093 652 77 21 nemli-

423 692 41 21 gen
480 685 48 21 icke
544 685 100 29 stadgadt
659 687 56 20 huru
730 687 42 21 han
789 687 54 20 skall
855 687 86 20 komma
952 688 32 19 att
995 687 93 28 fullgöra
1099 687 71 21 denna

423 720 33 20 sin
473 719 131 29 skyldighet.

490 754 58 21 Herr
564 755 192 28 Björkenheim,
772 756 37 21 R.:
826 755 42 28 Jag
884 755 98 22 anhåller
997 750 32 27 att
1045 756 22 21 få
1082 756 88 21 instäm-

422 795 36 14 ma
477 789 7 24 i
504 789 50 21 herr
575 796 41 15 von
636 790 71 21 Borns
728 791 82 28 förslag
825 791 7 20 i
847 791 59 20 detta
922 790 47 27 fall,
986 791 40 21 och
1042 792 38 27 gör
1096 791 37 21 det
1148 791 23 20 så

423 823 87 28 mycket
525 824 76 27 hellre,
618 831 45 14 som
679 825 69 28 enligt
763 825 45 22 min
823 825 140 28 uppfattning
977 825 36 22 det
1026 826 69 21 måste
1111 825 60 22 kom-

423 865 35 14 ma
479 860 31 19 att
530 859 92 21 inverka
643 859 28 28 på
693 859 169 28 köpesummans
884 860 88 27 slutliga
998 860 173 27 bestämmande,

423 893 55 21 huru
496 893 136 22 hemmanets
653 894 58 21 skatt
731 895 94 21 fördelas
845 895 28 27 på
888 895 26 21 de
930 895 70 21 skilda
1016 895 156 28 lägenheterna

423 928 39 20 och
478 930 32 19 att
526 928 84 22 således
625 929 80 27 lagfart
720 930 7 20 i
742 930 42 20 alla
800 930 38 20 fall
853 930 49 20 icke
918 936 38 14 ens
971 930 61 20 torde
1044 930 86 21 komma
1141 932 31 19 att

423 962 90 28 begäras
529 964 45 20 förr
590 965 26 19 än
633 963 59 22 detta
707 966 24 18 är
747 964 113 22 bestämdt.

490 998 103 21 Friherre
614 998 26 21 de
660 998 21 21 la
702 998 136 29 Chapelle:
857 998 43 29 Jag
916 1006 63 14 anser
994 999 42 21 den
1052 999 23 21 af
1089 999 82 21 utskot-

422 1034 32 19 tet
469 1032 127 28 begagnade
610 1032 141 22 redaktionen
769 1041 51 13 vara
838 1036 31 18 att
886 1034 122 28 godkänna.
1036 1034 12 20 I
1062 1034 110 21 öfverens-

423 1067 124 21 stämmelse
568 1067 50 21 med
637 1067 56 21 hvad
713 1068 50 21 herr
777 1068 129 28 Furuhjelm
922 1070 56 26 sagt,
993 1068 42 21 kan
1052 1068 35 22 det
1103 1068 69 21 finnas

423 1102 79 28 många
521 1102 192 28 omständigheter,
729 1110 46 13 som
791 1104 53 27 göra
859 1102 36 21 det
910 1103 116 28 angeläget
1042 1103 33 21 för
1092 1110 80 21 egaren

423 1138 37 24 att,
473 1136 64 21 sedan
552 1136 42 21 han
610 1136 54 29 köpt
680 1139 31 18 ett
727 1137 74 27 stycke
815 1137 57 28 jord,
887 1138 73 20 kunna
976 1137 88 21 dermed
1079 1138 93 28 lagfara;

423 1170 67 21 redan
506 1170 103 22 behofvet
624 1173 32 19 att
671 1174 58 18 emot
745 1171 127 28 inteckning
887 1172 7 20 i
909 1172 37 20 det
961 1172 90 28 inköpta
1063 1172 109 27 jordstyc-

424 1204 37 21 ket
479 1204 83 21 erhålla
581 1205 122 27 penningar
723 1205 32 21 till
775 1206 57 26 låns,
848 1208 23 18 är
887 1205 67 28 derpå
969 1207 31 19 ett
1015 1206 70 26 bevis,
1101 1207 23 27 ty
1139 1206 32 20 in-

422 1245 43 14 nan
483 1238 69 21 första
572 1239 111 28 uppbudet
704 1240 128 26 meddelats,
848 1240 42 20 kan
911 1247 27 14 en
958 1240 66 21 sådan
1044 1240 128 28 inteckning

423 1272 48 22 icke
492 1273 100 21 erhållas.
622 1273 34 21 Då
675 1273 109 21 dessutom
804 1274 7 21 i
832 1274 12 20 3
860 1275 11 26 $
885 1276 24 18 är
924 1274 108 28 stadgadt,
1048 1276 31 19 att
1094 1274 77 28 frågan

423 1314 35 14 om
474 1307 132 28 rättigheten
622 1309 32 19 att
669 1308 88 26 afskilja
770 1308 51 28 jord
835 1308 39 21 bör
889 1316 51 14 vara
954 1316 79 20 genom
1049 1308 48 28 laga
1113 1308 58 21 kraft

423 1343 81 18 vunnet
524 1342 73 26 utslag
616 1342 96 26 afgjord,
728 1342 66 20 innan
815 1348 27 14 en
862 1342 66 20 sådan
944 1342 81 27 lagfart
1040 1344 24 18 är
1078 1342 92 26 tillåten,

423 1374 23 20 så
469 1380 63 14 anser
552 1375 48 27 jag,
621 1374 56 22 hvad
698 1375 117 21 utskottets
838 1375 137 21 betänkande
998 1371 121 30 innehåller
1139 1376 32 20 uti

422 1407 142 22 förevarande
580 1410 72 25 ämne,
669 1416 51 14 vara
735 1409 150 28 välgrundadt.

489 1443 103 21 Friherre
604 1443 139 29 Carpelan:
755 1443 42 28 Jag
808 1445 23 20 är
842 1443 149 23 förekommen
1003 1445 23 20 af
1035 1445 50 21 herr
1095 1445 76 30 Spåre.
