1036 1742
803 118 39 21 411

195 186 11 21 I
217 186 67 29 öfrigt
296 186 125 29 godkändes
432 186 146 22 betänkandet
588 185 92 22 rörande
691 186 91 21 berörde
792 185 82 22 rubrik.

194 221 58 21 Från
270 222 39 20 och
324 221 49 21 med
388 221 104 21 rubriken
503 221 162 29 provisorsbref
677 220 33 21 till
726 221 39 21 och
779 220 50 22 med
839 228 34 13 ru-

127 255 77 21 briken
224 259 62 25 öppet
306 256 49 28 bref
366 256 13 20 å
394 255 213 21 utmärkelsetecken
622 255 34 20 för
671 254 111 29 oförvitlig
796 256 78 27 tjenst;

127 290 111 21 äfvensom
254 291 12 27 &
280 291 20 26 6,
311 291 55 20 samt
380 290 48 20 från
445 290 40 20 och
500 289 49 22 med
563 289 104 21 rubriken
678 290 106 28 aktiebref
791 290 33 21 till
836 290 39 21 och

127 324 49 21 med
191 324 104 22 rubriken
310 325 170 27 konnoissement,
496 326 92 26 antogos
604 325 52 19 utan
671 324 99 28 ändring.

195 358 113 22 Rubriken
323 359 107 26 kontrakt,
448 359 53 21 1:sta
515 358 105 29 punkten.

195 393 59 21 Herr
263 400 43 14 von
316 392 199 30 Weissenberg:
525 393 32 21 Af
565 392 60 22 detta
633 392 125 29 stadgande,
768 400 107 15 samman-

127 428 65 21 stäldt
207 428 50 22 med
272 428 28 20 24
315 428 11 28 8
341 428 102 28 framgår,
459 430 32 19 att
505 427 201 29 hyreskontrakter,
721 428 132 21 åtminstone
869 429 6 20 i

127 462 54 28 stad,
192 462 145 28 ovilkorligen
350 463 69 20 måste
435 463 104 27 antingen
554 469 52 15 vara
619 462 83 21 skrifna
712 463 28 27 på
750 463 62 21 karta
823 463 53 21 eller

127 497 67 21 blifva
209 497 88 21 dermed
311 497 99 28 belagde.
435 497 43 28 Jag
492 498 60 20 inser
569 496 66 22 också
650 497 28 28 ej,
688 497 102 21 hvarföre
800 498 75 28 hyres-

127 532 128 21 kontrakter
271 532 62 21 skola
347 532 102 28 uppvisas
464 532 37 21 vid
516 531 238 29 mantalsskrifningen.
776 532 45 21 För
831 533 45 21 min

128 566 35 22 del
177 566 51 22 ville
241 567 40 27 jag
296 566 86 28 föreslå,
395 569 31 19 att
437 574 50 14 man
503 568 19 27 ej
539 566 71 22 skulle
625 574 52 14 vara
690 566 86 28 skyldig
787 568 31 20 att
828 567 48 22 kar-

127 603 48 19 tera
189 602 67 27 något
271 600 169 29 hyreskontrakt
454 602 7 20 i
477 603 66 19 annat
558 601 45 27 fall,
619 603 27 19 än
662 601 27 21 då
704 601 26 21 de
746 601 62 21 skola
824 609 52 21 upp-

127 636 57 21 visas
203 636 58 20 inför
282 635 98 28 domstol,
396 638 56 19 samt
472 637 32 20 att
523 636 8 20 i
550 635 55 28 följd
625 635 63 21 deraf
706 636 27 20 24
748 636 12 28 $
775 636 46 21 helt
837 637 40 21 och

127 670 67 22 hållet
209 670 71 21 skulle
295 670 59 28 utgå.

194 704 59 22 Herr
268 712 41 13 von
325 704 82 27 Born,
424 704 20 22 J.
460 704 33 21 A.:
510 705 29 21 Så
553 704 65 28 länge
633 704 128 28 stadgandet
772 706 104 27 qvarstår,

127 741 32 19 att
178 738 194 29 hyreskontrakter
392 739 62 21 skola
474 739 101 28 uppvisas
591 739 37 21 vid
642 739 235 29 mantalsskrifningar,

128 781 63 14 anser
208 774 48 27 jag,
273 774 52 20 enär
343 773 231 28 mantalsskrifningen
589 775 24 19 är
629 780 27 14 en
671 774 142 28 förrättning,
830 774 47 21 der-

128 809 36 21 vid
182 815 27 14 en
228 808 131 27 tjensteman
373 808 111 27 fungerar,
500 808 36 21 det
551 815 38 14 var
604 808 90 21 alldeles
710 808 166 22 öfverensstäm-

128 842 78 22 mande
222 842 48 21 med
285 842 114 28 principen
414 842 8 20 i
437 842 164 29 författningen,
613 844 31 19 att
653 842 177 28 hyreskontrakt,
840 844 37 20 vid

127 876 145 29 uppvisandet
287 877 56 21 inför
358 876 99 21 bemälde
473 877 138 27 tjensteman,
622 877 55 20 skall
693 883 51 15 vara
759 877 118 22 karteradt.

195 911 104 21 Friherre
313 911 140 28 Carpelan:
474 911 75 22 Sävidt
561 911 40 28 jag
616 911 90 27 känner,
722 911 96 22 infördes
834 913 43 20 för-

129 945 129 27 ordnandet,
278 947 31 20 att
329 945 195 28 hyreskontrakter
544 946 62 21 skola
626 947 78 26 upptes
723 947 36 20 vid
775 947 102 21 mantals-

129 981 117 27 skrifning,
264 981 55 20 först
345 981 54 20 1842
420 987 79 21 genom
520 981 42 20 den
581 980 296 29 kartasigillataförordning,

129 1023 45 14 som
200 1015 27 21 då
246 1017 52 19 utan
319 1015 127 21 ständernas
466 1015 96 21 hörande
583 1015 136 21 emanerade.
749 1015 45 21 Det
814 1023 63 20 synes

129 1050 45 28 mig
193 1057 51 14 vara
265 1057 27 14 en
312 1049 140 28 motsägelse,
474 1051 31 20 att
525 1051 31 20 ett
576 1049 76 21 sådant
673 1050 119 27 stadgande
808 1051 69 27 gäller

129 1085 55 20 blott
203 1084 33 21 för
251 1085 110 26 städerne,
377 1091 50 14 men
443 1085 20 27 ej
480 1085 33 20 för
527 1083 83 28 landet,
627 1083 41 22 och
683 1083 50 22 hela
748 1084 130 29 stadgandet

128 1119 34 21 för
182 1119 67 28 öfrigt
263 1126 52 14 vara
329 1119 125 28 olämpligt,
469 1119 47 28 ithy
531 1120 32 19 att
579 1119 110 20 allmänna
703 1119 65 28 lagen
783 1119 48 21 icke
845 1119 32 21 in-

128 1153 98 22 nehäller
241 1153 126 28 ovilkorligt
382 1153 120 28 stadgande
517 1153 82 27 derom,
610 1155 32 18 att
657 1153 53 22 aftal
720 1153 100 22 enskilda
830 1161 47 20 per-

129 1195 63 14 soner
208 1188 94 21 emellan
317 1187 52 22 böra
384 1188 125 28 skriftligen
524 1187 97 28 affattas,
637 1188 101 21 hvarföre
754 1188 64 21 äfven
834 1189 45 20 ofta

128 1223 8 21 i
159 1223 102 21 städerna
283 1222 105 27 inträffar,
410 1224 31 19 att
463 1223 128 28 lägenheter
610 1223 89 28 uthyras
717 1223 28 28 pä
765 1222 70 29 grund
858 1223 23 21 af

129 1258 107 28 muntliga
250 1257 60 21 aftal.
339 1257 45 21 Det
398 1257 111 22 förefaller
523 1257 46 28 mig
584 1257 85 21 säledes
685 1257 91 28 obilligt,
790 1258 32 20 att
837 1257 42 21 den

129 1301 41 13 ena
184 1292 154 29 hyresvärden,
354 1299 46 14 som
416 1293 112 28 upprättar
543 1292 104 29 skriftligt
661 1292 111 27 kontrakt,
783 1292 96 22 nödvän-

129 1328 47 28 digt
192 1327 55 21 skall
261 1327 88 28 äläggas
365 1329 31 19 att
412 1327 119 21 detsamma
545 1329 68 26 uppte
629 1327 40 20 och
684 1327 93 26 kartera,
794 1326 27 21 dä
836 1327 43 20 den

129 1362 68 21 andra
216 1361 154 27 hyresvärden,
386 1369 46 12 som
448 1362 28 26 pä
491 1361 92 27 muntlig
599 1361 221 20 öfverenskommelso
836 1361 42 20 för-

129 1397 40 26 hyr
184 1395 34 21 sin
233 1395 109 27 lägenhet,
358 1396 39 27 gär
412 1395 27 20 fri
455 1395 48 20 frän
518 1395 73 20 kartas
608 1395 120 20 betalande.
751 1394 75 21 Under
838 1394 41 21 den

129 1430 32 21 tid
173 1430 39 28 jag
226 1429 7 21 i
248 1435 46 18 mer
309 1431 28 20 än
353 1430 27 21 20
395 1429 24 22 år
434 1429 94 22 vistades
543 1428 40 25 här
596 1429 7 21 i
619 1429 76 22 staden
711 1428 55 22 hade
778 1429 40 28 jag
831 1435 48 15 rum
