1039 1817
214 144 42 24 642

181 214 46 22 "och
245 208 267 32 förbättringsprincipen,
530 209 75 25 hvilka
623 208 53 25 hvar
692 209 12 24 å
719 208 34 26 sin
769 208 46 26 sida
830 210 60 30 ligga
906 209 33 24 till

187 248 71 30 grund
279 248 34 20 för
335 247 26 21 de
384 246 46 22 häri
454 246 85 28 yttrade
560 246 58 22 olika
638 247 121 28 meningar,
775 248 23 20 är
814 247 23 21 så
852 247 88 28 mycket

186 283 56 22 både
258 282 93 21 skrifvet
366 281 40 22 och
420 281 76 27 taladt,
512 283 32 19 att
556 281 41 29 jag
612 282 7 20 i
635 281 63 21 dessa
713 281 60 21 delar
788 281 48 21 icke
852 281 40 21 har
902 281 37 21 nå-

188 320 37 26 got
241 316 140 29 egenteligen
396 317 49 26 nytt
460 317 32 19 att
508 316 99 28 tillägga,
623 316 101 21 hvarföre
738 316 40 28 jag
793 316 66 21 också
870 316 20 28 ej
901 316 38 20 vill

186 352 53 28 ingå
258 352 7 20 i
286 351 73 28 någon
379 350 129 28 utförligare
527 350 131 28 utläggning
676 350 24 20 af
717 350 60 21 mina
792 350 82 28 åsigter
889 350 49 21 här-

185 386 100 22 utinnan.
314 385 45 26 De,
379 390 47 15 som
445 384 61 28 hylla
526 384 292 28 afskräckningsprincipen,
834 392 52 14 anse
902 384 37 21 det

187 428 52 14 vara
261 419 165 28 strafflagarnes
448 418 88 28 uppgift
558 420 32 20 att
613 418 114 22 afskräcka
749 418 49 21 från
820 418 59 22 brott
898 418 40 22 och

187 456 108 25 förmena,
312 455 32 20 att
356 454 26 27 ju
398 454 112 27 strängare
530 453 90 29 lagarne
639 454 45 26 äro,
707 453 61 22 desto
790 452 71 23 bättre
876 453 62 22 skola

187 490 26 21 de
229 489 75 28 lyckas
319 488 8 21 i
342 488 60 21 detta
422 487 38 21 sitt
479 487 108 28 syftemål.
617 487 51 22 Men
681 488 39 27 jag
740 487 92 22 utbeder
846 488 46 28 mig
906 489 32 20 att

186 525 22 21 få
223 523 116 22 framhålla
354 529 28 14 en
397 522 169 28 omständighet,
582 529 45 14 som
643 522 77 21 härvid
735 521 39 22 bör
789 523 61 28 tagas
866 522 7 21 i
888 524 50 19 när-

186 565 60 16 mare
260 557 152 23 betraktande.
436 557 79 21 Denna
530 559 24 20 är
569 557 27 21 de
611 557 124 28 menskliga
744 557 143 28 passionerna
898 557 40 22 och

186 593 165 28 begärelserna,
369 591 33 22 för
420 591 74 22 hvilka
510 591 76 29 ingen,
601 591 44 28 hög
660 592 53 21 eller
728 591 45 28 låg,
789 593 25 20 är
828 592 35 21 fri.
893 591 45 22 Do-

185 634 86 21 maren,
293 633 48 15 som
364 627 62 20 sitter
441 626 7 21 i
464 625 108 22 domsätet
592 626 40 21 och
651 626 159 27 missdådaren,
830 633 47 14 som
892 627 46 21 står

187 663 36 21 vid
239 661 114 27 skranket,
369 662 37 21 äro
422 660 71 29 begge
508 661 34 21 för
558 661 62 21 deras
635 660 146 29 påtryckning
794 660 46 22 lika
850 662 88 20 utsatte.

189 697 42 21 Om
246 695 103 22 domaren
366 695 20 28 ej
402 695 72 21 blifvit
489 694 56 22 hvad
560 695 150 21 missdådaren
726 696 30 26 är,
770 695 24 22 så
810 697 23 19 är
844 695 36 21 det
890 695 49 22 icke

187 731 150 22 dödsstraffets
351 730 112 28 förtjenst,
479 731 51 20 utan
546 729 172 29 upplysningens
734 729 41 22 och
789 729 150 29 uppfostrans,

185 765 75 23 hvilka
277 765 40 21 hos
337 763 80 23 honom
433 763 102 22 rotfästat
550 764 212 28 sedlighetskänslan
778 764 40 21 och
833 764 43 21 den
891 772 46 14 mo-

185 801 82 22 raliska
281 799 68 28 kraft,
364 798 103 22 hvarmed
483 799 43 21 han
540 799 132 20 motarbetat
688 797 129 24 lidelsernas
833 799 57 21 onda
905 800 32 21 in-

185 835 92 30 flytelse.
307 833 46 22 När
368 833 116 29 passionen
504 835 94 20 stormar
613 834 7 20 i
636 840 28 15 en
680 833 126 22 menniskas
821 834 61 21 bröst
897 835 40 21 och

186 868 198 29 oemotståndligen
406 867 82 22 drifver
511 867 71 22 henne
602 868 34 21 till
656 867 49 22 dess
725 867 212 30 tillfredsställande,

185 912 46 15 som
246 904 50 21 icke
311 902 44 23 kan
371 903 37 20 ske
425 903 136 20 annorlunda
576 904 26 19 än
620 909 78 22 genom
716 904 32 19 ett
763 902 68 28 brott,
842 903 27 21 då
880 904 56 21 åter-

184 939 70 22 hålles
273 938 44 21 hon
337 937 49 22 icke
401 937 25 21 af
438 937 141 28 strafflagen,
594 937 57 21 huru
666 937 119 22 drakonisk
800 937 42 21 den
858 940 27 19 än
901 938 35 21 må

184 981 59 14 vara.
270 972 83 29 Hvarje
368 971 117 29 brottsling
500 971 85 22 skrider
600 971 111 22 dessutom
727 971 34 22 till
776 971 128 23 föröfvande
915 973 24 21 af

184 1008 34 21 sin
233 1007 148 29 missgerning
394 1005 70 22 under
479 1006 42 21 den
536 1006 158 28 förutsättning
710 1007 39 21 och
760 1006 7 21 i
778 1006 38 21 det
825 1007 69 28 hopp,
905 1009 32 19 att

184 1043 43 21 han
241 1041 56 22 skall
313 1041 30 22 bli
359 1041 124 28 oupptäckt.
506 1040 33 22 De
555 1041 121 27 vådligaste
692 1041 118 28 gerningar
825 1041 111 29 företager

183 1077 44 22 han
247 1076 44 29 sig;
310 1075 41 22 och
366 1077 39 20 när
420 1075 53 27 han,
489 1075 8 21 i
513 1075 37 21 det
564 1075 38 21 fall
618 1075 27 21 då
659 1075 54 22 hvar
728 1075 40 22 och
784 1082 26 15 en
826 1082 72 15 annan
915 1077 20 28 ej

185 1111 68 22 skulle
276 1111 59 21 finna
357 1110 73 28 någon
452 1110 68 28 utsigt
543 1111 32 20 att
596 1109 50 22 icke
666 1109 30 22 bli
717 1109 114 29 upptäckt,
853 1117 35 15 ser
908 1118 27 14 en

183 1146 64 28 ringa
267 1145 114 28 möjlighet
400 1144 8 21 i
428 1144 60 22 detta
504 1144 134 27 hänseende,
655 1144 23 21 så
693 1145 80 20 räknar
789 1144 43 22 han
845 1145 47 28 just
907 1145 29 29 på

183 1181 72 20 denna
274 1179 117 29 möjlighet
410 1179 34 21 till
465 1179 33 21 sin
518 1179 93 21 förmon.
647 1178 106 22 Stiftarne
774 1179 24 21 af
810 1179 124 22 brottmäls-

182 1215 61 28 lagar
258 1216 54 27 göra
327 1213 34 28 sig
375 1213 7 21 i
397 1213 120 22 allmänhet
532 1213 98 28 skyldige
646 1213 33 21 till
695 1213 38 21 det
748 1213 36 27 fel,
800 1216 32 19 att
844 1214 27 21 de
882 1215 53 28 vilja

182 1249 8 21 i
207 1248 144 28 brottslingen
367 1254 22 15 se
406 1249 31 20 ett
452 1248 58 27 slags
526 1247 43 22 ond
584 1247 66 27 ande,
668 1255 46 14 som
730 1247 7 22 i
753 1247 47 22 sina
816 1249 118 28 gerningar

182 1285 70 26 styres
267 1282 24 22 af
305 1281 68 22 andra
386 1282 92 21 motiver
490 1282 39 21 och
540 1281 221 29 bevekelsegrunder,
772 1283 28 20 än
810 1282 43 21 den
864 1283 71 28 öfriga

181 1316 184 29 menskligheten.
394 1316 51 21 Han
464 1317 24 20 är
508 1315 56 22 dock
578 1315 114 22 menniska
708 1316 45 21 lika
767 1316 36 21 väl
818 1323 46 15 som
880 1316 54 23 hvar

182 1351 41 21 och
239 1357 26 15 en
281 1357 78 15 annan.
382 1350 44 21 Det
441 1352 25 18 är
481 1350 71 21 denna
568 1351 54 25 sats,
637 1350 126 28 filantropin
779 1351 69 27 ätagit
858 1351 34 28 sig
902 1354 32 19 att

181 1385 76 21 bevisa
272 1384 41 22 och
328 1384 77 26 denna,
422 1390 45 14 som
482 1384 72 28 ligger
568 1383 33 21 till
612 1384 71 27 grund
698 1384 34 21 för
747 1384 83 22 hennes
846 1385 87 21 teorier.

251 1419 44 21 För
310 1418 76 29 öfrigt,
406 1418 79 27 hvaraf
498 1420 24 20 är
537 1418 36 22 det
588 1417 28 22 dä
630 1425 50 15 man
696 1419 76 21 väntar
788 1418 34 29 sig
837 1418 42 22 den
895 1419 39 23 der

176 1454 205 29 afskräckningen?
401 1447 32 27 Är
448 1453 36 22 det
500 1454 23 21 af
537 1453 36 22 det
587 1455 59 20 torra
661 1453 139 22 straffhotet?
815 1454 80 22 Dertill
909 1457 24 20 är
