1067 1748
822 129 40 20 235

210 193 101 21 Ständets
328 193 31 20 uti
374 193 143 20 förevarande
533 193 80 20 ärende
629 193 81 21 fattade
731 193 71 21 beslut
822 194 70 21 skulle

140 227 92 21 medelst
252 227 78 28 utdrag
351 235 24 12 ur
395 227 60 21 detta
474 227 110 28 protokoll
605 227 105 28 delgifvas
726 227 26 21 de
768 228 123 27 respektive

140 261 142 21 medständen
299 262 32 20 till
345 261 123 21 kännedom
484 263 55 19 samt
555 261 244 28 expeditionsutskottet
814 263 6 19 i
836 263 55 20 afse-

140 296 55 21 ende
211 296 13 20 å
239 296 131 28 vidtagande
385 296 24 21 af
421 295 42 22 den
479 296 27 27 pä
522 296 106 21 utskottet
643 296 161 21 ankommande
815 297 77 28 åtgärd

141 330 7 21 i
164 331 73 20 saken.

211 399 117 28 Upplästes
349 401 155 19 sammansatta
525 401 62 19 stats-
607 399 40 21 och
663 391 177 30 bankutskottets
858 401 35 20 be-

142 433 110 22 tänkande
271 441 35 13 n:o
324 435 9 19 1
351 434 6 20 i
374 434 117 27 anledning
511 434 24 20 af
552 433 80 28 nådiga
647 434 164 27 propositionen
827 435 67 27 angå-

142 468 56 21 ende
213 468 85 28 garanti
315 468 23 20 af
351 468 36 21 det
402 468 43 27 lån,
456 468 104 20 Finlands
575 468 211 28 hypoteksförening
796 469 98 20 kommer

142 504 32 19 att
190 503 13 20 å
218 503 81 20 utrikes
321 505 34 18 ort
376 504 105 26 upptaga;
497 502 84 21 hvilket
597 502 136 21 betänkande
747 502 87 28 jemlikt
850 503 43 20 rid-

142 537 127 28 derskapets
289 537 38 21 och
347 538 75 20 adelns
442 537 72 20 beslut
534 537 41 21 den
598 538 25 19 15
644 537 147 21 innevarande
806 537 88 27 januari
918 538 2 2 '

142 572 72 20 hållits
230 572 13 20 å
257 572 77 21 bordet
349 572 57 20 intill
422 572 59 20 detta
496 571 166 21 sammanträde.

211 642 114 20 Anmältes
342 641 39 21 och
397 642 109 27 emottogs
523 648 25 14 en
565 641 127 28 deputation
703 640 48 21 från
762 641 133 27 prestastån-

142 675 46 27 det,
207 676 99 26 hvilken,
321 676 79 20 anförd
416 676 24 20 af
452 678 89 26 prosten
557 676 118 26 Borenius,
691 675 155 28 tillkännagaf,
863 677 32 19 att

143 710 161 28 prestaståndet
325 710 68 21 under
414 710 70 21 denne
505 710 42 28 dag
569 710 43 27 1:0)
633 710 90 21 beslutit
743 711 32 19 att
795 710 33 20 till
851 710 45 27 lag-

145 745 107 21 utskottet
268 745 167 27 återremittera,
452 745 33 21 för
502 747 31 19 att
545 746 7 20 i
564 745 57 20 vissa
633 744 59 22 delar
703 744 128 27 omarbetas,
843 751 55 14 sam-

144 787 35 13 ma
194 780 95 20 utskotts
304 779 138 21 betänkande
458 786 34 14 n:o
509 781 12 19 4
537 780 7 20 i
559 780 120 27 anledning
692 779 23 21 af
724 778 80 28 nådiga
819 785 77 21 propo-

144 814 94 21 sitionen
254 814 112 28 angående
382 814 152 28 förändringar
550 814 40 21 och
605 814 76 27 tillägg
696 813 36 21 vid
746 813 109 21 allmänna
866 814 30 20 la-

146 856 54 21 gens
220 849 135 28 stadganden
377 856 34 14 om
427 849 200 28 förmyndarevård,
644 848 39 21 och
700 848 42 27 2:0)
758 848 81 28 afgjort
854 848 43 20 frå-

146 892 42 20 gan
210 891 44 20 om,
270 884 107 21 huruvida
396 884 39 21 och
456 884 33 21 till
506 884 89 21 hvilken
611 883 34 21 del
661 883 12 21 å
689 883 81 21 allmän
786 885 42 18 stat
843 890 54 21 upp-

145 919 61 20 förde
226 919 93 21 embets-
341 919 40 20 och
401 920 142 27 tjenstemän,
560 919 85 20 hvilkas
661 918 151 27 befattningar
826 917 72 21 indra-

146 961 45 21 gas,
208 961 40 21 ega
264 956 31 18 att
311 954 94 21 derefter
421 954 85 28 ätnjuta
521 954 48 21 sina
584 954 58 20 förre
657 953 169 21 löneförmäner.

215 988 162 28 Deputationen
393 988 130 22 besvarades
539 988 39 21 och
594 988 105 21 afträdde.

214 1058 159 21 Diskussionen
393 1058 7 20 i
421 1058 118 27 anledning
559 1057 24 21 af
601 1058 156 19 sammansatta
778 1058 62 19 stats-
858 1056 39 20 och

148 1092 175 22 bankutskottets
339 1092 142 22 förenämnda
498 1092 135 21 betänkande
649 1091 75 28 vidtog
739 1091 59 27 härä,
815 1091 7 20 i
838 1091 36 20 det

216 1126 79 22 Grefve
308 1127 101 21 Creutz
421 1126 92 28 yttrade:
525 1126 43 22 Till
580 1133 27 13 en
619 1126 76 27 början
704 1125 34 21 får
747 1126 39 27 jag
795 1125 51 21 utbe
856 1125 46 28 mig

146 1162 148 27 högvälborne
317 1162 51 20 herr
389 1162 67 20 baron
478 1162 40 20 och
539 1160 212 22 landtmarskalkens
772 1161 56 20 samt
848 1160 52 27 hög-

149 1196 73 27 loflige
238 1196 163 28 ridderskapets
417 1196 39 20 och
472 1196 75 20 adelns
564 1194 148 28 öfverseende,
728 1202 35 14 om
777 1195 38 27 jag
831 1194 70 20 skulle

147 1230 74 20 alltför
236 1230 64 28 länge
316 1231 87 20 komma
419 1232 30 19 att
464 1232 97 26 upptaga
577 1230 96 20 ständets
689 1229 94 27 dyrbara
797 1228 40 28 tid;
852 1236 50 13 men

148 1264 71 21 denna
242 1265 71 27 frägas
337 1266 103 27 omätliga
462 1265 47 27 vigt
532 1265 33 20 för
586 1264 48 21 värt
655 1264 60 26 land,
738 1263 112 21 äfvensom
875 1263 26 20 de

148 1299 80 27 skarpa
247 1300 69 26 utfall,
333 1307 44 13 som
396 1299 73 21 blifvit
488 1299 77 28 gjorda
581 1300 57 20 emot
654 1298 41 20 den
713 1297 56 21 enda
784 1297 118 28 hypoteks-

148 1328 103 34 förening
269 1334 21 20 vi
307 1341 50 21 ega,
373 1334 82 28 hoppas
469 1334 40 27 jag
524 1333 61 21 skola
600 1332 22 21 fä
637 1332 58 28 gälla
710 1339 45 13 som
772 1331 75 21 ursäkt
866 1332 33 20 för

149 1370 32 19 att
194 1369 39 26 jag
248 1368 104 27 möjligen
369 1368 42 20 blir
421 1368 67 27 något
499 1367 134 27 mängordig.
657 1366 58 21 Mine
726 1366 85 20 herrar!
828 1365 43 21 För
880 1366 20 26 ej

150 1409 60 13 mera
224 1404 27 18 än
264 1402 47 27 fyra
323 1402 40 20 och
378 1403 31 19 ett
423 1401 56 20 halft
489 1402 24 19 är
524 1401 65 21 sedan
601 1400 75 27 utgick
686 1400 47 20 frän
745 1400 68 27 nägra
823 1399 81 28 patrio-

148 1436 58 21 tiska
231 1437 50 20 män
305 1443 27 14 en
354 1435 135 30 uppmaning
512 1435 33 21 till
571 1434 85 21 landets
677 1434 145 29 jordbrukare
844 1435 31 20 att
895 1433 8 22 i
