1039 1817
777 134 41 22 785

163 214 9 10 »
174 195 46 24 Vill
230 196 153 31 ridderskapet
393 197 40 22 och
444 198 63 22 adeln
518 200 32 20 att
560 199 31 21 uti
602 199 113 28 ingressen
724 200 33 21 till
765 200 80 28 ifråga-

94 232 95 22 varande
210 232 131 29 författning
356 233 83 28 jemväl
453 233 94 28 intages,
564 235 31 19 att
610 234 105 28 kongliga
730 235 115 21 resolutio-

94 273 43 14 nen
158 266 23 22 af
200 266 41 22 den
262 268 25 20 18
305 267 87 28 augusti
409 268 64 26 1752,
489 268 151 21 innefattande
655 268 78 22 förbud
749 271 32 19 att
796 269 49 21 från

94 301 91 21 rusthåll
211 301 66 28 skilja
301 302 228 28 augmentshemman,
552 309 46 14 som
621 304 37 19 äro
681 304 109 20 stommen
812 304 34 20 till

94 335 75 29 styrko
185 336 146 28 skatteköpta,
347 342 80 22 genom
441 336 72 22 denna
527 336 131 29 författning
673 337 135 28 upphäfves?

162 370 49 22 Den
231 378 46 14 som
298 370 38 22 vill
358 372 32 20 att
409 371 77 21 sådant
506 372 7 21 i
533 372 114 28 ingressen
667 372 85 28 intages
771 380 74 14 svarar

91 406 35 28 ja;
142 405 42 22 den
200 406 37 21 det
251 406 49 21 icke
315 406 38 21 vill
369 413 73 14 svarar
458 407 55 27 nej.*

162 440 109 22 Häröfver
292 440 91 22 eskades
402 441 107 28 votering,
528 448 46 14 som
593 441 58 28 förty
671 442 119 21 anställdes
805 443 40 20 och

94 475 63 22 utföll
172 475 59 22 inom

270 510 58 29 3:dje
343 510 29 21 kl.
388 511 51 20 med
453 511 12 21 9
475 512 30 28 ja
519 511 41 22 och
577 511 26 21 10
616 513 43 27 nej,

271 546 61 21 2:dra
357 563 4 10 »
409 563 9 10 »
455 547 38 26 I,»
533 563 9 11 a
632 564 9 9 N

271 582 54 21 I:stä
354 598 8 10 »
411 598 8 9 n»
457 582 38 26 Ta
535 599 9 9 n
591 582 12 20 3
635 598 8 10 »

163 615 47 22 Och
230 623 46 14 som
296 616 72 21 denna
387 616 136 28 proposition
542 615 84 23 säledes
642 615 71 23 blifvit
728 615 25 22 af
765 618 81 20 tvenne

94 649 85 22 klasser
194 650 100 22 nekande
310 650 114 27 besvarad,
440 650 123 22 förklarade
579 650 50 21 herr
644 651 202 22 landtmarskalken

94 685 50 21 herr
163 685 136 22 Ehrnrooths
318 685 142 22 förenämnde
480 685 83 28 förslag
582 692 52 15 vara
654 685 24 22 af
695 685 86 22 ståndet
802 687 43 21 för-

94 719 94 22 kastadt.

164 755 109 21 Skolande
292 754 163 29 ridderskapets
474 755 40 21 och
534 755 75 21 adelns
630 755 158 22 ofvanberörde
808 755 38 22 be-

95 789 44 22 slut
153 797 79 20 genom
248 789 201 29 protokollsutdrag
464 790 106 28 delgifvas
586 789 142 22 medstånden
744 791 33 20 till
794 791 52 21 kän-

95 824 88 27 nedom,
206 825 56 20 samt
285 824 255 29 expeditionsutskottet,
563 824 7 21 i
593 824 102 21 afseende
719 825 12 20 å
753 825 41 21 den
818 826 28 27 på

95 859 94 21 nämnde
205 859 83 20 utskott
302 859 159 21 ankommande
477 859 83 28 åtgärd.

162 893 173 29 Ridderskapets
355 893 39 21 och
413 893 75 22 adelns
507 893 142 22 medlemmar
664 893 114 28 åtskiljdes
794 893 52 22 härå

94 927 95 22 klockan
205 928 51 21 åtta.

590 958 19 16 In
623 957 60 17 fidem:

498 991 78 20 Victor
589 991 25 19 de
628 991 23 19 la
662 990 115 25 Chapelle.

216 1139 64 27 Den
301 1138 38 27 22
360 1138 151 35 Februari,
532 1137 40 28 kl.
595 1137 38 28 10
653 1137 18 28 f.
692 1147 37 18 m.

164 1201 43 21 Till
230 1201 111 28 justering
366 1200 112 29 upplästes
505 1200 36 21 det
563 1200 37 22 vid
622 1200 163 28 ridderskapets
808 1197 40 23 och

97 1235 74 22 adelns
193 1235 159 22 sammanträde
371 1235 70 21 under
461 1235 164 28 föremiddagen
646 1234 41 21 den
710 1235 25 20 15
755 1234 7 20 i
777 1234 71 21 denna

96 1270 79 21 månad
191 1270 62 21 förda
267 1269 116 30 protokoll.

165 1338 124 29 Föredrogs
310 1338 102 22 särskilta
432 1339 47 21 från
499 1337 161 31 prestaständet
675 1336 110 23 ankomna
800 1343 49 23 pro-

97 1374 168 28 tokollsutdrag,
281 1373 120 29 nemligen:

167 1409 32 21 1:o
215 1408 24 21 af
253 1408 41 21 den
310 1409 13 20 9
339 1406 146 24 innevarande
501 1406 106 28 februari,
623 1406 60 22 hvari
699 1406 150 29 tillkännagif-

98 1449 47 21 ves,
161 1445 32 18 att
208 1442 100 21 bemälde
324 1442 64 20 stånd
406 1443 28 27 på
449 1442 64 28 gjord
528 1442 131 20 hemställan
675 1441 80 20 bifallit
770 1442 80 24 dertill,

143 1482 52 22 Högl.
207 1481 53 18 Ridd.
273 1482 30 17 och
315 1481 64 17 Adelns
391 1481 67 18 Protok,
758 1480 22 16 50
