1036 1742
185 132 42 20 490

156 196 82 22 förmås
258 196 34 20 till
312 194 258 29 nybyggesanläggning,
590 194 50 21 med
660 194 79 21 honom
760 196 24 19 är
803 194 38 21 det
860 194 48 21 icke

158 231 87 28 mycket
262 230 95 21 bevändt
377 229 39 21 och
431 229 37 21 det
483 230 39 20 bör
538 229 20 27 ej
575 236 51 13 vara
642 229 72 27 någon
730 229 78 21 förlust
823 229 34 21 för
873 229 36 21 det

158 266 119 25 allmänna,
294 271 35 14 om
344 264 54 21 hans
419 264 249 27 nybyggesanläggning
688 264 86 20 uteblir.
803 263 51 21 Man
870 264 39 20 bör

158 300 19 27 ej
195 299 88 28 onödigt
299 299 78 28 frångå
390 297 120 29 principen,
522 299 31 20 att
568 298 24 21 så
607 297 22 22 få
644 305 45 14 som
701 298 87 27 möjligt
799 297 60 22 skola
870 305 38 13 un-

159 334 105 29 dantagas
280 333 48 22 från
344 332 153 29 skyldigheten
514 334 31 20 att
561 332 87 29 deltaga
663 333 7 21 i
680 333 229 28 mantalspenningars

157 369 123 22 betalande.

225 403 59 22 Herr
299 403 104 27 Munck,
419 402 27 21 K.
457 402 32 21 F.:
502 403 42 28 Jag
559 402 93 21 föreslår
668 402 124 21 diskussion
808 401 103 22 särskildt

158 445 34 14 om
209 438 36 21 det
260 439 60 21 förra
334 438 121 20 momentet
471 437 39 21 och
525 436 103 23 särskildt
644 444 34 13 om
694 437 36 20 det
742 437 96 27 sednare,
854 438 55 20 samt

158 481 64 15 anser
237 474 49 21 dem
304 473 47 20 bäst
365 472 74 21 kunna
455 473 107 27 upptagas
578 471 69 21 under
664 471 69 22 skilda
749 472 31 27 $$.

225 508 33 21 På
278 508 51 20 herr
344 506 157 21 ordförandens
516 507 7 20 i
539 505 120 29 anledning
672 506 66 21 häraf
752 506 77 28 gjorda
844 506 64 21 fram-

158 542 111 28 ställning,
280 548 35 14 om
326 541 152 28 ridderskapet
494 541 38 20 och
549 540 64 21 adeln
629 540 51 21 ville
695 541 81 27 antaga
790 541 60 20 förra
865 547 44 14 mo-

158 578 82 21 mentet
255 577 7 20 i
278 577 11 26 &
306 577 13 20 8
335 575 23 21 af
371 575 149 20 betänkandet
538 575 101 22 svarades
655 575 90 20 allmänt
758 575 34 27 ja,
807 575 102 21 hvarföre

158 611 66 28 sagde
240 611 96 20 moment
352 609 83 21 således
451 609 141 22 oförändradt
608 609 70 21 skulle
695 609 97 28 qvarstå;
806 610 52 21 derå
869 609 39 21 och

158 646 66 22 sedan
242 645 51 21 herr
313 644 146 21 ordföranden
479 644 74 21 vidare
572 643 111 28 tillspordt
699 644 95 27 ståndet,
811 651 34 14 om
861 644 47 21 sed-

157 687 52 16 nare
229 680 119 21 momentet
366 679 24 21 af
406 686 83 14 samma
505 679 16 28 8,
537 679 7 21 i
559 678 105 22 händelse
679 679 120 21 detsamma
814 679 24 21 af
851 679 58 21 stän-

158 716 36 21 det
214 714 136 29 godkändes,
372 713 66 21 borde
460 713 70 21 såsom
551 713 57 22 skild
626 714 12 27 $
656 715 108 26 upptagas
779 713 40 21 och
834 713 74 22 härtill

155 750 82 29 jemväl
250 749 83 28 jakats,
349 749 111 27 upplästes
476 755 82 15 samma
573 749 103 26 moment,
691 748 52 21 derå

226 783 58 22 Herr
298 782 102 27 Munck,
416 782 27 21 K.
459 783 32 27 F.,
507 782 95 29 begärde
619 782 63 21 ordet
692 783 39 20 och
742 783 94 28 yttrade:
852 783 56 20 Lika

158 819 49 22 med
222 818 57 22 hvad
293 818 50 21 herr
359 817 74 21 Taube
448 817 8 21 i
471 817 34 21 sin
520 817 153 22 reservation
665 813 12 37 i
687 817 106 21 utskottet
804 817 103 28 förordat,

158 861 63 14 anser
239 853 38 27 jag
298 852 64 21 äfven
382 852 207 28 krononybyggare,
610 852 123 20 oberoende
754 853 63 19 deraf
831 859 33 14 om
881 853 26 20 de

158 889 41 21 fått
221 887 102 22 befrielse
346 887 54 20 eller
422 886 55 28 icke,
500 887 52 21 böra
573 886 72 22 betala
665 886 183 28 kronoutskylder
868 887 39 21 och

158 923 71 21 skulle
245 922 84 22 således
344 921 82 21 föreslå
441 921 138 21 uteslutande
594 921 24 21 af
632 921 71 21 denna
719 922 11 27 $
745 922 47 20 helt
807 922 40 20 och
862 921 45 21 hål-

157 959 41 27 let,
219 956 90 23 emedan
330 956 23 21 så
373 956 22 22 få
407 956 118 29 undantag
543 963 46 15 som
605 956 87 29 möjligt
706 956 54 22 böra
774 958 64 27 göras
853 956 7 22 i
876 956 32 22 af-

158 992 80 23 seende
254 992 13 22 å
283 991 26 21 de
324 992 116 28 personela
455 991 153 29 utskyldernes
624 992 127 28 utgörande.

225 1027 58 22 Herr
298 1026 135 27 Forsman,
452 1027 43 27 W.,
512 1026 67 28 ansåg
594 1026 38 22 det
646 1034 52 14 vara
713 1026 107 28 orättvist,
832 1033 33 14 om
881 1026 26 22 de

158 1062 208 28 krononybyggare,
386 1061 75 21 hvilka
479 1068 79 21 genom
573 1060 103 29 behörigt
691 1061 71 28 utslag
777 1061 72 21 blifvit
865 1061 42 21 till-

157 1096 126 22 försäkrade
304 1095 102 21 befrielse
427 1095 34 20 för
481 1096 57 20 vissa
558 1094 24 22 år
602 1094 57 22 ifrån
680 1095 226 28 mantalspenningars

157 1130 128 28 utgörande,
301 1129 70 21 skulle
386 1129 100 28 skyldige
501 1130 83 20 kännas
600 1131 32 19 att
648 1130 87 27 erlägga
751 1130 71 20 denna
835 1130 71 27 afgift,

158 1165 101 22 hvarföre
275 1164 83 21 talaren
374 1164 118 28 tillstyrkte
509 1164 60 21 bifall
585 1164 33 20 till
634 1164 117 21 utskottets
767 1164 139 21 betänkande

157 1200 7 21 i
180 1199 71 21 denna
267 1198 41 22 del.

225 1233 58 21 Herr
294 1232 102 27 Munck,
407 1232 28 21 K.
445 1232 32 22 F.:
489 1232 79 28 Många
579 1232 67 22 andra
656 1232 76 28 finnas,
741 1240 46 14 som
798 1233 28 28 på
836 1233 70 28 grund

157 1268 24 22 af
189 1268 73 27 utslag
273 1268 54 20 eller
337 1267 94 27 speciela
441 1267 154 27 författningar
605 1274 30 13 nu
646 1267 84 27 åtnjuta
738 1267 110 27 befrielse,
857 1274 50 14 men

158 1302 69 27 enligt
242 1301 71 21 denna
329 1300 110 21 allmänna
454 1300 130 28 författning
598 1300 88 21 komma
700 1302 32 19 att
742 1300 118 22 framdeles
870 1301 37 20 be-

157 1336 44 21 tala
216 1335 116 28 personela
346 1334 119 28 utskylder.
495 1334 43 28 Jag
553 1340 64 15 anser
633 1334 70 21 denna
718 1334 131 29 författning
861 1334 46 22 lika

158 1370 34 22 väl
208 1369 74 21 kunna
299 1369 61 28 bryta
375 1368 132 28 föregående
523 1368 78 28 utslag,
612 1375 46 14 som
674 1369 41 21 den
732 1369 110 21 åhvälfver
857 1376 49 22 per-
925 1385 3 2 -

158 1411 71 20 soner,
248 1403 75 22 hvilka
343 1403 58 22 förut
421 1403 89 28 åtnjutit
525 1403 112 27 befrielse,
654 1403 124 31 skyldighet
793 1405 32 19 att
840 1404 65 22 fram-

158 1440 59 21 deles
233 1438 88 29 erlägga
336 1438 165 28 ifrågavarande
517 1437 69 28 afgift.
