1036 1745
176 120 42 20 294

149 184 56 22 hvad
220 185 65 28 galna
300 184 84 27 företag
399 183 111 28 beträffar,
526 183 24 22 så
565 184 37 20 äro
618 183 26 22 de
659 182 133 22 hvarandras
810 182 88 27 värdige

150 219 84 21 bröder.
264 219 51 21 Alla
335 219 62 20 dessa
416 218 92 28 misstag
528 217 64 22 hafva
611 217 67 22 likväl
696 217 56 21 varit
771 217 80 28 nödiga
866 216 34 21 för

149 255 33 20 att
197 253 36 22 det
249 255 58 19 stora
321 253 50 20 hela
386 252 70 21 skulle
472 252 75 21 kunna
562 252 27 28 gå
604 252 62 21 fram.
691 252 34 21 De
736 251 106 27 enskilde,
853 258 46 14 som

151 288 66 28 derpå
237 287 90 22 förlorat
347 287 32 21 sin
394 287 117 28 egendom,
526 286 65 22 hafva
607 287 64 21 offrat
685 287 42 21 den
742 287 28 28 på
785 286 115 21 fosterlan-

151 322 46 21 dets
213 323 77 26 altare;
306 329 48 14 man
371 321 39 22 bör
426 321 86 21 derföre
529 321 20 28 ej
565 321 57 22 håna
637 321 56 27 dem,
709 323 53 19 utan
776 321 77 21 endast
864 321 36 21 be-

151 357 66 28 klaga
232 357 55 21 dem.

219 391 29 21 Så
262 391 39 22 har
315 391 122 21 emellertid
452 392 19 27 ej
489 391 63 27 skett,
564 392 21 27 ty
597 391 101 21 nutidens
710 390 137 29 sjelfviskhet
858 390 43 22 kan

151 427 20 27 ej
192 426 55 21 fatta
262 425 49 21 ädla
326 426 219 27 bevekelsegrunder.
576 425 73 22 Saima
664 426 76 25 kanal,
756 426 68 27 rägra
840 425 61 21 miss-

151 462 77 20 vexter
243 460 40 21 och
298 460 26 21 de
337 460 34 21 för
386 460 96 27 fyllande
499 460 22 21 af
535 461 83 20 statens
633 459 69 22 ökade
717 459 105 22 behofver
832 459 28 28 på
871 461 30 19 ett

151 495 81 28 fintligt
252 496 42 19 sätt
312 494 100 28 förhöjde
432 495 112 21 skatterne
564 494 55 21 hade
639 494 121 21 emellertid
775 494 127 21 absorberat

151 529 85 22 landets
252 529 98 28 verkliga
365 528 89 29 kapital,
470 529 40 22 och
526 529 133 28 regeringen
673 529 53 21 fann
742 530 49 19 sent
802 528 99 27 omsider,

152 566 32 19 att
200 564 35 21 det
250 563 59 22 förra
325 565 104 26 systemet
445 564 6 20 i
467 564 93 28 längden
576 570 38 14 var
630 563 114 21 obållbart.
773 563 130 26 Industrins,

152 598 106 22 handelns
279 598 40 21 och
335 597 141 28 jordbrukets
491 598 126 28 utveckling
632 598 61 21 förde
708 597 50 22 med
773 597 33 28 sig
822 604 28 14 en
865 597 39 21 sti-

155 633 70 28 gande
240 632 106 28 bildning,
357 639 46 14 som
419 632 46 21 åter
476 632 6 21 i
494 632 33 21 sin
543 633 42 26 tur,
601 632 133 21 understödd
750 632 23 21 af
787 639 27 14 en
830 631 72 22 frisin-

151 667 43 22 nad
209 667 99 26 monark,
318 666 100 21 fordrade
434 667 52 20 redo
502 667 23 20 af
538 667 132 28 regeringen
683 667 34 21 för
732 666 50 21 dess
795 665 108 30 åtgärder.

153 700 237 29 Saimasedelsystemet
410 701 70 21 måste
500 701 62 28 falla,
582 703 31 19 ett
629 703 65 19 annat
710 703 81 26 system
806 701 97 21 förorda-

153 736 48 27 des,
222 736 70 21 såsom
309 743 26 13 en
350 735 79 29 tjenlig
445 735 126 29 öfvergång.
601 735 214 28 Hamburgerkrisen
831 742 72 21 passe-

153 770 51 21 rade
219 772 52 19 utan
288 770 94 21 särdeles
395 777 51 15 men
461 770 34 22 för
510 770 101 22 Finland.
636 770 51 21 Men
702 777 51 14 man
764 770 54 22 hade
831 770 72 22 urakt-

153 805 49 22 låtit
217 806 32 20 att
264 805 6 20 i
285 805 58 22 detta
354 805 213 29 öfvergångssystem
578 807 53 27 göra
641 813 44 20 nog
696 805 102 21 afseende
808 805 28 28 på
845 805 59 28 jord-

153 839 120 22 brukarens
294 839 129 28 fordringar,
436 840 40 28 jag
495 839 37 22 vill
553 840 20 28 ej
590 841 51 27 säga
657 840 111 21 behofver.
799 840 105 21 Jordbru-

153 874 68 22 karen
236 868 96 35 begynte
351 873 77 28 knota,
444 874 121 28 beklagade
584 874 33 29 sig
633 874 61 22 öfver
709 874 110 21 bristande
833 874 70 29 jemn-

153 909 70 21 likhet
238 909 40 21 och
294 908 84 28 skyllde
394 909 29 20 all
439 909 32 21 sin
488 909 42 21 nöd
545 909 28 28 på
588 909 114 21 industrin.
732 909 172 22 Finansförvalt-

155 944 87 27 ningen,
254 943 96 22 tacksam
361 943 94 27 derföre,
466 945 38 26 tog
520 943 96 22 tillfället
629 944 7 21 i
647 944 38 21 akt
699 944 34 21 för
748 945 32 20 att
795 943 87 29 deltaga
897 945 7 20 i

154 979 71 20 denna
240 978 85 21 chorus.
347 977 92 22 Banken
455 978 152 21 förvandlades
621 985 29 14 nu
662 979 31 20 till
705 985 26 14 en
743 979 161 28 beskattnings-

155 1013 86 22 anstalt.
271 1012 54 21 Deri
344 1013 36 27 låg
395 1012 55 21 dock
465 1013 49 21 icke
529 1013 73 28 någon
617 1013 115 26 orättvisa,
750 1015 30 26 ty,
796 1014 70 21 såsom
883 1014 24 21 af

155 1054 26 15 en
202 1047 66 28 nådig
286 1047 134 28 proposition
436 1049 58 20 ännu
510 1055 71 20 synes,
597 1048 110 21 användes
723 1055 27 14 en
766 1047 36 22 del
817 1049 23 20 af
852 1048 53 21 ban-

153 1082 55 21 kens
228 1081 58 22 vinst
306 1081 33 21 till
358 1081 126 22 dårvården.
516 1081 176 29 Galenskaperne
708 1082 126 22 minskades
849 1083 55 22 dock

153 1117 56 26 icke,
224 1123 50 14 men
289 1116 197 22 fallissementerne
502 1117 86 27 ökades,
599 1119 23 26 ty
638 1124 50 14 man
703 1117 85 21 införde
803 1117 34 22 för
853 1117 52 22 han-

155 1151 49 21 deln
220 1150 40 22 och
280 1151 108 20 industrin
409 1153 31 19 ett
461 1153 153 26 strypsystem,
630 1151 33 21 till
678 1151 84 22 hvilket
774 1152 130 28 jordbruka-

154 1191 39 15 ren
209 1185 7 20 i
232 1185 76 28 början
324 1185 39 28 gaf
376 1185 38 21 sitt
429 1185 90 22 odelade
534 1186 67 21 bifall.
631 1186 52 21 Men
695 1187 115 27 jordbruk,
824 1186 80 23 handel

155 1219 40 22 och
211 1219 92 21 industri
319 1220 33 21 stå
366 1219 8 22 i
390 1221 31 20 ett
437 1220 137 29 oskiljaktigt
589 1221 105 21 samband
708 1221 51 20 med
776 1221 129 27 hvarandra,

156 1254 39 21 och
212 1253 7 22 i
234 1253 26 22 de
276 1255 74 26 stater,
366 1254 38 21 der
420 1255 26 20 de
463 1255 20 28 ej
500 1255 27 28 gå
541 1255 58 22 hand
615 1255 6 20 i
637 1255 64 27 hand,
713 1255 38 21 der
761 1256 70 21 hvilar
843 1256 62 21 hvar-

154 1289 43 19 ken
213 1288 93 20 friheten
321 1289 53 19 eller
389 1289 41 20 den
443 1289 141 20 ekonomiska
594 1289 112 20 välfärden
716 1290 28 26 på
754 1290 64 20 säker
829 1291 76 25 grund.

155 1321 182 27 Strypsystemets
352 1321 105 21 inverkan
468 1322 28 27 på
506 1322 80 20 handel
601 1322 40 20 och
657 1322 92 21 industri
764 1322 71 22 skulle
846 1325 61 19 snart

155 1355 67 22 blifva
236 1355 98 22 kännbar
349 1355 34 22 för
395 1355 154 29 jordbrukarn,
565 1356 64 21 hvars
649 1357 54 22 både
718 1357 132 22 förmedlare
866 1359 40 20 och

155 1391 131 21 konsument
306 1390 94 22 handeln
416 1391 41 21 och
472 1390 121 22 industrien
609 1393 30 20 är.
670 1391 173 29 Jordbrukaren,
860 1399 44 15 som

156 1425 55 21 dock
229 1425 39 22 har
289 1432 27 15 en
336 1425 90 28 sjufaldt
441 1425 71 22 bättre
528 1425 101 23 säkerhet
644 1428 32 19 att
691 1427 91 28 erbjuda
797 1427 109 22 utlännin-
