1036 1775
191 135 42 21 284

161 201 73 27 frågor
250 200 89 22 alldeles
355 201 97 20 oberörd.
482 201 34 20 Då
531 208 29 12 nu
575 201 39 20 allt
628 201 47 27 gått
690 202 24 19 så
729 201 37 21 der
781 201 126 27 baklänges,

163 236 23 20 så
201 235 61 21 torde
282 235 36 21 det
337 235 19 27 ej
372 235 90 21 förvåna
477 235 81 27 någon,
575 242 33 13 om
622 235 39 27 jag
676 235 63 21 äfven
755 235 90 21 handlar
860 235 48 21 litet

162 270 119 26 bakvändt,
301 269 27 21 då
345 270 38 27 jag
403 270 101 27 påyrkar,
522 270 32 20 att
572 269 76 27 frågan
668 270 54 20 skall
738 270 170 20 återremitteras

162 304 33 20 till
216 304 115 26 utskottet,
347 305 22 26 ty
389 304 72 27 någon
476 304 94 20 brådska
585 304 48 20 med
647 304 87 27 frågans
750 304 86 28 lösning
851 304 57 20 före-

161 339 69 21 finnes
250 345 91 14 numera
359 339 28 27 ej.
417 338 33 21 De
465 338 103 28 politiska
584 338 188 28 förvecklingarne
788 338 76 21 hindra
879 339 29 27 på

161 374 75 27 längre
255 373 31 20 tid
301 372 148 29 upptagandet
463 372 24 21 af
501 372 41 27 lån,
559 372 40 21 och
615 373 20 27 ej
652 372 69 21 heller
735 372 57 21 lärer
807 373 100 27 mynthu-

161 410 44 19 sets
227 407 150 21 beskaffenhet
396 408 47 27 just
460 407 86 28 påkalla
566 407 72 28 någon
658 408 69 20 större
745 407 162 28 skyndsamhet.

161 443 43 21 För
220 444 31 19 att
266 442 79 21 handla
361 442 66 28 något
443 442 22 20 så
480 444 38 18 när
533 442 143 28 konseqvent,
689 442 55 20 skall
757 442 39 28 jag
806 442 101 28 begynna

161 478 162 28 granskningen
340 477 23 21 af
375 477 116 21 utskottets
511 476 137 21 betänkande
664 476 47 22 från
728 476 75 28 slutet,
819 477 40 21 och
873 477 34 21 så-

160 513 58 21 ledes
238 512 63 28 börja
320 511 49 21 med
389 511 209 28 landtdagsmannen
618 511 54 21 Lars
692 511 103 21 'Tiainens
811 518 96 15 reserva-

161 548 51 20 tion.
242 547 51 21 Han
307 546 146 22 förekommer
468 546 45 28 mig
528 553 51 13 vara
594 553 27 13 en
638 546 64 20 bland
718 546 55 26 dem,
789 554 46 13 som
851 547 5 20 i
873 554 33 17 sar

160 582 41 21 ken
222 582 19 28 ej
263 582 40 20 talt
323 583 66 19 annat
409 582 27 19 än
456 580 57 21 hvad
532 580 42 21 han
594 580 80 28 tydligt
693 580 39 22 och
748 580 57 21 klart
820 581 85 21 förstår.

160 617 49 21 Han
226 617 38 20 har
280 616 109 27 nemligen
405 616 78 26 anfört,
499 617 31 19 att
545 615 89 28 sålänge
650 615 35 21 lån
701 616 20 27 ej
738 615 91 28 beviljas
845 616 60 21 inne-

160 652 88 21 hafvare
269 651 23 21 af
311 651 26 20 de
358 651 133 27 lägenheter,
507 650 63 21 hvars
591 650 64 21 värde
670 651 19 26 ej
707 650 72 28 uppgå
794 651 33 20 till
843 651 62 26 8,000

160 687 71 26 mark,
247 687 23 20 så
290 685 61 22 torde
372 685 36 21 det
427 686 20 27 ej
464 692 51 14 vara
530 685 72 28 billigt
617 686 31 19 att
664 685 73 28 tvinga
754 685 78 21 sådane
848 685 57 22 leda-

159 723 69 20 möter
243 721 24 21 af
281 720 167 26 bondeståndet,
465 727 45 14 som
526 720 55 21 intet
596 720 35 21 lån
647 720 73 21 kunna
735 720 32 26 få,
783 722 30 19 att
829 728 76 20 garan-

159 759 47 18 tera
225 756 26 21 de
272 755 78 21 andras
370 755 41 21 lån.
442 755 84 28 Frågan
548 755 105 20 huruvida
672 756 31 19 ett
719 755 149 24 minimivärde
884 755 24 21 af

159 792 63 27 8,000
242 791 61 20 mark
324 791 38 20 bör
382 790 69 20 finnas
467 789 52 22 eller
534 790 28 27 ej,
578 791 24 19 är
618 797 25 13 en
660 789 60 28 fråga
736 797 46 14 som
798 790 106 21 utskottet

159 827 109 26 förbisett,
285 825 88 21 oaktadt
393 824 42 21 den
455 824 68 21 finnes
544 824 99 28 påpekad
662 824 5 20 i
683 824 65 28 sagde
763 825 141 21 reservation.

159 862 43 21 Det
222 863 23 19 är
266 867 25 14 en
312 860 86 27 mycket
413 859 69 28 vigtig
502 859 70 28 fråga,
588 859 126 28 isynnerhet
730 859 33 21 för
779 859 26 21 de
821 860 83 21 mindre

158 896 163 28 lägenheterna,
338 895 39 20 och
393 894 36 21 det
445 896 23 19 är
484 894 23 21 af
520 894 40 21 den
577 893 127 29 anledning,
720 901 45 14 som
779 894 38 28 jag
833 894 72 28 yrkar,

158 933 31 19 att
209 931 76 27 frågan
306 930 66 20 måtte
392 929 170 21 återremitteras
580 929 34 20 till
629 928 115 28 utskottet,
761 936 48 14 men
825 930 8 20 i
851 930 53 21 hän-

158 966 59 21 delse
233 965 85 21 ståndet
334 965 19 27 ej
370 964 70 20 skulle
456 964 74 21 bifalla
545 964 45 20 min
606 964 100 20 anhållan
723 971 34 13 om
773 964 131 27 återremiss,

158 1001 90 21 utbeder
262 1001 39 27 jag
316 1000 43 27 mig
371 1000 31 20 att
415 999 7 20 i
436 999 86 21 korthet
532 999 22 21 få
565 1000 58 27 yttra
635 999 66 27 några
716 999 38 21 ord
766 999 6 21 i
782 999 77 28 sjelfva
870 1006 33 14 sa-

156 1037 49 20 ken.
236 1035 42 28 Jag
305 1035 43 20 kan
375 1034 118 28 ingalunda
519 1034 52 28 gilla
595 1034 140 28 regeringens
760 1034 144 28 proposition,

157 1072 68 20 såsom
242 1070 41 20 den
300 1071 65 19 nu:är
382 1069 115 28 uppställd.
520 1068 42 28 Jag
577 1075 63 14 anser
653 1069 110 27 nemligen
775 1068 36 21 det
821 1070 19 26 ej
852 1076 52 14 vara

157 1108 30 18 ett
205 1104 142 28 oeftergifligt
366 1104 70 20 vilkor
456 1104 33 20 för
509 1103 167 28 garanterandet
696 1103 23 21 af
738 1103 164 29 hypoteksföre-

155 1141 93 27 ningens
268 1140 46 26 lån,
335 1140 31 19 att
385 1138 86 21 banken
492 1138 82 21 direkte
591 1138 55 21 skall
662 1138 141 21 omhänderfå
819 1138 36 21 det
869 1139 31 20 in-

156 1175 82 27 dragna
257 1174 66 21 lånet.
353 1173 42 27 Jag
416 1179 63 14 anser
499 1172 128 28 visserligen
646 1172 45 27 det,
711 1172 59 21 såväl
786 1172 33 21 för
834 1173 67 28 hypo-

155 1208 179 27 teksföreningen
351 1214 45 14 som
411 1207 34 21 för
460 1207 182 26 fäderneslandet,
652 1207 34 20 för
700 1207 139 27 ögonblicket
850 1208 52 20 vara

156 1244 36 20 det
207 1242 188 27 fördelaktigaste,
414 1243 31 19 att
465 1243 79 26 antaga
563 1241 57 20 hvad
635 1241 130 28 regeringen
781 1241 120 29 föreslagit,

155 1285 50 14 men
220 1278 65 20 innan
303 1277 58 20 lånet
376 1278 112 26 upptages,
504 1276 73 21 kunna
593 1275 150 22 förhållanden
753 1283 52 14 vara
816 1277 86 27 mycket

155 1312 141 20 annorlunda.
327 1311 42 20 Det
389 1313 24 17 är
433 1311 7 19 i
460 1311 117 19 allmänhet
597 1311 49 18 med
667 1311 23 19 så
709 1312 58 18 stora
782 1312 120 26 penninge-

155 1352 95 14 summor
264 1344 89 21 alldeles
369 1345 100 26 omöjligt
484 1345 31 19 att
525 1344 28 27 på
563 1343 92 21 förhand
670 1343 127 27 bestämma,
807 1346 40 19 när
861 1345 40 20 och

154 1380 56 21 huru
225 1379 26 21 de
266 1379 74 21 kunna
355 1380 113 27 upptagas,
479 1378 101 28 indragas
596 1378 40 21 och
647 1377 126 29 deponeras.
796 1379 30 20 Af
835 1379 65 21 sådan

153 1414 118 28 anledning
290 1415 23 20 är
331 1414 39 27 jag
393 1413 23 21 af
432 1413 41 21 den
494 1413 65 28 åsigt,
576 1414 31 19 att
622 1413 74 27 hvarje
711 1413 7 20 i
735 1413 66 28 detalj
817 1413 83 28 gående

152 1449 152 22 bestämmelse
320 1449 39 22 bör
374 1449 39 22 här
429 1447 110 24 undvikas,
564 1447 42 29 Jag
620 1447 69 22 skulle
700 1447 73 24 derför
784 1449 116 29 tillstyrka,
