1700 1909
1128 207 41 21 255

452 272 44 21 kan
510 272 87 21 komma
603 268 12 36 i
631 272 68 27 fråga,
710 272 23 20 så
743 278 63 15 anser
814 272 39 28 jag
863 272 75 28 hvarje
949 272 101 21 särskildt
1059 272 138 28 privilegium

453 307 6 20 i
480 306 59 22 detta
558 306 102 21 afseende
679 306 34 20 för
733 313 26 14 en
775 307 53 21 eller
841 314 72 14 annan
928 306 140 28 korporation
1082 314 51 14 vara
1148 307 49 21 full-

452 340 112 28 komligen
585 340 118 28 obehörigt.
733 340 116 22 Dessutom
870 341 62 21 utber
945 341 39 27 jag
999 341 41 27 mig
1053 339 36 22 att
1104 341 21 20 få
1140 341 58 20 fästa

452 374 96 22 ståndets
560 374 192 28 uppmärksamhet
762 376 27 27 på
798 382 26 14 en
833 374 165 28 omständighet.
1021 375 102 21 Bankens
1132 375 65 21 fram-

452 408 45 22 tida
517 410 39 20 öde
577 410 64 20 beror
659 409 24 21 af
700 410 78 27 många
797 409 160 28 förhållanden,
973 409 74 21 hvilka
1061 409 48 21 icke
1125 409 73 21 kunna

452 444 104 27 förutses,
576 444 39 21 och
636 444 27 20 då
683 444 76 28 frågan
779 444 39 21 här
837 444 70 28 gäller
927 450 26 15 en
969 444 94 28 tidrymd
1078 444 24 20 af
1114 444 84 21 kanske

452 479 75 21 femtio
548 479 30 27 år,
597 479 24 20 så
641 478 71 22 kunde
733 479 36 21 det
789 479 82 28 hända,
887 480 32 20 att
934 479 71 27 löftet,
1022 479 87 28 engång
1123 478 75 29 gifvet,

452 514 70 21 skulle
537 514 7 20 i
559 514 79 28 många
659 514 115 21 afseenden
795 513 66 23 blifva
877 521 26 14 en
919 514 84 28 verklig
1017 514 68 21 börda
1100 514 33 20 för
1148 514 50 21 hela

452 549 120 27 samhället,
588 550 31 20 ett
634 548 34 21 för
683 550 42 20 alla
741 550 67 20 andra
821 549 117 28 tryckande
948 549 145 29 privilegium,
1103 549 95 21 tillkom-

452 586 45 19 met
514 584 69 20 under
601 590 27 14 en
644 583 37 28 tid,
697 584 26 20 då
738 592 50 13 man
803 584 50 21 med
868 584 43 21 alla
925 584 83 21 krafter
1023 584 86 20 arbetar
1124 584 28 28 på
1167 585 31 19 att

452 618 91 21 afskaffa
558 618 26 21 de
597 618 93 28 tidigare
701 618 110 28 grundade
821 618 155 28 privilegierna
987 618 40 21 och
1037 618 161 28 monopolerna.

453 653 43 21 Till
516 653 63 21 dessa
597 653 92 21 sednare
704 653 39 21 hör
758 653 63 21 äfven
837 655 82 20 statens
935 652 166 28 bankmonopol.
1132 652 67 22 Detta

452 688 102 27 monopol
576 687 98 21 kommer
695 688 94 27 troligen
811 688 66 21 redan
899 688 36 21 vid
958 688 70 20 denna
1043 687 105 28 landtdag
1167 689 32 19 att

452 722 129 28 upphäfvas,
598 722 39 21 och
653 722 36 21 det
708 724 23 19 är
751 729 46 14 mer
817 724 27 19 än
865 722 115 26 sannolikt,
1000 723 32 19 att
1051 723 70 20 staten
1137 722 61 26 skall,

452 756 66 21 innan
537 756 74 22 femtio
627 757 24 21 år
665 756 145 28 tilländagått,
826 757 33 21 till
875 758 39 20 och
929 757 50 21 med
992 757 98 28 upphöra
1105 756 50 22 med
1170 756 30 21 all

452 791 147 21 bankrörelse.
629 791 34 21 En
683 791 65 21 sådan
768 792 137 28 förändring,
925 798 45 14 som
991 798 29 14 nu
1040 792 67 20 redan
1126 792 73 21 kunde

452 833 64 14 anses
536 826 113 28 tidsenlig,
671 826 69 20 skulle
760 826 34 21 väl
811 828 19 27 ej
846 827 46 20 helt
907 826 41 21 och
963 826 67 21 hållet
1045 826 155 28 omöjliggöras

452 868 79 21 genom
547 861 92 21 nämnde
655 860 144 28 privilegium,
814 868 49 14 men
879 861 41 21 den
936 860 70 21 skulle
1022 860 7 22 i
1045 861 42 21 alla
1102 861 38 21 fall
1156 861 43 21 för-

453 896 73 20 svåras
542 896 39 20 och
598 895 97 21 medföra
711 895 110 29 åtskilliga
836 895 161 28 förvecklingar
1012 896 31 20 uti
1055 896 144 20 statsförvalt-

451 930 85 28 ningar.

520 964 51 22 Men
584 965 40 27 jag
639 964 42 21 kan
697 964 47 21 icke
759 964 68 22 heller
842 964 58 21 finna
916 965 66 27 något
997 964 46 22 skäl
1059 965 53 21 eller
1127 965 71 27 någon

453 998 162 29 nödvändighet
629 999 41 27 för,
681 1000 32 20 att
724 999 85 21 banken
825 1000 28 27 på
868 1000 66 27 något
950 1001 66 19 annat
1032 1001 42 19 sätt
1087 999 70 21 skulle
1168 1000 31 20 in-

453 1034 89 21 blandas
558 1034 6 20 i
580 1034 128 20 låneaffärer
727 1034 40 21 och
783 1034 64 28 åtaga
863 1034 32 28 sig
910 1034 72 28 någon
997 1034 132 21 förbindelse
1145 1034 6 20 i
1168 1034 30 21 af-

452 1069 78 21 seende
546 1069 12 21 å
574 1068 96 21 medlens
685 1068 138 29 inkassering
838 1069 39 21 och
893 1068 139 28 förvaltning.

521 1104 43 20 Det
579 1105 24 19 är
619 1102 57 28 bäst,
687 1105 32 19 att
734 1104 53 21 hvar
802 1104 40 20 och
857 1110 28 14 en
900 1104 103 20 förvaltar
1019 1104 48 20 sina
1082 1110 56 21 egna
1153 1103 46 21 fon-

452 1138 45 21 der.
528 1138 40 21 Om
589 1138 140 22 statsbanken
749 1139 28 28 på
796 1138 91 21 förhand
907 1138 110 21 förbindes
1037 1140 32 19 att
1086 1138 114 21 inkassera

453 1174 39 20 och
511 1173 98 21 förränta
629 1172 139 29 föreningens
787 1173 59 21 lånta
866 1172 70 22 medel
955 1173 39 21 och
1013 1174 31 19 att
1059 1172 66 21 sedan
1141 1172 58 22 hålla

453 1207 49 22 dem
524 1208 22 21 ät
567 1207 130 28 föreningen
720 1208 115 26 tillhanda,
857 1209 39 19 när
919 1208 40 20 den
979 1207 104 21 behöfver
1101 1207 99 21 använda

453 1242 56 27 dem,
525 1242 23 21 så
563 1242 78 21 blifver
656 1242 85 21 banken
757 1242 114 28 ingenting
886 1244 66 19 annat
963 1244 27 19 än
1000 1242 141 27 föreningens
1151 1242 49 20 kas-

454 1278 41 26 sör,
510 1276 50 22 med
575 1276 132 22 förbindelse
723 1278 32 20 att
770 1284 91 14 ansvara
875 1277 34 21 för
925 1278 31 20 ett
971 1276 97 27 resultat,
1082 1283 45 14 som
1139 1277 7 20 i
1156 1276 43 21 viss

454 1311 53 29 grad
527 1312 38 20 bör
585 1318 52 14 vara
656 1312 34 20 för
709 1312 129 27 föreningen
858 1312 147 27 fördelaktigt.
1036 1311 43 27 Jag
1093 1310 43 22 kan
1151 1311 49 21 icke

453 1346 69 21 heller
538 1346 63 26 finna,
618 1347 31 19 att
664 1353 26 14 en
706 1346 66 21 sådan
788 1346 93 28 omgång
896 1346 85 21 medför
995 1346 72 27 någon
1083 1346 69 20 större
1168 1347 32 19 sä-

453 1380 77 22 kerhet
550 1380 34 21 för
604 1382 31 20 att
655 1381 140 27 föreningens
810 1381 36 21 lån
861 1382 35 20 må
909 1381 87 21 komma
1011 1382 32 19 att
1059 1380 42 21 öka
1115 1380 85 22 landets

454 1415 199 29 silfvertillgängar.
683 1415 60 22 Ilvar
761 1415 40 21 och
821 1422 36 20 en,
873 1422 45 14 som
939 1416 38 20 har
993 1415 66 27 något
1073 1417 32 19 att
1120 1415 80 28 impor-

454 1451 46 19 tera
520 1450 47 20 från
588 1450 106 27 utlandet,
711 1450 85 21 hemtar
813 1450 102 28 vanligen
931 1449 62 21 alltid
1008 1450 80 20 sådana
1103 1449 98 27 artiklar,

455 1490 50 14 vare
526 1483 33 27 sig
580 1483 75 21 silfver
675 1484 53 20 eller
748 1483 67 21 andra
836 1490 69 20 varor,
921 1489 45 14 som
982 1483 7 20 i
1004 1482 74 22 landet
1093 1484 36 19 äro
1145 1484 56 20 mest

454 1516 110 28 behöfliga
586 1518 40 21 och
649 1517 150 27 efterfrågade.
828 1517 257 28 Hypoteksföreningens
1109 1517 92 22 intresse
