1036 1739
202 125 40 21 154

172 189 164 29 propositionen
352 190 23 20 är
390 189 119 28 föreslaget
524 189 40 21 och
580 189 24 21 af
617 190 107 21 utskottet
740 189 134 28 understödt,
890 191 32 20 att

173 224 82 21 enhvar
275 223 70 21 skulle
361 229 41 22 ega
416 225 44 19 rätt
475 225 33 20 att
519 224 63 27 jaga,
598 223 66 28 fånga
679 224 40 21 och
734 223 56 22 döda
806 224 117 28 skadedjur

173 258 29 28 på
217 265 83 14 annans
315 257 68 22 mark.
408 257 44 22 Det
467 265 50 14 vore
533 259 32 20 ett
579 257 92 29 ingrepp
681 258 8 21 i
699 258 163 28 eganderätten,
877 265 46 14 som

173 299 52 14 vore
245 292 65 28 högst
329 292 122 28 betänkligt
467 293 40 20 och
519 293 90 28 vådligt.
640 292 60 21 Både
715 293 28 28 på
760 292 36 21 det
812 293 46 21 skäl
873 293 51 23 herr

174 333 42 14 von
235 327 60 20 Born
311 326 81 27 anfört,
408 329 32 19 att
455 327 162 28 aflägsenheten
634 327 23 21 af
668 327 52 21 våra
732 328 137 27 jagtmarker
885 329 39 27 gör

174 361 63 21 deras
254 361 159 21 öfvervakande
430 362 105 27 omöjligt,
553 361 39 22 och
608 361 64 21 äfven
687 361 29 28 på
730 362 52 21 flera
798 362 73 27 andra,
887 369 37 14 an-

174 402 34 15 ser
226 396 48 27 jag,
295 397 31 19 att
346 395 66 28 ingen
431 395 40 22 bör
491 396 81 21 tillåtas
594 396 101 27 intränga
714 396 28 27 på
757 403 83 14 annans
856 397 69 27 mark,

174 429 48 21 icke
238 437 38 14 ens
292 430 68 20 under
376 430 159 28 förevändning
550 432 31 19 att
597 430 38 21 der
648 431 52 27 jaga
716 431 124 27 skadedjur.
864 431 61 21 Hvar

175 464 41 21 och
236 472 33 19 en,
286 471 45 14 som
347 465 38 20 har
398 464 167 28 jordegendom,
580 465 39 20 har
635 464 91 21 kommit
741 465 8 20 i
764 465 125 21 erfarenhet
904 465 23 21 af

174 499 38 21 vår
232 499 105 27 allmoges
357 499 63 27 ringa
440 499 92 28 aktning
553 499 34 20 för
607 499 163 27 eganderätten.
801 499 66 22 Detta
882 501 43 26 ytt-

175 533 67 21 rande
265 533 43 21 kan
330 534 44 20 låta
397 535 94 26 strängt,
508 534 38 21 och
564 534 40 27 jag
623 533 99 22 anhåller
742 536 32 19 att
794 534 21 21 få
835 534 90 28 tillägga

175 568 67 27 några
258 568 39 21 ord
312 568 33 21 till
356 568 122 28 förklaring
488 568 66 21 deraf.
577 569 44 21 Det
631 569 68 20 finnes
710 568 93 29 ingrepp
814 569 7 20 i
832 569 93 28 egande-

176 604 80 25 rätten,
277 610 46 13 som
344 603 37 21 vår
402 603 93 28 allmoge
515 610 64 14 anser
599 603 33 21 för
652 603 125 28 ingenting,
798 604 38 20 och
852 604 75 21 hvilka

176 637 56 21 dock
246 636 65 22 lända
323 637 132 28 jordegaren
471 637 34 21 till
520 639 55 20 stort
585 637 93 28 förfång.
699 637 97 22 Sålunda
806 638 77 28 drager
894 638 32 21 in-

176 679 43 20 gen
242 671 66 22 bland
331 672 109 28 allmogen
463 672 7 21 i
493 672 136 21 betänkande
657 674 31 19 att
710 673 27 28 gå
760 673 59 21 öfver
844 680 83 14 annans

177 707 76 28 slagna
268 708 49 26 äng.
339 707 93 27 Sålänge
444 707 40 20 den
496 707 37 20 bär
545 708 49 27 gräs
605 707 76 20 är,den
692 707 136 28 någorlunda
838 708 7 20 i
856 707 71 28 helgd,

176 748 49 14 men
246 741 67 20 sedan
333 740 42 21 den
398 742 24 19 är
438 741 84 27 slagen,
539 747 62 14 anses
617 742 32 19 att
664 741 52 21 hvar
732 741 39 21 och
787 749 27 14 en
830 742 39 21 har
884 743 44 20 rätt

178 777 31 19 att
230 776 49 26 taga
300 775 32 20 sin
352 776 42 26 väg
410 775 107 21 deröfver.
547 776 39 20 Att
601 775 70 21 klifva
686 776 60 21 öfver
762 776 165 27 gärdesgårdar,

178 817 63 13 anses
262 809 105 21 likaledes
383 809 34 21 för
432 816 27 14 en
475 809 124 28 fullkomlig
614 810 112 27 rättighet,
742 810 28 21 då
784 811 68 28 några
868 813 59 25 stegs

176 844 119 28 besparing
314 843 125 28 derigenom
460 844 43 21 kan
523 845 87 26 vinnas;
631 844 40 21 och
692 844 41 21 den
755 851 45 14 som
816 845 39 28 går
870 845 58 21 förbi

177 881 31 18 ett
227 879 35 20 rof
276 879 53 20 eller
345 878 85 21 ärtland
446 880 68 27 tager,
530 881 52 19 utan
599 881 32 18 att
645 880 53 27 göra
713 880 34 27 sig
764 879 100 28 skrupler
880 880 47 21 der-

177 913 67 27 öfver,
267 913 68 27 några
354 913 73 20 rofvor
448 913 53 21 eller
522 920 27 14 en
569 913 83 28 knippa
672 914 64 20 ärtris
756 913 34 21 för
808 916 31 19 att
859 914 69 21 under

177 947 99 21 fruktens
292 947 104 27 njutande
412 947 98 21 förkorta
525 948 32 20 sin
573 949 48 26 väg.
645 948 75 21 Skulle
736 955 30 14 nu
782 948 71 21 dertill
864 949 64 27 lagen

178 982 86 28 stadga,
285 984 31 19 att
334 977 49 26 hvar
399 989 51 14 man
466 982 54 28 egde
536 983 105 26 rättighet
657 984 31 19 att
700 983 54 28 jaga
769 982 116 28 skadedjur
900 984 28 27 pä

178 1023 83 14 annans
276 1016 69 27 mark,
358 1017 24 20 så
397 1016 70 21 skulle
484 1017 36 20 det
536 1017 92 20 ofelbart
644 1018 60 27 tagas
720 1017 34 20 till
770 1017 159 28 förevändning

178 1051 34 21 för
232 1051 29 20 all
282 1051 57 27 slags
357 1051 58 27 jagt,
430 1051 40 20 och
491 1052 30 20 ett
541 1051 77 21 sådant
638 1051 119 28 stadgande
778 1051 70 22 skulle
868 1052 7 20 i
895 1047 52 33 sig
940 1043 11 41 '

177 1085 53 28 sjelf
244 1086 132 27 uppmuntra
392 1085 48 26 den,
457 1085 70 21 såsom
540 1086 40 27 jag
595 1086 99 26 nämnde,
710 1086 39 20 hos
765 1085 109 29 allmogen
885 1093 43 21 nog

177 1120 110 20 allmänna
302 1119 170 28 ringaktningen
488 1120 33 20 för
535 1120 163 28 eganderätten,
709 1120 90 21 hvilken
810 1120 66 21 redan
888 1120 41 21 fått

178 1154 78 28 näring
271 1160 78 21 genom
366 1154 66 21 andra
447 1154 180 28 lagstadganden,
639 1161 45 14 som
700 1155 58 21 ännu
772 1162 40 20 ega
827 1155 101 27 gällande

177 1188 66 28 kraft,
260 1188 69 21 såsom
345 1190 58 19 t.ex.
419 1190 31 20 att
464 1189 37 21 vär
517 1189 109 21 allmänna
642 1189 42 28 lag,
700 1189 49 21 med
764 1196 27 14 en
807 1189 121 28 indulgens,

178 1230 46 14 som
244 1225 24 19 är
288 1223 142 27 förvånande,
446 1223 48 21 icke
514 1224 68 20 kallar
602 1223 29 21 all
651 1224 56 28 slags
727 1224 87 28 tjufnad
829 1224 33 21 för
877 1224 51 28 tjuf-

178 1257 49 27 nad,
243 1260 53 18 utan
311 1264 28 14 en
355 1258 34 21 del
404 1258 70 21 kallas
489 1258 33 21 för
538 1258 102 26 åverkan,
651 1265 28 14 en
694 1265 72 15 annan
782 1258 34 21 del
827 1258 33 21 för
871 1260 57 20 snat-

179 1291 41 21 teri
240 1291 50 21 med
309 1291 63 27 högst
387 1291 63 27 ringa
466 1291 225 27 straffbestämningar
707 1292 33 20 för
756 1292 64 20 dessa
835 1294 57 18 arter
908 1292 24 20 af

178 1324 92 28 tjufnad.
300 1324 43 28 Jag
362 1325 44 20 kan
425 1324 35 21 för
478 1325 45 20 min
545 1324 35 20 del
600 1326 21 26 ej
641 1325 75 21 bifalla
735 1325 33 20 till
789 1326 42 20 den
851 1325 79 28 nådiga

178 1359 165 28 propositionen
358 1359 7 20 i
381 1358 71 22 denna
468 1359 40 27 del,
524 1361 51 19 utan
591 1360 90 20 föreslår
697 1360 6 20 i
720 1360 73 20 stället
809 1361 31 19 ett
853 1360 77 20 sådant

179 1393 129 28 stadgande,
329 1394 31 20 att
380 1393 52 21 hvar
448 1393 40 22 och
504 1401 26 14 en
545 1400 52 15 vare
613 1394 109 28 förbjudet
738 1396 32 19 att
784 1394 53 21 fälla
853 1394 75 21 skade-

179 1428 50 30 djur
248 1428 28 29 på
296 1435 82 15 annans
398 1428 62 23 mark
480 1428 136 22 annorlunda
634 1430 27 20 än
680 1429 69 21 under
768 1429 80 22 allmän
864 1429 64 22 skall-
