1036 1786
788 126 40 21 563

111 187 87 28 ningar,
221 187 36 21 vid
279 187 100 28 äfventyr
401 189 32 20 att
453 189 109 21 desamma
585 196 76 15 senare
680 190 76 28 gjorda
775 191 83 22 lemnas

110 224 51 19 utan
177 222 49 27 laga
241 221 110 22 afseende.

177 256 102 21 Friherre
295 256 26 21 de
336 256 21 21 la
373 256 138 29 Chapelle:
527 257 43 28 Jag
585 258 87 21 förenar
687 259 44 28 mig
746 260 50 21 med
808 260 48 21 her-

109 297 35 13 rar
162 290 128 28 Furubjelm
311 290 39 20 och
369 291 106 27 Pipping,
491 292 39 20 och
551 299 64 13 anser
634 293 70 21 denna
719 294 12 26 8
746 294 110 20 innehålla

110 331 27 13 en
157 324 33 20 för
210 324 41 20 den
272 324 84 21 mindre
372 324 96 28 kunnige
483 326 6 20 i
506 326 164 28 lagfarenheten
687 327 83 27 ganska
785 328 72 28 nyttig

108 358 126 28 anvisning,
255 365 45 14 som
322 358 68 22 skulle
412 359 133 22 förekomma
564 360 79 28 många
661 362 140 28 rättegångar
816 362 40 21 och

109 392 63 21 deraf
185 392 96 28 följande
298 392 108 22 förluster.
435 393 105 22 Deremot
554 394 72 22 finner
638 395 40 27 jag
693 396 36 21 det
744 396 20 28 ej
780 396 76 28 nödigt

109 428 31 19 att
158 427 73 21 lemna
247 427 131 27 jordegaren
398 434 26 14 en
446 428 66 21 sådan
531 429 125 27 anvisning,
672 430 88 21 hvilken
776 430 80 21 honom

108 461 66 21 redan
190 462 7 20 i
213 462 35 27 lag
269 462 40 20 och
329 461 153 29 författningar
502 464 23 20 är
540 463 120 21 meddelad.
691 464 116 22 Dessutom
824 465 31 21 af-

108 495 91 21 handlas
218 496 38 20 här
274 495 188 29 hufvudsakligast
481 497 75 28 frågan
578 504 33 14 om
632 498 42 20 den
693 498 97 28 afhystes
805 500 50 20 rätt.

175 530 58 21 Herr
253 537 41 14 von
315 530 78 27 Born,
414 530 27 22 K.
461 531 35 21 F.:
516 530 147 29 Jordegarens
684 534 42 20 rätt
746 534 32 20 att
796 533 59 21 hålla

108 572 39 20 syn
163 565 27 27 på
205 564 65 22 sådan
284 564 57 28 jord,
357 572 44 13 som
418 565 24 21 af
455 565 77 21 landbo
548 566 135 27 innehafves,
697 566 26 22 då
733 567 42 21 han
792 574 64 14 anser

107 598 79 21 landbo
206 599 28 27 på
254 599 66 27 något
340 600 42 19 sätt
401 599 64 21 hafva
484 599 128 21 försummat
630 600 32 21 sin
681 600 133 29 skyldighet,
830 603 24 19 är

109 633 134 28 obestridlig.
273 633 50 21 Men
347 635 31 19 att
396 633 79 21 landbo
495 634 20 28 ej
536 634 41 21 kan
598 634 22 22 få
638 635 97 21 närhelst
757 635 41 21 han
818 636 38 21 vill

108 668 91 21 besvära
216 668 132 28 jordegaren
369 668 49 20 med
439 675 50 21 syns
510 668 134 22 anställande
664 669 70 28 ligger
753 670 7 20 i
776 670 84 21 sakens:

108 704 63 19 natur
191 702 40 21 och
247 702 85 21 derföre
348 704 23 19 är
387 702 36 21 det
439 703 48 27 bra,
503 704 31 20 att
550 703 36 21 det
602 704 86 28 stadgas
703 706 39 19 när
757 704 43 22 han
815 705 40 21 har

108 736 104 28 rättighet
227 737 80 21 dertill.

176 771 57 21 Herr
249 771 125 21 Blåfield:
390 772 43 28 Jag
447 772 87 21 förenar
549 772 45 28 mig
609 772 49 21 med
672 772 92 22 friherre
776 773 79 28 Carpe-

109 806 35 21 lan
161 806 39 21 och
216 813 63 14 anser
295 806 36 21 det
346 806 74 21 kunna
435 806 111 22 föranleda
562 807 32 20 till
606 807 157 27 missförstånd,
774 809 32 19 att
816 808 39 20 här

109 840 76 22 endast
205 841 54 21 talas
281 848 34 14 om
335 840 41 22 den
396 840 97 28 afhystes
514 842 42 20 rätt
576 842 32 20 att
628 841 58 21 hålla
707 848 50 21 syn,
778 842 81 21 hvaraf

110 875 71 21 kunde
203 875 77 28 dragas
301 875 66 21 sådan
388 875 97 27 slutsats,
501 877 33 19 att
549 875 52 27 den,
617 876 28 27 på
660 876 63 21 hvars
739 876 72 21 åtalan
825 876 31 21 af-

109 909 123 28 hysningen
259 909 64 27 skett,
346 909 20 28 ej
390 915 51 15 vore
464 909 72 21 dertill
559 909 128 28 berättigad.
716 910 141 21 Beträffande

110 944 78 28 sjelfva
204 944 122 27 tillgången
343 943 34 21 vid
393 943 70 21 denna
479 951 45 21 syn,
540 944 90 21 hvarom
645 944 50 21 herr
710 944 68 29 Spåre
789 945 68 27 ordat,

110 985 63 14 anser
186 979 40 27 jag
241 978 36 21 det
294 985 51 14 vara
361 978 144 28 öfverflödigt,
520 980 32 19 att
568 979 67 27 något
649 978 118 28 stadgande
783 979 74 21 derom

109 1013 63 28 ingår
188 1013 6 20 i
211 1013 40 27 $:n.
281 1013 57 20 Lika
352 1012 50 21 med
418 1012 91 21 friherre
525 1013 107 28 Carpelan
648 1013 64 27 yrkar
724 1013 46 28 jag,
781 1015 32 20 att
823 1015 34 26 $:n

110 1048 34 20 mä
163 1047 110 28 redigeras
289 1047 100 21 sälunda:
406 1047 178 26 ,Vederbörande
600 1047 45 27 mä,
662 1054 33 14 om
712 1047 26 21 de
754 1055 52 14 anse
821 1048 37 21 det

110 1081 88 28 nödigt*
216 1089 19 13 o.
251 1089 16 13 s.
283 1089 20 13 v.

177 1116 58 21 Herr
251 1116 123 21 Schildt:
391 1116 42 28 Jag
449 1116 87 21 förenar
551 1116 45 28 mig
612 1116 49 21 med
678 1116 55 27 dem,
744 1123 46 15 som
806 1123 52 15 anse

111 1152 33 27 8:n
160 1151 73 21 kunna
249 1150 109 21 bibehålla
374 1150 32 21 sin
422 1151 57 27 plats
494 1150 136 22 oförändrad.

178 1185 35 21 Då
232 1185 49 21 icke
301 1185 72 27 någon
392 1184 73 22 vidare
484 1185 94 21 anmälte
598 1185 34 27 sig
652 1186 32 19 att
697 1185 44 21 tala
756 1185 7 20 i
778 1187 80 25 ämnet,

111 1219 133 21 framställde
265 1219 50 21 herr
335 1219 200 21 landtmarskalken
556 1219 33 21 till
609 1219 96 21 ständets
726 1219 132 21 besvarande

110 1254 174 28 propositionen:

180 1304 9 11 »
190 1288 46 20 Vill
251 1287 153 28 ridderskapet
418 1288 39 20 och
468 1288 70 27 adeln,
548 1288 72 20 såsom
631 1287 105 21 utskottet
747 1287 111 29 tillstyrkt,

112 1322 115 29 godkänna
243 1323 12 20 3
269 1323 13 26 $
298 1322 23 20 af
335 1322 79 28 nådiga
428 1322 164 28 propositionen
608 1322 143 20 oförändrad?

180 1356 48 21 Den
249 1363 45 14 som
315 1356 38 21 vill
374 1356 115 27 godkänna
508 1356 33 27 &:n
562 1362 74 14 svarar
654 1356 34 26 ja;
704 1355 41 21 den
759 1356 37 21 det
811 1356 48 21 icke

111 1391 39 21 vill
165 1398 72 14 svarar
254 1391 43 27 nej.

180 1424 85 21 Vinner
281 1425 35 26 nej
333 1425 62 26 utgår
411 1425 53 20 eller
480 1424 77 21 ändras
572 1423 150 28 paragrafen."

630 1471 6 9 4
