1039 1773
808 141 40 20 613

196 204 161 29 Deputationen
375 204 129 22 betackades
520 206 39 21 och
575 206 106 21 afträdde.

195 273 103 22 Friherre
318 273 24 21 af
360 273 137 22 Schultön:
518 274 77 21 Ibland
615 274 42 21 den
673 274 79 28 mängd
768 275 108 21 straffteo-

125 308 50 27 rier,
192 308 104 20 hvarmed
316 315 49 13 man
385 308 113 27 sysselsatt
514 308 43 28 sig,
573 308 63 20 torde
655 309 50 26 föga
720 309 71 27 någon
808 309 69 21 finnas

126 349 60 14 mera
201 342 203 21 tillfredsställande
419 344 27 18 än
462 343 48 24 den,
526 350 46 13 som
589 350 65 13 anser
667 343 84 21 straffet
761 344 77 26 utgöra
850 350 26 14 en

126 376 125 28 nödvändig
266 376 114 28 försoning
393 376 24 21 af
430 376 37 21 det
482 383 78 22 genom
577 383 27 15 en
620 377 105 28 handling
739 377 138 21 förnärmade

126 411 126 28 borgerliga
272 410 115 22 samhället
408 411 53 20 eller
480 413 77 19 staten.
588 411 51 21 Alla
654 411 67 21 andra
736 411 141 29 straffprinci-

126 452 40 21 per
180 458 28 3 —
224 445 27 21 de
270 446 37 20 mä
326 445 51 21 heta
395 444 183 29 afskräcknings-,
599 446 149 27 preventions-
765 446 53 21 eller
833 446 44 21 för-

127 479 219 28 bättringsprinciper
368 492 24 3 —
414 481 54 26 göra
486 479 48 21 icke
550 480 116 28 tillfyllest.
697 480 100 21 Straffets
813 481 64 20 ända-

127 514 42 20 mäl
185 514 45 20 stär
246 514 84 20 säledes
344 514 67 28 högre
422 515 27 19 än
461 514 127 27 hämndens,
599 520 49 14 men
660 516 86 19 närmar
757 514 33 28 sig
803 514 75 22 veder-

127 548 149 28 gällningens;
292 548 40 21 och
348 548 67 28 derpä
430 548 73 20 stöder
519 548 39 28 sig,
574 548 75 21 ibland
662 549 67 20 andra
744 549 71 27 gamla
830 549 47 21 ord-

127 582 70 27 seder,
213 582 81 27 denna,
310 584 32 20 att
360 582 39 22 den
417 590 44 14 som
476 583 38 21 illa
528 586 44 25 gör,
589 583 42 21 han
647 583 38 21 illa
695 582 43 30 far
755 595 22 3 —
794 583 84 21 hvilket

127 618 64 28 utgär
212 624 25 14 ur
257 617 80 21 folkets
356 618 50 27 eget
421 616 206 22 rättsmedvetande.
658 617 51 21 Med
724 617 59 21 tiden
799 618 79 21 ändrar

127 652 34 28 sig
176 652 61 21 detta
252 652 40 20 och
308 652 7 20 i
331 651 54 28 följd
401 652 64 20 deraf
478 652 63 21 äfven
558 652 48 20 dess
622 652 129 28 fordringar.
773 652 54 29 Spö-
838 653 40 20 och

127 686 121 21 risstraffen
269 686 65 21 hafva
353 686 111 21 tillförene
484 686 64 28 länge
568 685 57 22 varit
643 686 117 28 tidsenliga
775 687 63 21 straff
853 700 23 2 —

127 720 40 22 och
184 720 26 21 de
226 720 70 21 skulle
312 722 58 20 ännu
388 721 21 27 ej
424 720 66 21 hafva
505 720 91 22 förlorat
611 721 34 20 sin
661 721 107 28 giltighet,
779 728 34 14 om
828 728 49 14 man

127 756 21 27 ej
169 755 58 21 varit
249 762 44 20 nog
315 754 66 22 oklok
403 757 33 19 att
455 755 44 21 låta
522 755 49 21 dem
591 756 128 20 verkställas
740 755 139 29 offentligen,

127 789 142 29 hvarigenom
286 789 26 21 de
328 791 83 19 urartat
427 789 32 21 till
476 791 31 19 ett
522 790 117 28 skädespel
655 790 34 20 för
704 790 96 27 räheten,
808 791 71 27 jemte

127 824 36 22 det
183 824 27 21 de
229 824 39 21 hos
287 824 42 21 den
350 823 86 22 bildade
456 824 62 22 delen
538 824 24 22 af
580 824 70 22 folket
668 824 64 21 väekt
753 826 31 19 ett
803 824 75 22 medli-

127 858 72 22 dande
219 859 34 20 för
271 858 155 29 brottslingen,
443 859 83 21 hvilket
541 859 43 21 kan
601 859 88 28 öfvergä
706 859 32 21 till
755 860 74 20 ursäkt
844 859 35 21 för

127 893 79 29 sjelfva
226 894 88 21 brottet.
346 893 63 22 Emot
426 894 151 21 användandet
593 894 24 21 af
630 893 138 22 dödsstraffet
783 894 41 21 kan
841 895 37 27 gö-

127 936 35 13 ras
178 935 83 14 samma
276 928 153 29 anmärkning,
446 929 27 21 dä
488 928 37 21 det
540 928 129 22 verkställes
683 928 134 29 offentligen,
829 935 49 15 men

128 963 27 22 de
171 963 54 27 skäl,
241 970 46 15 som
303 963 25 21 af
339 963 49 22 herr
402 963 139 28 Furuhjelm,
556 963 35 27 V.,
607 963 40 21 och
663 963 91 22 friherre
770 963 107 29 Carpelan

127 999 68 21 redan
214 999 72 20 blifvit
303 998 91 21 anförda
410 998 34 21 för
460 999 60 20 detta
534 998 73 21 stvaffs
623 998 162 27 bibehållande,
801 999 77 20 ätmin-

127 1035 63 18 stone
212 1032 129 28 tillsvidare,
358 1039 64 22 synes
442 1033 45 28 mig
507 1033 23 20 sä
549 1033 104 27 kraftiga,
669 1034 32 19 att
713 1033 40 28 jag
769 1039 63 14 anser
847 1033 31 20 öf-

127 1067 116 27 verflödigt
258 1069 32 19 att
305 1067 74 21 derom
395 1067 74 21 vidare
485 1067 57 21 orda.
573 1067 64 21 Hvad
651 1067 47 21 åter
713 1067 69 28 angår
795 1069 83 19 vatten-

127 1102 40 20 och
183 1101 145 27 brödstraffet,
344 1101 67 21 borde
427 1101 49 21 dess
492 1101 211 28 ändamälsenlighet
718 1102 71 20 säsom
801 1101 78 27 fysiskt

126 1136 104 21 affliktivt
250 1135 63 22 straff
331 1136 48 20 icke
399 1143 69 20 gerna
487 1135 78 29 dragas
584 1136 7 20 i
607 1136 84 27 tvifvel,
707 1135 56 21 helst
779 1135 36 21 det
830 1136 48 20 icke

127 1170 43 22 kan
189 1170 83 28 pästäs,
288 1172 32 20 att
334 1170 111 22 allmänna
460 1170 152 22 medvetandet
627 1170 109 21 förkastar
752 1170 126 21 detsamma.

127 1205 106 21 Deremot
252 1207 46 19 tror
314 1205 40 28 jag
374 1205 36 21 det
430 1212 52 14 vara
501 1205 120 27 längtifrän
637 1204 105 28 afgjordt,
759 1211 34 14 om
809 1204 69 21 straff-

127 1240 222 28 fängelseprincipen,
365 1240 45 21 ifall
427 1239 42 21 den
484 1239 42 21 blir
541 1239 176 26 förherrskande,
727 1239 29 27 pä
767 1240 43 20 sätt
821 1238 56 21 före-

126 1274 72 28 slaget
217 1276 29 24 är,
262 1274 43 20 kan
321 1272 24 22 af
358 1273 207 21 rättsmedvetandet
580 1274 35 20 för
631 1272 134 22 närvarande
781 1272 96 28 godkän-

127 1315 48 19 nas,
193 1308 101 27 emedan,
310 1309 59 19 utom
390 1308 77 27 frägan
488 1315 34 14 om
543 1308 49 20 dess
612 1307 49 21 fullt
677 1306 200 22 tillfredsställande

127 1342 119 28 egenskap,
262 1342 73 28 billigt
351 1342 41 21 kan
409 1342 79 28 uppstä
503 1342 87 26 tvekan,
606 1342 106 20 huruvida
723 1340 40 21 den
778 1341 101 25 kostnad,

127 1384 46 13 som
194 1377 98 20 kommer
312 1378 32 19 att
366 1376 5 20 i
392 1376 206 28 fängelseanstalter
622 1376 109 20 användas
754 1374 34 21 för
807 1375 71 21 ästad-

128 1410 140 20 kommandet
284 1410 23 20 af
321 1416 26 14 en
364 1410 65 26 högst
444 1410 78 20 osäker
537 1409 132 26 förbättring
685 1409 24 19 af
721 1409 158 27 brottslingens

127 1443 107 27 sinnelag,
250 1444 19 26 ej
287 1443 49 21 med
352 1450 58 14 mera
426 1443 114 27 framgång
551 1442 72 21 kunde
634 1442 155 28 tillgodogöras
801 1448 78 22 genom
