1039 1767
217 140 40 24 796

186 213 53 16 vara
254 206 74 22 alltför
343 207 62 27 långt
420 206 106 28 aflägsen,
542 205 27 22 då
585 205 26 21 de
627 205 93 21 sundare
735 205 117 29 principer,
867 212 47 14 som
929 205 8 20 i

187 241 165 22 bankväsendet
366 241 60 28 gjort
441 241 34 27 sig
489 240 101 28 gällande
601 240 6 21 i
619 239 67 23 andra
698 240 82 27 länder,
796 240 64 22 äfven
876 240 62 22 skola

186 276 66 22 vinna
272 276 73 28 insteg
360 276 39 20 hos
420 282 44 20 oss,
480 276 40 20 och
540 275 28 21 då
585 275 22 21 vi
623 274 68 22 under
706 275 39 21 vår
759 275 125 21 nuvarande
900 275 38 21 fri-

188 310 90 23 sinnade
294 311 34 21 för
344 310 38 21 sitt
396 310 72 21 finska
483 310 56 21 folks
555 310 35 21 väl
606 309 114 22 ömmande
735 310 91 21 monark
842 310 95 28 troligen

186 346 66 21 hafva
273 347 31 19 att
324 345 83 21 förutse
427 345 120 27 periodiskt
566 344 178 22 återkommande
762 344 136 28 landtdagar,
913 344 25 22 så

186 380 75 21 kunna
280 380 22 20 vi
322 379 119 29 uppskjuta
461 379 76 28 frågan
559 386 36 14 om
615 386 27 14 en
661 379 54 21 total
730 379 172 28 omgestaltning
916 379 24 21 af

186 415 38 21 vår
240 414 180 28 bankinrättning
435 414 33 20 till
484 420 27 14 en
527 413 98 28 följande
640 413 113 28 landtdag,
769 413 27 22 då
810 413 42 22 den
868 414 70 20 under

186 449 60 20 tiden
255 455 72 15 vunna
336 448 153 21 erfarenheten
499 448 63 21 äfven
573 447 62 21 torde
643 448 87 21 komma
738 449 33 20 att
778 448 46 21 visa
832 447 105 28 behöflig-

186 483 66 21 heten
268 483 67 20 deraf.
366 483 43 27 Jag
424 482 34 21 får
473 482 122 21 emellertid
608 482 94 27 förorda,
718 483 32 20 att
765 482 86 21 ståndet
862 482 75 27 måtte,

187 518 50 20 med
252 518 70 27 afslag
337 517 24 20 af
374 517 116 21 utskottets
506 516 139 22 betänkande
660 517 6 20 i
683 516 72 22 denna
770 517 42 26 del,
828 516 44 22 låta
888 517 50 20 hela

187 552 72 21 denna
273 551 70 29 punkt
357 552 52 27 utgå
424 551 40 21 och
479 551 128 27 tillsvidare,
623 551 70 21 såsom
709 551 92 22 friherre
812 551 27 22 de
849 551 22 21 la
882 551 55 21 Cha-

186 587 58 27 pelle
260 587 40 20 och
316 586 51 21 herr
382 586 160 28 Montgomerie
557 586 8 21 i
581 585 63 22 deras
660 585 148 22 betänkandet
817 585 121 29 åtföljande

186 621 162 21 reservationer
362 620 120 29 föreslagit,
498 621 44 20 låta
557 620 141 22 inställandet
713 621 23 21 af
745 621 97 20 bankens
853 620 85 22 silfver-

187 655 114 28 utvexling
315 655 53 21 bero
383 655 29 28 på
427 655 55 21 båda
497 655 178 21 statsmakternas
687 662 161 21 gemensamma
860 655 78 22 beslut.

255 690 59 21 Herr
328 696 42 15 von
386 689 201 29 Weissenberg:
608 689 76 28 Enligt
700 690 44 21 min
760 689 56 29 åsigt
830 691 24 20 är
870 689 68 22 bank-

186 724 118 22 utskottets
326 724 143 21 förevarande
492 723 139 22 betänkande
653 724 113 21 behäftadt
786 724 50 21 med
856 725 81 21 tvenne

186 759 169 28 hufvudsakliga
373 759 29 20 fel
423 759 39 20 och
483 759 62 20 dessa
563 760 48 19 äro:
622 758 41 28 för
677 759 34 21 det
721 759 84 28 första,
821 760 32 20 att
870 759 67 21 bank-

186 793 107 22 utskottet
309 793 111 27 tillstyrkt,
436 794 31 19 att
483 793 116 21 ständerna
614 792 70 21 skulle
700 793 40 21 hos
755 793 28 21 H.
797 793 62 28 Kejs.
874 793 64 28 Maj:t

186 829 6 20 i
216 827 173 28 underdånighet
409 827 122 22 framställa
550 827 37 22 det
607 827 174 28 önskningsmål,
800 829 32 20 att
850 828 86 21 banken

186 863 48 21 från
255 862 131 21 statsverket
406 862 66 21 måtte
492 862 70 21 återfå
580 862 47 21 sina
647 861 141 22 härförinnan
804 862 133 21 ditlemnade

185 897 88 28 bidrag;
294 897 40 20 och
351 897 39 28 för
410 897 33 20 det
463 897 79 26 andra,
559 898 32 19 att
610 896 107 21 utskottet
735 904 64 13 anser
814 897 34 28 sig
863 897 75 21 kunna

185 931 88 22 förorda
295 931 37 21 det
354 930 85 22 landets
462 931 103 28 regering
587 931 67 20 måtte
675 931 143 28 bemyndigas
837 933 33 19 att
887 931 50 22 med

185 965 209 28 bankfullmäktiges
412 965 94 21 konsens
525 965 7 20 i
551 965 121 28 trängande
691 965 37 21 fall
748 965 119 22 inskränka
882 966 55 21 eller

184 1001 91 21 alldeles
290 1000 88 21 inställa
393 999 98 21 bankens
507 1000 194 27 silfverutvexling.

254 1035 34 21 Då
304 1034 36 21 det
354 1041 30 14 nu
400 1034 64 21 äfven
479 1035 84 28 åligger
579 1034 45 27 mig
639 1036 32 19 att
686 1034 53 21 söka
753 1034 135 29 ådagalägga
899 1036 37 20 be-

185 1069 132 28 fogenheten
338 1068 24 21 af
379 1068 57 21 hvad
452 1069 40 27 jag
512 1070 58 19 emot
588 1069 118 21 utskottets
721 1069 139 21 betänkande
876 1070 7 20 i
898 1077 38 14 an-

185 1104 48 21 förd
252 1103 68 21 måtto
341 1102 109 27 anmärkt,
471 1103 75 20 rinner
566 1103 51 27 mig,
633 1103 136 21 beträffande
784 1103 36 21 det
835 1103 101 21 förstom-

185 1138 102 21 förmälta
307 1137 197 27 önskningsmålet,
521 1137 144 27 ovilkorligen
686 1137 7 20 i
714 1137 72 27 hågen
804 1137 38 22 det
856 1138 80 27 gamla,

184 1172 84 21 kanske
284 1171 68 27 något
366 1170 93 27 triviala,
470 1177 49 14 men
535 1170 73 22 derför
623 1171 21 27 ej
660 1170 84 22 mindre
758 1178 67 14 sanna
836 1171 100 28 ordsprå-

186 1207 36 20 ket
242 1213 35 14 om
298 1205 174 28 fåfängligheten
491 1205 39 21 och
550 1205 168 27 vanskligheten
738 1207 32 18 att
789 1207 52 26 taga
860 1213 26 13 ur
908 1213 28 14 en

185 1241 56 21 ficka
261 1241 34 20 för
314 1241 32 19 att
366 1240 65 27 lägga
451 1240 31 20 uti
502 1241 42 20 den
563 1239 73 22 andra.
666 1240 56 21 Lika
737 1240 111 21 illusorisk
863 1240 73 22 blefve

186 1275 40 20 ock
246 1275 42 20 den
304 1275 13 20 å
332 1274 133 21 statsverket
483 1275 39 20 här
541 1274 81 29 yrkade
637 1274 299 29 återbetalningsskyldighe-

184 1311 38 17 ten
237 1321 29 2 —
281 1311 23 24 ty
319 1310 32 18 att
367 1309 130 19 statsverket
517 1309 34 19 för
571 1309 134 19 närvarande
721 1309 48 19 icke
785 1309 85 20 mäktar
886 1310 50 19 med

185 1348 27 14 en
228 1342 42 20 slik
286 1341 167 27 återbetalning,
464 1341 62 21 torde
541 1343 53 19 utan
609 1341 75 21 vidare
697 1344 154 18 resonnement
861 1342 75 21 kunna

184 1376 100 27 antagas;
303 1375 40 21 och
361 1374 63 22 hvem
440 1382 72 14 annan
528 1377 27 20 än
571 1375 103 22 nationen
691 1388 26 3 —
733 1375 20 21 d.
769 1383 19 13 v.
804 1383 16 13 s.
836 1375 99 22 bankens

184 1417 65 22 egare
266 1422 25 4 —
307 1409 73 22 kunde
396 1410 54 21 eller
465 1410 50 21 ville
531 1411 34 21 väl
579 1411 92 20 försätta
686 1410 132 22 statsverket
829 1410 8 21 i
847 1410 87 25 tillfälle

184 1447 32 21 att
231 1445 95 29 fullgöra
340 1444 165 31 ifrågavarande
520 1444 312 30 återbetalningsskyldighet?
