1039 1789
201 128 37 20 100

238 211 8 8 »
250 193 45 20 Vill
315 193 151 27 ridderskapet
486 193 39 20 och
546 193 62 21 adeln
627 193 114 28 godkänna
761 200 28 14 nu
809 194 105 27 ifrågava-

169 229 66 20 rande
252 229 11 19 7
280 228 10 27 8
306 227 24 21 af
344 227 152 28 lagutskottots
512 227 142 21 botänkande.

236 262 48 21 Den
306 267 46 15 som
369 261 37 21 vill
422 262 115 27 godkänna
551 262 92 21 berörde
659 263 11 27 $
686 269 73 14 svarar
773 263 32 27 ja;
822 263 41 20 den
880 263 35 20 det

168 297 48 22 icke
231 297 37 21 vill
285 303 73 14 svarar
373 297 43 27 nej.

236 331 84 21 Vinner
341 331 43 27 nej,
405 333 89 26 antages
515 331 95 28 följande
626 331 82 28 lydelse
724 332 24 21 af
761 332 21 27 $:
799 349 9 10 ,
810 331 45 22 Vill
871 334 45 25 tyst

169 367 125 26 bolagsman
310 364 65 29 skilja
390 365 33 28 sig
438 365 48 21 från
502 365 88 28 bolaget
605 367 78 20 och'är
699 367 19 27 ej
730 367 43 20 viss
784 367 31 20 tid
825 367 34 20 för
870 367 45 20 det-

168 408 82 13 samma
264 401 74 25 utsatt,
353 399 98 28 kungöre
467 400 42 21 han
525 400 36 21 det
577 401 26 20 de
617 400 68 28 öfrige
697 400 170 29 bolagsmännen
876 401 39 20 och

168 437 40 26 äge
223 435 43 20 rätt
282 436 31 19 att
329 436 32 19 tre
376 434 102 21 månader
488 434 95 21 derefter
594 435 61 20 träda
665 442 25 14 ur
700 435 93 28 bolaget.
816 435 46 21 Dör
873 437 43 26 tyst

167 469 128 28 bolagsman
317 469 65 20 innan
404 468 108 28 bolagstid
531 471 24 18 är
575 471 46 24 ute,
643 469 74 22 stånde
733 470 54 21 hans
804 470 56 21 enka
876 470 40 20 och

167 503 111 28 arfvingar
298 503 46 20 fritt
364 505 30 18 att
410 505 96 26 uppsäga
522 503 39 20 och
577 504 63 27 bryta
655 504 97 27 bolaget,
769 504 88 21 såframt
872 505 19 26 ej
908 504 7 20 i

167 537 203 29 bolagskontraktet
385 539 23 19 är
424 537 91 21 aftaladt
530 540 31 18 att
577 538 88 27 bolaget
675 538 55 21 ändå
741 538 54 21 skall
807 539 108 20 fortfara.*

236 573 46 20 Och
302 572 129 21 besvarades
452 572 71 21 denna
541 573 134 28 proposition
691 573 49 20 med
756 573 160 28 öfvervägande

167 608 45 28 nej;
228 608 8 20 i
251 607 54 28 följd
322 607 77 20 hvaraf
412 607 166 27 ifrågavarande
594 609 11 26 $
621 607 62 21 alltså
699 607 66 22 borde
781 608 82 21 erhålla
874 607 41 22 den

166 643 7 20 i
189 641 242 29 kontrapropositionen
445 643 110 26 upptagne
572 642 88 28 lydelse.

235 675 109 22 Skolande
364 675 95 22 ständets
478 676 31 21 uti
525 676 60 21 detta
600 677 79 20 ärende
695 677 82 21 fattade
793 677 70 21 beslut
878 683 37 22 gc-

166 718 51 14 nom
236 710 200 29 protokollsutarag
456 710 106 28 dolgifvas
582 711 139 21 medständen
743 711 33 21 till
791 711 122 21 kännedom

167 746 40 21 och
228 744 243 29 expeditionsutskottet
491 745 7 20 i
518 745 103 22 afseende
641 745 12 21 å
673 745 41 22 den
731 746 28 27 pä
773 746 92 21 nämnde
882 747 32 20 ut-

167 781 59 20 skott
240 779 158 22 ankommande
415 779 83 28 ätgärd.

235 849 121 28 Föredrogs
377 849 33 20 till
430 849 74 21 vidare
523 849 77 29 ätgärd
622 849 91 22 friherrc
735 849 118 29 Carpelans
874 851 40 20 och

166 885 51 20 herr
237 884 125 29 Törngrens
384 884 41 21 den
446 885 26 20 10
492 884 151 28 nyssförvikne
664 884 114 21 december
796 885 118 28 bordlagde

166 919 138 21 memorialer
318 918 112 29 angäende
447 919 171 28 reorganisation
631 919 24 21 af
663 919 84 21 landets
759 920 155 27 styrelseverk;

166 953 91 22 hvarvid
272 953 96 29 följande
383 953 69 21 talare
466 953 86 28 yttrade
569 954 42 27 sig:

234 988 58 21 Herr
312 995 42 14 von
374 987 151 21 Bonsdorff:
545 988 62 21 Efter
628 990 73 26 moget
722 989 156 27 begrundande
894 989 23 20 af

165 1023 165 27 ifrägavarande
346 1022 143 27 memorialer,
504 1022 38 21 har
550 1023 39 28 jag
600 1023 71 20 funnit
683 1022 40 21 den
735 1023 45 21 deri
791 1023 123 28 föreslagnc

165 1057 93 29 petition
280 1057 49 20 icke
352 1057 91 20 allonast
466 1057 69 28 vigtig
555 1057 39 21 och
615 1057 28 28 pä
663 1057 55 28 goda
739 1057 46 21 skäl
805 1057 109 28 grundad,

167 1093 52 19 utan
238 1091 64 21 äfven
323 1091 133 27 fullkomligt
472 1091 237 21 öfverensstämmande
725 1091 49 21 med
790 1092 25 20 de
831 1093 34 20 för
881 1099 32 14 or-

165 1126 152 28 ganisationen
332 1125 24 22 af
368 1126 86 20 landets
470 1126 63 21 civila
548 1126 91 28 styrelse
653 1127 32 20 uti
701 1126 60 21 äldre
777 1126 39 21 och
830 1128 27 20 än
868 1127 46 27 gäl-

165 1161 65 21 lande
250 1160 131 28 grundlagar
401 1162 93 26 antagne
510 1161 115 28 principer.
655 1161 57 21 Utan
729 1161 80 21 tvekan
824 1162 90 27 tillstyr-

165 1196 40 20 ker
220 1196 40 26 jag
275 1195 73 27 alltsä,
364 1196 31 19 att
409 1194 143 22 medständen
568 1196 35 20 mä
617 1195 100 27 inbjudas
733 1197 32 19 att
780 1195 87 28 deltaga
882 1196 31 20 uti

165 1230 94 20 nämnde
281 1229 103 28 petition,
407 1230 39 20 och
466 1229 77 28 frägan
563 1230 122 20 remitteras
705 1230 33 20 till
758 1229 133 29 behandling
907 1231 7 20 i

166 1264 109 20 allmänna
290 1264 206 26 besvärsutskottet;
512 1270 49 14 men
577 1264 76 21 härvid
669 1264 38 20 ber
720 1264 39 28 jag
775 1264 55 20 dock
845 1266 33 18 att
892 1264 22 21 fä

165 1300 58 26 yttra
238 1298 68 27 några
321 1298 169 27 anmärkningar
506 1298 39 21 och
561 1298 86 28 tillägg,
663 1305 45 13 som
724 1298 61 21 torde
801 1298 22 20 få
838 1298 77 28 åtfölja

165 1332 113 25 remissen,
295 1331 32 20 till
342 1332 36 19 det
392 1331 102 20 afseende
511 1332 26 20 de
553 1332 73 19 kunna
641 1338 63 13 anses
720 1332 101 26 förtjena.

232 1364 64 21 Hvad
312 1364 54 21 först
381 1365 67 26 angår
464 1366 101 19 senatens
578 1364 244 28 justitiedepartement,
838 1366 23 20 så
875 1366 39 20 har

165 1399 50 21 herr
235 1398 114 28 Törngron
369 1398 57 21 klart
444 1398 115 21 framställt
574 1399 75 27 vigten
665 1398 66 27 deraf,
747 1400 32 20 att
794 1399 120 21 detsamma

165 1434 75 28 skiljes
260 1434 56 21 ifrån
337 1435 89 20 senaten
447 1433 39 21 och
506 1433 56 22 ifrån
584 1434 48 20 dess
650 1434 125 22 nuvarande
791 1434 123 28 befattning
