1036 1781
785 142 41 21 625

105 206 127 27 förbättras,
253 206 82 21 sådana
355 206 38 21 fall
414 207 69 21 oftare
504 207 61 21 skola
583 207 93 22 inträffa.
706 207 64 22 Flere
786 208 68 22 talare

105 240 66 22 hafva
185 242 114 20 omnämnt
320 240 71 22 Johan
412 241 120 21 Adamsson
553 241 39 21 och
608 243 77 26 yttrat,
700 244 32 19 att
747 242 37 21 det
799 243 57 21 varit

106 282 27 13 en
154 275 80 21 allmän
254 275 83 21 önskan
357 275 7 20 i
384 275 83 27 landet,
483 277 32 19 att
533 275 43 21 han
596 275 34 21 för
650 277 32 20 sin
703 277 75 27 grofva
797 278 58 20 brott

107 309 63 21 bordt
185 309 29 28 gå
228 309 34 21 till
279 309 76 21 döden.
386 309 43 21 Det
444 311 24 19 är
483 309 93 28 möjligt,
592 311 31 20 att
638 311 78 27 många
732 311 23 20 så
771 311 85 28 önskat,

107 350 49 14 men
173 343 36 22 det
223 343 69 22 finnes
308 343 65 22 också
389 343 76 28 andra,
481 350 46 15 som
542 343 48 22 haft
605 351 70 14 annan
692 345 65 21 tanke
773 346 82 28 härom,

107 378 39 21 och
162 378 37 21 det
213 379 24 20 är
253 378 60 21 svårt
328 379 32 20 att
375 379 58 27 säga,
443 377 142 22 hvilkendera
598 378 85 28 åsigten
694 386 46 14 som
750 381 56 20 varit
816 381 39 20 all-

107 413 114 26 männare;
237 412 56 21 hvad
310 411 121 22 emellertid
447 413 42 20 alla
505 412 83 28 ogillat,
604 414 23 19 är
643 413 148 29 gyckelspelet
806 415 49 21 med

106 446 54 21 hans
186 446 116 22 utförande
329 446 33 21 till
388 447 217 28 afrättningsplatsen
632 447 39 21 och
691 448 165 23 återhemtande

107 481 102 22 derifrån.
239 481 11 21 I
269 481 44 22 alla
333 481 115 21 händelser
468 483 23 20 är
508 481 72 21 Johan
595 481 121 22 Adamsson
732 489 27 15 en
775 484 24 20 så
814 484 42 21 iso-

106 516 62 21 lerad
182 516 116 21 företeelse
309 516 7 20 i
327 516 47 21 vårt
385 515 61 22 lands
462 515 209 28 brottmålsannaler,
682 518 31 19 att
724 517 6 20 i
742 517 49 21 hela
801 518 55 21 hans

107 550 150 29 personlighet
272 550 69 22 måste
356 549 83 22 funnits
455 550 66 29 något
536 550 180 29 utomordentligt
726 564 28 3 —
764 559 27 14 en
807 552 49 21 full-

108 585 82 28 komlig
208 585 181 28 vilddjurs-natur
410 597 25 4 —
462 585 39 21 och
522 586 47 27 jag,
585 585 91 22 likasom
695 586 50 21 herr
765 586 91 27 Munck,

108 622 45 19 tror
169 621 31 20 att
216 619 77 22 sådant
308 619 119 22 föranledts
441 619 24 21 af
478 620 53 21 hans
546 619 105 29 psykiska
666 621 104 21 tillstånd.
793 621 63 22 Hade

108 654 60 21 detta
175 655 21 27 ej
205 654 56 21 varit
269 654 68 27 fallet,
346 654 39 21 och
394 653 70 22 skulle
473 654 63 21 alltså
544 660 27 15 en
582 654 66 21 sådan
660 655 116 28 brottsling
784 655 74 22 kunna

109 695 63 14 anses
187 688 64 22 hafva
267 688 49 21 bort
331 689 27 26 gå
373 688 33 21 till
422 687 81 28 döden,
518 688 24 21 så
556 689 37 20 vet
606 689 39 27 jag
660 689 54 21 dock
728 689 56 26 icke,
795 690 62 21 hvar-

109 722 47 21 före
176 729 51 14 man
247 723 56 20 skall
321 722 61 21 stifta
402 722 36 27 lag
453 721 34 22 för
502 723 31 20 ett
548 722 91 29 specielt
655 723 44 26 fall,
715 729 46 15 som
777 724 21 27 ej
814 726 43 19 tör-

109 757 72 21 hända
196 757 28 28 på
239 763 27 14 en
282 756 122 22 mansålder
420 757 47 20 åter
482 756 97 22 kommer
595 758 32 19 att
642 757 92 22 inträffa.
765 758 43 28 Jag
825 758 33 22 får

109 791 87 22 derföre
216 791 34 21 för
270 791 45 21 min
335 791 35 21 del
386 790 97 28 afstyrka
499 791 160 21 bibehållandet
677 792 24 20 af
713 791 145 28 dödsstraffet,

110 825 83 22 hvilket
214 825 24 21 af
257 832 26 14 en
307 825 96 22 utmärkt
422 825 103 21 rättslärd
543 825 72 21 blifvit
632 825 82 22 kallad:
732 834 40 20 ,en
789 827 70 22 hemsk

109 863 132 26 gengångare
247 859 57 30 från
315 859 161 22 blodhämndens
487 860 87 29 dagar".
591 859 68 23 Detta
669 861 78 21 vackra
757 861 102 28 yttrande

111 895 71 20 kunde
197 895 7 20 i
220 894 94 28 sanning
326 893 81 22 införas
418 895 71 20 såsom
500 894 68 21 måtto
578 894 7 21 i
596 894 76 28 hvarje
683 894 61 22 lands
755 895 104 28 strafflag.

178 927 66 22 Hvad
263 928 74 21 vidare
354 928 102 21 beträffar
476 928 87 28 frågan,
578 928 106 22 huruvida
699 929 42 21 den
757 929 103 28 straffart,

111 970 40 14 som
164 963 127 21 "benämnes
311 963 98 28 fängelse
430 963 36 21 vid
486 964 74 20 vatten
576 963 40 21 och
635 963 64 27 bröd,
717 963 66 22 borde
799 964 7 21 i
822 964 38 21 vär

112 1004 43 21 nya
170 997 139 28 lagstiftning
325 997 93 28 qvarstå,
434 997 23 21 så
473 997 42 21 kan
528 997 39 28 jag
582 998 20 27 ej
619 997 69 22 heller
698 997 6 21 i
716 997 86 29 åsigten
812 998 48 21 der-

113 1039 34 14 om
168 1031 75 22 förena
263 1031 51 28 mig.
344 1031 42 22 Om
407 1031 170 29 olämpligheten
597 1031 24 22 af
639 1031 59 22 detta
713 1032 67 27 straff,
796 1032 65 21 hafva

111 1066 67 21 redan
194 1065 107 22 särskilda
316 1065 67 23 talare
398 1067 68 27 yttrat
481 1066 42 28 sig;
536 1066 40 28 jag
591 1066 39 21 ber
640 1066 86 22 derföre
737 1068 32 20 att
784 1067 77 21 endast

112 1101 23 21 få
154 1100 100 29 tillägga,
275 1100 37 22 det
331 1107 50 15 man
402 1101 7 20 i
427 1101 75 28 hvarje
522 1100 133 22 civiliseradt
675 1101 104 22 samhälle
798 1109 63 14 anser

113 1137 63 26 orätt,
192 1137 32 20 att
239 1137 31 20 ett
285 1135 89 28 osjäligt
389 1135 48 28 djur
453 1135 55 22 skall
524 1135 78 28 svälta;
618 1142 49 15 men
683 1137 57 20 ännu
755 1137 73 26 värre,
837 1137 25 28 ja

115 1170 141 29 ohyggligare
272 1171 24 20 är
311 1170 37 21 det
363 1171 44 27 väl,
424 1171 32 20 att
471 1177 28 15 en
513 1170 115 22 menniska
642 1170 56 22 skall
712 1171 71 21 såsom
801 1171 63 21 straff

114 1205 99 28 undergå
233 1211 28 14 en
281 1205 48 20 svår
348 1205 111 21 svältkur”
481 1204 38 22 Ett
534 1204 77 23 sådant
626 1205 63 20 straff
701 1205 102 21 inverkar
818 1206 44 21 för-

113 1238 119 29 slappande
247 1238 29 28 på
291 1237 60 22 såväl
366 1237 54 22 hans
435 1238 62 28 själs-
508 1245 46 15 som
565 1238 172 29 kroppskrafter,
752 1239 40 21 och
808 1239 54 22 såle-

114 1274 38 20 des
170 1272 43 21 kan
231 1272 43 21 han
291 1272 28 28 ej,
334 1272 70 22 såsom
421 1272 38 22 ske
474 1272 77 28 borde,
567 1272 69 22 under
651 1273 159 28 fängelsetiden
826 1274 36 20 be-

117 1306 84 29 grunda
227 1306 38 21 sitt
288 1307 58 21 brott
368 1306 52 21 eller
443 1306 87 22 komma
551 1306 34 22 till
608 1308 67 26 ånger
697 1307 40 21 och
760 1307 103 28 bättring.

115 1341 50 21 Han
185 1342 24 20 är
225 1340 109 22 derunder
349 1340 7 21 i
372 1347 82 15 samma
469 1341 104 27 tillstånd,
589 1348 45 14 som
651 1343 31 19 ett
697 1342 95 28 oskäligt
806 1342 57 28 djur,

116 1375 127 28 isynnerhet
259 1382 34 14 om
309 1374 84 22 straffet
404 1375 76 21 räcker
496 1376 75 27 längre
583 1375 37 27 tid,
635 1376 89 20 emedan
736 1376 127 26 detsamma,

116 1410 34 20 för
170 1409 75 27 hvarje
266 1409 42 27 dag
324 1409 36 20 det
376 1409 83 27 fortfar,
476 1410 41 20 blir
535 1410 39 20 allt
599 1411 112 26 strängare
734 1410 39 20 och
794 1412 69 19 strän-

117 1450 61 21 gare,
194 1442 27 21 de
238 1443 52 21 sista
311 1443 45 20 åtta
370 1442 95 28 dagarne
481 1444 28 20 än
523 1443 50 21 vida
589 1444 85 20 svårare
689 1444 32 20 att
735 1444 91 20 uthärda
837 1446 26 19 än

164 1481 51 23 Högl.
228 1482 52 18 Ridd.
294 1482 29 18 och
336 1482 63 18 Adelns
412 1482 65 18 Protok.
776 1484 22 16 40
