1034 1820
803 116 40 20 339

126 181 142 28 möjligheten
287 182 24 21 af
324 188 26 14 en
366 181 66 21 sådan
448 181 146 28 förlägenhet;
609 181 100 21 hvarföre
725 182 40 20 och
781 188 45 14 som
843 184 31 19 ett

125 216 70 21 vilkor
205 216 24 21 af
241 216 125 21 förberörde
380 216 157 26 beskaffenhet,
548 215 81 22 fästadt
639 216 36 20 vid
686 217 126 20 ständernas
824 224 49 13 svar

108 268 2 2 -
125 252 28 26 pä
168 251 171 28 propositionen,
351 250 69 21 skulle
434 250 66 22 blifva
515 251 34 20 för
563 250 131 28 regeringen
710 250 101 28 liktydigt
824 251 49 21 med

126 287 31 19 ett
172 285 69 27 afslag
256 285 58 26 derå,
328 285 64 21 hvars
408 285 130 21 förordande
554 286 7 19 i
577 285 77 27 sjelfva
669 286 76 20 verket
755 286 48 20 icke
814 286 58 26 legat

125 320 6 20 i
147 320 117 20 utskottets
285 320 74 27 afsigt,
379 319 40 21 och
437 319 64 21 hvars
517 319 141 21 meddelande
674 320 20 27 ej
710 320 76 26 heller,
802 320 70 21 såsom

122 355 39 26 jag
176 354 71 21 älskar
263 356 31 19 att
309 356 40 24 tro,
363 354 24 20 af
394 354 116 21 ständerna
521 354 104 26 tillärnas,
634 354 40 27 jag
684 356 71 19 ansett
766 355 44 27 mig
820 355 53 20 böra

124 389 39 20 hos
179 389 117 27 höglofliga
313 388 151 28 ridderskapet
479 389 40 21 och
535 388 63 22 adeln
613 388 109 22 vördsamt
738 389 40 21 och
793 390 28 26 på
836 389 37 21 det

123 424 78 27 högsta
211 423 97 28 afstyrka
319 423 37 21 det
366 423 164 27 ifrågavarande
542 424 102 20 vilkorets
655 423 129 28 antagande.
806 424 67 20 Detta

123 457 97 28 yrkande
235 459 24 19 är
275 457 6 20 i
297 457 157 21 betänkandets
470 459 50 26 eget
535 458 98 25 intresse,
648 457 57 21 hvad
718 458 48 20 dess
778 457 92 22 enskild-

124 492 61 20 heter
200 493 74 26 angår,
291 491 90 22 emedan
396 492 107 21 erkännas
519 492 68 21 måste
599 493 32 20 att
642 499 82 14 samma
734 491 138 22 betänkande

124 527 38 20 har
178 527 78 27 många
271 529 59 19 stora
345 526 123 22 företräden
480 527 90 21 framför
581 533 28 14 nu
620 526 100 27 gällande
731 527 141 27 stadganden.

192 561 42 28 Jag
249 562 39 21 har
303 561 37 22 vid
355 563 32 19 ett
402 561 131 28 föregående
549 561 94 27 tillfälle,
658 561 27 21 då
693 561 39 28 jag
743 561 6 20 i
762 568 25 14 en
800 568 69 15 annan

123 596 62 29 fråga
201 598 66 26 yttrat
283 597 44 27 mig
342 596 7 21 i
365 596 91 28 ungefär
472 597 113 20 enahanda
599 595 98 29 syftning
712 603 46 14 som
774 604 35 19 nu,
823 597 49 21 blif-

123 631 30 21 vit
169 631 155 22 missförstådd.
347 631 67 21 Detta
429 631 123 22 föranleder
567 631 45 28 mig
623 633 31 19 att
664 638 36 19 nu,
711 631 33 20 till
755 631 117 28 afböjande

123 666 24 21 af
159 666 73 21 vidare
248 666 157 27 missförstånd,
421 666 135 28 högtidligen
572 666 101 27 förklara,
687 668 31 18 att
731 666 46 28 jag,
790 668 39 19 när
845 673 26 14 en

123 701 210 28 lagstiftningsfråga
348 700 72 21 blifvit
434 701 33 20 till
478 701 117 20 ständerna
606 700 153 27 öfverlemnad,
770 701 100 20 fullkom-

123 736 57 28 ligen
197 735 108 22 erkänner
321 735 125 21 ständernas
462 737 43 20 rätt
520 737 31 19 att
567 735 57 21 inom
641 742 81 14 samma
738 736 74 20 ämnes
827 743 43 13 om-

123 771 52 27 fång
197 771 85 20 besluta
304 770 112 21 huruhelst
436 770 26 21 de
481 771 33 20 för
535 770 52 28 godt
605 770 58 21 finna
678 770 40 21 och
734 772 32 19 att
781 771 26 20 de
823 770 48 21 icke

123 812 78 21 genom
221 805 67 28 något
308 805 71 20 beslut
393 805 7 20 i
416 805 41 21 den
474 805 62 21 delen
552 805 73 20 kunna
643 812 63 13 anses
721 805 65 21 hafva
802 805 69 21 öfver-

124 840 76 21 skridit
221 841 32 20 sin
278 840 136 28 befogenhet.
445 840 51 21 Men
514 840 28 28 på
562 839 67 22 andra
648 840 61 20 sidan
730 839 43 22 kan
790 840 40 27 jag
850 841 19 26 ej

124 876 151 21 bortresonera
295 876 26 20 42
342 876 11 27 &
374 875 6 20 i
400 875 207 28 regeringsformen,
631 881 46 14 som
696 874 70 28 gifver
787 875 83 20 landets

123 912 92 19 suverän
230 912 43 18 rätt
289 911 31 20 att
335 910 106 20 fastställa
457 910 52 21 eller
520 910 48 20 icke
580 910 105 20 fastställa
696 909 127 21 ständernas
834 909 36 21 be-

122 946 52 26 slut,
195 945 38 21 allt
254 945 101 21 eftersom
377 946 42 20 han
440 944 48 22 med
511 945 48 21 råds
580 944 50 21 råde
648 944 70 21 finner
734 944 46 21 dem
797 944 73 21 kunna

122 980 63 28 gillas
201 980 53 21 eller
269 980 27 27 ej.

192 1015 109 21 Utskottet
321 1014 38 21 har
377 1015 83 27 jemväl
479 1014 120 28 föreslagit,
615 1014 36 20 det
667 1013 117 21 ständerne
799 1014 71 20 skulle

123 1051 29 20 uti
170 1050 36 20 det
221 1050 149 27 underdåniga
385 1056 48 14 svar
448 1049 28 28 på
490 1049 42 21 den
547 1048 79 28 nådiga
641 1048 171 28 propositionen,
824 1054 46 14 som

122 1085 23 21 af
163 1085 49 21 dem
229 1084 102 28 afgifves,
346 1084 69 21 uttala
431 1083 41 22 den
489 1084 89 26 önskan,
594 1085 31 19 att
641 1083 57 21 inför
714 1084 155 20 nästsamman-

123 1120 103 20 trädande
242 1119 87 21 ständer
345 1118 75 27 skulle,
436 1118 7 21 i
459 1118 156 27 sammanhang
630 1117 49 21 med
695 1117 174 28 räkenskaperne

122 1154 60 21 öfver
205 1154 40 21 den
270 1155 109 20 allmänna
400 1154 159 26 bevillningen,
579 1152 131 28 framläggas
730 1152 140 27 redovisning

120 1189 79 29 jemväl
220 1189 33 20 för
273 1188 151 22 användandet
442 1188 24 20 af
482 1188 57 20 hvad
554 1194 78 21 genom
647 1186 222 27 kartasigillataafgif-

121 1226 37 18 ten
174 1224 86 20 influtit.
288 1223 63 21 Huru
367 1230 26 13 en
408 1222 40 21 slik
464 1222 139 28 redovisning
619 1220 54 22 skall
688 1221 74 20 kunna
777 1220 92 28 afgifvas

122 1259 80 20 förmär
214 1259 40 26 jag
269 1258 48 20 icke
332 1257 59 21 fatta.
414 1257 48 21 Den
478 1257 110 20 allmänna
601 1256 126 27 bevillning,
738 1256 131 27 regeringen

122 1293 48 20 sökt
192 1292 36 21 vid
249 1292 70 21 denna
341 1291 102 28 landtdag
464 1291 23 20 af
505 1291 115 20 ständerne
641 1289 96 26 utverka,
758 1291 24 18 är
801 1289 69 28 enligt

121 1327 174 28 propositionens
318 1325 82 28 tydliga
422 1325 95 21 innehäll
541 1324 80 28 begärd
641 1324 32 20 för
691 1323 58 21 vissa
764 1323 105 28 uppgifna

122 1361 109 27 ändamäl,
246 1361 119 27 nemligen:
385 1359 220 26 folkskoleväsendet,
622 1358 246 26 kommunikationerne,

121 1396 150 28 sjöfällningar
291 1395 37 21 och
345 1394 211 28 mossuttorkningar
572 1395 55 20 samt
642 1394 77 20 bäkars
735 1394 40 20 och
790 1393 78 27 fyrfar-

121 1432 49 26 tygs
185 1429 142 29 uppförande.
