1064 1759
830 123 39 21 189

219 188 103 22 Friherre
336 188 26 22 de
376 189 21 21 la
412 189 137 29 Chapelle:
565 189 43 28 Jag
622 190 127 21 instämmer
764 190 7 20 i
781 189 57 21 hvad
848 189 50 21 herr

152 223 75 21 Taube
242 225 73 26 yttrat,
332 223 39 21 och
387 231 63 13 anser
466 225 11 27 $
492 224 53 21 böra
560 224 93 28 qvarstå,
669 224 55 20 blott
739 224 50 21 med
802 224 96 27 följande

150 258 263 28 redaktionsförändring:
435 259 49 26 ,vill
499 258 261 27 hemmansinnehafvare,
776 265 46 14 som
838 258 61 28 skiljt

151 292 34 27 sig
200 293 48 20 från
263 293 101 20 häradets
381 293 53 20 eller
445 293 105 21 socknens
561 293 238 27 brandstodsförening,
811 293 45 20 åter
868 293 31 20 dit

151 327 92 26 inträda,
258 328 36 20 må
309 327 103 28 rättighet
428 327 32 21 till
476 327 77 22 sådant
568 327 97 21 inträde"
682 334 18 14 o.
717 335 15 13 s.
748 334 20 14 v.

219 361 58 22 Herr
292 369 40 14 von
349 362 79 26 Born,
444 362 26 21 K.
486 362 36 21 F.:
536 363 59 20 Herr
610 362 86 21 Taubes
712 369 51 20 nyss
774 361 77 29 gjorda
861 369 37 13 an-

151 396 115 28 märkning
281 396 71 21 skulle
365 397 39 28 jag
419 404 52 13 anse
487 397 19 28 ej
523 397 94 28 förtjena
632 397 109 21 afseende.
764 396 34 21 Då
809 396 89 21 sockne-

150 433 94 19 männen
263 431 47 22 icke
332 431 64 22 hafva
410 431 106 28 rättighet
530 434 32 19 att
577 432 65 28 skilja
656 432 72 28 någon
743 431 48 22 från
803 431 95 21 förenin-

150 473 49 21 gen,
220 466 23 21 så
263 468 36 19 vet
316 467 40 28 jag
375 467 27 28 ej,
422 467 101 21 hvarföre
540 467 25 21 de
581 467 70 21 skulle
666 466 66 21 hafva
747 466 105 28 rättighet
868 467 31 20 att

150 503 67 26 vägra
232 501 79 21 honom
328 501 139 21 återinträde.

217 536 59 21 Herr
297 537 211 21 landtmarskalkens
530 537 52 21 härå
605 537 33 20 till
659 536 85 21 ståndet
764 535 135 22 framställda

150 571 142 28 proposition,
308 578 35 14 om
359 571 36 21 det
410 571 96 21 önskade
522 573 78 27 antaga
616 571 70 21 denna
701 572 11 27 $
724 571 49 20 med
784 570 65 21 sådan
861 573 37 18 än-

149 606 73 27 dring,
243 613 46 14 som
309 606 34 21 till
362 606 53 28 följe
436 606 24 21 af
476 606 43 21 den
538 606 128 21 förändrade
682 605 112 22 redaktion
813 607 8 19 1
838 607 12 26 8
866 612 32 14 er-

149 641 73 26 hållit,
243 647 50 14 vore
314 641 24 20 af
355 641 71 21 nöden
447 641 40 21 och
502 641 23 21 af
538 641 92 21 friherre
645 641 25 21 de
687 641 20 20 la
724 640 103 29 Chapelle
842 641 56 20 före-

151 675 82 27 slagits,
249 675 118 28 bejakades
383 676 23 20 af
420 675 91 22 ståndet.

218 709 118 28 Upplästes
352 711 12 20 3
380 711 11 27 $
407 711 7 20 i
429 710 42 21 den
486 710 79 28 nådiga
575 710 163 29 propositionen
750 711 55 20 samt
816 710 82 21 utskot-

151 746 42 19 tets
210 744 138 22 betänkande
363 745 7 20 i
386 745 71 21 denna
469 745 44 27 del,
530 745 51 21 derä

217 779 58 21 Herr
297 787 42 14 von
362 780 78 27 Born,
461 779 27 22 K.
506 780 35 27 F.,
564 780 72 21 anhöll
660 787 34 14 om
717 780 61 21 ordet
798 780 39 21 och
856 781 42 27 ytt-

151 814 61 21 rade:

217 850 41 27 Då,
273 851 28 27 på
317 852 43 19 sätt
375 851 11 27 $
401 851 12 20 3
428 851 132 26 förutsätter,
576 850 7 21 i
598 849 108 22 anseende
720 850 32 21 till
763 850 51 21 flere
826 850 72 27 lägen-

150 885 72 21 heters
247 885 120 28 öfvergång
390 886 32 20 till
445 888 66 18 annat
535 885 203 28 brandstodsbolag,
761 885 137 21 sockneföre-

150 919 63 29 nings
229 920 152 21 bibehållande
397 920 47 21 icke
459 920 73 21 vidare
542 921 91 26 ansåges
644 927 50 14 vara
706 920 33 21 för
750 919 25 21 de
787 919 45 21 deri
842 919 57 21 åter-

150 955 89 21 stående
259 955 255 28 lägenhetsinnehafvare
532 955 135 27 förmånligt,
687 955 50 20 ville
750 955 39 27 jag
804 954 34 21 för
853 954 45 21 min

151 989 34 21 del
201 989 70 22 tillåta
286 989 49 22 dem
351 992 38 25 att,
406 997 33 14 om
456 990 25 21 de
498 991 23 20 så
536 990 74 27 önska,
621 990 85 21 ansluta
717 989 34 28 sig
762 989 32 20 till
805 990 93 27 angrän-

150 1025 66 20 sande
237 1025 91 21 sockens
344 1025 107 28 förening,
466 1025 67 22 derest
548 1025 124 29 delägarene
687 1026 9 20 i
709 1024 128 22 sistnämnde
855 1032 43 13 soc-

150 1060 39 20 ken
205 1060 69 21 dertill
289 1061 94 20 lemnade
398 1061 36 20 sitt
447 1061 110 28 samtycke,
574 1060 39 21 och
629 1059 37 21 det
681 1060 24 21 så
720 1059 87 28 mycket
822 1058 76 27 hellre,

149 1101 46 14 som
214 1095 39 27 jag
273 1096 20 27 ej
314 1095 43 21 kan
377 1095 53 27 inse,
453 1097 31 19 att
504 1095 72 28 någon
595 1095 115 28 olägenhet
726 1094 62 21 deraf
802 1094 96 27 uppstår,

150 1131 59 25 enär,
225 1130 68 28 enligt
307 1137 30 14 nu
354 1130 98 28 gällande
468 1130 156 27 lagstadgande
640 1129 7 21 i
664 1131 78 25 ämnet,
754 1129 33 21 till
798 1129 40 20 och
849 1128 49 21 med

150 1166 31 19 ett
199 1164 48 21 helt
264 1165 68 21 härad
349 1165 59 28 finge
428 1166 77 27 utgöra
520 1172 125 21 gemensam
661 1163 237 28 brandstodsförening.

150 1199 84 20 Genom
257 1199 66 21 sådan
346 1199 126 28 anslutning
494 1199 72 22 kunde
589 1199 159 28 upplösningen
769 1198 23 21 af
809 1198 89 21 sockne-

149 1233 111 28 förening,
281 1241 47 14 som
348 1234 64 27 eljest
429 1234 7 20 i
452 1234 107 21 anseende
574 1234 34 21 till
624 1234 121 27 qvarblifne
760 1232 138 28 lägenheters

147 1267 92 28 fåtaliga
253 1268 66 27 antal,
336 1268 64 21 äfven
418 1269 58 20 emot
492 1269 140 27 delägarenes
649 1267 89 26 önskan,
749 1267 71 21 blefve
831 1266 67 21 ound-

150 1302 73 27 viklig,
239 1303 94 27 mången
348 1303 58 27 gång
421 1303 152 27 förekommas,
589 1303 33 20 till
638 1301 79 22 båtnad
731 1301 33 22 för
774 1301 124 28 lägenhets-

150 1337 169 21 innehafvarene
336 1337 83 28 sjelfve.

219 1371 45 20 Och
281 1374 66 25 antog
363 1372 87 20 ståndet
464 1371 164 28 ifrågavarande
644 1371 11 27 8
671 1371 23 21 så
709 1370 97 27 affattad,
822 1377 45 14 som
885 1371 9 19 1

145 1404 35 27 '8:s
195 1405 128 21 förändrade
340 1405 81 28 lydelse
437 1405 114 27 påkallade
567 1406 55 20 samt
637 1404 50 21 med
703 1404 36 21 det
754 1404 24 21 af
791 1404 50 21 herr
855 1411 41 14 von

146 1433 63 27 Born
223 1439 125 28 föreslagna
364 1440 98 27 tillägget
476 1439 34 21 till
525 1439 130 22 densamma.
