1034 1756
200 134 40 25 190

239 203 107 29 Slutligen
367 202 110 29 upplästes
498 202 13 22 4
531 204 12 27 $
562 202 7 22 i
591 202 41 22 den
652 201 81 30 nådiga
752 201 165 31 propositionen

170 238 112 22 äfvensom
297 237 149 22 betänkandet
461 237 107 22 deröfver.

237 273 97 21 Hvilken
354 272 11 28 $
377 272 82 28 jemväl
475 272 23 22 af
511 272 86 22 ständet
612 272 132 28 godkändes,
759 272 50 22 med
823 273 41 21 den
880 274 37 20 än-

170 308 64 28 dring
255 308 67 21 likväl
342 309 41 25 att,
403 307 28 29 pä
451 309 42 19 sätt
513 307 40 21 ock
572 307 107 21 utskottet
694 307 6 21 i
717 308 49 21 dess
781 308 137 22 betänkande

170 343 121 28 föreslagit,
315 342 70 22 ordet:
410 342 262 27 ,tillstädeskommande*
696 343 85 28 utbytes
805 344 58 20 emot
884 345 33 19 ut-

170 378 95 28 trycket:
281 377 216 27 ,tillstädeskomne.*

238 412 101 22 Ständets
359 412 8 20 i
387 412 59 21 detta
466 412 79 22 ärende
566 412 80 22 fattade
666 412 72 22 beslut
754 413 68 21 skulle
838 420 79 21 genom

171 447 78 29 utdrag
268 454 26 14 ur
314 447 59 21 detta
386 447 108 28 protokoll
510 447 106 28 delgifvas
632 447 141 21 medständen
788 447 33 21 till
836 448 82 21 känne-

171 483 49 21 dom
241 484 56 19 samt
317 481 251 29 expeditionsutskottet,
584 482 6 21 i
607 482 101 21 afseende
724 483 13 20 å
752 482 130 29 vidtagande
898 483 23 20 af

171 518 41 21 den
228 518 28 28 pä
270 517 107 21 utskottet
391 517 158 21 ankommande
565 517 82 28 ätgärd.

240 551 175 22 Sammanträdet
430 551 111 29 upphörde
557 551 52 22 härä
624 551 30 21 kl.
671 553 25 26 1/,
706 553 24 19 11
748 559 18 14 e.
782 559 27 14 m.

670 593 19 16 In
706 592 59 17 fidem:

573 620 77 20 Victor
662 621 26 19 de
700 621 23 19 la
735 620 116 25 Chapelle.

298 733 64 29 Den
383 733 37 28 22
442 733 130 36 Januari,
592 732 41 29 kl.
656 734 36 27 11
714 734 18 27 f.
754 744 35 17 m.

238 797 137 21 Protokollet
390 796 33 21 för
438 796 161 29 ridderskapets
615 797 39 20 och
670 796 76 21 adelns
761 797 159 22 sammanträde

172 832 41 21 den
230 833 26 20 15
271 832 7 21 i
294 832 71 21 denna
380 831 79 22 mänad
473 832 111 28 upplästes
595 831 7 21 i
613 832 102 21 afseende
727 833 8 20 &
746 832 116 29 justering,
873 832 48 22 der-

172 867 36 21 vid
228 867 61 21 ordet
308 867 107 27 begärdes
435 867 24 20 af
472 867 50 21 herr
538 866 153 27 Schauman,
707 867 26 20 B.
750 867 35 27 O.,
801 875 46 14 som
863 869 58 20 emot

173 902 96 21 ständets
290 909 82 14 samma
391 901 42 28 dag
453 901 81 22 fattade
549 901 72 22 beslut
636 902 7 20 i
659 901 118 29 anledning
792 903 24 20 af
828 902 92 22 friherre

173 937 119 29 Carpelans
307 937 41 21 och
357 937 52 21 herr
419 936 125 29 Törngrens
555 937 137 21 memorialer
703 943 34 15 om
748 937 173 28 reorganisation

173 972 23 21 af
213 971 85 23 landets
318 972 77 27 högsta
411 972 155 27 styrelseverk,
587 971 239 29 ministeransvarighet
845 979 28 14 m.
893 980 28 14 m.

172 1007 72 21 inlade
259 1014 26 14 en
301 1006 118 28 sälydande
433 1007 145 21 reservation:

239 1042 35 21 Då
294 1042 35 21 vid
349 1041 98 22 sistlidne
468 1041 87 29 fredags
576 1041 149 29 aftonplenum
742 1042 41 21 den
800 1043 25 21 15
841 1042 80 22 dennes

173 1076 91 22 friherre
285 1076 118 29 Carpelans
419 1076 40 22 och
475 1076 50 22 herr
541 1076 126 28 Törngrens
682 1077 240 28 petitionsmemorialer

174 1111 111 29 angående
307 1111 202 28 reorganisationen
530 1111 24 21 af
571 1111 84 21 landets
674 1112 77 27 högsta
767 1112 155 28 styrelseverk,

173 1146 239 28 ministeransvarighet
427 1153 28 13 m.
471 1153 34 19 m.,
522 1146 133 28 föredrogos,
670 1146 76 21 trodde
760 1147 39 27 jag
813 1148 32 19 att
860 1146 63 22 dessa

173 1180 144 28 memorialer,
340 1180 74 21 hvilka
433 1180 57 21 varit
510 1180 119 28 bordlagda
649 1188 27 13 en
691 1181 89 21 mänads
796 1180 40 28 tid,
853 1180 69 22 skulle

173 1215 142 21 underkastas
337 1222 28 14 en
387 1215 65 28 skarp
473 1215 40 21 och
534 1215 102 28 grundlig
656 1215 68 21 kritik
744 1216 24 20 af
785 1215 138 29 sakkunniga

172 1251 50 20 män
248 1250 53 21 eller
324 1250 40 20 ock
386 1249 55 21 först
461 1250 124 21 remitteras
608 1250 34 20 till
665 1250 36 21 det
716 1250 94 21 enskilta
825 1250 98 22 besvärs-

171 1284 108 21 utskottet
301 1286 32 18 att
354 1285 100 20 närmare
473 1284 89 27 pröfvas
580 1285 39 20 och
635 1285 115 26 granskas,
766 1285 7 20 i
787 1285 70 21 likhet
872 1285 52 21 med

172 1318 68 21 andra
258 1318 108 28 vigtigare
387 1318 40 20 och
442 1324 59 14 mera
518 1318 133 21 omfattande
667 1318 81 28 frägor,
762 1318 65 21 innan
844 1319 26 21 de
886 1326 37 13 an-

172 1354 62 26 togos
254 1352 24 21 af
295 1352 152 28 ridderskapet
467 1352 40 21 och
523 1352 63 21 adeln
602 1352 39 21 och
658 1352 25 21 de
700 1352 70 28 öfriga
784 1352 91 22 ständen
890 1352 33 22 in-

171 1386 78 29 bjödos
265 1388 31 20 att
311 1386 77 22 förena
403 1386 34 28 sig
453 1393 34 15 om
503 1386 59 28 dem;
578 1386 27 22 dä
620 1386 76 22 sädant
712 1387 67 21 likväl
795 1388 20 28 ej
832 1387 91 28 skedde,

174 1422 40 21 och
227 1422 39 28 jag
283 1422 107 20 dessutom
407 1421 47 21 blef
467 1422 89 28 upplyst
566 1421 85 28 derom,
662 1423 32 20 att
704 1422 220 30 petitionsförslagen,

172 1456 8 22 i
201 1456 36 22 det
257 1463 94 21 omogna
371 1456 61 22 skick
451 1456 26 22 de
492 1456 96 22 befunno
604 1457 43 28 sig,
664 1457 70 21 skulle
750 1457 173 23 kommuniceras
