1039 1761
192 145 41 20 726

163 209 69 21 under
251 209 83 22 dennas
352 208 90 29 ledning
458 209 60 21 såväl
532 209 8 20 i
556 208 103 21 afseende
675 209 13 20 &
703 211 108 26 utrymme
827 209 40 21 och
883 209 32 21 in-

162 243 103 28 redning,
286 250 47 14 som
353 243 50 21 med
423 243 125 21 hänseende
566 243 33 21 till
615 243 134 28 fångvården
765 243 24 21 så
804 243 111 28 iordning-

163 278 86 26 ställda,
261 279 32 19 att
305 278 26 20 de
347 277 7 20 i
370 277 42 21 alla
427 277 60 21 delar
502 279 110 19 motsvara
627 277 26 21 de
669 277 71 28 begge
752 277 163 28 författningar,

163 319 46 14 som
225 312 7 21 i
246 311 165 29 propositionen
426 312 37 20 äro
479 312 132 28 föreslagna.

230 346 59 22 Herr
304 346 107 28 Linder,
428 346 32 20 E.:
477 346 43 28 Jag
535 346 133 27 hemställer,
681 352 34 15 om
727 346 37 22 det
778 346 49 21 icke
843 346 72 22 kunde

164 381 145 21 öfverlemnas
325 381 22 21 åt
362 381 144 28 regeringens
523 380 148 29 bepröfvande
691 382 32 19 att
741 381 72 21 införa
832 381 84 21 författ-

163 416 82 28 ningen
261 416 8 20 i
284 416 74 28 öfrigt,
372 416 24 20 så
410 417 61 19 snart
487 416 131 28 regeringen
634 422 63 14 anser
713 415 36 22 det
765 416 82 28 nödigt.

232 451 11 21 I
258 450 60 22 detta
336 450 101 28 yttrande
456 450 106 21 instämde
578 450 51 22 herr
644 450 90 27 Munck,
750 450 27 21 K.
793 450 36 27 F.,
845 450 71 22 äfven.

232 484 46 22 Och
291 484 87 26 beslöts,
390 485 28 28 på
428 485 50 21 herr
489 484 212 22 landtmarskalkens
713 485 73 21 derom
797 492 30 14 nu
839 486 78 28 gjorda

162 519 174 28 framställning,
352 520 32 20 att
399 520 22 20 åt
436 520 129 28 regeringen
583 519 71 21 skulle
671 519 145 21 öfverlemnas
831 522 32 18 att
879 520 36 20 be-

163 555 93 19 stämma
271 553 61 21 tiden
347 553 28 21 då
389 553 167 28 ifrågavarande
571 553 131 28 författning
717 553 8 21 i
736 553 70 29 öfriga
817 554 31 21 uti
859 556 57 19 näst-

163 587 143 22 omförmälda
322 587 72 21 beslut
409 588 49 20 icke
474 587 92 22 berörde
581 588 62 20 delar
658 587 66 22 borde
741 588 32 20 till
785 588 131 21 efterlefnad

163 622 126 21 fastställas.

232 656 72 21 Sedan
320 656 156 28 lagutskottets
491 656 139 21 betänkande
642 656 91 21 sålunda
743 656 72 22 blifvit
825 657 24 21 af
858 657 57 22 stån-

163 691 37 21 det
220 691 164 28 genomgånget
403 691 40 20 och
462 691 111 28 pröfvadt,
594 690 75 21 skreds
691 691 32 20 till
743 691 136 29 granskning
894 691 24 21 af

162 725 158 26 betänkandet,
344 725 70 22 sävidt
437 725 119 22 detsamma
579 725 80 28 angick
678 725 196 28 verkställigheten
895 727 24 20 af

163 759 147 22 frihetsstraff.

231 793 33 22 De
287 793 23 22 af
331 794 107 21 utskottet
461 794 32 21 till
517 795 47 20 stöd
587 794 34 21 för
644 793 49 22 dess
720 794 139 21 betänkande
886 795 30 20 uti

162 827 167 30 ifrågavarande
345 828 104 21 afseende
465 828 136 21 framställda
616 828 93 21 motiver
725 828 119 29 upplästes;
865 829 52 22 derå

163 862 40 21 och
219 862 67 21 sedan
302 863 39 20 här
357 863 135 26 antecknats,
505 864 31 18 att
548 862 76 21 dervid
639 863 67 27 ingen
717 863 145 27 anmärkning
873 864 42 20 för-

162 896 98 28 spordes,
276 896 33 21 till
325 896 162 21 skärskådande
503 896 98 27 företogs
617 896 106 28 förslaget
738 896 33 21 till

262 930 134 30 Förordning
412 938 33 14 om
460 931 157 28 verkställighet
631 939 34 13 om
673 930 147 30 frihetsstraff

163 965 39 21 och
224 964 71 22 blefvo
316 965 76 21 härvid
412 965 24 27 $$
459 966 69 20 1—40
546 965 25 21 af
589 964 259 29 författningsförslagets
865 966 51 21 slut-

162 998 136 29 stadganden
318 1001 53 19 utan
391 1000 125 21 diskussion
534 1000 23 20 af
576 1000 87 20 ständet
681 1001 106 27 antagne;
803 1000 114 22 hvaremot

163 1033 35 22 vid
214 1034 164 28 granskningen
394 1034 24 21 af
431 1034 11 27 8
458 1035 26 21 41

230 1068 59 21 Herr
304 1068 111 27 Munck,
431 1068 27 21 K.
474 1068 35 27 F.,
525 1068 96 28 begärde
637 1068 63 22 ordet
715 1069 41 21 och
771 1069 95 28 yttrade:
883 1070 34 21 Dä

163 1103 37 21 det
215 1104 24 19 är
254 1102 75 27 kändt,
344 1104 32 19 att
390 1103 22 21 vi
427 1102 34 22 för
476 1103 135 22 närvarande
628 1104 19 27 ej
664 1103 65 22 hafva
739 1103 81 22 sädana
833 1104 84 29 fängel-

163 1143 41 20 ser,
220 1144 46 14 som
282 1137 7 20 i
310 1137 72 22 denna
402 1137 132 29 författning
554 1137 137 28 förutsättas,
712 1138 63 21 torde
795 1138 36 21 det
848 1139 69 21 blifva

163 1171 110 28 omöjligt,
292 1173 32 19 att
344 1171 127 21 densamma
486 1172 43 21 kan
546 1172 62 21 träda
623 1172 8 20 i
646 1172 139 21 verksamhet
801 1173 57 20 ännu
874 1173 42 20 den

165 1207 8 19 1
189 1204 88 28 januari
298 1206 60 20 1865.
389 1206 73 21 Jemte
477 1206 37 21 det
526 1206 39 28 jag
580 1206 85 21 således
680 1206 99 28 föreslår,
795 1208 32 19 att
842 1207 37 21 det
894 1207 23 21 åt

163 1239 130 28 regeringen
311 1240 70 21 skulle
398 1240 144 22 öfverlemnas
560 1242 31 19 att
607 1240 122 22 bestämma
740 1242 39 20 när
792 1240 124 22 författnin-

162 1280 43 21 gen
226 1274 54 20 skall
300 1274 63 21 träda
378 1274 7 20 i
400 1275 149 26 verksamhet,
566 1275 37 21 vill
616 1275 40 27 jag
671 1275 71 21 tillika
758 1275 100 28 uttrycka
874 1275 41 22 den

163 1307 95 27 önskan,
279 1309 32 19 att
331 1308 141 28 regeringen,
490 1309 68 21 innan
573 1309 42 21 den
631 1309 84 21 skrider
732 1309 33 21 till
780 1310 136 27 uppförande

163 1341 24 21 af
204 1341 26 21 de
246 1342 117 28 fängelser,
379 1349 47 14 som
442 1342 70 29 enligt
527 1344 72 20 denna
613 1343 130 28 författning
758 1343 68 21 blifva
841 1344 24 20 af
879 1345 37 20 nö-

162 1376 51 27 den,
228 1376 75 27 mätte,
319 1376 33 22 för
372 1378 32 20 att
419 1377 63 21 dessa
496 1378 36 21 mä
547 1377 75 21 kunna
637 1378 54 21 bäde
708 1378 103 28 uppföras
826 1378 34 21 till
876 1378 41 22 bil-

162 1411 41 28 ligt
218 1411 45 28 pris
279 1411 40 21 och
334 1412 65 28 göras
415 1412 24 21 sä
454 1412 187 28 ändamälsenliga
655 1419 47 15 som
717 1413 94 28 möjligt,
824 1413 93 22 utsända

163 1446 73 27 nägon
255 1446 35 22 för
309 1446 69 22 saken
396 1446 133 22 intresserad
549 1454 90 21 person,
660 1454 46 15 som
726 1449 51 27 toge
793 1448 121 22 kännedom
