1039 1748
805 126 41 21 489

189 192 59 21 Herr
269 192 101 22 Schildt
388 192 108 21 instämde
512 192 63 21 äfven
591 192 8 21 i
614 192 51 21 herr
679 192 137 22 Ehrnrooths
831 193 42 27 ytt-

121 227 74 21 rande.

189 261 57 21 Herr
263 261 154 27 Schauman,
434 261 20 21 J.
469 262 37 26 A.,
526 261 51 21 ville
597 261 110 21 bibehålla
722 261 151 27 redaktionen,

121 295 92 21 emedan
229 297 31 19 ett
276 295 76 21 sådant
367 296 117 20 kollektivt
499 295 93 28 uttryck,
604 302 46 14 som
661 296 161 28 ,gemenskap*,
835 296 38 20 all-

121 330 60 21 deles
201 330 49 21 icke
269 336 52 15 vore
342 330 136 21 användbart
492 336 34 15 om
542 330 153 21 förafskedade
711 330 102 27 soldater,
827 337 47 15 som

121 365 38 20 äro
183 364 152 29 förskingrade
355 364 56 22 ifrån
430 364 32 22 sin
483 366 65 27 trupp
570 364 40 22 och
629 364 88 29 spridda
739 365 65 28 kring
823 365 52 22 land

123 399 39 21 och
178 399 54 21 rike.

189 434 12 21 I
221 434 119 29 anledning
360 434 23 22 af
401 434 72 22 denna
494 434 123 22 diskussion
639 434 77 22 ställde
736 434 51 22 herr
802 434 72 22 ordfö-

122 469 83 21 randen
220 469 33 21 till
268 469 87 21 ståndet
370 469 175 28 propositionen:

191 521 9 9 »
204 504 45 20 Vill
264 504 153 28 ridderskapet
432 504 40 21 och
488 504 64 21 adeln
568 505 80 27 antaga
664 504 11 21 7
691 504 12 28 8
719 504 23 21 af
755 504 119 22 betänkan-

122 538 37 21 det
174 538 137 21 oförändrad.

189 572 50 22 Den
260 580 45 14 som
326 573 38 21 vill
384 575 80 26 antaga
484 573 65 29 sagde
571 574 12 27 $
604 573 131 21 oförändrad
754 580 73 14 svarar
840 574 34 28 ja;

122 606 41 22 den
180 607 37 21 det
232 607 49 21 icke
296 608 38 20 vill
350 615 74 14 svarar
440 608 43 28 nej.

189 641 85 21 Vinner
290 642 44 28 nej,
349 642 90 22 föreslås
455 642 127 28 förändring
596 642 54 21 eller
665 642 96 28 tillägg";

121 676 116 21 hvaröfver
252 676 28 28 på
296 676 94 28 begäran
406 676 75 21 skreds
497 676 33 21 till
546 676 111 28 votering,
673 683 46 14 som
734 676 64 22 utföll

285 712 7 20 i
308 711 57 28 3:dje
381 712 28 20 kl.
425 711 49 21 med
491 712 23 20 11
527 712 29 28 ja
572 711 40 21 och
629 712 26 20 10
671 712 40 28 nej,

286 762 8 11 n
311 746 55 21 208
388 762 10 11 m
448 762 9 11 »
501 746 46 26 Eg
585 762 10 10 »
640 746 51 26 Vn

287 777 87 35 niistä
393 797 7 11 »
450 797 9 10 »
504 781 45 25 Bn
587 796 9 10 »
641 781 51 25 4»

191 815 97 21 Emedan
302 816 24 28 ja
340 816 8 20 i
363 816 36 21 två
414 815 84 21 klasser
513 816 80 26 segrat,
604 814 87 22 komme
706 816 12 27 &
735 816 11 20 7
762 815 24 21 af
799 816 74 21 betän-

123 850 82 21 kandet
220 852 32 19 att
268 850 130 22 oförändrad
415 849 125 22 bibehällas.

191 886 11 26 8
219 886 19 20 8.

189 919 59 22 Herr
268 927 41 14 von
330 919 132 22 Kremer:
483 919 76 21 Ehuru
575 919 40 28 jag
629 919 68 21 redan
715 919 37 22 vid
772 920 42 21 den
834 921 39 20 all

123 956 79 19 männä
218 954 151 21 diskussionen
386 954 60 21 öfver
462 954 117 21 utskottets
593 953 82 29 förslag
685 954 40 22 har
735 954 92 29 angifvit
838 955 36 21 det

123 989 111 28 undantag
246 990 40 27 jag
302 989 94 21 önskade
412 989 90 28 tillägga
518 989 118 20 utskottets
652 989 89 28 förslag,
755 990 23 20 sä
788 989 39 21 ber
834 990 41 28 jag

123 1024 55 21 dock
199 1026 31 19 att
245 1031 39 20 nu,
300 1024 27 21 dä
342 1024 42 21 den
400 1025 34 26 8:n
450 1023 122 28 afhandlas,
588 1023 62 21 hvari
665 1030 83 21 samma
763 1024 110 28 undantag

122 1059 39 21 bör
182 1059 145 27 förekomma,
348 1059 22 20 få
384 1058 127 29 ytterligare
527 1057 98 28 förorda,
641 1059 32 20 att
689 1059 11 27 $
717 1059 26 20 12
756 1058 7 21 i
779 1058 42 22 den
835 1059 38 21 nä-

123 1094 50 28 diga
188 1094 165 28 propositionen
368 1094 36 21 mä
420 1095 90 27 antagas
526 1093 137 27 oförändrad,
679 1093 110 28 nemligen
803 1093 71 28 begge

123 1130 151 20 momenterna
289 1128 67 21 deraf.

191 1163 57 21 Herr
264 1162 144 21 Molander:
425 1163 43 27 Jag
483 1169 69 20 anser,
564 1163 33 20 att
613 1162 90 21 sednare
719 1164 119 19 momentet
852 1163 24 20 af

123 1199 12 26 8
155 1199 12 20 8
189 1197 66 21 borde
275 1197 59 21 bilda
354 1203 27 14 en
402 1203 56 22 egen
478 1198 18 26 $,
512 1197 28 28 pä
556 1196 36 21 det
608 1198 31 19 att
655 1197 129 27 stadgandet
799 1197 8 20 i
822 1197 51 21 den-

123 1239 82 14 samma
224 1231 93 21 rörande
338 1231 196 28 krononybyggare
554 1231 19 27 ej
593 1231 68 20 mätte
681 1231 102 26 hänföras
797 1231 77 21 endast

123 1267 33 20 till
170 1266 102 21 karelska
287 1265 91 21 andelen
395 1265 23 21 af
431 1265 87 28 Kuopio
534 1265 43 26 län,
593 1264 34 21 till
642 1265 89 21 hvilken
745 1265 129 28 stadgandet

122 1301 8 21 i
146 1301 68 20 första
228 1301 121 20 momentet
365 1300 23 21 af
402 1307 82 14 samma
499 1301 11 26 $
525 1299 79 22 hänför
619 1299 40 28 sig.

192 1335 58 20 Herr
264 1342 43 13 von
322 1334 197 28 Weissenberg:
535 1334 58 21 Herr
607 1341 42 14 von
664 1333 99 22 Kremer
779 1334 38 20 har
831 1334 43 21 för-

123 1369 72 25 ordat,
216 1371 30 18 att
268 1370 26 18 12
309 1369 11 26 $
336 1369 7 19 i
359 1369 41 19 den
420 1369 79 26 nådiga
519 1368 164 27 propositionen
703 1368 39 20 här
761 1368 70 20 skulle
852 1369 22 20 få

123 1403 33 20 sin
172 1403 63 26 plats.
266 1403 43 26 Jag
324 1403 43 19 kan
383 1403 19 26 ej
419 1402 77 21 förena
510 1401 45 28 mig
570 1401 50 21 med
635 1401 88 26 honom,
739 1403 23 26 ty
778 1402 41 21 den
835 1409 38 20 ny-

123 1437 103 29 byggare,
243 1443 45 14 som
305 1436 102 22 behöfver
423 1442 27 15 en
464 1437 148 27 uppmuntran
628 1435 23 22 af
665 1436 27 21 50
707 1435 72 28 kopek
794 1435 34 22 för
842 1437 31 20 att
