1039 1770
196 137 41 19 612

168 210 46 14 som
235 209 26 14 en
282 202 80 20 allmän
383 201 169 27 sjelfbestäende
573 200 96 22 straffart
691 202 62 20 hafva
770 202 67 27 några
861 202 57 21 leda-

168 238 70 20 möter
257 236 59 21 inom
337 235 106 21 utskottet
463 237 58 18 emot
541 235 49 21 dess
611 235 138 21 betänkande
771 236 89 28 nedlagt
886 243 32 14 re-

167 271 118 26 servation,
301 270 40 20 och
356 270 64 21 utber
432 270 40 27 jag
487 270 45 27 mig
547 271 31 19 att
595 276 28 14 nu
638 270 21 20 få
675 270 92 28 åberopa
787 270 60 22 såväl
861 270 57 22 hvad

167 306 95 22 nämnda
276 304 140 27 reservation,
432 311 45 14 som
494 304 40 21 ock
549 304 57 21 hvad
617 304 246 22 redaktions-komitöns
873 312 45 14 mo-

167 341 57 21 tiver
238 340 8 21 i
261 340 60 20 detta
336 340 64 20 ämne
416 338 116 22 innehålla.

235 375 79 21 Denna
328 373 144 28 bestraffning
487 380 65 21 synes
566 373 47 28 mig
627 373 53 21 böra
696 374 78 28 ogillas
789 375 28 27 på
836 381 83 14 samma

167 409 96 29 grunder
283 415 47 14 som
350 408 26 20 de
392 408 70 28 öfriga
477 407 79 28 fysiskt
571 408 107 20 affliktiva
693 408 97 21 straffen.
820 409 50 21 Den
885 410 33 20 ut-

167 443 61 22 öfvar
246 442 82 22 verkan
349 441 77 22 endast
446 442 28 28 på
488 442 157 27 brottslingens
661 442 82 27 fysiska
759 445 64 19 natur
839 443 40 21 och
895 445 23 19 är

167 479 74 21 alltför
255 477 82 27 hastigt
352 476 145 28 öfvergående
512 477 34 20 för
562 478 32 19 att
607 476 74 21 kunna
697 477 136 28 grundlägga
845 477 73 29 någon

168 512 100 28 varaktig
282 511 103 28 bättring.
415 511 44 20 Det
474 511 57 21 lärer
547 511 20 28 ej
583 511 70 21 heller
668 511 74 21 kunna
757 511 115 28 bestridas,
886 513 32 20 att

167 547 98 27 fängelse
280 545 36 22 vid
330 547 75 19 vatten
422 545 40 20 och
482 545 60 27 bröd,
558 545 107 21 utsträckt
680 545 32 21 till
728 545 41 21 den
784 546 87 28 längsta
886 546 32 21 tid

167 589 30 14 nu
216 580 101 29 gällande
336 580 38 28 lag
393 580 137 26 bestämmer,
549 581 40 19 när
608 579 37 21 det
662 579 51 21 med
728 580 112 28 stränghet
856 580 62 22 verk-

167 616 85 26 ställes,
272 614 119 22 innefattar
406 615 32 20 ett
453 614 72 27 straff,
542 621 46 14 som
604 614 43 21 kan
669 614 65 21 hafva
754 615 95 27 menliga
868 615 50 28 följ-

166 651 39 21 der
220 650 34 21 för
274 649 42 22 den
336 648 115 22 straffades
469 649 63 21 helsa
547 648 41 22 och
603 648 117 28 dessutom,
736 649 133 21 åtminstone
884 650 35 21 för

166 686 43 21 den
224 685 110 21 närmaste
346 682 116 22 framtiden
474 683 56 21 efter
544 683 95 21 straffets
651 683 160 28 undergående,
821 684 98 21 minskar

166 720 168 27 delinqventens
354 718 172 27 kroppskrafter,
544 718 115 21 hvaremot
673 718 47 20 åter
735 718 13 21 å
763 718 68 21 andra
846 718 72 26 sidan,

167 754 27 22 då
214 753 60 21 detta
294 752 64 21 straff
375 752 50 21 med
440 752 101 28 slapphet
556 751 140 28 handhafves,
711 752 67 28 ingen
794 753 123 27 repression

166 788 64 22 deraf
242 790 24 19 är
281 789 33 19 att
328 786 106 22 förvänta,

234 822 51 22 Men
298 822 40 27 jag
352 821 40 21 har
408 827 42 21 nog
465 821 65 27 länge
546 820 56 28 tagit
615 820 119 28 höglofliga
753 821 163 29 ridderskapets

166 857 40 21 och
226 856 76 22 adelns
320 855 193 29 uppmärksamhet
531 856 8 20 i
560 855 101 27 anspråk.
691 855 44 21 För
754 857 32 19 att
804 856 19 28 ej
840 856 79 22 hindra

166 891 68 22 andra
250 890 64 22 ärade
330 889 142 22 medlemmar
488 889 23 21 af
524 889 139 22 riddarhuset
675 891 32 19 att
721 890 8 21 i
750 890 61 21 detta
826 890 91 28 högvig-

165 926 46 28 tiga
226 927 64 20 ämne
305 924 69 21 uttala
389 923 47 22 sina
452 924 85 27 tankar,
552 923 68 22 slutar
633 924 39 27 jag
687 931 36 20 nu,
737 924 7 21 i
760 924 37 21 det
809 925 40 28 jag
863 925 54 21 lem-

166 967 40 14 nar
226 959 45 22 min
290 960 46 20 röst
357 959 22 20 åt
400 958 36 21 det
456 959 6 19 i
484 958 118 29 kejserliga
620 959 166 27 propositionen
805 961 112 26 upptagna

165 991 151 36 straffsystem.
489 1023 21 1 så
538 990 30 39 oa

233 1062 160 22 Diskussionen
416 1062 84 21 afbröts
522 1062 54 21 härå
599 1068 79 22 genom
699 1062 128 21 ankomsten
848 1062 24 21 af
890 1070 27 14 en

164 1098 128 28 deputation
313 1097 48 21 från
380 1096 187 28 borgareståndet,
587 1096 67 21 under
673 1096 120 21 anförande
815 1096 24 22 af
854 1096 64 29 borg-

165 1134 109 20 mästaren
299 1130 93 28 Hildén,
416 1137 46 14 som
478 1130 155 28 tillkännagaf,
649 1132 31 19 att
700 1130 189 28 borgareståndet,
909 1131 8 21 i

165 1166 119 27 anledning
299 1165 23 21 af
336 1164 255 28 expeditionsutskottets
607 1165 112 26 anmälan,
735 1166 32 19 att
783 1165 26 20 de
825 1165 91 21 stånden

164 1201 94 21 emellan
278 1199 86 29 yppade
385 1199 59 21 olika
464 1200 113 27 meningar
597 1199 37 21 vid
653 1198 130 29 afgörandet
801 1199 24 21 af
838 1199 80 28 nådiga

164 1234 165 29 propositionen
350 1240 34 14 n:o
405 1234 28 20 40
452 1233 114 29 angående
587 1233 125 29 grunderna
732 1233 33 21 för
789 1240 26 14 en
836 1233 80 22 allmän

164 1268 131 28 författning
310 1274 35 14 om
358 1268 49 28 jagt
423 1268 39 20 och
478 1268 102 28 djurfång
596 1268 101 27 utgjorde
712 1267 79 21 hinder
806 1268 34 20 för
855 1268 61 21 affat-

164 1303 75 21 tandet
253 1303 25 20 af
291 1304 32 19 ett
338 1304 136 24 gemensamt
489 1302 128 21 ständernas
633 1302 72 20 beslut
720 1302 6 20 i
742 1302 75 26 saken,
830 1302 86 21 förenat

164 1336 34 27 sig
212 1335 50 22 med
278 1335 151 26 ridderskapet
444 1335 39 20 och
498 1335 62 20 adeln
572 1335 31 20 uti
614 1334 27 21 de
652 1334 192 28 omständigheter,
855 1335 61 21 hvari

164 1369 99 22 bemälde
279 1371 80 19 tvenne
375 1368 63 21 stånd
452 1371 87 18 stannat
554 1369 32 20 uti
598 1368 59 21 olika
671 1369 123 28 meningar,
805 1371 60 19 utom
879 1369 36 21 be-

163 1404 108 21 träffande
292 1403 91 21 böterne
404 1403 34 21 för
453 1403 99 21 dödande
568 1403 24 21 af
605 1403 44 27 elg,
665 1403 32 21 uti
712 1403 89 22 hvilken
817 1403 34 22 del
867 1403 48 22 bor-

163 1437 141 30 gareståndet
319 1437 100 22 vidhållit
434 1437 37 22 sitt
487 1437 58 22 förra
559 1437 78 22 beslut.
