1061 1773
826 123 28 20 63

128 187 7 21 i
149 186 55 29 följd
218 186 77 22 hvaraf
309 187 89 21 ärendet
413 187 84 21 således
512 193 29 15 nu
556 187 67 22 borde
639 187 25 21 af
676 188 86 21 ståndet
778 189 103 28 slutligen

129 221 95 29 pröfvas.

195 290 49 21 Den
266 290 7 21 i
295 290 144 28 ofvanantydt
466 291 102 21 afseende
591 291 110 28 afgångna
723 291 157 29 deputationen

128 325 99 21 återkom
242 325 54 20 härå
311 326 55 20 samt
382 325 101 27 anmälte,
494 327 31 19 att
536 325 36 21 det
582 325 155 28 deputationen
753 327 127 21 meddelade

128 359 99 28 uppdrag
242 359 72 21 blifvit
329 359 127 21 verkstäldt.

196 429 58 21 Herr
269 435 42 14 von
327 428 192 29 Weissenberg
537 429 94 28 begärde
652 430 61 21 ordet
729 430 39 21 och
784 431 95 28 yttrade:

127 463 10 21 I
153 464 118 27 anledning
286 463 23 21 af
323 463 44 21 min
389 463 155 28 anmärkning,
565 465 32 20 att
610 464 103 22 skattetal
728 465 7 20 i
751 465 61 22 rubel
828 473 51 13 vore

127 499 120 28 olämpligt,
258 498 39 21 har
309 498 50 21 herr
371 505 42 14 von
429 498 118 21 Bonsdorff
556 499 106 27 anmärkt,
673 501 32 19 att
718 499 162 29 benämningen

126 533 113 28 härvidlag
258 539 53 16 vore
326 533 101 28 likgiltig.
458 533 43 28 Jag
521 535 45 19 tror
587 533 36 21 det
638 534 31 27 ej;
685 535 32 20 ett
732 541 66 14 namn
813 534 43 21 kan
872 535 6 20 i

126 569 59 20 vissa
203 567 38 21 fall
257 569 54 27 göra
325 567 83 28 ganska
423 568 87 27 mycket
525 567 33 21 till
574 567 74 28 saken,
660 569 40 20 och
715 568 27 21 då
758 568 36 21 det
808 569 70 20 finnes

128 609 27 14 en
171 602 100 21 inhemsk
287 601 39 22 och
342 602 81 27 genuin
440 602 138 28 benämning,
590 609 46 14 som
647 603 7 20 i
665 603 75 28 hvarje
755 603 124 20 hänseende

126 638 25 19 är
170 637 138 28 lämpligare,
324 636 24 21 så
364 636 43 21 kan
420 637 41 27 jag
475 638 20 26 ej
511 637 47 21 inse
574 637 102 21 hvarföre
691 644 26 14 en
734 637 41 22 slik
791 637 87 22 benäm-

126 671 53 28 ning
194 671 19 28 ej
230 671 42 20 kan
288 672 96 26 antagas.

194 706 59 20 Herr
272 713 42 14 von
334 705 155 27 Haartman,
511 706 34 21 V.:
561 705 11 21 I
587 705 119 29 anledning
720 706 24 21 af
757 706 56 22 hvad
828 707 50 21 herr

127 747 41 14 von
189 740 159 28 Weissenberg
368 742 67 26 yttrat
455 747 35 14 om
506 740 152 27 skattmarker,
674 741 37 21 vill
724 742 40 27 jag
779 742 98 28 upplysa,

126 777 32 20 att
178 775 59 21 såväl
252 775 7 21 i
275 774 160 28 statsförslaget
456 782 45 14 som
517 775 7 21 i
540 775 26 21 de
583 775 105 21 särskilda
704 776 172 28 utgiftsstaterna

126 810 121 28 uttrycket:
269 810 88 25 ,rubel*
378 810 67 20 redan
465 810 72 21 blifvit
556 810 72 28 utbytt
649 812 45 19 mot
713 811 62 21 mark
791 811 40 21 och
847 813 32 19 att

126 846 36 20 det
188 852 29 14 nu
243 845 62 21 heter
317 844 183 29 jordeboksmark
519 845 6 20 i
545 845 71 21 stället
636 844 34 21 för
690 845 188 27 jordeboksrubel.

125 880 35 21 Då
178 879 146 22 förhållandet
342 879 79 22 mellan
440 879 62 21 rubel
520 880 40 21 och
579 879 63 22 mark
660 880 33 20 för
705 880 133 21 närvarande
854 882 24 19 är

125 915 108 21 faststäldt
257 921 45 15 som
327 915 9 20 1
356 914 33 21 till
406 915 20 26 4,
446 914 23 21 sä
487 914 65 28 följer
573 914 137 27 naturligtvis
729 915 63 20 deraf
804 917 32 19 att
850 921 27 15 en

123 949 182 28 jordeboksrubel
320 956 74 14 svarar
411 950 59 19 emot
485 949 48 28 fyra
545 948 188 29 jordeboksmark.

194 983 57 22 Herr
266 983 203 21 landtmarskalken
485 983 135 21 framställde
635 983 53 20 härä
703 984 173 28 propositionen:

194 1035 8 10 »
204 1017 47 22 Vill
270 1017 152 29 ridderskapet
439 1017 39 21 och
493 1017 64 22 adeln
572 1017 117 29 godkänna
704 1018 173 22 statsutskottets

125 1053 138 21 betänkande
278 1053 8 20 i
301 1052 119 28 anledning
435 1052 24 21 af
472 1052 78 29 nådiga
560 1053 165 28 propositionen
736 1059 35 15 om
782 1053 95 22 revision

125 1088 24 21 af
162 1087 327 29 räntepersedleomsättningen
504 1087 7 20 i
527 1087 87 21 landet?

193 1123 49 20 Den
263 1129 46 14 som
329 1122 38 22 vill
387 1122 116 28 godkänna
523 1122 148 21 betänkandet
691 1129 74 14 svarar
782 1123 33 27 ja;
835 1123 41 20 den

126 1157 36 21 det
177 1157 48 21 icke
241 1157 38 21 vill
295 1164 74 14 svarar
384 1157 56 28 nej."

195 1192 46 21 Och
261 1198 46 14 som
327 1191 71 21 denna
418 1191 135 28 proposition
573 1191 130 21 besvarades
723 1190 50 22 med
788 1191 34 28 ja,
838 1198 38 14 var

125 1227 174 20 statsutskottets
313 1225 166 28 ifrågavarande
494 1225 138 22 betänkande
648 1225 91 21 sålunda
754 1225 24 21 af
790 1225 87 21 ståndet

126 1261 121 27 godkändt;
263 1260 83 21 hvilket
361 1260 71 21 beslut
448 1260 70 21 skulle
532 1266 78 22 genom
620 1259 200 29 protokollsutdrag
832 1259 44 21 del-

126 1295 70 28 gifvas
216 1294 143 22 medstånden
374 1294 33 21 till
423 1294 122 21 kännedom
560 1295 56 20 samt
632 1294 245 28 expeditionsutskottet

125 1330 8 20 i
149 1329 101 22 afseende
266 1330 12 20 å
294 1330 41 20 den
351 1329 27 27 på
393 1329 94 21 nämnde
503 1328 83 22 utskott
601 1328 160 22 ankommande
777 1328 82 28 åtgärd.

194 1397 123 29 Föredrogs
337 1398 33 20 till
390 1398 75 20 vidare
486 1397 75 27 åtgärd
581 1397 155 27 lagutskottets
756 1397 41 21 den
821 1398 25 18 12
870 1397 6 19 i

126 1431 71 22 denna
212 1432 80 20 månad
306 1431 118 27 bordlagde
439 1431 148 27 betänkande,
603 1431 7 20 i
626 1431 119 27 anledning
760 1431 24 21 af
797 1430 79 28 nådiga
