1700 1936
1160 204 27 20 23

465 268 162 22 säterifriheten
647 268 127 28 obetingadt
790 269 39 21 och
844 270 50 19 utan
911 269 79 21 tvekan
1005 268 71 28 afsagt
1091 269 33 27 sig
1140 276 27 14 en
1183 270 33 20 sin

466 302 237 28 företrädesrättighet,
724 303 65 21 också
809 304 6 19 i
835 302 128 27 framtiden,
984 303 27 20 då
1031 303 84 21 landets
1130 304 34 20 väl
1181 303 36 21 det

466 336 95 27 kräfver,
582 343 51 14 vore
654 337 85 26 beredt,
760 339 31 18 att
811 337 132 20 underkasta
964 337 33 27 sig
1012 337 150 27 uppoffringar
1177 337 39 20 och

467 371 32 19 att
515 371 84 20 således
613 371 86 20 landets
715 370 122 27 storfurste,
848 371 27 20 H.
887 370 63 27 Maj:t
964 370 115 28 Kejsaren,
1095 371 72 20 kunde
1180 371 37 27 på-

466 403 69 22 räkna
554 404 161 27 ridderskapets
736 404 40 21 och
797 404 74 21 adelns
891 404 141 27 medverkan,
1051 405 26 20 då
1093 404 36 21 det
1146 404 72 28 gällde

466 437 159 29 förändringar,
646 445 46 14 som
712 438 46 21 afse
779 438 85 21 landets
880 438 161 21 fortskridande
1056 439 7 20 i
1079 439 83 28 andligt
1178 439 40 20 och

466 473 111 21 materielt
597 473 133 26 hänseende,
751 479 35 15 om
807 473 64 20 också
891 472 63 21 dessa
974 473 151 27 förändringar
1145 473 73 20 kunde

466 507 97 28 komma,
585 509 41 26 att,
646 508 7 20 i
672 507 69 21 likhet
759 507 50 21 med
827 507 42 21 den
885 514 30 14 nu
929 507 8 20 i
953 507 36 21 det
1004 509 109 19 närmaste
1130 514 88 21 genom-

467 541 67 27 förda,
550 543 54 26 göra
619 549 28 14 en
661 541 77 22 bresch
754 542 7 20 i
777 541 75 21 adelns
868 548 56 21 egna
939 541 132 28 privilegier.

534 576 59 22 Herr
608 576 145 28 Törngren:
770 576 50 21 Med
835 576 120 27 anledning
966 576 23 21 af
998 576 56 21 hvad
1064 577 50 20 herr
1125 576 93 21 Groten-

467 610 40 21 felt
518 612 86 27 "yttrat,
625 610 70 21 skulle
713 611 39 27 jag
772 611 55 28 våga
847 610 114 27 anmärka,
977 612 32 19 att
1024 611 37 20 det
1075 611 78 28 tillägg
1168 611 51 20 herr

466 645 126 21 Grotenfelt
607 645 78 21 önskat
700 645 33 20 till
748 645 75 21 adelns
839 652 48 14 svar
902 645 28 27 på
945 645 42 21 den
1001 645 78 28 nådiga
1089 645 130 27 propositio-

468 686 50 20 nen,
534 680 48 20 icke
599 680 68 26 enligt
682 679 45 21 min
743 679 56 27 åsigt
815 681 23 19 är
852 679 107 28 lämpligt,
973 680 53 20 utan
1041 681 32 19 att
1083 680 137 27 proposition

467 721 36 13 om
524 716 31 18 ett
575 714 76 21 sådant
670 714 77 27 tillägg
766 714 48 20 bort
829 714 48 26 ske,
892 714 67 20 innan
974 713 78 29 frågan
1067 714 152 21 remitterades

466 748 35 21 till
522 748 116 27 utskottet;
661 748 110 21 dessutom
793 748 75 28 tycker
885 748 40 28 jag
945 748 37 20 det
1002 749 20 27 ej
1044 750 23 18 är
1086 748 86 28 nödigt,
1188 749 32 19 att

467 789 64 15 svara
550 783 29 27 på
599 784 75 25 annat,
695 784 27 19 än
742 782 28 28 på
789 782 86 28 frågan,
897 783 52 19 utan
971 784 31 18 att
1022 782 59 28 gifva
1098 782 69 22 löften
1186 782 34 21 för

466 817 129 27 framtiden;
610 817 22 21 vi
647 816 66 21 binda
728 816 126 28 derigenom
869 816 112 21 händerna
996 817 29 28 på
1040 817 56 27 dem,
1112 824 46 14 som
1174 817 7 20 i
1192 824 27 13 en

467 851 88 21 framtid
575 850 86 22 komma
681 852 32 19 att
732 850 123 28 handlägga
875 850 74 28 dylika
968 850 83 28 frågor;
1071 851 22 21 vi
1109 852 73 20 kunna
1198 852 20 26 ej

467 887 60 25 veta,
547 886 54 20 huru
622 885 26 21 de
669 885 27 21 då
714 886 38 20 äro
772 884 96 22 sinnade.
899 884 93 22 Derföre
1008 885 69 21 skulle
1091 886 39 27 jag
1145 885 74 28 tycka,

468 922 32 18 att
520 920 151 27 ridderskapet
690 919 40 21 och
745 918 64 22 adeln
825 919 46 20 helt
886 918 74 21 enkelt
976 919 6 20 i
998 919 97 27 enlighet
1110 920 50 20 med
1175 920 45 26 lag-

468 953 119 21 utskottets
602 953 137 21 betänkande
756 952 69 21 skulle
840 953 109 26 tillstyrka
965 953 60 20 bifall
1041 953 33 20 till
1088 954 40 20 den
1141 953 79 28 nådiga

467 987 172 29 propositionen.

536 1021 59 21 Herr
610 1021 125 28 Pipping,
750 1021 33 20 F.:
799 1021 72 21 Jemte
884 1021 37 20 det
934 1022 40 27 jag
989 1021 87 21 förenar
1092 1022 44 27 mig
1147 1022 7 20 i
1165 1021 56 22 hvad

468 1056 102 21 sednaste
586 1056 69 20 talare
670 1057 74 26 yttrat,
761 1055 97 21 anhåller
871 1056 39 27 jag
926 1055 82 27 endast,
1025 1057 30 19 att
1071 1056 72 21 såsom
1154 1057 67 26 ytter-

470 1090 70 29 ligare
561 1090 48 21 skäl
629 1090 72 21 dertill
719 1090 22 21 få
755 1089 75 29 lägga,
845 1091 31 20 att
892 1091 72 20 svaret
979 1090 27 27 på
1021 1089 40 21 den
1078 1090 79 28 nådiga
1172 1097 49 21 pro-

468 1125 125 27 positionen
609 1124 98 21 kommer
723 1126 31 19 att
770 1124 93 28 afgifvas
879 1124 103 21 samfäldt
997 1124 48 21 från
1061 1125 43 20 alla
1119 1125 102 26 stånden,

468 1159 41 21 och
524 1159 61 20 torde
601 1159 36 20 det
653 1159 86 20 derföre
755 1165 52 14 vara
823 1158 119 28 olämpligt,
958 1160 31 19 att
1005 1158 45 21 deri
1065 1158 104 21 inblanda
1184 1159 36 20 nå-

468 1195 45 26 got,
528 1200 46 14 som
589 1195 37 20 rör
642 1195 31 19 ett
689 1193 64 21 stånd
769 1193 100 21 enskildt.
893 1193 43 28 Jag
951 1193 120 28 tillstyrker
1087 1193 86 21 derföre
1185 1200 36 14 an-

468 1227 94 28 tagande
578 1227 24 21 af
615 1228 118 20 utskottets
748 1227 145 28 betänkande,
907 1227 76 21 sådant
999 1227 36 20 det
1045 1229 24 19 är
1079 1227 91 28 afgifvet
1182 1227 39 21 och

468 1264 53 19 utan
536 1262 37 21 det
587 1262 24 21 af
623 1263 50 20 herr
689 1262 124 21 Grotenfelt
829 1262 125 27 föreslagna
969 1262 84 28 tillägg.

538 1296 58 20 Herr
611 1296 162 27 Grotenfelt,
789 1296 36 20 A.:
841 1296 50 20 Med
907 1296 117 27 anledning
1035 1296 24 20 af
1068 1295 41 21 den
1121 1295 100 21 sednaste

469 1331 97 20 talarens
586 1330 162 27 framställning
769 1330 70 21 skulle
856 1330 40 27 jag
916 1330 27 20 be
963 1330 22 20 få
1000 1330 86 26 anföra,
1103 1332 30 18 att
1150 1330 36 20 det
1201 1331 19 26 ej

470 1364 62 21 torde
554 1371 52 14 vara
627 1365 114 27 olämpligt
761 1366 32 19 att
810 1365 69 27 jemte
901 1366 71 19 svaret
991 1364 27 27 på
1034 1371 26 13 en
1076 1364 146 27 proposition,

470 1406 46 13 som
532 1401 61 18 rörer
608 1406 27 14 en
651 1399 75 20 adelns
741 1398 178 29 privilegiifråga,
931 1398 119 21 framställa
1060 1398 162 27 ridderskapets

471 1433 39 20 och
527 1433 75 21 adelns
619 1433 108 21 enskildta
742 1433 65 20 tanke
824 1433 7 20 i
846 1433 73 20 saken.
