1036 1745
157 133 42 22 150

133 199 145 27 näringsgren
293 197 28 28 på
336 196 94 28 Noriges
445 196 81 21 kuster.
558 195 173 21 Vidkommande
747 194 98 27 bäfvern,
859 195 24 20 så

134 235 25 20 är
177 233 42 21 den
233 233 40 20 hos
289 238 35 14 oss
340 231 87 28 mycket
441 231 99 27 sällsynt,
557 229 40 21 och
613 229 37 21 det
664 231 24 19 är
703 229 91 27 bekant,
810 231 31 19 att
857 229 27 21 då

133 266 223 27 menniskoboningar
371 265 77 21 nalkas
464 265 48 20 dess
527 264 157 28 uppehållsort,
699 263 78 28 drager
793 264 42 21 den
851 264 33 27 sig

136 302 78 21 undan.
239 301 45 21 Det
299 301 23 20 är
338 300 55 21 blott
408 300 7 20 i
430 301 79 26 ytterst
524 299 57 21 vilda
595 298 87 21 marker
699 298 42 21 den
757 298 127 29 uppehåller

136 337 39 28 sig.
198 335 89 22 Således
303 335 42 20 kan
359 334 36 21 det
405 341 51 14 vara
467 333 105 28 likgiltigt
583 339 34 14 om
628 333 42 21 den
681 333 101 28 fridlyses
794 333 53 20 eller
857 333 27 28 ej.

205 370 80 21 Grefve
301 369 123 26 Armfelt,
440 369 33 20 A.:
490 368 42 27 Jag
548 368 70 21 skulle
633 368 62 27 blott,
717 368 2 21 i
734 369 91 20 motsats
841 370 44 18 mot

135 405 93 21 friherre
244 404 115 28 Carpelan,
375 403 68 21 önska
458 404 31 19 att
505 403 90 20 bäfvern
610 402 87 21 komme
708 403 7 20 i
726 402 127 28 åtnjutande
864 401 24 21 af

137 445 81 15 samma
234 437 75 29 skydd,
325 444 45 13 som
387 438 23 19 är
425 437 119 27 föreslaget
558 436 34 21 för
607 436 71 27 elgen.

203 473 49 20 Den
268 472 25 21 af
305 471 50 22 herr
369 471 201 21 landtmarskalken
586 470 96 22 härefter
692 470 135 21 framställda
837 477 49 21 pro-

136 507 134 30 positionen:

205 558 9 10 n
216 541 46 22 Vill
282 540 151 29 ridderskapet
451 540 40 21 och
507 539 63 22 adeln
588 539 140 22 oförändradt
743 539 116 28 godkänna
875 541 9 20 1

137 584 64 15 mom.
218 576 24 21 af
256 577 10 20 1
282 575 99 29 punkten
396 575 33 20 uti
445 575 40 21 den
501 574 80 29 nådiga
596 574 179 28 propositionen?
900 575 4 3 |

205 611 49 21 Den
275 617 46 14 som
340 610 39 21 vill
399 609 116 28 godkänna
534 609 91 22 berörde
645 611 96 20 moment
762 616 73 15 svarar
853 609 34 28 ja;

138 646 42 21 den
196 647 37 20 det
247 645 49 21 icke
310 645 39 21 vill
365 651 74 14 svarar
454 645 43 27 nej.

205 680 85 21 Vinner
310 680 47 27 nej,
377 679 102 21 hänföres
500 679 33 20 till
553 679 69 20 första
636 678 85 22 klassen
739 679 24 21 af
775 679 113 27 villebräd,

138 717 60 20 utom
218 714 26 22 de
264 715 8 20 i
292 714 66 28 sagde
378 721 65 14 mom.
464 715 117 27 upptagne,
597 713 75 22 äfven:
688 713 93 27 ,bäfver,
797 713 91 28 vildgäs,

139 757 62 19 svan,
222 749 67 28 ejder,
310 748 59 29 vipa,
390 747 108 22 morkulla
518 748 40 21 och
579 747 79 21 dubbel
678 748 128 27 beckasin*;

139 783 47 22 blef
199 783 24 22 af
236 783 87 22 ståndet
342 783 49 21 med
412 783 105 28 enhälligt
537 783 36 27 nej
590 782 115 27 besvarad,
721 783 9 20 i
744 783 55 27 följd
813 783 78 21 hvaraf

139 818 142 22 nästberörde
304 818 49 27 djur
376 817 39 21 och
438 817 77 28 foglar,
539 817 70 21 skulle
634 816 103 22 hänföras
757 817 33 21 till
809 817 80 28 ifräga-

140 853 94 21 varande
250 853 102 20 moment.

207 886 59 22 Enär
287 886 147 22 betänkandet
452 886 120 26 innehölle,
591 887 32 19 att
643 887 73 19 uttern
737 886 40 21 och
798 886 92 28 skjälen,

140 921 74 22 hvilka
234 921 7 21 i
263 922 9 20 1
294 922 12 26 $
326 921 26 20 23
372 920 49 28 kap.
437 920 25 21 B.
478 920 26 21 B.
520 920 80 22 räknas
616 920 34 20 till
665 920 155 28 skadedjuren,
835 921 55 21 både

141 956 85 21 derföre
242 955 40 21 och
298 955 6 21 i
320 955 109 21 anseende
445 955 34 20 till
494 955 36 21 det
545 962 57 20 men,
618 954 26 21 de
660 956 53 26 göra
727 955 94 21 fiskaren
832 956 59 20 såväl

140 997 80 21 genom
240 989 68 22 skada
327 990 13 20 &
359 989 135 28 fiskbragder
514 996 46 14 som
581 996 78 20 genom
679 989 81 21 fiskens
775 990 115 26 utödande,

141 1024 64 22 äfven
226 1024 66 21 borde
312 1025 107 27 upptagas
439 1024 66 20 bland
525 1024 26 20 de
567 1024 106 27 djurslag,
689 1030 45 14 som
749 1024 32 20 uti
797 1024 40 20 den
855 1024 36 21 nä-

141 1059 51 27 diga
211 1058 165 28 propositionen
396 1058 72 21 blifvit
487 1058 107 21 hänförda
613 1058 33 20 till
666 1058 68 21 andra
748 1058 87 21 klassen
852 1058 39 21 och

142 1093 84 21 hvilkas
242 1092 115 21 utrotande
373 1092 58 28 förty
446 1099 51 14 vore
514 1092 118 21 önskvärdt
648 1092 39 21 och
703 1092 67 21 borde
786 1099 106 21 uppmun-

142 1129 52 25 tras,
209 1126 135 22 framställde
359 1126 50 22 herr
425 1126 200 22 landtmarskalken
640 1127 34 20 till
689 1127 97 21 ständets
801 1127 91 21 bestäm-

142 1161 86 27 mande,
246 1161 107 21 huruvida
373 1161 36 21 det
430 1161 114 28 godkände
565 1161 146 21 betänkandet
732 1162 7 20 i
759 1161 71 21 denna
851 1162 41 26 del,

143 1196 40 20 och
204 1195 27 22 dä
250 1196 72 21 denna
342 1196 63 27 fräga
423 1196 48 20 blef
488 1196 49 21 med
553 1196 159 28 öfvervägande
729 1196 36 28 nej
782 1197 110 27 besvarad,

143 1230 86 21 komme
245 1230 64 21 dessa
324 1230 50 28 djur
389 1232 32 19 att
435 1230 102 22 hänföras
554 1231 32 21 till
603 1230 108 28 oskadligt
726 1231 112 21 villebräd.

211 1264 35 21 Då
260 1272 30 14 nu
306 1264 26 22 de
348 1264 55 28 djur,
419 1265 74 21 hvilka
508 1266 67 20 borde
590 1265 102 21 hänföras
706 1266 33 20 till
754 1266 68 20 andra
837 1266 56 21 klas-

143 1304 39 14 sen
197 1298 53 20 eller
264 1298 34 20 till
313 1298 156 27 skadedjuren,
480 1299 74 20 skulle
570 1299 140 26 bestämmas,
725 1299 83 26 yrkade

212 1331 58 21 Herr
286 1331 154 28 Schauman,
459 1331 25 21 B.
501 1331 35 28 O.,
556 1333 32 20 att
608 1332 89 27 gladan,
713 1333 84 27 falken,
813 1333 81 28 ugglan

144 1366 40 21 och
204 1366 80 21 hillern
304 1366 70 21 skulle
394 1366 56 22 ifrän
471 1366 71 22 denna
562 1367 57 21 klass
640 1367 143 28 bortlemnas,
799 1370 55 19 samt
872 1368 24 21 af

144 1401 100 28 foglarne
264 1401 38 21 der
320 1401 120 21 bibehällas
461 1401 75 22 endast
552 1403 46 26 örn,
614 1401 66 22 ufven
695 1403 42 25 och
749 1403 80 28 höken,
844 1410 50 15 men

145 1437 32 22 att
192 1435 112 31 fiskljusen
319 1437 97 22 deremot
431 1437 66 22 borde
513 1437 39 21 här
567 1438 114 28 upptagas.
