1064 1775
848 112 39 20 119

167 178 37 22 det
226 186 28 14 nu
278 178 94 22 rådande
397 178 86 21 trasslet
509 178 92 21 emellan
628 178 48 21 dem
699 178 55 21 varit
777 178 138 28 temmeligen

167 213 109 28 nöjaktigt
295 212 95 28 afhjelpt
409 212 32 21 till
460 213 92 21 fromma
566 213 34 21 för
616 212 42 21 alla
673 212 176 21 internationella
865 212 52 21 han-

167 247 205 21 delsförhållanden.
402 247 62 21 Dock
485 247 34 21 för
538 248 32 19 att
593 248 31 19 ett
646 246 75 21 sådant
742 247 32 20 till
798 247 31 20 sin
854 248 63 19 natur

167 281 157 29 oföränderligt
345 281 125 28 grundmått
486 281 69 21 skulle
571 281 67 21 blifva
654 281 22 20 af
691 282 42 20 alla
748 281 100 21 nationer
863 281 54 20 anli-

167 315 56 28 tadt,
239 315 112 22 fordrades
368 317 64 24 ännu,
453 317 31 18 att
504 316 120 20 detsamma
639 315 65 21 borde
721 323 48 13 vara
787 315 45 22 alla
851 315 66 20 natin-

167 358 48 14 ners
229 344 130 35 tillhörighet.
385 349 47 21 Och
448 350 70 21 denna
534 350 64 28 gåfva
614 350 23 21 af
651 351 44 19 stor
711 349 111 28 betydelse
836 349 33 21 för
881 356 36 14 na-

167 385 85 21 tionens
268 384 102 21 inbördes
386 384 150 22 förhållanden
552 384 104 21 skänktes
672 384 47 21 dem
735 384 94 21 omsider
845 384 23 21 af
882 391 35 13 ve-

167 419 128 28 tenskapen.
326 418 71 21 Sedan
418 425 50 14 man
489 419 109 28 nemligen
619 419 54 21 först
693 419 56 20 varit
769 425 50 14 ense
836 425 34 14 om
887 421 30 18 ati

167 453 34 21 till
220 453 76 21 sådant
315 453 125 28 grundmått
456 455 79 26 antaga
555 453 203 28 sekundpendelens
777 453 74 28 längd,
868 459 48 14 men

167 488 96 27 frångått
279 488 132 25 densamma,
427 487 122 21 bestämdes
566 487 71 21 dertill
654 487 101 28 slutligen
771 491 84 22 metern,
871 494 45 13 som

167 522 21 20 vi
205 522 42 21 alla
266 523 57 25 veta,
343 523 64 26 utgör
428 529 27 13 en
475 522 172 28 tiomiljondedel
664 522 23 20 af
697 522 90 27 jordens
803 521 115 21 meridian-

168 556 112 28 qvadrant,
291 556 33 21 för
339 555 88 22 hvilken
443 555 35 22 idé
494 558 52 19 äran
561 556 85 21 tillkom
662 563 26 14 en
704 556 24 21 af
741 556 42 21 den
799 555 120 22 konstitue-

168 591 66 21 rande
258 591 156 27 församlingen
430 590 7 20 i
453 590 122 22 Frankrike
594 591 24 21 år
640 591 51 20 1791
712 591 86 21 nedsatt
817 590 102 21 kommis-

168 625 47 21 sion
231 624 24 22 af
268 624 84 22 landets
369 626 79 19 största
463 625 189 28 vetenskapsmän.
676 625 33 21 De
725 625 63 26 öden,
797 625 76 27 frågan
886 632 32 12 sc-

168 660 100 20 dermera
287 659 57 27 haft,
360 659 53 21 höra
428 659 49 21 icke
498 660 33 20 till
552 661 74 19 ämnet
646 660 39 20 och
703 661 36 19 äro
761 660 108 20 dessutom
886 659 33 21 för

169 694 114 28 vidlyftiga
299 696 32 18 att
347 694 38 20 här
401 694 106 27 utläggas.
534 694 42 28 Jag
590 693 97 22 hvarken
703 694 43 21 kan
762 694 53 21 eller
832 694 39 20 bör
881 694 39 20 här

169 728 94 22 referera
281 728 40 21 den
337 728 166 28 vetenskapliga
518 728 68 21 kritik
601 729 153 20 meterteorien
771 728 56 21 varit
843 728 76 20 under-

170 762 86 28 kastad;
272 770 49 13 men
338 762 36 22 vill
392 762 96 21 deremot
504 763 78 27 crinra,
598 764 32 20 att
644 763 47 21 dess
703 763 112 27 praktiska
826 762 94 27 tillämp-

169 798 54 27 ning
237 797 39 21 och
293 797 112 21 införande
422 797 6 20 i
445 797 77 28 sjelfva
537 797 122 22 Frankrike
674 798 55 20 mött
745 804 25 14 en
782 796 80 29 mängd
873 796 46 21 hin-

169 832 45 27 der,
230 831 112 28 grundade
358 831 189 29 hufvudsakligast
562 832 7 20 i
585 832 81 21 folkets
681 839 55 14 vana
752 833 40 20 och
808 831 110 21 förkärlek

169 867 34 20 för
223 867 26 20 de
270 866 59 21 äldre
349 867 133 27 systemerne
502 868 56 19 samt
574 866 187 28 svårfattligheten
778 866 23 21 af
813 866 40 20 den
871 865 49 20 med

169 902 175 26 metersystemet
360 901 103 20 förenade
480 901 114 28 vidlyftiga
609 901 192 28 decimalräkning,
813 900 106 26 hvarföre,

170 938 60 19 utom
251 937 94 26 myntet,
365 935 94 21 hvilkets
474 943 43 20 nya
537 935 164 22 bestämmelser
722 935 39 21 och
782 935 133 27 indelninga

170 973 37 19 äro
228 970 90 21 allmänt
338 971 94 26 antagne
453 970 39 21 och
508 971 98 20 använde
622 970 7 21 i
645 970 49 21 hela
709 970 83 27 landet,
808 970 26 21 de
851 969 69 28 öfrige

170 1005 88 22 delarne
278 1005 23 21 af
319 1011 81 15 samma
420 1006 80 26 system
520 1007 57 19 ännu
593 1005 56 21 efter
665 1005 26 20 50
706 1005 23 21 år
745 1005 48 21 icke
809 1004 111 29 upptagits

169 1040 33 21 till
219 1040 90 21 allmänt
324 1039 62 21 bruk.
410 1039 82 21 Härom
508 1041 62 26 säger
586 1047 26 13 en
630 1039 78 21 svensk
723 1039 113 21 författare
853 1040 6 19 i
875 1041 41 19 äm-

171 1076 36 19 net
223 1076 39 19 att:
280 1075 50 26 ,när
345 1075 173 26 metersystemet
533 1074 91 28 påbjöds
641 1074 6 20 i
664 1073 127 27 Frankrike,
803 1074 22 21 så
836 1081 37 14 var
885 1073 36 21 det

171 1116 46 14 som
237 1116 33 13 om
293 1115 49 14 man
362 1108 55 21 hade
438 1108 99 28 påbjudit
556 1110 31 19 att
607 1109 43 20 alla
665 1108 111 21 fransmän
792 1108 69 21 skulle
878 1109 42 20 tala

170 1143 70 28 tyska.
270 1143 114 28 Knappast
403 1143 70 27 någon
490 1150 46 13 mer
551 1145 27 19 än
594 1145 82 18 statons
691 1144 130 27 tjenstemän
838 1142 82 28 brydde

171 1178 33 28 sig
225 1178 83 26 derom,
328 1177 74 22 hvilka
418 1177 102 27 sednare,
537 1179 38 20 när
591 1177 26 22 de
633 1177 100 21 utkräfde
749 1178 118 26 skatterne,
884 1177 35 21 bc-

171 1213 67 21 funno
257 1213 33 27 sig
309 1212 49 21 med
373 1212 69 21 folket
458 1213 70 20 säsom
544 1212 100 28 insvepte
660 1212 5 20 i
682 1220 26 13 en
725 1212 90 27 dimma,
831 1212 37 20 der
889 1212 31 20 in-

171 1254 41 21 gen
233 1246 115 21 menniska
367 1246 38 28 säg
420 1246 58 21 klart
492 1246 92 22 framför
600 1246 39 28 sig.
669 1246 49 21 Man
735 1246 72 21 talade
823 1246 48 21 med
887 1248 33 18 rä-

172 1281 182 28 konskapsförare
374 1287 35 14 om
425 1281 161 28 kilogrammer,
602 1281 105 26 hectarer,
721 1281 117 26 kilolitrar,
854 1281 64 20 centi-

171 1318 81 18 meirar
268 1315 39 21 och
324 1315 106 21 centimer
446 1316 22 20 sä
483 1316 65 28 länge
564 1315 33 21 till
611 1315 49 21 dess
671 1322 49 14 man
731 1316 102 27 slutligen
846 1315 75 21 trodde

173 1351 32 26 sig
226 1356 50 15 vara
292 1350 6 20 i
315 1350 89 27 Japan.*
435 1349 51 22 Icke
502 1350 68 21 heller
586 1350 40 21 har
641 1351 174 27 metorsystemet
831 1350 40 21 helt
887 1350 34 20 och

172 1384 62 22 hållet
254 1384 70 21 blifvit
340 1385 89 26 antaget
445 1385 7 20 i
468 1385 92 20 flertalet
576 1385 22 20 af
612 1384 98 28 Europas
725 1385 75 20 länder
816 1386 52 19 utan
885 1391 36 13 cn-

172 1417 47 21 dast
240 1417 32 20 till
292 1419 55 19 vissa
368 1418 59 20 delar
447 1418 81 21 infördt
543 1418 6 20 i
565 1418 52 21 flera
633 1418 23 20 af
670 1418 55 26 dem,
741 1418 7 20 i
764 1418 35 20 det
815 1419 30 19 att
861 1418 61 19 dosse
