1039 1767
821 119 41 21 297

139 186 59 28 förty
213 186 50 21 herr
279 185 207 27 landtmarskalken,
498 191 46 15 som
555 184 68 29 ansåg
633 184 34 29 sig
677 184 48 22 icke
736 186 74 20 kunna
821 185 71 21 tillåta

140 222 32 19 att
188 220 76 21 sådant
284 220 39 21 här
338 220 118 27 uttalades,
471 227 52 13 vara
538 219 121 27 nödsakad,
680 221 32 19 att
732 220 90 20 såframt
841 220 52 20 herr

141 255 114 27 Törngren
271 254 47 21 icke
334 254 86 28 återtog
435 254 66 28 sagde
517 253 107 29 yttrande,
635 254 34 20 för
681 254 70 20 denna
762 254 58 28 gång
832 254 59 21 från-

141 291 51 26 taga
207 288 80 21 honom
302 288 68 21 ordet.

210 323 71 21 Sedan
304 323 50 20 herr
377 322 124 28 Törngren,
520 329 45 14 som
589 322 48 21 icke
660 322 50 21 ville
733 322 98 28 återtaga
854 323 38 21 sitt

139 357 152 27 ifrågakomna
301 356 108 29 yttrande,
420 356 107 22 förklarat
543 357 33 27 sig
586 356 57 22 afstå
653 356 48 22 från
710 356 73 21 vidare
795 357 95 22 ordande

139 392 8 20 i
163 393 80 25 ämnet,
260 391 69 21 erhöll

208 426 58 21 Herr
282 433 47 14 von
345 426 78 26 Born,
439 425 27 20 K.
482 425 35 27 F.,
533 425 62 21 ordet
609 426 40 20 och
665 425 94 28 yttrade:
775 426 55 21 Vårt
840 426 52 21 land

140 461 39 20 har
199 460 69 21 under
288 461 99 20 sednaste
403 460 129 21 decennium
548 460 55 21 varit
619 460 100 21 hemsökt
734 460 24 21 af
771 461 36 20 två
822 462 70 20 större

140 495 40 20 och
196 495 110 21 allmänna
326 495 129 21 missvexter
474 495 39 21 och
533 501 50 14 man
603 495 38 21 har
657 495 92 27 nödgats
766 497 50 26 taga
832 495 6 21 i
855 503 37 14 an-

140 529 66 28 språk
224 529 49 21 hela
293 529 94 28 landets,
407 529 50 21 hela
477 529 80 21 folkets
577 529 103 21 förenade
700 529 83 22 krafter
803 530 34 21 för
859 532 32 19 att

139 564 75 21 kunna
233 564 98 21 anskaffa
352 563 142 29 erforderliga
514 563 227 28 spanmålstillgångar
760 564 33 21 till
809 564 83 22 nödens

139 598 115 21 lindrande
270 598 39 22 och
325 598 145 29 afhjelpande.
494 599 43 27 Jag
552 599 38 20 vill
605 598 128 28 visserligen
749 599 21 28 ej
786 599 35 21 vid
833 599 60 22 detta

139 633 87 21 tillfälle
241 641 52 14 vara
307 633 79 28 profet,
402 633 122 22 allraminst
540 633 153 28 olycksprofet,
709 640 50 15 men
775 634 115 22 årsvexten

140 669 44 20 står
199 668 7 20 i
222 668 37 21 vår
274 668 82 21 Herres
370 668 64 21 hand.
461 669 47 21 Den
526 667 98 22 enskilde
639 668 170 28 medborgarens
819 669 73 21 kredit

140 703 40 21 och
201 703 175 28 vederhäftighet
396 705 30 24 är,
445 703 37 21 det
502 705 23 19 är
543 703 65 21 allom
627 702 77 27 kändt,
721 703 130 28 begränsad;
867 705 25 20 så

139 739 69 20 måste
227 737 37 22 det
279 738 63 21 äfven
358 738 93 21 förhålla
466 739 34 27 sig
515 738 49 21 med
580 739 31 20 ett
626 737 46 21 helt
687 737 52 22 folk.
770 738 122 29 Bedröfligt

139 778 52 16 vore
207 773 6 20 i
230 773 93 27 sanning
338 779 42 20 om,
395 773 7 20 i
418 773 38 21 fall
472 773 33 21 för
520 772 108 29 nyssagde
641 772 100 22 ändamål
752 773 53 21 eller
816 774 74 26 andra,

140 815 46 14 som
206 807 75 28 afsåge
301 807 50 22 hela
370 807 84 21 landets
473 807 102 27 fördelar,
591 807 70 21 såsom
677 809 15 18 t.
709 813 33 15 ex.
759 808 131 28 utvidgande

140 843 40 20 och
200 842 150 21 förbättrande
373 842 23 21 af
416 842 85 21 landets
525 841 315 28 kommunikationsanstalter,
861 845 31 19 ett

140 878 48 26 nytt
202 877 36 20 lån
254 877 7 20 i
277 877 98 20 utlandet
390 876 93 21 behöfde
498 878 107 27 upptagas
620 877 40 20 och
675 877 48 20 åter
737 877 70 20 finska
823 877 69 22 folket

139 911 51 22 ville
210 911 73 22 lemna
302 911 86 28 garanti
408 911 33 21 för
461 913 31 19 ett
506 911 86 26 sådant,
608 911 220 28 penningefurstarne
844 911 47 22 der-

139 946 73 21 städes
232 946 70 21 skulle
323 953 51 14 anse
394 947 31 20 att
440 946 70 21 finska
526 946 68 21 folket
609 953 79 21 genom
703 946 60 21 förut
778 947 114 21 meddelad

139 981 86 28 garanti
245 981 33 20 för
298 981 249 28 hypoteksförcningens
566 980 37 21 lån
623 980 48 21 icke
692 980 73 22 vidare
784 988 51 15 vore
857 981 34 22 för

139 1017 32 20 ett
190 1017 48 26 nytt
256 1016 36 20 lån
313 1015 146 28 vederhäftigt
480 1015 39 21 och
539 1015 91 21 sålunda
649 1015 94 27 vägrade
759 1017 32 19 att
806 1016 85 27 ytterli-

139 1057 51 21 gare
206 1051 72 20 lemna
294 1057 34 14 oss
344 1049 279 29 penningeförsträckning.
653 1049 61 22 Hvar
729 1049 55 21 skall
800 1057 49 14 man
865 1051 27 21 då

139 1085 53 20 söka
208 1085 44 26 bot,
267 1083 56 22 huru
338 1084 55 21 skall
408 1091 50 14 man
474 1084 28 22 då
516 1085 47 20 lösa
583 1084 90 28 frågan?
704 1084 59 21 Våra
781 1085 111 21 nationela

139 1119 139 21 sträfvanden
299 1121 37 19 äro
356 1119 129 27 visserligen
505 1119 7 20 i
531 1119 98 20 utlandet
644 1119 71 20 kände
731 1119 40 20 och
787 1119 104 28 uppskat-

139 1153 61 28 tade,
216 1161 49 14 men
286 1154 69 21 ehuru
375 1153 62 21 dessa
452 1155 77 26 utgöra
545 1160 28 14 en
588 1153 84 28 mäktig
687 1153 102 28 häfstång
805 1154 64 21 äfven
884 1155 7 20 i

139 1189 77 27 frågan
232 1195 35 14 om
282 1187 107 28 krediten,
405 1188 32 20 får
452 1195 51 14 man
517 1188 67 21 likväl
598 1187 20 28 ej
630 1187 27 28 på
668 1187 47 21 dem
727 1187 72 22 allena
810 1188 82 28 bygga;

139 1223 52 21 våra
206 1223 114 21 materiela
334 1229 116 20 ressurser,
461 1222 37 21 det
508 1223 69 20 måste
593 1229 50 14 man
656 1223 73 27 tyvärr
740 1222 103 27 erkänna,
854 1224 37 19 äro

140 1259 58 19 ännu
218 1257 48 20 icke
282 1256 72 21 alltför
371 1257 129 27 betydande,
515 1257 40 20 och
571 1257 12 20 å
598 1256 50 21 dem
664 1256 57 21 fästa
736 1257 156 27 penningefur-

140 1293 74 20 starne
234 1291 139 28 naturligtvis
394 1291 6 20 i
422 1291 108 28 väsentlig
549 1298 51 14 mon
619 1290 110 21 afseende.
759 1291 81 20 Aktom
856 1298 36 14 oss

140 1326 86 20 derföre
249 1327 31 19 att
300 1332 78 21 genom
399 1325 116 22 iklädande
536 1326 24 20 af
577 1324 144 22 förbindelser
741 1324 34 22 för
795 1326 31 20 ett
844 1325 47 27 lån,

140 1360 65 21 hvars
225 1359 152 22 bestämmelse
396 1367 85 21 gynnar
499 1360 46 21 helt
561 1360 39 21 och
615 1359 69 21 hållet
701 1359 94 28 partiela
813 1359 78 21 intres-

139 1401 47 19 sen,
202 1394 87 27 splittra
304 1394 51 20 våra
370 1394 82 20 krafter
468 1394 40 20 och
518 1394 90 20 beröfva
619 1400 34 14 oss
664 1393 100 21 krediten
775 1395 32 18 att
817 1393 75 21 kunna

139 1428 83 21 erhålla
237 1428 35 20 lån
289 1428 32 20 till
337 1428 109 20 allmänna
460 1428 34 20 för
507 1428 51 20 hela
571 1426 75 22 landet
656 1426 118 29 gagneliga
783 1426 107 22 ändamål.
