1700 1942
536 219 41 20 764

507 283 48 21 dem
572 284 39 20 och
622 283 22 21 få
655 283 48 21 dem
714 284 33 20 till
761 284 44 20 lika
815 284 111 26 nämnare,
937 284 94 27 uppstod
1042 284 45 20 deri
1101 286 32 19 ett
1142 284 55 21 bråk
1208 285 49 21 med

506 317 44 21 fem
566 318 72 21 siffror
653 318 7 20 i
675 318 77 27 bredd;
774 318 70 21 skulle
864 319 42 20 alla
926 318 213 29 mantalsräkningar
1156 326 30 13 nu
1201 320 57 20 varit

506 353 81 20 utsatte
603 352 7 21 i
624 352 181 27 hundradedelar,
816 352 55 22 hade
887 353 206 28 hopsummeringen
1108 353 47 28 gått
1170 354 88 27 mycket

506 387 78 21 lättare
604 387 35 20 för
660 387 33 27 sig
711 387 40 21 och
767 389 32 18 att
814 387 67 28 något
895 387 78 21 hinder
989 389 31 19 att
1035 387 101 28 begagna
1155 388 103 21 decimal-

506 423 105 26 systemet
629 421 28 22 då
675 421 37 22 det
732 422 39 27 går
790 429 27 13 an
837 422 69 21 skulle
922 422 145 27 förekomma,
1083 423 70 20 finner
1168 424 42 27 jag
1229 424 27 27 ej.

575 456 80 21 Grefve
671 456 101 27 Armfelt,
788 457 33 26 A.,
838 457 40 20 och
893 457 51 20 herr
960 457 135 22 Silfversvan
1109 458 103 21 förenade
1224 459 34 28 sig

506 491 31 22 uti
552 491 52 21 herr
618 497 43 15 von
676 490 71 22 Borns
762 491 142 21 förenämnde
919 491 108 28 yttrande.

574 561 160 21 Diskussionen
757 561 83 21 afbröts
862 561 76 21 härvid
961 561 24 20 af
1005 568 27 14 en
1055 561 128 28 deputation
1209 562 47 21 från

505 596 182 29 borgareståndet
707 596 69 21 under
795 596 118 21 anförande
929 596 24 21 af
963 596 222 28 justitierådmannen
1202 591 54 27 Örn-

506 631 63 28 berg,
590 638 46 14 som
653 631 154 28 tillkännagaf,
824 633 31 19 att
868 631 180 29 borgareståndet
1062 632 84 27 antagit
1162 634 95 26 prester-

507 667 89 28 skapets
616 666 40 21 och
675 665 75 22 adelns
766 666 131 28 inbjudning
912 668 31 19 att
958 667 87 28 deltaga
1060 667 31 20 uti
1107 674 27 14 en
1150 667 107 21 underdå-

506 701 38 28 nig
559 701 100 28 petition,
675 702 31 19 att
727 701 6 20 å
749 701 179 21 nästkommande
943 701 104 28 landtdag
1063 703 48 27 nytt
1127 701 83 29 förslag
1224 703 33 20 till

507 736 136 28 författning,
659 735 106 22 huruvida
781 736 26 20 de
822 737 139 27 tjenstemän,
977 736 85 22 hvilkas
1078 737 92 28 tjenster
1185 737 71 21 indra-

507 778 45 21 gas,
563 778 41 21 ega
620 773 31 19 att
667 771 94 20 derefter
777 771 85 28 åtnjuta
877 771 47 22 sina
934 771 60 21 förra
1008 771 169 28 löneförmoner,
1188 772 68 21 måtte

506 806 117 21 ständerna
638 805 131 28 föreläggas.

574 841 163 28 Deputationen
753 840 102 22 tackades
871 841 40 21 och
927 841 104 21 afträdde.

574 910 103 21 Friherre
697 909 94 28 Boije:
813 910 42 28 Jag
876 910 38 21 vill
932 910 34 21 för
985 910 45 21 min
1051 910 34 21 del
1101 911 98 22 försvara
1214 912 42 21 den

506 945 57 27 åsigt
583 945 107 20 utskottet
709 945 88 26 uttalat,
813 945 40 21 och
874 952 64 14 anser
958 946 100 20 närmare
1074 945 140 29 bestämning
1228 948 28 20 än

506 979 119 27 uttrycket:
650 996 9 9 ,
663 979 100 27 lämpligt
785 979 72 27 bråk”,
880 980 20 28 ej
924 987 52 13 vara
995 979 111 29 behöfligt.
1137 980 45 22 Der
1202 981 54 21 hun-

506 1014 98 21 dradetal
625 1014 23 20 är
668 1013 90 27 infördt,
778 1021 75 21 passar
873 1014 76 21 sädant
970 1014 56 28 bäst,
1042 1022 50 14 men
1108 1015 7 21 i
1130 1016 68 21 andra
1218 1016 38 21 fall

506 1048 72 22 kunde
594 1048 60 21 detta
669 1055 52 14 vara
736 1048 85 22 mindre
837 1049 106 28 lämpligt.

573 1083 58 21 Herr
651 1083 200 21 landtmarskalken
871 1084 124 28 tillfrägade
1010 1084 53 21 härä
1079 1085 95 26 ständet,
1191 1086 65 20 huru-

505 1118 50 21 vida
575 1117 88 21 ständet
683 1118 95 20 önskade
799 1120 79 26 antaga
899 1118 64 21 äfven
983 1119 53 20 sista
1054 1121 121 19 momentet
1190 1120 24 20 af
1226 1127 30 14 nu

505 1152 167 28 ifrågavarande
692 1152 11 27 $
723 1152 7 20 i
750 1152 117 21 utskottets
889 1152 146 28 betänkande;
1057 1153 39 21 och
1118 1160 46 14 som
1185 1154 71 22 denna

505 1187 61 27 fräga
593 1186 129 22 besvarades
747 1187 51 21 med
821 1187 160 29 öfvervägande
1001 1188 34 27 ja,
1059 1187 123 22 förklarade
1205 1189 51 21 herr

505 1221 201 21 landtmarskalken
727 1222 8 20 1
754 1222 11 26 $
781 1222 24 20 af
818 1222 116 21 utskottets
951 1222 137 22 betänkande
1103 1224 50 20 med
1168 1224 36 20 det
1219 1231 37 21 ge-

504 1262 51 15 nom
576 1256 132 28 föregäende
727 1257 101 27 votering
849 1257 112 21 bestämda
981 1258 116 21 alternativ
1117 1258 40 21 och
1178 1258 36 22 det
1234 1259 24 21 af

504 1291 51 21 herr
570 1298 42 13 von
628 1290 60 21 Born
703 1290 125 28 föreslagna
843 1292 77 28 tillägg
930 1299 52 13 vara
992 1292 49 21 utaf
1050 1292 86 21 ständet
1146 1292 109 28 godkänd.

857 1327 11 27 $
884 1328 20 19 2.

573 1359 132 22 Godkändes
720 1362 52 19 utan
788 1361 151 28 anmärkning.

855 1396 47 26 83.

572 1426 86 28 Antogs
673 1427 50 21 med
738 1427 42 21 den
795 1428 25 20 af
833 1428 114 27 utskottet,
957 1428 136 22 beträffande
1107 1429 91 21 sednare
1210 1437 44 13 mo-

503 1462 84 20 mentet
601 1461 57 27 deri,
673 1461 126 29 föreslagna
814 1462 99 28 ändring.

857 1498 11 26 $
883 1498 20 20 4.

572 1531 141 22 Beträffande
729 1532 71 21 denna
815 1533 11 27 $
842 1532 85 28 yttrade
944 1533 33 27 sig
