1034 1745
190 121 42 22 394

158 188 46 28 just
227 194 82 14 samma
331 187 80 26 förslag
437 186 88 21 väcktes
552 187 40 20 och
616 186 135 28 godkändes;
777 193 50 14 men
849 186 59 21 detta

160 221 81 22 skedde
257 221 23 21 så
295 223 54 24 sent,
361 223 31 18 att
408 221 26 20 de
450 220 43 21 fem
509 220 164 28 afdelningarne
689 221 65 20 redan
771 227 50 14 voro
838 221 23 20 af
875 222 32 19 ut-

160 257 82 20 skottet
257 255 7 21 i
280 255 98 28 enlighet
393 255 49 21 med
457 255 163 28 propositionen
636 256 101 27 antagne,
752 255 23 20 så
790 257 32 19 att
837 256 71 27 någon

160 291 110 27 rubbning
290 290 45 21 deri
355 289 48 22 icke
424 290 78 27 ansågs
522 290 74 20 kunna
616 289 87 21 dåmera
719 291 73 26 göras,
808 289 100 22 hvarföre

161 326 104 27 förslaget
283 325 75 20 härom
379 324 69 21 skulle
464 324 82 21 lemnas
561 324 108 21 beroende
689 326 31 19 att
739 324 59 21 inom
817 325 92 20 stånden

162 361 54 27 ånyo
233 359 85 21 väckas.
339 359 44 20 Det
399 359 60 20 torde
476 359 52 20 böra
544 359 113 26 erkännas,
674 360 31 20 att
721 365 41 20 om,
778 359 71 21 såsom
861 367 47 13 san-

161 395 70 20 nolikt
251 395 30 26 är,
301 394 109 28 allmogen
430 394 97 20 kommer
548 396 31 19 att
597 394 36 21 vid
649 394 145 21 domstolarne
811 394 39 21 och
865 401 44 14 em-

160 429 131 21 betsverken
310 429 99 27 begagna
429 435 82 14 samma
530 429 165 27 kartasigillata,
710 435 45 14 som
771 429 67 20 andra
854 436 55 13 sam-

160 464 149 26 hällsklasser,
325 463 91 28 afgiften
433 463 58 21 inom
507 463 69 28 tredje
593 464 140 28 afdelninger
749 463 71 21 blefve
835 464 74 21 alltför

161 498 146 29 betungande,
323 498 24 20 så
365 500 31 18 att
411 498 48 21 bäst
474 504 58 21 vore,
548 505 35 14 om
598 498 69 28 tredje
683 498 139 28 afdelningen
839 498 70 21 skulle

160 534 113 20 försvinna
299 533 40 20 och
366 533 182 28 läncestyrelserna
572 533 111 21 äfvensom
703 533 206 29 passexpeditionen

160 568 103 21 hänföras
279 567 33 21 till
327 567 41 21 den
384 568 7 20 i
407 568 162 28 propositionen
585 568 124 27 föreslagna
724 567 69 29 fjerde
803 568 106 21 afdelnin-

160 610 52 20 gen,
229 610 45 13 som
293 602 27 21 då
339 602 68 20 skulle
424 602 66 21 blifva
505 602 41 21 den
561 602 81 28 tredje,
656 602 114 21 hvaremot
785 602 42 21 den
843 602 66 21 femte

161 638 69 20 skulle
251 637 68 21 blifva
339 636 41 21 den
401 636 76 28 fjerde.
507 637 35 21 Då
562 637 71 20 skulle
655 637 49 21 vida
725 638 69 20 större
809 637 100 27 billighet

161 672 39 21 och
216 672 91 20 rättvisa
321 672 8 20 i
344 671 129 28 taxeringen
489 671 165 21 åstadkommas.
684 672 113 27 Frågorna
812 678 34 14 om
857 672 52 20 fast-

161 706 116 21 ställandet
297 706 23 20 af
337 705 27 21 de
380 706 105 21 särskilda
500 706 165 27 afdelningarne
682 706 39 22 och
737 713 34 14 om
787 706 122 21 kartevalö-

160 748 39 14 ren
213 741 34 21 för
263 740 82 21 enhvar
360 740 23 20 af
396 740 48 20 dem
459 740 71 28 hänga
540 741 34 21 för
586 740 65 28 öfrigt
662 741 23 20 så
696 742 52 20 nära
759 742 150 26 tillsammans,

161 777 32 19 att
208 775 37 21 det
260 776 23 20 är
299 775 58 21 svårt
373 776 30 19 att
419 774 75 28 afgöra
509 775 105 21 hvardera
630 775 76 27 frågan
723 776 108 26 särskildt,
846 775 63 22 hvar-

160 810 47 21 före
224 810 36 21 det
275 809 160 27 otvifvelaktigt
449 816 52 15 vore
516 810 48 20 bäst
580 811 30 20 att
625 810 110 21 behandla
751 810 48 21 dem
815 810 70 28 begge
902 810 8 20 i

161 846 31 19 ett
208 844 163 28 sammanhang.

229 878 58 21 Herr
306 885 42 14 von
368 879 79 26 Born,
468 878 27 21 K.
516 878 32 21 F.:
569 879 43 20 Det
632 878 43 21 kan
689 878 53 21 visst
758 886 51 14 vara
824 879 86 28 mycket

161 914 46 21 skäl
223 913 7 21 i
245 913 56 21 hvad
317 913 25 21 de
358 913 132 28 föregående
506 914 96 20 talarene
618 914 74 27 yttrat,
704 920 49 14 men
762 914 39 27 jag
816 916 51 25 tror,
878 916 32 19 att

160 956 50 14 man
230 948 37 21 vid
286 948 89 27 frågans
395 947 157 21 bedömmande
572 948 65 21 också
656 948 7 20 i
684 948 71 27 någon
776 949 50 20 mån
842 949 67 21 måste

160 986 52 25 taga
227 983 8 20 i
249 982 150 27 betraktande,
411 983 31 20 att
453 982 272 28 kartasigillata-afgiftens
741 983 134 29 totalbelopp
890 984 19 27 ej

160 1019 42 20 blir
221 1017 108 28 betydligt
349 1017 82 21 mindre
453 1018 26 19 än
500 1017 65 21 förut.
596 1017 42 28 Jag
658 1019 52 24 tror,
729 1019 32 19 att
779 1025 34 14 om
829 1018 37 21 det
881 1025 29 14 nu

159 1051 165 29 ifrågavarande
344 1051 104 28 förslaget
468 1051 33 21 till
517 1059 29 20 ny
561 1052 288 29 kartasigillataförordning
864 1053 45 21 vin-

160 1095 39 13 ner
219 1086 127 22 ständernas
363 1086 68 27 bifall,
447 1093 27 14 en
489 1087 127 27 minskning
635 1087 46 21 deri
700 1087 98 21 kommer
813 1089 32 19 att
861 1088 48 28 ske;

161 1122 40 20 och
223 1128 35 14 om
281 1120 71 28 tredje
375 1121 88 21 klassen
483 1121 69 21 skulle
572 1122 113 20 försvinna
705 1122 39 20 och
765 1122 38 20 der
824 1122 86 21 införda

160 1156 181 28 myndigheterna
362 1154 101 22 hänföras
483 1156 32 20 till
531 1156 70 27 fjerde
616 1156 94 27 klassen,
726 1156 24 21 så
765 1156 86 22 befarar
863 1158 46 27 jag,

161 1192 31 20 att
212 1190 155 27 minskningen
387 1190 41 21 blir
449 1192 57 20 ännu
522 1192 80 26 större,
619 1191 39 21 och
674 1192 27 20 då
716 1191 157 28 författningen
889 1193 20 27 ej

161 1227 23 19 är
205 1224 75 22 afsedd
300 1225 33 20 att
353 1225 57 27 gälla
429 1225 34 21 för
483 1232 27 14 en
526 1225 135 28 obegränsad
676 1226 95 26 framtid,
787 1227 52 20 utan
854 1227 57 21 blott

159 1260 34 20 för
211 1260 58 20 vissa
284 1260 30 25 år,
325 1258 69 22 skulle
407 1260 40 27 jag
462 1260 85 26 föreslå,
563 1261 32 19 att
610 1260 78 28 nådiga
703 1260 175 28 propositionens
889 1262 24 20 af

161 1294 106 19 utskottet
287 1293 118 26 tillstyrkta
423 1293 158 21 klassifikation
600 1294 58 27 finge
678 1294 119 21 tillsvidare
817 1296 92 25 qvarstå.

160 1327 103 20 Befinnes
288 1326 91 29 afgiften
398 1327 115 21 framdeles
535 1328 35 20 för
588 1327 52 28 hög,
658 1329 24 19 är
696 1328 36 21 det
749 1329 40 20 lätt
810 1330 31 18 att
858 1329 51 20 ned-

160 1361 62 28 flytta
237 1361 165 28 ifrågavarande
413 1361 153 29 myndigheter
577 1361 33 21 till
621 1362 69 27 fjerde
701 1363 93 21 klassen.
818 1363 91 21 Svårare

161 1396 71 21 blefve
250 1396 37 21 det
307 1397 32 20 att
359 1396 45 21 åter
424 1397 107 28 uppflytta
551 1397 55 26 dem,
625 1404 35 14 om
678 1405 50 14 man
749 1405 29 14 nu
793 1397 69 22 skulle
878 1398 31 21 bi-

160 1431 53 22 falla
231 1431 33 22 till
283 1431 152 29 nedflyttning,
451 1439 49 14 men
519 1431 115 22 framdeles
655 1440 51 14 anse
723 1433 36 21 det
774 1433 135 28 lämpligare,
