1700 1939
1121 214 39 27 117

506 276 103 28 Friherre
625 278 152 33 Carpelan:
793 278 51 26 Just
859 288 78 23 genom
953 279 41 26 den
1007 284 124 28 uppställda
1142 286 48 20 ska-

437 316 36 22 lan
489 317 76 27 tyckes
580 318 53 27 mig,
648 319 33 19 att
696 324 49 14 man
761 318 57 20 varit
833 318 24 21 sä
871 318 54 21 mild
941 325 45 14 som
998 319 91 27 möjligt.
1114 319 75 21 Skulle

437 358 51 14 man
509 358 30 14 nu
561 351 102 22 nedsätta
682 351 69 21 första
769 352 92 27 graden,
877 352 54 21 eller
951 353 13 20 4
984 352 74 28 dagar,
1077 353 34 21 till
1132 354 58 20 ännu

438 385 94 27 mindre,
548 386 24 20 sä
591 385 70 22 skulle
682 385 85 21 straffet
782 386 88 21 förfalla
884 386 34 20 till
933 388 78 20 nästan
1026 387 56 21 intet
1097 387 40 21 och
1153 388 37 20 nä-

437 421 38 27 got
489 420 63 21 straff
570 420 67 21 borde
652 419 35 23 väl
703 420 56 21 ändä
774 420 94 28 stadgas.
893 420 43 28 Jag
949 422 53 26 tror,
1018 422 32 20 att
1065 422 125 21 erfarenhe-

436 456 38 20 ten
490 455 64 27 visar,
571 456 32 20 att
619 455 33 21 till
669 454 40 22 och
724 454 50 22 med
789 456 13 20 4
817 454 78 29 dagars
909 454 98 29 fängelse
1017 456 37 21 vid
1064 458 75 20 vatten
1150 456 40 22 och

437 489 55 21 bröd
507 489 65 21 äfven
588 491 24 20 är
627 492 32 18 ett
675 489 83 29 ganska
773 489 91 28 lindrigt
879 489 67 21 straff.

505 524 12 21 I
532 524 120 28 anledning
667 524 24 21 af
703 523 42 22 den
761 524 90 22 sålunda
867 524 86 28 yppade
967 524 151 29 skiljaktighet
1128 525 8 21 i
1146 532 44 15 me-

437 558 115 28 ningarne,
564 558 136 22 framställde
715 565 30 15 nu
759 558 51 22 herr
820 558 201 22 landtmarskalken
1032 559 97 28 följande
1141 566 49 22 pro-

436 593 106 28 position:

506 628 146 27 »Godkänner
667 627 152 29 ridderskapet
835 628 39 21 och
889 628 64 22 adeln
971 629 27 21 60
1013 629 12 27 &
1039 628 25 22 af
1074 628 116 22 utskottets

437 662 140 22 betänkande
592 660 145 23 oförändrad?

505 696 50 22 Den
571 702 47 16 som
633 696 128 30 godkänner
776 695 93 23 berörde
884 697 11 28 $
912 703 74 16 svarar
995 697 34 29 ja;
1041 696 42 23 den
1094 696 36 24 det
1141 697 48 23 icke

438 731 38 23 vill
492 738 74 15 svarar
581 732 43 28 nej.

505 765 85 23 Vinner
610 767 47 28 nej,
677 766 131 22 bestämmes
829 768 32 20 att
880 765 99 30 fängelse
999 765 36 23 vid
1054 769 75 20 vatten
1150 766 40 23 och

437 801 55 22 bröd
507 802 21 28 ej
544 802 35 21 må
595 800 111 23 ådömmas
721 801 34 22 för
770 801 89 22 kortare
875 801 31 21 tid
922 803 27 20 än
965 803 32 20 tre
1013 802 74 28 dagar.

506 836 47 21 Och
573 843 46 14 som
640 836 71 21 denna
730 837 164 28 propositionen
914 837 130 21 besvarades
1065 835 49 24 med
1129 835 61 24 blan-

438 870 55 22 dade
506 871 24 28 ja
546 871 40 21 och
601 871 47 28 nej,
664 871 76 21 skreds
755 871 34 21 till
804 871 111 28 votering,
931 878 47 15 som
993 871 65 22 utföll
1074 872 58 21 inom

611 905 57 28 3:dje
684 905 29 22 kl.
729 905 50 22 med
797 907 25 20 12
833 907 29 28 ja
877 906 40 21 och
933 907 12 20 6
960 907 43 28 nej,

614 939 61 22 2:dra
697 956 9 11 »
751 956 9 11 »
813 941 45 27 Gn
898 957 10 11 »
934 941 13 20 2
976 956 10 11 n

613 976 54 20 lista
696 990 9 12 n
750 991 9 11 »
811 975 45 27 Tn
895 991 9 11 n»
935 975 13 21 2
977 990 10 12 »

437 1009 7 22 i
460 1009 55 29 följd
529 1008 79 23 hvaraf
621 1010 50 21 herr
686 1009 201 22 landtmarskalken
903 1009 124 22 förklarade
1043 1010 27 21 60
1085 1009 12 29 &
1113 1009 25 22 af
1144 1009 46 30 lag-

437 1045 118 21 utskottets
571 1043 139 22 betänkande
725 1051 52 15 vara
793 1045 23 21 af
830 1044 86 22 ständet
931 1044 108 28 godkänd.

784 1097 12 28 8
812 1097 33 21 61.

506 1132 86 27 Antogs
607 1133 54 20 utan
676 1131 153 28 anmärkning.

784 1190 11 27 8
811 1189 34 22 62.

507 1216 84 23 Härvid
606 1215 87 31 yttrade

506 1251 58 23 Herr
580 1259 42 15 von
639 1251 155 28 Knorring:
809 1250 103 23 Friherre
929 1250 107 31 Carpelan
1052 1251 46 28 har,
1109 1251 28 22 dä
1147 1251 43 22 dis”

438 1285 118 23 kussionen
575 1286 114 29 angående
709 1286 142 22 förevarande
870 1286 120 29 lagförslag
1004 1286 137 29 påbörjades,
1157 1287 33 21 sä-

439 1329 46 14 som
504 1321 154 22 ordförande.
647 1316 13 38 i
673 1321 144 28 lagutskottet
836 1320 177 29 tillkännagifvit,
1024 1321 118 21 huruledes
1157 1323 33 19 ut-

438 1356 82 21 skottet
536 1355 107 28 anmärkt,
654 1357 31 19 att
699 1362 82 15 samma
796 1356 83 27 förslag
893 1355 21 28 ej
931 1362 51 15 vore
994 1356 23 20 sä
1030 1355 110 28 praktiskt
1151 1356 39 21 och

438 1391 103 29 populärt
561 1388 134 30 redigeradt,
716 1397 47 15 som
782 1390 33 21 för
836 1397 27 14 en
882 1390 37 28 lag
935 1389 142 28 erfordrades,
1093 1397 50 15 men
1159 1391 31 21 att

438 1426 119 21 utskottets
573 1425 32 21 tid
619 1425 49 21 icke
684 1424 114 29 medgifvit
813 1432 28 14 en
856 1424 152 28 omarbetning
1023 1424 68 22 deraf.
1118 1424 72 28 Sagde

438 1459 147 29 anmärkning
599 1459 40 21 har
654 1458 34 22 sin
703 1459 140 29 tillämpning
857 1459 153 28 förnämligast
1025 1459 13 21 &
1053 1459 24 28 $$
1088 1459 48 21 frän
1150 1459 40 21 och

439 1494 50 21 med
509 1495 27 19 62
556 1494 34 20 till
610 1494 104 27 kapitlets
734 1493 49 27 slut,
804 1494 75 20 hvilka
894 1494 24 26 $$
934 1494 20 26 ej
971 1495 37 19 äro
1024 1495 102 26 uppsatta
1141 1493 49 21 med

439 1526 41 23 den
496 1526 93 30 klarhet,
607 1526 92 30 ordning
715 1526 40 22 och
770 1526 109 30 redighet,
894 1533 46 15 som
956 1528 73 20 ämnet
1045 1525 94 31 kräfver,
1150 1527 40 21 och
