1036 1770
189 135 41 20 378

161 200 62 22 deras
238 200 139 22 likställande
393 200 50 21 med
458 200 66 22 andra
540 200 142 26 embetsmän,
697 201 23 27 ty
736 200 60 21 detta
809 200 63 22 beror
882 201 29 28 på

161 235 129 21 monarkens
306 234 106 22 särskilda
427 235 49 21 nåd.

228 270 58 21 Herr
305 269 161 29 Furuhjelm,
482 269 27 21 H.
525 269 38 21 V.:
584 269 76 22 Sävidt
672 270 39 28 jag
727 270 71 26 fattat,
813 269 39 21 har
867 269 43 21 rid-

159 305 117 29 derskapet
292 306 40 20 och
347 304 63 22 adeln
423 305 69 27 jemte
509 304 25 22 de
550 304 70 28 öfriga
636 304 98 27 ständen,
748 312 46 13 som
805 304 106 21 förklarat

160 340 32 28 sig
213 340 19 28 ej
254 340 74 21 kunna
347 341 80 26 antaga
446 339 41 21 den
503 339 79 29 nädiga
597 339 174 29 propositionen,
787 338 56 22 varit
859 346 51 14 ense

160 375 80 26 derom,
256 376 32 19 att
304 374 171 28 grundlagarnes
491 374 134 28 stadganden
642 374 32 20 för
690 374 167 28 ifrågavarande
872 374 38 21 fall

158 409 48 21 bör”
218 409 64 21 lända
301 409 34 20 till
355 408 156 28 efterrättelse;
526 416 60 20 men,
604 408 70 22 såsom
690 416 50 14 man
757 410 51 25 sett,
824 408 43 21 kan
883 415 27 14 en

159 443 58 21 olika
237 443 101 28 tolkning
356 443 23 20 af
396 443 92 21 berörda
501 443 135 28 stadganden
654 443 7 20 i
677 443 58 21 detta
751 443 102 21 afseende
870 449 40 22 ega

158 485 54 14 rum.
242 477 90 22 Således
350 477 43 21 kan
411 478 40 27 jag
471 478 20 27 ej
512 477 68 28 finna,
599 477 101 22 hvarföre
715 477 49 21 icke
780 477 7 20 i
803 485 107 14 samman-

158 513 59 26 hang
239 513 50 20 med
312 512 127 21 ständernas
466 511 149 29 underdäniga
638 519 49 14 svar
711 513 12 20 &
745 512 164 28 propositionen

158 547 73 21 kunde
246 547 80 21 uttalas
342 547 41 20 den
400 547 90 26 önskan,
501 549 31 18 att
546 547 62 21 Hans
624 547 102 28 Majestät
741 547 68 21 mätte
825 546 85 21 utfärda

159 589 26 14 en
205 581 129 28 förordning
354 581 6 20 i
381 581 98 28 enlighet
498 581 49 21 med
566 581 26 21 de
614 581 81 28 äsigter
715 581 117 21 ständerna
851 581 58 28 hylla

159 624 33 14 om
210 617 147 27 grundlagens
372 617 57 20 rätta
445 616 99 21 förständ
559 616 7 21 i
582 616 59 21 detta
657 616 44 21 fall.

226 651 58 22 Herr
300 651 101 26 Munck,
418 650 27 21 K.
461 651 34 21 F.:
517 651 42 28 Jag
579 650 43 21 kan
639 651 20 28 ej
675 651 85 20 biträda
775 651 50 21 herr
840 651 69 20 Furu-

157 686 79 28 hjelms
257 686 56 27 äsigt
328 685 8 20 i
351 686 70 20 denna
441 685 42 27 del,
504 687 22 26 ty
547 685 127 28 derigenom
689 685 70 21 skulle
776 686 36 20 det
826 685 82 21 lomnas

156 721 62 21 Hans
244 721 102 28 Majestät
369 721 66 27 öppet
457 721 32 20 att
509 720 95 21 förklara
624 720 161 28 grundlagarna
806 720 12 21 å
836 727 72 14 annan

157 757 41 26 väg
214 757 26 20 än
257 755 110 21 desamma
381 754 138 22 föreskrifva.
545 755 45 20 Vid
607 762 29 14 nu
651 754 111 21 inträffadt
773 755 135 21 förhållande

157 797 63 14 anser
240 790 40 28 jag
302 791 77 19 rättast
400 797 58 19 vara,
479 791 32 19 att
531 790 71 20 säsom
621 790 51 20 herr
690 796 42 14 von
752 789 158 28 Weissenberg

156 825 122 27 föreslagit,
300 824 77 21 endast
395 823 86 22 anhålla
497 824 39 21 hos
552 824 28 21 H.
595 823 61 29 Kejs.
672 824 69 27 Maj:t,
757 825 32 20 att
803 824 29 21 H.
848 823 61 29 Kejs.

156 859 63 28 Maj:t
238 859 76 26 måtte,
334 859 49 20 med
402 859 152 27 upphäfvande
576 859 24 20 af
616 859 26 20 de
662 858 87 21 sednast
764 859 7 20 i
788 860 72 19 ämnet
876 861 33 18 ut-

156 894 81 21 komna
258 893 192 28 författningarne,
471 893 97 21 förklara
589 893 160 28 grundlagarne
773 893 53 20 böra
849 893 60 28 tjena

157 928 33 21 till
206 928 153 21 efterrättelse.

225 963 57 21 Herr
303 962 174 28 Furuhjelm,
496 962 27 21 H.
538 959 37 24 V.:
596 962 44 21 För
660 962 43 21 min
725 962 35 20 del
781 962 39 20 har
832 962 40 29 jag
887 963 20 28 ej

157 1000 42 20 satt
214 998 7 21 i
237 998 67 28 fräga,
321 999 32 19 att
368 997 61 21 Hans
446 998 102 28 Majestät
564 998 70 20 skulle
650 997 73 21 kunna
737 1004 74 14 ensam
822 998 86 21 utfärda

157 1040 26 14 en
202 1032 249 29 grundlagsförklaring,
472 1039 49 14 men
536 1033 35 20 väl
587 1034 32 19 att
636 1032 35 20 det
686 1032 73 20 kunde
775 1032 38 20 ske
829 1032 7 21 i
852 1040 55 13 sam-

156 1068 80 21 verkan
253 1068 49 20 med
318 1066 123 27 ständerna,
458 1067 70 21 säsom
544 1067 61 21 fallet
619 1066 78 28 blefve,
709 1067 72 20 derest
792 1067 116 21 ständerna

156 1102 32 21 uti
204 1102 36 20 det
255 1101 149 28 underdäniga
419 1102 71 21 svaret
505 1101 50 22 ville
571 1101 109 21 bestämdt
695 1102 68 20 uttala
779 1101 33 21 sin
829 1102 56 28 äsigt
901 1102 6 20 i

155 1137 74 21 saken.

224 1172 57 21 Herr
296 1178 42 14 von
354 1172 79 26 Born,
449 1171 27 21 K.
492 1171 35 21 F.:
549 1171 50 21 Just
614 1170 50 22 med
680 1171 101 21 afseende
798 1172 61 26 derä,
875 1173 32 19 att

155 1207 53 21 våra
228 1206 132 27 grundlagar
376 1206 19 27 ej
412 1206 71 26 afsett,
499 1207 32 19 att
546 1213 27 14 en
588 1206 134 27 tjensteman
737 1205 73 21 kunde
826 1206 81 20 förlora

156 1241 33 20 sin
209 1240 68 28 tjenst
297 1239 137 28 derigenom,
455 1241 32 20 att
502 1239 41 22 den
559 1239 108 28 indrages,
683 1240 23 20 sä
721 1239 76 28 tycker
810 1240 49 27 jag,
875 1241 32 19 att

155 1275 117 20 ständerna
291 1274 64 21 bordt
370 1275 33 20 för
420 1275 33 20 sin
469 1274 34 21 del
518 1275 85 20 besluta
618 1274 32 21 till
667 1274 130 28 författning
812 1274 6 21 i
833 1276 73 19 ämnet

156 1309 39 19 och
211 1309 52 19 derä
278 1309 81 25 begära
373 1309 62 19 Hans
452 1308 113 26 Majestäts
581 1308 81 26 nädiga
677 1308 111 26 sanktion,
805 1311 54 17 samt
875 1310 31 18 att

155 1342 6 20 i
178 1342 97 28 enlighet
295 1341 88 21 dermed
402 1341 128 28 förordning
552 1341 68 20 skulle
639 1342 106 25 utfärdas;
762 1348 49 14 men
827 1342 27 20 dä
870 1349 36 20 ge-

155 1383 49 14 nom
221 1376 110 28 utgängen
347 1376 24 20 af
384 1376 41 20 den
442 1375 99 21 sednaste
556 1375 128 28 voteringen
700 1375 152 29 ridderskapet
866 1376 40 22 och

155 1410 63 22 adeln
233 1411 45 21 helt
294 1410 74 21 enkelt
384 1410 106 22 förkastat
506 1410 170 28 propositionen,
688 1411 51 19 utan
751 1412 31 19 att
798 1412 55 20 sätta
869 1411 37 21 nä-

155 1447 38 26 got
209 1447 66 19 annat
290 1445 7 21 i
314 1445 78 27 stället,
408 1452 64 14 anser
483 1446 46 28 jag,
546 1445 70 21 säsom
629 1446 39 27 jag
678 1445 67 21 redan
756 1446 73 28 yttrat,
841 1448 66 19 annat
