1039 1767
181 121 41 21 298

218 179 66 28 Ännu
300 186 90 21 utbeder
404 186 39 28 jag
458 186 45 28 mig
513 186 22 20 få
545 186 70 20 uttala
625 186 68 28 några
703 186 48 20 ord:
768 185 91 22 Garanti
870 186 33 21 för

152 222 31 19 ett
198 220 36 21 lån
248 221 64 26 utgör
326 226 26 13 en
365 219 219 28 borgesförbindelse,
595 219 72 21 denna
676 219 129 21 förutsätter
816 220 40 21 och
867 227 37 14 an-

152 255 62 26 tyder
226 253 258 28 betalningsskyldighet;
496 254 116 27 lösningen
623 253 24 21 af
655 261 25 13 en
693 254 66 21 sådan
770 254 39 21 hos
820 255 31 20 ett
859 254 46 21 helt

152 289 46 20 folk
217 288 68 21 måste
304 288 38 21 ske
358 295 78 20 genom
452 288 126 28 bevillning.
608 287 49 22 Den
673 295 29 14 nu
717 289 96 27 begärda
827 295 78 22 garan-

152 323 32 20 tin
200 324 64 26 utgör
280 322 84 21 således
380 323 68 20 första
464 324 80 27 steget,
559 322 99 29 grunden
674 323 33 20 till
724 329 27 14 en
765 330 30 21 ny
808 323 96 20 beskatt-

152 357 54 28 ning
224 357 54 20 eller
297 357 130 28 bevillning,
443 357 51 27 lagd
509 357 27 28 på
552 357 49 21 hela
617 357 78 27 folket;
715 358 7 20 i
737 357 167 21 öfverensstäm-

152 391 68 21 melse
235 391 50 21 med
300 391 56 21 hvad
371 391 161 28 grundlagarna
547 391 33 22 för
595 391 68 21 andra
679 391 226 28 beskattningsfrågor

152 426 83 28 stadga,
250 426 44 21 kan
310 425 83 22 således
409 426 76 21 endast
500 426 41 21 den
556 425 63 29 åsigt,
630 426 61 21 hvari
702 427 43 20 alla
755 426 48 28 fyra
813 427 92 21 stånden

151 462 198 25 sammanstämma,
365 460 67 21 blifva
454 461 84 20 landets
562 461 99 21 ständers
682 461 71 21 beslut
769 461 6 20 i
792 461 73 21 saken.

222 495 79 21 Grefve
322 495 112 21 Creutz:
458 495 40 20 Om
518 495 20 21 vi
554 502 52 14 anse
622 495 151 28 myntvärdets
788 495 116 22 säkerstäl-

151 529 64 22 lande
232 537 50 14 vara
298 529 23 21 af
335 529 45 28 vigt
395 530 34 21 för
444 530 47 21 vårt
506 530 58 27 land,
580 530 68 21 måste
664 530 21 21 vi
701 530 97 21 erkänna
812 532 32 19 att
854 531 51 20 herr

153 571 41 14 von
214 559 121 26 Haartman
356 564 36 21 vid
412 564 101 21 sednaste
530 565 90 28 plenum
636 565 72 20 anfört
724 567 31 18 ett
770 565 24 20 af
807 565 26 21 de
849 567 56 19 mest

152 599 88 21 talande
261 599 47 21 skäl
322 599 34 21 för
372 601 32 18 att
419 599 117 21 ständerna
551 607 29 13 nu
596 599 67 21 måtte
679 599 75 22 bifalla
769 599 42 22 den
826 600 80 27 nådiga

152 634 172 28 propositionen.
357 633 57 22 Herr
435 641 42 14 von
497 634 121 21 Haartman
639 634 39 21 har
698 634 110 28 nemligen
828 636 77 26 yttrat,

153 670 31 19 att
199 668 8 20 i
222 668 103 21 händelse
341 668 37 21 det
394 670 42 19 sätt
452 668 34 21 för
501 668 170 28 genomförande
687 668 24 21 af
724 669 182 28 myntreformen,

153 710 45 14 som
214 704 8 20 i
237 703 165 28 propositionen
417 703 70 21 finnes
502 703 130 29 föreslaget,
648 703 48 21 icke
712 710 29 14 nu
758 703 40 21 blir
814 704 24 20 af
848 705 57 20 stän-

153 738 67 21 derna
235 737 95 27 bifallet,
346 738 68 20 måste
429 737 77 29 frågan
522 738 55 28 ånyo
589 738 126 28 föreläggas
724 738 29 21 H.
765 737 60 29 Kejs.
836 738 69 28 Maj:t,

153 779 47 14 som
220 774 52 20 utan
291 772 75 21 tvifvel
381 772 87 21 komme
484 774 32 19 att
529 773 53 20 höra
598 772 121 28 Rysslands
735 772 170 29 finansstyrelse,

153 807 64 20 hvars
240 806 56 28 åsigt
317 807 27 20 då
365 807 72 21 kunde
452 814 52 13 vara
520 806 126 28 förändrad,
663 807 39 21 och
717 807 20 21 vi
753 807 84 21 således
853 808 52 20 fort-

154 840 89 22 farande
264 841 87 21 komma
371 842 31 20 att
421 841 109 21 bibehålla
545 848 82 14 samma
643 842 116 21 osäkerhet
774 842 7 20 i
797 844 108 26 myntvär-

153 876 36 20 det
210 876 50 20 med
278 876 90 20 dermed
383 876 96 28 följande
495 876 95 28 olyckor.
620 876 44 20 För
680 876 44 21 min
741 876 34 21 del
791 883 64 14 anser
867 877 39 27 jag

153 910 149 28 myntvärdets
318 910 171 21 säkerställande
505 918 52 14 vara
573 910 23 21 af
610 910 42 21 den
667 911 183 28 utomordentliga
862 912 45 27 vigt

153 944 33 21 för
206 944 48 22 vårt
274 944 60 28 land,
349 946 32 20 att
393 945 39 28 jag
448 945 28 27 på
491 944 41 22 den
548 945 71 28 grund
635 945 48 21 icke
699 946 93 20 allenast
807 945 99 22 förordar

154 979 60 21 bifall
230 979 33 21 till
279 979 41 21 den
336 980 80 27 nådiga
430 980 172 28 propositionen,
618 981 51 19 utan
685 980 48 21 icke
750 980 68 21 heller
830 980 76 21 tvekar

153 1015 32 20 att
205 1014 7 20 i
232 1014 69 21 likhet
321 1014 50 20 med
391 1014 50 21 herr
462 1014 145 22 Schatelovitz
627 1014 92 27 föreslå,
735 1016 31 19 att
781 1016 7 20 i
803 1015 104 21 händelse

152 1048 238 29 hypoteksföreningen
415 1048 69 22 under
504 1048 125 22 nuvarande
649 1049 160 27 konjunkturer
825 1050 20 27 ej
862 1049 44 21 kan

153 1085 97 26 upptaga
265 1084 31 19 ett
312 1082 112 21 utländskt
439 1084 37 20 lån
491 1085 52 18 utan
554 1083 85 26 förlust,
651 1083 116 22 ständerne
777 1084 68 20 måtte
857 1084 49 20 med

153 1119 31 18 ett
200 1117 72 20 direkt
288 1117 116 20 understöd
420 1117 111 28 bispringa
546 1117 130 28 föreningen
690 1117 34 21 till
740 1117 60 22 detta
814 1118 48 21 låns
873 1125 33 14 er-

153 1151 111 27 hållande;
286 1153 24 26 ty
330 1153 53 19 utan
402 1151 76 21 tvifvel
494 1158 51 14 vore
562 1152 36 20 det
611 1159 27 13 en
653 1151 58 21 vinst
725 1152 34 21 för
775 1153 131 20 statsverket

153 1187 32 19 att
201 1192 78 21 genom
295 1192 27 14 en
338 1185 72 22 direkt
425 1186 124 28 uppoffring
565 1192 27 15 en
608 1187 58 27 gång
681 1186 34 21 för
729 1186 43 21 alla
787 1187 24 21 af
825 1194 26 14 en
863 1187 43 21 viss

153 1227 85 14 summa
259 1220 34 21 för
315 1220 117 21 framtiden
456 1220 128 21 säkerställa
604 1220 137 29 myntvärdet
760 1221 40 21 och
815 1221 92 22 sålunda

153 1254 84 28 skydda
257 1254 33 28 sig
310 1254 34 21 för
364 1255 110 26 förluster,
494 1262 46 14 som
556 1256 37 20 äro
609 1255 177 28 öfverhängande
802 1255 40 22 och
857 1255 49 22 icke

154 1289 74 20 kunna
248 1288 113 21 beräknas.
391 1289 82 21 Hvilka
487 1289 104 21 förluster
607 1289 131 21 statsverket
753 1290 7 21 i
775 1297 28 14 en
817 1290 90 21 framtid

153 1322 105 27 möjligen
274 1322 72 21 kunde
362 1322 88 21 komma
465 1324 32 19 att
512 1323 50 26 lida,
579 1330 35 13 om
630 1323 41 20 den
687 1323 59 20 förra
761 1323 145 21 osäkerheten

153 1356 6 20 i
177 1356 138 27 myntvärdet
330 1356 84 27 fortfar,
436 1356 61 21 torde
517 1363 51 14 man
588 1357 74 20 kunna
682 1357 55 27 inse,
753 1364 35 14 om
804 1364 49 14 man
869 1358 36 21 be-

155 1390 81 27 sinnar,
252 1391 32 20 att
302 1390 131 21 statsverket
448 1390 36 21 vid
499 1391 142 28 betalningen
656 1391 7 20 i
679 1391 112 22 utländskt
806 1394 61 25 mynt
883 1393 24 20 af

153 1425 127 20 annuiteten
292 1425 33 21 för
336 1425 36 20 det
383 1425 51 21 sista
443 1425 172 21 Rothsehildska
625 1427 26 28 43
662 1428 10 26 &
684 1427 65 27 lånet,
757 1433 79 22 genom
844 1427 61 21 kurs-
