1039 1745
180 142 42 20 616

150 206 59 27 gång
229 206 33 20 till
283 206 67 27 något
369 206 71 21 bättre
461 206 40 21 och
516 206 34 21 till
566 208 54 21 tröst
636 206 33 21 för
685 206 56 27 dem,
757 213 46 14 som
820 208 32 19 tro
869 208 32 19 att

150 239 125 28 bättringen
297 240 40 20 hos
360 240 40 20 den
424 240 66 20 fallne
511 241 39 19 och
572 240 79 21 andras
673 240 159 21 afskräckande
853 240 48 20 från

149 273 59 21 brott
224 274 20 26 ej
262 275 24 19 är
301 273 96 28 möjligt,
413 280 35 14 om
464 274 20 28 ej
501 274 114 20 samhället
631 274 54 21 först
699 275 29 27 på
743 274 67 28 något
824 274 78 27 riktigt

150 307 109 21 kännbart
278 309 42 21 sätt
336 308 84 21 straffat
435 308 145 28 brottslingen
596 308 34 21 för
646 308 40 21 den
703 308 23 21 af
739 308 79 21 honom
835 308 67 21 föröf-

150 342 55 21 vade
229 342 215 28 rättskränkningen.
474 342 153 21 Afskaffandet
647 343 28 27 på
695 350 27 13 en
742 343 59 27 gång
820 343 24 20 af
865 343 38 20 vär

150 375 152 29 kriminallags
322 376 24 21 så
366 376 141 28 fullständiga
526 377 139 27 pinoarsenal
684 379 57 19 samt
756 377 73 21 dertill
844 378 59 19 ännu

150 410 24 20 af
187 410 99 28 fängelse
302 410 36 22 vid
353 413 73 20 vatten
443 411 39 21 och
498 411 54 21 bröd
567 418 52 14 vore
635 411 82 21 kanske
733 418 60 14 mera
803 413 26 19 än
841 411 62 21 desse

150 443 126 28 anhängare
291 445 49 20 utaf
353 445 239 28 afskräckningsteorin
608 445 72 20 kunde
695 445 110 28 fördraga.

219 478 103 21 Friherre
336 479 26 22 de
379 474 28 37 la
420 479 181 28 €hapeHe:
566 474 32 37 De
616 479 28 20 H.
659 479 63 28 Kejs.
738 479 73 28 Maj:ts
822 479 81 28 nådiga

151 513 135 27 proposition
302 513 90 28 åtföljde
408 513 93 22 motiver
517 516 55 19 samt
588 513 118 22 utskottets
723 513 136 22 betänkande
870 513 33 21 in-

151 546 87 21 nehålla
257 547 68 20 redan
346 547 24 21 så
384 547 87 21 talande
489 548 40 21 och
545 547 142 28 fullständiga
703 547 47 22 skäl
765 547 34 21 för
815 547 88 21 obehöf-

151 580 97 27 ligheten
262 581 24 20 af
300 581 144 27 dödsstraffet,
456 584 31 19 att
495 583 40 26 jag
545 582 108 27 knappast
663 581 77 22 trodde
750 582 72 27 någon
833 581 71 21 skulle

151 614 28 28 på
200 614 59 22 detta
278 622 49 14 rum
347 616 51 27 höja
418 616 34 21 sin
471 617 46 20 röst
534 616 35 21 för
584 615 163 22 bibehållandet
762 616 24 21 af
799 616 58 21 detta
873 615 31 21 af-

152 648 108 28 skyvärda
276 650 39 20 och
331 650 39 21 hos
386 657 35 14 oss
437 650 68 21 under
520 657 27 14 en
563 651 77 26 längre
656 650 88 27 tidföljd
759 650 48 21 icke
822 650 81 21 tilläm-

151 683 57 28 pade
223 684 67 21 straff.
314 684 34 21 Då
360 685 40 28 jag
410 685 67 20 likväl
488 691 34 14 ser
532 685 46 27 mig
589 685 109 27 bedragen
708 685 7 20 i
726 685 45 21 min
782 685 121 26 förmodan,

153 718 37 21 ber
203 718 45 28 jag,
264 713 112 27 ehuru
346 709 26 41 en
391 719 68 21 talare
474 719 68 21 redan
557 719 50 21 med
623 721 74 19 värma
713 719 83 22 bemött
811 719 26 21 de
849 719 54 27 skäl,

150 759 48 15 som
210 752 32 20 för
253 760 27 13 en
291 753 66 20 sådan
369 753 56 27 åsigt
436 753 90 26 anförts,
536 755 32 19 att
578 753 23 20 få
611 755 58 25 yttra
679 753 68 28 några
758 753 39 21 ord
807 753 7 20 i
823 755 80 19 ämnet.

221 786 41 20 Om
282 786 150 21 dödsstraffets
451 787 152 21 bibehållande
626 787 7 19 i
655 786 168 29 lagstiftningen
845 788 59 20 afser

151 821 32 21 ett
202 820 133 28 återgående
355 821 32 21 till
403 821 132 21 detsammas
551 821 160 21 verkställande
727 821 7 21 i
750 821 25 21 de
790 821 38 21 fall
844 822 60 20 detta

152 854 63 21 straff
229 855 117 27 ådömmes,
358 855 69 21 finner
439 856 40 27 jag
495 855 86 21 derföre
596 855 49 21 icke
661 855 67 21 andra
743 855 47 21 skäl
804 862 52 14 vara
866 863 37 13 an-

151 888 73 27 förda,
240 891 27 19 än
283 891 32 20 att
330 889 66 28 sagde
411 890 63 21 straff
486 891 58 20 ännu
559 889 126 21 bibehållits
699 889 8 21 i
723 889 26 22 de
765 891 78 20 staters
858 890 46 28 lag-

151 923 113 28 stiftning,
280 923 85 23 hvilkas
381 924 73 21 kultur
474 925 48 26 gått
540 924 61 27 långt
619 923 92 22 framom
729 924 45 21 vår.
804 924 35 21 Då
853 932 51 13 man

152 957 67 23 likväl
237 958 108 27 besinnar,
365 960 33 19 att
418 959 109 27 exemplet
542 959 49 20 från
607 958 68 21 andra
689 958 83 27 länder,
788 959 38 21 der
841 959 63 20 döds-

152 991 75 22 domar
252 992 133 23 fortfarande
406 993 47 28 gått
468 993 8 21 i
491 993 176 27 verkställighet,
682 993 48 21 icke
747 995 23 19 är
786 993 117 21 bevisande

152 1026 33 21 för
206 1027 51 20 våra
277 1027 162 27 förhållanden,
454 1029 52 19 enär
522 1027 60 21 detta
597 1027 63 20 straff
673 1027 68 22 under
757 1027 52 21 flere
825 1027 78 21 decen-

152 1061 48 20 nier
220 1061 38 20 hos
278 1068 36 14 oss
329 1061 48 22 icke
393 1061 72 21 blifvit
480 1061 134 28 tillämpadt,
629 1061 24 21 så
668 1061 97 22 förfaller
781 1061 49 22 hela
845 1062 58 21 kraf-

151 1097 37 18 ton
204 1095 24 20 af
241 1095 60 20 detta
316 1095 54 21 skäl.
399 1095 40 21 Att
456 1096 47 20 åter
519 1095 114 21 förvandla
647 1095 169 29 lagskipningen
833 1096 33 20 till
877 1103 27 14 en

151 1129 144 21 blodshämnd
306 1129 49 21 med
366 1129 47 21 sina
424 1130 112 27 offentliga
546 1130 122 27 högtidliga
683 1130 144 21 exekutioner
841 1137 64 20 synes

152 1163 46 27 mig
212 1170 52 14 vara
279 1165 32 19 att
326 1163 28 27 gå
368 1163 91 21 tillbaka
474 1163 7 21 i
497 1164 80 25 kultur,
593 1164 48 20 icke
657 1163 85 22 framåt.
765 1163 35 22 Då
814 1164 22 21 vi
851 1166 52 19 utan

152 1197 54 20 våda
217 1196 34 21 för
262 1197 177 20 rättstillståndet
452 1197 65 21 hafva
528 1198 85 20 kunnat
624 1197 96 22 undvara
732 1198 139 27 skådespelet
882 1199 25 20 af

152 1238 27 13 en
199 1231 99 27 offentlig
317 1231 130 28 afrättning,
467 1238 63 21 synes
546 1231 46 28 mig
607 1232 121 21 förhastadt
743 1234 32 19 att
790 1233 46 20 åter
851 1233 53 27 vilja

151 1265 72 22 införa
239 1265 86 20 sådana.
348 1265 150 28 Mångfaldiga
513 1266 101 27 exempel
629 1265 64 22 hafva
705 1266 64 21 äfven
781 1266 123 28 ådagalagt,

151 1300 33 20 att
204 1298 64 20 dessa
288 1299 115 26 skådespel
423 1299 49 20 icke
487 1299 115 20 afskräcka
617 1299 49 20 från
681 1300 70 26 brott,
767 1302 51 18 utan
834 1300 69 20 väcka

152 1332 106 21 blodtörst
278 1332 41 20 och
337 1335 47 17 reta
406 1332 32 20 till
455 1332 63 20 brott.
542 1332 96 21 Sålunda
653 1334 24 19 är
693 1333 79 26 utredt,
788 1335 31 18 att
835 1334 69 20 under

151 1366 40 22 och
211 1365 56 21 efter
282 1366 145 27 afrättningar
443 1366 62 21 mord
524 1366 39 21 och
580 1366 59 21 brott
654 1367 6 20 i
677 1368 79 20 största
771 1367 80 28 mängd
867 1368 36 20 be-

151 1400 46 27 gås.
228 1400 33 21 En
281 1407 89 20 person,
391 1408 46 13 som
457 1401 47 27 gått
525 1401 107 21 hemifrån
652 1402 33 19 för
701 1403 30 19 att
747 1402 114 21 öfvervara
876 1410 27 13 en

149 1435 132 28 afrättning,
303 1437 69 18 möter
392 1435 27 28 på
434 1435 121 27 hemvägen
576 1442 27 14 en
620 1443 56 19 man,
692 1435 49 22 med
756 1436 88 21 hvilken
860 1437 43 21 han
