1034 1750
184 137 2 6 .
214 118 40 21 308

185 184 70 20 häruti
267 190 26 14 en
304 184 70 20 bättre
384 183 126 21 lärmästare
521 183 27 21 än
559 182 42 21 alla
609 183 86 21 teorier.
715 182 80 21 Grefve
805 182 77 21 Creutz
890 182 39 21 har

184 217 66 21 fästat
270 217 218 28 uppmärksambeten
508 217 83 26 dervid,
607 219 32 18 att
654 224 34 13 om
704 217 20 26 ej
741 216 188 27 silfverutvexling

185 251 69 21 skulle
275 251 72 21 kunna
367 251 158 21 åstadkommas
546 251 6 20 i
573 251 86 20 banken
674 251 29 28 på
717 251 42 20 sätt
774 257 30 14 nu
819 252 24 19 är
858 251 70 27 fråga,

184 285 54 22 eller
252 293 79 20 genom
345 285 246 28 hypoteksföreningens
605 285 130 22 medverkan
745 285 34 21 till
790 285 139 21 anskaffande

185 320 23 21 af
226 320 101 21 utländsk
343 320 81 27 valuta,
440 320 23 21 så
478 320 70 21 skulle
563 319 36 22 det
614 319 107 22 erfordras
737 327 42 21 nya
794 319 136 22 underhand-

184 355 71 27 lingar
270 355 50 20 med
334 355 66 27 ryska
414 354 214 21 finansministerium
645 354 39 21 och
700 355 87 20 osäkert
802 361 58 20 vore,
875 354 55 21 huru

185 389 26 21 de
234 389 71 20 kunde
328 389 85 26 utfalla,
433 389 8 20 i
460 389 88 22 hvilken
569 389 56 27 åsigt
645 389 64 21 också
730 389 51 20 herr
799 396 40 14 von
860 388 68 21 Essen

185 423 74 28 tyckes
279 423 65 22 hafva
362 423 95 21 instämt.
487 423 43 22 För
550 423 65 29 ryska
634 423 213 21 finansministerium
867 430 63 21 synes

186 457 35 22 det
236 457 66 22 likväl
318 458 52 21 böra
385 465 52 14 vara
447 458 140 28 temmeligen
597 457 115 29 likgiltigt,
724 465 35 14 om
769 457 26 21 de
807 458 12 20 8
830 457 101 28 miljoner

185 492 70 27 mark,
278 492 74 21 hvilka
374 494 82 19 ansetts
476 492 143 28 erforderliga
637 493 34 20 för
690 494 31 19 att
736 493 37 20 vår
789 492 57 21 bank
861 492 69 21 skulle

184 527 74 20 kunna
274 528 70 26 öppna
360 533 26 14 en
402 526 133 22 obehindrad
550 527 194 28 silfverutvexling,
759 527 33 20 till
803 527 85 21 banken
898 526 33 21 in-

185 561 52 28 flyta
256 561 48 20 från
324 561 237 29 hypoteksföreningen
576 561 53 21 eller
645 561 6 20 i
667 561 54 27 följd
736 561 24 20 af
773 562 31 19 ett
818 561 43 27 lån,
877 567 53 22 upp-

185 597 60 27 taget
260 595 134 21 omedelbart
409 596 23 20 af
445 596 87 21 banken
548 596 69 21 under
632 596 126 20 ständernas
773 596 91 28 garanti.
887 595 44 21 Det

186 630 77 27 skälet,
271 631 32 20 att
317 630 7 21 i
335 630 37 20 det
381 630 91 21 sednare
483 630 61 22 fallet
555 631 67 27 några
632 630 77 21 hinder
720 630 47 21 från
778 630 65 27 ryska
853 630 78 21 finans-

184 664 144 21 ministerium
344 664 69 21 skulle
429 665 59 20 möta
503 666 58 19 emot
577 664 226 28 silfverutvexlingen,
819 671 63 21 synes
898 664 32 21 så-

185 699 60 21 ledes
260 699 20 28 ej
296 705 51 15 vara
362 699 98 20 hållbart.
481 699 64 21 Hvad
561 699 45 21 åter
620 699 103 21 beträffar
737 699 51 21 herr
798 705 41 15 von
850 698 80 22 Essens

186 733 124 28 påstående,
326 735 32 19 att
373 735 31 19 ett
420 735 12 19 6
449 735 10 26 &
476 733 36 22 lån
528 734 20 28 ej
565 735 23 20 är
603 734 34 20 för
645 733 129 28 jordbruket
785 733 144 28 betungande,

186 768 24 21 så
225 769 23 20 är
263 769 134 20 räntefotens
412 768 58 27 höjd,
487 768 90 21 likasom
589 768 6 20 i
608 768 119 21 allmänhet
739 768 83 27 allting,
833 768 97 27 relativt;

186 802 70 22 skulle
276 809 78 21 genom
375 803 98 20 bankens
494 803 123 27 bemedling
634 802 145 28 jordbrukare
794 802 91 21 beredas
898 804 33 19 ut-

185 838 43 27 väg
247 836 33 21 till
299 837 37 20 lån
354 837 28 28 på
396 837 61 28 lägre
472 838 62 20 ränta
549 837 40 20 och
604 837 27 27 på
646 837 87 20 kortare
749 836 182 29 amorteringstid,

186 871 24 21 så
224 878 52 14 vore
291 871 36 21 det
342 871 117 28 onekligen
474 871 179 28 fördelaktigare;
669 871 88 21 hvarför
764 871 39 28 jag
813 878 64 14 anser
887 871 45 27 mig

186 906 64 21 hafva
265 907 37 27 egt
317 906 39 20 allt
371 905 47 21 skäl
433 905 33 21 för
480 906 50 21 mitt
544 905 101 29 yttrande
661 907 31 20 att
703 907 12 20 6
728 907 10 26 &
750 907 61 20 ränta
819 905 112 28 jemförel-

186 941 56 21 sevis
257 943 24 18 är
296 940 145 27 betungande,
457 941 68 20 ehuru
538 941 39 28 jag
591 941 38 20 vill
645 941 103 26 erkänna,
764 942 31 19 att
808 940 123 22 räntefoten

186 976 34 21 för
240 975 36 21 det
295 975 133 21 närvarande
448 977 24 19 är
491 976 12 20 6
519 976 19 27 &
568 975 44 22 För
627 975 67 29 öfrigt
708 975 39 21 har
763 975 74 28 grefve
853 975 78 22 Creutz

187 1010 71 27 också,
278 1017 34 14 om
326 1010 39 28 jag
380 1010 108 28 uppfattat
504 1010 35 21 det
555 1010 82 27 riktigt,
653 1011 74 26 yttrat,
742 1011 31 27 att
785 1011 39 27 jag
839 1009 70 22 skulle
925 1010 6 20 i

185 1045 46 20 min
250 1045 134 21 reservation
403 1044 117 27 förmenat,
539 1046 32 19 att
587 1044 125 21 ständernas
731 1044 106 28 åtagande
854 1045 23 20 af
890 1044 41 21 den

185 1079 164 28 ifrågavarande
365 1079 99 27 garantin
480 1079 69 21 skulle
564 1079 98 27 förringa
675 1079 134 21 förtroendet
819 1079 32 20 till
863 1079 69 21 finska

186 1114 85 20 banken
291 1113 39 21 hos
351 1113 142 28 utlänningen
515 1113 39 21 och
573 1114 41 20 öka
630 1114 137 26 svårigheten
783 1113 33 21 för
831 1114 101 20 framtida

186 1147 42 22 lån.
251 1147 66 22 Detta
332 1148 101 27 yttrande
447 1148 132 21 tillkommer
590 1148 54 21 dock
656 1148 48 21 icke
715 1147 51 28 mig,
777 1149 51 20 utan
839 1147 91 22 friherre

186 1182 26 21 de
228 1183 20 20 la
264 1182 110 29 Chapelle.
404 1182 43 28 Jag
467 1182 98 21 anhåller
581 1185 32 18 att
627 1182 22 21 få
665 1184 85 25 nämna,
766 1184 32 20 att
809 1183 40 27 jag
864 1182 6 21 i
886 1183 44 20 min

186 1217 134 20 reservation
340 1217 47 20 icke
407 1219 67 26 yttrat
494 1219 31 18 ett
545 1217 39 21 ord
603 1217 84 27 derom,
708 1217 39 20 och
768 1217 19 27 ej
805 1217 70 20 heller
889 1216 42 21 den

186 1251 79 21 minsta
284 1251 79 21 tvekan
378 1251 92 21 rörande
485 1251 251 28 hypoteksföreningens
751 1251 180 28 vederhäftighet.

186 1285 45 20 Min
247 1286 133 20 reservation
396 1279 94 34 grundar
506 1287 33 26 sig
555 1286 123 27 egentligen
694 1285 74 28 derpå,
779 1287 32 18 att
819 1285 38 28 jag
868 1291 64 14 anser

184 1318 130 27 jordbruket
328 1319 74 20 kunna
416 1319 28 28 på
460 1321 31 18 ett
502 1319 207 26 ändamålsenligare
721 1321 43 18 sätt
775 1319 156 27 understödjas.

186 1352 42 29 Jag
243 1353 106 21 vidhåller
363 1353 66 21 också
444 1353 42 21 den
502 1353 63 28 åsigt,
578 1353 39 28 jag
633 1353 57 20 förut
705 1355 74 25 yttrat,
791 1353 52 20 eller
853 1354 32 20 att
895 1353 37 21 nå-

186 1393 42 21 gon
244 1387 85 28 garanti
345 1388 20 27 ej
381 1387 66 22 borde
463 1387 33 21 för
512 1387 36 21 det
564 1387 134 22 närvarande
713 1387 102 28 beviljas,
829 1394 50 14 men
895 1390 38 25 att,

186 1421 7 20 i
209 1421 103 22 händelse
328 1429 26 14 en
371 1422 65 21 sådan
452 1422 67 21 likväl
533 1422 126 28 medgifves,
671 1422 40 21 den
723 1423 130 20 åtminstone
864 1422 69 22 skulle
