1092 1792
870 122 39 21 147

187 185 40 28 lig;
251 186 93 20 tvertom
359 191 64 15 anser
436 186 39 26 jag
490 185 42 21 den
547 192 51 14 vara
614 186 78 26 bättre,
708 188 26 19 än
751 186 41 22 den
808 186 6 21 i
832 188 54 20 1808
904 188 34 20 års

183 219 126 27 jagtstadga
332 219 95 27 intagne.
458 219 57 21 Lika
533 219 49 21 med
602 220 110 27 åtskillige
732 221 68 21 talare
816 221 70 21 skulle
899 222 39 27 jag

187 253 73 21 dock
254 249 13 37 i
275 254 91 20 motsats
381 255 46 18 mot
442 253 26 21 de
484 255 79 19 tvenne
579 254 74 20 stånds
669 254 139 28 deputerade,
824 262 46 14 som
886 256 52 20 hän-

187 287 44 21 fört
246 288 67 20 haren
330 287 33 21 till
379 287 108 28 oskadligt
501 288 111 26 villebråd,
624 294 52 14 anse
688 288 125 21 densamma
823 289 52 21 böra
886 289 52 21 hän-

186 322 58 20 föras
261 321 32 21 till
309 322 68 20 första
393 321 93 21 klassen.
513 322 55 20 Dess
583 322 49 20 kött
647 323 23 19 är
686 322 71 20 ätbart
773 322 40 21 och
829 322 48 22 dess
891 324 47 26 pels

187 356 125 20 användbar
326 356 34 20 för
375 355 159 22 hattmakaren.
558 356 79 27 Någon
648 356 66 21 skada
725 356 161 22 åstadkommer
897 357 41 21 den

186 391 20 26 ej
227 390 78 27 heller,
325 397 46 14 som
392 390 107 28 förtjenar
525 392 31 19 att
576 390 125 28 anmärkas;
722 391 216 27 trädgårdsodlarens

186 424 109 28 klagomål
316 425 43 20 kan
381 424 19 28 ej
417 426 57 26 väga
488 424 94 28 mycket,
599 424 27 21 då
641 424 36 21 det
692 425 68 27 gäller
776 426 33 19 att
824 425 48 21 icke
888 432 51 14 vara

187 458 156 27 obarmhertig,
359 460 30 18 att
405 459 20 26 ej
442 458 90 28 förfölja
548 458 39 21 och
604 458 56 21 döda
675 465 26 14 en
712 458 64 27 hona,
788 465 45 14 som
844 459 45 20 ofta
900 459 38 27 går

187 492 49 20 med
256 492 45 20 åtta
317 492 54 20 eller
387 493 35 20 nio
438 499 76 21 ungar.
544 492 56 20 Lika
614 492 50 20 med
679 492 80 28 nådiga
773 493 164 27 propositionen

187 534 64 13 anser
268 526 39 28 jag
328 526 85 21 derföre
428 526 67 21 haren
512 527 52 21 böra
580 526 22 21 få
618 526 37 21 sitt
669 533 48 14 rum
732 527 8 20 i
755 527 69 21 första
839 527 98 26 klassen,

186 561 67 21 bland
280 561 82 27 nyttigt
383 561 112 21 villebråd.
528 561 11 21 I
560 561 68 21 andra
650 561 97 27 punkten
770 561 39 21 har
832 561 107 21 utskottet

187 596 66 20 bland
271 595 118 28 skadedjur
404 595 101 28 upptagit
520 595 93 27 skjälen.
643 595 76 28 Enligt
734 596 56 20 hvad
806 595 66 21 redan
888 596 51 20 herr

187 630 99 20 Aminoff
304 630 109 26 anmärkt,
434 631 64 26 utgör
519 630 100 28 fångsten
640 630 63 20 deraf
719 630 28 28 på
766 630 57 21 vissa
839 632 58 19 orter
911 637 28 14 en

187 665 84 26 näring.
297 664 44 28 Jag
356 664 33 21 får
405 664 92 27 derföre,
509 665 7 20 i
526 664 225 22 öfverensstämmelse
767 664 49 21 med
831 664 56 21 hvad
900 665 39 27 jag

187 700 6 19 i
210 699 45 21 min
269 698 135 28 reservation
419 699 79 27 anfört,
513 698 111 22 vördsamt
639 698 121 27 hemställa,
777 706 34 13 om
822 698 48 21 icke
882 699 57 27 skjä-

187 734 36 20 len
243 733 73 21 kunde
336 735 107 26 upptagas
463 733 66 21 bland
548 733 109 27 oskadligt
676 733 112 21 villebråd.
818 732 64 22 Hvad
902 733 36 20 be-

188 768 75 20 träffar
283 767 173 27 anmärkningen
477 767 85 27 derom,
581 769 31 19 att
633 767 84 28 skjälen
738 767 69 21 skulle
826 767 113 21 förorsaka

189 802 67 21 skada
270 802 28 28 på
313 801 140 28 fiskbragder,
470 802 23 20 så
508 802 62 20 torde
586 801 64 21 dessa
664 801 38 21 fall
713 808 51 14 vara
775 801 76 21 endast
861 808 78 20 excep-

189 836 96 21 tionella.
316 836 91 28 Skjälen
424 838 46 19 äter
486 836 47 26 fisk,
549 836 36 20 det
601 838 23 19 är
640 837 74 26 sannt;
730 842 50 14 men
796 836 84 27 gäddan
895 836 43 20 för-

188 874 34 18 tär
243 871 64 21 också
327 870 47 21 fisk.
405 870 42 28 Jag
468 872 36 20 vet
525 871 27 27 ej,
572 877 36 14 om
628 870 71 21 denna
720 870 161 28 omständighet
896 870 43 20 kan

189 913 62 14 anses
272 907 79 27 utgöra
370 913 27 14 en
417 905 119 28 tillräcklig
555 905 71 28 grund
646 905 33 21 för
700 905 96 28 skjälens
817 904 122 21 utrotande.

188 935 67 26 Ännu
269 941 40 20 har
324 940 48 21 icke
388 940 66 28 något
469 939 118 29 påstående
602 940 84 21 kunnat
701 941 64 26 göras
781 946 35 14 om
830 941 32 18 att
876 939 63 21 äfven

189 975 112 28 gäddorna
315 981 52 15 vore
383 974 124 28 skadedjur,
523 975 68 20 ehuru
606 974 27 21 de
648 974 83 21 förtära
746 974 47 21 fisk.
814 973 45 22 Sist
870 973 69 21 skulle

186 1011 39 26 jag
241 1009 113 27 anmärka,
371 1011 32 19 att
417 1009 66 20 bland
499 1009 26 21 de
541 1009 48 20 ädla
604 1008 87 28 djuren,
708 1015 45 14 som
769 1009 7 20 i
791 1008 95 21 Finland
900 1007 39 22 fin-

190 1051 48 20 nas,
253 1044 38 21 har
312 1043 89 21 bäfvern
419 1043 72 21 blifvit
506 1043 111 21 utlemnad
632 1043 48 20 från
696 1043 27 20 de
738 1043 86 28 nyttiga
838 1042 101 21 villebrå-

189 1079 48 20 den.
268 1078 55 21 Dess
343 1078 47 28 pels
411 1079 24 19 är
455 1077 79 28 dyrbar
554 1077 40 21 och
613 1077 80 26 kunde,
708 1077 7 20 i
730 1077 104 20 händelse
849 1076 91 21 bäfvern

189 1113 72 21 blefve
281 1113 87 27 fridlyst
384 1112 27 27 på
427 1118 27 14 en
470 1112 75 27 längre
562 1111 38 27 tid,
616 1111 6 20 i
639 1111 116 21 framtiden
770 1111 80 20 bereda
866 1110 75 21 landet

190 1148 72 27 någon
282 1147 102 21 inkomst.
414 1146 42 28 Jag
477 1153 63 14 anser
560 1145 90 22 bäfvern
671 1145 85 21 derföre
775 1145 53 21 böra
846 1145 6 20 i
872 1145 68 20 första

189 1183 88 20 klassen
293 1181 65 21 bland
374 1181 85 28 nyttiga
475 1181 48 27 djur
538 1182 113 26 upptagas.
682 1180 10 20 I
708 1179 101 22 afseende
823 1180 12 20 å
846 1179 93 28 småfog-

190 1217 68 26 larne,
270 1216 69 21 skulle
353 1216 39 27 jag
407 1222 52 14 anse
471 1215 168 27 lagstiftningen
650 1216 58 19 ännu
718 1215 20 26 ej
750 1213 94 22 behöfva
855 1213 86 21 sträcka

191 1251 33 20 sin
245 1257 87 20 omsorg
350 1249 34 21 till
405 1249 58 28 dem;
484 1250 68 27 några
573 1248 111 28 egentliga
704 1248 47 21 skäl
770 1249 45 20 tala
835 1249 20 27 ej
872 1248 68 21 heller

191 1285 79 20 derför.
300 1277 72 28 Äfven
387 1283 128 21 insekterna
529 1283 61 21 torde
606 1283 27 20 då
647 1283 53 20 böra
715 1282 89 21 komma
819 1283 69 20 under
903 1281 37 21 nå-

192 1320 37 25 got
250 1318 78 27 skydd,
349 1319 23 26 ty
392 1318 63 20 äfven
475 1317 26 21 de
516 1319 37 18 äro
569 1317 151 28 polismästare
735 1317 7 20 i
757 1318 99 19 naturen.
886 1315 55 21 Der-

191 1354 58 19 emot
269 1359 65 14 anser
351 1352 40 27 jag
410 1351 133 26 morkullan,
562 1351 80 20 dubbla
662 1350 131 21 beckasinen
810 1351 39 19 och
864 1350 76 27 ejdern

191 1387 54 20 böra
259 1386 101 27 fridlysas
376 1387 55 19 samt
446 1386 81 26 ugglan
543 1385 47 21 icke
606 1385 78 20 räknas
700 1384 33 21 till
749 1383 124 28 skadedjur.
