1036 1764
797 126 42 22 693

115 192 70 29 enligt
200 192 28 22 H.
244 192 61 29 Kejs.
321 193 72 28 Maj:ts
409 192 80 29 nådiga
503 192 157 28 förordnande,
676 192 117 22 anbefallts
809 194 58 20 utar-

115 227 94 21 betande
232 227 24 21 af
276 227 27 21 de
326 227 79 28 nådiga
430 228 168 27 propositioner,
621 235 46 14 som
691 228 117 21 ständerna
830 227 37 21 vid

114 261 72 22 denna
210 261 106 29 landtdag
340 262 111 27 förelagts.
487 262 12 21 I
518 262 77 28 frågan
616 269 35 14 om
670 262 152 28 omarbetning
845 262 24 20 af

114 296 85 21 landets
220 296 151 28 brottmålslag
397 296 147 22 förekommer
566 296 47 21 'deri
636 296 110 29 nemligen
769 296 97 28 följande

114 330 112 29 yttrande:

182 378 28 3 —
227 378 24 4 —
268 366 133 28 ,hvarjemte
417 366 117 21 ständerna
550 372 40 22 ega
605 367 42 26 att,
660 366 47 21 ifall
717 366 68 28 några
796 365 70 21 straff-

115 402 58 19 arter
188 407 64 15 anses
268 400 53 22 böra
336 400 33 21 för
385 400 116 22 framtiden
516 400 112 27 afskaffas,
645 400 118 29 öfverväga
779 400 39 22 och
828 400 38 21 be-

114 436 58 20 sluta
187 442 35 14 om
237 435 41 21 och
293 435 28 28 på
336 434 55 22 hvad
406 434 71 22 vilkor
493 435 61 21 deras
570 435 141 21 användande
726 435 55 21 skall
791 438 75 26 genast

114 470 108 28 upphöra;
237 470 56 21 dock
309 470 35 20 må
359 469 71 28 någon
450 470 135 28 proposition
601 470 33 20 till
650 470 178 22 landtständerne
845 469 19 28 ej

114 512 41 21 ega
174 512 48 15 rum
243 505 7 21 i
270 504 119 28 anledning
409 504 24 21 af
451 505 118 22 utskottets
589 505 112 28 (hvarmed
715 512 76 15 menas
807 504 58 21 det
852 500 17 37 i

111 541 88 28 januari
219 539 80 22 månad
318 539 24 21 år
363 540 55 20 1862
438 539 178 22 sammankomne
636 541 84 20 utskott
739 540 24 21 af
776 540 89 27 depute-

114 574 52 21 rade
188 575 49 21 från
259 575 85 20 landets
363 574 48 28 fyra
431 575 71 27 stånd)
523 574 97 21 uttalade
636 575 82 21 önskan
735 581 35 14 om
785 574 79 29 upphö-

114 610 67 21 rande
195 609 29 29 af
230 609 56 29 från
297 609 117 29 dödsstraff
420 609 132 29 förskonade
563 609 147 29 brottslingens
715 608 151 30 försändande

116 645 33 22 till
162 644 114 22 Siderien*.

182 679 68 22 Detta
264 679 28 21 H.
308 679 63 28 Maj:t
385 678 121 29 Kejsarens
524 678 80 29 nådiga
618 679 102 28 yttrande
736 680 24 19 är
776 678 19 29 ej
812 680 52 19 utan

115 715 33 21 sin
164 715 59 20 stora
237 713 117 29 betydelse.
377 713 52 22 Man
445 713 42 22 kan
504 713 64 22 alltså
583 713 49 22 med
647 714 30 21 all
687 713 82 22 visshet
779 715 86 26 antaga,

115 751 31 20 att
162 756 34 15 om
212 748 140 22 dödsstraffet
367 749 7 20 i
389 749 65 28 lagen
471 748 113 28 bibehölls,
596 749 6 20 i
614 749 72 21 stället
697 748 86 31 derföre
795 749 70 21 såsom

115 784 125 28 benådning
250 783 165 22 siberiestraffet
425 783 135 22 fortfarande
571 784 87 21 komme
668 785 32 20 att
711 783 93 28 qvarstå.
822 783 44 22 Det

115 820 69 21 finnes
205 819 56 20 dock
282 819 20 27 ej
322 826 45 13 mer
388 820 27 19 än
436 825 27 14 en
479 818 89 29 mening
582 819 85 27 derom,
683 820 32 19 att
731 817 60 22 detta
806 817 63 22 straff

115 854 49 21 icke
184 853 67 22 borde
271 853 97 21 fortfara.
403 853 44 28 Jag
467 855 45 19 tror
531 853 111 22 hvarenda
657 853 94 20 medlem
767 853 23 21 af
807 853 60 21 detta

115 889 105 21 riksmöte
235 888 43 21 kan
293 889 7 20 i
315 888 60 21 detta
389 887 103 22 afseende
508 889 74 28 tryggt
597 887 108 29 uppträda
720 888 70 21 såsom
802 887 64 22 måls-

116 931 50 14 man
182 923 34 21 för
236 923 50 20 hela
306 923 71 20 finska
395 922 74 21 folket.
499 922 77 22 Bättre
594 924 25 20 är
634 923 28 20 då
676 924 32 19 att
723 925 96 19 statuera
834 923 32 20 ett

116 957 108 23 bestämdt
239 957 63 22 straff
315 957 34 22 för
364 957 26 21 de
406 957 47 28 fall,
469 964 45 15 som
529 957 136 22 förekomma
680 957 8 21 i
704 957 26 22 10
745 957 41 22 och
803 958 22 20 11
841 957 25 28 88

115 994 24 21 af
151 993 42 21 den
208 992 80 28 nådiga
301 992 176 29 propositionen!
492 993 51 21 Man
557 993 40 21 har
611 992 8 20 i
634 992 42 21 den
689 999 43 22 nya
742 992 124 22 brottmåls-

115 1029 64 27 lagen
191 1028 7 21 i
209 1028 73 21 stället
292 1028 34 20 för
337 1027 138 21 dödsstraffet
489 1027 114 29 föreslagit
614 1027 154 21 tukthusstraff
777 1027 33 21 för
821 1027 45 21 lifs-

116 1063 41 27 tid,
174 1062 40 22 och
229 1063 60 21 detta
304 1064 23 19 är
343 1062 69 28 enligt
427 1062 44 21 min
487 1062 66 22 tanke
565 1064 31 19 ett
606 1062 84 28 ganska
701 1064 84 26 strängt
796 1062 70 28 straff;

116 1100 24 26 ty
155 1098 53 21 hvar
227 1098 39 20 och
287 1104 26 14 en
334 1097 97 21 friboren
446 1097 115 21 menniska
577 1096 79 22 önskar
671 1097 35 21 väl
721 1097 92 21 framför
828 1096 39 22 allt

115 1133 68 21 annat
198 1134 32 19 att
244 1132 22 21 få
281 1132 86 20 behålla
383 1131 33 21 sin
432 1131 73 21 frihet.
527 1131 76 22 Redan
619 1131 69 21 blotta
698 1132 81 20 tanken
791 1131 75 28 derpå,

115 1168 33 20 att
163 1166 33 21 för
212 1166 49 21 hela
276 1166 39 20 sitt
330 1166 27 20 lif
370 1166 110 27 inspärras
495 1166 58 21 inom
570 1165 119 28 fängelsets
703 1166 74 28 dystra
787 1172 80 20 murar,

116 1202 24 20 är
156 1202 31 20 ett
202 1200 72 27 straff,
290 1202 58 19 ännu
363 1207 62 14 mera
439 1200 151 28 verkligheten
606 1212 27 3 —
648 1200 78 28 sjelfva
741 1200 103 21 vistelsen
859 1200 8 21 i

116 1235 120 21 tukthuset.
266 1235 35 21 Då
321 1234 106 22 utskottet
447 1235 113 28 föreslagit
580 1234 61 22 detta
661 1234 62 22 straff
740 1235 8 21 i
766 1234 101 29 förening

116 1270 50 22 med
181 1272 32 19 ett
228 1271 67 19 annat
310 1269 24 21 af
347 1270 49 20 svår
412 1269 160 27 beskaffenhet,
583 1270 76 26 tyckes
669 1269 55 28 mig,
735 1271 32 19 att
777 1269 37 21 det
824 1269 43 21 kan

116 1312 53 14 vara
190 1304 130 28 tillräckligt
342 1304 34 21 för
398 1304 26 22 de
447 1304 36 21 två
503 1304 47 26 fall,
571 1304 31 20 uti
621 1304 74 21 hvilka
714 1304 37 21 det
765 1304 8 20 i
788 1303 80 29 nådiga

116 1339 164 29 propositionen
302 1340 24 20 är
344 1339 61 28 fråga
424 1346 35 14 om
475 1340 32 20 att
521 1338 109 22 bibehålla
644 1338 149 26 dödsstraffet,
807 1345 61 14 nem-

117 1374 58 29 ligen
192 1374 38 26 de,
247 1381 46 13 som
313 1375 125 19 omnämnas
454 1374 7 20 i
478 1374 26 20 10
524 1373 40 21 och
585 1374 24 20 11
629 1374 31 26 88:
690 1372 83 22 Finska
787 1372 81 22 folkets

117 1407 109 24 välkända
248 1407 68 30 pietet
340 1407 39 23 och
401 1407 97 22 vördnad
517 1407 34 22 för
572 1407 37 22 sitt
629 1407 78 22 krönta
724 1406 144 24 öfverhufvud
