1039 1775
207 129 41 22 782

179 201 40 22 gen
241 194 73 21 kunde
335 193 97 27 inträffa,
452 195 32 19 att
504 193 92 29 afgiften
616 191 124 24 bestämdes
762 194 24 21 så
806 194 72 28 ringa,
898 196 31 19 att

178 229 48 21 från
242 228 143 28 lägenheten,
401 234 47 14 som
464 228 6 20 i
486 228 42 21 alla
544 228 38 21 fall
597 228 121 21 bibehåller
734 228 48 21 hela
798 229 131 21 mantalsbe-

179 263 84 29 loppet,
280 262 58 22 skatt
354 262 39 21 och
409 262 112 28 utskylder
538 263 19 27 ej
574 258 76 25 kunde
662 263 58 27 utgå.
751 262 42 29 Jag
808 263 121 28 tillstyrker

179 298 87 22 derföre
282 296 132 29 antagandet
430 297 24 21 af
467 297 170 28 propositionen.

248 332 58 22 Herr
323 338 40 14 von
384 331 85 27 Born,
489 331 21 21 J.
526 332 36 20 A.:
580 331 42 28 Jag
637 331 128 22 instämmer
782 332 8 20 i
808 332 56 21 hvad
879 332 51 21 herr

180 374 42 14 von
242 366 113 27 Knorring
374 367 74 26 yttrat,
469 366 39 20 och
524 366 33 20 får
573 366 105 28 derjemte
693 366 123 27 hemställa,
832 374 34 14 om
882 367 49 21 icke

180 402 37 20 det
232 408 51 21 nyss
300 400 99 22 beslutna
414 400 87 28 utbytet
516 400 24 21 af
553 400 62 22 ordet
632 400 164 27 ,besuttenhet*
810 401 32 21 till
858 402 72 27 ,sjelf-

180 436 103 22 bestånd"
299 435 64 21 äfven
378 435 40 21 här
434 434 65 22 borde
516 442 40 20 ega
571 442 54 14 rum.

249 470 58 21 Herr
323 469 99 28 Späre,
437 468 27 22 K.
483 469 41 21 W.:
541 468 42 29 Jag
597 469 71 21 skulle
679 470 65 20 ocksä
754 476 52 15 vara
816 470 24 21 af
848 477 82 15 samma

181 505 96 27 mening,
295 511 44 15 som
356 504 26 21 de
397 503 132 29 föregående
545 504 104 26 talarene,
665 504 6 20 i
688 504 56 21 vissa
760 504 44 28 fall,
814 504 20 22 d.
846 512 19 14 v.
876 512 17 14 s.
905 505 27 21 då

181 540 131 28 lägenheten
329 540 24 20 är
369 538 23 22 sä
407 540 52 25 stor,
476 540 30 19 att
522 538 37 22 det
574 538 42 21 kan
632 539 50 21 löna
698 539 86 27 mödan,
798 546 49 14 men
856 540 28 21 dä
894 540 38 21 det

181 574 69 29 gäller
266 576 31 19 ett
312 573 54 22 eller
382 574 36 21 tvä
434 573 112 28 tunnland,
563 573 69 22 skulle
649 573 25 22 de
691 574 131 21 föreskrifna
836 574 95 22 omkost-

181 609 96 22 naderna
298 608 66 22 blifva
379 608 33 21 för
429 608 75 28 dryga,
520 609 40 20 och
577 608 79 21 önskar
669 609 39 28 jag
724 610 32 20 att
772 611 30 20 ett
818 610 113 21 minimum

182 644 131 21 bestämmes
334 643 33 21 för
387 642 40 22 den
446 643 61 28 jord,
523 643 38 21 der
576 643 176 28 propositionens
768 644 164 28 bestämningar

181 678 70 21 skulle
267 678 115 28 iakttagas,
398 679 14 19 t.
429 685 33 13 ex.
479 679 27 20 20
522 677 113 22 tunnland.

249 713 58 21 Herr
321 719 41 15 von
378 712 82 27 Born,
476 711 27 22 K.
518 712 36 21 F.:
571 711 43 28 Jag
627 712 43 22 kan
685 712 34 21 för
734 713 45 21 min
796 713 35 21 del
841 713 49 22 icke
902 714 30 21 bi-

181 748 61 21 träda
257 747 57 21 hvad
325 747 49 21 herr
386 747 68 28 Späre
464 747 122 28 föreslagit;
604 753 25 14 en
642 747 65 21 sädan
719 747 130 28 författning
859 748 73 21 kunde

181 782 41 21 lätt
241 782 115 28 kringgäs,
372 787 34 15 om
422 781 76 28 hvarje
517 782 57 27 gäng
590 781 56 21 ända
661 781 33 21 till
710 783 27 20 20
752 782 107 29 tunnland
874 783 58 28 finge

181 817 113 21 afsöndras
312 818 53 19 utan
386 817 31 20 att
437 816 113 28 afgäldens
570 816 78 28 belopp
668 823 52 14 vore
735 817 104 28 pröfning
855 817 77 21 under-

181 851 97 27 kastadt;
297 858 49 13 man
364 850 92 21 behöfde
472 850 26 22 dä
514 851 76 21 endast
605 851 81 27 afyttra
702 852 27 20 20
744 851 106 21 tunnland
866 851 66 22 sedan

181 886 46 21 åter
243 886 28 20 20
287 884 105 22 tunnland
407 884 40 22 och
464 885 23 20 sä
503 885 79 27 vidare,
599 885 44 20 tills
659 884 23 22 af
696 886 107 21 stommen
818 886 115 28 ingenting

183 920 77 22 funnes
277 927 58 21 gvar,
347 920 39 20 och
401 919 101 27 afgälden
519 919 48 21 från
582 920 43 20 alla
641 920 89 20 delarne
741 920 137 21 motsvarade
890 922 42 20 tör-

182 954 71 22 hända
267 955 20 27 ej
305 961 39 15 ens
359 954 28 28 pä
402 954 60 28 längt
478 955 39 19 när
533 954 135 21 hemmanets
684 954 113 28 utskylder
808 955 40 21 och
859 962 73 21 onera,

181 988 102 22 hvarföre
296 989 40 27 jag
351 988 33 21 fär
399 988 109 28 tillstyrka
526 988 60 21 bifall
602 988 32 21 till
650 988 42 21 den
708 989 80 28 nädiga
802 990 130 28 propositio-

183 1030 42 14 nen
241 1024 7 20 i
263 1023 72 21 denna
350 1022 41 21 del.

249 1057 59 21 Herr
324 1063 41 14 von
381 1056 197 28 Weissenberg:
593 1056 43 22 För
651 1057 45 21 min
711 1057 34 21 del
756 1057 70 21 skulle
834 1058 40 28 jag
884 1058 48 21 icke

183 1091 73 21 kunna
270 1091 87 21 biträda
371 1091 42 21 den
428 1091 158 27 bestämmelse,
598 1093 31 19 att
642 1093 138 25 guvernören
791 1092 55 21 skall
856 1092 78 28 pröfva

183 1125 40 21 den
245 1126 69 28 ärliga
334 1125 98 29 afgiften.
463 1125 10 21 I
492 1126 68 21 första
578 1127 120 20 momentet
712 1128 74 26 säges,
802 1129 32 19 att
848 1127 85 28 ,landt-

183 1160 81 21 mätare
286 1159 55 22 skall
361 1160 28 28 pä
409 1159 62 22 karta
487 1160 75 21 affatta
578 1160 39 21 och
634 1160 49 22 med
699 1161 103 28 lämpliga
817 1161 115 21 rämärken

183 1195 88 28 afskilja
287 1195 90 21 marken
393 1196 56 20 samt
465 1195 69 21 utläta
549 1195 33 28 sig
594 1195 60 21 öfver
666 1195 41 22 den
718 1195 138 22 äterstäende
867 1197 65 20 stom-

183 1235 62 16 mens
260 1229 140 21 besuttenhet
416 1229 38 22 och
470 1229 106 22 huruvida
592 1229 41 21 den
644 1229 117 28 betingade
772 1230 100 28 afgälden
884 1231 50 20 fullt

183 1265 120 20 motsvarar
324 1263 56 22 hvad
398 1263 24 21 af
435 1264 50 21 hela
500 1264 143 28 lägenhetens
658 1264 120 28 uiskylder,
794 1265 48 20 med
853 1265 81 27 jemfö-

183 1299 56 21 relse
259 1298 24 22 af
301 1305 92 21 egornes
413 1298 51 21 vidd
486 1298 38 21 och
541 1298 160 26 beskaffenhet,
718 1299 12 20 &
745 1299 42 20 den
803 1299 130 20 afsöndrade

183 1331 63 22 delen
263 1332 33 27 sig
311 1332 107 27 belöper*%;
434 1331 41 21 och
490 1331 67 21 sedan
572 1331 142 21 föreskrifves
730 1331 41 21 ock
786 1333 32 19 att
833 1331 77 29 frågan
926 1333 6 19 i

183 1365 67 28 öfrigt
269 1365 56 22 skall
344 1365 28 28 gå
389 1365 33 20 till
443 1365 123 21 häradsrätt
587 1365 39 21 och
645 1365 71 22 denna
735 1365 107 28 procedyr
862 1365 71 22 skulle

180 1401 39 28 jag
235 1407 52 15 anse
302 1407 51 14 vara
369 1399 132 28 fullkomligt
517 1399 118 29 tillräcklig
651 1400 39 21 och
703 1400 153 21 motsvarande
867 1401 65 21 ända-

183 1435 72 22 målet.
286 1435 152 21 Guvernörens
454 1434 103 29 pröfning
572 1435 70 21 skulle
658 1435 40 22 ock
716 1435 64 22 blifva
796 1435 55 21 intet
867 1438 66 19 annat
