1064 1739
847 122 27 21 39

218 185 49 21 Den
283 192 46 15 som
344 186 38 21 vill
398 187 81 27 antaga
494 186 76 22 sådant
585 186 120 29 stadgande
721 193 74 15 svarar
807 187 35 28 ja;
858 186 42 22 den

150 219 37 21 det
202 220 48 20 icke
267 220 37 21 vill
320 227 74 14 svarar
409 221 43 27 nej.

217 254 85 21 Vinner
322 255 46 27 nej,
388 257 91 25 antages
498 255 91 21 friherre
606 255 26 21 de
650 255 22 20 la
687 255 116 28 Chapelles
819 255 82 29 förslag

149 288 33 21 till
207 288 129 28 stadgande,
358 290 42 20 att:
423 289 122 28 välfrejdad
566 289 93 22 medlem
682 289 24 22 af
726 289 174 28 stadskommun,

148 323 90 20 hvilken
258 323 33 20 till
307 323 136 22 densammas
459 324 110 21 allmänna
585 324 67 21 behof
665 324 100 28 erlägger
781 324 119 28 utskylder,

149 358 24 19 är
188 357 123 28 berättigad
326 359 32 19 att
373 358 7 20 i
396 357 87 22 stadens
499 358 183 28 angelägenheter
697 358 59 21 talan
772 358 66 21 föra.”

216 391 169 28 Propositionen
406 392 130 21 besvarades
556 392 50 21 med
621 392 159 28 öfvervägande
796 393 48 28 nej,
860 393 40 20 och

148 425 70 21 skulle
233 426 86 21 derföre
335 426 139 21 merberörde
490 427 13 21 2
518 433 64 15 mom.
598 427 112 28 redigeras
724 427 8 20 i
743 427 97 28 enlighet
850 427 50 21 med

148 460 92 21 friherre
256 461 25 20 de
297 461 21 20 la
334 461 115 28 Chapelles
465 461 142 21 nästnämnde
623 461 89 28 förslag.

216 495 58 21 Herr
294 495 159 28 Jägerhorn,
474 495 28 22 K.
523 495 28 22 J.:
572 495 43 28 Jag
631 495 98 22 anhåller
745 497 32 19 att
792 495 22 22 få
830 503 69 15 reser-

147 536 51 14 vera
214 530 44 27 mig
274 531 58 20 emot
347 529 163 30 ridderskapets
526 530 40 21 och
581 530 75 21 adelns
669 529 138 22 förestående
820 530 79 28 beslut,

148 564 91 21 emedan
260 565 68 27 epligt
348 564 120 21 detsamma
488 565 53 21 hvar
561 565 40 20 och
623 571 25 14 en
670 564 54 28 ägde
744 565 44 20 rätt
804 566 31 19 att
850 565 49 22 föra

147 599 58 20 talan
229 599 7 20 i
256 599 43 21 alla
320 599 87 21 stadens
427 599 190 28 angelägenheter,
638 599 84 21 hvilket
742 599 20 28 ej
783 599 43 21 kan
847 607 52 14 vara

147 633 95 28 möjligt,
258 633 28 21 då
300 633 158 28 borgerskapet
476 634 39 21 har
530 634 48 21 sina
592 633 134 28 privilegier,
741 633 69 28 enligt
825 634 73 21 hvilka

147 668 76 21 endast
239 667 35 22 det
290 668 34 21 får
338 668 48 21 föra
401 668 60 21 talan
477 668 7 21 i
499 668 58 21 vissa
572 668 99 21 ärender.

385 703 20 26 3,
419 703 14 20 4
448 703 40 20 och
504 703 12 20 5
532 704 127 20 momentet.

214 736 103 22 Friherre
333 736 139 29 Carpelan:
487 737 57 21 Lika
559 737 50 21 med
623 737 107 21 utskottet
742 737 108 21 erkänner
858 737 40 28 jag

146 772 41 21 den
207 771 173 28 representativa
399 771 97 21 formens
515 771 134 27 företräden,
670 778 50 14 men
740 771 43 21 kan
804 771 20 28 ej
844 771 54 28 gilla

145 806 117 21 utskottets
283 806 66 28 åsigt,
370 807 32 20 att
422 805 78 29 frångå
521 806 125 21 densamma
665 806 29 28 på
712 805 42 22 den
770 805 80 28 grund,
866 807 32 20 att

145 841 41 22 den
203 841 69 22 skulle
292 841 88 21 komma
398 842 32 19 att
450 840 75 21 utöfva
539 841 67 28 något
621 839 125 29 opåkalladt
761 840 135 28 förmynder-

144 876 54 27 skap
218 875 60 21 öfver
298 875 225 21 stadskommunerna.
553 875 78 21 Denna
651 874 57 29 åsigt
724 881 35 15 om
778 875 118 28 obefogen-

144 911 67 20 heten
231 910 24 21 af
273 911 32 20 att
319 909 75 22 utöfva
409 911 32 19 ett
456 909 69 28 dylikt
540 909 181 28 förmynderskap
736 909 40 21 har
791 909 106 21 utskottet

144 945 52 28 sjelf
210 945 96 27 frångått
321 945 7 20 i
342 945 25 20 12
380 944 105 27 punkten,
500 944 38 21 der
549 944 106 21 utskottet
666 943 98 22 förordat
774 943 122 21 inrättande

144 979 24 21 af
181 979 136 21 drätselverk
332 979 7 20 i
352 979 77 27 hvarje
445 978 54 21 stad.
523 979 42 28 Jag
581 979 70 20 skulle
667 978 33 21 för
716 978 45 21 min
777 978 41 26 del,
830 978 29 28 på
870 977 26 22 de

144 1014 92 21 motiver
252 1014 107 21 utskottet
373 1013 8 21 i
397 1013 66 28 öfrigt
479 1013 78 27 anfört,
574 1013 68 21 önska
657 1014 32 20 att
705 1012 41 21 den
758 1012 78 29 nådiga
846 1019 50 22 pro-

144 1048 135 29 positionens
295 1049 19 26 3,
331 1048 12 21 4
359 1047 40 22 och
415 1048 13 21 5
443 1054 87 15 momm.
546 1047 72 21 blefve
634 1048 101 27 antagna.

212 1082 102 21 Friherre
330 1082 26 21 de
371 1082 22 21 la
407 1082 136 28 Chapelle:
560 1081 72 22 Också
644 1082 40 27 jag
700 1081 69 21 skulle
780 1081 116 28 godkänna

144 1117 42 21 den
202 1116 79 28 nådiga
296 1116 171 29 propositionen,
483 1116 50 22 med
548 1116 41 21 den
605 1116 94 28 ändring
714 1116 67 21 likväl
792 1116 50 20 herr
853 1122 42 14 von

143 1152 71 21 Borns
235 1151 134 21 reservation
390 1151 132 27 innehåller,
537 1151 110 28 nemligen
663 1152 33 19 att
712 1150 26 21 de
753 1150 79 27 städer,
848 1157 46 14 som

143 1186 65 22 hafva
229 1186 60 21 öfver
305 1186 57 21 2000
377 1186 140 27 innevånare,
533 1186 70 20 skulle
618 1192 52 14 vara
685 1185 100 28 skyldige
801 1186 32 20 att
846 1186 49 20 utse

144 1220 204 28 stadsfullmäktige.
379 1220 80 28 Många
475 1220 47 21 skäl
537 1220 44 21 tala
595 1220 34 21 för
639 1221 33 19 ett
682 1220 76 20 sådant
769 1219 125 28 stadgande.

143 1256 78 21 Redan
236 1256 118 21 utskottets
370 1255 137 21 betänkande
523 1255 132 21 innehåller:
672 1254 36 21 det
724 1254 70 28 ligger
808 1254 33 21 för
857 1256 37 26 öp-

143 1297 43 22 pen
208 1290 52 28 dag,
279 1292 32 18 att
332 1290 40 20 den
395 1290 173 28 representativa
590 1290 85 20 formen
694 1289 39 21 har
754 1288 142 28 obestridliga

143 1324 134 27 företräden,
296 1324 102 21 hvarföre
419 1324 42 21 den
481 1324 64 21 äfven
565 1324 100 21 öfverallt
686 1323 6 21 i
708 1325 72 19 vestra
795 1323 100 28 Europas

144 1361 68 19 stater
237 1359 23 20 af
280 1359 168 27 lagstiftningen
472 1359 111 26 angående
605 1358 291 26 kommunalförvaltningen

143 1392 118 28 upptagits.
287 1392 44 21 Det
345 1398 52 15 vore
413 1392 110 20 dessutom
539 1392 59 20 inom
613 1392 70 20 större
696 1391 129 20 kommuner
836 1391 59 21 svårt

144 1426 40 22 och
204 1426 101 22 stundom
327 1426 101 28 omöjligt
448 1426 31 21 att
494 1426 103 21 församla
611 1425 44 22 alla
670 1424 182 28 röstberättigade
867 1424 29 28 på
