1036 1745
790 119 41 27 577

179 186 50 25 Den
245 195 79 22 genom
339 189 128 22 ankomsten
478 189 24 22 af
510 189 98 22 bemälde
620 190 125 28 deputation
756 190 104 22 afbrutna

111 223 152 22 diskussionen
279 223 120 28 fortsattes,
416 224 74 21 dervid
506 224 62 21 ordet
582 225 97 21 tillsades

178 258 102 21 Friherre
299 258 140 29 Carpelan,
455 266 47 14 som
516 259 98 28 yttrade:
630 259 43 28 Jag
687 259 42 21 kan
746 260 20 27 ej
782 259 78 21 förena

110 293 45 27 mig
170 293 7 20 i
193 293 42 20 den
250 293 66 28 äsigt,
337 295 31 19 att
382 293 49 21 icke
447 295 31 19 ett
494 293 74 28 nädigt
584 293 82 28 förslag
681 293 32 21 till
728 294 131 27 författning

109 327 7 21 i
133 329 74 19 ämnet
222 327 70 22 skulle
308 334 50 15 vara
374 327 117 22 ständerna
506 328 114 27 förelagdt.
644 328 43 27 Jag
701 329 37 20 vet
753 329 20 27 ej
784 328 7 21 i
802 327 58 22 hvad

109 361 103 22 afseende
227 362 106 28 förslaget
348 362 64 29 eljest
427 362 71 21 blifvit
513 362 33 21 till
562 362 117 21 ständerna
693 362 165 22 öfverlemnadt.

111 397 45 21 Och
179 397 70 21 skulle
272 397 105 28 förslaget
400 397 65 22 också
487 397 49 22 icke
559 404 52 14 vara
632 398 70 21 såsom
722 398 134 27 proposition

109 431 132 26 framstäldt,
258 432 23 20 så
296 431 56 21 hade
368 431 36 21 det
418 431 68 21 likväl
501 432 69 27 enligt
584 431 44 21 min
644 432 57 27 åsigt
716 432 72 27 ålegat
803 438 55 15 sam-

110 467 109 19 mansatta
241 465 45 29 lag-
307 465 40 21 och
370 465 209 22 ekonomiutskottet
601 467 32 19 att
653 466 63 21 äfven
735 467 49 26 taga
800 466 36 21 det
852 466 8 20 i

109 499 144 22 betraktande
274 500 39 21 och
329 501 57 27 yttra
402 501 43 27 sig,
460 500 106 21 huruvida
581 499 37 22 det
634 500 71 21 kunde
720 501 140 26 genomföras

111 534 53 21 eller
179 534 28 27 ej.
237 534 59 21 Herr
312 533 79 29 Spåres
406 535 101 28 yttrande
523 541 64 14 anser
600 535 40 27 jag
655 541 51 14 vara
720 535 58 20 stödt
793 536 27 27 på
836 535 24 22 så

111 569 140 28 antiqverade
272 569 88 28 åsigter,
381 571 31 19 att
429 570 40 27 jag
484 570 20 27 ej
520 571 46 19 tror
581 568 37 22 det
634 569 92 21 behöfva
741 569 67 28 något
822 570 37 21 be-

109 603 109 22 mötande.

142 654 6 3 -
177 637 74 29 Några
274 639 53 20 flere
349 639 69 20 talare
441 639 93 21 anmälte
558 639 33 28 sig
613 637 58 28 icke,
692 639 100 21 hvarföre
808 639 51 21 herr

110 672 200 22 landtmarskalken
331 672 105 29 föreslog,
457 674 32 20 att
506 673 153 27 ridderskapet
674 673 39 21 och
729 673 63 22 adeln
808 674 51 21 ville

109 708 59 26 yttra
183 707 33 28 sig
231 707 55 21 först
301 707 62 21 öfver
378 707 26 21 de
420 707 32 21 uti
468 707 35 21 det
521 708 79 27 nådiga
616 707 106 28 förslaget
736 708 123 27 uppställde

109 741 96 28 grunder
224 741 33 21 för
278 749 26 13 en
325 741 80 22 allmän
424 741 130 28 författning
570 742 6 20 i
592 743 83 25 ämnet,
691 742 66 21 innan
774 742 86 21 ståndet

110 775 99 28 afgjorde
225 775 84 28 frågan,
324 775 106 22 huruvida
445 776 89 21 ärendet
549 775 67 22 borde
633 776 32 20 till
681 776 107 21 utskottet
803 774 55 23 åter-

109 809 123 21 remitteras
253 810 54 21 eller
327 811 30 27 ej;
378 810 40 21 och
439 817 46 14 som
505 810 86 21 ståndet
607 810 73 21 härtill
695 810 71 28 biföll,
782 811 76 20 skreds

110 843 32 21 till
163 843 136 28 granskning
319 845 24 20 af
359 844 92 21 berörde
473 845 93 27 grunder
586 845 111 28 punktvis,
718 844 75 22 dervid
813 852 45 14 mo-

109 880 114 19 menterne
240 878 18 26 1,
275 878 12 21 2
302 878 40 21 och
358 880 12 19 3
385 878 53 21 hvar
454 878 33 22 för
503 878 33 28 sig
551 878 111 29 upplästes
678 879 38 21 och
732 879 127 28 godkändes

111 914 51 20 utan
178 912 131 22 diskussion.

177 947 61 22 Härå
261 948 40 21 och
323 948 65 21 sedan
409 948 83 27 jemväl
512 949 12 20 4
541 950 121 19 momentet
679 948 68 21 blifvit
762 948 97 29 uppläst,

111 982 72 22 anhöll

177 1016 104 22 Friherre
295 1016 127 29 Carpelan
438 1024 35 13 om
489 1017 62 21 ordet
564 1016 40 22 och
614 1016 94 28 yttrade:
725 1016 43 28 Jag
777 1017 39 21 ber
827 1018 33 20 att

110 1051 7 21 i
129 1050 101 22 afseende
241 1052 12 20 å
263 1050 166 29 ifrågavarande
444 1051 70 27 punkt
528 1051 23 21 få
564 1051 117 21 instämma
690 1051 8 20 i
708 1051 42 21 den
761 1058 97 14 reserva-

110 1086 52 26 tion,
178 1092 46 14 som
241 1085 71 21 blifvit
329 1085 96 28 afgifven
441 1085 24 21 af
479 1086 49 20 herr
544 1084 134 28 Grotenfelt,
693 1085 33 27 N.,
743 1085 67 21 likväl
826 1086 32 20 så-

110 1119 72 27 lunda,
198 1121 32 20 att
243 1120 39 28 jag
298 1126 63 14 anser
371 1120 84 21 hälften
467 1120 52 20 böra
530 1120 130 21 bestämmas
671 1120 55 20 efter
736 1120 123 28 gradering,

110 1154 20 28 ej
147 1154 92 21 allenast
255 1154 56 21 efter
327 1154 71 28 längd.
421 1154 44 21 Det
481 1154 72 21 kunde
564 1154 119 28 nemligen,
694 1154 34 21 för
738 1155 122 27 exemplets

110 1188 66 27 skull,
192 1188 79 28 hända,
287 1190 33 20 att
335 1188 41 22 den
392 1196 41 14 ena
448 1189 27 27 på
491 1189 31 21 sin
534 1189 47 21 sida
591 1188 33 21 får
635 1190 31 20 ett
676 1189 53 27 berg
740 1191 32 19 att
782 1191 77 26 stänga

110 1223 60 21 öfver
186 1223 40 21 och
241 1224 41 20 den
297 1223 67 21 andra
381 1224 76 20 endast
473 1224 42 20 slät
530 1223 67 22 mark.
621 1223 74 21 Skulle
711 1223 25 21 då
748 1223 42 21 den
801 1224 58 20 förra

109 1258 66 21 likväl
196 1258 82 28 nödgas
298 1258 87 28 deltaga
405 1258 33 21 till
458 1258 83 21 hälften
560 1258 24 21 af
601 1258 126 28 hägnadens
743 1258 75 28 längd,
835 1258 24 21 så

109 1300 51 13 vore
183 1292 37 21 det
242 1293 91 28 obilligt.
363 1292 165 29 Uppskattning
546 1293 54 20 eller
619 1293 99 27 taxering
734 1299 64 20 synes
813 1293 46 26 mig

110 1327 83 21 således
209 1334 51 13 vara
276 1327 129 28 nödvändig.

177 1361 58 21 Herr
251 1361 190 21 Silfversvan:
457 1361 44 27 Jag
511 1361 69 21 skulle
592 1361 128 26 visserligen
731 1361 65 20 också
807 1361 52 26 vilja

110 1395 115 20 instämma
247 1395 7 20 i
277 1394 50 21 herr
351 1394 134 21 Grotenfelts
510 1394 144 27 reservation,
676 1401 49 14 men
746 1393 56 22 hvad
818 1394 41 21 den

110 1429 67 20 saken
197 1428 112 27 beträffar,
329 1435 45 14 som
395 1435 30 14 nu
446 1430 23 19 är
484 1428 80 28 ifråga,
581 1427 54 22 eller
650 1427 210 29 delningsgrunden,

155 1469 51 23 Högl.
221 1468 51 18 Ridd.
285 1469 30 17 och
327 1469 63 17 Adelns
404 1468 64 18 Protok.
768 1469 21 16 37
