1036 1748
185 124 40 22 392

157 191 94 28 förtjena
271 190 111 27 afseende,
398 190 52 21 enär
466 189 26 22 de
507 189 123 28 föreslagna
645 189 112 21 valörerne
772 187 48 22 icke
836 195 64 20 synas

157 225 115 28 bekhöfliga.
302 223 41 22 Om
360 231 49 13 man
424 225 98 20 närmare
538 223 67 22 fäster
620 224 34 27 sig
669 223 36 22 vid
718 222 150 28 ordalydelsen
879 221 23 22 af

156 259 148 21 betänkandet
318 258 92 21 rörande
425 258 111 29 kartering
551 258 23 21 af
588 258 124 21 fullmakter
727 258 33 21 för
776 257 126 29 kapellaner

159 294 39 21 och
213 291 203 30 sockneadjunkter,
432 293 69 22 finner
516 300 49 14 man
580 295 32 19 att
626 293 36 21 det
677 293 39 21 bör
731 293 83 21 betalas
829 293 34 26 25,
876 293 25 20 15

157 329 13 21 &
186 329 11 20 7
213 329 66 27 penni
293 328 40 28 för
352 328 73 28 hvarje
445 329 90 25 mantal,
551 328 82 28 hvaraf
639 328 155 29 församlingen
809 331 93 25 utgöres;

158 363 107 27 hvarföre,
276 363 40 20 och
327 362 27 21 då
369 362 47 21 icke
432 363 71 28 någon
514 362 128 29 församling
653 364 88 27 utgöres
752 362 23 21 af
784 362 77 21 endast
872 363 30 20 ett

157 398 89 27 mantal,
266 397 109 28 svårighet
395 397 34 21 för
448 397 164 22 fullmakternes
632 397 104 28 behöriga
751 397 112 28 kartering
879 397 23 21 så

157 433 87 28 mycket
264 432 83 21 mindre
367 432 42 21 kan
429 433 87 28 uppstå,
532 439 46 14 som
594 432 35 21 det
645 432 100 21 särskildt
761 432 68 21 finnes
845 431 57 22 stad-

158 467 61 29 gadt,
232 468 32 21 att
284 468 108 20 närmaste
407 467 61 29 lägre
483 467 123 21 kartevalör
622 467 55 21 skall
692 467 120 28 begagnas,
828 466 37 22 der
882 467 19 28 ej

157 502 119 29 stämpelns
290 501 80 29 belopp
386 502 83 28 uppgår
482 503 56 27 jemt
553 502 33 20 till
602 502 42 27 det,
660 502 82 28 hvarpå
757 501 145 29 stämpelpap-

157 544 39 22 per
211 537 77 21 finnes.
317 536 64 21 Hvad
396 537 47 20 åter
458 537 66 28 angår
539 537 113 28 kartering
667 537 24 20 af
703 544 49 20 pass
767 537 34 20 för
811 537 91 28 borgare

158 573 32 20 att
208 571 68 22 vistas
296 571 8 21 i
323 571 117 28 Ryssland,
459 571 43 22 kan
517 571 41 21 den
580 571 72 21 dertill
667 571 68 28 enligt
750 571 105 29 förslaget
870 579 33 13 er-

158 606 117 29 forderliga
294 606 61 21 karta
370 605 23 22 af
408 607 40 20 120
462 606 61 21 mark
538 606 40 21 lätt
594 606 92 21 erhållas
701 613 79 21 genom
796 613 105 14 samman-

158 640 94 29 fogande
267 641 23 20 af
303 641 37 20 två
354 641 101 20 särskilta
470 641 184 28 stämpelvalörer,
666 641 69 21 såsom
751 641 36 21 vid
802 641 100 22 fullmak-

157 677 33 20 ter
210 675 87 28 brukas,
318 675 88 21 hvarför
418 676 39 27 jag
472 675 48 22 icke
534 676 70 21 heller
619 683 63 14 anser
697 676 71 28 någon
785 676 91 28 stämpel
891 676 13 21 å

160 711 40 21 120
215 710 63 21 mark
292 710 135 28 erforderlig.

225 745 58 21 Herr
303 752 41 13 von
369 745 110 21 Zansen:
501 745 63 22 Hvad
587 745 67 28 angår
676 745 171 28 anmärkningen
870 747 33 20 rö-

158 779 66 22 rande
245 779 93 29 afgiften
357 779 34 22 för
411 779 131 28 fullmakter,
562 780 83 21 lemnar
662 780 39 28 jag
721 780 36 21 det
772 780 132 29 fullkomligt

159 814 91 27 derhän,
266 821 50 14 men
332 821 35 14 om
382 814 37 21 det
434 814 65 22 råkar
517 821 51 15 vara
583 814 56 21 udda
654 815 90 27 mantal,
760 815 43 20 kan
818 823 50 14 man
883 816 21 28 ej

159 849 22 21 få
200 849 67 29 något
286 849 65 21 rundt
371 849 40 27 tal,
427 851 52 20 utan
501 849 26 22 då
546 849 68 21 måste
629 849 36 21 det
680 849 142 29 ovilkorligen
839 850 66 22 blifva

159 884 63 21 udda.
251 884 65 21 Hvad
339 884 98 28 återigen
455 884 128 28 passfrågan
604 885 74 27 angår,
696 884 24 21 så
739 885 68 21 måste
829 885 75 29 hvarje

159 918 108 22 ordinarie
286 919 127 28 stämpling,
433 926 35 14 om
489 918 35 22 det
543 920 19 27 ej
580 919 55 21 skall
650 921 53 25 göra
718 926 27 14 en
761 919 121 22 villervalla
897 920 6 20 i

159 953 153 28 räkningarne,
327 960 52 14 vara
393 953 50 22 med
457 960 27 14 en
499 954 91 28 stämpel
606 954 93 26 försedd,
714 955 22 27 ty
747 954 7 20 i
763 954 142 28 journalerna

160 988 39 21 och
218 988 175 28 räkenskaperna
411 991 106 26 upptages
532 989 76 27 hvarje
624 990 91 26 stämpel
731 989 68 21 under
815 991 30 19 ett
861 992 43 18 sär-

159 1023 51 21 skilt
225 1022 39 22 ark
278 1024 7 20 i
301 1023 56 21 skild
372 1023 103 27 kolumm,
491 1024 27 21 då
533 1024 36 21 det
584 1024 127 28 expedieras
725 1024 33 20 till
769 1026 135 26 guvernören

160 1057 53 21 eller
232 1058 167 28 landskansliet,
415 1065 46 14 som
477 1058 103 29 qvitterar
600 1058 76 22 endast
691 1058 71 27 arket,
778 1059 40 21 och
833 1059 72 21 karta-

159 1092 196 28 sigillatakontoret
371 1092 32 22 får
419 1100 27 14 en
466 1094 94 27 qvittans
577 1094 29 27 på
620 1094 41 20 100
676 1094 69 26 mark,
761 1094 7 20 i
784 1094 73 21 stället
872 1094 34 21 för

159 1128 32 20 att
206 1127 38 21 der
260 1128 37 20 äro
314 1128 41 20 200
369 1127 46 21 ark.

226 1161 58 21 Herr
300 1168 41 14 von
356 1162 78 26 Born,
452 1162 19 21 J.
487 1162 30 21 A:
538 1162 42 28 Jag
596 1162 97 21 anhåller
709 1164 32 19 att
760 1162 33 21 till
809 1162 49 22 stöd
872 1163 34 21 för

158 1195 57 22 hvad
232 1196 40 27 jag
290 1196 33 21 till
344 1196 129 21 bemötande
489 1196 23 22 af
524 1196 51 22 herr
591 1204 42 13 von
648 1196 97 22 Zansens
761 1197 145 28 anmärkning

159 1230 82 27 anfört,
259 1231 22 20 få
296 1231 76 21 anföra
390 1231 128 28 stadgandet
533 1232 33 21 uti
581 1232 92 21 sednare
689 1233 117 26 meningen
823 1232 23 21 af
859 1233 11 27 $
886 1233 19 26 5,

159 1265 127 28 sålydande:
306 1266 51 26 ,och
374 1266 109 28 iakttages
502 1267 76 21 härvid
596 1267 33 20 för
648 1267 76 27 öfrigt,
741 1268 31 19 att
788 1267 37 20 der
841 1269 64 18 stäm-

158 1299 140 28 pelbeloppet
318 1300 86 20 utfaller
422 1300 7 19 i
445 1300 76 21 sådant
539 1301 39 25 tal,
597 1300 67 20 hvarå
684 1300 91 27 stämpel
797 1300 20 27 ej
838 1300 68 21 finnes

160 1333 53 20 eller
227 1332 87 22 hvartill
330 1333 52 21 flere
397 1334 104 27 stämplar
516 1334 12 20 å
544 1334 83 21 mindre
642 1334 81 21 värden
734 1335 20 28 ej
766 1334 74 21 kunna
851 1341 55 14 sam-

159 1367 157 29 manjemnkas,
327 1369 35 20 må
378 1368 32 21 till
425 1368 152 29 expeditionen
593 1369 109 29 begagnas
713 1369 43 22 den
767 1369 60 29 lägre
838 1369 68 28 karta,

160 1409 46 14 som
222 1404 23 20 är
260 1403 65 29 sagde
341 1403 30 22 tal
386 1405 113 20 närmast."
