<?xml version="1.0" encoding="UTF-8"?>
<alto xmlns="http://www.loc.gov/standards/alto/ns-v3#" xmlns:xlink="http://www.w3.org/1999/xlink" xmlns:xsi="http://www.w3.org/2001/XMLSchema-instance" xsi:schemaLocation="http://www.loc.gov/standards/alto/ns-v3# http://www.loc.gov/alto/v3/alto-3-0.xsd">
	<Description>
		<MeasurementUnit>pixel</MeasurementUnit>
		<sourceImageInformation>
			<fileName>/tmp/tess_fsqxh74e_input.PNG</fileName>
		</sourceImageInformation>
		<OCRProcessing ID="OCR_0">
			<ocrProcessingStep>
				<processingSoftware>
					<softwareName>tesseract 5.3.4</softwareName>
				</processingSoftware>
			</ocrProcessingStep>
		</OCRProcessing>
	</Description>
	<Layout>
		<Page WIDTH="1036" HEIGHT="1809" PHYSICAL_IMG_NR="0" ID="page_0">
			<PrintSpace HPOS="0" VPOS="0" WIDTH="1036" HEIGHT="1809">
				<ComposedBlock ID="cblock_0" HPOS="180" VPOS="140" WIDTH="41" HEIGHT="23">
					<TextBlock ID="block_0" HPOS="180" VPOS="140" WIDTH="41" HEIGHT="23">
						<TextLine ID="line_0" HPOS="180" VPOS="140" WIDTH="41" HEIGHT="23">
							<String ID="string_0" HPOS="180" VPOS="140" WIDTH="41" HEIGHT="23" WC="0.96" CONTENT="446"/>
						</TextLine>
					</TextBlock>
				</ComposedBlock>
				<ComposedBlock ID="cblock_1" HPOS="149" VPOS="204" WIDTH="757" HEIGHT="1271">
					<TextBlock ID="block_1" HPOS="152" VPOS="204" WIDTH="751" HEIGHT="204">
						<TextLine ID="line_1" HPOS="152" VPOS="204" WIDTH="751" HEIGHT="30">
							<String ID="string_1" HPOS="152" VPOS="207" WIDTH="107" HEIGHT="21" WC="0.96" CONTENT="utskottet"/><SP WIDTH="21" VPOS="207" HPOS="259"/>
							<String ID="string_2" HPOS="280" VPOS="207" WIDTH="123" HEIGHT="21" WC="0.96" CONTENT="sedermera"/><SP WIDTH="19" VPOS="207" HPOS="403"/>
							<String ID="string_3" HPOS="422" VPOS="205" WIDTH="103" HEIGHT="29" WC="0.96" CONTENT="godkänt,"/><SP WIDTH="17" VPOS="205" HPOS="525"/>
							<String ID="string_4" HPOS="542" VPOS="206" WIDTH="68" HEIGHT="22" WC="0.96" CONTENT="första"/><SP WIDTH="16" VPOS="206" HPOS="610"/>
							<String ID="string_5" HPOS="626" VPOS="205" WIDTH="86" HEIGHT="29" WC="0.96" CONTENT="gången"/><SP WIDTH="21" VPOS="205" HPOS="712"/>
							<String ID="string_6" HPOS="733" VPOS="207" WIDTH="106" HEIGHT="22" WC="0.95" CONTENT="uttalades"/><SP WIDTH="23" VPOS="207" HPOS="839"/>
							<String ID="string_7" HPOS="862" VPOS="204" WIDTH="41" HEIGHT="24" WC="0.96" CONTENT="och"/>
						</TextLine>
						<TextLine ID="line_2" HPOS="153" VPOS="240" WIDTH="749" HEIGHT="28">
							<String ID="string_8" HPOS="153" VPOS="241" WIDTH="59" HEIGHT="21" WC="0.96" CONTENT="detta"/><SP WIDTH="15" VPOS="241" HPOS="212"/>
							<String ID="string_9" HPOS="227" VPOS="242" WIDTH="7" HEIGHT="20" WC="0.96" CONTENT="i"/><SP WIDTH="14" VPOS="242" HPOS="234"/>
							<String ID="string_10" HPOS="248" VPOS="242" WIDTH="127" HEIGHT="20" WC="0.96" CONTENT="landsorten"/><SP WIDTH="18" VPOS="242" HPOS="375"/>
							<String ID="string_11" HPOS="393" VPOS="240" WIDTH="48" HEIGHT="22" WC="0.96" CONTENT="blef"/><SP WIDTH="12" VPOS="240" HPOS="441"/>
							<String ID="string_12" HPOS="453" VPOS="241" WIDTH="74" HEIGHT="27" WC="0.96" CONTENT="kändt,"/><SP WIDTH="17" VPOS="241" HPOS="527"/>
							<String ID="string_13" HPOS="544" VPOS="241" WIDTH="77" HEIGHT="22" WC="0.96" CONTENT="väckte"/><SP WIDTH="21" VPOS="241" HPOS="621"/>
							<String ID="string_14" HPOS="642" VPOS="241" WIDTH="77" HEIGHT="21" WC="0.93" CONTENT="sådant"/><SP WIDTH="18" VPOS="241" HPOS="719"/>
							<String ID="string_15" HPOS="737" VPOS="241" WIDTH="112" HEIGHT="22" WC="0.92" CONTENT="derstädes"/><SP WIDTH="15" VPOS="241" HPOS="849"/>
							<String ID="string_16" HPOS="864" VPOS="248" WIDTH="38" HEIGHT="15" WC="0.96" CONTENT="oro"/>
						</TextLine>
						<TextLine ID="line_3" HPOS="153" VPOS="275" WIDTH="749" HEIGHT="29">
							<String ID="string_17" HPOS="153" VPOS="276" WIDTH="39" HEIGHT="21" WC="0.96" CONTENT="och"/><SP WIDTH="16" VPOS="276" HPOS="192"/>
							<String ID="string_18" HPOS="208" VPOS="283" WIDTH="49" HEIGHT="13" WC="0.96" CONTENT="man"/><SP WIDTH="15" VPOS="283" HPOS="257"/>
							<String ID="string_19" HPOS="272" VPOS="276" WIDTH="77" HEIGHT="20" WC="0.96" CONTENT="trodde"/><SP WIDTH="16" VPOS="276" HPOS="349"/>
							<String ID="string_20" HPOS="365" VPOS="276" WIDTH="33" HEIGHT="28" WC="0.93" CONTENT="sig"/><SP WIDTH="15" VPOS="276" HPOS="398"/>
							<String ID="string_21" HPOS="413" VPOS="275" WIDTH="47" HEIGHT="21" WC="0.91" CONTENT="deri"/><SP WIDTH="16" VPOS="275" HPOS="460"/>
							<String ID="string_22" HPOS="476" VPOS="282" WIDTH="22" HEIGHT="14" WC="0.96" CONTENT="se"/><SP WIDTH="17" VPOS="282" HPOS="498"/>
							<String ID="string_23" HPOS="515" VPOS="276" WIDTH="75" HEIGHT="21" WC="0.96" CONTENT="endast"/><SP WIDTH="16" VPOS="276" HPOS="590"/>
							<String ID="string_24" HPOS="606" VPOS="277" WIDTH="32" HEIGHT="19" WC="0.96" CONTENT="ett"/><SP WIDTH="15" VPOS="277" HPOS="638"/>
							<String ID="string_25" HPOS="653" VPOS="276" WIDTH="74" HEIGHT="21" WC="0.96" CONTENT="försök"/><SP WIDTH="16" VPOS="276" HPOS="727"/>
							<String ID="string_26" HPOS="743" VPOS="276" WIDTH="24" HEIGHT="21" WC="0.96" CONTENT="af"/><SP WIDTH="13" VPOS="276" HPOS="767"/>
							<String ID="string_27" HPOS="780" VPOS="277" WIDTH="41" HEIGHT="21" WC="0.96" CONTENT="den"/><SP WIDTH="11" VPOS="277" HPOS="821"/>
							<String ID="string_28" HPOS="832" VPOS="277" WIDTH="70" HEIGHT="21" WC="0.96" CONTENT="bättre"/>
						</TextLine>
						<TextLine ID="line_4" HPOS="152" VPOS="311" WIDTH="751" HEIGHT="28">
							<String ID="string_29" HPOS="152" VPOS="311" WIDTH="82" HEIGHT="21" WC="0.96" CONTENT="lottade"/><SP WIDTH="15" VPOS="311" HPOS="234"/>
							<String ID="string_30" HPOS="249" VPOS="311" WIDTH="158" HEIGHT="28" WC="0.96" CONTENT="medborgaren"/><SP WIDTH="16" VPOS="311" HPOS="407"/>
							<String ID="string_31" HPOS="423" VPOS="311" WIDTH="32" HEIGHT="20" WC="0.96" CONTENT="att"/><SP WIDTH="15" VPOS="311" HPOS="455"/>
							<String ID="string_32" HPOS="470" VPOS="311" WIDTH="70" HEIGHT="21" WC="0.96" CONTENT="vältra"/><SP WIDTH="16" VPOS="311" HPOS="540"/>
							<String ID="string_33" HPOS="556" VPOS="318" WIDTH="26" HEIGHT="14" WC="0.96" CONTENT="en"/><SP WIDTH="16" VPOS="318" HPOS="582"/>
							<String ID="string_34" HPOS="598" VPOS="311" WIDTH="34" HEIGHT="20" WC="0.96" CONTENT="del"/><SP WIDTH="16" VPOS="311" HPOS="632"/>
							<String ID="string_35" HPOS="648" VPOS="311" WIDTH="24" HEIGHT="20" WC="0.93" CONTENT="af"/><SP WIDTH="14" VPOS="311" HPOS="672"/>
							<String ID="string_36" HPOS="686" VPOS="311" WIDTH="179" HEIGHT="22" WC="0.91" CONTENT="skattebördorna"/><SP WIDTH="10" VPOS="311" HPOS="865"/>
							<String ID="string_37" HPOS="875" VPOS="311" WIDTH="28" HEIGHT="28" WC="0.96" CONTENT="på"/>
						</TextLine>
						<TextLine ID="line_5" HPOS="152" VPOS="345" WIDTH="750" HEIGHT="28">
							<String ID="string_38" HPOS="152" VPOS="346" WIDTH="41" HEIGHT="21" WC="0.96" CONTENT="den"/><SP WIDTH="15" VPOS="346" HPOS="193"/>
							<String ID="string_39" HPOS="208" VPOS="345" WIDTH="84" HEIGHT="21" WC="0.96" CONTENT="mindre"/><SP WIDTH="16" VPOS="345" HPOS="292"/>
							<String ID="string_40" HPOS="308" VPOS="345" WIDTH="35" HEIGHT="21" WC="0.96" CONTENT="väl"/><SP WIDTH="14" VPOS="345" HPOS="343"/>
							<String ID="string_41" HPOS="357" VPOS="345" WIDTH="88" HEIGHT="21" WC="0.96" CONTENT="lottade."/><SP WIDTH="30" VPOS="345" HPOS="445"/>
							<String ID="string_42" HPOS="475" VPOS="345" WIDTH="53" HEIGHT="28" WC="0.93" CONTENT="Nej!"/><SP WIDTH="16" VPOS="345" HPOS="528"/>
							<String ID="string_43" HPOS="544" VPOS="345" WIDTH="73" HEIGHT="22" WC="0.92" CONTENT="aktom"/><SP WIDTH="16" VPOS="345" HPOS="617"/>
							<String ID="string_44" HPOS="633" VPOS="352" WIDTH="35" HEIGHT="14" WC="0.96" CONTENT="oss"/><SP WIDTH="16" VPOS="352" HPOS="668"/>
							<String ID="string_45" HPOS="684" VPOS="347" WIDTH="31" HEIGHT="19" WC="0.96" CONTENT="att"/><SP WIDTH="16" VPOS="347" HPOS="715"/>
							<String ID="string_46" HPOS="731" VPOS="352" WIDTH="38" HEIGHT="15" WC="0.96" CONTENT="ens"/><SP WIDTH="15" VPOS="352" HPOS="769"/>
							<String ID="string_47" HPOS="784" VPOS="346" WIDTH="80" HEIGHT="21" WC="0.95" CONTENT="föreslå"/><SP WIDTH="12" VPOS="346" HPOS="864"/>
							<String ID="string_48" HPOS="876" VPOS="352" WIDTH="26" HEIGHT="15" WC="0.96" CONTENT="en"/>
						</TextLine>
						<TextLine ID="line_6" HPOS="153" VPOS="380" WIDTH="648" HEIGHT="28">
							<String ID="string_49" HPOS="153" VPOS="380" WIDTH="83" HEIGHT="28" WC="0.96" CONTENT="åtgärd,"/><SP WIDTH="12" VPOS="380" HPOS="236"/>
							<String ID="string_50" HPOS="248" VPOS="387" WIDTH="45" HEIGHT="14" WC="0.96" CONTENT="som"/><SP WIDTH="16" VPOS="387" HPOS="293"/>
							<String ID="string_51" HPOS="309" VPOS="380" WIDTH="43" HEIGHT="21" WC="0.96" CONTENT="kan"/><SP WIDTH="15" VPOS="380" HPOS="352"/>
							<String ID="string_52" HPOS="367" VPOS="380" WIDTH="22" HEIGHT="21" WC="0.96" CONTENT="få"/><SP WIDTH="16" VPOS="380" HPOS="389"/>
							<String ID="string_53" HPOS="405" VPOS="380" WIDTH="41" HEIGHT="21" WC="0.91" CONTENT="den"/><SP WIDTH="16" VPOS="380" HPOS="446"/>
							<String ID="string_54" HPOS="462" VPOS="380" WIDTH="96" HEIGHT="28" WC="0.91" CONTENT="ringaste"/><SP WIDTH="16" VPOS="380" HPOS="558"/>
							<String ID="string_55" HPOS="574" VPOS="380" WIDTH="145" HEIGHT="28" WC="0.96" CONTENT="anstrykning"/><SP WIDTH="14" VPOS="380" HPOS="719"/>
							<String ID="string_56" HPOS="733" VPOS="380" WIDTH="68" HEIGHT="21" WC="0.96" CONTENT="deraf."/>
						</TextLine>
					</TextBlock>
					<TextBlock ID="block_2" HPOS="149" VPOS="414" WIDTH="757" HEIGHT="992">
						<TextLine ID="line_7" HPOS="220" VPOS="414" WIDTH="684" HEIGHT="29">
							<String ID="string_57" HPOS="220" VPOS="415" WIDTH="50" HEIGHT="21" WC="0.96" CONTENT="Med"/><SP WIDTH="16" VPOS="415" HPOS="270"/>
							<String ID="string_58" HPOS="286" VPOS="414" WIDTH="101" HEIGHT="21" WC="0.93" CONTENT="afseende"/><SP WIDTH="16" VPOS="414" HPOS="387"/>
							<String ID="string_59" HPOS="403" VPOS="415" WIDTH="13" HEIGHT="21" WC="0.90" CONTENT="&amp;"/><SP WIDTH="14" VPOS="415" HPOS="416"/>
							<String ID="string_60" HPOS="430" VPOS="414" WIDTH="57" HEIGHT="21" WC="0.91" CONTENT="hvad"/><SP WIDTH="9" VPOS="414" HPOS="487"/>
							<String ID="string_61" HPOS="496" VPOS="415" WIDTH="43" HEIGHT="28" WC="0.83" CONTENT="jag"/><SP WIDTH="15" VPOS="415" HPOS="539"/>
							<String ID="string_62" HPOS="554" VPOS="415" WIDTH="47" HEIGHT="21" WC="0.96" CONTENT="haft"/><SP WIDTH="15" VPOS="415" HPOS="601"/>
							<String ID="string_63" HPOS="616" VPOS="416" WIDTH="53" HEIGHT="19" WC="0.96" CONTENT="äran"/><SP WIDTH="15" VPOS="416" HPOS="669"/>
							<String ID="string_64" HPOS="684" VPOS="414" WIDTH="77" HEIGHT="21" WC="0.96" CONTENT="anföra"/><SP WIDTH="15" VPOS="414" HPOS="761"/>
							<String ID="string_65" HPOS="776" VPOS="415" WIDTH="40" HEIGHT="20" WC="0.96" CONTENT="och"/><SP WIDTH="13" VPOS="415" HPOS="816"/>
							<String ID="string_66" HPOS="829" VPOS="415" WIDTH="27" HEIGHT="21" WC="0.96" CONTENT="då"/><SP WIDTH="8" VPOS="415" HPOS="856"/>
							<String ID="string_67" HPOS="864" VPOS="415" WIDTH="40" HEIGHT="28" WC="0.96" CONTENT="jag"/>
						</TextLine>
						<TextLine ID="line_8" HPOS="149" VPOS="449" WIDTH="754" HEIGHT="28">
							<String ID="string_68" HPOS="149" VPOS="450" WIDTH="83" HEIGHT="27" WC="0.92" CONTENT="jemväl"/><SP WIDTH="20" VPOS="450" HPOS="232"/>
							<String ID="string_69" HPOS="252" VPOS="449" WIDTH="69" HEIGHT="21" WC="0.96" CONTENT="måste"/><SP WIDTH="19" VPOS="449" HPOS="321"/>
							<String ID="string_70" HPOS="340" VPOS="449" WIDTH="54" HEIGHT="28" WC="0.96" CONTENT="hysa"/><SP WIDTH="20" VPOS="449" HPOS="394"/>
							<String ID="string_71" HPOS="414" VPOS="449" WIDTH="41" HEIGHT="21" WC="0.96" CONTENT="den"/><SP WIDTH="19" VPOS="449" HPOS="455"/>
							<String ID="string_72" HPOS="474" VPOS="449" WIDTH="56" HEIGHT="21" WC="0.93" CONTENT="fasta"/><SP WIDTH="14" VPOS="449" HPOS="530"/>
							<String ID="string_73" HPOS="544" VPOS="449" WIDTH="156" HEIGHT="28" WC="0.92" CONTENT="öfvertygelse,"/><SP WIDTH="17" VPOS="449" HPOS="700"/>
							<String ID="string_74" HPOS="717" VPOS="451" WIDTH="31" HEIGHT="19" WC="0.96" CONTENT="att"/><SP WIDTH="21" VPOS="451" HPOS="748"/>
							<String ID="string_75" HPOS="769" VPOS="451" WIDTH="31" HEIGHT="19" WC="0.96" CONTENT="ett"/><SP WIDTH="14" VPOS="451" HPOS="800"/>
							<String ID="string_76" HPOS="814" VPOS="449" WIDTH="89" HEIGHT="28" WC="0.96" CONTENT="förslag,"/>
						</TextLine>
						<TextLine ID="line_9" HPOS="154" VPOS="483" WIDTH="749" HEIGHT="29">
							<String ID="string_77" HPOS="154" VPOS="484" WIDTH="67" HEIGHT="28" WC="0.92" CONTENT="bygdt"/><SP WIDTH="15" VPOS="484" HPOS="221"/>
							<String ID="string_78" HPOS="236" VPOS="484" WIDTH="28" HEIGHT="28" WC="0.96" CONTENT="på"/><SP WIDTH="18" VPOS="484" HPOS="264"/>
							<String ID="string_79" HPOS="282" VPOS="484" WIDTH="24" HEIGHT="21" WC="0.93" CONTENT="så"/><SP WIDTH="15" VPOS="484" HPOS="306"/>
							<String ID="string_80" HPOS="321" VPOS="484" WIDTH="112" HEIGHT="21" WC="0.92" CONTENT="irrationel"/><SP WIDTH="16" VPOS="484" HPOS="433"/>
							<String ID="string_81" HPOS="449" VPOS="483" WIDTH="71" HEIGHT="28" WC="0.96" CONTENT="grund"/><SP WIDTH="16" VPOS="483" HPOS="520"/>
							<String ID="string_82" HPOS="536" VPOS="483" WIDTH="40" HEIGHT="22" WC="0.93" CONTENT="och"/><SP WIDTH="15" VPOS="483" HPOS="576"/>
							<String ID="string_83" HPOS="591" VPOS="483" WIDTH="101" HEIGHT="22" WC="0.92" CONTENT="hvilande"/><SP WIDTH="16" VPOS="483" HPOS="692"/>
							<String ID="string_84" HPOS="708" VPOS="483" WIDTH="77" HEIGHT="22" WC="0.96" CONTENT="endast"/><SP WIDTH="17" VPOS="483" HPOS="785"/>
							<String ID="string_85" HPOS="802" VPOS="484" WIDTH="28" HEIGHT="28" WC="0.93" CONTENT="på"/><SP WIDTH="17" VPOS="484" HPOS="830"/>
							<String ID="string_86" HPOS="847" VPOS="484" WIDTH="56" HEIGHT="21" WC="0.92" CONTENT="sväf-"/>
						</TextLine>
						<TextLine ID="line_10" HPOS="153" VPOS="518" WIDTH="750" HEIGHT="27">
							<String ID="string_87" HPOS="153" VPOS="519" WIDTH="69" HEIGHT="20" WC="0.95" CONTENT="vande"/><SP WIDTH="21" VPOS="519" HPOS="222"/>
							<String ID="string_88" HPOS="243" VPOS="518" WIDTH="88" HEIGHT="26" WC="0.95" CONTENT="teorier,"/><SP WIDTH="21" VPOS="518" HPOS="331"/>
							<String ID="string_89" HPOS="352" VPOS="525" WIDTH="47" HEIGHT="14" WC="0.96" CONTENT="som"/><SP WIDTH="20" VPOS="525" HPOS="399"/>
							<String ID="string_90" HPOS="419" VPOS="518" WIDTH="37" HEIGHT="21" WC="0.96" CONTENT="det"/><SP WIDTH="20" VPOS="518" HPOS="456"/>
							<String ID="string_91" HPOS="476" VPOS="518" WIDTH="23" HEIGHT="21" WC="0.96" CONTENT="af"/><SP WIDTH="18" VPOS="518" HPOS="499"/>
							<String ID="string_92" HPOS="517" VPOS="518" WIDTH="106" HEIGHT="21" WC="0.96" CONTENT="utskottet"/><SP WIDTH="15" VPOS="518" HPOS="623"/>
							<String ID="string_93" HPOS="638" VPOS="518" WIDTH="142" HEIGHT="27" WC="0.96" CONTENT="framställda,"/><SP WIDTH="16" VPOS="518" HPOS="780"/>
							<String ID="string_94" HPOS="796" VPOS="519" WIDTH="49" HEIGHT="20" WC="0.95" CONTENT="icke"/><SP WIDTH="15" VPOS="519" HPOS="845"/>
							<String ID="string_95" HPOS="860" VPOS="518" WIDTH="43" HEIGHT="21" WC="0.97" CONTENT="kan"/>
						</TextLine>
						<TextLine ID="line_11" HPOS="153" VPOS="552" WIDTH="751" HEIGHT="28">
							<String ID="string_96" HPOS="153" VPOS="553" WIDTH="66" HEIGHT="20" WC="0.93" CONTENT="vinna"/><SP WIDTH="19" VPOS="553" HPOS="219"/>
							<String ID="string_97" HPOS="238" VPOS="553" WIDTH="30" HEIGHT="21" WC="0.90" CONTENT="H."/><SP WIDTH="20" VPOS="553" HPOS="268"/>
							<String ID="string_98" HPOS="288" VPOS="552" WIDTH="61" HEIGHT="28" WC="0.89" CONTENT="Kejs."/><SP WIDTH="20" VPOS="552" HPOS="349"/>
							<String ID="string_99" HPOS="369" VPOS="552" WIDTH="74" HEIGHT="28" WC="0.96" CONTENT="Maj:ts"/><SP WIDTH="20" VPOS="552" HPOS="443"/>
							<String ID="string_100" HPOS="463" VPOS="552" WIDTH="80" HEIGHT="28" WC="0.96" CONTENT="nådiga"/><SP WIDTH="15" VPOS="552" HPOS="543"/>
							<String ID="string_101" HPOS="558" VPOS="552" WIDTH="165" HEIGHT="28" WC="0.96" CONTENT="godkännande,"/><SP WIDTH="16" VPOS="552" HPOS="723"/>
							<String ID="string_102" HPOS="739" VPOS="552" WIDTH="34" HEIGHT="21" WC="0.96" CONTENT="får"/><SP WIDTH="12" VPOS="552" HPOS="773"/>
							<String ID="string_103" HPOS="785" VPOS="553" WIDTH="39" HEIGHT="27" WC="0.96" CONTENT="jag"/><SP WIDTH="16" VPOS="553" HPOS="824"/>
							<String ID="string_104" HPOS="840" VPOS="553" WIDTH="64" HEIGHT="20" WC="0.96" CONTENT="alltså"/>
						</TextLine>
						<TextLine ID="line_12" HPOS="153" VPOS="587" WIDTH="751" HEIGHT="28">
							<String ID="string_105" HPOS="153" VPOS="587" WIDTH="117" HEIGHT="28" WC="0.96" CONTENT="tillstyrka,"/><SP WIDTH="11" VPOS="587" HPOS="270"/>
							<String ID="string_106" HPOS="281" VPOS="589" WIDTH="33" HEIGHT="18" WC="0.93" CONTENT="att"/><SP WIDTH="14" VPOS="589" HPOS="314"/>
							<String ID="string_107" HPOS="328" VPOS="587" WIDTH="28" HEIGHT="20" WC="0.90" CONTENT="H."/><SP WIDTH="12" VPOS="587" HPOS="356"/>
							<String ID="string_108" HPOS="368" VPOS="587" WIDTH="73" HEIGHT="28" WC="0.96" CONTENT="Maj:ts"/><SP WIDTH="16" VPOS="587" HPOS="441"/>
							<String ID="string_109" HPOS="457" VPOS="587" WIDTH="135" HEIGHT="28" WC="0.96" CONTENT="proposition"/><SP WIDTH="16" VPOS="587" HPOS="592"/>
							<String ID="string_110" HPOS="608" VPOS="587" WIDTH="8" HEIGHT="20" WC="0.96" CONTENT="i"/><SP WIDTH="15" VPOS="587" HPOS="616"/>
							<String ID="string_111" HPOS="631" VPOS="589" WIDTH="74" HEIGHT="19" WC="0.96" CONTENT="ämnet"/><SP WIDTH="15" VPOS="589" HPOS="705"/>
							<String ID="string_112" HPOS="720" VPOS="587" WIDTH="67" HEIGHT="21" WC="0.96" CONTENT="måtte"/><SP WIDTH="14" VPOS="587" HPOS="787"/>
							<String ID="string_113" HPOS="801" VPOS="587" WIDTH="33" HEIGHT="20" WC="0.93" CONTENT="till"/><SP WIDTH="11" VPOS="587" HPOS="834"/>
							<String ID="string_114" HPOS="845" VPOS="587" WIDTH="59" HEIGHT="28" WC="0.92" CONTENT="prin-"/>
						</TextLine>
						<TextLine ID="line_13" HPOS="155" VPOS="621" WIDTH="749" HEIGHT="28">
							<String ID="string_115" HPOS="155" VPOS="622" WIDTH="94" HEIGHT="27" WC="0.92" CONTENT="ciperne,"/><SP WIDTH="13" VPOS="622" HPOS="249"/>
							<String ID="string_116" HPOS="262" VPOS="622" WIDTH="54" HEIGHT="21" WC="0.96" CONTENT="eller"/><SP WIDTH="10" VPOS="622" HPOS="316"/>
							<String ID="string_117" HPOS="326" VPOS="621" WIDTH="57" HEIGHT="20" WC="0.96" CONTENT="hvad"/><SP WIDTH="15" VPOS="621" HPOS="383"/>
							<String ID="string_118" HPOS="398" VPOS="621" WIDTH="67" HEIGHT="28" WC="0.93" CONTENT="angår"/><SP WIDTH="14" VPOS="621" HPOS="465"/>
							<String ID="string_119" HPOS="479" VPOS="621" WIDTH="200" HEIGHT="28" WC="0.92" CONTENT="klassindelningen"/><SP WIDTH="11" VPOS="621" HPOS="679"/>
							<String ID="string_120" HPOS="690" VPOS="622" WIDTH="7" HEIGHT="20" WC="0.96" CONTENT="i"/><SP WIDTH="11" VPOS="622" HPOS="697"/>
							<String ID="string_121" HPOS="708" VPOS="621" WIDTH="102" HEIGHT="21" WC="0.93" CONTENT="afseende"/><SP WIDTH="11" VPOS="621" HPOS="810"/>
							<String ID="string_122" HPOS="821" VPOS="621" WIDTH="13" HEIGHT="21" WC="0.91" CONTENT="å"/><SP WIDTH="11" VPOS="621" HPOS="834"/>
							<String ID="string_123" HPOS="845" VPOS="628" WIDTH="59" HEIGHT="14" WC="0.91" CONTENT="man-"/>
						</TextLine>
						<TextLine ID="line_14" HPOS="154" VPOS="655" WIDTH="750" HEIGHT="29">
							<String ID="string_124" HPOS="154" VPOS="656" WIDTH="204" HEIGHT="28" WC="0.91" CONTENT="talspenningarnes"/><SP WIDTH="16" VPOS="656" HPOS="358"/>
							<String ID="string_125" HPOS="374" VPOS="655" WIDTH="139" HEIGHT="28" WC="0.96" CONTENT="erläggande,"/><SP WIDTH="12" VPOS="655" HPOS="513"/>
							<String ID="string_126" HPOS="525" VPOS="655" WIDTH="34" HEIGHT="22" WC="0.96" CONTENT="för"/><SP WIDTH="11" VPOS="655" HPOS="559"/>
							<String ID="string_127" HPOS="570" VPOS="655" WIDTH="117" HEIGHT="22" WC="0.96" CONTENT="framtiden"/><SP WIDTH="16" VPOS="655" HPOS="687"/>
							<String ID="string_128" HPOS="703" VPOS="656" WIDTH="134" HEIGHT="27" WC="0.96" CONTENT="godkännas,"/><SP WIDTH="11" VPOS="656" HPOS="837"/>
							<String ID="string_129" HPOS="848" VPOS="655" WIDTH="56" HEIGHT="22" WC="0.96" CONTENT="helst"/>
						</TextLine>
						<TextLine ID="line_15" HPOS="154" VPOS="689" WIDTH="750" HEIGHT="29">
							<String ID="string_130" HPOS="154" VPOS="690" WIDTH="6" HEIGHT="20" WC="0.96" CONTENT="i"/><SP WIDTH="16" VPOS="690" HPOS="160"/>
							<String ID="string_131" HPOS="176" VPOS="692" WIDTH="66" HEIGHT="19" WC="0.95" CONTENT="annat"/><SP WIDTH="14" VPOS="692" HPOS="242"/>
							<String ID="string_132" HPOS="256" VPOS="690" WIDTH="38" HEIGHT="21" WC="0.96" CONTENT="fall"/><SP WIDTH="14" VPOS="690" HPOS="294"/>
							<String ID="string_133" HPOS="308" VPOS="690" WIDTH="43" HEIGHT="21" WC="0.96" CONTENT="alla"/><SP WIDTH="15" VPOS="690" HPOS="351"/>
							<String ID="string_134" HPOS="366" VPOS="689" WIDTH="26" HEIGHT="21" WC="0.96" CONTENT="de"/><SP WIDTH="16" VPOS="689" HPOS="392"/>
							<String ID="string_135" HPOS="408" VPOS="691" WIDTH="174" HEIGHT="27" WC="0.96" CONTENT="oegentligheter"/><SP WIDTH="12" VPOS="691" HPOS="582"/>
							<String ID="string_136" HPOS="594" VPOS="690" WIDTH="42" HEIGHT="21" WC="0.96" CONTENT="och"/><SP WIDTH="16" VPOS="690" HPOS="636"/>
							<String ID="string_137" HPOS="652" VPOS="690" WIDTH="167" HEIGHT="27" WC="0.96" CONTENT="förvecklingar,"/><SP WIDTH="16" VPOS="690" HPOS="819"/>
							<String ID="string_138" HPOS="835" VPOS="697" WIDTH="46" HEIGHT="14" WC="0.96" CONTENT="som"/><SP WIDTH="16" VPOS="697" HPOS="881"/>
							<String ID="string_139" HPOS="897" VPOS="690" WIDTH="7" HEIGHT="20" WC="0.96" CONTENT="i"/>
						</TextLine>
						<TextLine ID="line_16" HPOS="154" VPOS="724" WIDTH="751" HEIGHT="29">
							<String ID="string_140" HPOS="154" VPOS="725" WIDTH="124" HEIGHT="20" WC="0.94" CONTENT="hänseende"/><SP WIDTH="21" VPOS="725" HPOS="278"/>
							<String ID="string_141" HPOS="299" VPOS="724" WIDTH="33" HEIGHT="21" WC="0.94" CONTENT="till"/><SP WIDTH="21" VPOS="724" HPOS="332"/>
							<String ID="string_142" HPOS="353" VPOS="724" WIDTH="26" HEIGHT="21" WC="0.93" CONTENT="de"/><SP WIDTH="19" VPOS="724" HPOS="379"/>
							<String ID="string_143" HPOS="398" VPOS="725" WIDTH="117" HEIGHT="27" WC="0.92" CONTENT="personela"/><SP WIDTH="18" VPOS="725" HPOS="515"/>
							<String ID="string_144" HPOS="533" VPOS="724" WIDTH="140" HEIGHT="28" WC="0.90" CONTENT="utskylderne"/><SP WIDTH="18" VPOS="724" HPOS="673"/>
							<String ID="string_145" HPOS="691" VPOS="732" WIDTH="30" HEIGHT="14" WC="0.93" CONTENT="nu"/><SP WIDTH="16" VPOS="732" HPOS="721"/>
							<String ID="string_146" HPOS="737" VPOS="731" WIDTH="40" HEIGHT="22" WC="0.92" CONTENT="ega"/><SP WIDTH="14" VPOS="731" HPOS="777"/>
							<String ID="string_147" HPOS="791" VPOS="731" WIDTH="58" HEIGHT="20" WC="0.96" CONTENT="rum,"/><SP WIDTH="17" VPOS="731" HPOS="849"/>
							<String ID="string_148" HPOS="866" VPOS="725" WIDTH="39" HEIGHT="20" WC="0.96" CONTENT="allt"/>
						</TextLine>
						<TextLine ID="line_17" HPOS="154" VPOS="758" WIDTH="750" HEIGHT="29">
							<String ID="string_149" HPOS="154" VPOS="759" WIDTH="109" HEIGHT="28" WC="0.96" CONTENT="framgent"/><SP WIDTH="20" VPOS="759" HPOS="263"/>
							<String ID="string_150" HPOS="283" VPOS="759" WIDTH="86" HEIGHT="20" WC="0.95" CONTENT="komme"/><SP WIDTH="15" VPOS="759" HPOS="369"/>
							<String ID="string_151" HPOS="384" VPOS="760" WIDTH="33" HEIGHT="19" WC="0.93" CONTENT="att"/><SP WIDTH="16" VPOS="760" HPOS="417"/>
							<String ID="string_152" HPOS="433" VPOS="760" WIDTH="95" HEIGHT="27" WC="0.92" CONTENT="gvarstä;"/><SP WIDTH="17" VPOS="760" HPOS="528"/>
							<String ID="string_153" HPOS="545" VPOS="758" WIDTH="67" HEIGHT="22" WC="0.96" CONTENT="likväl"/><SP WIDTH="16" VPOS="758" HPOS="612"/>
							<String ID="string_154" HPOS="628" VPOS="759" WIDTH="69" HEIGHT="27" WC="0.96" CONTENT="torde,"/><SP WIDTH="16" VPOS="759" HPOS="697"/>
							<String ID="string_155" HPOS="713" VPOS="759" WIDTH="57" HEIGHT="21" WC="0.96" CONTENT="hvad"/><SP WIDTH="15" VPOS="759" HPOS="770"/>
							<String ID="string_156" HPOS="785" VPOS="759" WIDTH="67" HEIGHT="28" WC="0.93" CONTENT="angår"/><SP WIDTH="15" VPOS="759" HPOS="852"/>
							<String ID="string_157" HPOS="867" VPOS="759" WIDTH="37" HEIGHT="21" WC="0.92" CONTENT="be-"/>
						</TextLine>
						<TextLine ID="line_18" HPOS="153" VPOS="793" WIDTH="751" HEIGHT="29">
							<String ID="string_158" HPOS="153" VPOS="793" WIDTH="75" HEIGHT="28" WC="0.96" CONTENT="loppet"/><SP WIDTH="20" VPOS="793" HPOS="228"/>
							<String ID="string_159" HPOS="248" VPOS="793" WIDTH="24" HEIGHT="21" WC="0.93" CONTENT="af"/><SP WIDTH="18" VPOS="793" HPOS="272"/>
							<String ID="string_160" HPOS="290" VPOS="793" WIDTH="254" HEIGHT="28" WC="0.90" CONTENT="mantalspenningarne,"/><SP WIDTH="21" VPOS="793" HPOS="544"/>
							<String ID="string_161" HPOS="565" VPOS="801" WIDTH="52" HEIGHT="14" WC="0.96" CONTENT="vara"/><SP WIDTH="20" VPOS="801" HPOS="617"/>
							<String ID="string_162" HPOS="637" VPOS="794" WIDTH="125" HEIGHT="28" WC="0.96" CONTENT="lämpligast"/><SP WIDTH="21" VPOS="794" HPOS="762"/>
							<String ID="string_163" HPOS="783" VPOS="795" WIDTH="33" HEIGHT="20" WC="0.95" CONTENT="att"/><SP WIDTH="22" VPOS="795" HPOS="816"/>
							<String ID="string_164" HPOS="838" VPOS="793" WIDTH="66" HEIGHT="22" WC="0.96" CONTENT="sedan"/>
						</TextLine>
						<TextLine ID="line_19" HPOS="154" VPOS="828" WIDTH="752" HEIGHT="28">
							<String ID="string_165" HPOS="154" VPOS="828" WIDTH="185" HEIGHT="27" WC="0.92" CONTENT="markräkningen"/><SP WIDTH="22" VPOS="828" HPOS="339"/>
							<String ID="string_166" HPOS="361" VPOS="834" WIDTH="90" HEIGHT="15" WC="0.83" CONTENT="numera"/><SP WIDTH="15" VPOS="834" HPOS="451"/>
							<String ID="string_167" HPOS="466" VPOS="828" WIDTH="72" HEIGHT="21" WC="0.95" CONTENT="blifvit"/><SP WIDTH="15" VPOS="828" HPOS="538"/>
							<String ID="string_168" HPOS="553" VPOS="828" WIDTH="81" HEIGHT="27" WC="0.95" CONTENT="införd,"/><SP WIDTH="16" VPOS="828" HPOS="634"/>
							<String ID="string_169" HPOS="650" VPOS="828" WIDTH="71" HEIGHT="21" WC="0.93" CONTENT="denna"/><SP WIDTH="15" VPOS="828" HPOS="721"/>
							<String ID="string_170" HPOS="736" VPOS="829" WIDTH="64" HEIGHT="27" WC="0.92" CONTENT="afgift"/><SP WIDTH="16" VPOS="829" HPOS="800"/>
							<String ID="string_171" HPOS="816" VPOS="828" WIDTH="5" HEIGHT="21" WC="0.96" CONTENT="i"/><SP WIDTH="16" VPOS="828" HPOS="821"/>
							<String ID="string_172" HPOS="837" VPOS="828" WIDTH="69" HEIGHT="21" WC="0.96" CONTENT="andra"/>
						</TextLine>
						<TextLine ID="line_20" HPOS="155" VPOS="862" WIDTH="751" HEIGHT="28">
							<String ID="string_173" HPOS="155" VPOS="862" WIDTH="86" HEIGHT="21" WC="0.96" CONTENT="klassen"/><SP WIDTH="21" VPOS="862" HPOS="241"/>
							<String ID="string_174" HPOS="262" VPOS="862" WIDTH="34" HEIGHT="21" WC="0.93" CONTENT="för"/><SP WIDTH="18" VPOS="862" HPOS="296"/>
							<String ID="string_175" HPOS="314" VPOS="863" WIDTH="61" HEIGHT="27" WC="0.91" CONTENT="jemn"/><SP WIDTH="19" VPOS="863" HPOS="375"/>
							<String ID="string_176" HPOS="394" VPOS="862" WIDTH="105" HEIGHT="28" WC="0.91" CONTENT="räknings"/><SP WIDTH="21" VPOS="862" HPOS="499"/>
							<String ID="string_177" HPOS="520" VPOS="863" WIDTH="56" HEIGHT="20" WC="0.96" CONTENT="skull"/><SP WIDTH="22" VPOS="863" HPOS="576"/>
							<String ID="string_178" HPOS="598" VPOS="863" WIDTH="123" HEIGHT="20" WC="0.96" CONTENT="bestämdes"/><SP WIDTH="20" VPOS="863" HPOS="721"/>
							<String ID="string_179" HPOS="741" VPOS="863" WIDTH="34" HEIGHT="20" WC="0.96" CONTENT="till"/><SP WIDTH="18" VPOS="863" HPOS="775"/>
							<String ID="string_180" HPOS="793" VPOS="865" WIDTH="36" HEIGHT="20" WC="0.96" CONTENT="två"/><SP WIDTH="14" VPOS="865" HPOS="829"/>
							<String ID="string_181" HPOS="843" VPOS="863" WIDTH="63" HEIGHT="21" WC="0.96" CONTENT="mark"/>
						</TextLine>
						<TextLine ID="line_21" HPOS="151" VPOS="897" WIDTH="753" HEIGHT="33">
							<String ID="string_182" HPOS="151" VPOS="897" WIDTH="75" HEIGHT="30" WC="0.93" CONTENT="femtio"/><SP WIDTH="12" VPOS="897" HPOS="226"/>
							<String ID="string_183" HPOS="238" VPOS="898" WIDTH="68" HEIGHT="29" WC="0.90" CONTENT="penni"/><SP WIDTH="14" VPOS="898" HPOS="306"/>
							<String ID="string_184" HPOS="320" VPOS="897" WIDTH="33" HEIGHT="21" WC="0.96" CONTENT="för"/><SP WIDTH="11" VPOS="897" HPOS="353"/>
							<String ID="string_185" HPOS="364" VPOS="904" WIDTH="50" HEIGHT="15" WC="0.96" CONTENT="man"/><SP WIDTH="11" VPOS="904" HPOS="414"/>
							<String ID="string_186" HPOS="425" VPOS="897" WIDTH="41" HEIGHT="21" WC="0.96" CONTENT="och"/><SP WIDTH="10" VPOS="897" HPOS="466"/>
							<String ID="string_187" HPOS="476" VPOS="906" WIDTH="25" HEIGHT="13" WC="0.96" CONTENT="en"/><SP WIDTH="10" VPOS="906" HPOS="501"/>
							<String ID="string_188" HPOS="511" VPOS="898" WIDTH="61" HEIGHT="21" WC="0.92" CONTENT="mark"/><SP WIDTH="11" VPOS="898" HPOS="572"/>
							<String ID="string_189" HPOS="583" VPOS="897" WIDTH="105" HEIGHT="30" WC="0.92" CONTENT="tjugufem"/><SP WIDTH="6" VPOS="897" HPOS="688"/>
							<String ID="string_190" HPOS="694" VPOS="899" WIDTH="69" HEIGHT="28" WC="0.92" CONTENT="penni"/><SP WIDTH="10" VPOS="899" HPOS="763"/>
							<String ID="string_191" HPOS="773" VPOS="898" WIDTH="34" HEIGHT="21" WC="0.93" CONTENT="för"/><SP WIDTH="11" VPOS="898" HPOS="807"/>
							<String ID="string_192" HPOS="818" VPOS="897" WIDTH="86" HEIGHT="33" WC="0.90" CONTENT="qvinna,"/>
						</TextLine>
						<TextLine ID="line_22" HPOS="155" VPOS="932" WIDTH="749" HEIGHT="29">
							<String ID="string_193" HPOS="155" VPOS="933" WIDTH="6" HEIGHT="20" WC="0.96" CONTENT="i"/><SP WIDTH="17" VPOS="933" HPOS="161"/>
							<String ID="string_194" HPOS="178" VPOS="932" WIDTH="72" HEIGHT="21" WC="0.96" CONTENT="stället"/><SP WIDTH="20" VPOS="932" HPOS="250"/>
							<String ID="string_195" HPOS="270" VPOS="932" WIDTH="33" HEIGHT="21" WC="0.96" CONTENT="för"/><SP WIDTH="16" VPOS="932" HPOS="303"/>
							<String ID="string_196" HPOS="319" VPOS="932" WIDTH="36" HEIGHT="21" WC="0.96" CONTENT="det"/><SP WIDTH="16" VPOS="932" HPOS="355"/>
							<String ID="string_197" HPOS="371" VPOS="932" WIDTH="124" HEIGHT="28" WC="0.96" CONTENT="föreslagna"/><SP WIDTH="15" VPOS="932" HPOS="495"/>
							<String ID="string_198" HPOS="510" VPOS="933" WIDTH="67" HEIGHT="27" WC="0.96" CONTENT="något"/><SP WIDTH="15" VPOS="933" HPOS="577"/>
							<String ID="string_199" HPOS="592" VPOS="933" WIDTH="60" HEIGHT="27" WC="0.96" CONTENT="lägre"/><SP WIDTH="16" VPOS="933" HPOS="652"/>
							<String ID="string_200" HPOS="668" VPOS="933" WIDTH="113" HEIGHT="28" WC="0.96" CONTENT="beloppet,"/><SP WIDTH="16" VPOS="933" HPOS="781"/>
							<String ID="string_201" HPOS="797" VPOS="940" WIDTH="46" HEIGHT="14" WC="0.93" CONTENT="som"/><SP WIDTH="16" VPOS="940" HPOS="843"/>
							<String ID="string_202" HPOS="859" VPOS="934" WIDTH="45" HEIGHT="27" WC="0.92" CONTENT="tyc-"/>
						</TextLine>
						<TextLine ID="line_23" HPOS="155" VPOS="967" WIDTH="750" HEIGHT="29">
							<String ID="string_203" HPOS="155" VPOS="967" WIDTH="39" HEIGHT="21" WC="0.92" CONTENT="kes"/><SP WIDTH="16" VPOS="967" HPOS="194"/>
							<String ID="string_204" HPOS="210" VPOS="967" WIDTH="137" HEIGHT="28" WC="0.96" CONTENT="uppkommit"/><SP WIDTH="14" VPOS="967" HPOS="347"/>
							<String ID="string_205" HPOS="361" VPOS="967" WIDTH="24" HEIGHT="20" WC="0.93" CONTENT="af"/><SP WIDTH="14" VPOS="967" HPOS="385"/>
							<String ID="string_206" HPOS="399" VPOS="967" WIDTH="126" HEIGHT="28" WC="0.92" CONTENT="evalvering"/><SP WIDTH="15" VPOS="967" HPOS="525"/>
							<String ID="string_207" HPOS="540" VPOS="967" WIDTH="49" HEIGHT="21" WC="0.96" CONTENT="utaf"/><SP WIDTH="13" VPOS="967" HPOS="589"/>
							<String ID="string_208" HPOS="602" VPOS="969" WIDTH="32" HEIGHT="19" WC="0.93" CONTENT="ett"/><SP WIDTH="12" VPOS="969" HPOS="634"/>
							<String ID="string_209" HPOS="646" VPOS="967" WIDTH="72" HEIGHT="28" WC="0.91" CONTENT="jemnt"/><SP WIDTH="15" VPOS="967" HPOS="718"/>
							<String ID="string_210" HPOS="733" VPOS="968" WIDTH="59" HEIGHT="21" WC="0.92" CONTENT="antal"/><SP WIDTH="16" VPOS="968" HPOS="792"/>
							<String ID="string_211" HPOS="808" VPOS="967" WIDTH="97" HEIGHT="29" WC="0.92" CONTENT="kopeker"/>
						</TextLine>
						<TextLine ID="line_24" HPOS="154" VPOS="1001" WIDTH="747" HEIGHT="29">
							<String ID="string_212" HPOS="154" VPOS="1002" WIDTH="33" HEIGHT="20" WC="0.96" CONTENT="till"/><SP WIDTH="16" VPOS="1002" HPOS="187"/>
							<String ID="string_213" HPOS="203" VPOS="1001" WIDTH="62" HEIGHT="21" WC="0.96" CONTENT="mark"/><SP WIDTH="15" VPOS="1001" HPOS="265"/>
							<String ID="string_214" HPOS="280" VPOS="1001" WIDTH="41" HEIGHT="21" WC="0.92" CONTENT="och"/><SP WIDTH="14" VPOS="1001" HPOS="321"/>
							<String ID="string_215" HPOS="335" VPOS="1002" WIDTH="74" HEIGHT="27" WC="0.92" CONTENT="penni."/><SP WIDTH="30" VPOS="1002" HPOS="409"/>
							<String ID="string_216" HPOS="439" VPOS="1001" WIDTH="139" HEIGHT="22" WC="0.96" CONTENT="Beträffande"/><SP WIDTH="16" VPOS="1001" HPOS="578"/>
							<String ID="string_217" HPOS="594" VPOS="1002" WIDTH="47" HEIGHT="21" WC="0.96" CONTENT="åter"/><SP WIDTH="15" VPOS="1002" HPOS="641"/>
							<String ID="string_218" HPOS="656" VPOS="1002" WIDTH="175" HEIGHT="28" WC="0.96" CONTENT="bestämmelsen,"/><SP WIDTH="14" VPOS="1002" HPOS="831"/>
							<String ID="string_219" HPOS="845" VPOS="1003" WIDTH="56" HEIGHT="21" WC="0.96" CONTENT="huru"/>
						</TextLine>
						<TextLine ID="line_25" HPOS="155" VPOS="1035" WIDTH="750" HEIGHT="30">
							<String ID="string_220" HPOS="155" VPOS="1036" WIDTH="85" HEIGHT="21" WC="0.96" CONTENT="landets"/><SP WIDTH="15" VPOS="1036" HPOS="240"/>
							<String ID="string_221" HPOS="255" VPOS="1036" WIDTH="132" HEIGHT="21" WC="0.96" CONTENT="innevånare"/><SP WIDTH="17" VPOS="1036" HPOS="387"/>
							<String ID="string_222" HPOS="404" VPOS="1035" WIDTH="66" HEIGHT="22" WC="0.93" CONTENT="borde"/><SP WIDTH="17" VPOS="1035" HPOS="470"/>
							<String ID="string_223" HPOS="487" VPOS="1037" WIDTH="12" HEIGHT="20" WC="0.82" CONTENT="å"/><SP WIDTH="15" VPOS="1037" HPOS="499"/>
							<String ID="string_224" HPOS="514" VPOS="1036" WIDTH="25" HEIGHT="21" WC="0.97" CONTENT="de"/><SP WIDTH="11" VPOS="1036" HPOS="539"/>
							<String ID="string_225" HPOS="550" VPOS="1036" WIDTH="58" HEIGHT="21" WC="0.93" CONTENT="olika"/><SP WIDTH="11" VPOS="1036" HPOS="608"/>
							<String ID="string_226" HPOS="619" VPOS="1037" WIDTH="112" HEIGHT="20" WC="0.93" CONTENT="klasserne"/><SP WIDTH="11" VPOS="1037" HPOS="731"/>
							<String ID="string_227" HPOS="742" VPOS="1037" WIDTH="101" HEIGHT="28" WC="0.96" CONTENT="fördelas,"/><SP WIDTH="10" VPOS="1037" HPOS="843"/>
							<String ID="string_228" HPOS="853" VPOS="1044" WIDTH="52" HEIGHT="14" WC="0.96" CONTENT="vore"/>
						</TextLine>
						<TextLine ID="line_26" HPOS="156" VPOS="1070" WIDTH="750" HEIGHT="30">
							<String ID="string_229" HPOS="156" VPOS="1071" WIDTH="34" HEIGHT="20" WC="0.96" CONTENT="väl"/><SP WIDTH="20" VPOS="1071" HPOS="190"/>
							<String ID="string_230" HPOS="210" VPOS="1070" WIDTH="106" HEIGHT="28" WC="0.96" CONTENT="åtskilligt"/><SP WIDTH="19" VPOS="1070" HPOS="316"/>
							<String ID="string_231" HPOS="335" VPOS="1073" WIDTH="31" HEIGHT="18" WC="0.96" CONTENT="att"/><SP WIDTH="15" VPOS="1073" HPOS="366"/>
							<String ID="string_232" HPOS="381" VPOS="1070" WIDTH="104" HEIGHT="22" WC="0.96" CONTENT="anmärka"/><SP WIDTH="16" VPOS="1070" HPOS="485"/>
							<String ID="string_233" HPOS="501" VPOS="1073" WIDTH="57" HEIGHT="19" WC="0.96" CONTENT="emot"/><SP WIDTH="15" VPOS="1073" HPOS="558"/>
							<String ID="string_234" HPOS="573" VPOS="1071" WIDTH="114" HEIGHT="28" WC="0.96" CONTENT="förslaget,"/><SP WIDTH="16" VPOS="1071" HPOS="687"/>
							<String ID="string_235" HPOS="703" VPOS="1071" WIDTH="40" HEIGHT="21" WC="0.96" CONTENT="och"/><SP WIDTH="13" VPOS="1071" HPOS="743"/>
							<String ID="string_236" HPOS="756" VPOS="1072" WIDTH="39" HEIGHT="28" WC="0.96" CONTENT="jag"/><SP WIDTH="16" VPOS="1072" HPOS="795"/>
							<String ID="string_237" HPOS="811" VPOS="1073" WIDTH="46" HEIGHT="20" WC="0.96" CONTENT="tror"/><SP WIDTH="15" VPOS="1073" HPOS="857"/>
							<String ID="string_238" HPOS="872" VPOS="1072" WIDTH="34" HEIGHT="21" WC="0.96" CONTENT="för"/>
						</TextLine>
						<TextLine ID="line_27" HPOS="156" VPOS="1105" WIDTH="749" HEIGHT="30">
							<String ID="string_239" HPOS="156" VPOS="1105" WIDTH="45" HEIGHT="20" WC="0.95" CONTENT="min"/><SP WIDTH="21" VPOS="1105" HPOS="201"/>
							<String ID="string_240" HPOS="222" VPOS="1105" WIDTH="41" HEIGHT="27" WC="0.95" CONTENT="del,"/><SP WIDTH="17" VPOS="1105" HPOS="263"/>
							<String ID="string_241" HPOS="280" VPOS="1106" WIDTH="31" HEIGHT="19" WC="0.96" CONTENT="att"/><SP WIDTH="16" VPOS="1106" HPOS="311"/>
							<String ID="string_242" HPOS="327" VPOS="1106" WIDTH="68" HEIGHT="20" WC="0.96" CONTENT="större"/><SP WIDTH="22" VPOS="1106" HPOS="395"/>
							<String ID="string_243" HPOS="417" VPOS="1105" WIDTH="102" HEIGHT="21" WC="0.96" CONTENT="enkelhet"/><SP WIDTH="20" VPOS="1105" HPOS="519"/>
							<String ID="string_244" HPOS="539" VPOS="1105" WIDTH="40" HEIGHT="21" WC="0.96" CONTENT="och"/><SP WIDTH="20" VPOS="1105" HPOS="579"/>
							<String ID="string_245" HPOS="599" VPOS="1113" WIDTH="59" HEIGHT="14" WC="0.93" CONTENT="mera"/><SP WIDTH="16" VPOS="1113" HPOS="658"/>
							<String ID="string_246" HPOS="674" VPOS="1106" WIDTH="137" HEIGHT="28" WC="0.92" CONTENT="konseqvens"/><SP WIDTH="15" VPOS="1106" HPOS="811"/>
							<String ID="string_247" HPOS="826" VPOS="1113" WIDTH="79" HEIGHT="22" WC="0.96" CONTENT="genom"/>
						</TextLine>
						<TextLine ID="line_28" HPOS="157" VPOS="1139" WIDTH="749" HEIGHT="28">
							<String ID="string_248" HPOS="157" VPOS="1145" WIDTH="27" HEIGHT="14" WC="0.96" CONTENT="en"/><SP WIDTH="15" VPOS="1145" HPOS="184"/>
							<String ID="string_249" HPOS="199" VPOS="1139" WIDTH="117" HEIGHT="21" WC="0.96" CONTENT="förändrad"/><SP WIDTH="15" VPOS="1139" HPOS="316"/>
							<String ID="string_250" HPOS="331" VPOS="1139" WIDTH="124" HEIGHT="28" WC="0.95" CONTENT="fördelning"/><SP WIDTH="14" VPOS="1139" HPOS="455"/>
							<String ID="string_251" HPOS="469" VPOS="1139" WIDTH="72" HEIGHT="21" WC="0.96" CONTENT="kunde"/><SP WIDTH="16" VPOS="1139" HPOS="541"/>
							<String ID="string_252" HPOS="557" VPOS="1139" WIDTH="170" HEIGHT="28" WC="0.96" CONTENT="åstadkommas;"/><SP WIDTH="15" VPOS="1139" HPOS="727"/>
							<String ID="string_253" HPOS="742" VPOS="1140" WIDTH="55" HEIGHT="21" WC="0.97" CONTENT="dock"/><SP WIDTH="16" VPOS="1140" HPOS="797"/>
							<String ID="string_254" HPOS="813" VPOS="1147" WIDTH="45" HEIGHT="14" WC="0.92" CONTENT="som"/><SP WIDTH="11" VPOS="1147" HPOS="858"/>
							<String ID="string_255" HPOS="869" VPOS="1141" WIDTH="37" HEIGHT="20" WC="0.91" CONTENT="be-"/>
						</TextLine>
						<TextLine ID="line_29" HPOS="156" VPOS="1173" WIDTH="750" HEIGHT="29">
							<String ID="string_256" HPOS="156" VPOS="1173" WIDTH="121" HEIGHT="28" WC="0.95" CONTENT="räkningen"/><SP WIDTH="16" VPOS="1173" HPOS="277"/>
							<String ID="string_257" HPOS="293" VPOS="1173" WIDTH="24" HEIGHT="21" WC="0.95" CONTENT="af"/><SP WIDTH="9" VPOS="1173" HPOS="317"/>
							<String ID="string_258" HPOS="326" VPOS="1173" WIDTH="27" HEIGHT="21" WC="0.93" CONTENT="de"/><SP WIDTH="10" VPOS="1173" HPOS="353"/>
							<String ID="string_259" HPOS="363" VPOS="1174" WIDTH="115" HEIGHT="27" WC="0.92" CONTENT="personela"/><SP WIDTH="11" VPOS="1174" HPOS="478"/>
							<String ID="string_260" HPOS="489" VPOS="1174" WIDTH="153" HEIGHT="27" WC="0.92" CONTENT="utskyldernes"/><SP WIDTH="10" VPOS="1174" HPOS="642"/>
							<String ID="string_261" HPOS="652" VPOS="1173" WIDTH="133" HEIGHT="29" WC="0.92" CONTENT="totalbelopp"/><SP WIDTH="12" VPOS="1173" HPOS="785"/>
							<String ID="string_262" HPOS="797" VPOS="1174" WIDTH="33" HEIGHT="21" WC="0.93" CONTENT="för"/><SP WIDTH="11" VPOS="1174" HPOS="830"/>
							<String ID="string_263" HPOS="841" VPOS="1175" WIDTH="65" HEIGHT="20" WC="0.92" CONTENT="fram-"/>
						</TextLine>
						<TextLine ID="line_30" HPOS="156" VPOS="1207" WIDTH="750" HEIGHT="29">
							<String ID="string_264" HPOS="156" VPOS="1207" WIDTH="60" HEIGHT="21" WC="0.96" CONTENT="tiden"/><SP WIDTH="20" VPOS="1207" HPOS="216"/>
							<String ID="string_265" HPOS="236" VPOS="1210" WIDTH="24" HEIGHT="19" WC="0.96" CONTENT="är"/><SP WIDTH="20" VPOS="1210" HPOS="260"/>
							<String ID="string_266" HPOS="280" VPOS="1207" WIDTH="99" HEIGHT="28" WC="0.96" CONTENT="grundad"/><SP WIDTH="20" VPOS="1207" HPOS="379"/>
							<String ID="string_267" HPOS="399" VPOS="1208" WIDTH="28" HEIGHT="27" WC="0.96" CONTENT="på"/><SP WIDTH="16" VPOS="1208" HPOS="427"/>
							<String ID="string_268" HPOS="443" VPOS="1208" WIDTH="41" HEIGHT="21" WC="0.96" CONTENT="den"/><SP WIDTH="15" VPOS="1208" HPOS="484"/>
							<String ID="string_269" HPOS="499" VPOS="1208" WIDTH="125" HEIGHT="28" WC="0.93" CONTENT="föreslagna"/><SP WIDTH="14" VPOS="1208" HPOS="624"/>
							<String ID="string_270" HPOS="638" VPOS="1208" WIDTH="211" HEIGHT="28" WC="0.91" CONTENT="klassfördelningen"/><SP WIDTH="17" VPOS="1208" HPOS="849"/>
							<String ID="string_271" HPOS="866" VPOS="1209" WIDTH="40" HEIGHT="20" WC="0.96" CONTENT="och"/>
						</TextLine>
						<TextLine ID="line_31" HPOS="156" VPOS="1241" WIDTH="750" HEIGHT="30">
							<String ID="string_272" HPOS="156" VPOS="1242" WIDTH="36" HEIGHT="19" WC="0.96" CONTENT="det"/><SP WIDTH="16" VPOS="1242" HPOS="192"/>
							<String ID="string_273" HPOS="208" VPOS="1243" WIDTH="24" HEIGHT="19" WC="0.96" CONTENT="är"/><SP WIDTH="15" VPOS="1243" HPOS="232"/>
							<String ID="string_274" HPOS="247" VPOS="1241" WIDTH="24" HEIGHT="22" WC="0.96" CONTENT="af"/><SP WIDTH="13" VPOS="1241" HPOS="271"/>
							<String ID="string_275" HPOS="284" VPOS="1242" WIDTH="108" HEIGHT="27" WC="0.96" CONTENT="väsentlig"/><SP WIDTH="14" VPOS="1242" HPOS="392"/>
							<String ID="string_276" HPOS="406" VPOS="1242" WIDTH="53" HEIGHT="27" WC="0.96" CONTENT="vigt,"/><SP WIDTH="10" VPOS="1242" HPOS="459"/>
							<String ID="string_277" HPOS="469" VPOS="1244" WIDTH="32" HEIGHT="19" WC="0.96" CONTENT="att"/><SP WIDTH="15" VPOS="1244" HPOS="501"/>
							<String ID="string_278" HPOS="516" VPOS="1242" WIDTH="78" HEIGHT="27" WC="0.95" CONTENT="sjelfva"/><SP WIDTH="15" VPOS="1242" HPOS="594"/>
							<String ID="string_279" HPOS="609" VPOS="1242" WIDTH="60" HEIGHT="21" WC="0.93" CONTENT="detta"/><SP WIDTH="15" VPOS="1242" HPOS="669"/>
							<String ID="string_280" HPOS="684" VPOS="1242" WIDTH="134" HEIGHT="29" WC="0.91" CONTENT="totalbelopp"/><SP WIDTH="16" VPOS="1242" HPOS="818"/>
							<String ID="string_281" HPOS="834" VPOS="1243" WIDTH="20" HEIGHT="28" WC="0.96" CONTENT="ej"/><SP WIDTH="17" VPOS="1243" HPOS="854"/>
							<String ID="string_282" HPOS="871" VPOS="1243" WIDTH="35" HEIGHT="21" WC="0.96" CONTENT="må"/>
						</TextLine>
						<TextLine ID="line_32" HPOS="157" VPOS="1276" WIDTH="748" HEIGHT="28">
							<String ID="string_283" HPOS="157" VPOS="1276" WIDTH="97" HEIGHT="28" WC="0.95" CONTENT="undergå"/><SP WIDTH="18" VPOS="1276" HPOS="254"/>
							<String ID="string_284" HPOS="272" VPOS="1276" WIDTH="98" HEIGHT="27" WC="0.96" CONTENT="egentlig"/><SP WIDTH="18" VPOS="1276" HPOS="370"/>
							<String ID="string_285" HPOS="388" VPOS="1276" WIDTH="135" HEIGHT="28" WC="0.96" CONTENT="minskning,"/><SP WIDTH="16" VPOS="1276" HPOS="523"/>
							<String ID="string_286" HPOS="539" VPOS="1278" WIDTH="45" HEIGHT="19" WC="0.96" CONTENT="tror"/><SP WIDTH="12" VPOS="1278" HPOS="584"/>
							<String ID="string_287" HPOS="596" VPOS="1277" WIDTH="40" HEIGHT="27" WC="0.96" CONTENT="jag"/><SP WIDTH="16" VPOS="1277" HPOS="636"/>
							<String ID="string_288" HPOS="652" VPOS="1278" WIDTH="31" HEIGHT="19" WC="0.95" CONTENT="att"/><SP WIDTH="15" VPOS="1278" HPOS="683"/>
							<String ID="string_289" HPOS="698" VPOS="1277" WIDTH="71" HEIGHT="21" WC="0.93" CONTENT="denna"/><SP WIDTH="15" VPOS="1277" HPOS="769"/>
							<String ID="string_290" HPOS="784" VPOS="1277" WIDTH="121" HEIGHT="21" WC="0.92" CONTENT="klassifika-"/>
						</TextLine>
						<TextLine ID="line_33" HPOS="157" VPOS="1310" WIDTH="749" HEIGHT="29">
							<String ID="string_291" HPOS="157" VPOS="1311" WIDTH="54" HEIGHT="26" WC="0.93" CONTENT="tion,"/><SP WIDTH="17" VPOS="1311" HPOS="211"/>
							<String ID="string_292" HPOS="228" VPOS="1311" WIDTH="12" HEIGHT="20" WC="0.93" CONTENT="å"/><SP WIDTH="15" VPOS="1311" HPOS="240"/>
							<String ID="string_293" HPOS="255" VPOS="1310" WIDTH="88" HEIGHT="22" WC="0.95" CONTENT="hvilken"/><SP WIDTH="19" VPOS="1310" HPOS="343"/>
							<String ID="string_294" HPOS="362" VPOS="1311" WIDTH="7" HEIGHT="20" WC="0.96" CONTENT="i"/><SP WIDTH="19" VPOS="1311" HPOS="369"/>
							<String ID="string_295" HPOS="388" VPOS="1311" WIDTH="35" HEIGHT="20" WC="0.96" CONTENT="det"/><SP WIDTH="20" VPOS="1311" HPOS="423"/>
							<String ID="string_296" HPOS="443" VPOS="1311" WIDTH="49" HEIGHT="20" WC="0.96" CONTENT="hela"/><SP WIDTH="15" VPOS="1311" HPOS="492"/>
							<String ID="string_297" HPOS="507" VPOS="1311" WIDTH="20" HEIGHT="28" WC="0.96" CONTENT="ej"/><SP WIDTH="15" VPOS="1311" HPOS="527"/>
							<String ID="string_298" HPOS="542" VPOS="1311" WIDTH="71" HEIGHT="28" WC="0.96" CONTENT="ligger"/><SP WIDTH="16" VPOS="1311" HPOS="613"/>
							<String ID="string_299" HPOS="629" VPOS="1311" WIDTH="111" HEIGHT="28" WC="0.96" CONTENT="synnerlig"/><SP WIDTH="15" VPOS="1311" HPOS="740"/>
							<String ID="string_300" HPOS="755" VPOS="1311" WIDTH="56" HEIGHT="28" WC="0.96" CONTENT="vigt,"/><SP WIDTH="17" VPOS="1311" HPOS="811"/>
							<String ID="string_301" HPOS="828" VPOS="1311" WIDTH="27" HEIGHT="21" WC="0.92" CONTENT="då"/><SP WIDTH="15" VPOS="1311" HPOS="855"/>
							<String ID="string_302" HPOS="870" VPOS="1319" WIDTH="36" HEIGHT="13" WC="0.92" CONTENT="en-"/>
						</TextLine>
						<TextLine ID="line_34" HPOS="157" VPOS="1345" WIDTH="749" HEIGHT="28">
							<String ID="string_303" HPOS="157" VPOS="1345" WIDTH="47" HEIGHT="20" WC="0.87" CONTENT="dast"/><SP WIDTH="16" VPOS="1345" HPOS="204"/>
							<String ID="string_304" HPOS="220" VPOS="1345" WIDTH="7" HEIGHT="20" WC="0.96" CONTENT="i"/><SP WIDTH="16" VPOS="1345" HPOS="227"/>
							<String ID="string_305" HPOS="243" VPOS="1345" WIDTH="21" HEIGHT="20" WC="0.96" CONTENT="få"/><SP WIDTH="16" VPOS="1345" HPOS="264"/>
							<String ID="string_306" HPOS="280" VPOS="1345" WIDTH="185" HEIGHT="26" WC="0.95" CONTENT="omständigheter"/><SP WIDTH="16" VPOS="1345" HPOS="465"/>
							<String ID="string_307" HPOS="481" VPOS="1345" WIDTH="76" HEIGHT="27" WC="0.96" CONTENT="giltiga"/><SP WIDTH="15" VPOS="1345" HPOS="557"/>
							<String ID="string_308" HPOS="572" VPOS="1345" WIDTH="170" HEIGHT="28" WC="0.93" CONTENT="anmärkningar"/><SP WIDTH="16" VPOS="1345" HPOS="742"/>
							<String ID="string_309" HPOS="758" VPOS="1345" WIDTH="97" HEIGHT="21" WC="0.92" CONTENT="deremot"/><SP WIDTH="14" VPOS="1345" HPOS="855"/>
							<String ID="string_310" HPOS="869" VPOS="1347" WIDTH="37" HEIGHT="18" WC="0.95" CONTENT="äro"/>
						</TextLine>
						<TextLine ID="line_35" HPOS="157" VPOS="1378" WIDTH="516" HEIGHT="28">
							<String ID="string_311" HPOS="157" VPOS="1380" WIDTH="31" HEIGHT="18" WC="0.96" CONTENT="att"/><SP WIDTH="16" VPOS="1380" HPOS="188"/>
							<String ID="string_312" HPOS="204" VPOS="1380" WIDTH="70" HEIGHT="25" WC="0.96" CONTENT="göras,"/><SP WIDTH="16" VPOS="1380" HPOS="274"/>
							<String ID="string_313" HPOS="290" VPOS="1378" WIDTH="73" HEIGHT="21" WC="0.96" CONTENT="kunde"/><SP WIDTH="16" VPOS="1378" HPOS="363"/>
							<String ID="string_314" HPOS="379" VPOS="1379" WIDTH="6" HEIGHT="19" WC="0.96" CONTENT="i"/><SP WIDTH="17" VPOS="1379" HPOS="385"/>
							<String ID="string_315" HPOS="402" VPOS="1378" WIDTH="33" HEIGHT="20" WC="0.96" CONTENT="sin"/><SP WIDTH="16" VPOS="1378" HPOS="435"/>
							<String ID="string_316" HPOS="451" VPOS="1378" WIDTH="73" HEIGHT="21" WC="0.96" CONTENT="helhet"/><SP WIDTH="16" VPOS="1378" HPOS="524"/>
							<String ID="string_317" HPOS="540" VPOS="1378" WIDTH="133" HEIGHT="28" WC="0.96" CONTENT="godkännas."/>
						</TextLine>
					</TextBlock>
					<TextBlock ID="block_3" HPOS="157" VPOS="1412" WIDTH="749" HEIGHT="63">
						<TextLine ID="line_36" HPOS="224" VPOS="1412" WIDTH="682" HEIGHT="29">
							<String ID="string_318" HPOS="224" VPOS="1412" WIDTH="64" HEIGHT="21" WC="0.95" CONTENT="Hvad"/><SP WIDTH="15" VPOS="1412" HPOS="288"/>
							<String ID="string_319" HPOS="303" VPOS="1412" WIDTH="65" HEIGHT="21" WC="0.95" CONTENT="sedan"/><SP WIDTH="16" VPOS="1412" HPOS="368"/>
							<String ID="string_320" HPOS="384" VPOS="1412" WIDTH="68" HEIGHT="27" WC="0.96" CONTENT="angår"/><SP WIDTH="16" VPOS="1412" HPOS="452"/>
							<String ID="string_321" HPOS="468" VPOS="1412" WIDTH="41" HEIGHT="21" WC="0.96" CONTENT="den"/><SP WIDTH="16" VPOS="1412" HPOS="509"/>
							<String ID="string_322" HPOS="525" VPOS="1412" WIDTH="125" HEIGHT="27" WC="0.96" CONTENT="föreslagna"/><SP WIDTH="14" VPOS="1412" HPOS="650"/>
							<String ID="string_323" HPOS="664" VPOS="1412" WIDTH="118" HEIGHT="21" WC="0.95" CONTENT="befrielsen"/><SP WIDTH="16" VPOS="1412" HPOS="782"/>
							<String ID="string_324" HPOS="798" VPOS="1413" WIDTH="48" HEIGHT="20" WC="0.93" CONTENT="från"/><SP WIDTH="13" VPOS="1413" HPOS="846"/>
							<String ID="string_325" HPOS="859" VPOS="1420" WIDTH="47" HEIGHT="21" WC="0.91" CONTENT="per-"/>
						</TextLine>
						<TextLine ID="line_37" HPOS="157" VPOS="1447" WIDTH="749" HEIGHT="28">
							<String ID="string_326" HPOS="157" VPOS="1447" WIDTH="73" HEIGHT="21" WC="0.91" CONTENT="sonela"/><SP WIDTH="16" VPOS="1447" HPOS="230"/>
							<String ID="string_327" HPOS="246" VPOS="1447" WIDTH="120" HEIGHT="28" WC="0.91" CONTENT="utskylder,"/><SP WIDTH="16" VPOS="1447" HPOS="366"/>
							<String ID="string_328" HPOS="382" VPOS="1447" WIDTH="68" HEIGHT="20" WC="0.96" CONTENT="håller"/><SP WIDTH="13" VPOS="1447" HPOS="450"/>
							<String ID="string_329" HPOS="463" VPOS="1447" WIDTH="38" HEIGHT="27" WC="0.96" CONTENT="jag"/><SP WIDTH="15" VPOS="1447" HPOS="501"/>
							<String ID="string_330" HPOS="516" VPOS="1447" WIDTH="46" HEIGHT="20" WC="0.96" CONTENT="före"/><SP WIDTH="16" VPOS="1447" HPOS="562"/>
							<String ID="string_331" HPOS="578" VPOS="1448" WIDTH="32" HEIGHT="19" WC="0.96" CONTENT="att"/><SP WIDTH="14" VPOS="1448" HPOS="610"/>
							<String ID="string_332" HPOS="624" VPOS="1447" WIDTH="42" HEIGHT="20" WC="0.96" CONTENT="den"/><SP WIDTH="12" VPOS="1447" HPOS="666"/>
							<String ID="string_333" HPOS="678" VPOS="1448" WIDTH="19" HEIGHT="27" WC="0.96" CONTENT="ej"/><SP WIDTH="12" VPOS="1448" HPOS="697"/>
							<String ID="string_334" HPOS="709" VPOS="1447" WIDTH="66" HEIGHT="22" WC="0.93" CONTENT="borde"/><SP WIDTH="12" VPOS="1447" HPOS="775"/>
							<String ID="string_335" HPOS="787" VPOS="1447" WIDTH="119" HEIGHT="22" WC="0.91" CONTENT="utsträckas"/>
						</TextLine>
					</TextBlock>
				</ComposedBlock>
			</PrintSpace>
		</Page>
	</Layout>
</alto>
