1036 1786
195 134 42 23 564

235 201 96 21 Hvilken
350 201 135 28 proposition
505 201 45 22 blef
563 199 49 24 med
628 201 158 28 öfvervägande
800 201 23 29 ja
838 201 75 22 besva-

166 236 48 27 rad,
237 236 40 21 och
302 243 37 14 var
365 235 58 28 förty
445 236 128 28 paragrafen
595 236 23 20 af
638 236 85 21 ståndet
746 238 92 26 antagen
862 239 52 18 utan

168 271 98 28 ändring.

235 304 163 22 Betänkandets
415 305 12 20 4
443 305 11 27 8
470 305 121 27 upplästes,
607 304 110 22 hvarefter

235 340 58 20 Herr
315 346 42 14 von
376 339 189 27 Weissenberg
583 339 73 21 anhöll
677 346 34 14 om
731 339 62 21 ordet
814 339 39 21 och
872 341 43 26 ytt-

167 374 62 22 rade:
250 374 83 21 Genom
354 373 157 21 redaktionsfel
531 374 39 20 har
590 373 72 21 denna
682 374 11 26 $
713 373 41 21 fått
776 380 27 14 en
823 374 92 27 lydelse,

168 416 46 14 som
231 409 40 27 jag
290 408 34 20 för
344 408 44 20 min
408 408 44 26 del,
474 408 66 20 ehuru
559 408 39 27 jag
617 408 52 27 sjelf
683 408 91 27 deltagit
792 408 6 20 i
814 408 101 20 ärendets

167 442 134 28 behandling
315 442 8 20 i
335 442 45 28 lag-
397 442 39 20 och
453 441 229 27 ekonomieutskottet,
698 442 19 28 ej
734 442 42 20 kan
793 442 122 28 godkänna,

168 479 51 19 utan
242 477 81 21 tilläter
343 476 39 28 jag
404 476 45 28 mig
471 476 79 21 föreslä
572 476 97 28 följande
691 476 130 22 förändrade
839 477 76 21 redak-

168 512 56 20 tion:
245 510 60 28 ,Har
324 511 7 20 i
352 510 48 21 stöd
420 510 23 20 af
461 512 119 26 guvernörs
601 511 53 20 eller
675 510 103 21 domstols
799 511 70 27 utslag
885 512 30 20 af-

168 546 93 29 hysning
277 545 67 27 skett,
359 545 28 27 pä
406 546 42 19 sätt
469 545 112 21 ofvanföre
600 545 120 27 medgifvet
735 547 30 25 är,
783 546 40 20 och
838 546 78 20 varder

168 582 76 20 sådant
263 580 72 27 utslag
356 579 65 21 sedan
441 579 125 28 upphäfvet,
586 580 35 20 mä
637 580 41 20 den
697 580 86 27 afhyste
799 580 19 27 ej
836 580 79 21 äterin-

168 617 68 20 sättas
255 615 7 20 i
283 614 142 27 lägenhetens
448 613 132 28 förvaltning
601 614 66 20 innan
691 614 88 28 slutliga
802 615 113 20 domstols-

170 650 103 28 ätgärden
294 648 77 22 vunnit
391 648 49 28 laga
460 648 68 28 kraft;
548 648 39 21 och
607 655 50 14 vare
673 649 40 21 den
730 649 86 27 afhyste
832 649 28 21 dä
875 649 40 21 ock

170 684 121 28 berättigad
308 683 31 21 till
356 683 38 21 full
412 684 120 27 ersättning
548 683 33 21 för
592 683 29 21 all
632 683 41 21 den
688 684 92 20 kostnad
791 684 37 20 och
842 684 73 27 skada,

168 720 43 20 han
235 725 78 22 genom
334 718 42 20 den
397 717 106 29 obefogad
523 718 96 20 hbefunna
640 718 143 28 afhysningen
807 718 41 21 fått
870 718 45 21 vid-

168 754 103 21 kännas.*

236 788 78 21 Denna
332 787 114 21 redaktion
467 789 45 19 tror
524 787 40 28 jag
579 788 99 20 närmare
694 787 39 21 och
749 787 165 29 fullständigare

169 824 108 20 motsvara
299 822 56 21 hvad
375 822 7 20 i
402 822 33 27 $:n
456 822 172 27 uppenbarligen
651 822 56 20 velat
730 824 62 26 sägas
811 822 53 21 eller
883 824 32 19 att

170 858 50 26 den,
237 864 45 14 som
302 856 72 22 blifvit
394 856 73 28 afhyst
487 856 38 20 och
543 856 65 21 sedan
625 856 76 21 vunnit
717 856 93 28 ändring
824 856 7 21 i
847 857 67 27 högre

167 894 53 25 rätt,
236 892 20 27 ej
277 891 34 21 får
331 891 46 20 åter
397 891 91 20 insättas
503 891 7 20 i
530 890 142 28 lägenhetens
688 890 143 28 förvaltning,
847 892 66 20 innan

170 927 36 20 det
221 925 87 28 slutliga
324 925 94 28 utslaget
434 925 75 21 vunnit
524 925 50 28 laga
589 924 64 21 kraft.

235 960 59 21 Herr
314 966 41 14 von
376 959 141 28 Knorring:
533 958 65 22 Emot
614 959 40 20 den
671 959 132 28 förändring,
820 967 45 14 som
881 962 33 19 ut-

169 995 81 20 skottet
265 995 59 27 gjort
343 994 2 20 i
362 993 151 21 motsvarande
528 994 12 27 $
556 993 24 21 af
593 993 41 20 den
651 993 78 28 nådiga
744 995 171 27 propositionen,

168 1029 39 20 har
225 1029 38 28 jag
277 1028 116 28 ingenting
408 1030 31 19 att
455 1028 109 21 anmärka.
588 1027 44 28 Jag
647 1027 68 21 finner
731 1029 135 28 visserligen,
882 1031 33 19 att

168 1063 41 21 den
225 1063 24 20 af
262 1063 50 20 herr
327 1069 42 14 von
384 1062 156 28 Weissenberg
555 1062 124 28 föreslagna
695 1062 91 28 ändring
802 1063 24 21 af
837 1064 77 21 redak-

168 1097 75 21 tionen
259 1097 70 21 skulle
344 1104 52 13 vara
410 1097 105 28 riktigare
531 1097 39 20 och
586 1103 60 14 mera
662 1097 58 28 enlig
736 1097 49 20 med
798 1098 56 21 hvad
864 1106 49 13 man

168 1132 59 21 velat
241 1133 61 26 säga;
319 1138 49 14 men
384 1131 41 21 den
441 1131 114 21 redaktion
570 1131 147 21 betänkandet
735 1131 121 22 innehäller
871 1133 42 21 kan

169 1166 64 20 ocksä
248 1165 98 29 försvara
361 1165 32 21 sin
409 1166 63 27 plats.
495 1166 104 21 Deremot
614 1165 51 21 ville
678 1166 39 27 jag
731 1166 56 21 fästa
797 1167 116 27 uppmärk-

168 1200 112 20 samheten
299 1200 28 28 pä
342 1206 26 14 en
384 1206 71 14 annan
471 1200 166 27 omständighet.
667 1200 12 20 I
693 1200 120 21 motiverna
828 1201 33 20 till
877 1201 36 21 be-

168 1234 119 20 tänkandet
303 1236 63 25 säges
382 1236 41 18 att:
441 1250 8 10 ,
453 1234 113 21 Utskottet
581 1240 64 14 anser
660 1234 37 20 det
710 1241 52 14 vara
777 1235 7 19 i
795 1235 118 21 landboens

169 1268 19 27 ej
212 1268 84 20 mindre
317 1269 27 19 än
362 1268 143 28 jordegarens
524 1275 68 14 sanna
611 1268 102 26 intresse,
733 1270 31 19 att
783 1268 41 21 den
844 1269 69 21 förres

168 1302 171 21 äterinsättande
359 1302 20 27 ej
398 1302 33 20 får
451 1302 86 21 komma
557 1302 70 28 ifråga
647 1302 65 21 innan
732 1302 37 31 det
783 1303 80 28 utslag,
880 1304 33 20 till

167 1335 54 27 följd
243 1335 78 21 hvaraf
341 1335 42 20 han
407 1335 70 20 blifvit
500 1336 81 26 afhyst,
601 1336 125 26 upphäfvits
744 1343 78 20 genom
841 1338 72 26 utslag

167 1368 53 21 eller
235 1368 57 27 dom,
308 1375 45 13 som
371 1368 77 21 vunnit
466 1368 49 28 laga
533 1369 59 21 kraft
609 1369 49 21 eller
677 1370 62 20 hvari
757 1370 90 28 ändring
869 1372 44 20 icke

166 1411 58 13 mera
247 1403 42 21 kan
311 1402 83 22 sökas.”
422 1402 71 22 Dessa
515 1403 133 22 sistnämnda
668 1404 37 21 ord
726 1404 54 21 hade
798 1405 40 28 jag
856 1404 58 23 velat

166 1437 59 22 finna
240 1437 65 22 också
320 1437 7 21 i
343 1437 77 29 sjelfva
435 1438 40 28 8:n,
491 1441 55 18 samt
561 1439 91 21 föreslår
667 1439 85 21 derföre
762 1441 32 19 att
805 1439 26 22 de
843 1441 69 20 skulle
