1067 1753
847 126 42 21 229

166 190 115 21 undsvärd.
311 189 51 31 Med
382 190 28 21 all
431 191 138 20 sannolikhet
589 191 56 20 skall
660 191 7 20 i
683 191 116 21 framtiden
814 191 49 21 icke
879 192 37 20 nå-

166 232 42 20 gon
232 225 53 20 söka
305 226 31 20 ett
356 225 23 21 så
399 226 57 19 uselt
475 226 40 20 och
536 225 55 21 dock
611 225 24 21 så
655 225 120 21 mödosamt
797 226 120 28 förtjenadt

165 258 60 28 bröd,
236 266 48 13 som
299 259 143 27 domsagorne
458 259 64 21 hafva
537 260 32 20 att
584 259 96 28 erbjuda.
703 260 11 20 I
725 260 42 20 den
777 260 79 28 nådiga
867 266 49 21 pro-

164 293 125 28 positionen
309 293 112 21 äfvensom
441 294 6 19 i
463 293 59 21 förra
541 293 140 21 alternativet
701 294 24 20 af
742 294 118 20 utskottets
879 294 36 20 be-

165 328 109 22 tänkande
295 328 100 24 föreslås,
416 328 32 20 att
468 327 103 21 domaren
592 327 70 21 skulle
680 327 119 28 berättigas
815 330 32 18 att
862 334 54 21 upp-

164 364 52 21 bära
231 362 170 28 tvåtredjedelar
415 362 25 21 af
452 362 199 28 tingsgästningen,
662 361 142 29 hvarigenom
819 361 97 22 missför-

164 398 111 21 hällandet
296 397 69 21 skulle
385 397 66 28 något
466 397 49 20 litet
530 397 117 28 afhjelpas,
664 397 39 21 och
719 397 71 21 denna
804 397 57 28 äsigt
877 397 39 21 har

164 433 64 22 äfven
249 432 48 21 stöd
315 432 35 20 för
365 431 42 28 sig,
424 431 27 21 då
466 431 7 20 i
489 431 142 22 betraktande
647 433 60 26 tages
723 432 78 27 sjelfva
816 431 100 28 grunden

164 468 33 21 för
213 467 201 28 tingsgästningens
428 465 127 28 utgörande.
585 466 117 27 Allmogen
718 467 49 27 ålåg
781 466 110 28 nemligen
908 466 6 20 i

164 503 68 20 första
251 501 60 21 tiden
332 502 32 19 att
383 500 128 22 underhålla
531 501 88 20 domare
640 500 39 21 och
699 501 81 20 nämnd
800 501 13 20 å
832 501 82 27 tingen,

164 537 88 20 hvilken
273 535 126 28 skyldighet
418 534 123 21 sedermera
561 535 68 20 löstes
649 535 49 20 med
711 535 203 28 tingsgästningens

163 571 128 28 utgörande.
321 569 36 21 Nu
372 571 23 18 är
411 569 103 20 domaren
530 569 48 21 icke
593 569 92 20 likasom
700 569 107 21 nämnden
824 569 28 21 fri
866 570 49 20 från

162 606 39 21 allt
222 604 111 28 sysslande
354 604 47 20 med
423 603 53 21 sista
496 603 197 28 rättegångsdagen
713 604 24 20 af
753 604 80 27 tinget,
848 606 25 25 ty
888 604 27 21 då

162 641 55 20 först
232 639 73 28 börjar
320 639 55 20 hans
391 638 111 27 egentliga
517 638 74 21 arbete
607 637 50 21 med
673 638 161 27 expeditionen,
844 651 28 2 —
884 640 31 19 ett

163 675 81 25 arbete,
256 681 45 13 som
313 673 76 21 räcker
400 672 141 27 temmeligen
552 672 47 21 från
611 673 56 20 årets
680 673 77 28 början
768 673 33 20 till
812 673 48 20 dess
871 673 44 20 slut

163 710 39 20 och
223 708 104 21 hvarmed
347 706 109 22 nämnden
476 706 48 22 icke
545 706 39 21 har
604 707 66 27 något
690 709 31 19 att
740 708 75 27 syssla.
845 707 72 21 Häraf

163 743 65 22 borde
253 742 33 22 väl
308 742 131 28 följdriktigt
459 742 74 20 kunna
553 743 100 26 antagas,
674 743 31 19 att
725 742 103 22 domaren
850 742 63 22 äfven

161 785 52 15 vore
236 776 121 28 berättigad
377 776 33 20 till
425 776 50 20 vida
495 778 68 19 större
579 776 64 21 andel
659 777 6 20 i
681 777 190 28 tingsgästningen
886 779 27 19 än

163 812 119 26 nämnden;
299 818 50 14 men
364 811 59 20 inom
439 811 51 20 flere
506 810 96 28 tingslag
613 810 76 28 skulle,
700 812 28 27 på
744 812 43 20 sätt
797 812 39 27 jag
848 812 64 20 ofvan

163 848 49 21 sökt
234 847 53 25 visa,
310 845 109 21 nämnden
442 845 26 21 då
491 845 67 21 blifva
577 845 75 21 alltför
671 846 64 27 ringa
753 846 93 21 aflönad.
880 846 33 22 En

163 890 71 14 annan
249 883 66 26 utväg
325 888 52 14 vore
387 880 36 21 väl
439 882 31 19 att
485 880 51 28 höja
549 880 114 22 domarens
674 881 68 27 lösen,
753 888 46 14 som
811 888 26 14 en
849 882 65 28 gång,

165 931 22 2 —
201 918 36 20 det
253 924 37 13 var
301 917 23 20 år
336 916 54 20 1842
401 915 112 28 samtidigt
523 916 48 20 med
583 915 184 28 kartasigillatans
777 916 137 28 förhöjande,

164 966 24 2 —
205 951 136 25 minskades,
357 957 50 14 men
426 957 29 14 nu
474 950 47 21 åter
536 950 72 21 blifvit
623 950 64 28 bragt
701 950 33 21 till
750 951 91 27 ungefär
856 951 57 21 hvad

163 988 40 20 den
216 986 50 22 med
277 985 102 22 afseende
388 985 12 21 å
408 984 238 28 myntförhållanderne
658 992 38 14 var
706 986 61 20 1809.
790 986 43 28 Jag
844 986 70 21 skulle

162 1022 56 21 dock
232 1020 121 28 ingalunda
367 1020 52 27 vilja
435 1019 110 28 tillstyrka
559 1019 60 21 detta
634 1021 49 26 steg
698 1020 70 21 såsom
779 1020 95 22 varande
886 1027 27 15 en

163 1056 113 22 hämmsko
292 1055 28 28 på
335 1054 116 21 rättvisans
468 1054 105 28 skipande
589 1054 66 21 bland
671 1053 26 22 de
713 1054 147 22 obemedlade.

231 1090 50 21 Med
297 1089 102 21 afseende
413 1089 13 20 &
436 1089 57 20 hvad
501 1089 39 27 jag
550 1096 29 13 nu
590 1088 46 21 haft
647 1090 52 19 äran
710 1089 121 27 framhålla,
843 1089 69 21 skulle

160 1127 39 26 jag
214 1131 51 15 anse
282 1124 45 27 mig
342 1123 164 28 samvetsenligt
521 1123 48 20 icke
584 1123 73 21 kunna
669 1123 110 28 tillstyrka
789 1124 125 27 någondera

162 1160 24 21 af
198 1160 26 21 de
241 1159 124 26 föreslagna
381 1158 151 26 alternativen,
543 1159 52 19 utan
611 1157 82 28 nödgas
707 1158 33 20 för
751 1158 44 21 min
808 1159 33 20 del
852 1159 61 26 yrka,

163 1196 37 25 att,
215 1195 24 20 så
254 1193 38 21 illa
308 1193 36 20 det
359 1194 27 19 än
402 1193 35 20 må
452 1199 61 19 vara,
529 1191 146 22 förhållandet
689 1192 68 21 måtte
773 1192 23 21 få
811 1193 103 21 förblifva

162 1229 70 20 såsom
249 1227 108 26 hitintills,
373 1226 20 20 d.
408 1234 20 12 v.
445 1233 15 13 s.
477 1228 32 18 att
524 1226 110 21 såkallade
650 1226 111 26 ackorder,
777 1226 39 21 der
832 1226 80 22 sådane

162 1262 101 22 hitintills
280 1261 110 25 existerat,
401 1260 70 21 skulle
487 1260 21 21 få
523 1260 98 26 fortfara,
632 1260 107 21 intilldess
750 1260 120 22 nämndens
881 1261 31 21 af-

161 1298 76 26 löning
257 1296 118 27 lämpligen
396 1295 107 27 reglerats
523 1296 56 20 samt
599 1294 235 28 häradshöfdingarnes
853 1296 59 20 ställ-

162 1332 53 27 ning
235 1331 123 25 förbättras,
374 1330 105 26 antingen
499 1336 77 21 genom
598 1330 208 27 lagmansrätternes
826 1330 86 27 indrag-

162 1367 52 25 ning
235 1365 40 21 och
295 1364 301 27 lagmanstingsgästningens
616 1363 150 21 öfverförande
781 1364 29 26 på
825 1364 87 21 härads-

163 1398 150 27 höfdingarne,
325 1398 53 19 eller
393 1403 78 21 genom
485 1396 161 27 förminskning
656 1397 7 20 i
674 1396 36 21 det
722 1397 98 20 domföra
831 1398 82 19 antalet

162 1433 23 24 af
197 1431 144 23 nämndemän
358 1431 7 20 i
380 1431 175 21 häradsrätterne
573 1430 39 21 och
628 1430 26 21 de
671 1430 152 29 öfverflödiges
837 1431 75 22 andels
