1039 1781
191 143 25 20 14

161 208 35 20 två
212 207 140 22 alternativer
367 209 55 20 skall
438 209 33 20 till
485 209 214 27 kontraproposition
711 210 90 26 antagas
812 209 39 20 och
863 209 47 20 der-

162 241 56 21 efter
233 242 74 21 vidare
323 242 114 27 bestämts,
453 243 104 28 antingen
573 243 116 20 utskottets
704 243 138 20 betänkande
858 243 53 20 eller

162 275 42 21 den
225 278 95 25 antagna
340 277 241 28 kontrapropositionen
602 277 42 20 blir
663 277 40 21 den
720 277 79 28 grund,
814 277 28 28 på
857 277 55 20 hvil-

162 310 44 20 ken
228 311 128 27 ytterligare
379 311 71 21 beslut
464 311 14 22 i
499 311 67 21 saken
587 311 54 21 skall
661 311 93 28 byggas,
775 311 27 21 då
821 311 91 28 uppstår

162 344 62 28 fråga
239 345 81 27 derom,
336 345 74 22 hvilka
424 346 153 28 förändringar
592 346 42 21 den
650 346 91 21 sålunda
756 347 70 20 såsom
842 345 72 29 grund

162 381 96 25 antagna
277 380 164 27 propositionen
462 381 34 20 må
516 381 74 21 kunna
608 381 155 26 underkastas,
781 381 91 21 hvarvid
886 380 26 21 de

162 413 24 20 af
204 413 133 22 friherrarne
358 415 26 20 de
404 415 21 20 la
444 415 103 28 Chapelle
568 415 40 21 och
625 415 23 20 af
661 415 114 26 Schultén,
792 417 56 18 samt
862 415 50 20 herr

163 447 125 22 Ehrnrooth
304 455 27 14 m.
347 449 21 20 fl.
384 449 145 27 framställda,
545 449 106 21 särskilda
666 449 82 28 förslag
763 449 8 20 i
786 449 59 21 detta
860 449 53 20 hän-

164 481 80 21 seende
260 482 87 21 komma
362 483 69 20 under
446 483 165 28 öfvervägande.

231 516 102 21 Friherre
354 517 27 21 de
401 517 21 21 la
442 517 126 28 Chapelle
591 517 104 22 förenade
717 517 32 28 sig
769 517 75 21 härom
864 517 50 22 med

164 550 50 21 herr
230 557 42 14 von
286 551 118 28 Knorring.

233 585 10 20 I
266 585 118 28 anledning
406 586 64 21 häraf
489 586 78 21 ställde
589 587 50 20 herr
659 586 200 21 landtmarskalken
880 587 34 20 till

166 619 85 20 ståndet
267 626 27 14 en
310 620 118 27 sålydande
442 621 145 27 proposition:

233 669 8 10 »
243 653 43 21 Vill
297 654 152 28 ridderskapet
461 655 40 20 och
512 655 63 20 adeln
587 655 34 20 till
631 655 214 28 kontraproposition
857 657 58 19 emot

165 687 117 21 utskottets
300 689 9 19 1
326 689 12 26 $
354 690 78 26 antaga
449 690 9 19 1
476 690 11 26 &
503 689 23 20 af
539 689 43 20 den
597 689 79 28 nådiga
691 689 163 28 propositionen
865 690 50 20 med

166 721 53 21 eller
234 723 53 20 utan
301 723 98 27 ändring.

234 756 49 21 Den
298 763 46 14 som
360 757 37 20 vill
413 758 80 27 antaga
505 757 92 21 berörde
607 757 221 28 kontraproposition,
840 765 74 14 svarar

164 790 34 27 ja;
212 789 42 22 den
270 790 36 21 det
321 791 49 20 icke
384 791 47 27 vill,
448 799 73 14 svarar
536 793 44 26 nej.

236 825 82 20 Vinner
334 825 43 28 nej,
392 827 91 26 antages
498 826 33 21 till
547 826 215 27 kontraproposition
777 826 36 21 det
828 826 24 21 af
864 826 52 21 herr

166 859 98 20 Aminoff
276 859 8 20 i
300 859 48 20 dess
362 861 133 20 reservation
507 860 123 28 uppställda
640 860 89 27 förslag,
739 860 50 21 med
800 861 52 20 eller
862 862 53 19 utan

166 893 113 28 ändring."

235 927 46 21 Och
296 935 46 14 som
357 929 163 28 propositionen
536 929 130 21 besvarades
681 929 50 20 med
738 929 25 27 ja
773 929 39 20 och
823 929 35 28 nej
871 935 44 14 om-

167 962 137 27 hvartannat,
320 963 74 20 skreds
410 963 34 21 till
458 964 106 27 votering,
581 970 45 13 som
642 962 73 21 utföll:

335 998 7 19 i
358 997 57 28 3:dje
431 999 29 19 kl.
476 998 50 21 med
542 999 25 19 13
577 999 29 27 ja
622 997 39 21 och
677 998 12 19 9
705 999 42 26 nej,

334 1048 9 10 n
360 1032 59 21 2:dräa
448 1028 18 35 »&
497 1049 8 9 »
555 1033 46 25 SS»,
640 1048 9 10 »
681 1033 9 19 1

334 1083 9 10 »
361 1068 53 19 KB
442 1083 9 10 sn
496 1082 9 11 »
555 1068 47 25 On
640 1082 9 10 m»
680 1066 12 20 5
724 1082 9 10 n

235 1102 72 22 Sedan
322 1101 34 21 till
370 1101 55 28 följd
440 1101 24 21 af
477 1101 70 21 denna
562 1100 135 28 omröstning
710 1101 9 19 1
732 1100 11 27 $
754 1100 24 20 af
786 1100 41 21 den
838 1100 79 28 nädiga

167 1137 164 29 propositionen
346 1136 48 20 med
411 1136 53 20 eller
479 1137 51 19 utan
547 1135 92 27 ändring
655 1134 70 21 blifvit
741 1134 33 21 till
788 1134 129 28 kontrapro-

166 1172 95 28 position
277 1172 101 26 antagen,
393 1170 134 20 framställde
541 1170 50 20 herr
607 1169 199 20 landtmarskalken
820 1168 96 28 följande

166 1206 145 29 proposition:

236 1256 8 10 »
246 1240 45 20 Vill
310 1238 150 28 ridderskapet
476 1238 40 21 och
531 1238 63 21 adeln
610 1237 116 28 godkänna
743 1238 9 19 1
770 1238 11 26 $
797 1237 23 20 af
833 1237 83 20 utskot-

168 1277 42 19 tets
225 1273 139 22 betänkande
380 1273 49 20 med
445 1273 53 20 eller
513 1275 52 17 utan
581 1272 133 27 förändring.

236 1308 50 20 Den
302 1314 46 14 som
362 1307 37 20 vill
416 1306 115 28 godkänna
546 1306 92 20 berörde
651 1306 7 26 $
673 1306 24 20 af
706 1305 154 26 betänkandet,
871 1312 46 14 sva-

168 1349 36 14 var
217 1342 33 27 ja;
267 1341 41 20 den
324 1340 37 20 det
376 1340 48 20 icke
439 1340 37 20 vill
491 1347 74 13 svarar
579 1340 43 26 nej.

237 1375 85 21 Vinner
341 1374 46 27 nej,
404 1374 126 27 godkännes
547 1374 10 19 1
574 1374 11 26 &
601 1372 24 21 af
637 1372 42 21 den
695 1372 79 28 nädiga
788 1372 130 28 propositio-

169 1416 43 15 nen
228 1409 50 21 med
293 1408 54 21 eller
362 1410 52 18 utan
430 1408 109 27 ändring.*

723 1048 8 10 ”
