1034 1825
185 127 41 25 352

156 194 109 23 minstone
281 192 117 25 utskottets
413 193 135 24 betänkande
564 196 21 28 ej
600 195 129 27 innehåller,
739 196 33 22 att
786 193 118 25 förbållan-

156 230 37 21 det
212 230 57 21 varit
286 230 85 27 sådant,
386 230 103 22 hvarföre
504 231 40 28 jag
564 237 64 15 anser
647 230 94 22 nämnde
759 231 144 28 anmärkning

156 266 20 27 ej
192 265 95 27 förtjena
301 264 109 22 afseende.

223 300 59 21 Herr
297 300 192 28 Wasastjerna,
504 300 26 21 E.
547 300 35 22 G.:
602 300 52 22 Med
673 300 119 29 anledning
811 301 24 21 af
853 301 50 21 herr

155 342 42 14 von
213 335 71 21 Borns
299 336 107 27 yttrande,
417 336 70 20 skulle
501 336 38 28 jag
549 336 27 21 be
587 337 32 20 att
629 336 22 20 få
661 336 110 27 anmärka,
783 336 36 21 det
829 336 74 28 grefve

155 370 106 22 Armfelts
277 370 38 21 ord
330 370 93 29 troligen
439 370 72 22 blifvit
526 370 169 28 missförstådda,
707 371 40 21 och
757 371 82 22 kanske
851 371 52 21 föllo

156 406 26 21 de
203 406 33 28 sig
256 405 63 22 äfven
340 406 32 26 så,
389 407 31 19 att
435 406 173 22 missförståndet
624 408 23 19 är
662 406 139 28 berättigadt.
831 406 72 28 Något

154 440 71 22 vilkor
241 441 75 28 gjorde
330 440 167 22 bondeståndets
508 441 130 28 deputerade
652 441 125 28 egentligen
788 441 55 27 icke,
853 448 50 14 men

156 475 26 21 de
198 476 89 28 ansågo,
303 478 32 18 att
353 476 27 20 då
396 483 49 14 man
461 476 55 21 hade
532 476 68 28 utsigt
615 478 31 19 att
662 476 55 21 efter
733 478 33 19 tre
782 476 23 21 år
821 477 46 21 åter
882 476 22 21 få

158 510 98 22 revidera
267 510 318 29 kartasigillataförfattningen
597 511 39 21 och
648 512 67 20 ändra
725 511 42 21 den
778 511 7 21 i
799 510 26 22 de
836 511 67 27 delar,

156 546 38 20 der
214 546 41 20 den
275 546 107 20 befunnes
401 546 129 28 tryckande,
546 546 24 21 så
588 546 69 21 skulle
677 546 37 21 det
729 546 20 28 ej
765 553 51 14 vara
831 546 72 28 någon

156 580 109 29 svårighet
285 580 33 22 för
339 581 108 28 allmogen
469 582 32 20 att
521 582 131 20 åtminstone
667 581 69 21 under
754 583 32 19 tre
802 582 24 20 år
840 581 64 28 åtaga

156 616 33 28 sig
204 623 27 14 en
247 615 66 22 sådan
328 616 130 28 bevillning;
474 623 50 14 men
539 617 67 28 något
620 616 106 28 egentligt
737 616 70 21 vilkor
817 617 33 20 för
861 616 43 21 för-

155 650 134 29 fattningens
305 651 122 28 antagande
442 658 39 15 var
497 651 36 22 det
548 653 28 27 ej.
606 651 33 21 De
655 651 87 28 ansågo,
755 653 31 19 att
801 651 35 21 vid
848 652 55 27 jem-

155 686 80 21 förelse
251 685 93 22 emellan
359 686 26 20 de
401 686 123 27 kostnader,
535 686 25 21 de
575 686 55 21 hade
646 686 33 20 för
695 687 140 27 rättegångar
851 686 54 21 eller

155 720 110 22 anlitande
281 720 24 21 af
317 720 85 21 landets
417 721 169 28 myndigheter
578 716 13 38 i
601 721 124 26 allmänhet,
736 720 168 28 kartasigillata-

154 755 93 28 afgiften
262 761 39 15 var
317 755 119 28 obetydlig,
453 756 40 21 och
507 758 32 19 att
555 756 25 21 de
596 756 84 21 således
696 755 71 22 kunde
783 755 121 22 vidkännas

154 797 83 15 samma
251 790 118 22 kostnader
384 797 45 14 som
441 791 67 21 andra
520 791 147 21 rättsökande.
690 791 67 20 Detta
768 791 59 21 torde
838 790 67 22 hafva

155 826 55 21 varit
231 825 156 28 anledningen,
407 825 101 21 hvarföre
529 826 25 21 de
575 827 51 20 utan
648 826 79 21 tvekan
747 825 104 22 förenade
871 826 33 28 sig

155 860 50 21 med
225 860 26 21 de
267 860 70 27 öfrige
353 859 169 22 medlemmarne
538 861 7 20 i
560 860 106 21 utskottet
682 860 84 27 derom,
783 863 30 18 att
829 861 74 20 allmo-

155 901 43 22 gen
213 895 67 21 borde
296 894 71 22 betala
383 895 223 27 kartasigillataafgift
621 895 33 21 till
670 902 82 14 samma
767 895 78 28 belopp
857 901 46 15 som

155 936 103 22 personer
278 929 24 21 af
319 928 68 22 andra
401 929 195 28 samhällsklasser,
612 930 131 20 åtminstone
759 930 35 21 vid
809 930 94 21 domsto-

153 964 33 22 lar
202 964 39 22 och
257 964 143 22 embetsverk.

222 1000 51 21 Med
293 1000 102 21 afseende
416 1000 13 21 &
449 1000 26 21 de
496 1000 57 22 olika
572 1000 119 28 meningar,
707 1007 47 15 som
769 1000 134 22 beträffande

155 1035 134 21 sistnämnde
305 1035 35 21 del
355 1035 24 20 af
392 1035 117 21 utskottets
525 1035 136 21 betänkande
677 1035 58 21 inom
748 1034 86 22 ständet
847 1036 56 20 utta-

154 1070 51 27 lats,
226 1069 135 22 framställde
381 1070 51 21 herr
451 1070 200 21 landtmarskalken
670 1070 55 21 först
743 1070 96 28 följande
854 1077 49 21 pro-

152 1105 106 29 position:

223 1157 8 9 »
235 1139 46 27 Vill
293 1138 151 30 ridderskapet
455 1139 40 22 och
507 1140 61 21 adeln
583 1140 32 21 till
623 1139 214 29 kontraproposition
847 1142 57 19 emot

154 1175 117 21 utskottets
291 1175 136 21 betänkande
449 1177 79 26 antaga
548 1175 129 29 stadgande,
697 1177 32 19 att
748 1182 29 14 nu
797 1175 106 29 ifrägava-

154 1210 67 21 rande
236 1209 130 29 författning
381 1210 39 21 bör
436 1210 60 28 tjena
511 1210 33 21 till
559 1210 146 21 efterrättelse
720 1210 45 21 tills
776 1217 29 21 ny
818 1210 86 21 författ-

153 1245 54 28 ning
222 1245 7 20 i
245 1246 72 20 ämnet
337 1244 71 22 blifvit
428 1245 5 20 i
450 1245 49 28 laga
517 1245 92 28 ordning
624 1247 95 26 antagen
735 1245 40 21 och
790 1245 34 20 till
840 1245 64 21 efter-

154 1279 75 22 lefnad
243 1279 116 29 päbuden?

221 1314 50 22 Den
291 1321 47 14 som
357 1315 38 21 vill
416 1317 80 26 antaga
516 1315 66 22 sädan
600 1315 214 28 kontraproposition
830 1321 74 15 svarar

151 1350 35 28 ja;
202 1350 43 21 den
260 1349 36 22 det
311 1349 48 21 icke
375 1350 38 21 vill
429 1357 73 14 svarar
517 1351 43 26 nej.

221 1382 84 22 Vinner
321 1383 44 27 nej,
380 1385 91 26 antages
487 1384 71 20 säsom
574 1382 223 29 kontraproposition,
814 1384 31 20 att
860 1383 43 20 för-

153 1417 124 28 fattningen
296 1417 97 21 kommer
415 1419 31 19 att
467 1417 57 28 gälla
544 1417 56 21 intill
619 1418 112 28 utgängen
752 1418 23 21 af
793 1418 47 26 äret
855 1419 49 20 näst

153 1453 55 21 efter
223 1452 36 21 det
274 1453 23 20 är
313 1451 27 22 dä
355 1453 62 20 nästa
432 1452 102 28 landtdag
550 1453 189 21 sammanträder.*
