1700 1900
1127 211 38 20 241

450 273 20 30 ej
487 282 51 14 vara
553 275 134 22 hindersamt
703 276 32 21 för
749 275 139 29 jordbrukets
903 276 198 27 framåtdrifvande,
1111 283 35 14 om
1157 277 39 20 lät-

450 311 46 19 tare
516 310 93 28 tillgång
630 310 103 21 bereddes
749 311 103 28 mången,
868 317 44 14 som
922 311 104 27 -vinnlagt
1041 311 33 28 sig
1089 317 35 14 om
1137 311 59 27 jord-

451 344 140 28 bruksyrket,
615 351 45 14 som
684 345 48 20 med
752 345 48 21 hela
821 346 36 20 sitt
877 345 92 20 intresse
985 347 65 26 egnat
1066 345 33 27 sig
1114 345 22 20 åt
1151 345 45 20 det-

451 385 88 20 samma,
556 381 31 18 att
602 379 108 20 förvärfva
725 386 55 21 egen
793 380 56 27 jord,
865 381 32 18 att
912 379 106 28 nedlägga
1029 379 26 21 de
1065 379 131 28 kunskaper,

450 412 43 21 han
509 413 116 26 inhemtat,
641 413 39 21 och
695 413 40 21 den
753 414 133 26 erfarenhet,
902 413 42 21 han
960 413 129 28 mödosamt,
1103 413 45 22 ofta
1158 421 38 14 un-

450 447 38 20 der
503 447 78 22 andras
597 448 181 27 husbondevälde,
794 449 125 26 förvärfvat,
935 448 28 28 på
977 455 55 21 egen
1047 449 76 20 torfva.
1154 448 43 28 Jag

450 483 44 20 tror
518 482 36 21 det
577 483 19 28 ej
621 483 69 20 skulle
713 483 66 20 skada
800 491 34 13 om
852 483 129 28 jordbruket
995 483 108 21 tillfördes
1117 490 79 21 yngre,

450 517 92 21 friskare
564 517 83 21 krafter
671 518 39 20 och
731 519 31 20 att
783 519 85 27 ombyte
887 518 24 21 af
924 524 65 21 egare
1005 518 54 20 skall
1075 517 121 22 merendels

448 552 102 21 befordra
570 552 131 21 detsammas
721 552 162 29 framåtgående
903 553 27 28 på
945 552 26 21 de
987 554 64 25 orter,
1067 553 37 20 der
1120 553 77 21 sådant

449 587 56 21 låter
525 587 33 28 sig
576 589 59 26 göra.
665 587 63 22 Hvad
749 588 46 20 åter
815 588 26 21 de
857 587 133 22 öfverdrifna
1005 587 193 28 spekulationerna

450 622 141 28 vidkommer,
608 623 23 21 så
647 624 44 20 tror
704 623 45 28 jag,
765 625 31 19 att
811 623 26 21 de
852 623 87 21 komma
955 623 30 20 att
1001 622 53 22 höra
1068 623 34 21 till
1115 623 82 21 undan-

450 660 73 26 tagen,
544 658 40 20 och
604 658 53 21 hvar
677 658 69 21 finnas
763 658 20 28 ej
799 658 40 21 de?
865 658 60 21 Eller
940 658 54 21 hvar
1009 658 74 20 kunna
1098 658 26 20 de
1140 658 57 21 före-

450 692 112 21 kommas?
582 693 39 20 Att
637 694 46 19 åter
698 693 121 27 förutsätta,
835 695 31 18 att
882 694 26 20 de
923 692 70 21 skulle
1009 692 52 21 höra
1071 692 33 21 till
1115 693 82 28 regeln,

449 727 67 21 blifva
536 727 131 27 hufvudsak,
686 735 51 14 vore
753 729 32 19 att
800 728 95 28 påbörda
911 728 46 21 vårt
972 727 46 21 folk
1033 729 30 19 ett
1079 727 118 26 oförstånd,

446 763 24 26 ja
486 764 31 19 ett
532 764 96 25 vanvett,
643 763 82 28 hvarpå
741 763 36 20 det
790 763 100 20 hitintills
907 763 19 28 ej
943 763 54 20 visat
1012 763 54 27 prof.

519 797 64 26 Men
607 797 128 28 föreningen
758 799 23 20 är
802 799 19 26 ej
842 798 69 21 heller
930 797 104 28 behöflig,
1055 799 62 26 säger
1137 805 59 20 man,

450 831 86 28 mycket
551 832 160 21 verksammare
725 833 42 20 kan
778 833 37 20 vår
825 833 58 20 bank
894 832 140 28 understödja
1044 832 85 21 landets
1138 832 60 28 jord-

452 866 59 21 bruk.
542 867 48 20 Den
613 867 43 20 kan
679 867 68 21 skaffa
770 867 33 28 sig
822 867 35 20 lån
877 867 28 28 på
921 867 23 20 så
959 867 146 28 fördelaktiga.
1120 867 77 27 vilkor,

450 903 31 18 att
496 901 40 20 den
553 901 32 21 för
601 901 47 21 sina
663 902 35 20 lån
714 902 22 20 åt
751 902 82 21 landets
847 901 144 29 jordbrukare
1002 903 19 26 ej
1033 901 104 22 behöfver
1147 903 51 27 taga

450 942 59 14 mera
524 937 27 20 än
568 937 12 20 4
595 938 12 25 &
624 937 6 20 i
645 938 63 19 ränta
724 937 39 20 och
780 937 25 28 14
819 938 13 27 &
847 937 7 20 i
867 937 137 27 amortering,
1015 936 141 28 hvarigenom
1167 937 30 20 lä-

449 977 42 14 nen
507 971 87 20 komma
608 972 31 19 att
649 974 119 18 amorteras
779 973 27 26 pä
817 971 106 28 betydligt
933 971 87 21 kortare
1031 971 37 27 tid,
1079 971 28 28 pä
1117 971 27 20 33
1155 971 41 20 år."

449 1005 51 20 Men
523 1005 40 21 den
588 1005 65 21 ärade
673 1006 78 27 talare,
772 1013 44 14 som
836 1006 35 21 vid
886 1012 26 14 en
928 1006 129 27 föregående
1074 1005 122 21 diskussion

450 1039 61 21 öfver
532 1047 82 14 samma
632 1041 63 20 ämne
711 1041 112 28 föreslagit
839 1041 65 26 detta,
920 1040 61 21 torde
995 1041 65 20 hafva
1074 1040 75 29 glömt,
1165 1041 33 20 att

450 1074 162 21 underverkens
635 1074 56 21 tider
713 1076 38 19 äro
774 1075 62 21 förbi.
871 1075 60 21 Hvar
953 1081 78 21 regnar
1051 1075 36 21 det
1107 1081 91 14 numera

450 1115 80 14 manna
550 1109 6 20 i
573 1109 81 27 öknen,
670 1109 53 21 hvar
738 1110 99 27 springer
852 1116 89 15 numera
955 1109 72 20 källan
1043 1117 43 20 upp
1102 1109 49 21 med
1166 1111 31 19 ett

450 1143 46 28 slag
512 1143 24 20 af
549 1143 83 22 stafven
648 1144 27 28 pä
691 1144 147 28 hälleberget?
855 1144 68 21 Lefde
939 1143 20 21 vi
974 1143 7 20 i
995 1143 64 22 dessa
1069 1144 56 28 goda
1135 1143 62 26 tider,

450 1177 69 20 skulle
540 1177 53 21 visst
608 1177 42 21 den
666 1177 64 21 ärade
746 1178 82 21 talaren
845 1178 50 21 med
911 1179 30 19 ett
956 1178 47 27 slag
1018 1178 23 20 af
1055 1178 33 20 sin
1103 1177 97 21 trollstaf

450 1211 73 21 kunna
538 1212 70 20 förmä
623 1212 26 20 de
660 1212 115 21 utländska
785 1213 142 21 bankirernas
938 1212 117 28 kassaskäp
1067 1214 31 19 att
1108 1212 88 29 springa

451 1253 42 21 upp
515 1246 38 20 och
575 1247 229 28 penningeströmmien
824 1249 31 20 att
875 1248 32 21 hit
927 1247 52 28 flyta
997 1249 58 19 emot
1073 1248 77 21 endast
1165 1248 32 27 4$

450 1283 68 19 ränta.
552 1281 51 22 Men
626 1289 29 14 nu
677 1281 60 22 torde
759 1282 97 21 försöket
876 1290 51 14 vara
947 1282 90 28 fäfängt.
1067 1276 73 27 Äfven
1158 1283 39 28 jag

451 1317 83 20 känner
549 1317 66 26 nägot
631 1317 32 20 till
679 1317 150 27 fordringarne
839 1318 7 20 i
857 1317 104 21 utlandet.
985 1317 42 28 Jag
1037 1317 39 20 har
1087 1317 109 28 nemligen

451 1351 47 20 haft
518 1350 41 21 den
580 1351 50 27 föga
645 1351 170 27 tackbringande
831 1353 52 20 äran
899 1353 32 20 att
945 1351 51 21 sitta
1011 1352 6 19 i
1033 1351 164 28 hypoteksföre-

451 1385 93 27 ningens
562 1384 118 28 direktion,
696 1385 105 22 alltsedan
818 1386 71 21 denna
903 1385 100 28 förening
1020 1386 45 21 blef
1078 1386 119 21 konstitue-

452 1419 47 27 rad,
521 1419 39 20 och
580 1419 69 21 under
664 1420 71 21 denna
750 1420 31 21 tid
796 1420 63 22 hafva
875 1421 110 28 åtskilliga
999 1420 199 29 underhandlingar

452 1461 34 12 om
502 1454 36 19 lån
554 1454 49 19 med
618 1454 116 20 utländska
750 1455 100 20 bankirer
869 1455 102 20 förevarit
987 1455 39 20 och
1039 1455 40 27 jag
1093 1457 45 18 tror
1154 1455 44 26 mig

451 1488 28 27 på
496 1487 70 28 grund
582 1487 23 20 af
619 1487 48 21 dem
683 1488 74 21 kunna
765 1489 97 20 försäkra
873 1489 41 20 den
925 1489 65 20 ärade
1001 1488 90 27 talaren,
1102 1490 31 19 att
1144 1489 54 20 hans

451 1522 57 28 ljusa
531 1521 171 29 förhoppningar
724 1522 65 22 hafva
807 1523 51 28 föga
873 1523 68 29 utsigt
955 1524 32 20 att
1002 1522 119 23 realiseras.
1152 1523 46 21 Och

497 1562 53 25 Högl,
563 1563 52 18 Ridd.
629 1564 29 17 och
669 1563 64 18 Adelns
745 1563 66 20 Protok.
1110 1565 21 16 16
