1034 1723
791 130 41 20 353

180 195 77 21 Denna
277 195 135 29 proposition
433 194 130 22 besvarades
584 195 49 21 med
653 195 107 21 blandade
778 196 24 27 ja
823 196 39 21 och

112 231 46 27 nej,
174 230 101 21 hvarföre
291 230 76 21 skreds
383 230 33 20 till
431 230 109 27 votering,
556 236 46 14 som
618 230 63 20 utföll
697 230 57 20 inom

284 264 57 28 3:dje
357 264 28 20 kl.
401 263 49 21 med
467 264 25 20 13
503 265 29 27 ja
548 264 39 20 och
605 265 25 20 18
645 265 41 27 nej,

283 298 60 21 2da
372 314 3 11 n
424 314 9 10 n»
477 298 46 26 Ör
560 314 10 10 n»
615 298 12 21 8
657 315 9 10 »

283 333 54 21 1stä
365 349 9 11 «
423 348 10 11 *«
477 332 45 27 Dn
560 348 10 11 x
615 333 50 27 fa

181 367 71 21 Sedan
279 366 245 30 kontrapropositionen
546 367 92 21 sålunda
660 368 72 20 blifvit
754 368 108 27 bestämd,

112 402 134 22 framställde
261 402 50 21 herr
327 401 201 22 landtmarskalken
544 402 175 28 propositionen:

180 453 9 10 »
191 436 45 22 Vill
252 436 151 29 ridderskapet
418 436 40 21 och
477 436 63 21 adeln
556 436 116 28 godkänna
686 437 118 21 utskottets
820 438 43 21 för-

112 471 57 28 slag,
188 473 32 19 att
238 472 27 20 de
285 471 256 28 kartasigillataafgifter,
560 478 46 14 som
623 472 35 20 vid
674 472 71 21 denna
760 472 103 28 landtdag

112 506 125 27 fastställas,
255 507 85 20 komme
357 507 32 20 att
404 506 49 21 med
470 507 54 20 1867
540 506 35 21 års
591 506 43 21 slut
649 507 108 28 upphöra,
774 507 89 21 såframt

113 541 49 20 icke
181 541 118 21 ständerna
317 541 141 20 derförinnan
479 541 35 21 vid
534 540 55 28 ånyo
606 541 172 22 sammankallad
793 542 70 21 landt-

113 575 42 28 dag
170 583 29 20 ny
215 575 310 29 stämpelpappersbeviljning
540 575 110 21 fastställt.

181 610 49 21 Den
253 617 46 14 som
319 610 38 21 vill
376 609 116 29 godkänna
510 609 118 22 utskottets
647 611 82 28 förslag
748 611 5 20 i
772 611 91 22 berörde

112 645 35 21 del
164 652 73 14 svarar
250 646 33 27 ja;
299 646 41 20 den
357 645 36 20 det
408 645 49 20 icke
472 645 39 21 vill
527 651 73 15 svarar
616 645 42 28 nej.

180 680 84 21 Vinner
279 681 44 27 nej,
339 679 88 28 stadgas
442 681 31 19 att
488 679 166 28 ifrågavarande
665 680 128 29 förordning
803 681 60 21 kom-

113 721 46 15 mer
178 716 32 19 att
228 715 59 27 gälla
305 714 56 21 intill
379 714 111 27 utgången
506 714 24 21 af
543 715 46 20 året
604 716 48 19 näst
668 715 55 21 efter
739 715 36 21 det
790 716 30 25 år,
837 715 26 21 då

112 751 63 20 nästa
191 749 102 28 landtdag
309 749 188 21 sammanträder."

182 784 109 21 Häröfver
307 784 75 21 skreds
397 783 33 21 till
447 784 107 27 votering,
570 791 45 14 som
632 784 62 21 utföll
711 784 59 21 inom

291 819 57 27 3:dje
363 818 29 21 kl.
408 818 50 20 med
475 819 26 20 14
511 819 29 28 ja
556 819 39 20 och
613 819 25 20 16
654 820 42 27 nej,

290 853 93 27 2:dra
382 849 19 36 »
431 870 8 9 »
487 853 42 26 Tou
569 870 10 11 s
626 853 12 21 8
666 871 8 9 &

293 889 53 19 Ista
379 905 4 9 1
432 904 9 9 n»
488 888 42 26 I,
571 905 9 9 »
627 888 47 26 4,

183 922 47 22 Och
250 929 46 14 som
315 922 165 28 propositionen
499 922 90 21 sälunda
607 922 58 21 inom
684 924 80 20 tvenne
782 923 83 21 klasser

114 958 101 20 nekande
233 957 121 26 besvarats,
374 956 123 22 förklarade
518 956 50 21 herr
586 957 201 21 landtmarskalken
807 958 58 21 stän-

115 992 47 21 dets
183 992 71 21 beslut
272 999 61 19 vara,
349 993 31 19 att
395 991 167 28 ifrågavarande
578 992 130 28 författning
723 992 70 21 skulle
808 993 58 27 gälla

114 1027 56 21 intill
187 1026 110 28 utgången
313 1026 24 20 af
350 1026 46 21 året
411 1026 49 20 näst
475 1025 55 21 efter
546 1026 37 20 det
598 1026 31 26 år,
645 1026 27 21 då
686 1028 63 19 nästa
762 1026 104 28 landtdag

114 1060 177 22 sammanträder.

182 1095 66 21 Emot
262 1094 162 28 ridderskapets
439 1094 41 21 och
495 1093 75 22 adelns
586 1094 143 22 nästnämnde
745 1095 70 21 beslut
833 1102 33 14 re-

115 1130 114 21 serverade
245 1129 33 27 sig
293 1128 93 21 friherre
401 1128 115 28 Carpelan.

182 1164 11 20 I
214 1163 119 28 anledning
352 1163 24 21 af
393 1163 118 21 utskottets
532 1162 92 29 förslag,
643 1165 31 19 att
696 1164 117 20 ständerne
834 1164 32 20 uti

115 1201 73 18 svaret
210 1198 12 20 å
244 1198 40 21 den
304 1197 78 28 nådiga
401 1198 164 27 propositionen
589 1197 70 21 skulle
679 1199 69 20 uttala
767 1198 41 21 den
829 1200 38 19 ön-

116 1233 62 26 skan,
194 1234 31 19 att
239 1232 141 27 redovisning
395 1231 34 21 för
444 1231 153 21 användandet
607 1232 24 20 af
640 1232 55 21 hvad
706 1239 78 21 genom
795 1232 72 21 karta-

116 1266 190 29 sigillataafgiften
321 1266 81 20 influtit
421 1266 70 20 skulle
511 1266 253 22 nästsammanträdande
781 1267 87 21 ständer

116 1302 134 27 föreläggas,
265 1300 86 28 yttrade

185 1336 57 20 Herr
264 1334 102 26 Munck,
385 1334 27 21 K.
433 1334 35 21 F.:
489 1335 31 21 På
541 1335 26 21 de
588 1335 23 20 af
629 1335 50 21 herr
698 1342 41 14 von
756 1336 112 26 Knorring

116 1368 67 22 redan
200 1368 135 21 framställda
352 1368 39 20 och
405 1368 24 20 af
439 1368 50 20 herr
500 1375 41 14 von
553 1368 157 28 Weissenberg
722 1369 146 21 understödda

117 1403 47 22 skäl
184 1402 66 29 yrkar
268 1403 39 27 jag
327 1403 28 27 på
375 1402 140 21 förkastande
535 1402 24 21 af
572 1402 116 22 utskottets
709 1403 136 21 betänkande
861 1403 7 20 i

117 1439 72 21 denna
204 1437 40 22 del.
309 1464 2 2 N

163 1478 51 23 Högl.
227 1478 52 18 Ridd.
293 1479 30 17 och
335 1478 63 17 Adelns
410 1477 66 17 Protok.
780 1480 22 16 23
