1100 1725
398 108 24 19 10
438 115 19 17 p.
473 109 83 18 Maalisk.
830 108 39 20 621

68 174 50 20 että
132 178 27 15 ne
175 174 50 19 ovat
240 172 109 27 majakka-
367 172 24 27 ja
406 172 269 22 tullitoimitusmaksuista
690 174 86 25 vapaat,
792 172 64 28 pidän
874 172 27 21 it-

71 202 100 20 sestänsä
186 200 94 26 selvänä,
304 201 49 21 sillä
369 200 63 22 eihän
448 207 24 15 se
488 200 95 22 valtiolle
599 200 100 22 tuottaisi
715 201 184 22 sanottavaakaan

68 229 116 26 vahinkoa,
200 229 69 21 koska
284 229 123 22 Itämerellä
421 229 22 27 ja
458 228 177 28 Pohjanlahdella
649 229 104 21 kulkevat
768 229 66 23 laivat
844 230 56 22 eivät

71 258 195 26 tulevaisuudessa,
288 258 52 26 yhtä
362 258 70 21 vähän
448 258 52 21 kuin
516 258 101 27 nytkään,
633 258 60 20 tulisi
709 258 139 27 käyttämään
863 258 37 27 hy-

72 286 108 22 väksensä
202 286 196 21 Maarianhaminan
421 288 98 20 satamaa
539 286 74 22 muilla
635 286 94 22 ehdoilla
744 286 52 22 kuin
813 289 45 19 että
874 287 26 21 he

71 317 147 25 vapautetaan
234 315 123 27 tykkänään
377 315 96 21 kaikista
488 315 212 26 satamamaksuista,
717 315 67 21 kuten
799 315 103 21 muualla-

72 344 38 21 kin
132 344 138 20 maailmassa
290 343 162 21 tänkaltaisissa
467 344 80 21 oloissa
562 344 83 21 kuuluu
661 343 113 21 olevankin
791 344 62 26 hyvin
869 345 33 19 ta-

72 372 92 21 vallista.
195 372 89 22 Muuten
300 372 57 27 kyllä
373 372 116 22 mielelläni
504 374 126 24 tunnustan,
647 374 60 20 etten
717 372 113 27 ylipäänsä
840 372 60 21 aivan

74 401 63 27 hyvin
159 402 67 20 tunne
249 407 103 15 maamme
373 401 156 21 merenkulkua
544 401 104 21 koskevia
664 401 84 25 asioita,
762 401 24 27 ja
802 400 100 22 kaikkein

73 430 115 21 vähimmin
212 431 46 19 tätä
283 430 71 20 varsin
378 430 97 26 erityistä
499 430 80 21 kohtaa
601 430 111 21 koskevaa
733 430 95 26 seikkaa,
841 430 61 26 joten

74 458 73 22 minun
170 458 65 22 onkin
258 458 53 21 ollut
327 458 62 26 hyvin
409 458 102 22 vaikeata
526 460 77 25 päästä
619 458 178 22 omantakeiseen
812 458 90 26 mielipi-

74 490 76 18 teesen
165 489 73 19 tämän
254 487 59 21 asian
336 487 99 26 suhteen,
451 489 71 19 mutta
537 487 144 21 valiokunnan
697 487 97 21 mietintö
811 493 27 15 on
854 486 48 22 kui-

74 516 74 21 tenkin
171 515 120 22 mielestäni
313 517 79 19 tuonut
415 516 53 21 esiin
484 516 43 21 niin
543 516 87 27 päteviä
645 516 56 27 syitä
717 516 133 21 anomuksen
866 515 37 27 hy-

76 544 159 27 väksymiseen,
251 546 60 19 etten
327 544 84 26 hyvällä
428 544 176 22 omallatunnolla
620 544 34 22 ole
673 544 75 22 voinut
763 546 75 20 muuta
852 544 52 21 kuin

76 573 119 21 kannattaa
210 572 114 22 mietintöä
338 573 239 22 kokonaisuudessaan.

144 601 217 27 Landtdagsmannen
384 601 133 28 Rosenberg:
536 602 42 27 Jag
598 602 39 21 har
653 602 76 27 begärt
744 601 63 22 ordet
821 601 34 22 för
870 602 34 20 att

74 630 126 27 ytterligare
222 631 48 20 med
292 630 67 27 nägra
375 631 38 21 ord
429 630 21 22 fä
465 632 54 25 göra
535 631 87 21 ständet
637 630 165 27 uppmärksamt
816 630 29 27 pä
860 629 43 22 för-

76 659 121 25 hällanden,
214 665 48 15 som
277 659 66 21 redan
359 659 68 21 delvis
443 659 23 22 af
481 659 107 22 särskilda
603 659 133 27 föregäende
751 659 69 21 talare
836 657 68 22 blifvit

76 687 99 22 berörda.
205 687 50 22 Man
278 687 39 22 har
339 687 65 22 bland
424 689 67 20 annat
506 690 57 25 sagt,
579 689 33 20 att
627 690 59 19 rätta
701 687 69 22 forum
786 687 32 22 för
833 687 72 26 frägor

76 716 82 21 sädana
174 722 46 15 som
236 716 70 21 denna
322 717 24 20 är
361 716 127 27 regeringen
505 717 40 21 och
560 717 49 21 icke
625 717 123 21 ständerna.
778 715 80 22 Härtill
869 715 36 21 vill

72 745 40 26 jag
134 745 104 26 genmäla,
262 746 32 20 att
314 745 37 21 det
371 745 56 21 dock
446 745 49 22 icke
511 747 24 19 är
551 751 26 15 en
593 745 24 22 sä
633 745 90 21 alldeles
739 745 41 21 lätt
796 745 45 26 sak,
858 749 47 16 som

76 779 50 15 man
142 773 74 27 tyckes
232 776 40 23 tro,
288 775 33 19 att
336 773 21 21 fä
373 773 82 22 sädana
468 774 163 26 önskningsmäl
641 779 47 16 som
699 773 139 22 förevarande
851 779 53 20 upp-

76 801 58 28 fylda
150 808 77 20 genom
244 803 32 20 att
290 802 50 21 med
356 802 47 21 dem
419 803 71 20 vända
505 803 33 26 sig
553 803 33 20 till
601 803 114 26 styrelsen.
741 802 77 21 Såsom
828 801 74 25 kändt,

76 831 39 20 har
130 831 62 21 nämil.
210 831 105 26 styrelsen
332 831 47 21 sina
394 837 72 20 organ,
485 831 32 21 till
532 831 73 21 hvilka
621 831 42 21 den
678 831 7 21 i
700 830 68 22 första
783 831 58 21 hand
854 831 51 20 vän-

78 859 38 21 der
136 859 33 26 sig
184 859 33 21 för
232 861 33 19 att
280 859 21 22 fä
316 859 161 28 upplysningar,
494 859 41 22 och
551 859 38 23 det
603 859 64 22 beror
682 860 8 20 i
705 859 27 22 de
747 859 63 22 flesta
825 858 37 22 fall
878 858 28 28 pä

78 888 27 21 de
127 888 131 22 individuela
280 888 91 28 tyckenä
393 888 40 22 hos
457 888 42 22 den
521 888 126 28 myndighet
671 888 52 22 eller
746 888 41 22 den
803 887 54 27 chef,
874 887 33 21 till

77 916 87 22 hvilken
184 916 105 28 styrelsen
310 916 28 22 dä
358 917 81 21 vänder
455 917 40 27 sig,
511 923 34 15 om
561 924 49 14 man
625 917 34 21 fär
675 919 32 19 ett
722 916 116 22 bifallande
855 916 53 21 eller

78 945 114 27 afböjande
208 951 50 15 svar
273 946 27 26 pä
316 946 32 20 sin
364 946 103 21 ansökan.
491 946 53 21 Helt
559 946 134 21 annorlunda
709 947 24 20 är
748 946 44 26 det,
808 951 34 15 om
859 950 48 16 man

78 974 82 21 vänder
185 974 33 26 sig
244 974 32 21 till
300 974 123 22 ständerna.
453 974 47 22 Här
522 974 73 22 kunna
617 974 128 26 visserligen
768 974 140 26 meningarna

79 1002 67 21 skifta
164 1002 41 22 och
226 1002 72 28 brytas
314 1004 46 20 mot
375 1002 128 27 hvarandra,
519 1010 48 15 men
583 1003 56 21 huru
656 1003 37 21 det
709 1005 26 19 än
750 1002 103 22 förhäller
868 1002 38 26 sig,

81 1033 24 19 är
121 1031 109 27 sistsagde
246 1033 40 25 väg
302 1031 56 21 dock
373 1033 33 19 att
421 1030 122 28 föredraga.

149 1060 63 20 Annu
228 1060 67 26 några
310 1060 38 21 ord
363 1060 33 21 för
412 1062 33 19 att
459 1060 132 27 vederlägga
604 1060 27 21 de
643 1060 47 22 skäl
700 1059 209 27 landtdagsmannen

81 1088 118 21 Danielson
214 1088 72 22 anfört
301 1088 31 22 till
348 1088 83 22 försvar
446 1088 33 22 för
495 1089 32 21 sin
538 1089 141 21 reservation.
702 1089 47 21 Den
760 1088 65 22 ärade
836 1093 72 21 repre-

81 1118 115 20 sentanten
218 1117 40 21 har
273 1117 83 27 pästätt
372 1118 33 20 att
419 1117 135 22 Mariehamn
570 1118 39 20 har
623 1119 79 20 tvenne
717 1117 96 21 hamnar.
843 1116 67 21 Detta

81 1147 25 19 är
120 1144 56 23 dock
190 1145 46 22 helt
246 1146 41 21 och
296 1146 68 21 hället
375 1147 32 20 ett
417 1146 92 27 misstag
520 1146 53 22 eller
584 1146 131 21 ätminstone
725 1145 86 28 mycket
821 1146 89 25 oegent-

81 1174 45 27 ligt,
144 1175 23 26 ty
182 1174 42 21 den
240 1181 17 14 s.
273 1175 21 20 k.
310 1176 60 20 östra
385 1175 93 21 hamnen
495 1177 24 19 är
534 1175 57 21 blott
606 1181 27 15 en
649 1175 69 26 grund
733 1174 41 27 vik,
790 1173 120 27 tillgänglig

82 1203 78 21 endast
181 1202 33 22 för
233 1203 129 27 kustfartyg,
378 1209 46 16 som
441 1205 37 20 äro
495 1203 65 28 högst
575 1205 55 20 8—9
647 1203 32 22 fot
695 1203 143 28 djupgäende.
868 1202 43 21 Det

81 1231 61 21 faller
158 1231 71 22 derför
245 1231 23 22 af
282 1232 32 27 sig
329 1231 54 28 sjelf,
401 1233 32 20 att
449 1232 72 21 denna
536 1233 64 20 hamn
617 1232 32 21 als
665 1232 48 21 icke
729 1231 67 27 tagits
806 1231 8 21 i
824 1231 86 21 betrak-

82 1260 66 21 tande
170 1259 22 22 af
214 1260 150 27 petitionären.
399 1261 80 21 Vidare
502 1261 39 21 har
563 1261 208 26 landtdagsmannen
794 1259 117 22 Danielson

81 1288 123 27 framhållit,
221 1291 33 19 att
269 1289 144 27 petitionären
429 1289 114 27 uppgifvit,
561 1291 32 20 att
608 1289 43 22 han
666 1290 7 21 i
690 1291 11 19 9
713 1289 35 21 års
759 1289 32 21 tid
800 1287 112 22 trafikerat

82 1317 133 21 Mariehamn
230 1319 52 20 utan
298 1319 33 20 att
347 1317 74 22 dervid
436 1324 46 15 mer
499 1320 26 19 än
542 1324 26 15 en
584 1318 56 21 enda
656 1318 56 27 gäng
727 1317 63 22 hafva
804 1317 109 25 begagnat

82 1346 34 26 sig
139 1345 22 22 af
182 1346 50 21 lots.
261 1346 67 21 Detta
350 1346 85 21 bevisar
457 1347 57 21 dock
533 1347 118 26 ingenting,
671 1348 22 25 ty
709 1347 38 20 det
762 1348 23 19 är
800 1345 33 22 för
848 1344 64 22 allom

83 1375 88 26 bekant,
195 1376 33 19 att
250 1375 52 21 vära
324 1375 251 27 passagerareängbätar
599 1387 24 3 —
643 1375 146 27 petitionären
804 1374 39 21 har
858 1373 56 22 varit

82 1402 147 22 befälhafvare
245 1403 32 22 för
294 1409 25 16 en
335 1403 68 22 sådan
419 1415 28 3 —
462 1403 50 22 icke
527 1404 100 27 begagna
643 1403 33 28 sig
691 1403 23 22 af
729 1403 91 26 tillfällig
834 1402 44 21 lots
893 1401 23 22 af

82 1432 38 21 det
142 1431 64 22 enkla
228 1431 54 27 skäl,
306 1434 32 19 att
362 1432 26 21 de
408 1431 65 22 hafva
493 1439 18 14 s.
530 1433 22 21 k.
568 1433 101 26 länglots,
685 1432 87 21 hvilken
786 1431 64 27 följer
864 1430 50 22 med

82 1459 94 28 fartyget
198 1460 50 21 hela
271 1460 185 27 seglationstiden.
488 1461 80 22 Vidare
587 1461 39 21 har
645 1461 210 25 landtdagsmannen
870 1459 44 21 Da-

82 1489 84 21 nielson
189 1488 123 27 framhällit,
336 1491 33 19 att
391 1489 146 22 Mariehamns
561 1489 44 22 lilla
620 1489 122 27 hamnplats
758 1489 49 21 icke
822 1488 41 21 har
878 1487 37 22 be-

82 1517 62 22 sökts
161 1516 22 22 af
197 1523 47 16 mer
258 1519 28 20 än
303 1519 40 20 150
359 1517 71 28 fartyg
447 1523 34 16 om
498 1518 53 22 äret.
573 1517 74 23 Ocksä
659 1518 38 27 jag
713 1517 81 22 känner
810 1517 33 21 till
854 1516 62 22 detta
