1098 1728
243 129 41 20 594
556 129 13 20 6
583 136 20 18 p.
619 131 84 18 Maalisk.

213 195 46 20 stor
274 193 102 22 inverkan
391 193 29 28 pä
434 193 177 27 folkbildningen.
641 194 43 21 Det
700 195 23 20 är
738 193 35 22 väl
783 193 84 27 möjligt
882 195 33 20 att
926 194 36 21 det
973 193 69 22 finnes

213 222 191 27 omständigheter,
421 228 46 16 som
481 222 8 21 i
504 222 110 27 Tyskland
629 222 49 22 icke
694 222 56 22 varit
766 222 24 22 sä
805 227 125 22 gynsamma
940 223 33 21 för
983 223 58 21 skol-

213 251 95 26 tvänget,
324 256 46 16 som
385 250 60 23 fallet
459 251 102 27 möjligen
576 251 71 21 skulle
662 257 52 15 vara
728 251 40 21 hos
784 256 44 21 oss,
844 257 48 15 men
908 251 6 21 i
930 251 44 22 alla
988 251 52 22 hän-

213 279 72 22 delser
309 281 46 20 tror
379 280 39 27 jag
441 281 33 20 att
497 279 112 22 frukterna
632 279 23 22 af
675 279 139 27 skoltvänget
834 279 41 22 här
894 279 63 22 hafva
973 280 68 22 öfver-

214 308 102 21 skattats.

282 337 217 27 Landtdagsmannen
521 336 110 27 Hedberg:
653 337 42 27 Jag
715 336 40 21 har
771 336 55 27 tagit
841 336 43 27 mig
899 336 92 22 friheten
1007 339 32 19 att

213 367 58 19 ännu
294 372 25 15 en
343 365 55 27 gäng
413 365 80 27 begära
508 365 62 21 ordet
584 364 7 22 i
607 365 71 21 denna
697 364 68 28 fräga,
782 364 90 22 emedan
886 365 38 27 jag
939 365 48 22 icke
1002 366 36 22 vill

213 394 71 22 lemna
307 394 111 22 obemötta
440 394 58 22 vissa
520 393 135 27 uttalanden,
678 393 72 22 hvilka
774 393 60 27 gifvit
852 392 46 29 färg
914 394 23 21 ät
953 394 40 22 den
1009 401 29 14 nu

212 422 61 23 förda
289 423 157 22 diskussionen.
475 423 75 21 Redan
566 424 166 20 reservanterna
746 423 33 20 uti
792 422 115 27 utskottet,
919 423 40 21 och
970 423 67 22 sedan

211 452 8 21 i
235 451 37 22 det
286 453 109 20 närmaste
410 451 108 22 hvarenda
533 451 75 25 talare,
625 457 45 16 som
686 451 40 22 här
740 451 40 22 har
790 452 68 26 yttrat
868 451 34 27 sig
912 451 6 21 i
929 451 108 22 öfverens-

212 480 125 22 stämmelse
351 480 49 22 med
416 481 170 22 reservanterna,
603 479 64 23 hafva
681 480 54 27 högt
750 480 68 27 prisat
837 480 40 21 den
889 479 149 28 offervillighet

212 509 40 21 och
277 509 101 27 hängifna
400 509 128 26 anslutning,
544 509 93 26 hvilken,
659 509 67 26 enligt
742 509 63 21 deras
820 507 146 28 förmenande,
982 508 54 22 folk-

212 537 76 22 skolan
310 538 7 21 i
337 537 89 22 Finland
448 537 46 22 haft
514 539 32 20 att
561 537 65 22 tacka
641 537 33 22 för
689 537 33 22 sin
745 537 173 28 uppblomstring
940 537 39 22 och
994 537 42 22 för-

211 565 84 23 kofran.
324 567 43 21 Det
389 566 39 22 har
443 568 59 26 synts
525 566 44 27 mig
589 568 33 19 att
637 572 49 15 man
702 566 92 21 sålunda
808 565 60 27 gifvit
884 566 33 26 sig
932 565 51 28 sjelf
996 566 40 22 och

210 595 49 21 värt
274 595 45 22 folk
334 601 59 16 mera
412 595 73 22 beröm
501 597 27 19 än
542 595 58 21 hvad
616 595 37 21 det
667 595 7 21 i
690 595 76 27 sjelfva
781 595 75 21 verket
871 594 108 27 förtjenat,
996 595 40 22 och

211 623 38 22 det
271 625 24 20 är
316 623 98 22 häremot
430 624 37 27 jag
482 623 49 22 ville
547 629 110 22 opponera
671 623 50 27 mig.
752 623 31 27 Ty
799 625 32 19 ett
846 622 138 23 öfverdrifvet
998 624 37 21 be-

209 653 54 26 röm,
280 654 31 20 ett
327 652 174 22 öfverskattande
516 651 24 22 af
553 653 27 20 de
596 652 57 27 goda
668 652 65 27 sidor,
750 658 46 15 som
812 651 68 22 finnas
896 652 40 21 hos
952 658 26 15 en
999 659 36 15 en-

211 681 55 21 skild
291 681 79 21 individ
396 681 52 22 eller
469 681 39 21 hos
532 683 33 19 ett
585 680 51 26 folk,
660 681 62 21 leder
743 681 99 25 vanligen
858 681 48 21 icke
922 681 32 20 till
969 681 67 26 nägot

210 709 53 27 godt
287 709 33 22 för
343 709 121 22 framtiden.
494 709 45 22 Här
564 709 45 26 har,
632 708 33 22 för
688 710 33 20 att
743 711 51 24 taga
810 710 32 20 ett
858 709 96 27 exempel
969 709 65 21 bland

209 738 84 27 många,
315 738 205 27 landtdagsmannen
542 738 112 21 Meurman
677 740 116 23 omnämnt,
817 739 33 19 att
871 737 33 22 för
920 740 31 19 ett
967 738 23 21 är
1001 744 34 15 se-

209 766 43 21 dan
275 768 26 20 93
323 766 125 22 kommuner
470 766 95 22 saknade
580 766 119 22 folkskolor
715 766 39 22 och
771 768 33 20 att
818 766 6 21 i
842 766 60 21 detta
927 772 28 15 nu
971 766 64 22 deras

209 795 59 21 anta]
283 795 124 22 reducerats
428 795 32 22 till
476 797 33 24 79,
529 796 19 20 d.
565 802 19 14 v.
601 801 17 15 s.
634 795 29 27 pä
679 795 54 21 sista
749 795 47 21 äret
812 794 69 22 skulle
898 796 25 20 14
937 795 98 21 kommu-

208 830 41 14 ner
270 823 42 22 fätt
327 824 32 27 sig
375 824 118 22 folkskolor
509 824 40 21 och
566 824 60 21 detta
641 824 77 25 skulle,
736 824 67 26 enligt
817 823 55 21 hans
888 823 146 27 förmenande,

208 852 81 27 bevisa,
315 854 32 20 att
362 852 50 28 inga
434 852 85 28 tvängs-
543 852 54 22 eller
618 852 236 27 understödsätgärder
870 858 45 15 mer
930 858 51 16 vore
996 852 37 22 be-

207 880 88 28 höfliga.
325 881 42 27 Jag
390 881 36 22 vill
451 883 33 20 tro
509 883 33 20 att
563 881 25 22 sä
609 881 103 22 förhäller
734 881 40 26 sig,
795 881 69 21 ehuru
876 881 38 27 jag
929 881 47 22 icke
991 881 43 22 kan

208 909 64 22 hafva
294 909 66 28 några
383 910 121 21 statistiska
525 909 110 28 uppgifter
655 910 75 21 härom
746 909 109 22 tillhands.
886 909 50 22 Men
952 909 33 22 för
1000 912 33 19 att

206 938 82 27 belysa,
304 939 29 26 på
347 939 56 21 hvad
419 940 45 20 sätt
478 938 119 22 folkskolor
612 938 63 22 hafva
690 938 125 22 tillkommit
829 938 7 21 i
844 937 48 22 vårt
900 938 49 21 land
965 938 68 21 under

207 966 27 22 de
260 969 87 20 senaste
372 967 58 26 åren,
453 967 38 22 ber
510 967 38 27 jag
564 969 32 20 att
611 967 22 21 få
649 967 74 22 anföra
738 967 47 22 från
800 967 120 27 sällskapet
935 967 98 22 Svenska

206 994 133 23 folkskolans
364 998 90 19 vänners
480 996 160 26 årsberättelse,
665 996 87 21 hvilken
772 996 38 27 jag
825 995 39 22 har
879 996 7 21 i
902 995 42 22 min
967 995 64 27 hand,

205 1023 68 27 några
295 1024 107 27 uppgifter
424 1031 34 15 om
482 1025 25 20 de
530 1024 120 22 understöd
670 1025 120 26 sällskapet
804 1024 82 21 lemnat
908 1024 32 21 till
962 1024 70 27 ny-in-

205 1052 86 24 rättade
321 1052 124 22 folkskolor.
475 1052 41 22 Till
538 1052 68 22 slutet
630 1052 23 22 af
669 1053 116 21 november
796 1054 54 20 1887
863 1052 39 22 har
912 1052 119 28 sällskapet

204 1080 82 22 lemnat
307 1081 125 26 understöd,
448 1082 125 21 varierande
593 1082 90 21 emellan
700 1083 41 20 200
757 1081 40 21 och
814 1082 41 20 300
871 1081 60 21 mark
946 1081 22 21 åt
983 1081 48 21 icke

203 1109 84 22 mindre
295 1111 26 20 än
330 1112 27 20 30
372 1110 78 22 skolor.
480 1110 36 22 Uti
531 1104 47 27 Åbo
594 1110 105 22 existerar
714 1110 62 22 äfven
787 1111 32 19 ett
828 1110 93 21 enskildt
936 1110 94 26 sällskap

203 1138 50 21 med
277 1138 90 27 ungefär
391 1144 82 16 samma
497 1138 63 27 syfte,
586 1144 47 16 som
656 1138 38 22 det
708 1138 138 27 föregående,
870 1138 82 22 hvilket
967 1138 63 26 äfven

202 1166 81 22 lemnat
308 1167 117 21 understöd
451 1166 32 22 för
504 1167 133 22 inrättandet
660 1167 22 21 af
703 1167 57 21 fasta
775 1166 125 22 folkskolor.
930 1167 42 27 Jag
986 1167 43 21 kan

202 1194 48 22 icke
275 1195 49 21 med
345 1195 138 22 bestämdhet
504 1195 103 27 uppgifva
629 1196 83 21 antalet
734 1195 24 22 af
775 1196 27 21 de
825 1195 79 26 skolor,
920 1196 23 20 åt
958 1195 72 21 hvilka

203 1223 70 21 denna
295 1223 96 27 förening
413 1224 81 22 lemnat
508 1224 82 26 bidrag,
610 1230 48 15 men
674 1226 47 20 tror
736 1224 44 26 mig
795 1224 73 21 kunna
882 1223 99 22 försäkra
996 1226 33 19 att

201 1252 42 21 den
259 1252 58 27 gjort
333 1252 36 22 det
383 1253 128 21 åtminstone
526 1253 7 21 i
550 1254 32 20 ett
598 1253 75 21 dussin
681 1252 44 22 fall.
756 1253 45 21 När
815 1258 50 16 man
881 1252 55 22 talar
950 1258 35 16 om
1000 1252 28 27 på

201 1283 87 19 senaste
310 1280 56 22 tider
388 1281 112 21 tillkomna
515 1281 80 25 skolor,
614 1282 39 20 bör
667 1288 49 14 man
738 1281 18 27 ej
774 1281 93 27 glömma
883 1281 63 21 dessa
960 1280 67 22 fakta.

199 1308 34 22 De
255 1310 47 21 visa
323 1311 33 19 att
371 1309 75 27 bidrag
462 1310 39 21 och
524 1309 118 22 understöd
661 1310 82 21 utifrån
762 1309 101 26 fordrats,
888 1309 40 22 och
944 1311 32 19 att
991 1316 36 15 en-

199 1337 71 23 skilda
284 1338 123 27 föreningar
418 1338 41 22 fått
473 1338 62 22 träda
551 1338 97 27 emellan,
665 1339 27 21 då
707 1338 128 27 regeringen
850 1338 48 22 icke
913 1338 58 28 gjort
984 1338 42 26 det,

199 1368 56 19 samt
278 1369 32 19 att
331 1367 165 21 kommunernas
520 1366 150 28 offervillighet
692 1368 19 26 ej
733 1367 56 21 varit
812 1367 25 21 så
857 1369 52 25 stor,
926 1373 47 16 som
988 1367 39 21 här

197 1393 134 23 framhållits.

267 1424 116 21 Dessutom
406 1424 36 21 vill
462 1424 38 26 jag
524 1424 109 26 slutligen,
655 1424 27 21 då
695 1424 38 26 jag
748 1430 44 20 nog
806 1424 43 21 kan
864 1423 67 22 förstå
947 1424 22 21 af
983 1424 42 22 den

196 1451 41 21 här
252 1451 61 22 förda
328 1452 149 22 diskussionen
492 1452 54 21 huru
564 1452 73 27 frågan
653 1453 98 21 kommer
766 1454 34 20 att
815 1452 111 26 resultera,
942 1453 7 20 i
965 1453 60 21 stån-

197 1479 49 22 dets
269 1480 108 27 protokoll
399 1481 46 21 från
466 1481 70 21 denna
551 1480 104 27 landtdag
670 1480 22 22 få
707 1482 85 26 intaget
807 1487 92 15 namnen
914 1481 28 27 på
957 1481 68 27 några

197 1507 24 21 af
245 1508 26 22 de
296 1509 132 27 kommuner,
451 1509 71 22 hvilka
538 1511 57 19 ännu
618 1510 67 21 sakna
708 1510 126 21 folkskolor.
865 1510 41 26 Jag
926 1510 35 21 vill
977 1510 46 21 från

195 1530 48 28 Åbo
260 1537 39 22 och
315 1538 145 27 Björneborgs
475 1538 42 27 län,
535 1538 93 22 derifrån
644 1538 57 22 mina
717 1539 66 21 ärade
798 1534 226 37 medrepresentanter
