1106 1739
234 110 55 21 1020
540 111 27 19 26
583 118 18 17 p.
618 112 78 19 Huhtik.

202 175 19 28 ej
238 175 64 28 ,med
317 175 53 27 godt
392 175 109 22 samvete"
516 175 43 22 kan
573 175 72 23 lemna
664 175 68 28 något
747 175 64 22 stöd?
840 175 64 23 Hvad
919 175 64 23 hafva
996 181 33 16 re-

202 205 140 21 servanterna
356 205 33 21 alt
404 204 74 23 anföra
493 207 58 20 emot
567 205 62 22 dem?
641 217 24 4 —
678 205 50 22 Med
743 205 99 22 ständets
857 205 103 22 tillåtelse
974 204 55 23 skall

199 233 39 27 jag
252 234 97 21 närmast
370 233 45 22 tala
430 239 33 16 om
480 233 113 28 ,,Svenskä
614 233 134 23 folkskolans
764 233 101 28 vänner",
883 233 28 23 då
928 234 39 27 jag
984 236 45 20 tror

202 261 44 28 mig
261 263 50 20 veta
326 263 33 20 att
374 269 26 15 en
416 269 70 15 annan
501 262 69 23 talare
585 263 41 21 här
641 263 96 22 kommer
752 264 33 20 att
800 264 51 25 taga
867 280 11 9 ,
882 263 97 22 Svenska
993 263 35 22 lit-

201 291 218 27 teratursällskapet"
434 291 7 22 i
456 291 89 22 försvar.
573 292 31 21 Ur
620 291 41 22 den
677 292 8 21 i
700 291 131 28 sällskapets
844 291 137 28 julkalender
996 291 33 23 för

204 321 53 20 1887
273 319 89 28 intagna
376 321 153 26 redogörelsen
552 320 59 23 öfver
631 321 51 21 dess
697 320 144 27 verksamhet,
858 320 87 23 hvilken
959 320 68 23 finnes

201 348 39 22 här
255 348 111 27 tillhands,
381 349 36 22 vill
429 349 39 28 jag
483 349 91 28 uppläsa
588 349 95 28 följande
698 349 100 28 stycken:

270 378 88 26 »Under
373 377 51 23 åren
442 380 140 20 1882—1888
605 378 65 22 hafva
685 378 23 22 af
726 378 119 28 sällskapet
860 378 98 22 Svenska
972 378 55 22 folk-

201 406 88 22 skolans
304 409 80 20 vänner
398 407 95 28 utgifvits
510 409 26 20 36
552 407 91 28 stycken
659 407 125 25 understöd,
796 413 35 16 om
846 407 6 22 i
868 407 101 22 medeltal
985 409 41 20 225

200 435 68 27 mark,
284 435 32 23 till
339 436 92 22 svenska
449 436 120 22 folkskolor
583 437 7 21 i
606 436 71 22 skilda
696 436 59 22 delar
771 435 23 23 af
807 436 84 26 landet;
915 436 112 22 dessutom

200 464 64 22 hafva
279 465 124 27 ytterligare
427 466 24 21 15
475 466 75 27 anslag
572 465 70 23 blifvit
663 466 115 22 bestämda
801 466 33 22 att
855 465 86 23 utdelas
957 466 69 22 under

201 495 96 20 närmast
312 493 94 28 följande
422 494 29 22 år.

270 522 40 22 Till
326 524 25 20 45
375 522 149 23 folkbibliotek
547 523 40 23 och
603 525 28 20 28
646 523 128 28 lotsplatser
797 522 64 23 hafva
884 524 70 22 större
975 523 52 22 eller

200 551 83 23 mindre
298 552 110 22 inbundna
429 552 160 28 boksamlingar
615 552 69 22 blifvit
707 552 102 27 skänkta;
835 552 106 28 derjämte
963 551 64 23 hafva

200 580 78 28 många
293 580 211 23 folkskolebibliotek
519 582 86 21 erhållit
620 582 81 21 böcker
717 581 39 22 och
772 582 80 21 kartor.

268 610 43 22 För
326 610 124 27 spridandet
466 610 21 22 af
501 610 84 28 nyttiga
607 610 124 28 kunskaper
753 610 66 22 hafva
837 610 73 22 hållits
927 611 26 21 52
969 609 56 23 före-

201 638 53 26 drag
270 638 7 22 i
292 638 74 22 städer
382 639 39 22 och
437 639 97 27 omkring
546 641 40 20 160
597 640 29 26 på
641 639 161 27 landsbygden;
818 639 207 28 resestipendiernas

201 667 161 27 sammanlagda
378 668 77 28 belopp
471 668 94 28 uppgick
581 668 32 22 till
630 670 63 26 2,600
708 668 68 22 mark.

270 696 75 22 Såsom
367 697 118 22 understöd
507 698 24 21 åt
552 699 79 21 tvänne
659 696 156 28 folktidningar
839 696 64 23 hafva
928 696 96 29 utgifvits

199 724 65 28 5,400
280 725 66 22 mark.

268 754 145 28 Föreningens
435 754 159 28 publikationer
616 756 90 26 utgöras
729 754 22 23 af
767 756 25 20 15
809 756 27 20 st.
852 754 74 23 häften
945 754 24 22 af
986 754 38 22 all-

199 783 129 27 männyttigt
350 783 41 23 och
413 784 138 22 skönliterärt
572 783 100 27 innehåll,
689 786 13 20 2
718 786 27 20 st.
761 784 138 22 illustrerade
917 783 106 28 julkalen-

199 812 56 26 drar,
272 814 12 20 8
300 814 28 20 st.
344 812 134 22 ströskrifter
493 828 12 11 ,,
508 813 68 22 Valda
596 813 78 27 sånger
691 813 41 22 och
747 812 72 22 visor"
835 814 58 21 samt
909 812 114 28 ,,Läsebok

198 840 33 22 för
246 840 132 23 folkskolans
393 843 78 21 tvänne
485 842 60 26 lägre
561 842 191 28 ärsafdelningar''.

266 869 56 23 Hela
337 870 41 22 den
394 876 88 21 summa,
498 876 46 16 som
558 871 120 27 sällskapet
693 888 12 9 ,,
709 870 98 23 Svenska
821 869 134 23 folkskolans
971 872 52 20 vän-

198 898 52 22 ner'
266 899 68 21 under
350 899 26 22 de
399 899 174 27 tilländagängna
589 902 11 19 5
617 900 52 22 åren
684 899 87 28 utgifvit
786 899 7 21 i
809 898 213 29 folkupplysningens

198 926 74 28 tjenst,
288 929 64 26 utgör
366 928 55 22 efter
435 928 74 28 afdrag
524 928 23 22 af
560 928 147 28 aflöningarna
722 928 59 22 öfver
796 930 78 25 40,000
889 928 82 22 mark."

266 956 134 28 Föreningen
415 957 111 26 ,,Svenska
540 957 135 22 folkskolans
689 957 96 23 vänner"
801 957 40 21 har
857 957 90 22 sålunda
963 957 60 21 verk-

197 986 57 20 samt
268 985 86 22 arbetat
368 986 6 21 i
390 986 211 28 folkupplysningens
617 986 67 28 tjenst
699 986 46 22 dels
761 992 78 21 genom
855 987 33 20 att
903 986 64 22 stöda
982 986 41 22 och

196 1013 77 28 främja
287 1014 119 22 folkskolor
420 1015 39 22 och
475 1014 156 27 folkbibliotek,
649 1015 46 22 dels
717 1021 79 21 genom
814 1014 155 22 föranstaltade
984 1020 39 22 po-

196 1042 77 27 pulära
288 1042 100 28 föredrag
402 1044 6 20 i
424 1044 72 22 städer
519 1044 40 22 och
581 1044 152 28 landsbygder,
757 1044 48 22 dels
828 1049 77 21 genom
921 1044 46 22 sina
982 1043 40 22 tal-

196 1071 48 21 rika
259 1072 40 21 och
314 1072 117 22 värdefulla
446 1073 164 27 publikationer,
622 1073 40 22 och
674 1073 91 22 sälunda
777 1072 54 22 efter
845 1072 97 27 förmäga
952 1072 69 28 spridt

196 1100 92 22 vetande
304 1101 41 21 och
367 1101 123 28 kunskaper
513 1102 56 22 ända
593 1102 42 22 ned
651 1102 32 21 till
699 1101 79 23 folkets
795 1101 100 27 djupaste
911 1101 41 22 led.
983 1101 38 22 Att

196 1128 120 28 sällskapet
332 1130 74 22 härvid
421 1131 65 21 vändt
501 1130 33 28 sig
550 1131 32 21 till
599 1131 40 21 den
659 1131 92 21 svenska
767 1130 88 22 talande
871 1130 150 27 befolkningen

196 1157 7 21 i
218 1158 82 26 landet,
315 1158 63 22 beror
393 1159 28 27 pä
437 1161 32 20 att
484 1159 70 22 denna
568 1159 125 27 befolkning
709 1159 110 22 befunnits
834 1165 52 16 vara
901 1160 72 21 mest
961 1153 14 38 i
984 1159 37 22 be-

197 1186 39 22 hof
248 1186 24 22 af
285 1187 57 27 dylik
358 1187 63 28 hjelp,
438 1189 90 21 emedan
551 1188 40 22 den
606 1188 93 22 lemnats
722 1188 67 27 något
803 1188 29 27 pä
847 1188 62 21 sidan
925 1188 40 22 och
978 1187 43 23 för-

197 1217 112 25 summats,
325 1216 145 28 kringkastad,
486 1223 45 16 som
548 1218 41 21 den
605 1217 32 21 till
653 1219 46 20 stor
715 1217 33 22 del
765 1216 73 28 lefver,
849 1216 29 28 pä
887 1216 82 22 holmar
980 1216 40 22 och

196 1244 52 22 skär
262 1244 62 27 kring
338 1245 101 22 Finlands
455 1246 76 22 kuster
545 1246 7 21 i
568 1245 95 27 torftiga,
679 1246 50 27 föga
743 1245 147 23 afundsvärda
904 1245 116 22 förhällan-

196 1272 48 22 den.
274 1273 80 23 Vidare
376 1274 64 22 beror
462 1275 69 21 denna
553 1274 151 22 inskränktare
727 1274 95 28 riktning
841 1274 34 22 för
890 1274 129 27 sällskapets

195 1302 139 22 verksamhet
358 1303 73 27 derpä,
455 1305 32 19 att
508 1304 29 27 pä
556 1304 68 21 andra
646 1303 44 22 häll
706 1306 69 24 vägen
790 1302 67 23 redan
873 1304 110 26 upptagits
999 1302 23 22 af

195 1330 74 27 andra,
280 1331 72 22 hvilka
366 1332 29 27 pä
410 1332 107 27 prisvärdt
531 1334 45 20 sätt
591 1332 76 22 arbeta
681 1332 34 22 för
730 1332 42 22 den
783 1333 60 21 stora
853 1331 70 22 finska
932 1332 87 22 talande

195 1358 163 28 befolkningens
374 1360 90 22 fromma
479 1361 7 21 i
501 1361 102 22 liknande
618 1361 109 22 afseende.
758 1378 5 9 ,
766 1360 105 27 Svenska
885 1360 134 22 folkskolans

194 1389 96 21 vänner"
306 1389 39 21 har
362 1389 90 22 sålunda
474 1390 77 22 endast
565 1389 48 28 fyllt
628 1396 27 16 en
669 1390 71 26 lucka,
757 1389 129 23 bortskaffat
901 1396 26 15 en
942 1389 56 22 brist
1012 1390 7 20 i

196 1416 37 22 det
248 1418 66 26 stora,
337 1423 158 21 gemensamma
517 1419 191 27 bildningsarbete,
727 1418 88 22 hvartill
835 1418 81 22 enhvar
931 1424 88 16 numera

194 1445 40 22 hos
251 1452 36 16 oss
303 1446 64 22 söker
382 1447 89 27 bidraga
493 1448 48 22 med
561 1448 33 21 sin
609 1448 66 27 skärf,
689 1447 55 23 efter
759 1448 34 21 sin
807 1447 107 27 förmäga;
936 1446 83 23 hvilket

193 1474 191 28 bildningsarbete,
401 1482 34 16 om
451 1476 36 22 det
502 1476 132 22 fortfarande
657 1476 74 22 stödes
753 1476 42 22 och
809 1476 88 28 främjas
912 1476 49 22 med
977 1476 42 22 alla

193 1502 90 24 tillbuds
306 1504 90 23 stäende
418 1505 77 28 medel,
518 1505 85 28 engäng
625 1505 55 23 skall
702 1506 53 22 bära
778 1505 43 28 god
839 1504 59 23 frukt
913 1504 40 24 och
968 1504 50 29 höja

192 1532 52 22 land
259 1532 40 23 och
314 1533 52 23 folk.
