1100 1725
399 108 26 20 10
440 116 19 18 p.
474 110 82 18 Maalisk.
825 108 41 21 623

65 180 50 15 man
130 173 74 27 skjuta
217 171 55 23 ifrån
293 173 32 27 sig
340 173 71 22 denna
426 172 46 27 sak,
488 178 35 16 om
539 172 67 22 också
622 172 13 22 å
648 173 68 21 andra
731 172 44 22 håll
794 173 2 21 i
812 179 82 16 samma

66 202 55 27 syfte
137 201 85 27 gående
238 201 103 26 åtgärder
355 204 38 19 äro
410 201 23 22 af
446 201 86 22 nöden?
557 202 103 21 Tvertom
676 208 50 15 vore
743 201 37 22 det
795 202 35 22 väl
845 202 47 21 skäl

66 232 33 20 att
114 230 96 28 afhjelpa
225 230 59 21 såväl
300 230 37 21 det
352 230 163 27 ifrågavarande
530 236 46 15 som
593 230 67 21 andra
676 230 71 28 dylika
762 230 132 22 missförhål-

66 259 83 21 landen.
166 259 63 21 Ännu
251 258 36 21 må
301 258 104 28 påpekas,
422 260 33 20 att
470 258 134 22 Mariehamn
620 260 24 20 är
660 264 26 16 en
699 259 49 21 stad
758 260 49 20 med
817 261 77 19 nästan

66 288 64 27 ingen
153 293 70 16 annan
245 286 169 28 framtidsutsigt
436 289 27 20 än
485 288 47 27 just
555 287 48 26 den,
622 293 47 16 som
685 287 71 22 kunde
771 288 80 27 uppstå
865 288 29 27 pä

68 317 69 21 denna
152 318 47 25 väg.
225 315 82 22 Staden
323 316 39 21 har
377 316 63 27 ingen
456 316 80 21 handel
552 316 40 22 och
610 316 96 21 kommer
721 316 48 21 icke
784 318 33 19 att
831 317 62 20 hafva

68 351 26 16 en
117 345 66 22 sådan
207 343 22 22 af
250 345 37 21 det
307 345 107 26 naturliga
432 345 55 26 skäl,
503 346 33 20 att
552 347 62 19 orten
629 345 63 26 kring
708 345 123 21 densamma
846 345 48 21 icke

66 374 44 21 kan
130 373 149 22 åstadkomma
297 373 127 27 tillräckligt
439 373 173 28 exportartiklar,
629 373 41 22 och
686 373 37 22 det
737 375 24 20 är
777 373 65 22 också
857 379 37 16 en-

68 403 49 21 dast
136 402 66 27 några
217 401 21 22 få
253 401 121 22 handlande
390 401 28 28 på
432 402 94 27 platsen,
542 408 46 15 som
604 401 115 28 tillgodose
735 404 72 19 ortens
823 401 69 22 behof.

68 431 51 22 Som
134 431 70 27 sagdt,
221 431 76 21 staden
312 430 39 21 har
366 431 64 26 ingen
446 430 119 22 nämnvärd
578 430 100 22 tillförsel
689 431 18 26 ej
719 430 68 22 heller
797 430 95 26 utförsel,

68 466 48 15 men
137 460 50 21 dess
202 459 49 27 läge
266 459 120 27 berättigar
401 459 55 22 dock
473 459 31 22 till
520 459 168 28 förhoppningar
701 459 47 27 just
763 459 6 21 i
785 459 41 22 den
842 459 52 21 rikt-

67 489 56 26 ning,
139 489 89 21 hvarom
242 487 40 22 här
296 493 29 16 nu
341 490 24 19 är
379 487 68 28 fråga.
471 489 56 24 Men,
544 488 73 21 såsom
630 488 38 27 jag
682 488 67 21 redan
765 488 28 27 på
807 487 86 22 förmid-

68 517 68 27 dagen
152 517 56 22 hade
223 519 50 19 äran
289 516 120 27 framhålla,
426 517 39 21 allt
481 517 61 21 detta
556 517 71 21 måste
643 517 55 21 dock
714 517 74 22 ställas
804 517 7 21 i
827 517 66 20 andra

67 547 99 25 rummet,
191 545 27 21 då
241 545 37 22 det
301 545 67 27 gäller
387 547 33 20 att
440 545 66 22 häfda
521 545 85 22 landets
623 547 38 19 ära
677 545 40 22 och
732 544 49 28 fylla
797 551 26 16 en
838 545 55 27 pligt

68 575 110 26 gentemot
193 573 67 28 öfriga
274 574 106 22 nationer.
403 573 115 23 Saknaden
534 574 7 21 i
556 574 48 21 vårt
619 574 51 21 land
684 573 22 22 af
715 580 26 15 en
752 574 57 27 dylik
820 574 73 21 order-

68 603 62 27 plats,
155 603 39 21 der
216 602 71 28 fartyg
307 602 72 22 kunde
394 603 73 27 inlöpa
483 605 52 19 utan
551 604 33 20 att
599 602 65 22 blifva
680 604 63 26 tungt
757 602 135 26 beskattade,

68 632 39 21 har
122 631 66 22 också
203 631 66 22 redan
285 631 63 27 länge
364 631 22 22 af
400 632 198 27 sjöfartstidningar
613 632 7 20 i
636 632 52 21 våra
698 631 143 27 grannländer
852 636 42 22 nog

68 660 77 28 tydligt
158 660 135 21 framhållits.

136 689 216 27 Landtdagsmannen
375 688 118 28 Lindberg:
515 689 34 21 Då
570 688 40 22 här
633 688 57 22 inom
713 694 26 16 en
761 688 49 22 kort
829 688 64 21 stund

68 719 78 20 tvänne
166 717 67 22 ärade
254 717 67 21 talare
337 717 78 21 uttalat
431 719 32 19 ett
478 717 90 22 klander
582 719 46 19 mot
642 717 110 21 utskottet
767 716 77 26 derför,
861 718 33 20 att

69 746 37 22 det
127 746 48 22 icke
197 745 135 23 införskaffat
354 746 115 26 utredning
490 752 34 16 om
540 746 82 21 antalet
637 746 145 26 skeppsbrott,
799 751 47 15 som
861 745 32 21 in-

68 774 73 22 träffat
160 775 7 21 i
188 774 105 22 närheten
309 774 24 21 af
345 774 140 27 Mariehamn,
502 774 40 22 och
558 774 29 27 på
602 774 71 22 denna
688 774 69 26 grund
772 774 62 21 hållit
848 773 45 22 före

68 805 34 20 att
124 803 47 21 skäl
193 803 47 22 icke
263 802 123 22 förefunnes
405 804 33 20 att
457 803 39 21 der
511 803 81 21 inrätta
607 803 67 27 några
689 802 62 28 fyrar,
767 802 26 22 så
807 802 35 22 vill
856 802 37 27 jag

68 832 34 21 till
123 832 65 21 dessa
208 832 65 21 ärade
291 832 78 21 talares
385 831 155 27 begrundande
556 831 137 25 öfverlemna,
709 831 104 21 huruvida
828 832 15 20 t.
861 837 31 15 ex.

68 861 7 21 i
91 862 70 20 större
176 860 79 27 städer,
272 860 39 22 der
325 860 71 27 lyktor
411 860 95 22 nattetid
520 860 68 22 finnas
600 860 130 27 upphängda
740 860 28 27 på
778 860 26 21 de
815 859 79 22 ställen

71 889 23 22 af
111 891 71 25 gatan,
204 889 88 22 hvarest
307 889 6 21 i
327 889 52 27 följd
394 889 22 22 af
431 895 26 16 en
474 889 52 22 eller
541 895 70 16 annan
628 889 114 26 anledning
757 888 137 27 försigtighet

70 920 24 19 är
116 917 22 22 af
158 918 78 26 nöden,
259 918 147 26 magistraten,
431 917 65 22 innan
519 917 41 22 den
584 917 87 27 ålägger
686 917 160 22 vederbörande
862 918 32 20 att

69 946 109 27 uppställa
194 947 71 26 dylika
281 947 76 26 lyktor,
373 946 111 27 verkligen
500 946 65 22 bordt
579 945 95 22 infordra
689 952 110 21 noggrann
809 945 85 27 uppgift

70 975 65 26 öfver,
156 975 56 21 huru
227 975 78 27 många
320 975 122 22 menniskor
458 975 42 22 och
514 975 56 21 huru
585 975 79 27 många
679 975 74 21 hästar
768 974 79 22 skadat
862 974 32 27 sig

70 1004 12 21 å
98 1003 97 22 stället?!
226 1004 42 21 För
287 1003 89 22 alldeles
394 1003 102 22 liknande
512 1003 99 22 ändamål
626 1003 92 22 inrättas
734 1003 80 22 sådana
829 1002 63 28 fyrar,

69 1033 87 21 hvarom
179 1032 41 21 här
242 1034 24 19 är
288 1032 66 27 fråga,
378 1033 40 21 och
441 1032 86 22 således
551 1032 33 21 för
603 1034 33 19 att
656 1032 190 27 olyckshändelser
860 1031 35 21 må

68 1061 73 50 va
159 1061 105 22 undvikas
281 1061 41 22 och
337 1061 47 22 icke
400 1061 32 22 för
448 1063 34 20 att
497 1061 82 27 utpeka
594 1062 33 20 att
642 1061 82 21 sädana
740 1061 37 21 der
791 1060 58 21 förut
863 1059 32 22 in-

69 1091 78 20 träffat.

136 1117 114 22 Edusmies
266 1117 74 23 Klami
353 1117 75 28 luopui
444 1119 166 26 pyytämästään
620 1117 194 28 puheenvuorosta,
825 1116 71 22 koska

69 1146 70 22 hänen
154 1146 128 22 mielestään
297 1147 82 21 asiasta
392 1147 22 27 jo
431 1147 28 21 oli
475 1147 93 27 kylläksi
583 1147 145 21 keskusteltu.

137 1175 114 22 Edusmies
267 1175 86 28 Pöysti:
369 1176 121 22 Useimmat
505 1176 65 21 niistä
582 1175 116 22 arvoisista
708 1174 116 28 puhujista,
833 1174 62 27 jotka

69 1205 51 21 ovat
141 1204 144 22 valiokunnan
308 1204 112 22 mietintöä
434 1204 161 27 puolustaneet,
612 1206 50 20 ovat
676 1204 115 21 lausuneet
805 1202 90 28 mielipi-

69 1233 61 25 teitä,
143 1232 67 28 joista
225 1233 93 27 helposti
334 1233 48 21 olisi
398 1233 74 21 voinut
488 1232 68 22 saada
571 1239 38 15 sen
625 1232 132 28 käsityksen,
769 1234 45 20 että
824 1233 72 20 vasta-

68 1261 88 22 lauseen
180 1262 76 27 tekijät
278 1262 65 21 muka
365 1261 86 22 olisivat
468 1263 152 20 vastustaneet
636 1260 260 22 anomus-ehdotuksessa

68 1290 116 27 toivottuja
203 1290 152 27 parannuksia.
385 1290 49 21 Niin
455 1290 20 22 ei
491 1290 132 22 kuitenkaan
639 1290 34 21 ole
688 1290 61 21 asian
765 1289 57 25 laita,
839 1288 55 25 sillä,

67 1318 96 22 niinkuin
179 1319 151 21 vastalauseen
346 1320 106 26 ponnesta
469 1319 89 21 selvästi
574 1319 42 27 käy
631 1318 50 27 ilmi,
698 1318 150 22 vastalauseen
863 1318 32 30 te-

67 1347 55 27 kijät
138 1347 57 21 eivät
211 1348 103 21 suinkaan
330 1348 34 21 ole
379 1348 59 21 näitä
449 1347 145 22 toivomuksia
604 1348 156 25 vastustaneet,
771 1352 54 16 vaan
836 1346 59 26 päin-

67 1376 85 21 vastoin
168 1377 50 21 ovat
233 1376 64 22 hekin
312 1376 72 22 niiden
400 1376 162 22 toteuttamista
576 1376 162 25 kannattaneet,
752 1374 106 26 vaikkapa
868 1373 27 21 he

68 1404 86 22 ovatkin
178 1405 109 26 arvelleet,
311 1406 46 20 että
380 1411 27 15 ne
430 1405 87 21 olisivat
536 1406 156 20 toteutettavat
712 1404 66 21 toista
797 1403 54 21 tietä
868 1402 27 22 eli

68 1432 131 23 hallituksen
222 1433 154 27 toimenpiteen
398 1434 84 21 kautta.
514 1434 62 21 Enkä
597 1433 63 22 minä
678 1432 141 23 tosiaankaan
836 1431 60 22 luule

67 1462 144 21 valiokunnan
222 1463 116 21 mietinnön
349 1462 146 27 puolustajien
506 1462 76 22 voivan
593 1461 133 22 todenteolla
736 1461 87 26 väittää,
833 1459 63 22 ettei-

67 1492 37 19 vät
126 1490 132 22 hallituksen
279 1491 99 21 edelliset
393 1491 152 27 toimenpiteet
560 1491 189 21 meriliikkeemme
764 1488 131 29 parantami-

67 1519 59 21 seksi
147 1519 110 22 ansaitsisi
278 1519 42 22 sitä
339 1519 149 27 luottamusta,
503 1519 68 28 jonka
586 1519 152 22 vastalauseen
753 1518 76 27 tekijät
846 1518 49 20 ovat
