1106 1734
416 106 27 20 26
459 113 19 18 p.
495 107 76 19 Huhtik.
591 99 2 2 -
827 106 53 20 1021

152 170 41 22 Om
208 170 60 22 detta
283 170 95 27 sällskap
394 170 69 22 utläta
479 170 34 27 sig
527 171 166 21 reservanterna
703 170 119 21 emellertid
833 170 28 27 pä
871 169 40 22 föl-

82 200 65 26 jande
162 200 54 21 sätt:
233 216 12 10 ,,
255 199 22 27 Ty
288 200 97 25 emedan,
397 199 73 21 såsom
485 199 86 26 bekant,
583 199 66 21 dessa
664 198 95 28 sällskap
775 200 38 20 äro
824 198 87 22 bundna

84 228 34 22 till
134 234 26 16 en
174 228 144 27 verksamhet,
335 234 47 16 som
405 228 78 22 endast
499 227 58 22 afser
572 229 33 20 att
620 234 71 21 gagna
706 227 85 22 landets
807 228 103 22 svenska-

84 257 87 22 talande
186 257 110 22 minoritet
312 257 40 21 och
368 257 50 22 dess
441 256 73 28 språk,
531 256 100 22 sträcker
646 256 33 27 sig
695 256 63 22 deras
773 256 137 22 verksamhet

84 286 56 22 blott
154 286 34 21 till
204 292 26 16 en
244 285 156 28 jemförelsevis
415 286 61 26 ringa
492 285 34 22 del
542 285 23 22 af
578 285 50 22 hela
643 285 70 22 finska
727 285 74 22 folket.
826 286 34 20 Då
873 286 38 26 jag

84 315 48 22 icke
146 315 7 21 i
168 316 104 20 testators
288 315 50 21 ädla
352 315 139 21 verksamhet
506 314 42 22 kan
563 314 58 22 finna
636 314 116 27 anledning
763 314 32 21 till
806 320 26 16 en
843 314 68 22 sådan

84 344 103 27 tolkning,
202 345 33 20 att
249 344 42 21 han
306 344 50 21 med
371 344 46 21 sina
432 343 116 27 tillgångar
562 344 59 21 velat
635 343 66 22 bland
717 344 66 20 annat
797 343 58 27 hylla
870 342 40 22 och

84 372 100 22 befordra
199 372 69 22 finska
282 372 80 22 folkets
379 372 85 27 delning
479 372 8 22 i
501 374 80 20 tvänne
597 372 108 22 särskilda
720 372 121 22 hvarandra
855 373 55 20 mot-

85 403 58 20 satta
158 408 94 22 grupper
267 402 52 21 eller
341 401 49 22 med
413 402 67 20 andra
496 401 39 22 ord
550 400 105 28 befrämja
670 400 219 28 partiförhållandena
903 400 8 21 i

84 430 74 22 landet
180 431 41 21 och
244 430 34 26 då,
301 430 71 21 såsom
396 430 89 21 allmänt
501 432 23 19 är
539 430 88 26 bekant,
644 430 65 21 dessa
731 430 95 27 sällskap
847 434 63 23 synas

85 465 41 21 ega
140 461 53 20 nära
208 459 100 27 beröring
324 459 48 21 med
386 458 227 27 partiförhållandena,
630 458 27 22 då
673 459 110 21 desamma
797 459 48 22 icke
860 457 51 28 vilja

84 489 50 21 veta
149 488 37 22 det
201 488 96 27 ringaste
312 487 24 22 af
348 488 71 26 någon
440 487 57 22 finsk
519 487 138 22 nationalitet
678 487 122 28 härstädes,
815 488 43 21 kan
871 487 38 27 jag

84 517 49 22 icke
147 517 113 27 godkänna
276 517 41 22 den
332 516 121 27 gifmildhet
468 516 109 22 utskottet
587 516 85 22 bevisat
683 516 23 21 ät
717 517 63 21 dessa
790 515 118 28 sällskap."

152 547 44 21 Det
211 548 24 19 är
249 546 69 21 under
333 546 62 27 djupt
415 545 136 27 beklagande
571 545 38 28 jag
624 545 43 22 läst
683 545 41 22 och
739 545 90 22 återläst
845 545 64 21 dessa

84 575 63 22 rader
161 575 7 21 i
184 575 159 22 reservationen
366 580 35 16 n:o
417 576 20 20 2.
467 575 32 27 Ty
515 574 61 22 detta
599 574 66 27 språk
687 574 40 21 har
747 574 108 27 knappast
870 573 39 22 sitt

84 610 107 21 ursprung
205 603 8 22 i
229 605 31 20 ett
274 603 33 22 för
322 603 49 22 hela
387 603 46 22 vårt
448 603 56 22 folks
519 603 35 22 väl
569 603 122 27 klappande
706 603 76 27 hjerta.
813 603 43 21 Det
871 608 37 15 an-

86 633 38 22 das
138 633 64 27 ingen
225 639 53 15 sann
298 632 174 22 broderskärlek.
502 632 43 22 Det
559 632 113 27 påminner
687 632 44 27 mig
745 632 56 21 blott
817 637 34 16 om
867 631 41 22 den

85 664 65 25 store,
173 661 95 28 mäktige
290 661 99 27 brodren,
406 667 46 16 som
475 661 101 27 hjertlöst
591 663 62 25 tager
668 661 50 22 bort
733 660 113 23 brödbiten
861 659 47 22 från

85 691 33 22 sin
132 697 66 22 yngre
213 691 79 22 broder
314 689 71 23 derför
405 692 33 20 att
453 690 70 22 denne
547 691 24 20 är
587 696 91 21 svagare
694 689 41 22 och
751 691 32 20 att
798 689 60 22 detta
873 689 35 21 så-

84 719 66 23 lunda
163 720 57 21 låter
234 719 70 22 utföra
320 719 38 28 sig.
389 719 46 22 Och
451 720 34 21 att
499 719 70 22 denna
583 720 48 21 röst
645 719 65 26 utgår
724 718 47 22 från
785 718 88 22 lederna
887 717 24 22 af

85 749 37 22 det
136 749 64 22 stånd
213 749 38 27 jag
266 755 28 15 nu
309 748 39 22 har
370 747 87 22 framför
477 747 44 28 mig
543 749 94 20 smärtar
657 748 44 27 mig
715 749 62 25 mest,
794 747 28 22 då
834 747 39 27 jag
888 746 18 27 ej

84 777 44 22 kan
144 777 93 28 glömma
258 777 56 22 huru
336 778 57 21 stor-
408 777 41 22 och
474 776 115 22 frisinnadt
613 777 62 22 detta
697 776 64 22 stånd
784 775 124 28 upprepade

85 806 81 28 gånger
180 807 56 21 visat
252 806 32 27 sig
299 812 51 16 vara
364 805 36 23 vid
415 806 71 21 denna
501 805 110 27 landtdag.

154 835 46 22 Och
216 835 56 22 hvad
288 835 55 22 skall
358 841 50 15 man
430 834 75 22 anföra
527 835 59 21 emot
601 834 61 22 detta
677 833 76 22 utfall?
782 832 125 28 Ingenting!

84 864 46 22 Der
144 863 68 23 finnes
228 864 18 28 ej
264 865 32 21 ett
318 863 55 23 enda
397 863 90 28 faktum,
510 863 55 22 intet
586 863 67 27 bevis,
669 863 82 21 hvilket
773 869 48 15 man
836 861 72 23 kunde

85 896 51 24 taga
150 893 58 22 fasta
223 894 28 26 på
273 893 40 22 och
335 893 126 22 motbevisa.
492 892 44 22 Der
555 892 68 22 finnes
647 892 79 22 endast
747 891 162 28 hänsyftningar

84 922 41 22 och
150 922 161 27 insinuationer,
334 922 41 22 och
398 922 28 27 på
449 922 70 21 denna
533 923 42 25 väg
589 921 37 22 vill
646 921 38 28 jag
704 921 19 27 ej
747 920 32 22 slå
801 920 28 22 in.
866 920 42 27 Jag

84 953 77 25 vägrar
175 951 135 27 kategoriskt
332 952 33 20 att
380 953 51 25 taga
446 950 36 22 del
496 951 7 21 i
519 950 52 22 slikt
585 950 36 22 vid
637 956 27 16 en
683 949 224 27 ständerförsamling;

85 980 40 22 och
140 980 141 22 öfverlemnar
294 978 175 24 förtroendefullt
483 979 33 21 till
532 979 99 22 ståndets
647 978 142 28 behjertande
802 977 56 23 hvad
871 978 37 28 jag

84 1009 57 22 förut
156 1008 71 23 anfört
242 1015 34 15 om
292 1026 12 10 ,,
307 1008 96 23 Svenska
418 1008 133 22 folkskolans
567 1008 107 22 vänners"
690 1007 143 22 verksamhet.

151 1038 217 27 Landtdagsmannen
383 1037 111 27 Råbergh:
524 1037 38 21 Uti
577 1037 27 21 de
627 1036 66 22 ärade
716 1035 192 23 utskottsledamö-

84 1068 60 21 terne
160 1066 37 22 hrr
212 1066 124 28 Landgrens
359 1066 41 22 och
414 1066 127 27 Hornborgs
563 1066 134 22 reservation
717 1065 143 22 förekommer
874 1066 35 20 ut-

84 1096 85 27 trycket
185 1097 33 20 att
230 1096 138 26 ,,sällskapen
383 1095 98 22 Svenska
501 1094 134 22 folkskolans
650 1096 82 20 vänner
751 1094 41 22 och
812 1093 97 23 Svenska

84 1124 239 28 Litteratursällskapet
346 1130 40 22 ega
408 1126 55 19 nära
484 1124 101 27 beröring
607 1123 49 22 med
682 1122 225 28 partiförhällandena,

84 1154 28 21 då
127 1153 109 23 desamma
251 1153 48 22 icke
314 1153 50 28 vilja
379 1154 50 21 veta
445 1152 38 22 det
504 1152 96 27 ringaste
616 1152 23 22 af
655 1152 71 27 någon
741 1152 55 22 finsk
811 1152 97 21 nationa-

83 1182 49 22 litet
145 1182 137 27 härstädes",
298 1182 100 22 hvarföre
420 1182 65 22 dessa
507 1181 96 27 sällskap
627 1181 18 27 ej
661 1181 74 26 heller,
752 1181 66 27 enligt
838 1186 70 16 reser-

83 1213 115 21 vanternas
214 1211 92 27 mening,
322 1211 67 21 borde
412 1210 148 28 ihågkommas
583 1210 50 22 med
647 1210 68 27 något
729 1210 76 27 bidrag
818 1209 46 21 från
881 1208 26 23 de

83 1240 151 28 Längmanska
248 1240 221 22 testamentsmedlen.
501 1239 41 22 Om
557 1239 41 21 ock
613 1239 65 21 dessa
693 1238 95 28 sällskap
803 1238 58 28 gjort
875 1238 32 21 till

84 1269 33 22 sin
132 1269 86 28 uppgift
232 1270 33 20 att
280 1268 139 22 uteslutande
434 1268 67 22 verka
511 1268 33 22 för
554 1268 141 27 upplysnings
712 1267 115 28 spridande
842 1266 65 22 bland

84 1298 40 22 den
147 1297 167 22 svensktalande
335 1297 152 27 befolkningen
502 1297 7 21 i
524 1296 49 22 vårt
591 1297 51 21 land
663 1296 40 22 och
725 1295 146 28 befrämjande
886 1295 23 21 af

84 1327 40 22 den
148 1326 181 28 svenskspråkiga
350 1326 138 21 litteraturen
507 1326 8 21 i
529 1325 82 26 landet,
627 1325 26 22 så
674 1325 62 28 följer
758 1323 65 27 deraf,
841 1323 66 27 enligt

83 1356 43 21 min
140 1355 72 27 tanke,
228 1355 122 28 ingalunda,
367 1356 33 20 att
414 1355 79 21 nämda
516 1353 96 28 sällskap
629 1353 71 22 derför
715 1354 69 21 skulle
799 1353 28 28 på
841 1352 67 27 något

83 1386 45 20 sätt
142 1385 54 22 söka
210 1384 144 27 undertrycka
370 1383 52 22 eller
436 1383 123 22 motarbeta
574 1383 42 21 den
631 1382 144 22 finsktalande
787 1381 120 23 befolknin-

83 1419 53 22 gens
151 1413 129 27 rättigheter
302 1413 52 22 eller
377 1412 111 27 uppställa
511 1411 76 22 hinder
608 1411 33 22 för
664 1411 38 22 det
723 1411 68 22 finska
807 1410 100 27 språkets

84 1442 52 22 eller
158 1442 42 21 den
222 1441 70 22 finska
314 1441 149 22 litteraturens
487 1440 129 27 utveckling.
646 1440 70 22 Hafva
731 1440 65 22 dessa
811 1439 96 27 sällskap

83 1471 119 22 emellertid
218 1471 57 27 gjort
290 1471 43 26 det,
350 1470 42 21 kan
408 1470 63 21 deras
489 1469 124 22 förfarande
629 1469 48 22 icke
692 1469 67 22 heller
775 1468 22 22 af
810 1468 43 26 mig
869 1467 38 27 gil-

82 1499 38 22 las.
150 1500 42 26 Jag
207 1499 33 22 för
254 1499 44 22 min
313 1498 35 23 del
363 1500 45 20 tror
424 1498 56 22 dock
496 1498 19 27 ej
531 1499 34 20 att
579 1497 26 22 så
620 1497 66 27 skett,
703 1498 40 21 och
757 1497 68 28 några
839 1496 67 27 fakta,

82 1534 47 17 som
144 1528 70 23 skulle
236 1527 134 28 ådagalägga
392 1529 33 20 ett
439 1527 53 22 slikt
507 1526 141 27 förhållande,
665 1525 64 24 hafva
743 1527 164 21 reservanterne
