1103 1728
420 114 11 19 7
448 121 18 17 p.
483 115 76 18 Huhtik.
834 113 37 20 79)

83 180 38 21 allt
135 179 33 23 för
183 179 41 22 den
239 179 76 27 fattiga
330 179 40 22 och
386 178 48 22 lösa
449 178 118 22 arbetande
579 177 151 28 befolkningen
742 177 23 22 af
773 178 131 28 synnerligen

83 211 46 19 stor
151 210 67 26 nyttä.
247 208 30 22 Ur
301 208 112 21 militärisk
430 207 109 28 synpunkt
554 207 41 22 kan
611 207 37 27 jag
664 207 47 21 icke
727 207 91 22 bedöma
833 207 72 27 saken,

83 237 28 22 dä
123 237 37 28 jag
175 237 78 22 saknar
269 237 64 26 nödig
347 236 155 27 fackkunskap,
518 242 48 15 men
581 236 38 27 jag
633 236 51 21 litar
698 235 75 22 härvid
789 236 28 27 pä
829 238 76 25 utsago

83 265 23 22 af
119 266 104 26 fackmän,
239 266 72 21 hvilka
327 266 41 21 alla
384 271 64 21 synas
463 265 86 22 förorda
565 265 70 21 denna
650 264 129 27 förändring,
797 265 39 22 och
849 266 6 21 i
866 265 40 22 lik-

83 295 37 22 het
135 295 47 21 med
199 295 204 26 landtdagsmannen
420 294 87 21 Avellan
523 294 42 21 kan
582 293 61 22 äfven
657 294 37 27 jag
710 293 28 27 pä
753 294 68 26 grund
832 295 22 21 af
863 294 42 21 min

83 324 145 27 pedagogiska
244 323 122 22 erfarenhet
381 323 112 21 framhälla
509 322 96 22 fördelen
621 322 22 21 af
658 324 32 19 att
706 329 25 14 en
745 323 46 21 elev
802 323 67 22 under
880 329 25 16 en

83 352 73 27 längre
172 353 30 21 tid
218 352 5 22 i
240 358 26 16 en
281 351 139 27 fortsättning
435 351 33 21 fär
483 351 84 28 ätnjuta
582 350 159 28 undervisning,
753 353 26 19 än
791 357 33 15 om
837 352 69 21 denna

83 381 92 22 fördelas
190 381 28 28 pä
233 380 50 23 flere
299 381 86 22 kortare
402 380 105 22 terminer.
528 380 34 22 Dä
573 380 85 22 säledes
670 380 131 26 antagandet
811 380 22 22 af
843 380 63 22 dessa

83 410 124 27 paragrafer
221 410 55 22 bäde
292 417 25 14 ur
332 409 113 22 militärisk
461 409 40 22 och
513 409 126 22 ekonomisk
651 409 107 28 synpunkt
768 409 69 22 skulle
848 410 58 21 med-

83 439 46 22 föra
143 439 33 22 för
192 439 26 22 de
233 439 156 27 värnepligtige
405 441 59 19 stora
479 438 99 26 fördelar,
594 439 42 20 kan
649 438 38 27 jag
702 438 47 21 icke
765 440 64 20 annat
841 441 26 20 än
879 439 27 27 pä

84 468 37 22 det
144 469 106 21 varmaste
273 467 85 22 förorda
374 467 131 27 antagandet
521 467 23 22 af
557 467 57 22 bäda
630 467 64 22 dessa
709 467 123 27 paragrafer
847 468 6 21 i
870 474 35 16 en-

83 497 67 27 lighet
165 497 49 22 med
231 497 40 21 den
287 497 48 21 näd.
351 496 168 27 propositionen.

150 526 217 27 Landtdagsmannen
383 525 126 21 Ehrström:
530 525 34 21 Då
579 525 7 21 i
603 525 69 21 denna
687 524 60 27 fråga
762 525 65 22 redan
843 525 63 28 långa

83 555 30 21 tal
135 555 69 22 blifvit
225 555 71 21 hållna
318 554 39 22 och
381 554 122 27 antagligen
524 553 71 28 dylika
616 556 55 19 ännu
686 553 84 22 komma
785 555 32 20 att
831 555 73 26 hållas,

84 584 54 21 skall
158 584 37 27 jag
217 583 87 22 försöka
327 585 32 19 att
381 583 55 21 fatta
454 583 44 26 mig
513 583 55 21 kort.
599 582 56 22 Frän
670 583 112 21 militärisk
799 583 107 28 synpunkt

83 613 131 26 betraktadt,
238 614 45 20 tror
302 612 38 27 jag
362 612 54 21 visst
440 624 25 3 —
489 611 68 22 ehuru
574 611 37 28 jag
627 611 47 22 icke
690 611 28 28 pä
733 612 68 26 grund
817 611 22 22 af
853 618 53 21 egna

83 641 90 28 insigter
187 642 41 21 kan
244 641 91 22 bedöma
351 641 66 21 saken
434 652 24 4 —
476 643 32 19 att
523 641 27 26 $$
566 643 12 19 9
595 641 40 21 och
653 642 25 19 10
694 640 67 27 enligt
777 641 39 21 den
828 641 78 27 nådiga

82 671 160 26 propositionen
264 670 71 21 kunde
358 676 51 15 vara
432 669 111 27 lämpliga;
568 669 40 22 och
628 669 56 22 hvad
704 670 40 21 den
759 669 147 28 pedagogiska

83 699 60 21 sidan
160 698 22 22 af
196 698 73 28 frägan
285 698 108 27 beträffar,
410 698 24 21 sä
450 698 59 21 delar
523 698 36 27 jag
575 698 129 27 fullkomligt
719 698 26 22 de
760 700 77 20 tvenne
850 698 56 22 före-

83 728 81 27 gäende
180 728 107 21 talarenes
303 727 62 27 äsigt.
395 727 49 21 Men
460 729 60 19 utom
537 727 64 21 dessa
617 727 131 27 synpunkter
763 727 68 22 mäste
849 730 56 19 ännu

83 758 46 20 stor
150 757 46 27 vigt
217 756 67 22 fästas
308 756 34 22 vid
365 755 86 27 frägans
473 756 140 21 ekonomiska
628 756 52 27 sida,
698 756 39 21 och
752 756 45 21 häri
813 756 42 22 kan
868 757 37 27 jag

82 786 48 21 icke
145 785 75 22 förena
235 785 42 27 mig
292 785 49 21 med
357 785 26 21 de
399 786 77 20 tvenne
487 784 129 27 föregäende
628 785 64 21 ärade
703 785 101 22 talarene.
825 785 79 28 Landt-

83 814 144 27 dagsmannen
251 814 110 26 Svedberg
383 813 40 22 har
445 813 117 22 framhållit
584 815 32 20 att
631 813 162 22 förhållandena
807 814 7 21 i
830 814 74 22 Oster-

83 843 74 22 botten
180 850 51 14 vore
253 843 88 26 sådana,
363 844 32 20 att
411 842 39 22 den
466 842 77 27 fattiga
558 842 47 22 lösa
620 842 149 28 befolkningen
787 843 37 21 der
839 849 66 21 gerna

83 872 52 27 säge
156 874 32 19 att
204 873 39 20 den
259 872 72 21 kunde
346 871 93 27 fullgöra
453 871 32 22 sin
501 872 122 27 värnepligt
638 878 33 15 om
687 872 82 27 möjligt
784 873 27 26 pä
827 874 32 19 ett
874 873 30 21 är.

83 901 65 22 Detta
168 901 36 22 vill
220 901 37 28 jag
272 901 48 22 icke
335 900 93 27 betvifla,
444 900 125 27 isynnerhet
585 901 26 21 dä
625 901 36 26 jag
676 901 81 22 känner
773 903 32 19 att
820 901 27 27 pä
863 901 41 22 den

82 931 39 25 ort,
139 929 92 22 derifrän
246 929 206 27 landtdagsmannen
469 929 110 27 Svedberg
595 931 24 20 är
634 929 89 27 hemma,
740 929 66 22 finnes
820 930 84 27 mycket

82 959 134 21 timmermän
235 959 38 21 och
291 959 103 26 skickliga
409 958 182 27 skeppsbyggare,
606 958 72 22 hvilka
693 959 53 21 söka
760 959 32 21 sin
808 959 96 22 utkomst

82 987 28 28 pä
133 989 58 20 orter
212 987 59 27 längt
287 987 96 27 aflägsna
397 987 47 21 frän
459 987 143 27 hemtrakten,
619 987 39 22 och
674 987 32 22 för
722 988 63 21 dessa
801 994 50 15 vore
867 988 37 21 det

81 1017 137 26 naturligtvis
238 1016 85 27 mycket
343 1016 140 26 fördelaktigt
498 1017 32 20 att
545 1016 48 21 icke
608 1016 92 22 behöfva
714 1017 95 26 förspilla
824 1017 32 21 sin
872 1017 30 21 tid

81 1045 28 27 pä
125 1044 155 27 öfningsmöten
296 1044 68 22 under
379 1046 76 20 tvenne
472 1051 87 15 somrar.
583 1044 50 22 Men
645 1045 37 27 jag
693 1047 23 19 är
727 1044 123 28 öfvertygad
861 1052 40 20 om,

81 1075 32 20 att
132 1074 29 26 pä
181 1074 41 21 den
238 1076 39 24 ort,
294 1074 63 21 hvars
373 1073 148 22 förhällanden
533 1074 38 27 jag
587 1074 87 25 känner,
691 1074 161 26 bestämningen
868 1080 34 16 om

81 1102 157 27 värnepligtens
259 1102 133 28 fullgörande
411 1102 68 22 under
495 1104 32 20 ett
541 1102 56 22 enda
613 1102 24 22 är
652 1102 69 22 skulle
736 1102 63 22 blifva
815 1109 87 21 synner-

81 1131 56 26 ligen
160 1132 136 26 betungande
318 1131 33 21 för
373 1131 42 21 den
437 1131 100 27 fattigare
561 1131 61 21 delen
639 1131 22 21 af
674 1131 156 27 befolkningen.
860 1132 43 22 Det

81 1160 69 22 skulle
165 1160 135 27 naturligtvis
317 1160 64 21 blifva
395 1159 34 22 för
444 1160 26 21 de
486 1160 170 27 reservskyldige
672 1161 96 27 omöjligt
781 1162 32 20 att
823 1160 32 22 för
866 1161 36 22 det

82 1189 47 21 året
151 1189 81 21 erhålla
255 1188 42 22 fast
319 1189 136 26 anställning,
480 1188 39 22 och
543 1188 128 22 hemkomna
694 1196 33 14 om
749 1190 77 21 hösten
853 1190 48 22 med

81 1219 77 20 tvenne
174 1219 79 20 tomma
268 1218 81 21 händer
365 1217 70 22 blefve
451 1218 37 21 det
502 1218 33 21 för
551 1218 48 22 dem
615 1218 58 22 svärt
688 1220 31 20 att
734 1218 75 22 lifnära
825 1218 38 27 sig,
875 1219 27 21 dä

82 1246 37 22 det
133 1246 47 22 icke
196 1249 24 19 är
234 1246 69 26 nägon
319 1247 42 21 lätt
376 1246 39 22 sak
431 1248 32 20 att
479 1252 34 16 om
529 1247 82 21 vintern
628 1246 80 22 erhälla
722 1247 179 27 arbetsförtjenst.

80 1275 217 27 Landtdagsmannen
320 1275 87 21 Avellan
431 1277 88 20 nämner
537 1276 131 26 visserligen,
685 1278 33 19 att
732 1277 123 21 utkomsten
870 1276 32 22 för

82 1304 47 22 dem
145 1304 47 22 icke
207 1304 66 22 borde
289 1310 50 16 vara
355 1304 48 22 svär
417 1304 7 21 i
440 1304 61 26 tider,
519 1304 26 22 dä
560 1305 120 26 rägtunnan
696 1305 73 21 kostar
785 1305 77 22 endast
877 1307 24 19 12

81 1333 59 22 mark
164 1333 39 22 och
227 1334 112 25 derunder,
363 1339 47 16 men
431 1333 38 27 jag
489 1333 36 22 vill
544 1334 98 21 häremot
658 1334 106 27 anmärka,
781 1336 32 20 att
829 1334 35 27 lag
877 1334 23 27 ju

81 1362 47 21 icke
151 1362 70 21 stiftas
244 1361 33 22 för
293 1362 24 21 sä
333 1362 147 27 exceptionela
496 1361 147 23 förhällanden
659 1369 46 15 som
720 1363 26 21 de
761 1363 139 27 närvarande,

81 1390 40 22 och
141 1396 33 16 om
194 1391 65 21 ocksä
274 1391 71 27 prisen
361 1397 28 15 nu
405 1392 37 20 äro
458 1391 86 27 mycket
559 1392 133 27 nedtryckta,
709 1392 23 21 sä
747 1392 82 27 hoppas
845 1392 20 21 vi
877 1392 24 27 ju

81 1421 32 19 att
136 1420 60 21 detta
218 1422 22 19 är
263 1420 56 21 blott
341 1421 32 20 ett
393 1419 230 27 öfvergängsstadium,
639 1426 45 16 som
699 1420 44 22 förr
758 1421 51 21 eller
825 1427 76 15 senare

80 1448 96 22 kommer
198 1450 32 19 att
251 1448 118 22 förändras.
399 1448 42 27 Jag
462 1448 33 22 för
517 1449 43 21 min
576 1449 34 21 del
626 1450 140 21 understöder
782 1449 71 22 derför
868 1452 33 19 ut-

81 1477 93 21 skottets
190 1476 79 28 förslag
285 1476 132 22 beträffande
433 1476 162 28 ifrågavarande
612 1480 11 19 9
640 1478 39 22 och
697 1480 25 19 10
737 1478 28 28 88.
793 1478 56 22 Vore
865 1478 37 22 det

81 1506 83 26 möjligt
184 1507 33 20 att
233 1506 96 21 anordna
344 1506 66 21 saken
427 1506 30 26 sä,
474 1507 33 20 att
522 1506 37 22 det
573 1506 72 22 kunde
660 1507 80 21 lemnas
757 1508 22 20 ät
794 1508 52 21 hvar
862 1508 39 21 och

81 1540 38 16 ens
136 1536 50 25 eget
200 1534 151 27 godtfinnande
367 1536 32 20 att
415 1534 90 27 fullgöra
521 1535 33 21 sin
570 1536 120 26 värnepligt
706 1536 97 27 antingen
820 1536 27 27 pä
863 1538 37 23 ett,
