1106 1731
415 105 24 19 21
456 113 19 17 p.
491 107 78 18 Huhtik.
833 105 40 20 959

76 171 68 22 annat
166 171 44 20 sätt
231 170 72 21 kunde
322 169 93 22 bedöma
436 169 83 27 någons
535 169 170 27 bildningsgrad.
736 169 49 22 Men
806 175 34 15 om
856 175 47 15 man

76 199 23 22 af
124 199 177 26 dissenter-prest
326 197 92 22 sålunda
442 197 85 22 fordrar
549 198 58 21 vissa
630 197 155 28 examensprof,
810 197 40 22 blir
870 197 33 21 väl

77 227 82 28 följden
182 227 47 25 den,
253 229 32 19 att
304 226 70 22 finska
390 228 71 20 staten
477 227 70 21 måste
563 228 103 25 upprätta
681 227 99 21 läroverk
795 226 62 22 äfven
872 226 32 22 för

78 257 54 24 dem,
156 255 40 22 och
212 255 28 22 då
256 255 38 22 har
316 261 48 16 man
384 255 61 22 äfven
460 256 56 25 tagit
531 255 69 22 första
615 257 73 24 steget
702 255 28 27 på
746 255 41 21 den
802 257 41 25 väg
858 261 45 16 som

77 284 61 22 leder
153 284 32 21 till
201 284 102 21 stiftande
319 283 23 22 af
355 290 42 21 nya
413 284 136 27 statskyrkor
563 284 92 21 bredvid
671 284 41 21 den
725 284 21 21 vi
757 283 66 22 redan
833 283 70 22 hafva.

146 313 62 21 Hvad
223 313 206 27 landtdagsmannen
445 313 74 26 Pöysti
535 313 40 21 här
591 315 75 19 senast
681 312 80 21 uttalat
776 313 56 20 visar
847 315 56 18 ännu

77 341 91 27 klarare,
192 343 33 20 att
244 341 78 27 följden
339 341 71 22 blefve
427 341 41 22 den
480 342 38 27 jag
533 348 28 15 nu
577 341 47 22 haft
639 343 52 19 äran
706 341 118 21 framhälla.
856 341 46 21 Den

78 371 64 21 ärade
159 370 82 21 talaren
256 370 39 21 har
311 371 111 20 dessutom
438 372 49 25 sagt
503 372 32 19 att
550 371 20 20 vi
585 371 68 20 borde
663 371 91 25 ,unna*,
767 369 71 22 såsom
849 369 53 22 hans

78 399 39 22 ord
132 399 50 22 föllo
199 399 39 27 sig,
255 399 22 21 ät
292 399 118 21 dissenters
426 399 111 21 förmänen
553 399 22 21 af
589 399 87 21 bildade
691 400 96 25 prester;
803 404 48 15 men
865 398 38 21 här

78 429 24 20 är
122 428 24 27 ju
168 428 48 21 icke
238 427 60 27 fräga
313 433 34 16 om
364 429 33 20 att
412 434 57 15 unna
485 428 53 21 eller
553 428 48 21 icke
617 434 58 15 unna
691 428 48 21 dem
753 427 87 22 bildade
856 433 47 21 pre-

78 459 52 24 ster,
153 459 52 18 utan
227 456 59 27 fräga
310 459 23 19 är
354 456 76 21 endast
445 463 34 14 om
496 456 106 22 huruvida
617 458 73 20 staten
706 455 55 22 skall
776 456 79 21 blanda
867 455 37 27 sig

77 485 7 21 i
100 485 63 22 deras
186 485 182 27 angelägenheter
390 485 62 21 äfven
475 485 7 21 i
499 485 60 22 detta
575 485 108 22 afseende.
713 485 30 21 Sä
757 485 85 27 mycket
859 487 46 19 tror

76 514 38 27 jag
135 514 43 27 mig
200 514 70 21 känna
286 514 117 22 dissenters
419 516 33 20 att
465 514 38 27 jag
518 516 37 20 vet
570 514 55 22 huru
641 514 63 22 deras
719 513 120 27 fordringar
853 514 7 20 i
876 514 28 21 all

78 543 116 27 synnerhet
220 543 27 25 gä
270 544 23 20 ut
315 543 27 26 pä
366 545 33 19 att
420 543 7 21 i
443 543 101 27 religions
560 543 56 21 bruk
631 542 65 22 blifva
711 542 70 22 stälda
796 542 28 27 pä
839 542 25 21 sä
878 542 26 21 fri

78 571 32 22 fot
126 577 46 16 som
186 572 90 26 möjligt,
292 572 40 21 och
348 572 20 20 vi
383 572 68 21 borde
468 572 71 22 derför
555 572 18 27 ej
591 572 121 26 onödigtvis
724 572 27 26 gä
762 570 71 22 alltför
843 571 61 26 längt

78 600 8 21 i
110 600 48 22 vårt
182 600 198 27 reglementerande
403 600 33 22 för
457 601 56 21 dem.
542 600 219 28 Landtdagsmannen
777 600 73 27 Pöysti
865 600 39 20 har

80 629 65 21 ocksä
167 629 118 21 insinuerat
308 631 32 19 att
362 629 60 21 vissa
445 629 112 22 materiela
577 628 94 23 fördelar
686 629 72 21 kunde
773 628 85 22 komma
873 630 32 19 att

78 658 111 21 föranleda
211 657 116 27 öfvergäng
349 658 33 21 till
398 658 118 22 dissenters
533 664 34 15 om
583 658 63 22 deras
659 660 99 25 presters
774 658 59 26 lägre
848 657 54 21 bild-

78 686 117 28 ningsgrad
212 686 39 22 och
268 687 65 27 derpä
348 687 109 21 beroende
473 687 59 27 lägre
549 686 94 26 aflöning
653 686 56 28 finge
725 687 77 25 utgöra
817 692 25 15 en
857 688 46 18 sär-

79 715 56 21 skild
157 715 95 21 lockelse
274 715 77 21 dertill.
382 716 42 26 Jag
446 716 37 20 vill
500 716 55 21 dock
572 716 18 26 ej
609 718 34 19 tro
660 717 33 19 att
707 716 82 26 nägons
804 714 101 27 religiösa

79 744 141 27 Ofvertygelse
245 744 67 21 hvilar
336 744 29 27 pä
390 744 25 21 sä
439 744 33 22 lös
498 744 83 27 grund;
597 747 33 19 att
652 744 55 22 slika
729 744 89 21 motiver
833 743 71 21 kunde

78 772 70 22 rubba
163 772 48 22 den.

148 801 28 21 Af
191 807 25 15 en
232 800 128 27 föregäende
376 801 69 21 talare
462 801 140 22 omnämndes
618 802 72 20 Paavo
706 800 153 22 Ruotsalainen
871 800 33 21 sä-

79 836 46 15 som
142 832 31 19 ett
188 830 59 21 bevis
263 830 28 26 pä
306 830 55 21 huru
377 836 26 15 en
419 836 86 20 person,
523 836 34 15 om
580 830 64 21 hvars
668 829 160 27 bildningsgrad
850 829 53 27 kejs.

78 860 89 20 senaten
189 858 55 21 hade
269 858 135 27 temmeligen
430 859 59 21 svärt
515 861 32 19 att
571 860 59 26 yttra
645 859 40 26 sig,
699 859 82 21 kunnat
795 858 109 26 uppträda

81 887 71 21 säsom
176 893 25 15 en
224 887 117 21 välansedd
366 886 208 28 församlingslärare
599 888 58 21 inom
673 888 40 20 den
729 887 113 21 lutherska
856 886 48 26 kyr-

80 916 48 20 kan.
160 916 53 21 Frän
229 916 43 20 min
288 916 103 21 barndom
406 916 98 21 kommer
516 916 38 27 jag
569 916 51 28 ihäg
636 923 26 15 en
673 922 69 15 annan
753 916 56 27 dylik
819 921 85 22 person.

80 944 48 21 Han
144 945 60 21 hette
219 945 108 21 Niskanen
344 945 40 21 och
400 945 62 21 äfven
478 945 42 22 han
535 951 38 16 var
589 952 26 15 en
631 945 150 26 allmogeman,
797 951 34 14 om
841 944 63 21 hvars

80 973 159 27 bildningsgrad
267 973 53 27 kejs.
347 975 88 20 senaten
463 973 46 22 haft
534 974 86 27 mycket
646 974 59 21 svärt
730 975 32 20 att
781 973 69 22 uttala
865 973 38 26 sig.

80 1002 49 21 Men
152 1002 42 21 han
216 1008 38 15 var
269 1002 37 21 det
320 1002 90 28 oaktadt
426 1009 26 14 en
469 1003 67 20 sådan
552 1003 77 26 lärare,
647 1005 32 19 att
695 1003 40 21 han
752 1002 6 21 i
773 1001 68 22 bredd
856 1001 49 21 med

80 1031 112 21 lutherska
199 1031 163 27 presterskapet
375 1031 7 21 i
393 1031 143 22 Österbotten
547 1031 28 27 pä
587 1031 40 22 den
643 1031 60 22 tiden
713 1031 93 22 verkade
821 1030 84 27 mycket

79 1059 29 26 pä
130 1059 71 22 tidens
224 1059 86 27 andliga
332 1059 30 27 lif,
379 1059 24 27 ja
418 1066 47 15 mer
480 1062 27 19 än
523 1060 92 26 mången
631 1060 72 21 bildad
719 1061 64 26 prest.
813 1059 33 21 En
861 1059 43 20 viss

80 1087 233 28 bildningskompetens
336 1090 24 19 är
382 1089 39 20 här
445 1089 18 26 ej
481 1088 22 21 af
517 1089 139 21 uteslutande
671 1089 52 26 vigt.
753 1088 41 26 Jag
804 1087 42 22 kan
857 1087 48 21 der-

79 1115 45 22 före
140 1116 18 27 ej
175 1115 75 28 frängä
272 1117 37 21 det
323 1117 80 26 förslag
422 1117 41 21 här
478 1117 69 22 blifvit
562 1118 78 27 gjordt,
658 1119 33 20 att
705 1117 95 22 utesluta
814 1115 91 22 fordrin-

80 1151 66 20 garna
168 1145 28 27 pä
218 1145 44 22 viss
277 1146 127 27 kompetens
420 1146 7 21 i
443 1146 62 21 detta
521 1145 101 22 afseende
645 1146 41 21 hos
702 1146 117 21 dissenters
834 1144 70 21 lärare

80 1173 52 22 eller
146 1175 90 25 prester.

148 1202 113 22 Edusmies
288 1202 125 28 Wuolijoki:
436 1203 80 22 Toisen
539 1203 154 22 vastalauseen
711 1203 76 27 tekijät
803 1203 50 20 ovat
868 1207 37 16 an-

80 1233 72 19 taneet
178 1231 164 27 kysymyksessä
368 1231 91 22 olevalle
485 1232 102 21 kohdalle
612 1232 100 21 tällaisen
735 1230 170 23 muodostuksen

79 1259 87 22 osittain
182 1260 50 21 siitä
247 1262 79 25 syystä,
342 1261 46 20 että
402 1260 35 21 voi
453 1261 94 21 otaksua
559 1261 24 27 ja
598 1261 110 21 luultavaa
723 1260 70 26 onkin,
807 1261 46 20 että
864 1259 40 21 eri-

79 1288 236 22 uskolaisseurakuntia
340 1289 127 21 semminkin
483 1289 74 22 alussa
572 1291 141 25 perustetaan
729 1289 71 21 varsin
810 1288 95 21 harvaan

80 1317 52 21 sekä
148 1319 46 20 että
208 1317 125 27 opettajana
345 1317 23 28 ja
381 1317 114 28 johtajana
509 1318 68 21 niissä
593 1318 58 21 tulee
667 1318 96 21 olemaan
779 1323 59 16 sama
853 1315 51 21 hen-

78 1345 50 22 kilö.
160 1345 58 22 Siinä
241 1346 143 27 tapauksessa
402 1352 27 15 on
446 1347 71 21 vallan
533 1347 141 26 tarpeellista,
691 1348 46 20 että
749 1344 113 29 johtajalla
877 1349 28 16 on

76 1374 54 28 joku
155 1375 161 27 sivistysmäärä
341 1375 132 21 voidakseen
498 1376 43 27 yllä
565 1376 60 27 pitää
647 1376 133 26 järjestystä.
815 1372 90 23 Tahdon

78 1404 60 26 myös
161 1403 146 26 huomauttaa,
331 1405 46 20 että
396 1404 35 27 jos
454 1406 107 20 ruvetaan
576 1404 71 22 varsin
663 1404 72 27 paljon
750 1403 155 27 poikkeamaan

78 1432 178 27 vastalauseesta,
280 1432 43 21 niin
339 1438 26 16 en
381 1432 59 22 tiedä
455 1432 97 22 mitenkä
567 1432 264 28 yhteensovitus-ehdotus
847 1430 58 22 tulee

78 1460 166 22 mahdolliseksi.
274 1461 82 21 Toivon
371 1461 122 21 sentähden
510 1463 46 20 että
571 1463 61 25 sääty
648 1462 43 20 niin
702 1461 71 27 paljon
784 1460 50 22 kuin
845 1458 60 22 mah-

80 1489 86 21 dollista
187 1490 119 21 noudattaa
328 1489 66 22 toista
409 1490 168 27 vastalausetta,
593 1490 69 22 koska
675 1490 22 27 jo
713 1488 192 23 kirkolliskokous-

77 1517 37 21 kin
130 1524 27 15 on
173 1524 37 15 sen
226 1518 125 27 pääasiassa
366 1518 142 28 hyväksynyt.
