1103 1728
406 113 11 18 7
435 120 17 16 p.
469 112 77 20 Huhtik.
816 111 40 21 795

63 177 39 27 ligt
123 177 56 22 hade
200 176 95 22 förordat
318 177 26 22 de
359 177 121 27 föreslagna
496 177 149 26 ändringarne,
662 177 19 21 d.
697 183 19 16 v.
733 183 16 15 s.
766 175 122 28 öfningsda-

63 212 78 21 garnas
156 205 149 26 begränsande
321 206 31 21 till
370 206 37 21 det
421 205 68 22 första
504 207 47 21 året
566 206 40 21 och
622 205 100 28 möjligen
733 207 32 20 ett
776 205 24 22 är
811 204 76 22 dertill.

65 235 40 21 Om
128 241 48 15 man
194 240 35 15 ser
245 233 54 22 efter
314 234 6 21 i
337 235 153 26 motiveringen
506 235 32 21 till
554 234 251 26 utskottsbetänkandet,
821 233 67 22 finner

64 270 49 15 man
129 263 54 22 dock
200 264 32 20 att
247 263 37 21 vår
300 263 111 22 inhemska
426 264 99 27 regering
540 264 48 21 icke
599 263 47 22 haft
656 263 24 22 så
691 263 88 22 alldeles
790 262 98 22 bestämd

65 292 142 27 öfvertygelse
225 292 6 21 i
248 291 40 22 den
304 293 75 26 vägen.
411 293 30 26 Ty
457 293 26 26 på
499 293 78 26 pagina
593 294 12 19 2
621 292 6 21 i
643 291 247 22 utskottsbetänkandet

65 321 58 22 läses
133 321 104 27 följande:
249 320 74 24 ,äfven
335 321 106 27 styrelsen
451 321 40 22 bar
502 322 66 26 enligt
578 321 57 22 hvad
645 321 94 22 motiven
750 321 32 20 till
792 320 39 21 den
841 320 47 21 nåd.

65 350 161 28 propositionen
243 349 88 27 utvisar,
348 351 73 20 ansett
436 350 127 27 afgörandet
579 349 73 22 häraf"
666 350 29 26 (d.
706 356 19 15 v.
737 355 16 15 s.
766 348 61 22 deraf
835 348 55 21 huru

67 378 171 28 öfningsmötena
256 378 67 21 borde
343 378 114 27 anordnas)
480 379 65 26 ,böra
564 379 83 21 lemnas
667 378 108 22 beroende
791 377 28 29 på
834 376 56 23 hvad

67 406 149 23 erfarenheten
231 407 41 20 kan
288 407 85 21 komma
384 409 32 19 att
426 407 57 27 gifva
493 407 34 21 vid
539 407 102 22 handen".
662 407 46 21 Och
719 407 6 21 i
736 406 154 26 motiveringen

67 436 32 21 till
115 435 75 28 sjelfva
205 435 160 27 propositionen
382 437 74 25 säges:
477 436 118 27 ,huruvida
610 436 49 21 hela
675 435 41 22 den
731 435 32 22 för
779 440 111 17 reservens

68 464 96 27 öfningar
179 463 106 28 medgifna
301 464 59 21 tiden
376 464 23 22 af
411 465 62 21 nittio
490 465 66 27 dagar
571 465 40 22 bör
626 467 62 24 tagas
701 465 7 20 i
718 464 93 27 anspråk
821 463 31 22 uti
864 469 26 15 en

67 493 60 28 följd,
144 494 52 21 eller
212 499 33 16 om
261 493 69 27 någon
346 493 34 22 del
391 493 61 22 deraf
461 494 39 21 bör
511 494 108 21 användas
631 494 32 21 till
674 492 218 29 repititionsöfningar

68 523 68 21 under
147 524 65 20 annat
225 522 30 26 år,
266 524 23 19 är
300 522 119 22 emellertid
431 529 25 15 en
465 522 66 28 fråga,
543 523 63 21 hvars
617 522 99 28 pröfning
728 522 39 21 och
775 521 117 27 afgörande

68 551 63 22 baror
147 551 46 22 dels
209 551 28 26 på
251 551 56 21 hvad
323 551 148 22 erfarenheten
487 552 43 21 kan
546 552 85 21 komma
645 553 32 20 att
688 551 56 27 gifva
753 551 35 21 vid
799 550 91 26 handen,

70 580 45 21 dels
137 580 28 27 pä
180 579 275 28 tidsomständigheterna".
485 581 43 21 Det
543 587 63 21 synes
622 581 43 26 mig
681 580 85 21 således
781 585 51 16 vara
847 581 45 18 tro-

69 609 40 27 ligt
125 611 31 19 att
171 609 39 21 vår
224 608 111 22 inhemska
351 609 99 27 regering
465 609 48 22 icke
528 609 47 22 haft
589 609 70 27 någon
675 609 25 22 så
715 609 98 21 bestämd
824 607 68 22 öfver-

70 637 81 28 tygelse
168 643 33 16 om
216 637 152 27 lämpligheten
385 637 22 22 af
421 639 40 21 den
477 638 122 27 föreslagna
615 638 124 27 ändringen.
767 637 72 26 Några
855 643 36 14 an-

71 667 39 21 dra
124 673 45 15 mer
184 666 53 21 eller
251 666 82 22 mindre
349 666 86 23 talande
451 667 65 22 motiv
531 667 33 22 för
578 667 40 22 den
629 667 124 26 förändring
763 665 129 28 propositio-

70 701 42 16 nen
127 694 63 27 afser,
206 694 39 22 har
257 695 38 27 jag
311 695 17 27 ej
346 697 42 19 sett
405 696 52 21 eller
472 696 49 21 hört
536 695 91 22 anföras.
651 696 50 21 Man
716 695 39 21 har
769 695 40 21 här
820 694 72 22 disku-

71 726 58 20 terat
151 724 66 21 saken
239 724 45 21 vidt
307 724 40 21 och
370 724 69 27 bredt,
456 725 55 25 tagit
526 725 40 21 den
582 724 59 22 såväl
657 724 46 22 från
718 723 113 22 militärisk
847 728 45 16 som

71 752 46 22 från
133 752 126 22 ekonomisk
275 752 108 28 synpunkt
398 753 40 22 och
454 753 70 22 anfört
540 754 47 20 skäl
602 753 57 21 både
674 753 33 21 för
722 752 40 22 och
777 754 51 24 mot,
840 753 52 20 utan

72 783 33 20 att
119 782 71 20 kunna
207 780 73 22 anföra
295 782 66 26 något
377 782 22 21 af
413 782 51 27 vigt.
488 782 41 26 Jag
544 782 35 21 vill
595 782 48 21 icke
658 781 56 27 gifva
730 782 42 26 mig
786 781 22 21 in
823 780 28 28 på
861 781 33 20 att

73 811 42 21 öka
130 810 64 22 dessa
209 810 78 22 talares
303 810 64 22 antal.
397 811 42 27 Jag
453 811 35 21 vill
505 811 54 21 blott
575 811 88 27 tillägga
678 812 33 20 att
723 810 44 28 jag,
783 810 28 27 på
826 809 68 27 grund

73 838 23 22 af
109 839 56 21 hvad
178 839 37 27 jag
230 845 28 15 nu
273 839 46 21 haft
333 841 50 19 äran
395 840 73 21 anföra
479 840 40 21 och
531 839 55 21 hvad
598 839 22 21 af
628 839 51 22 flere
689 839 129 27 föregående
829 838 65 21 ärade

73 868 68 21 talare
164 868 67 21 redan
253 867 57 22 förut
332 868 133 27 framhållits,
487 869 28 27 på
538 868 37 22 det
590 868 148 22 bestämdaste
753 866 141 23 understöder

74 896 244 22 utskottsbetänkandet
341 897 40 22 och
404 897 109 22 förkastar
532 897 172 27 propositionens
720 896 79 27 förslag
815 895 79 23 beträf-

74 925 64 22 fande
154 927 11 19 9
182 925 40 21 och
239 927 26 19 10
281 925 28 27 $$.

144 954 113 22 Edusmies
273 954 101 27 Kiipula:
389 954 91 22 Saattaa
496 955 30 21 eri
541 954 175 28 paikkakunnilla
732 954 41 22 olla
789 953 107 22 vaikutta-

76 989 72 15 massa
164 984 58 20 omat
237 986 84 24 syynsä,
334 983 62 27 jotka
411 984 71 21 vievät
497 984 30 21 eri
542 984 135 27 käsityksiin,
693 985 69 19 mutta
777 983 56 21 minä
843 987 53 22 puo-

75 1012 78 22 lestani
172 1011 49 22 olen
233 1012 236 27 järkähtämättömästi
485 1013 43 21 sitä
542 1012 81 27 mieltä,
640 1012 51 22 ettei
707 1012 76 21 käsillä
799 1011 98 22 olevassa

77 1041 139 21 asetuksessa
231 1041 72 26 pitäisi
318 1044 37 24 nyt
371 1041 55 21 vielä
440 1042 111 21 muutosta
566 1041 118 22 tehtämän.
707 1040 100 22 Niinkuin
824 1039 73 22 edelli-

77 1069 54 22 sellä
149 1069 117 27 puhujalla,
287 1075 26 15 on
329 1069 124 22 minullakin
469 1076 24 15 se
509 1070 115 27 mielipide,
641 1071 45 20 että
701 1069 110 24 kokemus,
828 1067 68 22 silloin

77 1098 44 21 kun
143 1099 37 20 tuo
203 1098 69 21 hänen
296 1098 174 22 mainitsemansa
492 1099 100 21 lausunto
615 1098 110 26 annettiin,
742 1098 27 21 oli
785 1097 54 22 vielä
855 1096 43 21 niin

78 1126 65 28 lyhyt,
160 1126 52 22 ettei
228 1133 38 15 sen
281 1127 79 27 nojalla
375 1128 58 21 voitu
449 1129 89 25 päättää
554 1128 43 21 sitä
612 1127 30 21 tai
658 1129 52 20 tätä.
742 1127 64 21 Sihen
821 1125 77 22 aikaan

78 1155 43 22 kun
137 1155 55 22 vielä
208 1155 28 22 oli
247 1156 140 26 ruotuväkeä,
400 1157 73 20 kuulin
486 1157 47 20 sillä
543 1155 181 28 paikkakunnalla
734 1156 89 27 asujana
833 1154 67 22 missä

79 1183 224 28 harjoituskokouksia
325 1185 107 27 pidettiin,
455 1187 135 23 sanottavan,
613 1187 46 19 että
673 1185 80 21 miehet
767 1196 28 3 —
808 1184 23 27 ja
847 1183 52 21 huo-

79 1215 95 20 mattava
190 1219 33 20 on,
241 1215 45 19 että
297 1220 26 15 ne
333 1213 99 22 useinkin
444 1214 65 21 olivat
521 1213 150 22 keski-ikäisiä
682 1225 25 3 —
721 1215 12 20 6
746 1213 69 22 viikon
824 1212 77 21 aikana

81 1241 123 22 oivallisesti
228 1242 87 27 oppivat
337 1244 138 26 sotatemput.
507 1243 85 21 Tuntuu
616 1242 37 21 siis
674 1243 68 21 vähän
763 1241 136 26 omituiselta,

81 1272 46 20 että
148 1271 37 26 nyt
207 1272 51 20 tuon
281 1271 48 27 ajan
350 1271 86 27 jälkeen
460 1271 47 22 olisi
527 1272 53 21 siinä
596 1271 85 22 kohden
697 1272 71 26 menty
783 1269 117 28 takaperin.

81 1300 49 21 Kun
152 1299 95 28 nykyisin
268 1299 23 27 jo
314 1300 145 21 hallituksella
483 1306 26 15 on
533 1300 106 22 olemassa
660 1300 58 21 valta
730 1300 65 27 jakaa
810 1298 91 22 reservi-

81 1328 143 27 harjoitukset
247 1329 29 21 eri
299 1329 96 26 pituisiin
419 1329 154 27 aikajaksoihin
595 1329 99 21 kolmena
710 1335 89 19 vuonna,
815 1327 44 22 niin
875 1333 27 14 on

82 1357 71 22 minun
177 1357 119 21 mielestäni
320 1357 145 22 hallituksella
478 1358 23 26 jo
517 1358 57 26 kyllä
589 1357 121 22 tilaisuutta
724 1357 104 27 järjestää
843 1355 59 22 asiaa

83 1386 55 21 siten
154 1385 51 21 kuin
221 1391 24 15 se
260 1386 69 22 näkee
344 1386 163 26 tarpeelliseksi.
531 1386 131 22 Ainoastaan
678 1392 23 16 se
716 1386 89 26 rajoitus
822 1391 26 15 on
860 1383 43 22 ole-

83 1420 71 16 massa
170 1425 25 3 —
210 1414 51 26 joka
277 1414 64 22 onkin
355 1415 187 21 välttämättömän
556 1415 140 27 tarpeellinen
710 1426 26 4 —
748 1414 51 22 ettei
812 1412 90 23 reservi-

83 1442 142 28 harjoituksia
243 1443 64 21 voida
323 1444 84 20 asettaa
422 1444 138 21 ainoastansa
575 1444 90 27 yhdeksi
680 1443 97 21 ainoaksi
792 1441 110 23 vuodeksi.

84 1472 74 20 Täällä
174 1477 26 15 on
216 1472 56 20 tosin
287 1472 98 21 lausuttu
401 1472 154 27 harjoitusajan
571 1472 173 22 muuttamisesta
755 1472 52 21 sekä
818 1471 85 27 myöten

85 1502 46 19 että
145 1501 96 25 vastaan,
257 1506 27 16 on
299 1500 101 28 puhuttu,
416 1502 52 20 mitä
483 1501 79 27 hyötyä
577 1501 30 21 tai
623 1501 106 21 vahinkoa
744 1500 48 22 siitä
809 1506 26 16 on
851 1498 53 22 sekä

85 1528 136 28 palvelijoille
245 1530 45 20 että
313 1529 105 27 isännille,
431 1530 34 27 jos
481 1530 165 22 asevelvollinen
662 1530 98 21 kolmena
775 1528 30 22 tai
821 1528 83 22 ainoas-
