1103 1734
235 107 41 20 942
546 108 25 19 19
588 115 18 17 p.
622 109 77 18 Huhtik.

204 171 144 26 medlemmar,
372 177 46 16 som
439 172 52 27 bygt
513 172 40 21 sitt
576 172 99 22 omdöme
697 171 29 28 pä
748 177 27 16 en
795 170 69 22 sädan
879 169 149 29 begreppsför-

204 200 121 27 blandning,
341 201 33 20 att
395 206 56 21 noga
473 200 101 27 särskilja
597 200 90 22 emellan
710 200 95 21 nämnda
819 200 37 21 tvä
871 199 48 27 slag
934 200 22 21 af
969 198 58 23 med-

204 229 99 25 borgare,
319 234 45 15 som
379 228 34 22 för
427 229 133 21 närvarande
577 231 57 20 ännu
653 229 116 27 inrymmas
784 229 59 20 inom
859 227 42 22 den
916 227 113 22 lutherska

204 257 144 26 statskyrkan.
374 257 137 22 Indifferenta
526 257 75 22 trifvas
617 263 43 21 nog
675 257 57 22 inom
748 257 86 22 hvilken
849 256 123 28 kyrkoform
982 262 47 16 som

203 285 58 22 helst
276 286 40 21 och
333 285 36 22 det
385 288 24 19 är
424 286 47 22 icke
487 286 33 26 de,
537 292 47 16 som
605 285 94 23 behöfva
714 292 27 15 en
757 285 151 27 dissenterlag,
924 288 52 19 utan
991 285 37 22 det

204 316 23 19 är
243 313 28 23 de
285 314 96 27 verkliga
403 315 125 26 dissenters,
545 315 33 26 de,
595 321 46 15 som
663 314 65 22 hafva
750 321 26 15 en
792 321 59 15 varm
868 314 40 22 och
930 314 98 21 lefvande

203 345 41 23 tro,
259 349 49 16 men
323 349 46 16 som
385 343 55 22 dock
461 343 33 22 till
517 343 48 22 sina
587 343 82 28 äsigter
691 343 72 22 afvika
785 343 46 22 frän
855 342 42 23 den
917 343 111 21 lutherska

202 371 94 28 kyrkans
312 372 51 21 lära.
393 372 43 21 Det
450 374 25 19 är
489 372 34 25 de,
540 378 47 15 som
608 371 92 23 behöfva
719 379 27 14 en
769 371 149 27 dissenterlag,
934 371 41 22 och
991 371 37 22 det

200 400 47 27 just
261 401 28 26 pä
305 401 68 26 grund
388 400 23 22 af
425 401 26 21 de
475 401 52 24 skäl,
545 407 46 15 som
614 401 209 26 landtdagsmannen
839 401 103 21 Duncker
956 406 49 21 nyss
1021 400 6 21 i

202 429 39 21 sitt
256 429 88 22 sakrika
366 429 136 27 andragande
517 429 107 22 framhöll.
655 429 42 27 Jag
712 433 45 18 tror
773 431 33 20 att
821 435 36 16 om
872 429 26 22 de
914 428 65 22 ärade
994 430 32 19 ta-

202 457 51 24 lare,
270 464 46 15 som
331 458 56 27 gjort
403 459 32 26 sig
449 458 99 27 skyldiga
563 459 33 21 till
612 459 41 21 den
669 457 23 22 af
706 459 43 26 mig
770 458 40 21 här
833 457 63 22 ofvan
913 457 113 28 päpekade

201 486 224 28 missuppfattningen,
441 489 52 24 göra
509 487 33 26 sig
564 487 79 22 mödan
665 489 33 20 att
716 487 33 22 för
765 487 34 26 sig
813 489 99 19 närmare
927 487 98 26 klargöra

202 515 73 27 saken,
293 515 26 22 de
334 515 45 22 helt
394 516 73 21 säkert
482 516 61 21 skola
558 515 57 22 afstä
630 515 54 22 ifrän
700 518 33 19 att
748 515 133 22 understöda
896 515 76 27 biskop
988 515 38 21 Jo-

201 543 106 22 hanssons
323 544 136 22 reservation.
489 544 42 27 Jag
546 545 36 21 vill
598 544 23 22 af
634 545 54 26 skäl,
705 551 46 15 som
764 545 38 27 jag
816 544 35 21 vid
867 544 40 21 den
918 543 108 22 blifvande

202 573 233 26 specialdiskussionen
449 573 97 22 kommer
561 575 34 20 att
609 573 119 26 framhälla,
742 573 29 27 pä
782 573 37 21 det
829 574 107 20 varmaste
953 572 73 22 förena

201 601 44 27 mig
260 607 34 16 om
309 601 206 27 landtdagsmannen
529 602 115 27 Hedbergs
660 601 82 28 förslag
757 601 32 22 till
804 601 113 22 uttalande
927 601 7 21 i
944 601 80 27 frägan.

271 641 113 22 Edusmies
402 641 119 22 Grönroos:
542 642 70 21 Tässä
635 642 100 21 tuhansia
749 641 161 27 ihmissydämiä
923 641 101 27 jännittä-

202 671 64 20 vässä
281 670 163 27 kysymyksessä
459 670 71 28 yhdyn
546 670 109 22 edusmies
670 670 135 22 Meurmanin
820 669 151 27 esiintuomiin,
987 676 35 15 va-

201 698 71 22 kaviin
284 699 23 27 ja
323 699 179 27 horjumattomiin
526 699 144 27 perusteisiin,
685 699 62 27 jotka
762 698 146 28 vuosisatojen
924 698 101 22 kuluessa

200 727 43 21 niin
260 727 131 22 siunaavalla
413 728 78 21 tavalla
513 728 104 21 murheen
640 728 94 21 niinkuin
758 727 81 21 ilonkin
864 727 89 21 hetkinä
975 729 49 19 ovat

201 755 92 23 Suomen
310 756 81 22 kansaa
406 756 101 22 tukeneet
520 756 23 28 ja
556 756 158 28 johdattaneet.
738 756 77 21 Varsin
831 756 67 26 suuri,
913 756 81 21 korkea
1000 756 24 27 ja

200 784 63 22 kallis
279 790 26 16 on
321 784 147 23 lutherilaisen
483 785 134 22 kirkkomme
633 785 100 21 vaikutus
749 784 101 22 Jumalan
866 784 70 22 avulla
948 784 23 28 ja
986 790 37 21 pa-

199 813 73 27 piston
295 813 134 27 välityksellä
452 820 142 15 maassamme
620 814 60 21 ollut.
719 814 76 21 Koska
826 814 124 21 kansamme
975 813 49 21 kes-

199 842 110 21 kuudessa
324 842 111 22 kuitenkin
451 848 26 16 on
502 842 171 22 lutherilaisesta
696 842 71 28 opista
783 842 127 27 luopuneita
925 842 62 27 veljiä
999 842 23 27 ja

200 871 83 26 sisaria,
307 871 78 21 katson
408 871 171 22 eriuskolaislain
607 871 158 28 tarpeelliseksi
791 871 24 27 ja
837 871 107 22 kannatan
968 871 55 21 siinä

199 899 114 22 suhteessa
328 899 125 22 mietintöön
468 900 93 27 liitettyä
577 900 66 21 toista
659 900 164 21 vastalausetta.

268 939 113 22 Edusmies
390 939 125 27 Lindforss:
529 939 84 24 Vaikka
629 940 55 21 tosin
700 940 55 21 siinä
771 939 197 26 tuomiokunnassa,
974 939 48 27 jota

198 967 89 22 minulla
301 974 27 15 on
344 968 79 21 kunnia
439 968 97 26 edustaa,
548 969 130 21 tietääkseni
693 969 20 20 ei
729 969 34 21 ole
773 968 80 27 yhtään
866 968 155 26 eriuskolaisia,

198 998 73 26 täytyy
287 997 71 21 minun
374 997 110 22 kuitenkin
500 997 117 27 puolustaa
628 997 171 22 eriuskolaislain
810 997 93 21 toimeen
912 997 107 26 saamista,

198 1025 70 22 koska
283 1025 48 22 olen
347 1025 42 22 sitä
408 1025 148 28 mielipidettä,
573 1028 46 19 että
639 1026 99 27 jokaisen
760 1026 91 21 ihmisen
873 1025 60 28 pitää
955 1025 67 22 saada

197 1053 94 27 palvella
297 1053 100 22 Jumalaa
412 1057 164 19 omantuntonsa
591 1055 92 21 mukaan
699 1055 104 21 olematta
812 1054 151 27 pakoiteituna
973 1055 48 20 tun-

197 1085 128 18 nustamaan
336 1082 96 22 sellaista
443 1083 69 27 oppia,
521 1083 48 27 jota
580 1082 42 22 hän
634 1083 19 21 ei
663 1083 35 21 voi
712 1083 117 27 hyväksyä.
849 1082 32 22 En
892 1082 130 22 kuitenkaan

197 1110 114 22 minäkään
329 1112 33 20 voi
376 1111 108 27 hyväksyä
499 1112 144 21 valiokunnan
659 1112 119 25 mietintöä,
794 1117 54 16 vaan
861 1111 71 27 yhdyn
947 1111 73 26 niihin,

194 1139 63 27 jotka
272 1139 139 27 puolustavat
426 1140 65 22 toista
507 1140 164 22 vastalausetta.

266 1173 114 22 Edusmies
395 1174 101 26 Kiipula:
520 1174 85 22 Vaikka
620 1180 26 16 en
662 1174 105 22 suinkaan
783 1174 41 22 itse
839 1174 121 27 puolestani
975 1174 46 21 kai-

195 1208 42 20 paa
253 1202 186 22 eriuskolaislakia
460 1203 55 21 enkä
529 1203 60 22 luule
604 1210 105 15 maamme
724 1203 149 21 lutherilaisen
889 1202 131 22 kirkonkaan

196 1236 87 16 aseman
305 1230 88 28 yleensä
415 1232 42 21 sitä
478 1232 126 27 kaipaavan,
620 1232 43 21 niin
680 1238 25 15 en
725 1232 103 21 toisaalta
850 1232 92 20 katsoen
957 1231 61 26 usko,

196 1261 45 19 että
256 1266 24 14 se
295 1259 163 23 lutherilaiselle
479 1260 92 22 kirkolle
594 1260 47 22 olisi
664 1260 101 26 haitaksi,
787 1260 35 27 jos
847 1260 171 21 eriuskolaislaki

194 1288 117 25 saataisiin,
329 1300 25 3 —
371 1288 107 22 tarkoitan
493 1289 98 22 sellaista
606 1289 62 26 lakia,
680 1291 46 20 että
741 1295 25 15 se
781 1288 147 22 lutherilaisen
944 1288 75 21 kirkon

194 1318 85 24 ystäviä
295 1316 69 28 täysin
381 1317 130 27 tyydyttäisi.
542 1318 49 21 Kun
607 1318 130 21 hallituksen
754 1317 67 27 esitys
837 1319 105 25 perustuu
957 1316 64 22 viime

194 1345 226 22 kirkolliskokouksen
444 1346 119 22 lausunnon
578 1346 94 28 pohjalle
685 1346 24 28 ja
724 1346 145 22 valiokunnan
880 1345 140 22 mietinnössä

194 1373 62 22 oleva
271 1374 72 21 toinen
359 1374 122 22 vastalause
496 1381 27 15 on
539 1375 42 21 sitä
602 1376 66 20 niissä
691 1375 81 21 kohdin
795 1375 115 21 koettanut
931 1374 88 27 täyden-

194 1403 43 25 tää,
252 1402 69 28 joissa
337 1408 24 16 se
377 1403 57 22 ehkä
448 1404 125 21 semmoista
587 1404 170 26 täydentämistä
779 1404 84 26 kaipaa,
880 1403 44 21 niin
939 1402 80 28 hyväk-

193 1436 38 21 syn
248 1431 165 27 pääasiallisesti
432 1434 72 19 tämän
526 1432 71 22 toisen
613 1432 159 22 vastalauseen.
802 1432 59 21 Minä
877 1431 79 26 tiedän,
973 1432 48 20 että

192 1460 61 21 tässä
268 1466 85 15 maassa
368 1460 65 26 paitsi
448 1460 107 22 todellisia
571 1461 156 25 eriuskolaisia,
743 1460 73 28 löytyy
832 1460 72 28 paljon
925 1460 23 26 ja
963 1459 55 21 luul-

192 1488 81 22 tavasti
295 1491 111 19 enemmän
425 1490 50 21 kuin
491 1490 126 21 varsinaisia
640 1490 149 21 eriuskolaisia
804 1496 21 14 n.
841 1495 16 15 s.
875 1488 144 28 vapaa-usko-

191 1516 69 27 laisia,
274 1517 61 27 jotka
350 1519 38 25 nyt
403 1518 56 21 tosin
481 1518 146 21 näennäisesti
650 1518 105 21 kuuluvat
778 1517 162 22 lutherilaiseen
959 1516 60 22 kirk-
