<?xml version="1.0" encoding="UTF-8"?>
<alto xmlns="http://www.loc.gov/standards/alto/ns-v3#" xmlns:xlink="http://www.w3.org/1999/xlink" xmlns:xsi="http://www.w3.org/2001/XMLSchema-instance" xsi:schemaLocation="http://www.loc.gov/standards/alto/ns-v3# http://www.loc.gov/alto/v3/alto-3-0.xsd">
	<Description>
		<MeasurementUnit>pixel</MeasurementUnit>
		<sourceImageInformation>
			<fileName>/tmp/tess_wzpc6eb4_input.PNG</fileName>
		</sourceImageInformation>
		<OCRProcessing ID="OCR_0">
			<ocrProcessingStep>
				<processingSoftware>
					<softwareName>tesseract 5.3.4</softwareName>
				</processingSoftware>
			</ocrProcessingStep>
		</OCRProcessing>
	</Description>
	<Layout>
		<Page WIDTH="1100" HEIGHT="1728" PHYSICAL_IMG_NR="0" ID="page_0">
			<PrintSpace HPOS="0" VPOS="0" WIDTH="1100" HEIGHT="1728">
				<ComposedBlock ID="cblock_0" HPOS="224" VPOS="114" WIDTH="463" HEIGHT="27">
					<TextBlock ID="block_0" HPOS="224" VPOS="114" WIDTH="463" HEIGHT="27">
						<TextLine ID="line_0" HPOS="224" VPOS="114" WIDTH="463" HEIGHT="27">
							<String ID="string_0" HPOS="224" VPOS="114" WIDTH="41" HEIGHT="21" WC="0.96" CONTENT="554"/><SP WIDTH="277" VPOS="114" HPOS="265"/>
							<String ID="string_1" HPOS="542" VPOS="116" WIDTH="12" HEIGHT="19" WC="0.92" CONTENT="3"/><SP WIDTH="16" VPOS="116" HPOS="554"/>
							<String ID="string_2" HPOS="570" VPOS="123" WIDTH="19" HEIGHT="18" WC="0.89" CONTENT="p."/><SP WIDTH="15" VPOS="123" HPOS="589"/>
							<String ID="string_3" HPOS="604" VPOS="117" WIDTH="83" HEIGHT="18" WC="0.92" CONTENT="Maalisk."/>
						</TextLine>
					</TextBlock>
				</ComposedBlock>
				<ComposedBlock ID="cblock_1" HPOS="186" VPOS="178" WIDTH="835" HEIGHT="976">
					<TextBlock ID="block_1" HPOS="195" VPOS="178" WIDTH="825" HEIGHT="58">
						<TextLine ID="line_1" HPOS="195" VPOS="178" WIDTH="825" HEIGHT="30">
							<String ID="string_4" HPOS="195" VPOS="178" WIDTH="50" HEIGHT="27" WC="0.92" CONTENT="kiga"/><SP WIDTH="15" VPOS="178" HPOS="245"/>
							<String ID="string_5" HPOS="260" VPOS="179" WIDTH="103" HEIGHT="26" WC="0.96" CONTENT="läroverk,"/><SP WIDTH="13" VPOS="179" HPOS="363"/>
							<String ID="string_6" HPOS="376" VPOS="179" WIDTH="25" HEIGHT="22" WC="0.96" CONTENT="så"/><SP WIDTH="15" VPOS="179" HPOS="401"/>
							<String ID="string_7" HPOS="416" VPOS="181" WIDTH="46" HEIGHT="20" WC="0.96" CONTENT="tror"/><SP WIDTH="12" VPOS="181" HPOS="462"/>
							<String ID="string_8" HPOS="474" VPOS="180" WIDTH="37" HEIGHT="27" WC="0.96" CONTENT="jag"/><SP WIDTH="15" VPOS="180" HPOS="511"/>
							<String ID="string_9" HPOS="526" VPOS="181" WIDTH="33" HEIGHT="20" WC="0.96" CONTENT="att"/><SP WIDTH="15" VPOS="181" HPOS="559"/>
							<String ID="string_10" HPOS="574" VPOS="181" WIDTH="67" HEIGHT="21" WC="0.96" CONTENT="redan"/><SP WIDTH="16" VPOS="181" HPOS="641"/>
							<String ID="string_11" HPOS="657" VPOS="181" WIDTH="61" HEIGHT="21" WC="0.96" CONTENT="detta"/><SP WIDTH="15" VPOS="181" HPOS="718"/>
							<String ID="string_12" HPOS="733" VPOS="179" WIDTH="138" HEIGHT="28" WC="0.96" CONTENT="fullständigt"/><SP WIDTH="10" VPOS="179" HPOS="871"/>
							<String ID="string_13" HPOS="881" VPOS="180" WIDTH="139" HEIGHT="28" WC="0.96" CONTENT="vederlägger"/>
						</TextLine>
						<TextLine ID="line_2" HPOS="196" VPOS="207" WIDTH="761" HEIGHT="29">
							<String ID="string_14" HPOS="196" VPOS="207" WIDTH="40" HEIGHT="22" WC="0.96" CONTENT="den"/><SP WIDTH="16" VPOS="207" HPOS="236"/>
							<String ID="string_15" HPOS="252" VPOS="207" WIDTH="141" HEIGHT="28" WC="0.95" CONTENT="beskyllning,"/><SP WIDTH="16" VPOS="207" HPOS="393"/>
							<String ID="string_16" HPOS="409" VPOS="214" WIDTH="47" HEIGHT="16" WC="0.93" CONTENT="som"/><SP WIDTH="12" VPOS="214" HPOS="456"/>
							<String ID="string_17" HPOS="468" VPOS="208" WIDTH="210" HEIGHT="28" WC="0.91" CONTENT="landtdagsmannen"/><SP WIDTH="15" VPOS="208" HPOS="678"/>
							<String ID="string_18" HPOS="693" VPOS="209" WIDTH="90" HEIGHT="22" WC="0.95" CONTENT="Avellan"/><SP WIDTH="16" VPOS="209" HPOS="783"/>
							<String ID="string_19" HPOS="799" VPOS="209" WIDTH="40" HEIGHT="21" WC="0.95" CONTENT="här"/><SP WIDTH="15" VPOS="209" HPOS="839"/>
							<String ID="string_20" HPOS="854" VPOS="209" WIDTH="103" HEIGHT="22" WC="0.95" CONTENT="utkastat."/>
						</TextLine>
					</TextBlock>
					<TextBlock ID="block_2" HPOS="186" VPOS="235" WIDTH="835" HEIGHT="919">
						<TextLine ID="line_3" HPOS="262" VPOS="235" WIDTH="759" HEIGHT="30">
							<String ID="string_21" HPOS="262" VPOS="235" WIDTH="43" HEIGHT="22" WC="0.96" CONTENT="För"/><SP WIDTH="22" VPOS="235" HPOS="305"/>
							<String ID="string_22" HPOS="327" VPOS="238" WIDTH="33" HEIGHT="19" WC="0.96" CONTENT="att"/><SP WIDTH="22" VPOS="238" HPOS="360"/>
							<String ID="string_23" HPOS="382" VPOS="237" WIDTH="74" HEIGHT="22" WC="0.96" CONTENT="anföra"/><SP WIDTH="21" VPOS="237" HPOS="456"/>
							<String ID="string_24" HPOS="477" VPOS="237" WIDTH="67" HEIGHT="27" WC="0.96" CONTENT="några"/><SP WIDTH="22" VPOS="237" HPOS="544"/>
							<String ID="string_25" HPOS="566" VPOS="238" WIDTH="126" HEIGHT="27" WC="0.95" CONTENT="ytterligare"/><SP WIDTH="22" VPOS="238" HPOS="692"/>
							<String ID="string_26" HPOS="714" VPOS="238" WIDTH="48" HEIGHT="21" WC="0.96" CONTENT="skäl"/><SP WIDTH="22" VPOS="238" HPOS="762"/>
							<String ID="string_27" HPOS="784" VPOS="237" WIDTH="33" HEIGHT="22" WC="0.96" CONTENT="till"/><SP WIDTH="17" VPOS="237" HPOS="817"/>
							<String ID="string_28" HPOS="834" VPOS="237" WIDTH="54" HEIGHT="27" WC="0.96" CONTENT="dem,"/><SP WIDTH="16" VPOS="237" HPOS="888"/>
							<String ID="string_29" HPOS="904" VPOS="237" WIDTH="29" HEIGHT="28" WC="0.96" CONTENT="på"/><SP WIDTH="15" VPOS="237" HPOS="933"/>
							<String ID="string_30" HPOS="948" VPOS="237" WIDTH="73" HEIGHT="22" WC="0.96" CONTENT="hvilka"/>
						</TextLine>
						<TextLine ID="line_4" HPOS="194" VPOS="264" WIDTH="827" HEIGHT="30">
							<String ID="string_31" HPOS="194" VPOS="264" WIDTH="208" HEIGHT="27" WC="0.90" CONTENT="landtdagsmannen"/><SP WIDTH="14" VPOS="264" HPOS="402"/>
							<String ID="string_32" HPOS="416" VPOS="266" WIDTH="102" HEIGHT="22" WC="0.92" CONTENT="Duncker"/><SP WIDTH="22" VPOS="266" HPOS="518"/>
							<String ID="string_33" HPOS="540" VPOS="266" WIDTH="40" HEIGHT="22" WC="0.96" CONTENT="här"/><SP WIDTH="22" VPOS="266" HPOS="580"/>
							<String ID="string_34" HPOS="602" VPOS="273" WIDTH="51" HEIGHT="21" WC="0.96" CONTENT="nyss"/><SP WIDTH="23" VPOS="273" HPOS="653"/>
							<String ID="string_35" HPOS="676" VPOS="266" WIDTH="97" HEIGHT="23" WC="0.96" CONTENT="förordat"/><SP WIDTH="23" VPOS="266" HPOS="773"/>
							<String ID="string_36" HPOS="796" VPOS="266" WIDTH="132" HEIGHT="27" WC="0.96" CONTENT="antagandet"/><SP WIDTH="22" VPOS="266" HPOS="928"/>
							<String ID="string_37" HPOS="950" VPOS="266" WIDTH="22" HEIGHT="22" WC="0.93" CONTENT="af"/><SP WIDTH="14" VPOS="266" HPOS="972"/>
							<String ID="string_38" HPOS="986" VPOS="268" WIDTH="35" HEIGHT="20" WC="0.92" CONTENT="ut-"/>
						</TextLine>
						<TextLine ID="line_5" HPOS="194" VPOS="293" WIDTH="826" HEIGHT="30">
							<String ID="string_39" HPOS="194" VPOS="293" WIDTH="226" HEIGHT="27" WC="0.91" CONTENT="skottsbetänkandet,"/><SP WIDTH="16" VPOS="293" HPOS="420"/>
							<String ID="string_40" HPOS="436" VPOS="295" WIDTH="36" HEIGHT="21" WC="0.96" CONTENT="vill"/><SP WIDTH="13" VPOS="295" HPOS="472"/>
							<String ID="string_41" HPOS="485" VPOS="295" WIDTH="37" HEIGHT="27" WC="0.96" CONTENT="jag"/><SP WIDTH="16" VPOS="295" HPOS="522"/>
							<String ID="string_42" HPOS="538" VPOS="297" WIDTH="57" HEIGHT="20" WC="0.96" CONTENT="ännu"/><SP WIDTH="16" VPOS="297" HPOS="595"/>
							<String ID="string_43" HPOS="611" VPOS="295" WIDTH="91" HEIGHT="27" WC="0.96" CONTENT="tillägga"/><SP WIDTH="15" VPOS="295" HPOS="702"/>
							<String ID="string_44" HPOS="717" VPOS="296" WIDTH="68" HEIGHT="27" WC="0.95" CONTENT="några"/><SP WIDTH="16" VPOS="296" HPOS="785"/>
							<String ID="string_45" HPOS="801" VPOS="295" WIDTH="45" HEIGHT="21" WC="0.96" CONTENT="ord."/><SP WIDTH="30" VPOS="295" HPOS="846"/>
							<String ID="string_46" HPOS="876" VPOS="295" WIDTH="35" HEIGHT="21" WC="0.94" CONTENT="Då"/><SP WIDTH="14" VPOS="295" HPOS="911"/>
							<String ID="string_47" HPOS="925" VPOS="301" WIDTH="49" HEIGHT="16" WC="0.93" CONTENT="man"/><SP WIDTH="14" VPOS="301" HPOS="974"/>
							<String ID="string_48" HPOS="988" VPOS="295" WIDTH="32" HEIGHT="21" WC="0.92" CONTENT="lä-"/>
						</TextLine>
						<TextLine ID="line_6" HPOS="194" VPOS="321" WIDTH="827" HEIGHT="28">
							<String ID="string_49" HPOS="194" VPOS="328" WIDTH="35" HEIGHT="15" WC="0.96" CONTENT="ser"/><SP WIDTH="15" VPOS="328" HPOS="229"/>
							<String ID="string_50" HPOS="244" VPOS="321" WIDTH="84" HEIGHT="27" WC="0.96" CONTENT="igenom"/><SP WIDTH="15" VPOS="321" HPOS="328"/>
							<String ID="string_51" HPOS="343" VPOS="323" WIDTH="167" HEIGHT="26" WC="0.96" CONTENT="reservationen,"/><SP WIDTH="16" VPOS="323" HPOS="510"/>
							<String ID="string_52" HPOS="526" VPOS="324" WIDTH="43" HEIGHT="21" WC="0.96" CONTENT="kan"/><SP WIDTH="23" VPOS="324" HPOS="569"/>
							<String ID="string_53" HPOS="592" VPOS="331" WIDTH="50" HEIGHT="14" WC="0.96" CONTENT="man"/><SP WIDTH="16" VPOS="331" HPOS="642"/>
							<String ID="string_54" HPOS="658" VPOS="324" WIDTH="47" HEIGHT="22" WC="0.96" CONTENT="icke"/><SP WIDTH="17" VPOS="324" HPOS="705"/>
							<String ID="string_55" HPOS="722" VPOS="325" WIDTH="66" HEIGHT="20" WC="0.96" CONTENT="annat"/><SP WIDTH="15" VPOS="325" HPOS="788"/>
							<String ID="string_56" HPOS="803" VPOS="325" WIDTH="27" HEIGHT="20" WC="0.96" CONTENT="än"/><SP WIDTH="16" VPOS="325" HPOS="830"/>
							<String ID="string_57" HPOS="846" VPOS="323" WIDTH="99" HEIGHT="22" WC="0.96" CONTENT="förvånas"/><SP WIDTH="16" VPOS="323" HPOS="945"/>
							<String ID="string_58" HPOS="961" VPOS="323" WIDTH="60" HEIGHT="22" WC="0.96" CONTENT="öfver"/>
						</TextLine>
						<TextLine ID="line_7" HPOS="195" VPOS="350" WIDTH="826" HEIGHT="30">
							<String ID="string_59" HPOS="195" VPOS="350" WIDTH="37" HEIGHT="22" WC="0.96" CONTENT="det"/><SP WIDTH="15" VPOS="350" HPOS="232"/>
							<String ID="string_60" HPOS="247" VPOS="352" WIDTH="50" HEIGHT="25" WC="0.93" CONTENT="sätt,"/><SP WIDTH="16" VPOS="352" HPOS="297"/>
							<String ID="string_61" HPOS="313" VPOS="351" WIDTH="82" HEIGHT="27" WC="0.91" CONTENT="hvarpå"/><SP WIDTH="15" VPOS="351" HPOS="395"/>
							<String ID="string_62" HPOS="410" VPOS="354" WIDTH="165" HEIGHT="20" WC="0.91" CONTENT="reservanterna"/><SP WIDTH="19" VPOS="354" HPOS="575"/>
							<String ID="string_63" HPOS="594" VPOS="352" WIDTH="64" HEIGHT="22" WC="0.96" CONTENT="hafva"/><SP WIDTH="15" VPOS="352" HPOS="658"/>
							<String ID="string_64" HPOS="673" VPOS="352" WIDTH="55" HEIGHT="28" WC="0.96" CONTENT="tagit"/><SP WIDTH="16" VPOS="352" HPOS="728"/>
							<String ID="string_65" HPOS="744" VPOS="353" WIDTH="75" HEIGHT="21" WC="0.93" CONTENT="saken."/><SP WIDTH="30" VPOS="353" HPOS="819"/>
							<String ID="string_66" HPOS="849" VPOS="352" WIDTH="172" HEIGHT="22" WC="0.92" CONTENT="Reservanterna"/>
						</TextLine>
						<TextLine ID="line_8" HPOS="194" VPOS="379" WIDTH="826" HEIGHT="30">
							<String ID="string_67" HPOS="194" VPOS="380" WIDTH="54" HEIGHT="26" WC="0.96" CONTENT="säga"/><SP WIDTH="15" VPOS="380" HPOS="248"/>
							<String ID="string_68" HPOS="263" VPOS="379" WIDTH="7" HEIGHT="22" WC="0.96" CONTENT="i"/><SP WIDTH="15" VPOS="379" HPOS="270"/>
							<String ID="string_69" HPOS="285" VPOS="380" WIDTH="85" HEIGHT="27" WC="0.96" CONTENT="stycket"/><SP WIDTH="16" VPOS="380" HPOS="370"/>
							<String ID="string_70" HPOS="386" VPOS="382" WIDTH="22" HEIGHT="20" WC="0.93" CONTENT="2:"/><SP WIDTH="26" VPOS="382" HPOS="408"/>
							<String ID="string_71" HPOS="434" VPOS="381" WIDTH="39" HEIGHT="27" WC="0.81" CONTENT=",de"/><SP WIDTH="23" VPOS="381" HPOS="473"/>
							<String ID="string_72" HPOS="496" VPOS="381" WIDTH="79" HEIGHT="27" WC="0.96" CONTENT="skolor,"/><SP WIDTH="25" VPOS="381" HPOS="575"/>
							<String ID="string_73" HPOS="600" VPOS="381" WIDTH="38" HEIGHT="22" WC="0.96" CONTENT="der"/><SP WIDTH="22" VPOS="381" HPOS="638"/>
							<String ID="string_74" HPOS="660" VPOS="381" WIDTH="83" HEIGHT="22" WC="0.93" CONTENT="antalet"/><SP WIDTH="22" VPOS="381" HPOS="743"/>
							<String ID="string_75" HPOS="765" VPOS="381" WIDTH="101" HEIGHT="22" WC="0.92" CONTENT="frielever"/><SP WIDTH="22" VPOS="381" HPOS="866"/>
							<String ID="string_76" HPOS="888" VPOS="381" WIDTH="83" HEIGHT="28" WC="0.95" CONTENT="uppnår"/><SP WIDTH="22" VPOS="381" HPOS="971"/>
							<String ID="string_77" HPOS="993" VPOS="387" WIDTH="27" HEIGHT="16" WC="0.97" CONTENT="en"/>
						</TextLine>
						<TextLine ID="line_9" HPOS="193" VPOS="408" WIDTH="827" HEIGHT="29">
							<String ID="string_78" HPOS="193" VPOS="408" WIDTH="86" HEIGHT="27" WC="0.96" CONTENT="mycket"/><SP WIDTH="22" VPOS="408" HPOS="279"/>
							<String ID="string_79" HPOS="301" VPOS="409" WIDTH="42" HEIGHT="27" WC="0.96" CONTENT="hög"/><SP WIDTH="23" VPOS="409" HPOS="343"/>
							<String ID="string_80" HPOS="366" VPOS="409" WIDTH="51" HEIGHT="27" WC="0.95" CONTENT="grad"/><SP WIDTH="16" VPOS="409" HPOS="417"/>
							<String ID="string_81" HPOS="433" VPOS="410" WIDTH="7" HEIGHT="21" WC="0.96" CONTENT="i"/><SP WIDTH="15" VPOS="410" HPOS="440"/>
							<String ID="string_82" HPOS="455" VPOS="409" WIDTH="135" HEIGHT="23" WC="0.96" CONTENT="förhållande"/><SP WIDTH="22" VPOS="409" HPOS="590"/>
							<String ID="string_83" HPOS="612" VPOS="410" WIDTH="33" HEIGHT="21" WC="0.96" CONTENT="till"/><SP WIDTH="23" VPOS="410" HPOS="645"/>
							<String ID="string_84" HPOS="668" VPOS="410" WIDTH="50" HEIGHT="22" WC="0.96" CONTENT="hela"/><SP WIDTH="23" VPOS="410" HPOS="718"/>
							<String ID="string_85" HPOS="741" VPOS="410" WIDTH="137" HEIGHT="26" WC="0.95" CONTENT="elevantalet,"/><SP WIDTH="17" VPOS="410" HPOS="878"/>
							<String ID="string_86" HPOS="895" VPOS="411" WIDTH="58" HEIGHT="26" WC="0.95" CONTENT="tjena"/><SP WIDTH="21" VPOS="411" HPOS="953"/>
							<String ID="string_87" HPOS="974" VPOS="415" WIDTH="46" HEIGHT="16" WC="0.96" CONTENT="som"/>
						</TextLine>
						<TextLine ID="line_10" HPOS="193" VPOS="437" WIDTH="827" HEIGHT="29">
							<String ID="string_88" HPOS="193" VPOS="437" WIDTH="59" HEIGHT="21" WC="0.93" CONTENT="bevis"/><SP WIDTH="18" VPOS="437" HPOS="252"/>
							<String ID="string_89" HPOS="270" VPOS="437" WIDTH="72" HEIGHT="27" WC="0.91" CONTENT="derpå,"/><SP WIDTH="17" VPOS="437" HPOS="342"/>
							<String ID="string_90" HPOS="359" VPOS="440" WIDTH="32" HEIGHT="19" WC="0.96" CONTENT="att"/><SP WIDTH="15" VPOS="440" HPOS="391"/>
							<String ID="string_91" HPOS="406" VPOS="445" WIDTH="48" HEIGHT="14" WC="0.97" CONTENT="man"/><SP WIDTH="16" VPOS="445" HPOS="454"/>
							<String ID="string_92" HPOS="470" VPOS="439" WIDTH="18" HEIGHT="27" WC="0.95" CONTENT="ej"/><SP WIDTH="17" VPOS="439" HPOS="488"/>
							<String ID="string_93" HPOS="505" VPOS="439" WIDTH="83" HEIGHT="26" WC="0.96" CONTENT="lyckats"/><SP WIDTH="24" VPOS="439" HPOS="588"/>
							<String ID="string_94" HPOS="612" VPOS="439" WIDTH="88" HEIGHT="27" WC="0.95" CONTENT="placera"/><SP WIDTH="20" VPOS="439" HPOS="700"/>
							<String ID="string_95" HPOS="720" VPOS="439" WIDTH="49" HEIGHT="22" WC="0.96" CONTENT="dem"/><SP WIDTH="16" VPOS="439" HPOS="769"/>
							<String ID="string_96" HPOS="785" VPOS="439" WIDTH="28" HEIGHT="27" WC="0.95" CONTENT="på"/><SP WIDTH="15" VPOS="439" HPOS="813"/>
							<String ID="string_97" HPOS="828" VPOS="440" WIDTH="46" HEIGHT="20" WC="0.96" CONTENT="rätt"/><SP WIDTH="14" VPOS="440" HPOS="874"/>
							<String ID="string_98" HPOS="888" VPOS="439" WIDTH="70" HEIGHT="21" WC="0.93" CONTENT="ställe."/><SP WIDTH="30" VPOS="439" HPOS="958"/>
							<String ID="string_99" HPOS="988" VPOS="439" WIDTH="32" HEIGHT="26" WC="0.94" CONTENT="Ty"/>
						</TextLine>
						<TextLine ID="line_11" HPOS="194" VPOS="467" WIDTH="825" HEIGHT="28">
							<String ID="string_100" HPOS="194" VPOS="471" WIDTH="34" HEIGHT="16" WC="0.96" CONTENT="om"/><SP WIDTH="15" VPOS="471" HPOS="228"/>
							<String ID="string_101" HPOS="243" VPOS="472" WIDTH="48" HEIGHT="15" WC="0.95" CONTENT="man"/><SP WIDTH="15" VPOS="472" HPOS="291"/>
							<String ID="string_102" HPOS="306" VPOS="467" WIDTH="35" HEIGHT="21" WC="0.93" CONTENT="vid"/><SP WIDTH="16" VPOS="467" HPOS="341"/>
							<String ID="string_103" HPOS="357" VPOS="467" WIDTH="130" HEIGHT="22" WC="0.92" CONTENT="dislokation"/><SP WIDTH="15" VPOS="467" HPOS="487"/>
							<String ID="string_104" HPOS="502" VPOS="467" WIDTH="24" HEIGHT="22" WC="0.96" CONTENT="af"/><SP WIDTH="12" VPOS="467" HPOS="526"/>
							<String ID="string_105" HPOS="538" VPOS="468" WIDTH="75" HEIGHT="21" WC="0.96" CONTENT="skolor"/><SP WIDTH="23" VPOS="468" HPOS="613"/>
							<String ID="string_106" HPOS="636" VPOS="469" WIDTH="61" HEIGHT="26" WC="0.96" CONTENT="tager"/><SP WIDTH="15" VPOS="469" HPOS="697"/>
							<String ID="string_107" HPOS="712" VPOS="468" WIDTH="80" HEIGHT="21" WC="0.96" CONTENT="endast"/><SP WIDTH="16" VPOS="468" HPOS="792"/>
							<String ID="string_108" HPOS="808" VPOS="467" WIDTH="86" HEIGHT="22" WC="0.96" CONTENT="arealen"/><SP WIDTH="16" VPOS="467" HPOS="894"/>
							<String ID="string_109" HPOS="910" VPOS="468" WIDTH="7" HEIGHT="21" WC="0.93" CONTENT="i"/><SP WIDTH="15" VPOS="468" HPOS="917"/>
							<String ID="string_110" HPOS="932" VPOS="467" WIDTH="87" HEIGHT="22" WC="0.91" CONTENT="betrak-"/>
						</TextLine>
						<TextLine ID="line_12" HPOS="193" VPOS="494" WIDTH="826" HEIGHT="29">
							<String ID="string_111" HPOS="193" VPOS="494" WIDTH="71" HEIGHT="26" WC="0.95" CONTENT="tande,"/><SP WIDTH="17" VPOS="494" HPOS="264"/>
							<String ID="string_112" HPOS="281" VPOS="495" WIDTH="24" HEIGHT="21" WC="0.96" CONTENT="så"/><SP WIDTH="16" VPOS="495" HPOS="305"/>
							<String ID="string_113" HPOS="321" VPOS="495" WIDTH="70" HEIGHT="22" WC="0.96" CONTENT="måste"/><SP WIDTH="15" VPOS="495" HPOS="391"/>
							<String ID="string_114" HPOS="406" VPOS="502" WIDTH="48" HEIGHT="15" WC="0.96" CONTENT="man"/><SP WIDTH="20" VPOS="502" HPOS="454"/>
							<String ID="string_115" HPOS="474" VPOS="496" WIDTH="152" HEIGHT="27" WC="0.96" CONTENT="oundvikligen"/><SP WIDTH="22" VPOS="496" HPOS="626"/>
							<String ID="string_116" HPOS="648" VPOS="497" WIDTH="53" HEIGHT="26" WC="0.97" CONTENT="yrka"/><SP WIDTH="15" VPOS="497" HPOS="701"/>
							<String ID="string_117" HPOS="716" VPOS="496" WIDTH="29" HEIGHT="27" WC="0.96" CONTENT="på"/><SP WIDTH="15" VPOS="496" HPOS="745"/>
							<String ID="string_118" HPOS="760" VPOS="496" WIDTH="134" HEIGHT="22" WC="0.96" CONTENT="inrättandet"/><SP WIDTH="16" VPOS="496" HPOS="894"/>
							<String ID="string_119" HPOS="910" VPOS="495" WIDTH="22" HEIGHT="22" WC="0.96" CONTENT="af"/><SP WIDTH="14" VPOS="495" HPOS="932"/>
							<String ID="string_120" HPOS="946" VPOS="495" WIDTH="73" HEIGHT="22" WC="0.96" CONTENT="skolor"/>
						</TextLine>
						<TextLine ID="line_13" HPOS="192" VPOS="523" WIDTH="828" HEIGHT="30">
							<String ID="string_121" HPOS="192" VPOS="523" WIDTH="30" HEIGHT="27" WC="0.96" CONTENT="på"/><SP WIDTH="14" VPOS="523" HPOS="222"/>
							<String ID="string_122" HPOS="236" VPOS="523" WIDTH="82" HEIGHT="22" WC="0.96" CONTENT="sådana"/><SP WIDTH="16" VPOS="523" HPOS="318"/>
							<String ID="string_123" HPOS="334" VPOS="526" WIDTH="58" HEIGHT="20" WC="0.96" CONTENT="orter"/><SP WIDTH="16" VPOS="526" HPOS="392"/>
							<String ID="string_124" HPOS="408" VPOS="530" WIDTH="47" HEIGHT="16" WC="0.93" CONTENT="som"/><SP WIDTH="15" VPOS="530" HPOS="455"/>
							<String ID="string_125" HPOS="470" VPOS="525" WIDTH="166" HEIGHT="22" WC="0.93" CONTENT="Muonionniska"/><SP WIDTH="16" VPOS="525" HPOS="636"/>
							<String ID="string_126" HPOS="652" VPOS="525" WIDTH="40" HEIGHT="22" WC="0.96" CONTENT="och"/><SP WIDTH="11" VPOS="525" HPOS="692"/>
							<String ID="string_127" HPOS="703" VPOS="525" WIDTH="107" HEIGHT="28" WC="0.74" CONTENT="Utsjoki.&quot;"/><SP WIDTH="32" VPOS="525" HPOS="810"/>
							<String ID="string_128" HPOS="842" VPOS="524" WIDTH="178" HEIGHT="23" WC="0.81" CONTENT="Utiutskottsbe-"/>
						</TextLine>
						<TextLine ID="line_14" HPOS="192" VPOS="552" WIDTH="826" HEIGHT="24">
							<String ID="string_129" HPOS="192" VPOS="552" WIDTH="119" HEIGHT="22" WC="0.96" CONTENT="tänkandet"/><SP WIDTH="22" VPOS="552" HPOS="311"/>
							<String ID="string_130" HPOS="333" VPOS="553" WIDTH="40" HEIGHT="21" WC="0.95" CONTENT="har"/><SP WIDTH="15" VPOS="553" HPOS="373"/>
							<String ID="string_131" HPOS="388" VPOS="553" WIDTH="119" HEIGHT="22" WC="0.95" CONTENT="emellertid"/><SP WIDTH="22" VPOS="553" HPOS="507"/>
							<String ID="string_132" HPOS="529" VPOS="554" WIDTH="49" HEIGHT="21" WC="0.96" CONTENT="icke"/><SP WIDTH="20" VPOS="554" HPOS="578"/>
							<String ID="string_133" HPOS="598" VPOS="556" WIDTH="86" HEIGHT="19" WC="0.96" CONTENT="nämnts"/><SP WIDTH="16" VPOS="556" HPOS="684"/>
							<String ID="string_134" HPOS="700" VPOS="556" WIDTH="33" HEIGHT="19" WC="0.96" CONTENT="ett"/><SP WIDTH="16" VPOS="556" HPOS="733"/>
							<String ID="string_135" HPOS="749" VPOS="553" WIDTH="39" HEIGHT="23" WC="0.96" CONTENT="ord"/><SP WIDTH="17" VPOS="553" HPOS="788"/>
							<String ID="string_136" HPOS="805" VPOS="559" WIDTH="34" HEIGHT="16" WC="0.96" CONTENT="om"/><SP WIDTH="16" VPOS="559" HPOS="839"/>
							<String ID="string_137" HPOS="855" VPOS="555" WIDTH="32" HEIGHT="20" WC="0.96" CONTENT="att"/><SP WIDTH="14" VPOS="555" HPOS="887"/>
							<String ID="string_138" HPOS="901" VPOS="554" WIDTH="35" HEIGHT="21" WC="0.93" CONTENT="vid"/><SP WIDTH="16" VPOS="554" HPOS="936"/>
							<String ID="string_139" HPOS="952" VPOS="553" WIDTH="66" HEIGHT="22" WC="0.91" CONTENT="dislo-"/>
						</TextLine>
						<TextLine ID="line_15" HPOS="192" VPOS="581" WIDTH="826" HEIGHT="29">
							<String ID="string_140" HPOS="192" VPOS="581" WIDTH="74" HEIGHT="21" WC="0.93" CONTENT="kation"/><SP WIDTH="15" VPOS="581" HPOS="266"/>
							<String ID="string_141" HPOS="281" VPOS="581" WIDTH="23" HEIGHT="22" WC="0.96" CONTENT="af"/><SP WIDTH="13" VPOS="581" HPOS="304"/>
							<String ID="string_142" HPOS="317" VPOS="581" WIDTH="73" HEIGHT="22" WC="0.96" CONTENT="skolor"/><SP WIDTH="16" VPOS="581" HPOS="390"/>
							<String ID="string_143" HPOS="406" VPOS="582" WIDTH="77" HEIGHT="22" WC="0.96" CONTENT="endast"/><SP WIDTH="23" VPOS="582" HPOS="483"/>
							<String ID="string_144" HPOS="506" VPOS="583" WIDTH="86" HEIGHT="22" WC="0.96" CONTENT="arealen"/><SP WIDTH="23" VPOS="583" HPOS="592"/>
							<String ID="string_145" HPOS="615" VPOS="583" WIDTH="68" HEIGHT="21" WC="0.96" CONTENT="borde"/><SP WIDTH="15" VPOS="583" HPOS="683"/>
							<String ID="string_146" HPOS="698" VPOS="585" WIDTH="63" HEIGHT="25" WC="0.96" CONTENT="tagas"/><SP WIDTH="16" VPOS="585" HPOS="761"/>
							<String ID="string_147" HPOS="777" VPOS="583" WIDTH="8" HEIGHT="20" WC="0.96" CONTENT="i"/><SP WIDTH="15" VPOS="583" HPOS="785"/>
							<String ID="string_148" HPOS="800" VPOS="583" WIDTH="149" HEIGHT="26" WC="0.96" CONTENT="betraktande,"/><SP WIDTH="17" VPOS="583" HPOS="949"/>
							<String ID="string_149" HPOS="966" VPOS="584" WIDTH="52" HEIGHT="19" WC="0.96" CONTENT="utan"/>
						</TextLine>
						<TextLine ID="line_16" HPOS="193" VPOS="609" WIDTH="825" HEIGHT="29">
							<String ID="string_150" HPOS="193" VPOS="609" WIDTH="39" HEIGHT="22" WC="0.96" CONTENT="der"/><SP WIDTH="14" VPOS="609" HPOS="232"/>
							<String ID="string_151" HPOS="246" VPOS="610" WIDTH="55" HEIGHT="21" WC="0.96" CONTENT="talas"/><SP WIDTH="17" VPOS="610" HPOS="301"/>
							<String ID="string_152" HPOS="318" VPOS="617" WIDTH="33" HEIGHT="15" WC="0.96" CONTENT="om"/><SP WIDTH="16" VPOS="617" HPOS="351"/>
							<String ID="string_153" HPOS="367" VPOS="610" WIDTH="157" HEIGHT="28" WC="0.92" CONTENT="folkmängden."/><SP WIDTH="31" VPOS="610" HPOS="524"/>
							<String ID="string_154" HPOS="555" VPOS="611" WIDTH="175" HEIGHT="22" WC="0.91" CONTENT="Reservanterna"/><SP WIDTH="22" VPOS="611" HPOS="730"/>
							<String ID="string_155" HPOS="752" VPOS="611" WIDTH="65" HEIGHT="22" WC="0.96" CONTENT="hafva"/><SP WIDTH="23" VPOS="611" HPOS="817"/>
							<String ID="string_156" HPOS="840" VPOS="611" WIDTH="91" HEIGHT="22" WC="0.93" CONTENT="sålunda"/><SP WIDTH="22" VPOS="611" HPOS="931"/>
							<String ID="string_157" HPOS="953" VPOS="611" WIDTH="65" HEIGHT="22" WC="0.91" CONTENT="vändt"/>
						</TextLine>
						<TextLine ID="line_17" HPOS="193" VPOS="638" WIDTH="825" HEIGHT="28">
							<String ID="string_158" HPOS="193" VPOS="638" WIDTH="33" HEIGHT="27" WC="0.96" CONTENT="sig"/><SP WIDTH="15" VPOS="638" HPOS="226"/>
							<String ID="string_159" HPOS="241" VPOS="641" WIDTH="44" HEIGHT="19" WC="0.96" CONTENT="mot"/><SP WIDTH="15" VPOS="641" HPOS="285"/>
							<String ID="string_160" HPOS="300" VPOS="639" WIDTH="124" HEIGHT="27" WC="0.96" CONTENT="någonting,"/><SP WIDTH="16" VPOS="639" HPOS="424"/>
							<String ID="string_161" HPOS="440" VPOS="646" WIDTH="47" HEIGHT="15" WC="0.96" CONTENT="som"/><SP WIDTH="19" VPOS="646" HPOS="487"/>
							<String ID="string_162" HPOS="506" VPOS="640" WIDTH="108" HEIGHT="22" WC="0.96" CONTENT="utskottet"/><SP WIDTH="23" VPOS="640" HPOS="614"/>
							<String ID="string_163" HPOS="637" VPOS="640" WIDTH="40" HEIGHT="22" WC="0.96" CONTENT="alls"/><SP WIDTH="23" VPOS="640" HPOS="677"/>
							<String ID="string_164" HPOS="700" VPOS="641" WIDTH="49" HEIGHT="21" WC="0.96" CONTENT="icke"/><SP WIDTH="23" VPOS="641" HPOS="749"/>
							<String ID="string_165" HPOS="772" VPOS="639" WIDTH="77" HEIGHT="22" WC="0.95" CONTENT="anfört."/><SP WIDTH="31" VPOS="639" HPOS="849"/>
							<String ID="string_166" HPOS="880" VPOS="639" WIDTH="78" HEIGHT="23" WC="0.93" CONTENT="Vidare"/><SP WIDTH="16" VPOS="639" HPOS="958"/>
							<String ID="string_167" HPOS="974" VPOS="646" WIDTH="44" HEIGHT="15" WC="0.91" CONTENT="om-"/>
						</TextLine>
						<TextLine ID="line_18" HPOS="191" VPOS="668" WIDTH="825" HEIGHT="28">
							<String ID="string_168" HPOS="191" VPOS="669" WIDTH="78" HEIGHT="20" WC="0.93" CONTENT="nämna"/><SP WIDTH="15" VPOS="669" HPOS="269"/>
							<String ID="string_169" HPOS="284" VPOS="670" WIDTH="164" HEIGHT="20" WC="0.91" CONTENT="reservanterna"/><SP WIDTH="15" VPOS="670" HPOS="448"/>
							<String ID="string_170" HPOS="463" VPOS="669" WIDTH="31" HEIGHT="21" WC="0.93" CONTENT="uti"/><SP WIDTH="16" VPOS="669" HPOS="494"/>
							<String ID="string_171" HPOS="510" VPOS="669" WIDTH="56" HEIGHT="27" WC="0.92" CONTENT="3:dje"/><SP WIDTH="16" VPOS="669" HPOS="566"/>
							<String ID="string_172" HPOS="582" VPOS="669" WIDTH="92" HEIGHT="27" WC="0.96" CONTENT="stycket,"/><SP WIDTH="16" VPOS="669" HPOS="674"/>
							<String ID="string_173" HPOS="690" VPOS="671" WIDTH="33" HEIGHT="19" WC="0.96" CONTENT="att"/><SP WIDTH="16" VPOS="671" HPOS="723"/>
							<String ID="string_174" HPOS="739" VPOS="671" WIDTH="32" HEIGHT="20" WC="0.96" CONTENT="ett"/><SP WIDTH="20" VPOS="671" HPOS="771"/>
							<String ID="string_175" HPOS="791" VPOS="669" WIDTH="79" HEIGHT="21" WC="0.93" CONTENT="sådant"/><SP WIDTH="14" VPOS="669" HPOS="870"/>
							<String ID="string_176" HPOS="884" VPOS="668" WIDTH="132" HEIGHT="22" WC="0.92" CONTENT="missförhål-"/>
						</TextLine>
						<TextLine ID="line_19" HPOS="191" VPOS="695" WIDTH="826" HEIGHT="29">
							<String ID="string_177" HPOS="191" VPOS="695" WIDTH="63" HEIGHT="22" WC="0.96" CONTENT="lande"/><SP WIDTH="16" VPOS="695" HPOS="254"/>
							<String ID="string_178" HPOS="270" VPOS="696" WIDTH="69" HEIGHT="22" WC="0.95" CONTENT="skulle"/><SP WIDTH="15" VPOS="696" HPOS="339"/>
							<String ID="string_179" HPOS="354" VPOS="696" WIDTH="100" HEIGHT="27" WC="0.96" CONTENT="existera,"/><SP WIDTH="16" VPOS="696" HPOS="454"/>
							<String ID="string_180" HPOS="470" VPOS="699" WIDTH="32" HEIGHT="19" WC="0.96" CONTENT="att"/><SP WIDTH="15" VPOS="699" HPOS="502"/>
							<String ID="string_181" HPOS="517" VPOS="696" WIDTH="23" HEIGHT="22" WC="0.96" CONTENT="af"/><SP WIDTH="14" VPOS="696" HPOS="540"/>
							<String ID="string_182" HPOS="554" VPOS="698" WIDTH="78" HEIGHT="22" WC="0.96" CONTENT="tvenne"/><SP WIDTH="16" VPOS="698" HPOS="632"/>
							<String ID="string_183" HPOS="648" VPOS="698" WIDTH="78" HEIGHT="26" WC="0.93" CONTENT="skolor,"/><SP WIDTH="18" VPOS="698" HPOS="726"/>
							<String ID="string_184" HPOS="744" VPOS="697" WIDTH="92" HEIGHT="22" WC="0.92" CONTENT="oaktadt"/><SP WIDTH="16" VPOS="697" HPOS="836"/>
							<String ID="string_185" HPOS="852" VPOS="697" WIDTH="63" HEIGHT="22" WC="0.93" CONTENT="deras"/><SP WIDTH="17" VPOS="697" HPOS="915"/>
							<String ID="string_186" HPOS="932" VPOS="697" WIDTH="85" HEIGHT="21" WC="0.90" CONTENT="elevan-"/>
						</TextLine>
						<TextLine ID="line_20" HPOS="191" VPOS="724" WIDTH="826" HEIGHT="29">
							<String ID="string_187" HPOS="191" VPOS="724" WIDTH="31" HEIGHT="21" WC="0.96" CONTENT="tal"/><SP WIDTH="16" VPOS="724" HPOS="222"/>
							<String ID="string_188" HPOS="238" VPOS="726" WIDTH="24" HEIGHT="20" WC="0.96" CONTENT="är"/><SP WIDTH="14" VPOS="726" HPOS="262"/>
							<String ID="string_189" HPOS="276" VPOS="724" WIDTH="89" HEIGHT="27" WC="0.96" CONTENT="ungefär"/><SP WIDTH="15" VPOS="724" HPOS="365"/>
							<String ID="string_190" HPOS="380" VPOS="725" WIDTH="50" HEIGHT="27" WC="0.96" CONTENT="lika,"/><SP WIDTH="16" VPOS="725" HPOS="430"/>
							<String ID="string_191" HPOS="446" VPOS="726" WIDTH="41" HEIGHT="21" WC="0.96" CONTENT="den"/><SP WIDTH="23" VPOS="726" HPOS="487"/>
							<String ID="string_192" HPOS="510" VPOS="732" WIDTH="40" HEIGHT="16" WC="0.96" CONTENT="ena"/><SP WIDTH="22" VPOS="732" HPOS="550"/>
							<String ID="string_193" HPOS="572" VPOS="726" WIDTH="43" HEIGHT="22" WC="0.96" CONTENT="kan"/><SP WIDTH="22" VPOS="726" HPOS="615"/>
							<String ID="string_194" HPOS="637" VPOS="726" WIDTH="65" HEIGHT="22" WC="0.96" CONTENT="hafva"/><SP WIDTH="14" VPOS="726" HPOS="702"/>
							<String ID="string_195" HPOS="716" VPOS="728" WIDTH="28" HEIGHT="19" WC="0.93" CONTENT="24"/><SP WIDTH="16" VPOS="728" HPOS="744"/>
							<String ID="string_196" HPOS="760" VPOS="726" WIDTH="110" HEIGHT="27" WC="0.92" CONTENT="friplatser"/><SP WIDTH="22" VPOS="726" HPOS="870"/>
							<String ID="string_197" HPOS="892" VPOS="726" WIDTH="81" HEIGHT="21" WC="0.96" CONTENT="mindre"/><SP WIDTH="17" VPOS="726" HPOS="973"/>
							<String ID="string_198" HPOS="990" VPOS="727" WIDTH="27" HEIGHT="20" WC="0.96" CONTENT="än"/>
						</TextLine>
						<TextLine ID="line_21" HPOS="192" VPOS="753" WIDTH="824" HEIGHT="29">
							<String ID="string_199" HPOS="192" VPOS="753" WIDTH="40" HEIGHT="21" WC="0.96" CONTENT="den"/><SP WIDTH="16" VPOS="753" HPOS="232"/>
							<String ID="string_200" HPOS="248" VPOS="753" WIDTH="72" HEIGHT="22" WC="0.94" CONTENT="andra."/><SP WIDTH="32" VPOS="753" HPOS="320"/>
							<String ID="string_201" HPOS="352" VPOS="754" WIDTH="35" HEIGHT="22" WC="0.96" CONTENT="Uti"/><SP WIDTH="17" VPOS="754" HPOS="387"/>
							<String ID="string_202" HPOS="404" VPOS="754" WIDTH="26" HEIGHT="22" WC="0.96" CONTENT="de"/><SP WIDTH="16" VPOS="754" HPOS="430"/>
							<String ID="string_203" HPOS="446" VPOS="754" WIDTH="69" HEIGHT="22" WC="0.95" CONTENT="siffror"/><SP WIDTH="22" VPOS="754" HPOS="515"/>
							<String ID="string_204" HPOS="537" VPOS="755" WIDTH="110" HEIGHT="21" WC="0.93" CONTENT="utskottet"/><SP WIDTH="21" VPOS="755" HPOS="647"/>
							<String ID="string_205" HPOS="668" VPOS="755" WIDTH="106" HEIGHT="27" WC="0.92" CONTENT="uppstält,"/><SP WIDTH="16" VPOS="755" HPOS="774"/>
							<String ID="string_206" HPOS="790" VPOS="755" WIDTH="43" HEIGHT="21" WC="0.96" CONTENT="kan"/><SP WIDTH="13" VPOS="755" HPOS="833"/>
							<String ID="string_207" HPOS="846" VPOS="754" WIDTH="38" HEIGHT="28" WC="0.96" CONTENT="jag"/><SP WIDTH="15" VPOS="754" HPOS="884"/>
							<String ID="string_208" HPOS="899" VPOS="754" WIDTH="54" HEIGHT="22" WC="0.96" CONTENT="dock"/><SP WIDTH="15" VPOS="754" HPOS="953"/>
							<String ID="string_209" HPOS="968" VPOS="754" WIDTH="48" HEIGHT="22" WC="0.96" CONTENT="icke"/>
						</TextLine>
						<TextLine ID="line_22" HPOS="190" VPOS="780" WIDTH="826" HEIGHT="30">
							<String ID="string_210" HPOS="190" VPOS="780" WIDTH="58" HEIGHT="22" WC="0.96" CONTENT="finna"/><SP WIDTH="15" VPOS="780" HPOS="248"/>
							<String ID="string_211" HPOS="263" VPOS="782" WIDTH="49" HEIGHT="21" WC="0.96" CONTENT="stöd"/><SP WIDTH="15" VPOS="782" HPOS="312"/>
							<String ID="string_212" HPOS="327" VPOS="782" WIDTH="33" HEIGHT="22" WC="0.96" CONTENT="för"/><SP WIDTH="16" VPOS="782" HPOS="360"/>
							<String ID="string_213" HPOS="376" VPOS="784" WIDTH="32" HEIGHT="20" WC="0.96" CONTENT="ett"/><SP WIDTH="18" VPOS="784" HPOS="408"/>
							<String ID="string_214" HPOS="426" VPOS="783" WIDTH="78" HEIGHT="21" WC="0.96" CONTENT="sådant"/><SP WIDTH="20" VPOS="783" HPOS="504"/>
							<String ID="string_215" HPOS="524" VPOS="784" WIDTH="128" HEIGHT="26" WC="0.96" CONTENT="påstående."/><SP WIDTH="31" VPOS="784" HPOS="652"/>
							<String ID="string_216" HPOS="683" VPOS="784" WIDTH="108" HEIGHT="26" WC="0.20" CONTENT="Slutligen"/><SP WIDTH="24" VPOS="784" HPOS="791"/>
							<String ID="string_217" HPOS="815" VPOS="783" WIDTH="70" HEIGHT="27" WC="0.93" CONTENT="bygga"/><SP WIDTH="19" VPOS="783" HPOS="885"/>
							<String ID="string_218" HPOS="904" VPOS="789" WIDTH="112" HEIGHT="16" WC="0.92" CONTENT="reservan-"/>
						</TextLine>
						<TextLine ID="line_23" HPOS="191" VPOS="810" WIDTH="825" HEIGHT="29">
							<String ID="string_219" HPOS="191" VPOS="812" WIDTH="62" HEIGHT="20" WC="0.96" CONTENT="terna"/><SP WIDTH="16" VPOS="812" HPOS="253"/>
							<String ID="string_220" HPOS="269" VPOS="810" WIDTH="38" HEIGHT="22" WC="0.96" CONTENT="der"/><SP WIDTH="14" VPOS="810" HPOS="307"/>
							<String ID="string_221" HPOS="321" VPOS="811" WIDTH="28" HEIGHT="27" WC="0.96" CONTENT="på"/><SP WIDTH="16" VPOS="811" HPOS="349"/>
							<String ID="string_222" HPOS="365" VPOS="813" WIDTH="33" HEIGHT="19" WC="0.96" CONTENT="att"/><SP WIDTH="14" VPOS="813" HPOS="398"/>
							<String ID="string_223" HPOS="412" VPOS="811" WIDTH="8" HEIGHT="21" WC="0.96" CONTENT="i"/><SP WIDTH="15" VPOS="811" HPOS="420"/>
							<String ID="string_224" HPOS="435" VPOS="818" WIDTH="80" HEIGHT="16" WC="0.96" CONTENT="samma"/><SP WIDTH="22" VPOS="818" HPOS="515"/>
							<String ID="string_225" HPOS="537" VPOS="812" WIDTH="51" HEIGHT="21" WC="0.96" CONTENT="mån"/><SP WIDTH="22" VPOS="812" HPOS="588"/>
							<String ID="string_226" HPOS="610" VPOS="812" WIDTH="165" HEIGHT="22" WC="0.96" CONTENT="förhållandena"/><SP WIDTH="23" VPOS="812" HPOS="775"/>
							<String ID="string_227" HPOS="798" VPOS="812" WIDTH="77" HEIGHT="26" WC="0.96" CONTENT="stadga"/><SP WIDTH="20" VPOS="812" HPOS="875"/>
							<String ID="string_228" HPOS="895" VPOS="812" WIDTH="32" HEIGHT="27" WC="0.91" CONTENT="sig"/><SP WIDTH="15" VPOS="812" HPOS="927"/>
							<String ID="string_229" HPOS="942" VPOS="812" WIDTH="74" HEIGHT="21" WC="0.90" CONTENT="åstad-"/>
						</TextLine>
						<TextLine ID="line_24" HPOS="190" VPOS="838" WIDTH="826" HEIGHT="24">
							<String ID="string_230" HPOS="190" VPOS="838" WIDTH="85" HEIGHT="22" WC="0.96" CONTENT="komma"/><SP WIDTH="16" VPOS="838" HPOS="275"/>
							<String ID="string_231" HPOS="291" VPOS="839" WIDTH="26" HEIGHT="22" WC="0.96" CONTENT="de"/><SP WIDTH="16" VPOS="839" HPOS="317"/>
							<String ID="string_232" HPOS="333" VPOS="841" WIDTH="32" HEIGHT="20" WC="0.96" CONTENT="ett"/><SP WIDTH="16" VPOS="841" HPOS="365"/>
							<String ID="string_233" HPOS="381" VPOS="842" WIDTH="57" HEIGHT="20" WC="0.96" CONTENT="ännu"/><SP WIDTH="15" VPOS="842" HPOS="438"/>
							<String ID="string_234" HPOS="453" VPOS="842" WIDTH="69" HEIGHT="20" WC="0.93" CONTENT="större"/><SP WIDTH="22" VPOS="842" HPOS="522"/>
							<String ID="string_235" HPOS="544" VPOS="840" WIDTH="188" HEIGHT="22" WC="0.92" CONTENT="missförhällande"/><SP WIDTH="23" VPOS="840" HPOS="732"/>
							<String ID="string_236" HPOS="755" VPOS="843" WIDTH="28" HEIGHT="19" WC="0.96" CONTENT="än"/><SP WIDTH="24" VPOS="843" HPOS="783"/>
							<String ID="string_237" HPOS="807" VPOS="840" WIDTH="57" HEIGHT="22" WC="0.96" CONTENT="hvad"/><SP WIDTH="21" VPOS="840" HPOS="864"/>
							<String ID="string_238" HPOS="885" VPOS="840" WIDTH="33" HEIGHT="22" WC="0.93" CONTENT="för"/><SP WIDTH="21" VPOS="840" HPOS="918"/>
							<String ID="string_239" HPOS="939" VPOS="842" WIDTH="77" HEIGHT="20" WC="0.91" CONTENT="närva-"/>
						</TextLine>
						<TextLine ID="line_25" HPOS="189" VPOS="867" WIDTH="827" HEIGHT="29">
							<String ID="string_240" HPOS="189" VPOS="867" WIDTH="67" HEIGHT="22" WC="0.93" CONTENT="rande"/><SP WIDTH="22" VPOS="867" HPOS="256"/>
							<String ID="string_241" HPOS="278" VPOS="870" WIDTH="25" HEIGHT="19" WC="0.92" CONTENT="är"/><SP WIDTH="21" VPOS="870" HPOS="303"/>
							<String ID="string_242" HPOS="324" VPOS="868" WIDTH="66" HEIGHT="22" WC="0.89" CONTENT="fallet."/><SP WIDTH="30" VPOS="868" HPOS="390"/>
							<String ID="string_243" HPOS="420" VPOS="869" WIDTH="44" HEIGHT="22" WC="0.96" CONTENT="Det"/><SP WIDTH="22" VPOS="869" HPOS="464"/>
							<String ID="string_244" HPOS="486" VPOS="871" WIDTH="24" HEIGHT="20" WC="0.96" CONTENT="är"/><SP WIDTH="22" VPOS="871" HPOS="510"/>
							<String ID="string_245" HPOS="532" VPOS="870" WIDTH="56" HEIGHT="22" WC="0.95" CONTENT="dock"/><SP WIDTH="16" VPOS="870" HPOS="588"/>
							<String ID="string_246" HPOS="604" VPOS="870" WIDTH="30" HEIGHT="26" WC="0.95" CONTENT="sä,"/><SP WIDTH="18" VPOS="870" HPOS="634"/>
							<String ID="string_247" HPOS="652" VPOS="872" WIDTH="33" HEIGHT="19" WC="0.96" CONTENT="att"/><SP WIDTH="19" VPOS="872" HPOS="685"/>
							<String ID="string_248" HPOS="704" VPOS="870" WIDTH="39" HEIGHT="21" WC="0.96" CONTENT="det"/><SP WIDTH="24" VPOS="870" HPOS="743"/>
							<String ID="string_249" HPOS="767" VPOS="869" WIDTH="62" HEIGHT="22" WC="0.96" CONTENT="torde"/><SP WIDTH="15" VPOS="869" HPOS="829"/>
							<String ID="string_250" HPOS="844" VPOS="876" WIDTH="51" HEIGHT="15" WC="0.96" CONTENT="vara"/><SP WIDTH="23" VPOS="876" HPOS="895"/>
							<String ID="string_251" HPOS="918" VPOS="869" WIDTH="50" HEIGHT="22" WC="0.94" CONTENT="bäst"/><SP WIDTH="15" VPOS="869" HPOS="968"/>
							<String ID="string_252" HPOS="983" VPOS="871" WIDTH="33" HEIGHT="20" WC="0.96" CONTENT="att"/>
						</TextLine>
						<TextLine ID="line_26" HPOS="189" VPOS="896" WIDTH="826" HEIGHT="30">
							<String ID="string_253" HPOS="189" VPOS="896" WIDTH="58" HEIGHT="21" WC="0.96" CONTENT="hålla"/><SP WIDTH="15" VPOS="896" HPOS="247"/>
							<String ID="string_254" HPOS="262" VPOS="897" WIDTH="33" HEIGHT="26" WC="0.92" CONTENT="sig"/><SP WIDTH="15" VPOS="897" HPOS="295"/>
							<String ID="string_255" HPOS="310" VPOS="897" WIDTH="33" HEIGHT="22" WC="0.96" CONTENT="till"/><SP WIDTH="15" VPOS="897" HPOS="343"/>
							<String ID="string_256" HPOS="358" VPOS="897" WIDTH="27" HEIGHT="22" WC="0.96" CONTENT="de"/><SP WIDTH="15" VPOS="897" HPOS="385"/>
							<String ID="string_257" HPOS="400" VPOS="904" WIDTH="20" HEIGHT="15" WC="0.96" CONTENT="n."/><SP WIDTH="16" VPOS="904" HPOS="420"/>
							<String ID="string_258" HPOS="436" VPOS="905" WIDTH="19" HEIGHT="14" WC="0.93" CONTENT="v."/><SP WIDTH="16" VPOS="905" HPOS="455"/>
							<String ID="string_259" HPOS="471" VPOS="897" WIDTH="168" HEIGHT="28" WC="0.96" CONTENT="förhållandena,"/><SP WIDTH="24" VPOS="897" HPOS="639"/>
							<String ID="string_260" HPOS="663" VPOS="901" WIDTH="22" HEIGHT="25" WC="0.96" CONTENT="ty"/><SP WIDTH="23" VPOS="901" HPOS="685"/>
							<String ID="string_261" HPOS="708" VPOS="899" WIDTH="56" HEIGHT="21" WC="0.96" CONTENT="huru"/><SP WIDTH="24" VPOS="899" HPOS="764"/>
							<String ID="string_262" HPOS="788" VPOS="898" WIDTH="66" HEIGHT="22" WC="0.96" CONTENT="dessa"/><SP WIDTH="20" VPOS="898" HPOS="854"/>
							<String ID="string_263" HPOS="874" VPOS="899" WIDTH="7" HEIGHT="20" WC="0.95" CONTENT="i"/><SP WIDTH="20" VPOS="899" HPOS="881"/>
							<String ID="string_264" HPOS="901" VPOS="897" WIDTH="114" HEIGHT="22" WC="0.96" CONTENT="framtiden"/>
						</TextLine>
						<TextLine ID="line_27" HPOS="189" VPOS="925" WIDTH="825" HEIGHT="29">
							<String ID="string_265" HPOS="189" VPOS="925" WIDTH="86" HEIGHT="22" WC="0.96" CONTENT="komma"/><SP WIDTH="15" VPOS="925" HPOS="275"/>
							<String ID="string_266" HPOS="290" VPOS="927" WIDTH="33" HEIGHT="20" WC="0.96" CONTENT="att"/><SP WIDTH="15" VPOS="927" HPOS="323"/>
							<String ID="string_267" HPOS="338" VPOS="927" WIDTH="100" HEIGHT="21" WC="0.96" CONTENT="utveckla"/><SP WIDTH="15" VPOS="927" HPOS="438"/>
							<String ID="string_268" HPOS="453" VPOS="927" WIDTH="38" HEIGHT="27" WC="0.96" CONTENT="sig,"/><SP WIDTH="12" VPOS="927" HPOS="491"/>
							<String ID="string_269" HPOS="503" VPOS="927" WIDTH="61" HEIGHT="22" WC="0.96" CONTENT="torde"/><SP WIDTH="16" VPOS="927" HPOS="564"/>
							<String ID="string_270" HPOS="580" VPOS="934" WIDTH="52" HEIGHT="15" WC="0.93" CONTENT="vara"/><SP WIDTH="14" VPOS="934" HPOS="632"/>
							<String ID="string_271" HPOS="646" VPOS="927" WIDTH="68" HEIGHT="27" WC="0.96" CONTENT="något"/><SP WIDTH="14" VPOS="927" HPOS="714"/>
							<String ID="string_272" HPOS="728" VPOS="927" WIDTH="61" HEIGHT="22" WC="0.96" CONTENT="svårt"/><SP WIDTH="16" VPOS="927" HPOS="789"/>
							<String ID="string_273" HPOS="805" VPOS="929" WIDTH="32" HEIGHT="19" WC="0.93" CONTENT="att"/><SP WIDTH="15" VPOS="929" HPOS="837"/>
							<String ID="string_274" HPOS="852" VPOS="926" WIDTH="98" HEIGHT="27" WC="0.96" CONTENT="förutspå"/><SP WIDTH="14" VPOS="926" HPOS="950"/>
							<String ID="string_275" HPOS="964" VPOS="926" WIDTH="50" HEIGHT="22" WC="0.96" CONTENT="med"/>
						</TextLine>
						<TextLine ID="line_28" HPOS="189" VPOS="953" WIDTH="825" HEIGHT="30">
							<String ID="string_276" HPOS="189" VPOS="953" WIDTH="68" HEIGHT="22" WC="0.96" CONTENT="sådan"/><SP WIDTH="15" VPOS="953" HPOS="257"/>
							<String ID="string_277" HPOS="272" VPOS="954" WIDTH="138" HEIGHT="22" WC="0.96" CONTENT="bestämdhet"/><SP WIDTH="15" VPOS="954" HPOS="410"/>
							<String ID="string_278" HPOS="425" VPOS="957" WIDTH="33" HEIGHT="20" WC="0.96" CONTENT="att"/><SP WIDTH="14" VPOS="957" HPOS="458"/>
							<String ID="string_279" HPOS="472" VPOS="962" WIDTH="49" HEIGHT="15" WC="0.93" CONTENT="man"/><SP WIDTH="16" VPOS="962" HPOS="521"/>
							<String ID="string_280" HPOS="537" VPOS="956" WIDTH="67" HEIGHT="27" WC="0.91" CONTENT="derpä"/><SP WIDTH="16" VPOS="956" HPOS="604"/>
							<String ID="string_281" HPOS="620" VPOS="956" WIDTH="70" HEIGHT="21" WC="0.96" CONTENT="skulle"/><SP WIDTH="23" VPOS="956" HPOS="690"/>
							<String ID="string_282" HPOS="713" VPOS="956" WIDTH="74" HEIGHT="21" WC="0.93" CONTENT="kunna"/><SP WIDTH="16" VPOS="956" HPOS="787"/>
							<String ID="string_283" HPOS="803" VPOS="955" WIDTH="84" HEIGHT="27" WC="0.96" CONTENT="grunda"/><SP WIDTH="13" VPOS="955" HPOS="887"/>
							<String ID="string_284" HPOS="900" VPOS="956" WIDTH="66" HEIGHT="26" WC="0.93" CONTENT="några"/><SP WIDTH="16" VPOS="956" HPOS="966"/>
							<String ID="string_285" HPOS="982" VPOS="955" WIDTH="32" HEIGHT="22" WC="0.92" CONTENT="ät-"/>
						</TextLine>
						<TextLine ID="line_29" HPOS="188" VPOS="982" WIDTH="825" HEIGHT="28">
							<String ID="string_286" HPOS="188" VPOS="982" WIDTH="84" HEIGHT="27" WC="0.92" CONTENT="gärder,"/><SP WIDTH="16" VPOS="982" HPOS="272"/>
							<String ID="string_287" HPOS="288" VPOS="983" WIDTH="89" HEIGHT="22" WC="0.92" CONTENT="afsedda"/><SP WIDTH="16" VPOS="983" HPOS="377"/>
							<String ID="string_288" HPOS="393" VPOS="985" WIDTH="32" HEIGHT="20" WC="0.93" CONTENT="att"/><SP WIDTH="15" VPOS="985" HPOS="425"/>
							<String ID="string_289" HPOS="440" VPOS="984" WIDTH="56" HEIGHT="26" WC="0.90" CONTENT="gälla"/><SP WIDTH="15" VPOS="984" HPOS="496"/>
							<String ID="string_290" HPOS="511" VPOS="984" WIDTH="33" HEIGHT="22" WC="0.96" CONTENT="för"/><SP WIDTH="16" VPOS="984" HPOS="544"/>
							<String ID="string_291" HPOS="560" VPOS="985" WIDTH="41" HEIGHT="21" WC="0.96" CONTENT="den"/><SP WIDTH="15" VPOS="985" HPOS="601"/>
							<String ID="string_292" HPOS="616" VPOS="987" WIDTH="110" HEIGHT="19" WC="0.96" CONTENT="närmaste"/><SP WIDTH="14" VPOS="987" HPOS="726"/>
							<String ID="string_293" HPOS="740" VPOS="984" WIDTH="123" HEIGHT="22" WC="0.96" CONTENT="framtiden."/><SP WIDTH="16" VPOS="984" HPOS="863"/>
							<String ID="string_294" HPOS="879" VPOS="984" WIDTH="49" HEIGHT="21" WC="0.96" CONTENT="Man"/><SP WIDTH="8" VPOS="984" HPOS="928"/>
							<String ID="string_295" HPOS="936" VPOS="984" WIDTH="77" HEIGHT="26" WC="0.96" CONTENT="skulle,"/>
						</TextLine>
						<TextLine ID="line_30" HPOS="188" VPOS="1011" WIDTH="826" HEIGHT="29">
							<String ID="string_296" HPOS="188" VPOS="1017" WIDTH="34" HEIGHT="15" WC="0.96" CONTENT="om"/><SP WIDTH="16" VPOS="1017" HPOS="222"/>
							<String ID="string_297" HPOS="238" VPOS="1017" WIDTH="49" HEIGHT="16" WC="0.93" CONTENT="man"/><SP WIDTH="16" VPOS="1017" HPOS="287"/>
							<String ID="string_298" HPOS="303" VPOS="1011" WIDTH="65" HEIGHT="27" WC="0.91" CONTENT="följde"/><SP WIDTH="16" VPOS="1011" HPOS="368"/>
							<String ID="string_299" HPOS="384" VPOS="1014" WIDTH="32" HEIGHT="20" WC="0.93" CONTENT="ett"/><SP WIDTH="16" VPOS="1014" HPOS="416"/>
							<String ID="string_300" HPOS="432" VPOS="1013" WIDTH="77" HEIGHT="21" WC="0.92" CONTENT="sädant"/><SP WIDTH="21" VPOS="1013" HPOS="509"/>
							<String ID="string_301" HPOS="530" VPOS="1013" WIDTH="168" HEIGHT="27" WC="0.91" CONTENT="förfaringssätt,"/><SP WIDTH="23" VPOS="1013" HPOS="698"/>
							<String ID="string_302" HPOS="721" VPOS="1013" WIDTH="88" HEIGHT="22" WC="0.96" CONTENT="komma"/><SP WIDTH="22" VPOS="1013" HPOS="809"/>
							<String ID="string_303" HPOS="831" VPOS="1013" WIDTH="33" HEIGHT="21" WC="0.96" CONTENT="till"/><SP WIDTH="20" VPOS="1013" HPOS="864"/>
							<String ID="string_304" HPOS="884" VPOS="1014" WIDTH="32" HEIGHT="20" WC="0.93" CONTENT="att"/><SP WIDTH="15" VPOS="1014" HPOS="916"/>
							<String ID="string_305" HPOS="931" VPOS="1013" WIDTH="83" HEIGHT="26" WC="0.92" CONTENT="grunda"/>
						</TextLine>
						<TextLine ID="line_31" HPOS="188" VPOS="1039" WIDTH="826" HEIGHT="29">
							<String ID="string_306" HPOS="188" VPOS="1039" WIDTH="196" HEIGHT="28" WC="0.80" CONTENT="lagbestämuingar"/><SP WIDTH="14" VPOS="1039" HPOS="384"/>
							<String ID="string_307" HPOS="398" VPOS="1040" WIDTH="41" HEIGHT="22" WC="0.93" CONTENT="och"/><SP WIDTH="15" VPOS="1040" HPOS="439"/>
							<String ID="string_308" HPOS="454" VPOS="1040" WIDTH="102" HEIGHT="23" WC="0.96" CONTENT="reformer"/><SP WIDTH="10" VPOS="1040" HPOS="556"/>
							<String ID="string_309" HPOS="566" VPOS="1042" WIDTH="28" HEIGHT="26" WC="0.93" CONTENT="pä"/><SP WIDTH="11" VPOS="1042" HPOS="594"/>
							<String ID="string_310" HPOS="605" VPOS="1042" WIDTH="79" HEIGHT="21" WC="0.96" CONTENT="osäkra"/><SP WIDTH="10" VPOS="1042" HPOS="684"/>
							<String ID="string_311" HPOS="694" VPOS="1041" WIDTH="188" HEIGHT="27" WC="0.96" CONTENT="förutsättningar,"/><SP WIDTH="11" VPOS="1041" HPOS="882"/>
							<String ID="string_312" HPOS="893" VPOS="1048" WIDTH="49" HEIGHT="15" WC="0.97" CONTENT="men"/><SP WIDTH="11" VPOS="1048" HPOS="942"/>
							<String ID="string_313" HPOS="953" VPOS="1041" WIDTH="61" HEIGHT="21" WC="0.96" CONTENT="detta"/>
						</TextLine>
						<TextLine ID="line_32" HPOS="187" VPOS="1068" WIDTH="826" HEIGHT="29">
							<String ID="string_314" HPOS="187" VPOS="1068" WIDTH="63" HEIGHT="22" WC="0.96" CONTENT="torde"/><SP WIDTH="16" VPOS="1068" HPOS="250"/>
							<String ID="string_315" HPOS="266" VPOS="1068" WIDTH="55" HEIGHT="22" WC="0.93" CONTENT="dock"/><SP WIDTH="16" VPOS="1068" HPOS="321"/>
							<String ID="string_316" HPOS="337" VPOS="1069" WIDTH="17" HEIGHT="27" WC="0.92" CONTENT="ej"/><SP WIDTH="18" VPOS="1069" HPOS="354"/>
							<String ID="string_317" HPOS="372" VPOS="1076" WIDTH="52" HEIGHT="15" WC="0.96" CONTENT="vara"/><SP WIDTH="22" VPOS="1076" HPOS="424"/>
							<String ID="string_318" HPOS="446" VPOS="1070" WIDTH="43" HEIGHT="21" WC="0.93" CONTENT="lika"/><SP WIDTH="22" VPOS="1070" HPOS="489"/>
							<String ID="string_319" HPOS="511" VPOS="1070" WIDTH="100" HEIGHT="26" WC="0.92" CONTENT="hällbart,"/><SP WIDTH="17" VPOS="1070" HPOS="611"/>
							<String ID="string_320" HPOS="628" VPOS="1076" WIDTH="46" HEIGHT="16" WC="0.96" CONTENT="som"/><SP WIDTH="16" VPOS="1076" HPOS="674"/>
							<String ID="string_321" HPOS="690" VPOS="1072" WIDTH="34" HEIGHT="20" WC="0.93" CONTENT="att"/><SP WIDTH="20" VPOS="1072" HPOS="724"/>
							<String ID="string_322" HPOS="744" VPOS="1070" WIDTH="86" HEIGHT="26" WC="0.93" CONTENT="grunda"/><SP WIDTH="16" VPOS="1070" HPOS="830"/>
							<String ID="string_323" HPOS="846" VPOS="1070" WIDTH="47" HEIGHT="22" WC="0.96" CONTENT="dem"/><SP WIDTH="15" VPOS="1070" HPOS="893"/>
							<String ID="string_324" HPOS="908" VPOS="1070" WIDTH="28" HEIGHT="27" WC="0.96" CONTENT="pä"/><SP WIDTH="14" VPOS="1070" HPOS="936"/>
							<String ID="string_325" HPOS="950" VPOS="1070" WIDTH="63" HEIGHT="21" WC="0.96" CONTENT="fakta"/>
						</TextLine>
						<TextLine ID="line_33" HPOS="186" VPOS="1096" WIDTH="826" HEIGHT="30">
							<String ID="string_326" HPOS="186" VPOS="1096" WIDTH="48" HEIGHT="22" WC="0.93" CONTENT="frän"/><SP WIDTH="14" VPOS="1096" HPOS="234"/>
							<String ID="string_327" HPOS="248" VPOS="1096" WIDTH="100" HEIGHT="22" WC="0.87" CONTENT="förfluten"/><SP WIDTH="24" VPOS="1096" HPOS="348"/>
							<String ID="string_328" HPOS="372" VPOS="1098" WIDTH="40" HEIGHT="21" WC="0.95" CONTENT="och"/><SP WIDTH="16" VPOS="1098" HPOS="412"/>
							<String ID="string_329" HPOS="428" VPOS="1099" WIDTH="132" HEIGHT="21" WC="0.96" CONTENT="närvarande"/><SP WIDTH="16" VPOS="1099" HPOS="560"/>
							<String ID="string_330" HPOS="576" VPOS="1099" WIDTH="38" HEIGHT="21" WC="0.96" CONTENT="tid."/><SP WIDTH="30" VPOS="1099" HPOS="614"/>
							<String ID="string_331" HPOS="644" VPOS="1099" WIDTH="43" HEIGHT="21" WC="0.96" CONTENT="Det"/><SP WIDTH="15" VPOS="1099" HPOS="687"/>
							<String ID="string_332" HPOS="702" VPOS="1101" WIDTH="25" HEIGHT="19" WC="0.96" CONTENT="är"/><SP WIDTH="15" VPOS="1101" HPOS="727"/>
							<String ID="string_333" HPOS="742" VPOS="1099" WIDTH="31" HEIGHT="27" WC="0.97" CONTENT="pä"/><SP WIDTH="15" VPOS="1099" HPOS="773"/>
							<String ID="string_334" HPOS="788" VPOS="1099" WIDTH="65" HEIGHT="21" WC="0.96" CONTENT="dessa"/><SP WIDTH="15" VPOS="1099" HPOS="853"/>
							<String ID="string_335" HPOS="868" VPOS="1098" WIDTH="92" HEIGHT="28" WC="0.96" CONTENT="grunder"/><SP WIDTH="13" VPOS="1098" HPOS="960"/>
							<String ID="string_336" HPOS="973" VPOS="1098" WIDTH="39" HEIGHT="28" WC="0.96" CONTENT="jag"/>
						</TextLine>
						<TextLine ID="line_34" HPOS="186" VPOS="1125" WIDTH="603" HEIGHT="29">
							<String ID="string_337" HPOS="186" VPOS="1125" WIDTH="50" HEIGHT="22" WC="0.93" CONTENT="ville"/><SP WIDTH="15" VPOS="1125" HPOS="236"/>
							<String ID="string_338" HPOS="251" VPOS="1126" WIDTH="87" HEIGHT="22" WC="0.91" CONTENT="förorda"/><SP WIDTH="14" VPOS="1126" HPOS="338"/>
							<String ID="string_339" HPOS="352" VPOS="1127" WIDTH="132" HEIGHT="27" WC="0.92" CONTENT="antagandet"/><SP WIDTH="15" VPOS="1127" HPOS="484"/>
							<String ID="string_340" HPOS="499" VPOS="1127" WIDTH="23" HEIGHT="22" WC="0.93" CONTENT="af"/><SP WIDTH="12" VPOS="1127" HPOS="522"/>
							<String ID="string_341" HPOS="534" VPOS="1128" WIDTH="255" HEIGHT="21" WC="0.93" CONTENT="utskottsbetänkandet."/>
						</TextLine>
					</TextBlock>
				</ComposedBlock>
				<ComposedBlock ID="cblock_2" HPOS="185" VPOS="1166" WIDTH="827" HEIGHT="108">
					<TextBlock ID="block_3" HPOS="185" VPOS="1166" WIDTH="827" HEIGHT="108">
						<TextLine ID="line_35" HPOS="255" VPOS="1166" WIDTH="757" HEIGHT="28">
							<String ID="string_342" HPOS="255" VPOS="1166" WIDTH="114" HEIGHT="21" WC="0.91" CONTENT="Edusmies"/><SP WIDTH="16" VPOS="1166" HPOS="369"/>
							<String ID="string_343" HPOS="385" VPOS="1166" WIDTH="125" HEIGHT="28" WC="0.96" CONTENT="Hornborg:"/><SP WIDTH="21" VPOS="1166" HPOS="510"/>
							<String ID="string_344" HPOS="531" VPOS="1167" WIDTH="134" HEIGHT="22" WC="0.94" CONTENT="Edellisessä"/><SP WIDTH="19" VPOS="1167" HPOS="665"/>
							<String ID="string_345" HPOS="684" VPOS="1168" WIDTH="128" HEIGHT="20" WC="0.96" CONTENT="istunnossa"/><SP WIDTH="14" VPOS="1168" HPOS="812"/>
							<String ID="string_346" HPOS="826" VPOS="1166" WIDTH="75" HEIGHT="28" WC="0.93" CONTENT="pyysin"/><SP WIDTH="15" VPOS="1166" HPOS="901"/>
							<String ID="string_347" HPOS="916" VPOS="1166" WIDTH="96" HEIGHT="28" WC="0.90" CONTENT="puheen-"/>
						</TextLine>
						<TextLine ID="line_36" HPOS="186" VPOS="1194" WIDTH="826" HEIGHT="28">
							<String ID="string_348" HPOS="186" VPOS="1199" WIDTH="80" HEIGHT="16" WC="0.96" CONTENT="vuoroa"/><SP WIDTH="15" VPOS="1199" HPOS="266"/>
							<String ID="string_349" HPOS="281" VPOS="1194" WIDTH="131" HEIGHT="22" WC="0.96" CONTENT="saadakseni"/><SP WIDTH="19" VPOS="1194" HPOS="412"/>
							<String ID="string_350" HPOS="431" VPOS="1196" WIDTH="118" HEIGHT="21" WC="0.93" CONTENT="kannattaa"/><SP WIDTH="23" VPOS="1196" HPOS="549"/>
							<String ID="string_351" HPOS="572" VPOS="1196" WIDTH="108" HEIGHT="22" WC="0.92" CONTENT="edusmies"/><SP WIDTH="15" VPOS="1196" HPOS="680"/>
							<String ID="string_352" HPOS="695" VPOS="1196" WIDTH="114" HEIGHT="22" WC="0.96" CONTENT="Avellanin"/><SP WIDTH="15" VPOS="1196" HPOS="809"/>
							<String ID="string_353" HPOS="824" VPOS="1195" WIDTH="64" HEIGHT="27" WC="0.96" CONTENT="hyvin"/><SP WIDTH="15" VPOS="1195" HPOS="888"/>
							<String ID="string_354" HPOS="903" VPOS="1195" WIDTH="109" HEIGHT="27" WC="0.96" CONTENT="mietittyä"/>
						</TextLine>
						<TextLine ID="line_37" HPOS="185" VPOS="1222" WIDTH="827" HEIGHT="29">
							<String ID="string_355" HPOS="185" VPOS="1222" WIDTH="115" HEIGHT="22" WC="0.96" CONTENT="lausuntoa"/><SP WIDTH="13" VPOS="1222" HPOS="300"/>
							<String ID="string_356" HPOS="313" VPOS="1223" WIDTH="24" HEIGHT="27" WC="0.96" CONTENT="ja"/><SP WIDTH="15" VPOS="1223" HPOS="337"/>
							<String ID="string_357" HPOS="352" VPOS="1229" WIDTH="74" HEIGHT="16" WC="0.96" CONTENT="samaa"/><SP WIDTH="22" VPOS="1229" HPOS="426"/>
							<String ID="string_358" HPOS="448" VPOS="1224" WIDTH="73" HEIGHT="22" WC="0.96" CONTENT="mieltä"/><SP WIDTH="23" VPOS="1224" HPOS="521"/>
							<String ID="string_359" HPOS="544" VPOS="1224" WIDTH="48" HEIGHT="22" WC="0.96" CONTENT="olen"/><SP WIDTH="22" VPOS="1224" HPOS="592"/>
							<String ID="string_360" HPOS="614" VPOS="1224" WIDTH="100" HEIGHT="27" WC="0.96" CONTENT="vieläkin,"/><SP WIDTH="23" VPOS="1224" HPOS="714"/>
							<String ID="string_361" HPOS="737" VPOS="1224" WIDTH="131" HEIGHT="22" WC="0.96" CONTENT="huolimatta"/><SP WIDTH="20" VPOS="1224" HPOS="868"/>
							<String ID="string_362" HPOS="888" VPOS="1224" WIDTH="56" HEIGHT="26" WC="0.96" CONTENT="siitä,"/><SP WIDTH="15" VPOS="1224" HPOS="944"/>
							<String ID="string_363" HPOS="959" VPOS="1224" WIDTH="53" HEIGHT="21" WC="0.97" CONTENT="mitä"/>
						</TextLine>
						<TextLine ID="line_38" HPOS="185" VPOS="1252" WIDTH="386" HEIGHT="22">
							<String ID="string_364" HPOS="185" VPOS="1252" WIDTH="60" HEIGHT="20" WC="0.96" CONTENT="tässä"/><SP WIDTH="16" VPOS="1252" HPOS="245"/>
							<String ID="string_365" HPOS="261" VPOS="1258" WIDTH="27" HEIGHT="15" WC="0.96" CONTENT="on"/><SP WIDTH="15" VPOS="1258" HPOS="288"/>
							<String ID="string_366" HPOS="303" VPOS="1252" WIDTH="43" HEIGHT="21" WC="0.96" CONTENT="sitä"/><SP WIDTH="15" VPOS="1252" HPOS="346"/>
							<String ID="string_367" HPOS="361" VPOS="1254" WIDTH="90" HEIGHT="20" WC="0.96" CONTENT="vastaan"/><SP WIDTH="15" VPOS="1254" HPOS="451"/>
							<String ID="string_368" HPOS="466" VPOS="1253" WIDTH="105" HEIGHT="21" WC="0.96" CONTENT="lausuttu."/>
						</TextLine>
					</TextBlock>
				</ComposedBlock>
				<ComposedBlock ID="cblock_3" HPOS="184" VPOS="1292" WIDTH="828" HEIGHT="262">
					<TextBlock ID="block_4" HPOS="184" VPOS="1292" WIDTH="828" HEIGHT="200">
						<TextLine ID="line_39" HPOS="254" VPOS="1292" WIDTH="758" HEIGHT="28">
							<String ID="string_369" HPOS="254" VPOS="1292" WIDTH="113" HEIGHT="21" WC="0.92" CONTENT="Edusmies"/><SP WIDTH="15" VPOS="1292" HPOS="367"/>
							<String ID="string_370" HPOS="382" VPOS="1292" WIDTH="98" HEIGHT="22" WC="0.91" CONTENT="Mattila:"/><SP WIDTH="22" VPOS="1292" HPOS="480"/>
							<String ID="string_371" HPOS="502" VPOS="1293" WIDTH="148" HEIGHT="21" WC="0.95" CONTENT="Valiokunnan"/><SP WIDTH="23" VPOS="1293" HPOS="650"/>
							<String ID="string_372" HPOS="673" VPOS="1293" WIDTH="144" HEIGHT="21" WC="0.96" CONTENT="mietinnössä"/><SP WIDTH="16" VPOS="1293" HPOS="817"/>
							<String ID="string_373" HPOS="833" VPOS="1298" WIDTH="27" HEIGHT="16" WC="0.96" CONTENT="on"/><SP WIDTH="18" VPOS="1298" HPOS="860"/>
							<String ID="string_374" HPOS="878" VPOS="1292" WIDTH="84" HEIGHT="28" WC="0.93" CONTENT="pidetty"/><SP WIDTH="15" VPOS="1292" HPOS="962"/>
							<String ID="string_375" HPOS="977" VPOS="1292" WIDTH="35" HEIGHT="21" WC="0.92" CONTENT="sil-"/>
						</TextLine>
						<TextLine ID="line_40" HPOS="184" VPOS="1320" WIDTH="828" HEIGHT="28">
							<String ID="string_376" HPOS="184" VPOS="1320" WIDTH="65" HEIGHT="21" WC="0.96" CONTENT="mällä"/><SP WIDTH="15" VPOS="1320" HPOS="249"/>
							<String ID="string_377" HPOS="264" VPOS="1321" WIDTH="56" HEIGHT="22" WC="0.96" CONTENT="koko"/><SP WIDTH="15" VPOS="1321" HPOS="320"/>
							<String ID="string_378" HPOS="335" VPOS="1321" WIDTH="83" HEIGHT="22" WC="0.96" CONTENT="kansan"/><SP WIDTH="22" VPOS="1321" HPOS="418"/>
							<String ID="string_379" HPOS="440" VPOS="1324" WIDTH="93" HEIGHT="24" WC="0.96" CONTENT="parasta,"/><SP WIDTH="25" VPOS="1324" HPOS="533"/>
							<String ID="string_380" HPOS="558" VPOS="1322" WIDTH="68" HEIGHT="21" WC="0.96" CONTENT="koska"/><SP WIDTH="23" VPOS="1322" HPOS="626"/>
							<String ID="string_381" HPOS="649" VPOS="1328" WIDTH="38" HEIGHT="15" WC="0.96" CONTENT="sen"/><SP WIDTH="23" VPOS="1328" HPOS="687"/>
							<String ID="string_382" HPOS="710" VPOS="1321" WIDTH="96" HEIGHT="22" WC="0.96" CONTENT="mukaan"/><SP WIDTH="18" VPOS="1321" HPOS="806"/>
							<String ID="string_383" HPOS="824" VPOS="1321" WIDTH="96" HEIGHT="22" WC="0.93" CONTENT="kullakin"/><SP WIDTH="15" VPOS="1321" HPOS="920"/>
							<String ID="string_384" HPOS="935" VPOS="1320" WIDTH="77" HEIGHT="22" WC="0.92" CONTENT="koulu-"/>
						</TextLine>
						<TextLine ID="line_41" HPOS="184" VPOS="1349" WIDTH="827" HEIGHT="29">
							<String ID="string_385" HPOS="184" VPOS="1349" WIDTH="79" HEIGHT="26" WC="0.94" CONTENT="piirillä"/><SP WIDTH="16" VPOS="1349" HPOS="263"/>
							<String ID="string_386" HPOS="279" VPOS="1350" WIDTH="47" HEIGHT="21" WC="0.96" CONTENT="olisi"/><SP WIDTH="15" VPOS="1350" HPOS="326"/>
							<String ID="string_387" HPOS="341" VPOS="1350" WIDTH="52" HEIGHT="27" WC="0.96" CONTENT="yhtä"/><SP WIDTH="22" VPOS="1350" HPOS="393"/>
							<String ID="string_388" HPOS="415" VPOS="1353" WIDTH="73" HEIGHT="19" WC="0.93" CONTENT="monta"/><SP WIDTH="14" VPOS="1353" HPOS="488"/>
							<String ID="string_389" HPOS="502" VPOS="1351" WIDTH="224" HEIGHT="27" WC="0.92" CONTENT="vapaa-oppilassijaa,"/><SP WIDTH="21" VPOS="1351" HPOS="726"/>
							<String ID="string_390" HPOS="747" VPOS="1351" WIDTH="64" HEIGHT="26" WC="0.96" CONTENT="joten"/><SP WIDTH="16" VPOS="1351" HPOS="811"/>
							<String ID="string_391" HPOS="827" VPOS="1351" WIDTH="19" HEIGHT="20" WC="0.97" CONTENT="ei"/><SP WIDTH="15" VPOS="1351" HPOS="846"/>
							<String ID="string_392" HPOS="861" VPOS="1349" WIDTH="47" HEIGHT="28" WC="0.93" CONTENT="yksi"/><SP WIDTH="14" VPOS="1349" HPOS="908"/>
							<String ID="string_393" HPOS="922" VPOS="1349" WIDTH="89" HEIGHT="28" WC="0.92" CONTENT="paikka-"/>
						</TextLine>
						<TextLine ID="line_42" HPOS="184" VPOS="1377" WIDTH="828" HEIGHT="23">
							<String ID="string_394" HPOS="184" VPOS="1377" WIDTH="70" HEIGHT="21" WC="0.96" CONTENT="kunta"/><SP WIDTH="14" VPOS="1377" HPOS="254"/>
							<String ID="string_395" HPOS="268" VPOS="1379" WIDTH="45" HEIGHT="21" WC="0.96" CONTENT="tule"/><SP WIDTH="16" VPOS="1379" HPOS="313"/>
							<String ID="string_396" HPOS="329" VPOS="1381" WIDTH="112" HEIGHT="19" WC="0.96" CONTENT="enemmän"/><SP WIDTH="16" VPOS="1381" HPOS="441"/>
							<String ID="string_397" HPOS="457" VPOS="1379" WIDTH="119" HEIGHT="21" WC="0.96" CONTENT="suosituksi"/><SP WIDTH="20" VPOS="1379" HPOS="576"/>
							<String ID="string_398" HPOS="596" VPOS="1379" WIDTH="52" HEIGHT="21" WC="0.93" CONTENT="kuin"/><SP WIDTH="16" VPOS="1379" HPOS="648"/>
							<String ID="string_399" HPOS="664" VPOS="1379" WIDTH="139" HEIGHT="21" WC="0.92" CONTENT="toinenkaan."/><SP WIDTH="30" VPOS="1379" HPOS="803"/>
							<String ID="string_400" HPOS="833" VPOS="1379" WIDTH="97" HEIGHT="21" WC="0.92" CONTENT="Katsoen"/><SP WIDTH="15" VPOS="1379" HPOS="930"/>
							<String ID="string_401" HPOS="945" VPOS="1378" WIDTH="67" HEIGHT="21" WC="0.93" CONTENT="valio-"/>
						</TextLine>
						<TextLine ID="line_43" HPOS="184" VPOS="1405" WIDTH="827" HEIGHT="29">
							<String ID="string_402" HPOS="184" VPOS="1405" WIDTH="88" HEIGHT="22" WC="0.96" CONTENT="kunnan"/><SP WIDTH="15" VPOS="1405" HPOS="272"/>
							<String ID="string_403" HPOS="287" VPOS="1406" WIDTH="62" HEIGHT="28" WC="0.93" CONTENT="hyvin"/><SP WIDTH="16" VPOS="1406" HPOS="349"/>
							<String ID="string_404" HPOS="365" VPOS="1407" WIDTH="125" HEIGHT="21" WC="0.93" CONTENT="miettineen"/><SP WIDTH="15" VPOS="1407" HPOS="490"/>
							<String ID="string_405" HPOS="505" VPOS="1408" WIDTH="65" HEIGHT="25" WC="0.96" CONTENT="asiaa,"/><SP WIDTH="15" VPOS="1408" HPOS="570"/>
							<String ID="string_406" HPOS="585" VPOS="1407" WIDTH="67" HEIGHT="27" WC="0.96" CONTENT="jonka"/><SP WIDTH="15" VPOS="1407" HPOS="652"/>
							<String ID="string_407" HPOS="667" VPOS="1408" WIDTH="94" HEIGHT="21" WC="0.95" CONTENT="huomaa"/><SP WIDTH="16" VPOS="1408" HPOS="761"/>
							<String ID="string_408" HPOS="777" VPOS="1407" WIDTH="96" HEIGHT="26" WC="0.95" CONTENT="siitäkin,"/><SP WIDTH="12" VPOS="1407" HPOS="873"/>
							<String ID="string_409" HPOS="885" VPOS="1408" WIDTH="45" HEIGHT="20" WC="0.93" CONTENT="että"/><SP WIDTH="10" VPOS="1408" HPOS="930"/>
							<String ID="string_410" HPOS="940" VPOS="1408" WIDTH="71" HEIGHT="20" WC="0.92" CONTENT="vasta-"/>
						</TextLine>
						<TextLine ID="line_44" HPOS="184" VPOS="1434" WIDTH="827" HEIGHT="29">
							<String ID="string_411" HPOS="184" VPOS="1434" WIDTH="190" HEIGHT="29" WC="0.92" CONTENT="lauseen-tekijäin"/><SP WIDTH="10" VPOS="1434" HPOS="374"/>
							<String ID="string_412" HPOS="384" VPOS="1436" WIDTH="118" HEIGHT="22" WC="0.88" CONTENT="väitteessä"/><SP WIDTH="12" VPOS="1436" HPOS="502"/>
							<String ID="string_413" HPOS="514" VPOS="1436" WIDTH="19" HEIGHT="22" WC="0.96" CONTENT="ei"/><SP WIDTH="11" VPOS="1436" HPOS="533"/>
							<String ID="string_414" HPOS="544" VPOS="1436" WIDTH="33" HEIGHT="22" WC="0.96" CONTENT="ole"/><SP WIDTH="15" VPOS="1436" HPOS="577"/>
							<String ID="string_415" HPOS="592" VPOS="1436" WIDTH="81" HEIGHT="21" WC="0.96" CONTENT="mitään"/><SP WIDTH="16" VPOS="1436" HPOS="673"/>
							<String ID="string_416" HPOS="689" VPOS="1436" WIDTH="113" HEIGHT="22" WC="0.96" CONTENT="todellista"/><SP WIDTH="10" VPOS="1436" HPOS="802"/>
							<String ID="string_417" HPOS="812" VPOS="1437" WIDTH="131" HEIGHT="25" WC="0.96" CONTENT="perustusta,"/><SP WIDTH="12" VPOS="1437" HPOS="943"/>
							<String ID="string_418" HPOS="955" VPOS="1435" WIDTH="56" HEIGHT="21" WC="0.96" CONTENT="minä"/>
						</TextLine>
						<TextLine ID="line_45" HPOS="184" VPOS="1462" WIDTH="478" HEIGHT="30">
							<String ID="string_419" HPOS="184" VPOS="1462" WIDTH="38" HEIGHT="22" WC="0.96" CONTENT="siis"/><SP WIDTH="16" VPOS="1462" HPOS="222"/>
							<String ID="string_420" HPOS="238" VPOS="1463" WIDTH="72" HEIGHT="21" WC="0.96" CONTENT="kaikin"/><SP WIDTH="16" VPOS="1463" HPOS="310"/>
							<String ID="string_421" HPOS="326" VPOS="1464" WIDTH="73" HEIGHT="27" WC="0.97" CONTENT="puolin"/><SP WIDTH="16" VPOS="1464" HPOS="399"/>
							<String ID="string_422" HPOS="415" VPOS="1464" WIDTH="109" HEIGHT="28" WC="0.96" CONTENT="hyväksyn"/><SP WIDTH="14" VPOS="1464" HPOS="524"/>
							<String ID="string_423" HPOS="538" VPOS="1465" WIDTH="124" HEIGHT="21" WC="0.96" CONTENT="mietinnön."/>
						</TextLine>
					</TextBlock>
					<TextBlock ID="block_5" HPOS="185" VPOS="1498" WIDTH="826" HEIGHT="56">
						<TextLine ID="line_46" HPOS="252" VPOS="1498" WIDTH="758" HEIGHT="28">
							<String ID="string_424" HPOS="252" VPOS="1498" WIDTH="114" HEIGHT="22" WC="0.91" CONTENT="Edusmies"/><SP WIDTH="12" VPOS="1498" HPOS="366"/>
							<String ID="string_425" HPOS="378" VPOS="1498" WIDTH="143" HEIGHT="22" WC="0.96" CONTENT="Tuomikoski:"/><SP WIDTH="15" VPOS="1498" HPOS="521"/>
							<String ID="string_426" HPOS="536" VPOS="1499" WIDTH="134" HEIGHT="22" WC="0.96" CONTENT="Huolimatta"/><SP WIDTH="15" VPOS="1499" HPOS="670"/>
							<String ID="string_427" HPOS="685" VPOS="1499" WIDTH="66" HEIGHT="21" WC="0.93" CONTENT="niistä"/><SP WIDTH="16" VPOS="1499" HPOS="751"/>
							<String ID="string_428" HPOS="767" VPOS="1498" WIDTH="146" HEIGHT="28" WC="0.92" CONTENT="peittelevistä"/><SP WIDTH="11" VPOS="1498" HPOS="913"/>
							<String ID="string_429" HPOS="924" VPOS="1498" WIDTH="86" HEIGHT="21" WC="0.93" CONTENT="lausun-"/>
						</TextLine>
						<TextLine ID="line_47" HPOS="185" VPOS="1526" WIDTH="826" HEIGHT="28">
							<String ID="string_430" HPOS="185" VPOS="1526" WIDTH="78" HEIGHT="27" WC="0.96" CONTENT="noista,"/><SP WIDTH="21" VPOS="1526" HPOS="263"/>
							<String ID="string_431" HPOS="284" VPOS="1526" WIDTH="68" HEIGHT="28" WC="0.95" CONTENT="joihin"/><SP WIDTH="23" VPOS="1526" HPOS="352"/>
							<String ID="string_432" HPOS="375" VPOS="1527" WIDTH="124" HEIGHT="22" WC="0.96" CONTENT="valiokunta"/><SP WIDTH="15" VPOS="1527" HPOS="499"/>
							<String ID="string_433" HPOS="514" VPOS="1534" WIDTH="27" HEIGHT="15" WC="0.96" CONTENT="on"/><SP WIDTH="23" VPOS="1534" HPOS="541"/>
							<String ID="string_434" HPOS="564" VPOS="1528" WIDTH="116" HEIGHT="22" WC="0.96" CONTENT="koettanut"/><SP WIDTH="21" VPOS="1528" HPOS="680"/>
							<String ID="string_435" HPOS="701" VPOS="1528" WIDTH="83" HEIGHT="21" WC="0.96" CONTENT="kätkeä"/><SP WIDTH="15" VPOS="1528" HPOS="784"/>
							<String ID="string_436" HPOS="799" VPOS="1526" WIDTH="145" HEIGHT="23" WC="0.93" CONTENT="Blomstedtin"/><SP WIDTH="16" VPOS="1526" HPOS="944"/>
							<String ID="string_437" HPOS="960" VPOS="1532" WIDTH="51" HEIGHT="16" WC="0.91" CONTENT="ano-"/>
						</TextLine>
					</TextBlock>
				</ComposedBlock>
			</PrintSpace>
		</Page>
	</Layout>
</alto>
