1103 1709
399 107 27 20 26
442 115 18 17 p.
472 109 78 18 Huhtik,
814 106 42 21 997

57 171 121 23 sentähden
201 173 110 19 menettää
332 172 204 21 kansalaisarvonsa
557 171 23 27 ja
603 171 127 21 kunniansa.
760 170 67 22 Paitsi
843 170 43 22 sitä

57 200 100 22 tuottaisi
172 200 169 27 puheenalainen
356 200 99 27 ehdotus,
472 200 103 27 nykyisen
598 200 228 21 kunnallisasetuksen
841 199 45 22 voi-

58 235 73 15 massa
145 228 86 27 ollessa,
246 229 105 21 muitakin
367 229 74 21 suuria
456 229 98 27 haittoja.
577 229 50 21 Kun
643 228 181 22 kunnallisasetus
834 234 52 15 vuo-

59 258 59 21 delta
142 259 53 19 1865
219 260 81 23 säätää,
324 258 53 21 ettei
399 258 241 21 kunnallishallituksen
664 257 84 21 esimies
768 262 39 16 saa
821 257 66 21 lukea

59 288 75 20 muuta
149 286 94 27 palkkaa
259 286 50 21 kuin
325 287 126 20 ainoastaan
473 286 53 22 mitä
541 286 105 27 kirjurille
659 286 23 27 ja
697 285 80 21 muihin
794 285 92 21 aineelli-

59 315 41 21 siin
115 314 139 22 kulunkeihin
269 321 82 20 menee,
375 315 43 21 niin
438 315 35 27 jos
496 317 38 25 nyt
556 314 256 22 kunnallishallitukselle
827 314 58 21 tulee

59 346 59 19 tämä
132 343 121 21 ehdoitettu
269 344 132 26 poliisitoimi
423 344 82 25 lisäksi,
522 346 100 24 täytynee
639 344 107 26 myöntää,
763 343 52 21 ettei
831 348 56 16 sem-

59 372 86 21 moinen
160 372 61 25 mies,
233 372 67 27 jonka
315 374 73 26 täytyy
405 378 61 16 omaa
477 372 134 22 talouttansa
622 372 80 25 hoitaa,
714 372 34 21 voi
759 377 36 15 sen
808 371 78 21 ohessa

60 400 87 22 millään
162 400 58 22 lailla
235 401 48 21 näin
306 401 143 21 runsastöisiä
473 401 123 21 sivutoimia
618 400 112 22 suorittaa.
761 400 47 22 Sitä
822 399 65 28 paitsi

60 430 99 26 nykyään
174 430 55 21 vielä
245 430 193 21 maalaiskunnissa
452 430 73 27 löytyy
541 430 89 26 harvoja
645 429 84 26 miehiä,
742 428 63 28 jotka
819 429 68 27 kyke-

60 460 65 19 nevät
139 458 155 27 nykyistäkään
310 458 218 22 kunnallishallitusta
544 458 122 27 täydelleen
678 458 130 26 hoitamaan;
822 458 20 27 ja
852 458 34 27 jos

60 486 67 22 tähän
142 487 75 21 lisäksi
233 488 36 26 nyt
284 487 59 21 tulisi
359 488 55 20 vielä
429 487 179 27 poliisijärjestys,
625 487 44 21 niin
692 486 78 26 luulen,
786 487 53 21 ettei
854 488 33 19 tä-

60 516 43 20 hän
118 516 93 20 toimeen
226 516 117 26 kykeneviä
359 516 84 27 löytyisi
458 516 104 21 kunnissa
577 516 53 21 kuin
646 516 56 20 ehkä
716 515 47 27 yksi
777 516 30 20 tai
818 514 68 22 kaksi.

61 544 26 21 Ei
103 544 36 21 siis
156 544 47 21 olisi
219 546 74 19 muuta
315 544 78 22 keinoa
415 545 50 21 kuin
480 545 52 27 joka
546 544 86 22 kolmen
649 544 83 21 vuoden
748 545 88 25 perästä
850 550 36 14 va-

61 573 39 21 lita
115 573 113 21 uudelleen
244 575 69 19 samat
328 574 80 20 miehet
423 574 67 20 tähän
506 573 253 27 rangaistuslaitokseen,
774 572 57 27 joksi
847 572 34 21 mi-

61 608 44 15 nun
121 602 42 20 sitä
178 604 72 24 täytyy
266 602 105 27 nimittää,
392 602 67 27 jonka
483 602 123 21 vaivaloisia
629 602 75 21 toimia
726 601 77 21 heidän
823 601 64 21 ilman

61 630 93 27 palkkaa
176 630 87 27 täytyisi
285 630 73 22 hoitaa
373 632 27 20 20
416 633 82 22 vuotta,
521 631 87 21 kunnan
631 630 210 27 kykenemättömien
855 629 33 27 jä-

61 660 76 20 senten
153 658 127 27 edustajina.
311 659 76 21 Näistä
402 660 67 26 syistä
484 662 74 25 täytyy
574 660 73 20 minun
663 659 73 21 kaikin
752 658 72 27 puolin
835 664 53 21 puo-

61 688 72 20 lustaa
147 687 142 21 valiokunnan
305 688 112 21 mietintöä
433 688 56 21 enkä
505 690 75 19 muuta
594 688 35 21 voi
645 688 51 20 kuin
712 688 94 20 suuresti
821 687 66 21 ihme-

61 716 52 21 tellä
129 717 46 20 että
188 716 73 26 jotkut
277 716 99 22 tahtovat
391 716 75 22 laskea
485 717 101 21 tällaisen
610 716 92 22 raskaan
718 716 170 21 velvollisuuden

61 745 90 49 kOntain
174 744 107 27 niskoille,
297 745 78 21 vaikka
398 746 58 21 eivät
478 746 34 21 ole
534 746 147 21 esiintuoneet
704 744 108 22 mitäkään
828 745 61 26 syytä

63 780 75 15 siihen.

131 800 116 23 Edusmies
263 802 62 27 Patja
340 802 59 28 yhtyi
415 802 107 22 edusmies
539 802 135 22 Karlstedtin
689 802 136 21 lausuntoon.

131 830 216 27 Landtdagsmannen
370 831 124 21 Ehrström:
524 831 37 21 Att
577 832 7 20 i
600 831 41 21 och
663 831 49 21 med
734 830 120 22 införandet
869 829 23 22 af

62 859 231 27 kommunalstyrelsen
309 860 6 21 i
331 860 95 27 enlighet
440 861 50 21 med
513 860 154 27 författningen
684 859 22 22 af
720 861 54 20 1865
790 866 27 15 en
832 865 57 21 myc-

63 888 38 22 het
116 890 70 19 större
201 888 122 27 lifaktighet
339 890 39 20 och
395 891 32 19 ett
441 890 86 26 mycket
543 890 70 21 större
629 890 93 20 intresse
736 888 32 22 för
779 888 110 26 deltagan-

63 917 38 21 det
119 917 4 21 i
137 917 137 21 kommunala
296 918 181 26 angelägenheter
500 918 79 21 vaknat
595 918 7 20 i
616 918 82 26 landet,
721 920 24 18 är
760 917 129 25 ovedersäg-

63 946 46 26 ligt,
127 946 39 20 och
181 945 28 26 fä,
225 952 35 15 om
283 952 37 15 ens
343 947 76 26 nägon,
436 947 62 21 torde
514 946 22 22 af
550 946 132 27 likgiltighet
701 946 140 26 undandraga
856 945 33 26 sig

63 974 151 27 skyldigheten
231 976 32 20 att
278 977 51 19 utan
345 975 120 26 ersättning
480 974 54 22 offra
549 976 31 20 tid
596 975 41 21 och
653 974 81 22 krafter
744 974 32 22 för
786 975 32 21 sin
830 974 59 21 kom-

64 1009 62 15 muns
141 1003 70 21 bästa.
242 1003 32 21 En
290 1004 52 20 hvar
364 1004 109 21 tänkande
496 1004 92 21 medlem
604 1003 23 22 af
647 1004 130 21 kommunen
793 1003 97 26 deltager

64 1032 49 20 med
128 1033 82 20 största
231 1032 93 22 intresse
347 1032 31 21 uti
401 1033 121 21 ordnandet
537 1032 23 22 af
581 1032 144 27 fattigvärden
744 1032 3 21 i
762 1032 128 21 kommunen

65 1060 40 21 och
120 1060 7 20 i
143 1060 121 21 ordnandet
279 1060 23 22 af
315 1061 26 21 de
363 1061 141 21 ekonomiska
527 1061 211 27 angelägenheterna
753 1067 27 15 m.
791 1067 27 15 m.
830 1060 19 22 d.
866 1060 25 21 sä

63 1088 62 26 längt
140 1088 53 21 hans
210 1089 31 21 tid
257 1090 40 20 och
313 1089 81 22 krafter
410 1090 37 21 det
461 1090 115 26 medgifva,
589 1090 41 21 och
641 1090 45 21 ofla
697 1096 41 20 nog
749 1090 71 20 kunna
831 1088 60 22 äldre

64 1123 103 21 personer
183 1118 48 20 med
247 1118 33 21 sin
296 1118 69 22 rikare
382 1118 123 22 erfarenhet
519 1125 51 15 vara
586 1118 27 22 de
629 1118 135 27 lämpligaste
780 1118 7 20 i
802 1118 41 21 och
857 1117 33 21 för

65 1145 116 22 skötandet
203 1146 23 20 af
247 1146 64 22 dessa
333 1147 187 27 angelägenheter.
551 1147 50 21 Men
618 1153 33 15 om
668 1154 28 14 nu
711 1148 7 20 i
734 1146 94 26 enlighet
842 1146 49 20 med

65 1174 42 22 den
136 1174 49 21 nåd.
211 1176 160 26 propositionen
403 1176 244 21 kommunalnämndens
677 1176 119 21 ledamöter
824 1174 67 22 blifva

65 1206 94 24 tvungne
182 1205 33 19 att
237 1204 65 25 åtaga
324 1204 33 26 sig
380 1204 62 21 äfven
464 1204 181 27 polisuppsigten,
661 1206 24 20 är
709 1204 37 22 det
767 1204 73 26 troligt
859 1204 32 20 att

65 1232 90 26 mången
171 1232 24 20 af
209 1232 150 27 obenägenhet
374 1233 41 21 och
431 1232 111 28 oförmåga
558 1235 32 19 att
605 1233 51 27 fylla
672 1240 26 15 en
713 1233 115 27 polismans
840 1238 51 20 gan-

65 1260 40 21 ska
120 1260 81 26 vigtiga
216 1261 40 21 och
272 1262 156 26 ansvarsdryga
444 1262 52 25 värf,
506 1262 65 21 funne
587 1268 83 15 samma
680 1262 103 26 uppdrag,
793 1267 45 15 som
849 1260 42 21 han

65 1289 106 21 härintills
195 1289 61 21 skött
277 1290 49 21 med
349 1290 55 27 nöje,
421 1290 24 21 så
467 1290 156 28 motbjudande
643 1290 40 22 och
700 1290 142 26 betungande,
859 1290 33 20 att

65 1318 42 20 han
124 1318 47 21 icke
187 1318 71 21 kunde
281 1318 78 22 förmås
383 1320 33 20 att
439 1319 85 21 utöfver
539 1319 56 21 hvad
610 1319 64 27 lagen
688 1319 86 21 kräfver
789 1324 54 21 egna
858 1317 34 26 sig

66 1346 23 21 åt
105 1346 26 21 de
147 1346 136 22 kommunala
298 1347 93 27 värfven,
411 1348 40 20 och
474 1347 64 21 häraf
559 1348 71 21 skulle
653 1348 37 21 det
713 1348 105 21 allmänna
840 1345 52 22 lida.

66 1374 40 22 Om
122 1375 40 21 ock
177 1375 86 21 tiderna
285 1376 85 26 mycket
392 1376 122 21 förändrats
538 1376 40 21 och
603 1376 62 22 äfven
688 1376 38 21 det
740 1376 69 21 finska
823 1374 70 22 folket

65 1404 49 20 med
130 1404 55 24 dem,
201 1404 25 20 så
242 1404 61 22 torde
320 1404 55 22 dock
397 1404 64 27 ingen
484 1404 72 22 kunna
577 1404 58 28 jäfva
655 1405 57 21 hvad
728 1405 22 21 af
764 1405 59 21 ålder
837 1402 56 22 varit

65 1432 68 21 kändt
149 1432 40 21 och
207 1432 122 27 medgifvet,
345 1433 64 21 neml.
425 1434 33 20 att
482 1450 7 8 ,
496 1433 37 21 det
556 1432 69 22 finska
648 1433 69 21 folket
740 1436 23 18 är
779 1435 31 19 ett
825 1432 67 26 lagly-

66 1460 45 26 digt
127 1460 40 22 och
182 1461 121 27 tropligtigt
318 1461 65 21 folk".
413 1462 111 20 Historien
540 1462 40 20 kan
597 1462 48 21 icke
665 1462 61 27 jäfva
744 1462 61 21 detta
819 1460 74 28 påstå-

66 1489 61 25 ende,
145 1489 18 27 ej
179 1489 69 21 heller
263 1490 124 21 statistiken
410 1490 101 21 framvisa
526 1492 33 20 att
574 1490 99 22 brottens
690 1490 58 22 antal
764 1490 69 22 skulle
848 1488 43 22 till-

65 1517 56 27 tagit
136 1518 31 20 uti
183 1518 68 21 sådan
273 1518 61 22 skala
357 1520 33 20 att
405 1518 122 22 införandet
542 1518 22 22 af
579 1525 26 15 en
621 1519 63 27 polis,
702 1519 67 21 sådan
785 1519 42 22 den
842 1518 50 22 nåd.
