1106 1734
215 103 40 21 932
519 104 24 20 19
560 112 18 17 p.
594 106 78 18 Huhtik.

186 166 29 22 Af
229 168 70 20 denna
317 168 64 21 orsak
397 168 62 22 hafva
475 168 51 22 vära
542 168 126 27 dissenters,
684 169 38 22 der
738 170 27 21 de
779 169 47 22 icke
841 170 32 21 uti
890 170 38 21 allt
943 170 72 21 kunna

187 196 74 22 förena
282 196 33 27 sig
335 203 34 15 om
385 197 26 21 de
428 197 94 27 dogmer,
540 198 40 21 den
596 198 113 21 lutherska
724 198 82 27 kyrkan
822 198 106 27 uppställt
943 199 71 21 säsom

187 224 123 27 oafvisliga;
322 225 67 21 redan
404 226 6 21 i
425 226 97 22 ärtioden
538 226 84 27 längtat
638 226 55 22 efter
706 229 33 19 att
749 227 85 21 komma
845 227 31 21 uti
888 227 126 27 åtnjutande

187 253 22 21 af
223 260 26 14 en
265 253 40 27 lag,
322 260 46 15 som
383 255 70 21 skulle
469 255 67 21 ordna
552 255 62 21 deras
630 256 100 26 rättsliga
741 255 183 27 angelägenheter
934 256 7 21 i
951 256 63 28 kyrk-

185 282 40 26 ligt
247 282 108 22 afseende.
387 284 133 26 Regeringen
543 284 45 26 har,
612 284 122 22 beaktande
756 284 70 22 denna
845 285 169 27 omständighet,

186 310 91 27 förelagt
298 311 85 22 landets
403 318 28 15 nu
447 312 129 22 församlade
592 313 89 21 ständer
697 319 26 15 en
738 313 50 21 näd.
804 314 135 26 proposition
954 314 59 21 inne-

185 340 99 21 fattande
307 340 80 27 förslag
409 341 31 21 till
461 341 108 21 ordnande
589 342 23 20 af
625 342 64 20 desse
705 342 119 21 dissenters
841 342 59 21 säväl
916 342 97 28 kyrkliga

187 374 47 16 som
251 369 30 21 till
299 375 24 15 en
341 369 34 21 del
391 370 157 26 statsrättsliga
564 370 155 21 förhällanden.
744 371 42 21 Det
801 370 128 22 tillkommer
940 378 27 14 nu
979 377 35 15 oss

187 399 33 19 att
235 398 46 21 visa
296 398 48 21 icke
359 398 92 22 allenast
467 400 32 20 att
514 399 20 21 vi
550 401 58 19 sätta
624 400 32 20 ett
671 399 52 27 högt
738 399 66 21 värde
819 400 28 26 pä
858 400 41 21 den
910 399 105 27 rättighet

186 426 20 21 vi
222 426 75 27 sjelfva
313 433 40 20 ega
369 429 50 19 utan
435 427 40 21 ock
496 429 32 19 att
543 428 19 20 vi
578 428 128 26 respektera
721 428 63 21 äfven
800 428 79 21 andras
896 430 44 19 rätt
955 428 6 21 i
977 434 38 15 an-

186 455 48 26 tydt
249 455 108 22 afseende.
379 455 32 22 En
427 456 58 27 hvar,
501 461 46 16 som
562 455 23 22 af
599 455 143 28 öfvertygelse
759 457 40 21 och
816 463 52 15 sann
885 457 129 26 religiositet

187 485 24 19 är
226 483 104 26 tillgifven
346 484 40 21 den
403 485 110 21 lutherska
528 485 59 21 läran
604 485 40 21 och
660 485 37 21 vär
712 485 133 27 statskyrka,
857 485 40 22 bör
908 485 49 28 sjelf
966 485 47 22 inse

187 512 82 21 hvilket
291 512 60 21 svärt
373 513 40 21 och
433 513 133 27 outhärdligt
582 513 65 27 tväng
662 513 78 22 honom
756 514 71 21 skulle
843 514 94 27 äläggas,
954 515 6 20 i
976 514 36 21 fall

187 541 78 21 honom
288 541 128 22 förnekades
439 544 32 19 att
493 542 46 21 fritt
558 542 74 22 utöfva
647 542 33 21 sin
695 543 90 26 religion
802 542 53 22 efter
871 543 33 21 sin
920 543 92 27 öfverty-

187 569 65 27 gelse.
283 570 86 21 Samma
392 570 35 22 fall
450 571 69 21 mäste
542 571 37 21 det
592 571 24 27 ju
632 571 40 21 ock
688 577 50 16 vara
753 571 50 22 med
819 571 51 22 vära
885 572 128 25 dissenters,

187 604 46 15 som
249 599 48 21 med
313 599 25 21 lif
351 599 40 22 och
407 599 39 28 själ
463 599 89 22 omfatta
568 600 32 21 sin
616 601 40 25 tro,
673 600 28 27 pä
716 606 82 15 samma
814 602 45 19 sätt
874 606 45 15 som
936 601 19 20 vi
968 601 43 24 vär,

187 627 40 21 och
244 627 61 22 hvem
321 628 42 21 kan
378 628 33 21 väl
428 628 55 27 väga
497 628 64 27 pästä
576 630 34 19 att
625 629 64 21 dessa
705 629 118 21 dissenters
841 629 66 27 dyrka
923 629 48 22 Gud
985 629 28 27 pä

187 657 33 20 ett
242 656 83 22 mindre
340 657 140 27 tacknämligt
495 659 45 19 sätt
554 659 27 19 än
596 657 20 22 vi
632 658 80 21 andra?
742 658 44 21 Det
802 660 24 19 är
841 658 33 21 väl
891 658 121 27 otänkbart,

187 686 33 19 att
243 685 76 21 endast
343 686 41 21 den
407 686 111 21 lutherska
540 686 118 26 religionen
681 686 6 21 i
711 686 96 27 enlighet
822 686 49 21 med
887 687 41 21 den
943 687 70 26 Augs-

187 713 96 26 burgska
301 714 145 21 bekännelsen
465 721 50 15 vore
532 715 40 21 den
588 715 56 21 enda
659 715 156 27 saliggörande.
847 715 73 22 Under
935 715 78 22 sädant

187 741 133 22 förhållande
338 743 42 21 kan
393 743 38 27 jag
445 743 48 22 icke
509 745 65 20 annat
590 745 26 20 än
632 744 28 27 pä
675 743 38 22 det
728 746 107 19 varmaste
850 743 86 22 förorda
952 746 61 19 anta-

187 771 80 26 gandet
283 771 23 21 af
319 777 26 15 en
361 771 40 27 lag,
418 778 46 15 som
480 772 78 21 ordnar
574 772 118 21 dissenters
708 773 60 20 säväl
783 773 97 26 kyrkliga
891 779 45 15 som
948 775 66 19 stats-

187 799 100 27 rättsliga
309 799 154 29 förhällanden,
487 801 125 27 öfvertygad
633 807 45 15 som
696 801 38 27 jag
754 803 24 19 är
794 807 33 16 om
843 803 33 19 att
891 801 62 22 deraf
965 801 48 22 icke

187 828 71 27 nägon
274 829 56 21 väda
344 828 33 22 för
393 829 36 21 det
443 829 118 22 bestäende
572 829 190 22 samhällsskicket
776 830 97 27 uppstär,
885 832 51 19 utan
948 832 66 19 tvert-

188 862 35 16 om
245 857 94 22 fördelar
361 857 61 22 deraf
439 858 80 26 vinnes,
539 858 7 21 i
562 859 37 21 det
614 864 109 22 personer,
740 864 47 16 som
802 865 29 15 nu
847 859 34 21 stä
896 861 59 19 utom
971 859 42 21 den

189 886 59 21 säväl
263 886 98 27 kyrkliga
377 893 46 15 som
438 887 121 26 borgerliga
574 887 63 27 lagen
653 888 5 20 i
674 888 58 21 vissa
747 887 38 21 fall
800 887 22 21 fä
837 888 64 21 dessa
912 888 103 21 abnorma

187 914 149 22 förhällanden
351 916 29 26 pä
395 917 32 19 ett
441 916 125 26 rättsenligt
581 918 44 19 sätt
640 916 101 21 ordnade.
768 916 35 21 Dä
818 916 67 27 enligt
900 917 42 20 min
958 916 57 27 äsigt

189 942 22 22 af
226 943 40 21 den
283 944 129 27 diskussion,
428 950 45 16 som
489 944 40 22 här
544 944 69 22 blifvit
623 944 54 26 förd,
688 944 101 28 framgär,
801 947 32 19 att
844 945 170 27 dissenterlagen

188 972 42 20 kan
246 972 86 22 komma
347 974 32 20 att
395 973 123 27 godkännas
534 974 78 20 endast
628 973 66 27 enligt
710 974 40 21 den
767 974 67 21 andra
845 974 168 26 reservationen,

189 1000 26 21 sä
230 1000 36 22 vill
283 1001 60 21 äfven
357 1002 38 26 jag
410 1002 85 21 ansluta
510 1002 43 26 mig
568 1002 32 21 till
617 1002 131 21 densamma.

257 1029 115 22 Edusmies
392 1030 95 21 Vähälä:
501 1030 54 22 Mitä
570 1033 144 19 omantunnon
730 1031 113 27 vapauden
854 1030 160 28 periaatteesen

188 1057 65 27 tulee,
269 1058 44 21 niin
329 1060 117 20 tunnustan
462 1065 37 15 sen
515 1059 121 27 täydelleen
652 1059 154 25 oikeutetuksi,
823 1061 69 19 mutta
903 1061 112 19 omantun-

187 1092 43 15 non
253 1087 128 27 vapaudella
403 1094 25 15 en
451 1090 105 24 ymmärrä
578 1088 118 27 yksityisen
720 1088 98 21 oikeutta
835 1088 179 22 mielivaltaisesti

187 1114 82 28 luopua
284 1116 93 21 kaikista
392 1116 224 22 velvollisuuksistaan
631 1116 119 22 kirkollisia
763 1116 146 28 yhdyskuntia
919 1117 95 21 kohtaan

185 1144 30 26 ja,
236 1144 44 21 niin
301 1145 134 25 sanoakseni,
453 1145 47 21 elää
514 1145 176 21 uskonnollisena
706 1146 45 20 tahi
767 1145 154 21 uskottomana
936 1145 78 22 kulku-

187 1172 90 26 laisena,
291 1172 67 28 jonka
373 1174 161 21 uskonnollisiin
550 1174 106 21 suhteisin
672 1174 19 21 ei
706 1174 87 21 millään
805 1174 209 27 kirkko-yhdyskun-

187 1201 58 21 nalla
268 1201 33 22 ole
321 1202 98 21 oikeutta
433 1202 75 27 ryhtyä
524 1202 49 22 eikä
588 1202 60 28 pitää
662 1203 65 21 niistä
743 1202 81 22 huolta.
855 1202 158 22 Otaksukaam-

188 1235 41 21 me,
246 1231 46 20 että
307 1231 130 21 tämmöinen
453 1231 163 21 uskonnollinen
632 1231 29 21 tai
677 1232 95 20 uskoton
788 1231 138 21 kulkulainen
938 1231 75 21 kutsu-

187 1260 51 19 taan
261 1258 138 28 todistajaksi
423 1260 119 25 oikeuteen,
565 1261 70 20 mutta
656 1262 46 19 että
721 1260 63 21 siellä
800 1259 129 22 huomataan
944 1260 70 21 hänen

187 1287 77 21 olevan
279 1288 135 21 valanteosta
429 1294 93 21 vapaan;
537 1288 82 21 kuinka
634 1288 42 21 hän
691 1288 34 21 voi
736 1288 84 21 kansan
831 1288 184 21 oikeudentuntoa

187 1315 165 22 loukkaamatta
367 1316 92 27 esiintyä
473 1317 131 26 todistajana
620 1317 59 21 esim.
695 1317 154 21 semmoisessa
863 1316 151 25 rikosasiassa,

184 1344 61 26 josta
267 1345 111 27 syyllinen,
399 1345 34 27 jos
450 1345 120 22 ehdoitettu
588 1345 200 27 kuolemangaistus
808 1345 57 21 tulee
881 1345 69 26 laiksi,
967 1345 48 21 olisi

186 1372 132 23 kuolemalla
332 1374 151 25 rangaistava?
504 1374 133 21 Tämmöiset
653 1374 118 27 tapaukset
786 1373 97 22 tulisivat
897 1373 118 22 todellakin

186 1401 111 22 iskemään
318 1404 66 25 syvän
399 1402 83 21 haavan
498 1402 93 22 Suomen
607 1403 82 20 kansan
704 1403 112 25 tunteisin,
832 1402 65 21 mihin
914 1402 101 27 sivistyk-

187 1435 38 16 sen
249 1431 80 26 paheet
347 1431 58 21 eivät
422 1431 55 21 vielä
493 1431 33 22 ole
542 1431 43 21 niin
601 1431 143 28 täydellisesti
760 1431 118 22 leimaansa
892 1431 122 27 painaneet,

187 1460 46 19 että
248 1459 131 22 tämmöinen
394 1459 43 22 laki
452 1459 146 22 katsottaisiin
613 1461 89 26 tarpeen
717 1460 136 21 vaatimaksi.
884 1459 66 22 Asian
965 1459 50 22 näin

187 1486 58 22 ollen
264 1488 57 21 minä
337 1487 92 28 hylkään
445 1489 52 21 sekä
512 1488 144 22 valiokunnan
671 1489 118 21 mietinnön
805 1490 46 20 että
867 1494 50 16 arm.
934 1488 81 27 esityk-

186 1521 39 16 sen
239 1516 24 27 ja
277 1516 101 28 yhdistyn
395 1517 106 22 edusmies
516 1517 89 27 Pöystin
621 1517 156 22 ehdotukseen.
