1106 1734
225 89 41 20 848
534 91 25 19 12
575 98 19 18 p.
610 92 78 18 Huhtik.

194 159 45 15 som
262 160 92 15 mannen
375 154 7 21 i
405 154 101 22 afseende
529 155 13 21 å
564 155 95 22 idkande
678 154 21 23 af
714 155 84 22 studier
814 155 33 21 vid
863 155 157 22 universitetet.

193 182 67 22 Detta
283 184 24 20 är
329 182 40 22 ock
391 183 33 21 för
442 183 93 22 tillfället
553 183 157 28 hufvudsaken,
726 186 22 25 ty
764 190 34 16 om
815 183 69 27 äfven,
900 184 73 22 säsom
988 184 33 22 uti

193 210 165 22 Presteständet
373 212 87 27 anförts,
473 212 28 28 pä
512 213 88 27 speciell
612 213 100 21 anhällan
722 218 44 21 nog
777 212 69 22 skulle
857 212 82 23 lemnas
950 214 71 21 denna

193 240 111 26 rättighet,
319 239 68 23 finner
399 241 37 27 jag
451 242 55 21 intet
520 242 48 21 skäl
583 241 116 23 förefinnas
715 242 33 21 till
764 242 70 21 denna
846 242 102 27 omgängs
960 242 60 22 bibe-

193 268 106 27 hällande,
315 270 53 20 utan
383 276 63 15 anser
461 272 34 20 att
509 270 27 22 de
551 270 33 22 för
599 270 71 22 henne
681 270 107 22 härintills
800 270 107 22 tillslutna
917 272 103 25 portarna

192 296 36 22 mä
249 298 83 26 öppnas
355 299 52 21 utan
427 300 31 20 att
474 299 69 27 någon
559 299 57 21 skild
634 299 126 21 trollformel
775 298 104 22 behöfver
893 299 126 27 framsägas.

192 325 52 22 Icke
266 326 42 22 kan
329 326 38 28 jag
389 327 67 22 heller
471 328 52 26 inse,
540 330 33 19 att
589 328 125 27 derigenom
729 328 71 26 nägon
817 327 72 22 alltför
904 330 45 20 stor
964 328 56 22 väda

193 354 110 28 uppstode
317 355 34 22 för
366 356 26 22 de
407 356 92 27 manlige
515 357 161 22 studerandene
691 356 37 23 vid
743 356 164 22 konkurrensen
919 363 33 16 om
963 357 56 28 tjen-

193 386 52 24 ster,
268 386 22 25 ty
311 385 37 27 jag
370 385 38 22 har
430 385 41 22 den
491 385 51 22 tillit
562 386 33 21 till
612 386 98 27 gvinnan,
727 387 33 20 att
776 385 63 22 äfven
855 391 34 16 om
905 386 42 21 hon
963 386 56 21 hvad

191 412 97 27 bildning
302 413 101 22 beträffar
418 414 6 21 i
440 414 39 22 allt
493 414 121 22 likställdes
630 415 49 21 med
695 420 98 21 mannen,
810 414 43 21 hon
869 415 55 21 dock
939 414 77 22 främst

193 441 55 22 skall
264 448 54 21 egna
333 442 33 27 sig
381 443 23 21 ät
419 443 93 21 hemmet
527 443 41 22 och
580 443 38 22 det
628 443 143 28 uppväxande
782 443 92 26 slägtets
885 443 132 28 uppfostran.

191 469 34 22 De
241 470 55 21 enda
312 477 46 15 som
373 471 99 28 möjligen
487 471 63 22 hafva
566 474 33 19 att
614 471 73 22 frukta
702 478 27 15 en
745 473 71 20 större
831 472 134 22 konkurrens
979 473 38 20 äro

191 499 160 27 pedagogerna,
375 500 39 21 och
436 502 33 20 att
485 501 63 21 döma
563 500 23 22 af
599 501 57 21 hvad
672 501 51 21 vära
738 501 90 26 gvinnor
843 501 67 21 redan
925 503 93 20 uträttat

191 527 28 27 pä
235 527 132 23 folkskolans
384 529 86 22 omräde
485 529 29 27 pä
528 529 80 27 landet,
625 536 51 15 vore
692 530 70 21 denna
778 529 135 22 konkurrens
927 530 48 21 icke
986 530 32 21 till

191 556 85 27 förlust,
299 559 52 20 utan
373 558 32 21 till
421 564 54 21 gagn
491 558 33 22 för
538 559 108 21 nationen.
678 559 38 20 Att
732 558 93 27 gvinnan
841 558 29 27 pä
884 558 133 22 folkskolans

192 585 87 22 omräde
299 586 74 27 lyckas
388 587 72 22 bättre
476 589 26 19 än
518 593 91 16 mannen
626 587 64 22 beror
707 587 73 27 derpä,
797 588 33 20 att
846 587 41 21 hon
903 587 36 21 vid
955 587 62 22 semi-

191 614 99 21 narierna
305 614 33 22 fär
352 615 95 22 inhemta
462 622 81 15 samma
558 616 169 27 kunskapsmätt
742 621 47 16 som
804 622 93 15 mannen
913 616 40 21 och
968 616 7 21 i
991 616 26 21 de

191 642 63 22 flesta
276 643 38 21 fall
335 644 35 21 vid
387 644 94 22 inträdet
495 645 7 20 i
518 645 48 22 dem
582 647 24 19 är
620 645 8 21 i
642 645 120 26 besittning
778 644 22 22 af
814 651 26 14 en
857 646 69 20 större
941 645 76 22 huma-

191 671 78 22 nistisk
284 672 95 27 bildning
395 675 26 19 än
437 673 75 22 denne.

259 700 216 28 Landtdagsmannen
490 702 110 27 Räbergh:
615 702 34 21 Då
665 702 41 21 den
717 701 101 27 grekiske
829 701 125 22 härföraren
964 702 54 21 Leo-

190 729 61 22 nidas
267 729 82 22 fordom
365 731 102 26 uttägade
482 731 48 22 med
546 731 48 21 sina
609 731 85 26 krigare
710 730 46 22 frän
772 731 33 21 sin
816 729 32 23 för
859 731 50 21 dess
921 731 96 21 härdade

191 757 40 22 och
254 758 110 22 kraftfulla
381 759 129 28 befolkning,
526 759 33 22 för
575 759 49 22 dess
641 760 55 26 dygd
712 759 41 22 och
768 765 53 16 rena
836 759 63 22 seder
915 759 102 27 ryktbara

190 786 139 23 fädernestad
352 787 77 28 Sparta
451 789 31 20 till
505 788 187 22 fäderneslandets
712 788 84 21 försvar
810 788 36 21 vid
862 788 154 27 Thermopyle,

189 815 87 26 yttrade
297 816 42 21 han
362 817 35 21 vid
412 817 98 22 afskedet
525 817 32 21 till
572 817 32 22 sin
620 817 85 21 dotter:
723 817 56 26 ,,Jag
795 817 38 26 går
849 823 28 15 nu
893 818 32 20 att
941 817 26 21 dö
983 817 34 21 för

190 843 184 29 fäderneslandet;
398 845 39 27 gift
460 846 35 27 dig
517 846 49 22 med
586 852 26 16 en
633 848 77 25 tapper
725 852 50 15 man
791 845 40 22 och
847 845 37 22 föd
899 846 23 21 åt
937 845 79 22 honom

189 875 78 25 tappra
290 875 87 21 söner!"
408 875 57 21 Utan
483 875 71 27 någon
569 875 122 27 väsendtlig
706 874 105 22 afvikelse
826 874 47 22 från
889 875 41 21 den
946 874 70 27 gamle

189 902 102 26 grekiske
309 903 92 27 hjeltens
422 904 89 21 sålunda
527 904 95 26 antydda
638 903 56 27 åsigt
710 909 34 15 om
760 903 105 27 qvinnans
880 903 136 27 lämpligaste

189 930 102 28 ställning
313 932 7 20 i
343 932 120 26 samhället,
486 938 63 16 anser
566 932 38 27 jag
620 932 81 22 hennes
717 932 128 26 uppfostran
860 931 155 23 företrädesvis

189 959 52 21 böra
263 959 70 28 åsyfta
347 960 81 22 hennes
444 961 121 26 utbildning
580 960 33 22 för
629 967 27 15 en
671 961 129 21 husmoders
816 960 82 27 vigtiga
913 960 44 22 kall
973 960 42 22 och

188 988 104 26 qvinnans
308 991 58 19 rätta
379 989 56 27 plats
451 990 6 21 i
473 990 116 21 allmänhet
604 990 56 21 både
675 990 57 21 inom
749 989 41 21 och
800 991 60 19 utom
871 989 144 27 äktenskapet

187 1022 51 16 vara
259 1017 8 21 i
290 1017 99 28 hemmet,
412 1018 35 22 vid
470 1019 40 21 den
533 1018 85 27 husliga
638 1018 89 26 härden,
743 1018 34 21 för
792 1019 34 20 att
841 1018 121 27 ombesörja
978 1018 38 21 der

186 1044 176 24 förekommande
384 1047 81 27 sysslor
487 1047 40 21 och
550 1047 103 26 göromål.
684 1046 110 22 Särskildt
817 1052 62 21 synes
902 1047 44 26 mig
968 1046 48 22 vårt

186 1074 63 22 lands
272 1074 84 22 döttrar
378 1075 61 22 äfven
460 1076 56 21 inom
532 1076 27 22 de
574 1076 136 26 folkklasser,
727 1081 47 16 som
790 1074 68 22 förmå
875 1075 91 21 bekosta
981 1075 34 27 sig

188 1108 27 16 en
230 1102 67 28 högre
313 1104 102 27 bildning,
431 1104 76 22 främst
522 1104 53 23 böra
592 1104 136 23 eftersträfva
744 1104 41 22 och
801 1104 74 21 beflita
890 1104 32 27 sig
937 1110 34 15 om
983 1104 33 21 så-

188 1132 55 21 dana
264 1133 97 27 insigter,
377 1139 46 16 som
439 1133 114 27 erfordras,
569 1133 33 22 för
618 1135 33 20 att
667 1133 27 22 de
709 1133 36 21 må
760 1133 73 21 kunna
848 1133 7 21 i
870 1133 146 27 nyssnämnda

187 1160 103 23 afseende
309 1162 96 27 uppfylla
420 1162 33 21 sin
468 1162 158 22 bestämmelse.
657 1162 39 21 Att
710 1161 161 22 förvärfvandet
887 1161 21 22 af
921 1161 94 22 kunska-

186 1195 39 20 per
240 1190 29 26 på
284 1191 67 21 andra
366 1191 101 21 områden
482 1191 66 21 likväl
563 1190 63 22 äfven
642 1192 24 20 är
680 1190 34 22 för
729 1191 95 26 gvinnan
839 1190 117 27 gagneligt,
972 1190 43 21 kan

186 1217 35 21 väl
244 1218 49 21 icke
315 1219 106 26 förnekas,
445 1221 22 26 ty
485 1220 42 21 alla
543 1220 89 26 qvinnor
647 1219 74 22 kunna
734 1219 25 27 ju
774 1219 49 21 icke
838 1219 63 21 träda
916 1219 7 21 i
939 1219 76 21 äkten-

186 1246 61 27 skap,
264 1247 41 22 och
321 1247 62 22 äfven
397 1247 53 28 gifta
466 1248 88 27 qvinnor
569 1248 66 21 blifva
650 1248 172 21 understundom
837 1247 7 21 i
859 1247 52 28 följd
925 1247 23 21 af
956 1253 59 15 man-

185 1281 54 15 nens
263 1276 43 21 död
330 1276 52 22 eller
405 1277 67 21 andra
494 1277 186 27 omständigheter
695 1279 103 24 tvungne,
814 1278 33 19 att
861 1282 77 21 genom
954 1276 61 21 verk-

185 1304 86 21 samhet
293 1307 60 19 utom
374 1305 95 22 hemmet
484 1306 54 21 söka
558 1305 33 22 sin
607 1305 97 22 utkomst
720 1305 54 22 eller
789 1305 132 21 åtminstone
937 1304 78 27 bidrag

186 1332 78 27 dertill,
287 1333 147 22 hvarförutom
457 1334 103 22 särskildt
580 1334 62 21 torde
658 1334 54 22 böra
726 1333 101 26 beaktas,
843 1335 33 20 att
891 1333 42 22 den
948 1335 67 24 utväg

185 1361 32 21 till
240 1362 142 27 lifsbergning
407 1369 76 20 genom
506 1363 141 26 handarbete,
671 1369 46 15 som
740 1362 85 22 fordom
848 1362 49 21 stod
914 1361 100 22 Finlands

186 1389 90 26 gvinnor
299 1391 33 22 till
347 1391 63 27 buds,
425 1398 89 15 numera
530 1397 76 22 genom
622 1391 217 22 fabriksindustriens
854 1391 105 26 framsteg
974 1390 40 21 och

185 1418 42 21 den
244 1419 63 22 deraf
319 1420 133 22 härrörande
467 1420 97 27 förmäga
579 1422 33 19 att
623 1420 99 22 tillverka
732 1419 101 27 billigare
844 1419 66 22 alster
921 1421 26 19 än
959 1419 55 26 dem,

185 1452 46 16 som
254 1454 78 21 genom
352 1448 74 22 husflit
444 1449 71 22 kunde
531 1449 168 26 ästadkommas,
716 1449 32 21 till
764 1450 48 20 stor
828 1448 33 22 del
876 1447 90 22 förlorat
981 1448 34 21 sin

184 1475 123 28 betydelse;
331 1483 47 16 men
402 1477 37 22 det
459 1478 39 21 har
515 1478 24 27 ju
554 1477 68 22 redan
637 1477 77 22 hittills
730 1477 63 22 äfven
810 1477 6 21 i
831 1477 49 21 värt
894 1477 50 21 land
960 1476 55 21 stätt

185 1503 93 27 avinnan
298 1507 66 26 öppet
379 1507 32 20 att
426 1506 33 22 uti
474 1506 106 23 särskilda
594 1506 154 22 läroanstalter
764 1505 82 22 erhälla
861 1511 27 16 en
903 1505 112 22 undervis-
