1100 1728
394 108 26 19 23
437 115 18 18 p.
471 110 73 19 Maalik,
831 108 40 20 133

78 183 24 5 —
119 173 92 21 tvärtom
227 173 24 20 är
263 172 38 27 jag
317 172 25 22 sä
356 172 59 27 villig
431 178 45 16 som
497 172 85 27 skyldig
598 173 33 20 att
645 171 94 22 erkänna
755 172 37 22 det
805 171 94 28 regerin-

76 207 40 21 gen
141 201 68 22 under
235 201 27 22 de
287 201 53 22 allra
361 203 89 20 senaste
473 201 52 22 ären
548 203 65 25 egnat
632 201 64 22 dessa
710 200 149 23 förhällanden
875 206 25 16 en

76 230 81 27 ganska
172 232 47 19 stor
233 230 198 27 uppmärksamhet.
462 231 49 21 Men
528 230 61 21 detta
603 230 93 21 intresse
711 229 46 27 har,
768 229 7 22 i
786 229 115 28 synnerhet

76 259 97 26 tidigare,
198 259 56 21 visat
276 259 39 26 sig,
339 259 25 21 sä
387 261 32 19 att
442 261 59 25 säga,
524 259 92 27 ryckvis,
632 259 48 21 icke
695 259 151 27 systematiskt
861 258 40 22 och

76 287 71 22 derför
163 287 64 22 hafva
242 287 66 22 ocksä
330 287 130 28 ätgärderna
475 287 70 22 blifvit
560 287 128 28 sporadiska
703 287 41 22 och
759 287 54 27 icke,
828 287 73 22 säsom

77 316 27 22 de
127 317 36 21 det
186 317 50 21 bort
258 316 32 21 till
313 316 78 22 sakens
411 316 98 27 fromma,
525 316 160 27 systematiska.
716 316 98 21 Orsaken
830 315 71 23 dertill

76 345 63 21 torde
153 345 7 21 i
175 345 89 21 främsta
283 347 92 19 rummet
390 345 55 21 varit
461 345 150 27 obekantskap
627 345 49 21 med
692 344 208 22 ortsförhällandena

76 374 41 22 och
141 374 40 21 den
205 373 61 22 deraf
285 373 93 28 följande
402 374 138 27 svärigheten
555 376 33 19 att
603 374 121 21 bestämma
739 373 32 27 sig
786 373 33 22 för
834 374 67 20 sättet

76 402 33 22 för
124 403 27 21 de
165 402 94 22 rädande
276 402 180 27 olägenheternas
473 402 143 27 afhjelpande.
647 402 50 21 Som
712 402 59 21 bevis
789 402 66 27 derpä
865 401 36 22 vill

74 431 38 28 jag
134 433 77 20 nämna
233 433 33 19 att
288 431 31 21 uti
342 431 41 22 den
402 431 87 27 komit6,
505 437 46 16 som
565 431 114 22 nedsattes
694 431 29 27 pä
738 431 68 26 grund
820 430 23 22 af
856 432 45 19 sär-

77 460 69 22 skilda
167 460 116 27 petitioner
304 459 36 22 vid
364 461 53 20 1877
441 460 34 22 ärs
491 460 110 27 landtdag,
617 460 41 21 den
674 465 17 16 s.
706 459 21 22 k.
744 461 60 20 stora
819 459 82 22 lotsko-

76 489 72 27 miten,
171 489 86 21 hvilken
279 488 67 22 finnes
370 489 100 22 omnämd
493 489 28 28 pä
535 495 43 21 pag
594 491 26 19 57
636 489 7 21 i
659 488 241 27 Finansexpeditionens

76 518 117 22 berättelse
215 517 33 22 för
263 517 50 22 ären
331 519 111 20 1881—87
465 518 7 21 i
488 518 50 21 dess
554 518 68 21 andra
637 517 114 27 afdelning,
766 517 63 27 ingen
846 516 55 23 enda

76 547 22 21 af
120 547 49 22 dess
192 546 138 22 medlemmar
352 547 56 21 hade
431 547 72 26 nägon
519 547 63 26 aning
598 553 35 15 om
649 545 250 28 sjöfartsförhällandena

76 575 28 28 pä
128 575 94 28 Ladoga,
247 575 86 22 hvarför
355 575 67 22 ocksä
443 577 79 20 nästan
544 576 51 27 inga
610 575 67 22 andra
692 575 100 27 ätgärder
807 575 33 22 för
855 575 44 27 sjö-

76 603 69 23 farten
168 605 38 21 der
228 603 118 28 föreslogos
370 607 27 19 än
421 611 26 15 en
462 605 83 21 mindre
560 604 69 27 ledfyr
644 604 32 21 till
690 604 97 27 inloppet
802 603 32 22 till
850 603 50 22 Sor-

76 633 85 22 tanlaks
184 633 41 22 vik.
256 633 40 21 Vid
319 635 32 20 ett
373 633 68 22 besök
464 633 41 22 här
527 633 6 22 i
548 633 135 27 Helsingfors
700 633 24 21 är
741 633 52 22 1881
811 632 88 27 frägade

75 662 36 27 jag
126 669 26 15 en
168 661 23 22 af
203 661 247 23 komitömedlemmarne
471 668 35 16 om
522 662 92 21 orsaken
629 661 85 22 hvarför
728 661 89 28 Ladoga
831 660 70 23 blifvit

76 691 25 21 sä
123 690 157 28 styfmoderligt
301 691 132 21 behandladt
455 691 35 21 vid
512 691 116 27 förslagets
648 691 147 27 uppgörande.
825 690 74 21 Denne

76 720 90 21 svarade
181 719 50 27 mig,
247 720 33 21 att
295 720 66 21 saken
381 719 82 27 tillgätt
479 719 97 27 sålunda,
593 721 32 19 att
641 719 28 21 dä
683 719 63 27 ingen
761 718 24 22 af
797 718 102 22 medlem-

75 754 72 16 marne
162 748 8 22 i
184 748 138 22 meranämda
336 748 80 22 komit&
437 749 38 21 det
489 749 96 26 ringaste
600 748 71 22 kände
684 747 161 23 förhållandena
855 747 44 27 der,

76 776 56 23 hade
153 783 50 15 man
225 776 108 28 framtagit
356 779 32 20 ett
410 777 85 27 sjökort
517 777 58 22 öfver
590 777 88 27 Ladoga
692 776 41 22 och
748 777 28 27 pä
791 776 56 22 mäfä
862 776 37 22 be-

76 807 65 20 stämt
163 812 27 16 en
213 805 68 28 ledfyr
303 806 39 22 och
365 806 67 27 nägra
454 806 93 27 prickar,
568 806 33 21 för
616 807 33 20 att
663 805 47 22 icke
726 805 87 27 Ladoga
829 804 70 22 skulle

76 834 65 22 blifva
155 834 89 22 alldeles
260 834 80 22 lottlös.
371 835 33 21 Då
418 841 51 15 man
485 835 125 27 begagnade
625 834 34 27 sig
673 834 23 22 af
709 836 33 20 ett
757 834 77 22 sådant
847 834 51 26 sätt,

76 864 25 21 sä
115 863 80 22 förstär
210 869 42 21 nog
272 863 53 22 hvar
340 863 40 22 och
397 870 26 15 en
439 865 34 20 att
488 864 130 26 ätgärderna
633 863 66 22 ocksä
713 862 70 23 blefvo
799 862 99 22 derefter.

75 892 43 27 Jag
139 892 36 21 vill
199 892 54 22 dock
268 892 47 22 icke
331 892 69 22 uttala
415 893 67 27 nägot
496 892 90 22 klander
601 894 46 20 mot
661 891 144 28 lotskomiten,
821 893 21 26 ty
858 892 41 20 den

75 921 71 22 kunde
161 921 48 21 icke
224 922 53 26 göra
291 921 118 27 nägonting
424 923 73 25 annat,
512 921 125 27 isynnerhet
653 926 45 16 som
714 921 121 22 dävarande
845 920 54 22 lots-

76 950 49 21 chef
146 956 36 16 var
204 950 89 22 alldeles
309 952 58 20 emot
390 950 41 22 alla
446 950 103 27 ätgärder
568 950 33 22 för
617 950 113 27 sjöfartens
746 949 153 28 befrämjande,

75 978 98 22 hvarföre
188 978 43 22 han
247 979 65 21 också
330 980 67 20 redan
412 979 35 21 vid
466 980 53 20 1882
536 978 35 22 års
586 978 104 28 landtdag
704 978 41 22 och
761 978 62 22 äfven
839 980 60 20 utom

76 1007 131 27 landtdagen
223 1014 42 20 nog
279 1007 42 21 fätt
335 1008 33 21 sin
384 1008 109 22 beskärda
509 1008 34 21 del
558 1008 95 21 klander.

143 1036 76 22 Denna
234 1036 148 27 obekantskap
398 1037 49 21 med
463 1036 162 22 förhällandena
640 1036 39 21 har
694 1036 119 22 emellertid
826 1035 73 22 ästad-

74 1064 89 22 kommit
186 1066 33 20 att
240 1067 77 19 nästan
341 1065 39 21 allt
401 1065 56 22 hvad
479 1065 66 22 sedan
561 1065 68 27 gjorts
645 1065 6 21 i
667 1065 65 27 afsigt
747 1067 32 19 att
795 1064 103 27 befrämja

75 1093 101 27 sjöfarten
201 1093 29 28 pä
254 1094 88 27 Ladoga
364 1094 48 22 icke
436 1094 60 21 skett
519 1094 154 27 systematiskt,
694 1096 51 19 utan
765 1093 32 22 till
811 1093 52 27 följd
879 1092 23 22 af

74 1122 172 22 vederbörandes
272 1122 106 27 tillfälliga
402 1123 69 22 besök
493 1123 29 27 pä
547 1125 34 19 ort
603 1123 40 21 och
666 1123 69 21 ställe.
766 1122 50 22 Som
839 1121 60 22 bevis

75 1151 66 27 derpä
163 1151 36 22 vill
220 1151 38 28 jag
273 1151 6 22 i
295 1153 82 20 största
392 1152 90 21 korthet
497 1152 71 21 lemna
583 1158 26 15 en
625 1151 91 22 historik
732 1151 59 22 öfver
806 1150 93 22 tillkom-

74 1182 48 19 sten
146 1179 23 22 af
189 1179 27 23 de
232 1187 28 15 nu
280 1179 110 28 befintliga
404 1181 204 27 fyrinrättningarna
623 1180 7 21 i
645 1180 94 27 Ladoga.
768 1179 131 22 Heinäluoto

73 1209 80 26 bygdes
176 1208 61 28 först,
260 1209 126 27 visserligen
408 1209 50 22 med
481 1209 145 27 Regeringens
649 1209 77 26 medel,
743 1215 48 15 men
809 1208 90 22 alldeles

74 1237 28 28 pä
124 1237 94 22 enskildt
240 1238 92 22 initiativ
347 1240 52 20 utan
415 1238 118 27 styrelsens
549 1244 92 21 omsorg.
671 1238 75 27 Följde
762 1237 66 22 sedan
845 1237 54 22 efter

74 1267 67 26 några
163 1267 24 20 är
208 1266 126 28 fyrskeppet
356 1267 184 27 Taipaleenluoto,
557 1267 63 21 hvars
637 1267 111 27 byggande
763 1265 136 23 föranleddes

73 1295 188 27 hufvudsakligast
283 1295 23 22 af
325 1297 32 20 ett
371 1295 113 22 inträffadt
499 1296 80 21 haveri.
609 1296 77 21 Beslut
702 1301 33 16 om
751 1295 112 28 byggande
879 1293 22 22 af

73 1323 59 28 fyren
157 1323 29 28 pä
208 1324 132 27 Hanhipaasi
363 1324 94 23 fattades
481 1325 36 21 vid
541 1326 53 20 1877
617 1324 34 22 års
667 1324 102 27 landtdag
785 1323 38 23 och
839 1322 61 28 fyren

73 1353 45 21 blef
138 1352 71 28 färdig
232 1354 61 21 1879.
325 1353 40 22 Om
388 1353 36 22 det
439 1355 60 20 rätta
512 1353 59 27 läget
585 1353 33 22 för
632 1353 70 22 denna
716 1353 33 27 fyr
762 1359 38 16 var
814 1357 49 16 man
879 1351 19 28 ej

73 1381 68 22 heller
156 1382 29 26 pä
199 1382 38 21 det
252 1382 66 26 klara,
335 1381 26 22 sä
376 1384 32 19 att
424 1382 51 21 dess
492 1382 163 22 bestämmande
670 1381 109 22 lemnades
795 1381 23 21 ät
832 1380 69 27 nägra

73 1410 92 27 köpmän
190 1410 7 21 i
220 1410 118 22 Sordavala
360 1411 49 21 med
433 1410 42 22 den
499 1410 87 28 utgäng,
602 1412 34 20 att
650 1416 48 16 man
714 1410 79 22 efterät
807 1409 93 27 mängen

72 1439 57 27 gäng
144 1438 70 22 skulle
229 1439 78 22 önskat
322 1440 33 20 att
370 1439 21 21 fä
406 1439 60 28 fyren
482 1438 76 28 flyttad
574 1439 53 21 eller
641 1441 68 19 ersatt
723 1439 30 27 pä
767 1440 66 20 annat
848 1439 51 23 sätt,

72 1474 48 15 men
138 1468 60 21 detta
214 1469 24 20 är
253 1474 87 15 numera
357 1468 65 27 svärt,
438 1468 29 22 dä
483 1468 82 26 ganska
579 1470 60 19 stora
655 1474 94 15 summor
762 1467 99 27 nedlagts
871 1466 30 28 pä

72 1496 61 22 detta
157 1496 58 22 enda
240 1496 69 27 ställe,
335 1502 100 22 summor,
459 1497 74 21 hvilka
554 1496 111 22 fördelade
684 1496 82 22 kunnat
787 1496 66 21 hinna
867 1495 33 21 till

71 1525 77 27 många
163 1525 86 28 nyttiga
264 1525 222 23 säkerhetsanstalter
501 1526 8 21 i
524 1525 74 22 stället
611 1525 34 22 för
660 1527 32 20 att
708 1525 64 22 dessa
789 1531 29 15 nu
829 1523 72 29 ätgätt
