1100 1725
403 104 25 20 13
444 111 18 18 p.
478 105 84 18 Maalisk.
829 104 41 20 647

68 169 68 22 hafda
157 168 119 22 uttalande.
306 168 67 22 Detta
393 168 113 22 uttalande
526 167 39 22 har
580 167 100 23 förvånat
694 168 44 26 mig
753 167 48 23 icke
816 168 82 22 mindre

70 200 28 18 än
118 198 25 21 hr
163 196 98 27 Castrén,
279 196 40 22 och
332 197 38 27 jag
384 196 43 22 kan
444 196 18 28 ej
479 198 66 20 annat
560 198 27 20 än
603 196 63 28 djupt
680 196 95 28 beklaga
791 197 50 22 dess
857 197 42 21 till-

69 226 79 22 komst.

139 259 219 27 Landtdagsmannen
375 258 89 22 Gädda:
486 259 74 27 Enligt
575 259 43 21 min
634 259 86 27 mening
736 258 67 23 borde
818 260 80 33 Lagut-

71 288 83 22 skottet
168 288 104 22 särskildt
287 288 79 22 beakta
382 288 42 22 den
440 287 22 22 af
475 288 145 26 prokuratorn
636 288 12 21 å
664 288 88 21 sidorna
769 290 110 20 102—103
892 289 6 21 i

71 317 137 22 Berättelsen
224 317 119 26 anmärkta,
359 317 13 21 å
388 317 58 21 vissa
462 319 58 19 orter
535 319 81 25 gängse
632 316 87 27 oseden,
730 318 34 20 att
774 317 35 21 vid
820 320 80 19 utmät-

71 346 51 26 ning
146 346 133 26 egendomen
298 334 147 32 undansnillas
464 345 92 21 sålunda
573 347 39 24 att,
629 346 40 21 när
684 352 27 15 en
726 344 172 28 fordringsegare

69 374 79 22 anlitat
166 374 162 22 vederbörande
345 374 104 21 exekutor
464 374 33 22 för
512 374 160 22 verkställande
688 373 23 22 af
724 374 122 27 utmätning
861 380 38 16 en-

72 403 40 27 ligt
126 404 71 26 utslag
211 404 7 21 i
234 402 156 28 fordringsmål,
408 403 42 21 han
465 402 55 22 efter
536 403 70 26 någon
622 402 32 22 tid
669 402 33 22 får
717 405 50 19 veta
781 405 34 19 att
825 403 73 27 gälde-

71 434 68 20 nären
154 432 47 22 icke
218 438 50 20 eger
284 432 70 26 någon
370 431 96 27 tillgång,
484 432 89 21 emedan
588 431 139 27 gäldenären,
745 431 54 23 efter
809 432 37 22 det
856 432 43 21 han

73 460 68 23 blifvit
156 461 49 21 med
220 460 121 27 utmätning
356 460 107 28 hemsökt,
479 460 91 22 vidtalat
580 460 71 27 någon
662 460 42 27 god
715 461 48 25 vän,
774 467 46 15 som
831 460 68 22 hand-

71 490 33 21 lat
121 489 22 23 af
159 490 80 21 honom
258 489 140 27 egendomen,
420 489 40 21 och
476 489 49 21 med
542 489 70 21 denna
626 490 53 20 väns
696 488 41 22 och
752 490 69 26 någon
837 488 62 22 skrif-

71 518 83 27 kunnig
175 524 91 21 persons
290 518 84 21 biträde
396 517 99 22 författat
518 519 32 20 ett
569 518 124 26 dokument,
710 523 46 16 som
774 524 49 15 man
839 517 61 28 gifvit

74 547 37 21 det
125 546 100 27 innehåll,
242 548 32 20 att
290 546 27 22 all
333 546 40 22 hos
389 546 131 27 gäldenären
536 546 98 27 befintlig
648 546 112 27 egendom,
771 546 129 22 åtminstone

74 576 41 21 den
131 576 35 21 del
182 574 66 27 deraf,
265 581 46 16 som
327 574 69 23 blifvit
411 577 87 26 utmätt,
514 575 28 27 på
557 581 26 16 en
600 575 52 22 eller
668 581 70 15 annan
753 575 69 27 grund
832 575 68 22 redan

73 604 61 27 långt
156 604 46 21 före
224 605 150 26 utmätningen
397 604 91 21 kommit
506 604 8 21 i
530 604 40 21 den
586 603 57 28 goda
658 606 95 19 vännens
769 610 46 21 ego,
832 604 68 21 ehuru

74 633 132 27 egendomen
228 633 29 27 på
281 633 26 21 de
327 633 6 21 i
350 632 91 23 skriften
456 635 111 25 upptagne
582 633 69 21 vilkor
666 632 69 22 blifvit
751 633 33 21 till
799 633 101 27 gäldenä-

74 667 50 16 rens
146 661 141 28 begagnande
309 661 104 28 upplåten
436 662 40 21 och
499 661 56 28 förty
577 661 97 22 befinner
694 661 32 27 sig
741 661 7 21 i
763 661 53 22 hans
832 661 67 28 värjo.

74 690 96 22 Försedd
186 690 50 22 med
251 690 61 21 detta
328 690 118 21 dokument
461 690 136 27 öfverklagar
612 690 43 21 han
671 690 67 21 sedan
752 690 148 27 utmätningen

73 719 49 26 och,
146 719 28 22 då
196 719 38 22 det
255 719 34 21 för
311 719 179 22 öfverexekutorn
510 719 7 21 i
541 719 27 22 de
587 718 64 22 flesta
666 718 36 22 fall
718 719 47 21 icke
779 719 42 21 kan
837 718 64 22 blifva

74 748 84 27 möjligt
172 749 33 20 att
220 747 58 22 finna
294 748 36 21 det
345 747 71 22 falska
431 748 32 21 uti
480 747 36 22 det
532 747 124 27 dokument,
672 753 47 16 som
730 749 64 25 utgör
803 747 97 28 grunden

72 776 36 22 för
122 777 84 26 klagan,
223 776 94 22 återstår
332 777 38 21 det
384 776 34 22 för
433 778 134 25 guvernören
582 776 56 21 intet
652 778 66 19 annat
733 778 27 19 än
775 778 33 19 att
821 775 81 23 förvisa

73 805 92 21 ärendet
188 805 72 22 såsom
283 805 84 26 tvistigt
387 805 32 21 till
438 805 137 26 vederbörlig
590 805 100 26 domstol,
707 805 137 26 hvarigenom
860 805 41 21 den

74 833 134 22 tredskande
223 833 130 27 gäldenären
370 840 64 15 anser
449 834 33 26 sig
498 833 63 22 hafva
576 833 76 22 vunnit
666 833 39 22 sitt
715 833 46 27 spel
772 833 130 22 åtminstone

75 862 33 21 till
130 862 70 26 någon
223 862 38 26 tid,
285 862 82 21 hvilket
386 862 123 22 förfarande
522 862 24 27 ju
562 862 55 21 intet
632 863 66 20 annat
712 864 25 19 är
752 864 27 19 än
794 862 52 21 svek
862 861 40 22 och

74 890 120 27 bedrägeri,
210 890 46 22 ofta
269 890 100 22 förenadt
384 891 49 21 med
448 890 220 27 förfalskningsbrott,
685 896 46 16 som
747 890 67 22 borde
827 890 74 26 beläg-

75 925 39 21 gas
130 920 48 21 med
194 919 52 27 högt
262 926 83 20 ansvar,
361 920 90 21 emedan
466 919 202 27 fordringsegarena
682 919 49 21 icke
747 920 68 21 sällan
825 925 77 21 genom

74 948 84 21 sådana
172 948 70 21 falska
258 948 87 22 skrifter
360 948 28 27 gå
404 948 32 22 sin
452 948 80 27 lagliga
546 950 45 20 rätt
605 947 120 28 förlustige.

144 988 114 22 Edusmies
274 988 107 22 Niemelä:
402 988 76 22 Ollaan
494 988 31 22 eri
540 988 72 22 mieliä
628 988 56 24 siitä,
700 988 67 21 missä
781 987 121 22 tarkoituk-

74 1022 64 16 sessä
159 1017 175 27 prokuraattorin
350 1017 111 22 kertomus
477 1018 107 21 annetaan
600 1016 110 27 säädyille.
741 1017 113 21 Muutavat
869 1022 33 16 ar-

75 1045 91 25 velevat,
190 1047 46 19 että
258 1052 24 15 se
305 1052 27 15 on
356 1046 48 21 vain
427 1046 40 26 ,ad
487 1046 119 26 notitiam*,
623 1045 126 22 tiettäväksi
765 1045 56 26 siitä,
836 1045 66 21 miten

74 1074 73 27 lakeja
167 1080 86 16 maassa
274 1080 26 16 on
321 1075 141 26 noudatettu;
483 1075 72 25 toiset,
572 1076 46 20 että
633 1074 154 22 kertomuksen
800 1073 104 28 johdosta

75 1108 40 15 saa
133 1102 66 22 tehdä
214 1103 136 21 minkälaisia
365 1103 155 21 muistutuksia
535 1103 98 26 tahansa,
648 1103 61 27 jotka
724 1102 65 22 sitten
805 1102 99 27 enempiä

75 1130 75 22 toimia
165 1133 75 20 varten
253 1132 99 27 jätetään
367 1132 155 22 kertomuksen
538 1132 54 22 kera
607 1130 218 23 Lakivaliokunnalle.
848 1131 56 21 Tätä

76 1160 97 21 viimeksi
196 1160 113 22 mainittua
331 1163 65 25 tapaa
420 1167 27 16 on
468 1161 101 21 näilläkin
590 1160 154 27 valtiopäivillä
761 1160 105 27 käytetty,
880 1160 24 27 ja

76 1195 53 15 saan
144 1189 94 21 minäkin
254 1195 39 16 sen
308 1189 82 22 tähden
405 1189 67 23 tehdä
488 1195 118 16 seuraavan
622 1189 180 22 huomautuksen.

146 1229 138 22 Tilastollisia
294 1229 76 28 tietoja
378 1229 208 26 tuomioistuimissa,
594 1228 228 26 lääninhallituksissa,
832 1234 72 15 maan-

72 1257 202 33 jako-oikeuksissa
297 1258 53 21 sekä
369 1258 82 27 poliisi-
464 1258 24 27 ja
500 1257 251 28 järjestys-oikeuksissa
765 1257 139 27 käytellyistä

77 1286 89 21 asioista
182 1292 26 15 on
224 1286 62 21 esillä
302 1287 98 21 olevassa
411 1287 177 21 kertomuksessa
600 1286 120 27 yhdistetty
736 1286 168 21 taulunmuotoi-

77 1315 40 21 siin
133 1315 96 32 ryhmiin,
246 1317 69 19 mutta
331 1315 55 22 siinä
398 1315 18 22 ei
428 1317 65 26 tapaa
504 1315 118 22 ensinkään
633 1315 82 27 tauluja
726 1315 65 21 niistä
798 1313 107 22 taloudel-

76 1343 72 22 lisista
166 1343 95 27 asioista,
274 1344 56 27 joita
346 1350 28 15 on
390 1344 104 27 käsitelty
510 1343 102 22 Senaatin
628 1343 202 22 talous-osastossa.
860 1342 45 21 Ku-

76 1372 113 21 vernöörin
204 1361 66 32 luona
285 1373 139 27 käytellyistä
440 1373 163 21 velka-asioista
617 1378 27 15 on
655 1372 67 26 taulu,
733 1373 70 20 mutta
813 1370 20 22 ei
844 1371 62 21 siellä

76 1401 145 26 käsitellyistä
236 1401 80 21 muista
331 1401 169 22 taloudellisista
515 1401 96 22 asioista.
635 1385 93 47 Saapiko
745 1395 160 41 prokuraattori

77 1429 71 22 näistä
164 1429 166 22 taloudellisista
345 1430 92 21 asioista
453 1429 169 22 asianomaisilta
636 1429 121 22 virastoilta
769 1428 83 27 tietoja,
863 1428 43 21 sitä

78 1464 27 15 en
118 1458 34 21 voi
168 1464 73 20 sanoa,
262 1460 76 24 mutta,
352 1458 36 27 jos
405 1459 71 21 oikein
487 1461 120 24 ymmärrän
618 1458 58 21 Keis.
688 1458 116 21 asetuksen
815 1457 89 21 toukok.

78 1488 13 19 8
109 1486 53 27 p:ltä
179 1488 60 25 1876,
260 1487 44 21 niin
320 1493 27 15 on
363 1487 175 26 prokuraattorin
554 1488 116 20 annettava
685 1487 111 21 kertomus
811 1485 94 27 lainkäy-

77 1516 103 21 tännöstä
195 1521 86 16 maassa
295 1516 22 27 ja
328 1515 73 22 lakien
414 1515 180 28 ylläpitämisestä
606 1517 88 20 muuten
703 1515 47 21 sinä
761 1515 84 26 aikana,
854 1514 52 27 joka
