1100 1745
197 116 35 17 878
400 115 181 24 Telonpoikaissääty
594 117 23 17 29
631 117 42 22 p:nä
685 116 69 22 jouluk.
768 117 53 16 1904.

198 188 66 21 törna
288 187 43 23 den
355 188 117 28 tilltalade,
490 188 75 23 därför
580 189 40 22 ber
635 189 46 21 han
697 188 102 27 ständigt
815 195 36 14 om
867 187 84 23 ursäkt.
980 187 46 22 Det

197 218 40 27 går
260 217 84 22 honom
361 218 74 28 också,
451 225 48 15 som
515 219 38 22 det
569 219 7 21 i
592 219 78 29 dylika
685 218 39 22 fall
742 219 77 28 plägar
835 219 35 27 gå,
887 219 26 21 så
929 219 34 21 att
978 217 46 22 han

199 247 137 22 framställer
352 248 40 22 sitt
407 249 82 21 ärende
505 249 111 22 bakfram.
640 248 46 22 Och
702 249 47 21 kan
765 255 54 15 man
835 250 56 26 säga
906 249 72 20 annat
988 254 36 15 om

197 280 184 20 reservanternas
404 278 111 22 klämmar
538 281 29 19 än
592 280 36 21 att
651 278 38 22 det
712 280 26 20 är
757 279 70 26 något
849 277 106 23 bakfram
972 277 51 22 med

197 307 56 22 dem.
285 307 67 23 Hvad
376 315 47 14 som
446 308 82 22 främst
551 309 64 27 göres
639 315 36 15 oss
696 308 73 28 behof,
787 308 41 21 har
844 309 59 20 satts
919 308 47 25 sist,
983 307 41 22 och

197 337 62 22 hvad
283 338 24 21 vi
329 337 120 22 framdeles
473 338 80 22 kunna
575 339 57 28 yrka
652 339 35 28 på,
704 338 42 22 har
762 337 75 22 ställts
852 338 82 21 främst
949 339 75 20 såsom

197 367 116 28 viktigast.
335 367 49 29 Nej,
402 368 108 22 Finlands
527 368 46 22 folk
590 368 108 22 behöfver
708 369 19 28 ej
739 367 103 23 bönfalla
852 375 35 14 om
899 367 44 27 det,
954 368 70 21 hvar-

196 397 35 22 till
247 397 38 22 det
300 397 41 22 har
357 397 130 29 obestridlig
506 399 41 21 och
563 398 135 28 garanterad
714 399 52 21 rätt.
787 397 44 28 Jag
846 405 67 14 anser
923 397 38 22 det
971 397 52 22 där-

199 427 34 21 för
255 434 56 15 vara
333 427 36 21 för
391 428 168 22 Bondeståndet
578 428 136 27 naturligast
729 428 41 22 och
786 427 123 28 värdigast,
926 429 35 20 att
976 434 48 15 som

199 464 26 14 en
241 464 52 15 man
315 457 79 22 förena
410 458 33 27 sig
459 465 36 15 om
511 458 129 22 Utskottets
656 457 153 29 föreliggande
824 457 152 27 betänkande,
994 457 29 21 då

200 486 39 22 det
262 487 53 21 bäst
334 487 62 22 torde
412 489 116 21 motsvara
543 488 27 22 de
587 488 104 28 anspråk,
709 495 48 15 som
773 488 52 21 vårt
840 487 48 22 folk
903 487 77 22 ställer
994 488 30 28 på

197 517 50 21 sina
263 519 180 27 representanter
458 518 7 21 i
483 518 142 22 närvarande
641 517 75 22 stund.

269 546 175 23 Medlemmarna
469 547 24 23 af
517 548 64 21 detta
600 547 72 22 Stånd
688 549 38 20 äro
742 548 24 28 ju
782 546 77 23 kända
875 547 34 21 för
923 548 35 21 att
973 546 51 22 rakt

196 576 59 22 fram
279 576 78 23 kunna
380 577 131 23 framställa
534 578 51 21 sina
608 578 147 28 påståenden,
781 577 40 22 och
838 579 41 20 när
895 576 128 23 Utskottets

198 606 147 22 betänkande
368 607 43 22 har
433 608 90 21 kunnat
543 608 132 28 godkännas
691 608 25 21 af
730 614 112 22 personer,
860 614 47 15 som
923 609 38 19 äro
976 614 49 14 mer

198 636 65 22 lärda
287 636 39 22 och
349 637 71 22 hafva
435 644 62 15 mera
513 637 188 23 hofmannaskick
718 640 30 19 än
763 636 182 23 Bondeståndets
961 636 63 22 med-

199 666 100 28 lemmar,
316 668 27 20 så
359 667 45 22 kan
419 668 37 28 jag
472 667 49 22 icke
531 667 66 22 finna
608 669 74 26 någon
693 667 128 27 anledning,
833 666 92 23 hvarför
935 666 90 22 Bonde-

199 696 92 22 ståndet
306 696 96 23 behöfde
418 698 105 21 kritisera
537 697 86 22 formen
639 698 34 21 för
683 697 203 27 framställningen.
907 696 40 22 Om
958 697 65 21 inne-

198 726 72 22 hållet
292 727 33 21 uti
341 726 157 23 betänkandet
514 734 28 15 en
558 729 60 26 gång
634 727 23 22 af
673 727 171 22 Bondeståndet
859 726 46 22 kan
921 726 103 28 godkän-

198 763 49 21 nas,
272 758 26 20 så
321 758 74 20 måste
415 757 38 22 det
469 757 69 22 också
553 757 80 22 kunna
647 757 166 22 tillfredsställa
829 756 52 22 dess
896 757 127 21 formsinne.

199 786 43 28 Jag
265 786 46 22 kan
335 786 88 22 således
447 787 49 22 icke
513 794 54 15 anse
584 787 39 22 det
638 794 56 15 vara
709 787 85 27 nödigt,
812 788 35 20 att
863 786 63 22 detta
941 786 82 22 betän-

197 816 74 21 kande
288 816 76 22 vidare
382 817 71 22 skulle
471 817 101 27 undergå
587 824 28 15 en
624 817 96 21 särskild
732 816 137 28 behandling
881 817 6 21 i
898 816 126 24 Utskottet;

195 847 38 27 jag
258 853 67 15 anser
345 848 35 20 att
396 847 21 21 vi
434 847 148 21 allesamman
599 847 79 21 kunna
693 847 79 21 förena
788 854 37 14 oss
841 846 83 27 därom,
941 846 83 22 sådant

197 875 38 22 det
259 877 30 20 är.
319 876 43 21 För
387 877 46 21 min
457 877 35 21 del
512 877 40 21 vill
566 877 38 28 jag
620 876 57 23 dock
691 877 50 21 icke
757 876 76 27 heller,
850 876 46 21 lika
912 876 49 21 litet
976 883 48 14 som

197 905 78 28 andra,
301 907 110 20 motsätta
429 907 46 27 mig
491 913 28 15 en
535 906 61 29 dylik
613 907 134 26 återremiss,
765 913 35 14 om
817 907 70 26 något
901 906 123 27 väsentligt

197 935 92 22 därmed
313 935 76 22 kunde
406 936 87 22 vinnas.
524 936 43 28 Jag
583 936 39 22 vill
638 936 74 22 därför
728 936 75 21 uttala
819 935 43 22 den
879 935 144 29 förhoppnin-

196 972 49 21 gen,
273 966 35 21 att
325 965 42 22 den
389 965 62 28 form,
470 973 47 14 som
534 966 117 22 Utskottet
667 967 6 20 i
690 966 85 22 sådant
790 965 41 22 fall
847 965 38 22 vid
901 966 123 27 omredige-

196 995 77 28 ringen
297 995 100 22 kommer
420 997 35 20 att
477 995 62 29 gifva
555 996 163 27 betänkandet,
735 995 50 22 icke
801 997 72 20 måtte
889 997 111 27 utmynna
1016 996 7 21 i

197 1032 27 14 en
249 1025 70 22 större
342 1025 130 28 förändring
495 1025 24 22 af
542 1025 71 28 detta,
636 1026 109 21 särskildt
765 1025 62 22 hvad
843 1025 123 22 innehållet
982 1025 42 22 be-

196 1055 87 27 träffar,
308 1056 56 21 utan
388 1058 35 19 att
446 1056 23 22 vi
485 1055 74 22 skulle
575 1055 30 22 ha
621 1057 36 20 att
673 1057 85 20 emotse
776 1056 34 21 ett
825 1055 48 22 lika
887 1055 71 28 lugnt,
975 1055 49 22 lika

195 1085 30 28 på
249 1085 41 21 sak
314 1085 93 28 gående,
424 1093 48 15 som
493 1085 43 28 det,
553 1085 88 23 hvilket
657 1093 31 14 nu
704 1085 122 23 framträdt
842 1085 34 22 uti
892 1085 132 22 Utskottets

196 1115 157 28 ursprungliga
368 1115 88 29 förslag.

271 1174 117 23 Edusmies
412 1175 53 23 Näs:
491 1176 119 21 Klämmen
627 1176 63 21 såväl
706 1176 6 20 i
729 1175 131 22 Utskottets
876 1174 148 22 betänkande

196 1211 48 14 som
267 1204 70 22 äfven
360 1205 7 21 i
384 1204 26 23 de
426 1206 7 20 i
449 1205 106 28 samtliga
570 1205 72 22 Stånd
658 1205 87 28 ingifna
761 1204 146 22 memorialen
923 1206 39 20 äro
979 1204 42 22 all-

195 1234 61 22 deles
279 1234 48 22 lika
350 1235 40 22 och
414 1235 77 28 hafva,
515 1242 48 15 som
586 1236 57 21 hvar
666 1236 41 21 och
723 1242 28 15 en
768 1236 46 26 vet,
831 1235 33 21 till
881 1234 60 29 syfte
960 1235 62 21 åter-

195 1264 124 22 ställandet
335 1264 25 22 af
376 1264 41 22 den
433 1265 84 27 lagliga
532 1265 122 28 ordningen
670 1266 7 20 i
692 1265 80 21 landet
787 1264 86 22 medels
889 1264 27 22 de
935 1266 88 26 tempo-

195 1295 51 20 rära
261 1294 204 28 författningarnas
481 1295 167 28 upphäfvande.
665 1295 9 21 I
684 1295 144 21 klämmarna
839 1296 24 19 är
873 1294 49 21 icke
933 1295 88 26 nägon-

195 1323 48 28 ting
267 1325 52 26 sagt
341 1331 35 14 om
400 1324 62 22 tiden
484 1324 34 22 för
535 1324 68 22 dessa
618 1324 173 28 författningars
808 1323 113 29 slopande,
938 1331 52 14 men
1006 1325 14 20 å

195 1352 39 22 sid.
263 1353 26 22 16
312 1354 8 21 i
343 1353 159 23 betänkandet
517 1356 65 26 säger
598 1354 116 22 Utskottet
730 1354 7 21 i
754 1354 35 21 sin
805 1353 140 28 motivering,
962 1353 60 22 efter

195 1384 35 20 att
255 1383 61 22 förut
339 1385 15 20 å
370 1383 27 22 de
413 1385 42 21 två
469 1384 188 27 nästföregående
674 1384 91 22 sidorna
781 1383 25 22 af
821 1383 111 22 förmälda
947 1383 75 29 påbud

195 1412 74 22 hafva
285 1413 129 29 uppräknat
429 1414 45 21 alla
490 1413 27 22 de
533 1413 123 28 viktigaste
673 1421 47 14 som
736 1413 70 22 borde
821 1413 161 28 undanrödjas:
999 1413 25 21 af

195 1442 98 28 orsaker,
319 1450 48 15 som
391 1444 19 28 ej
433 1443 62 22 torde
511 1443 100 22 hehöfva
626 1443 107 22 särskildt
750 1443 113 28 utläggas,
880 1445 25 20 är
920 1449 27 15 en
964 1442 35 22 del
1016 1443 7 21 i

196 1472 167 23 ofvanstående
379 1473 204 28 sammanfattning
597 1473 102 29 antydda
709 1473 108 28 åtgärder
827 1473 24 22 af
861 1474 84 28 ytterst
955 1472 68 22 bråd-

195 1501 87 23 skande
305 1504 75 27 natur,
404 1503 122 28 nämligen:
546 1503 146 22 inställandet
708 1503 24 22 af
749 1502 274 30 värnepliktsförfattnin-
