1098 1742
188 102 42 32 340
383 107 181 23 Talonpoikaissääty
576 108 23 18 28
612 109 43 21 p:nä
667 107 69 23 jouiuk.
750 108 52 18 1904.

192 178 153 29 förordningar
367 179 136 29 tillämpade.
535 180 44 28 Jag
601 180 40 22 vill
664 188 31 14 nu
719 180 81 22 endast
825 179 78 22 anföra
924 180 33 20 ett
978 185 40 21 par

194 209 101 29 exempel
319 209 24 21 af
365 209 26 22 de
408 211 88 27 många,
514 216 48 16 som
578 211 37 21 stå
630 210 35 22 till
680 210 63 22 buds.
774 209 36 22 Då
826 216 26 15 en
869 208 87 23 enskild
971 208 45 21 for-

193 238 68 22 drade
285 239 34 21 sin
341 241 53 25 rätt,
417 239 68 22 äfven
501 242 42 20 när
559 240 75 21 denna
650 247 41 15 var
707 241 26 21 så
749 240 65 27 ringa
830 246 48 14 som
894 240 36 21 att
945 238 72 22 blifva

192 268 69 22 ställd
276 269 34 21 till
326 276 83 15 ansvar
425 269 57 22 inför
498 270 97 21 domstol
610 270 33 21 för
659 277 28 14 en
703 270 97 21 förment
811 269 139 28 förbrytelse,
963 275 53 14 sva-

192 297 71 29 rades,
286 300 35 20 att
340 299 38 21 det
394 299 18 28 ej
429 299 128 22 föranledde
573 299 33 22 till
622 301 75 26 någon
714 299 80 28 åtgärd
810 298 50 22 från
876 299 141 27 regeringens

194 328 55 22 sida.
274 328 35 22 Då
324 328 237 29 Generalguvernören
577 329 55 22 fann
649 330 34 27 sig
699 329 73 22 sakna
789 329 64 21 makt
869 330 35 20 att
920 327 98 22 indrifva

192 357 27 22 de
243 358 108 22 oerhörda
374 359 69 27 böter,
469 366 47 15 som
536 359 74 28 ålagts
626 359 169 26 kommunerna,
813 359 41 21 och
869 359 7 21 i
892 358 75 22 denna
983 358 34 21 sin

192 387 44 22 nöd
260 388 74 22 vände
357 389 33 27 sig
413 389 33 22 till
471 389 43 22 den
537 389 120 22 inhemska
680 389 136 28 regeringen,
841 388 29 22 då
890 387 58 22 hade
964 395 53 14 man

192 419 85 20 väntat
300 419 39 27 sig,
363 420 34 20 att
421 419 74 22 denna
520 419 71 22 skulle
616 421 55 26 taga
694 419 77 22 bladet
794 418 51 22 från
862 425 97 14 munnen
976 418 42 21 och

193 447 183 23 oförbehållsamt
399 448 99 23 förklara
522 449 37 22 det
581 449 96 28 olagliga
695 449 8 21 i
719 450 34 21 att
769 448 82 28 ålägga
867 448 67 22 dessa
949 447 68 22 böter.

192 477 68 22 Hvad
276 478 47 22 blef
339 479 91 21 svaret?
455 479 34 27 Ja,
507 480 33 21 ett
556 479 87 28 vänligt
659 479 46 26 råd,
723 479 58 21 huru
797 478 67 22 dessa
878 478 62 22 böter
951 477 66 22 borde

192 507 119 23 betraktas
334 508 34 22 för
392 510 35 20 att
449 509 80 21 kunna
552 509 115 21 indrifvas.
698 509 9 21 I
723 509 98 27 sanning
837 508 38 22 det
890 515 42 14 var
947 509 71 25 tunga

193 537 63 22 tider.
288 538 57 22 Vårt
368 538 132 29 dyrbaraste
525 539 35 21 arf
579 539 50 21 från
646 540 56 20 våra
717 539 71 26 fäder,
805 539 56 21 våra
876 538 69 27 lagar,
962 539 56 20 våra

193 568 134 27 rättigheter
357 568 126 29 prisgåfvos
507 569 41 21 och
572 569 63 21 detta
658 568 51 22 med
732 568 96 29 tillhjälp
852 567 24 22 af
899 567 119 22 inhemska

193 599 59 20 män.
284 598 58 22 Vårt
364 598 47 22 folk
435 598 50 22 stod
510 599 105 21 värnlöst.
647 599 43 27 Jag
713 599 52 21 ville
783 599 19 28 ej
819 597 77 23 vidare
912 597 54 22 orda
982 604 36 15 om

193 627 70 28 detta,
289 628 38 21 det
350 630 25 19 är
391 628 74 22 alltför
481 629 38 22 väl
535 628 78 27 kändt,
630 636 51 14 men
698 636 31 14 nu
745 628 30 21 då
791 628 23 21 vi
830 630 38 19 äro
883 627 135 22 församlade

194 657 33 22 till
251 657 115 28 landtdag,
390 658 55 22 böra
461 659 22 21 vi
499 658 185 22 oförbehållsamt
699 658 34 22 för
748 658 65 22 Hans
829 657 124 29 Kejserliga
968 657 49 22 Ma-

192 688 71 28 jestät
279 688 120 21 framhålla
414 688 83 22 folkets
514 688 105 22 lidanden
636 690 60 20 samt
712 689 27 21 de
756 687 105 28 åtgärder
874 695 48 14 som
932 687 86 22 fordras

193 717 34 22 för
243 719 36 20 att
294 717 101 30 afhjälpa
410 718 72 22 dessa.
513 718 43 27 Jag
571 718 94 22 föreslår
681 718 80 28 därför,
780 719 34 20 att
830 717 97 22 Ståndet
942 717 52 22 ville
1011 717 7 21 i

192 747 41 22 allt
249 748 98 21 omfatta
363 748 262 22 utskottsbetänkandet.

267 806 113 24 Puhemies
396 808 83 21 lausui:
506 808 117 21 Edusmies
639 808 68 21 Nixin
723 808 114 27 lausunto,
854 807 70 29 jonka
940 806 77 22 sisältö

193 837 69 22 vasta
285 837 166 22 tulkitsemisen
471 837 83 22 kautta
570 838 91 21 minulle
677 838 54 22 kävi
747 837 94 28 selville,
858 837 28 22 oli
903 837 113 26 sellainen,

192 868 49 20 että
268 874 23 14 se
317 868 78 20 minun
421 868 142 28 käsitykseni
590 868 99 21 mukaan
717 868 19 21 ei
763 867 55 21 ollut
842 867 176 28 sopusoinnussa

192 896 297 30 Valtiopäiväjärjestyksen
514 897 29 22 46
569 897 36 30 &n
631 898 72 21 toisen
727 896 93 23 kohdan
843 897 91 26 kanssa,
958 897 60 27 jossa

192 932 136 22 säädetään:
355 929 100 25 »Älköön
479 933 93 22 kukaan
595 933 101 29 rohjetko
715 934 83 21 lausua
814 932 144 27 loukkaavia,
975 932 42 28 pil-

192 962 91 22 kallisia
306 962 48 22 tahi
379 965 93 19 muuten
496 964 166 28 sopimattomia
685 964 80 28 sanoja
788 962 166 22 Hallituksesta
970 962 48 21 tahi

192 992 145 29 yksityisistä
353 992 124 28 hengistä».

265 1046 118 22 Edusmies
401 1046 78 24 Roiha:
501 1046 212 22 Yrittämättäkään
729 1046 156 22 laveammalti
901 1045 117 22 koskette-

192 1075 91 22 lemaan
299 1083 39 14 sen
356 1076 120 22 laittoman
492 1084 93 14 aseman
601 1077 193 26 turmiollisuutta,
810 1076 99 28 johonka
925 1075 93 22 olemme

191 1106 120 28 joutuneet
327 1107 140 21 muutamain
484 1106 210 29 perustuslaillisten
706 1105 312 29 lainsäädäntöjärjestelmää

194 1136 183 28 syrjäyttämällä
393 1137 134 28 annettujen
543 1136 175 22 hallinnollisten
735 1137 119 21 asetusten
872 1136 88 26 kautta,
976 1136 42 27 joi-

193 1165 44 21 den
262 1166 166 27 poistamiseksi
445 1166 87 29 Säädyt
547 1168 55 20 ovat
617 1166 122 29 ryhtyneet
754 1166 24 28 ja
794 1166 46 28 jota
857 1165 81 21 käsillä
954 1164 65 22 oleva

192 1194 156 23 valiokunnan
365 1196 149 22 erinomaisen
530 1196 170 28 perusteellinen
716 1196 105 21 mietintö
832 1195 98 27 selittää,
944 1201 28 15 en
982 1195 37 21 voi

192 1224 165 22 kumminkaan
381 1226 74 28 jättää
475 1226 142 22 lausumatta
633 1227 90 21 eräästä
739 1225 103 22 seikasta
857 1224 162 22 laveammalta

192 1254 57 22 kuin
273 1255 139 27 valiokunta,
435 1255 107 28 seikasta,
559 1256 52 28 joka
626 1256 84 21 koskee
727 1256 124 28 etupäässä
867 1255 86 28 yleisen
968 1261 50 15 rau-

192 1284 47 21 han
255 1285 23 27 ja
293 1285 180 21 turvallisuuden
490 1286 56 21 tilaa
562 1292 150 15 maassamme
728 1285 128 22 viimeisinä
872 1284 102 22 vuosina.

266 1314 34 22 On
323 1314 205 22 luonnollisestikin
552 1316 83 26 selvää,
653 1317 48 20 että
717 1322 36 14 me
769 1314 143 27 maamiehet,
930 1314 88 21 kansan

192 1343 81 29 syvien
297 1344 71 22 rivien
392 1344 121 28 edustajat,
536 1345 63 29 jotka
623 1345 94 21 olemme
741 1345 115 21 tottuneet
876 1343 143 22 laillisuuden

192 1380 121 15 varmassa
328 1376 107 20 turvassa
452 1374 104 22 elämään
571 1374 245 30 yhteiskunnallisessa
830 1375 23 27 ja
869 1374 151 28 yksityisessä

193 1403 120 28 elämässä,
331 1404 94 22 olerame
441 1406 95 20 saaneet
551 1405 194 21 suunnattomasti
762 1404 76 22 kärsiä
854 1403 165 22 laittomuuden

193 1432 87 28 tilasta,
297 1434 126 27 jommoista
439 1434 77 21 tuskin
532 1434 93 22 historia
640 1435 71 21 tietää
727 1434 87 27 kertoa,
825 1433 99 29 johonka
936 1432 84 22 meidät

192 1469 28 15 on
237 1464 103 21 saatettu
356 1463 175 22 hallinnollisten
548 1465 118 20 asetusten
681 1464 23 28 ja
719 1463 132 29 julistusten
868 1463 83 22 kautta
966 1463 53 21 aina

193 1493 78 21 tuosta
295 1493 144 22 kuuluisasta
462 1493 130 22 helmikuun
619 1494 26 21 15
661 1495 51 28 p:nä
730 1493 58 22 1899
805 1494 125 21 annetusta
946 1493 73 21 mani-
