1095 1734
424 110 106 18 Jakolaitos.
866 110 23 16 63

69 182 93 27 simään,
186 182 78 28 puhuu
286 182 29 22 77
340 182 19 29 8.
392 182 117 28 Pyytäisin
534 189 45 15 arv.
604 182 148 22 valiokuntaa
773 183 116 21 ottamaan

68 212 126 21 harkinnan
210 212 112 27 alaiseksi,
340 212 58 21 onko
414 212 75 22 uuden
505 212 101 28 isonjaon
623 212 173 21 toimittaminen
810 212 80 22 toivot-

67 244 57 20 tava
138 242 23 28 ja
176 242 166 21 tarkoitustaan
359 243 119 21 vastaava.
509 242 59 21 Siitä
583 242 60 21 tulee
658 242 113 21 nimittäin
788 241 101 22 olemaan

68 272 75 28 paljon
167 271 168 22 kustannuksia
352 272 24 28 ja
390 272 75 28 paljon
481 272 154 27 mieliharmia,
651 272 24 28 ja
690 271 48 22 olisi
754 278 40 14 sen
812 271 78 22 vuoksi

68 302 68 28 hyvä,
160 303 49 20 että
227 303 77 20 tämän
321 302 64 21 asian
401 302 156 28 tarpeellisuus
573 302 62 21 tulisi
650 301 90 22 tarkoin
756 301 134 27 harkituksi,

68 332 55 20 kuin
147 332 109 28 myöskin,
277 331 153 22 vastaavatko
446 332 51 28 jaon
513 331 252 29 toimeenpanemisesta
782 332 110 28 syntyvät

69 362 79 21 vaivat
162 362 24 28 ja
201 361 169 22 kustannukset
386 362 53 21 siitä
454 361 162 22 mahdollisesti
631 362 94 21 tulevaa
739 361 91 29 hyötyä.

140 421 117 22 Edusmies
274 421 88 23 Gädda:
379 422 43 27 Jag
438 421 39 22 ber
493 424 35 20 att
538 422 24 21 fä
573 421 140 22 öfverlämna
723 421 34 22 till
768 421 123 22 utskottets

69 452 109 29 pröfning,
202 451 112 22 huruvida
338 451 38 22 det
396 451 48 22 icke
460 459 52 14 vore
528 451 102 29 lämpligt
646 453 35 20 att
696 453 54 28 göra
766 453 32 20 ett
814 451 78 26 tillägg

69 482 34 21 till
126 482 169 29 propositionen,
312 481 86 28 gäende
415 483 26 20 ut
448 483 43 29 pä,
509 483 34 20 att
559 484 75 19 staten
651 481 72 22 skulle
739 481 93 27 bidraga
842 480 49 21 med

70 513 69 21 större
155 511 122 22 understöd
293 513 29 20 än
338 511 86 22 hittills.
442 510 75 24 Äfven
533 512 52 21 ville
601 512 37 28 jag
653 511 88 28 föreslä,
753 512 35 21 att
799 510 92 22 skiftes-

71 542 117 28 delegarne
203 541 68 22 borde
288 541 84 22 erhälla
387 541 77 28 längre
481 541 209 28 äterbetalningstid
701 543 30 27 pä
741 541 39 22 det
790 540 102 27 förskott,

70 579 48 15 som
141 574 75 19 staten
239 571 72 28 gifver
334 571 33 22 för
388 571 157 22 landtmäteri-
562 571 41 22 och
619 570 273 30 utflyttningskostnader.

71 602 84 22 Genom
178 601 220 28 skiftesregleringen
421 602 36 21 får
480 609 53 14 man
556 603 24 27 ju
603 601 146 28 lägenhetens
774 601 62 22 mark
855 600 37 22 väl

71 632 85 21 skiftad
170 631 35 22 för
219 631 148 22 bedrifvande
384 631 24 22 af
418 633 34 20 ett
462 631 113 22 rationellt
585 631 111 29 jordbruk,
707 639 52 14 men
770 632 29 28 pä
810 631 84 27 mänga

70 664 58 19 orter
151 661 146 22 förekommer
321 661 44 28 det,
382 663 36 20 att
434 661 199 28 skiftesdelegarne
650 663 37 20 äro
703 663 27 20 sä
745 660 146 29 sambyggda,

71 693 35 20 att
129 691 93 28 hälften,
239 692 22 28 ja
277 694 15 19 t.
309 699 17 14 o.
343 699 27 14 m.
387 699 63 14 mera
465 692 24 22 af
505 691 154 27 skifteslagets
675 691 80 28 gårdar
770 690 68 22 borde
855 691 37 20 ut-

70 722 86 29 flyttas,
179 721 34 22 för
229 723 36 20 att
280 721 42 22 den
339 723 73 27 nytta,
430 729 47 14 som
494 721 89 29 äsyftas
600 721 50 22 med
666 721 226 27 skiftesregleringen,

71 751 57 22 skall
151 751 78 22 kunna
253 753 70 20 ernäs.
355 751 33 22 En
412 753 26 20 sä
459 753 46 20 stor
521 751 97 22 kostnad
634 751 100 22 kommer
749 750 144 27 naturligtvis

71 783 35 20 att
122 781 121 22 afskräcka
265 781 167 28 jordbrukaren,
452 782 42 21 och
513 781 46 22 han
578 781 137 22 motarbetar
735 780 74 22 därför
825 779 68 22 hellre

71 811 163 29 utflyttningen
250 813 27 20 sä
292 811 65 28 länge
374 818 48 15 som
438 811 91 29 möjligt,
547 811 41 22 och
605 811 42 22 den
664 811 113 28 egentliga
792 809 101 23 hufvud-

71 841 71 22 saken
157 841 88 22 lämnas
262 841 67 22 äsido.

142 871 146 22 Beträffande
309 872 49 21 åter
374 871 113 28 förslaget,
513 872 34 21 att
571 871 199 27 skiftesdelegarne
786 870 68 22 borde
869 869 25 22 få

71 902 76 27 längre
166 901 212 28 återbetalningstid
393 901 34 21 för
443 901 27 21 de
487 901 24 22 af
527 903 76 20 staten
618 900 164 23 förskotterade
798 900 94 26 medlen,

71 933 26 20 så
118 938 66 15 anser
206 932 43 28 jag,
274 932 35 21 att
332 931 39 22 det
389 932 49 20 icke
458 931 59 22 blott
533 934 24 19 är
573 931 43 22 den
632 938 85 22 person,
735 938 47 14 som
798 930 95 21 innehar

71 962 134 27 lägenheten
229 961 38 22 vid
289 960 61 22 tiden
373 961 35 21 för
432 961 225 28 skiftesregleringen,
680 962 56 20 utan
753 960 67 22 också
836 960 58 21 hans

72 991 191 22 efterkommande
284 991 40 21 och
345 991 52 21 hela
420 991 120 22 samhället
555 998 48 14 som
618 991 31 21 ha
668 992 66 27 nytta
750 990 70 22 däraf.
851 988 43 22 Vid

71 1021 256 27 skiftesförrättningens
352 1021 46 21 slut
420 1020 92 23 komma
535 1023 62 19 ännu
620 1028 27 14 en
669 1020 37 22 hel
725 1020 82 28 mängd
823 1019 71 22 andra

72 1050 164 27 omkostnader,
260 1050 91 22 hvarför
373 1051 38 28 jag
427 1058 72 20 anser,
517 1052 34 21 att
567 1058 36 14 om
619 1050 199 28 skiftesdelegaren
836 1049 59 21 skall

73 1082 78 20 kunna
167 1080 111 28 nedlägga
293 1082 69 26 något
378 1081 77 21 arbete
471 1081 42 21 och
529 1082 70 26 några
614 1080 123 22 kostnader
751 1082 29 27 på
791 1080 51 21 sina
849 1086 47 22 nya

73 1111 89 25 skiften,
179 1110 46 23 han
241 1110 154 29 ovillkorligen
410 1111 40 22 bör
465 1111 25 22 få
506 1118 89 15 samma
612 1110 94 23 lättnad.

143 1141 50 22 Med
214 1140 121 29 anledning
356 1141 24 22 af
400 1140 14 30 &
430 1141 29 22 63
475 1141 40 22 vill
530 1142 37 27 jag
583 1141 86 27 föreslå,
687 1142 35 20 att
737 1140 38 22 vid
791 1139 105 30 klyfning

73 1171 24 22 af
112 1171 130 28 lägenheter
263 1171 69 22 äfven
352 1171 68 21 borde
436 1171 60 28 gälla
512 1178 88 15 samma
614 1171 143 26 bestämning
773 1177 48 14 som
837 1169 13 29 8
866 1169 30 21 62

72 1200 149 28 föreskrifver,
248 1201 113 27 nämligen
381 1202 35 21 att
436 1201 93 22 marken
546 1201 49 21 icke
611 1201 35 21 får
661 1200 143 22 sönderdelas
820 1199 7 21 i
842 1199 54 21 flere

73 1231 84 22 skiften
172 1232 57 20 utan
246 1230 232 28 egodelningsrättens
494 1230 141 28 begifvande.

144 1290 117 22 Edusmies
277 1290 116 23 Tiihonen:
417 1291 60 21 Arm.
495 1290 114 29 esityksen
627 1291 10 21 1
655 1291 22 28 ja
693 1290 13 22 6
721 1290 58 29 &ien
795 1289 100 22 mukaan

73 1322 82 20 saavat
178 1320 44 21 olla
241 1320 133 22 uskottuina
390 1321 99 21 miehinä
505 1321 134 21 ainoastaan
655 1320 94 21 kunnan
765 1319 132 23 valitsemat

73 1350 105 21 henkilöt.
202 1350 72 22 Tämä
289 1351 91 21 tuottaa
396 1351 160 28 pienemmissä
567 1349 330 23 maanmittaustoimituksissa

73 1380 158 29 tarpeettomia
255 1380 175 27 kustannuksia,
453 1380 64 29 jotka
537 1380 51 29 joko
610 1379 119 22 kokonaan
753 1379 145 29 poistuisivat

73 1410 49 21 tahi
137 1409 104 22 tulisivat
256 1410 164 29 vähäpätöisiä,
436 1410 33 28 jos
487 1410 186 28 maanomistajat
687 1410 42 21 itse
746 1409 96 22 saisivat
857 1415 39 14 us-

73 1439 66 22 kotut
155 1439 82 22 miehet
253 1439 76 22 valita.

145 1469 86 22 Tämän
259 1469 139 29 yhteydessä
425 1469 93 29 pyydän
541 1469 73 29 yhtyä
637 1469 118 22 edelliseen
780 1468 117 29 puhujaan

73 1499 65 28 siinä,
155 1500 48 21 että
218 1499 71 22 valtio
305 1499 161 22 suuremmalla
481 1499 116 28 määrällä,
610 1499 54 22 kuin
675 1499 70 22 tähän
757 1498 50 27 asti,
820 1497 78 22 ottaisi
