1095 1739
241 105 66 19 Naisen
320 105 113 19 valtiollinen
445 105 106 19 äänioikeus
562 105 19 23 ja
594 105 159 23 vaalikelpoisuus.
873 105 35 17 205

84 177 73 23 sädan
180 177 136 29 förändring,
343 185 48 15 som
414 178 35 22 till
471 178 115 22 vinnande
609 178 24 22 af
656 177 76 22 denna
754 177 80 22 reform
855 183 52 16 vore

86 207 72 28 nödig.

156 237 34 22 På
212 237 71 28 grund
307 237 23 22 af
353 237 61 23 hvad
436 238 22 22 vi
478 238 70 22 ofvan
568 237 50 22 haft
635 239 56 20 äran
707 236 126 23 framställa
849 238 59 26 våga

86 268 23 21 vi
124 267 40 22 hos
188 267 146 22 Hedervärda
354 267 169 23 Bondeståndet
541 267 93 22 anhålla
650 274 36 15 om
702 267 51 22 dess
769 266 138 23 medvärkan

83 297 89 22 därhän

299 365 32 20 att
346 363 107 22 Finlands
470 362 92 23 Ständer
581 363 28 27 af
622 364 64 21 Hans
702 362 118 29 Kejserliga
836 362 72 28 Maje-

228 395 42 20 slät
292 394 64 21 måtte
375 393 32 22 till
422 395 61 20 nästa
500 394 102 28 landtdag
617 392 119 30 föreläggas
751 393 66 28 nådig
829 400 79 20 propo-

228 423 66 22 sition
313 424 109 28 angående
436 424 66 21 sådan
519 424 95 28 ändring
629 423 10 22 i
654 423 109 29 grundlag
779 422 34 23 och
829 422 80 22 allmän

228 453 41 28 lag,
286 454 31 21 att
333 453 82 22 kvinna
429 453 60 22 såväl
504 453 43 29 gift
561 460 45 15 som
618 453 54 29 ogift
683 453 132 22 tillerkändes
822 452 87 28 politisk

228 484 87 21 rösträtt
331 483 35 22 och
383 483 107 22 valbarhet
504 483 66 29 enligt
584 490 85 15 samma
685 483 95 29 grunder
794 490 43 14 som
851 481 58 29 gälla

229 512 35 28 för
279 515 58 20 män.

158 566 138 28 Helsingfors
312 566 43 22 den
372 566 29 22 22
417 565 117 23 december
552 566 63 22 1904.

194 619 28 23 K.
238 619 20 23 J.
275 620 110 22 Karlsson.
611 621 26 21 G.
653 620 26 22 L.
700 620 102 28 Topelius.

161 691 197 22 Anomusehdotus
380 691 129 23 lähetettiin
527 691 144 23 Puhemiehen
688 691 162 23 ehdotuksesta
865 691 44 21 Pe-

87 721 294 23 rustuslakivaliokuntaan.

159 781 87 22 Tämän
260 781 89 29 jälkeen
365 781 145 30 puhevuoroa
527 781 156 30 pyydettyään
704 782 23 29 ja
743 788 38 15 sen
798 782 111 21 saatuaan

160 841 112 22 edusmies
294 841 101 23 Karlsson
416 841 83 22 lausui:
530 841 9 21 I
560 841 131 28 anslutning
713 841 33 22 till
761 840 150 28 landtdagsm.

88 871 109 29 Topelius”
213 871 105 29 yttrande
335 871 38 22 vid
391 871 107 22 Ständets
514 871 72 22 första
600 871 165 28 remissdebatt,
778 870 85 23 hvilket
873 871 38 28 jag

88 901 68 21 äfven
181 901 106 22 förenade
310 901 46 28 mig
379 908 36 15 om
436 901 104 28 indirekt,
562 901 38 22 ber
615 901 38 28 jag
669 908 30 15 nu
715 901 34 22 för
764 907 55 22 egen
836 900 35 22 del
887 900 24 22 fä

89 931 79 27 uttala,
193 932 35 20 att
246 931 37 28 jag
302 931 111 22 inlämnat
429 931 64 22 detta
509 931 79 22 liksom
604 931 71 27 öfriga
691 930 219 29 petitionsmemoria!

90 960 70 22 under
175 960 42 22 den
234 960 62 23 fasta
311 960 150 29 förhoppning
476 961 42 22 och
533 961 170 28 förutsättning,
721 962 35 21 att
771 962 33 21 ett
816 960 96 22 normalt

88 990 198 28 landtdagsarbete
310 991 7 21 i
338 991 43 21 den
397 993 115 20 närmaste
533 991 121 21 framtiden
671 991 41 21 blir
728 990 127 23 Ständerna
870 997 41 21 ga-

89 1020 121 23 ranteradt.
237 1021 43 27 Jag
295 1020 41 22 har
352 1022 77 20 ansett
445 1021 45 28 mig
505 1021 55 21 böra
576 1022 53 26 göra
645 1022 34 20 ett
695 1020 82 23 sädant
794 1019 117 23 uttalande

89 1049 67 23 redan
173 1052 29 27 pä
218 1050 42 22 den
277 1050 77 28 grund,
372 1052 35 20 att
424 1050 37 23 vid
477 1051 39 22 det
532 1051 65 27 möte,
615 1058 46 14 som
677 1051 38 28 jag
730 1050 45 22 höll
790 1049 50 23 med
851 1050 61 21 mina

90 1080 98 27 valmän,
203 1080 67 22 dessa
286 1081 7 20 i
310 1080 125 22 allmänhet
450 1080 103 22 uttalade
570 1080 87 22 önskan
674 1082 35 20 att
725 1080 50 22 med
786 1081 33 21 ett
830 1079 83 22 sädant

89 1112 101 19 närmare
212 1110 234 28 lagstiftningsarbete
468 1110 128 22 Ständerna
612 1110 52 22 eller
685 1111 136 22 ätminstone
836 1117 75 22 repre-

87 1142 123 19 sentanten
226 1140 34 22 för
276 1135 74 27 Äland
366 1140 67 22 borde
450 1140 94 28 vidtaga
559 1140 56 22 först
631 1140 71 22 sedan
718 1140 66 22 dessa
799 1140 114 28 garantier

87 1170 107 21 lämnats.

160 1283 114 22 Esitettiin
298 1283 152 22 edusmiesten
477 1285 100 21 Teittisen
592 1284 23 29 ja
631 1284 100 22 Nissinin
747 1283 105 29 Säädylle
867 1283 46 28 jät-

89 1315 64 20 tämä
168 1313 198 27 anomusehdotus,
383 1313 53 29 joka
451 1313 79 22 kuului
548 1314 64 21 näin:

298 1373 126 22 Arvoisalle
441 1373 266 29 Talonpoikaissäädylle.

161 1432 179 22 Pääasiallisesti
361 1433 135 29 hyväksyen
517 1434 55 22 1867
589 1433 90 22 vuoden
695 1432 160 29 valtiopäiville
872 1439 42 15 an-

89 1463 72 21 netun
185 1462 125 22 armollisen
335 1463 116 29 esityksen
473 1463 103 29 Viipurin
591 1464 23 28 ja
629 1463 107 21 Mikkelin
752 1463 100 21 läänissä
867 1462 47 21 ole-

90 1492 53 22 vien
172 1492 198 28 lahjoitusmaiden
397 1493 192 27 lunastamisesta,
616 1493 115 28 päättivät
756 1491 159 29 Valtiosäädyt
