1095 1736
245 100 66 18 Naisen
323 100 113 18 valtiollinen
449 100 105 18 äänioikeus
566 100 20 23 ja
599 100 159 23 vaalikelpoisuus.
882 100 35 18 203

166 172 45 22 Det
226 172 46 22 kan
288 172 123 28 ingalunda
426 172 51 22 med
493 172 37 28 fog
546 173 79 28 påstås
641 173 36 21 att
692 172 64 22 detta
767 172 148 29 godtyckliga,

93 201 146 28 kategoriska
254 202 239 29 uteslutningssystem
510 203 54 27 gent
585 203 60 21 emot
660 202 80 22 halfva
755 202 106 22 nationen
877 202 40 21 be-

93 232 87 27 tingats
206 231 65 22 däraf
294 233 35 21 att
353 232 74 22 denna
450 232 96 22 halfdels
570 232 89 22 tillvaro
680 232 53 22 eller
753 232 76 22 arbete
845 231 72 22 skulle

93 268 57 15 vara
170 261 24 22 af
211 261 83 23 mindre
316 261 69 23 värde
401 262 34 21 för
450 262 120 22 nationens
586 262 26 22 lif
627 262 41 22 och
683 262 130 27 utveckling
829 263 30 20 än
875 261 42 21 den

91 291 73 22 andra
187 291 133 22 halfdelens.
351 291 108 22 Tvärtom
482 293 73 20 måste
579 299 53 14 man
656 291 63 22 hålla
737 291 47 22 före
800 292 35 20 att
850 291 67 21 kvin-

93 328 83 14 nornas
197 320 123 29 dagsverke
339 321 34 22 för
389 321 96 22 släktets
501 321 98 22 bestånd
615 321 41 22 och
671 321 205 22 framåtskridande
893 322 25 20 är

93 351 54 21 fullt
161 351 47 21 lika
223 352 66 27 tungt
305 351 41 22 och
362 351 47 22 lika
424 351 123 22 värdefullt
563 358 47 15 som
628 353 116 26 männens,
757 358 53 15 vare
821 351 33 27 sig
865 357 52 15 man

93 380 81 22 tänker
197 382 29 27 på
247 381 27 21 de
298 381 57 28 gifta
379 381 52 22 eller
455 381 26 22 de
503 381 71 28 ogifta
594 381 134 27 kvinnorna,
751 381 41 22 och
811 387 54 15 vare
885 381 33 26 sig

96 417 53 15 man
172 410 87 22 vänder
275 411 87 21 blicken
379 412 47 21 mot
442 411 126 22 kvinnorna
584 411 61 22 inom
661 411 28 22 de
705 411 70 28 djupa
790 411 71 27 leden,
878 410 41 21 där

92 440 29 22 de
137 441 7 21 i
160 441 40 21 sitt
223 441 85 21 anletes
332 442 63 21 svett
414 441 75 22 utföra
505 441 38 22 det
559 441 106 22 hårdaste
682 441 42 22 och
739 441 59 28 lägst
814 439 103 23 aflönade

92 470 78 22 arbete
186 470 34 22 för
237 470 53 22 bröd
306 470 42 22 och
363 471 63 27 barn,
444 471 52 22 eller
513 472 45 21 mot
574 471 28 21 de
618 471 89 22 bildade
729 471 124 27 kretsarna,
879 470 40 21 där

94 501 35 21 ett
147 502 57 20 stort
227 501 41 21 och
290 500 41 23 allt
351 507 47 15 mer
418 501 106 22 växande
540 501 65 22 antal
620 501 113 29 upplysta,
751 499 166 30 varmhjärtade

94 530 96 22 kvinnor
212 530 91 22 utöfvar
326 537 28 15 en
376 530 187 28 fruktbringande
586 531 147 22 verksamhet
756 531 34 21 för
810 530 47 22 folk
877 529 41 22 och

95 559 131 22 fosterland.

166 589 127 29 Belysande
308 589 33 22 för
358 589 132 22 samhällets
506 589 147 28 orättfärdiga
664 589 183 28 tillvägagående
857 590 61 27 gent-

92 621 63 20 emot
174 619 51 22 sina
246 619 100 28 kvinliga
362 619 145 22 medlemmar
522 621 26 20 är
564 619 68 22 äfven
649 619 38 22 det
704 620 109 27 märkliga
827 619 91 22 faktum

92 650 37 21 att
145 649 65 22 detta
225 649 115 27 samhälle,
358 657 48 14 som
422 649 109 22 utesluter
542 650 128 21 kvinnorna
680 649 51 22 från
743 649 174 28 medborgerliga

94 679 133 27 rättigheter
243 679 49 22 med
309 680 83 21 största
408 686 88 21 omsorg
512 679 135 22 öfvervakar
663 681 36 20 att
714 679 27 22 de
758 679 56 30 fylla
829 685 88 16 samma

93 709 176 28 medborgerliga
284 709 158 29 skyldigheter,
459 710 8 21 i
482 709 258 28 skattebetalningsväg,
758 717 49 14 som
817 711 99 20 männen

94 751 29 3 ——
138 739 46 28 just
206 739 27 22 de
252 739 158 29 skyldigheter,
431 747 49 14 som
496 739 132 28 härtilldags
644 739 86 22 skänkt
746 741 98 20 männen
861 738 55 29 poli-

94 768 61 22 tiska
170 769 137 28 rättigheter.
333 769 52 22 Som
401 776 28 15 en
445 769 54 29 följd
516 769 24 22 af
556 769 75 22 denna
647 769 168 22 inkonsekvens
831 768 84 28 nödgas

93 805 54 15 man
163 799 105 21 bevittna
284 799 57 21 huru
357 799 165 28 själfständiga,
540 799 199 22 skattebetalande
755 799 101 27 kvinnor,
869 805 47 14 som

92 830 72 26 ägnat
180 829 41 21 och
237 831 59 25 ägna
312 829 34 21 sin
362 828 102 28 förmäga
480 829 40 22 och
536 829 51 22 sina
602 829 86 22 krafter
704 830 25 21 ät
745 829 119 22 nationens
876 828 40 21 och

93 859 133 21 samhällets
250 859 42 27 väl,
317 858 86 22 afvisas
427 859 51 21 från
502 859 142 27 valurnorna,
667 859 82 21 medan
766 860 14 20 t.
796 865 18 15 o.
830 865 28 15 m.
875 857 41 22 all-

94 887 61 23 deles
175 888 102 22 obildade
293 890 59 25 män,
369 888 79 22 hvilka
464 889 90 27 erlägga
570 890 34 20 ett
620 888 91 22 tiofaldt
728 888 83 22 mindre
827 888 90 21 skatte-

93 917 87 30 belopp,
202 920 44 26 äga
265 918 108 28 rättighet
388 918 67 22 säväl
470 920 36 20 att
522 918 60 29 välja
600 926 48 14 som
664 919 35 21 att
715 919 77 28 väljas.
824 918 39 21 Ett
879 918 38 21 sä-

91 947 59 22 dant
172 948 109 22 sakernas
304 948 103 22 tillständ
427 950 25 20 är
467 949 24 28 ju
507 948 145 28 ovilkorligen
668 948 96 22 barockt
780 948 40 22 och
836 948 40 21 bör
892 948 25 20 sä

94 978 64 21 snart
174 984 47 15 som
238 978 84 28 möjligt
337 978 90 22 ändras.

166 1007 44 22 Det
233 1010 25 19 är
280 1008 117 28 själffallet
420 1008 36 21 att
479 1015 28 15 en
530 1008 34 21 för
584 1008 51 21 hela
656 1008 38 21 det
715 1008 101 27 kvinliga
835 1006 84 22 släktet

93 1036 69 22 bitter
186 1037 42 22 och
243 1037 8 22 i
267 1037 45 22 alla
334 1037 123 22 afseenden
480 1037 136 22 hämmande
639 1037 55 29 följd
718 1037 25 22 af
764 1036 155 23 uteslutandet

94 1066 51 22 från
166 1067 45 22 alla
231 1067 104 28 politiska
356 1067 135 28 rättigheter
513 1067 59 22 varit
588 1067 51 28 den,
656 1069 36 20 att
707 1067 127 22 kvinnorna
849 1066 69 22 äfven

94 1097 8 21 i
117 1096 67 28 öfrigt
209 1097 75 22 blifvit
300 1098 103 27 tvungna
418 1098 36 21 att
474 1098 79 27 intaga
574 1105 28 14 en
617 1097 157 22 underordnad
790 1097 106 26 ställning
912 1096 6 21 i

93 1126 129 28 samhället,
238 1127 30 22 dä
283 1127 27 21 de
325 1127 60 22 varit
401 1127 7 21 i
424 1127 113 22 afsaknad
553 1127 24 22 af
592 1127 39 22 det
646 1127 125 28 viktigaste
788 1126 81 23 medlet
885 1126 34 21 för

93 1156 162 28 medborgerlig
277 1156 205 30 själfuppehällelse
505 1170 29 2 —
554 1157 44 21 den
619 1157 105 29 politiska
749 1157 121 21 rösträtten
890 1168 29 3 —

94 1186 42 21 har
151 1186 39 22 det
206 1186 143 28 naturligtvis
366 1187 19 28 ej
403 1187 57 21 mött
476 1187 138 27 svärigheter
630 1188 35 20 att
681 1186 96 22 förhälla
788 1186 51 22 dem
851 1185 68 22 äfven

95 1215 71 22 andra
189 1216 137 28 rättigheter.
358 1216 101 22 Sälunda
482 1216 42 22 har
547 1224 53 14 man
621 1216 89 22 kunnat
731 1218 122 26 utestänga
869 1215 50 22 dem

94 1245 51 22 frän
162 1245 141 29 delaktighet
318 1247 7 21 i
341 1246 43 22 den
400 1246 68 28 kögre
483 1246 131 28 bildningen
630 1246 72 29 (märk
719 1247 34 21 att
764 1246 23 22 vi
798 1248 62 20 ännu
871 1245 48 22 icke

93 1277 47 26 äga
161 1276 34 21 ett
211 1276 59 21 enda
286 1276 170 28 statslärovärk,
474 1283 48 15 som
538 1276 72 22 skulle
627 1276 81 22 bereda
723 1276 79 22 flickor
817 1275 35 22 för
868 1275 51 21 uni-

95 1305 136 29 versitetet!)
253 1306 136 27 Härigenom
405 1306 41 22 har
462 1313 54 15 man
531 1306 34 22 för
580 1306 50 22 dem
646 1306 109 29 uppställt
771 1307 60 21 stora
841 1304 78 23 hinder

95 1334 39 22 vid
149 1335 38 22 val
203 1335 24 22 af
241 1335 144 29 lefnadsyrke
401 1336 42 21 och
459 1336 109 27 förringat
584 1336 169 28 möjligheterna
768 1336 33 22 till
812 1342 28 15 en
851 1334 68 28 dräg-

94 1364 31 28 lig
141 1365 107 22 utkomst.
269 1378 29 3 —
313 1365 60 22 Frän
396 1365 51 22 hela
470 1366 43 21 den
534 1366 184 22 administrativa
741 1364 178 23 samhällsvärk-

94 1394 120 22 samheten
240 1397 60 20 samt
325 1395 52 22 frän
406 1396 34 21 ett
468 1396 58 21 stort
554 1396 64 21 antal
649 1395 71 22 andra
745 1394 174 28 medborgerliga

95 1424 135 27 rättigheter
245 1425 41 21 och
301 1424 113 22 förmäner
424 1425 73 22 hafva
507 1425 128 22 kvinnorna
645 1426 60 21 varit
715 1425 41 22 och
767 1427 37 20 äro
815 1424 104 22 fortsätt-

99 1454 102 27 ningsvis
218 1454 137 27 utestängda
370 1455 7 21 i
393 1454 54 29 följd
464 1454 66 22 däraf
553 1456 35 21 att
610 1455 169 28 lagskipningen
804 1455 67 28 gjorts
887 1453 34 22 till

98 1485 34 19 ett
147 1483 141 29 privilegium
304 1484 33 22 för
353 1486 104 20 männen.
474 1497 30 3 —
