1095 1739
191 106 34 18 142
392 106 182 23 Talonpoikaissääty
585 107 23 18 21
622 108 42 21 p:nä
675 107 70 22 jouluk.
759 107 51 18 1904.

332 179 94 28 lasjärvi,
447 180 93 26 Karvia,
559 180 109 27 Parkano,
683 180 123 27 Ikaalinen,
824 179 151 28 Hämeenkyrö
987 178 25 28 ja

333 209 286 28 Mouhijärvi—Kurikasta
635 210 80 22 etelään
731 210 57 21 oleva
804 216 47 21 osa;

404 241 42 20 että
465 240 82 27 Säädyt
567 239 69 23 näillä
651 239 156 28 valtiopäivillä
820 239 134 28 pyytäisivät
969 238 43 22 val-

331 269 73 22 miiksi
427 269 124 28 tutkittujen
575 269 112 27 Seinäjoen
703 270 26 28 ja
746 269 103 22 Kurikan
864 269 81 22 välisen
960 275 52 15 osan

332 301 55 20 tästä
402 300 86 21 radasta
503 300 48 22 sekä
567 300 122 22 Kurikasta
704 299 115 23 Kaskisiin
831 299 108 28 jatkuvan
953 299 58 22 sivu-

331 330 70 21 radan
419 330 188 21 rakennettavaksi
629 329 155 23 määräämistä
804 329 46 22 ensi
868 328 144 23 rahainhoito-

332 359 92 22 kautena
436 359 25 28 ja
478 359 130 22 osottaisivat
622 360 69 21 siihen
707 359 125 22 tarvittavat
847 361 62 20 varat
923 359 49 22 sekä

403 391 42 20 että
460 391 101 20 rataosan
580 385 93 37 Kurikka
707 385 118 37 Porinrata
836 389 176 22 rakentamisesta

331 419 142 22 annettaisiin
488 419 126 22 armollinen
630 420 65 27 esitys
711 419 136 22 ensituleville
857 419 154 28 valtiopäiville.

259 477 140 29 Helsingissä
418 479 26 22 17
460 481 51 27 p:nä
527 479 141 22 Joulukuuta
687 479 62 22 1904.

750 539 65 22 Matti
832 539 105 28 Haapala.

295 604 79 22 Tähän
391 605 152 22 anomukseen
559 605 127 29 yhdymme.

295 671 58 21 Aatu
372 671 62 22 Okko.
731 671 81 22 Kaarle
830 671 72 22 Prusi.

259 777 21 29 d)
305 777 118 22 Edusmies
449 779 105 21 Reuterin
580 778 105 29 Säädylle
710 780 95 20 antama
830 778 53 22 näin
908 778 103 22 kuuluva

186 807 175 29 anomusesitys:

401 898 41 21 Till
458 898 145 22 Hedervärda
618 898 176 22 Bondeständet.

257 957 63 22 Efter
341 959 82 26 mänga
440 958 137 27 svärigheter
593 958 40 21 har
649 958 42 21 den
708 965 16 14 s.
741 958 21 21 k.
779 957 131 22 kustbanan
926 957 83 22 mellan

185 981 49 27 Åbo
259 987 41 22 och
319 987 139 28 Helsingfors
474 987 95 22 omsider
583 988 76 21 blifvit
675 995 27 14 en
718 988 134 27 värklighet.
883 987 33 22 De
932 988 76 27 röster,

185 1017 79 21 hvilka
287 1017 155 22 motarbetade
466 1017 87 22 banans
577 1018 126 29 uppkomst,
723 1017 72 22 hafva
810 1018 91 28 tystnat
917 1017 40 22 och
974 1024 35 15 er-

184 1046 134 23 farenheten
341 1047 42 22 har
405 1049 29 27 pä
458 1047 37 22 det
518 1049 59 20 mest
600 1048 119 21 eklatanta
737 1049 49 20 sätt
807 1047 67 28 gifvit
890 1047 50 22 dem
956 1048 52 27 rätt,

185 1076 78 22 hvilka
284 1077 58 21 höllo
362 1077 46 21 före
424 1078 36 20 att
475 1077 74 21 denna
565 1077 61 22 bana
641 1077 72 22 skulle
729 1077 74 22 blifva
818 1084 28 14 en
862 1077 24 21 af
901 1077 108 21 Finlands

185 1107 59 21 mest
259 1106 224 28 inkomstbringande
498 1107 153 22 bansträckor.
674 1107 29 21 Ju
719 1107 77 28 längre
813 1107 33 21 tid
856 1106 76 22 banan
943 1106 66 22 trafi-

184 1136 73 27 keras,
282 1137 7 21 i
312 1136 64 22 desto
399 1136 67 29 högre
489 1137 54 27 grad
562 1136 99 22 kommer
676 1137 42 21 den
735 1137 71 21 äfven
822 1138 36 20 att
873 1136 25 22 af
912 1136 97 22 allmän-

186 1165 67 22 heten
278 1166 89 22 anlitas.
398 1166 127 22 Emellertid
544 1169 25 19 är
585 1167 37 21 det
638 1168 33 20 ett
687 1167 73 21 kändt
775 1166 183 22 sakförhållande
974 1167 36 20 att

184 1195 176 28 ifrågavarande
375 1196 61 22 bana
452 1196 83 28 dragits
551 1197 7 21 i
575 1204 28 14 en
618 1196 105 28 riktning,
735 1204 49 14 som
794 1196 89 22 lämnar
894 1195 43 22 den
947 1195 62 22 hvad

184 1224 79 22 kultur
279 1226 40 21 och
330 1226 124 22 folktäthet
465 1226 108 22 beträffar
582 1226 123 28 ingalunda
716 1226 130 29 obetydliga
856 1225 153 22 kustsocknen

184 1254 84 23 Kimito
291 1256 51 21 med
366 1256 50 22 dess
440 1256 99 29 kapeller
561 1256 130 28 Dragsfjärd
714 1256 42 22 och
779 1255 150 29 Västanfjärd
949 1256 61 20 samt

184 1284 73 30 Finby
281 1286 74 28 kapell
379 1286 24 21 af
426 1286 83 28 Bjärnå
529 1286 81 22 socken
627 1286 118 22 äfvensom
762 1285 130 29 betydande
909 1285 60 21 delar
985 1284 25 22 af

184 1315 148 22 nästberörda
355 1316 82 22 socken
454 1317 26 21 så
495 1316 64 28 längt
575 1317 24 21 åt
615 1316 64 22 sidan
695 1318 35 20 att
746 1316 27 21 de
790 1316 71 21 hafva
876 1315 58 22 blott
949 1314 59 22 rela-

183 1344 45 22 tivt
251 1345 65 27 ringa
335 1347 67 27 nytta
418 1346 24 21 af
458 1346 141 22 oftaberörda
615 1346 66 22 bana.
712 1345 113 23 Behofvet
841 1345 24 21 af
880 1352 28 14 en
923 1344 86 22 bibana

183 1374 51 22 från
259 1374 78 22 Perniö
361 1376 84 21 station
469 1376 52 22 eller
545 1376 52 22 dess
617 1376 80 21 närhet
717 1376 35 21 till
768 1376 83 21 kusten
868 1375 42 21 och
925 1374 84 22 Kimito

184 1404 12 21 ö
208 1417 29 3 —
249 1404 44 22 den
309 1406 83 21 största
403 1406 7 20 i
418 1405 77 22 landet
503 1419 35 14 —,
550 1412 47 15 som
609 1406 80 21 endast
699 1412 81 21 genom
792 1406 33 20 ett
836 1405 68 21 smalt
915 1404 58 22 sund
984 1406 26 20 är

184 1434 69 22 skildt
276 1434 50 22 från
349 1435 63 22 fasta
435 1435 82 28 landet,
541 1436 42 21 har
605 1435 74 22 därför
697 1436 67 27 länge
781 1436 60 21 varit
857 1434 96 22 erkändt
968 1434 40 22 och

184 1464 215 22 åstadkommandet
421 1465 25 21 af
466 1472 26 15 en
509 1465 70 22 sådan
597 1467 33 20 ett
648 1466 66 26 länge
739 1465 68 21 närdt
832 1464 176 27 önskningsmäl.

183 1493 139 28 Ifrågasatta
337 1494 85 23 bibana
439 1494 75 23 kunde
530 1495 128 29 lämpligast
673 1495 82 28 dragas
772 1496 26 20 så
814 1496 36 20 att
866 1494 43 22 den
920 1494 89 21 komme
