1100 1742
398 97 171 31 Santarmirettelöt.
861 98 37 18 587

71 173 138 28 hemfärden,
230 173 41 22 och
290 174 38 28 jag
351 180 67 15 anser
433 172 39 23 det
487 180 56 15 vara
559 172 71 22 under
645 172 110 22 Ständets
770 171 127 29 värdighet,

71 210 35 15 om
122 203 97 23 Ständet
235 202 127 23 underläter
377 204 37 21 att
429 204 52 27 göra
497 202 70 23 detta.

141 262 118 22 Edusmies
276 262 108 24 Koivisto:
400 261 53 23 Kun
469 262 106 30 Säädylle
592 269 29 15 on
631 262 77 22 varsin
720 262 176 26 tuntematonta,

71 292 144 22 mimmoinen
231 299 24 15 se
271 292 105 30 järjestys
392 292 64 22 siellä
471 300 29 14 on
511 293 139 21 santarmien
661 292 23 29 ja
694 292 87 29 yleisön
791 291 106 22 välisissä

71 322 115 22 suhteissa
201 322 54 22 kuin
272 322 104 30 myöskin
392 329 30 21 se,
439 322 72 22 miten
523 322 163 22 asianomaiset
696 323 55 21 ovat
762 322 135 28 esiintyneet

71 352 161 28 liikkuessaan,
256 352 47 22 niin
319 360 28 14 on
364 352 76 22 varsin
456 352 84 22 vaikea
556 352 93 29 Säädyn
665 352 129 22 sekaantua
810 351 87 22 asiaan.

71 382 152 29 Tarpeetonta
238 389 28 15 on
282 389 23 15 se
322 382 104 29 myöskin
442 382 126 22 sentähden
585 383 48 21 että
643 381 47 23 laki
698 382 39 22 kai
748 382 83 21 turvaa
841 381 56 21 itse-

71 412 97 22 kutakin
183 412 128 29 yksityistä,
328 412 48 22 kun
392 419 41 15 sen
449 413 100 21 turvissa
561 412 92 22 asiansa
664 412 87 22 valvoo.
767 411 62 22 Minä
840 418 56 22 puo-

71 442 82 22 lestani
176 442 81 22 katson
281 442 195 29 sopimattomaksi
492 442 93 29 Säädyn
600 442 142 29 ryhtymisen
757 442 55 21 näin
828 440 68 22 kovin

71 472 140 29 yksityiseen
235 472 86 28 asiaan,
344 472 70 29 jonka
433 472 37 22 voi
495 472 107 22 selvittää
623 473 94 21 muuten
733 471 56 22 kuin
805 470 92 29 Säädyn

71 501 151 30 välityksellä.

143 561 118 22 Edusmies
276 561 97 29 Torppa:
394 561 53 22 Kun
463 561 170 22 käsiteltävänä
648 561 65 23 oleva
728 561 110 29 kysymys
854 560 44 22 tie-

71 591 106 22 tääkseni
200 598 28 15 on
250 592 84 21 uutuus
355 591 90 22 meidän
466 591 340 29 valtiopäivähistoriassamme,
827 590 71 29 jonka

71 621 82 22 vuoksi
169 621 93 22 ainakin
278 622 78 21 minun
373 621 162 22 edusmiehenä
551 628 28 15 on
595 621 84 22 vaikea
694 621 125 29 äkkipikaa
829 621 69 28 päät-

71 652 86 21 tävästi
174 658 71 15 sanoa
260 651 61 22 mikä
337 658 28 15 on
381 651 81 27 oikein,
480 651 61 22 mikä
557 651 80 22 väärin
653 652 79 21 tämän
749 651 64 21 asian
823 650 74 22 käsit-

72 681 81 29 telyyn
175 681 96 28 nähden,
301 681 62 22 minä
386 681 114 22 rohkenen
517 681 115 27 ehdottaa,
649 682 49 21 että
713 681 111 29 kysymys
841 687 56 22 pan-

72 718 62 15 naan
149 711 103 29 pöydälle
268 718 142 15 seuraavaan
427 711 198 29 täysi-istuntoon.

143 770 119 22 Edusmies
285 770 113 29 Topelius:
430 771 42 21 Att
495 778 27 14 en
539 770 128 28 kränkning
683 770 25 22 af
723 770 175 28 landtdagsman

71 800 41 22 här
134 800 123 28 föreligger,
281 802 30 26 är,
333 808 49 14 som
398 801 45 27 mig
459 808 75 22 synes,
552 800 92 22 alldeles
659 802 61 20 utom
738 800 86 22 tvifvel.
854 799 45 22 Det

72 832 25 20 är
116 830 136 28 fullkomligt
267 830 70 26 klart;
352 830 88 22 säledes
456 831 85 27 äligger
557 830 71 28 enligt
643 830 45 22 min
705 830 70 22 tanke
791 830 48 22 icke
855 830 44 21 nä-

72 861 38 26 got
126 862 73 20 annat
213 860 34 22 för
263 860 96 22 Ständet
374 860 41 22 och
431 860 52 22 dess
492 860 95 22 Talman
600 862 29 20 än
641 862 35 20 att
686 860 70 21 häfda
767 867 28 14 en
807 859 91 22 ständs-

72 889 108 22 medlems
192 891 51 21 rätt.
270 890 43 28 Jag
328 890 39 22 vill
384 890 116 22 dessutom
516 891 73 21 erinra
604 891 42 21 vär
661 889 68 23 ärade
745 890 95 21 Talman
855 896 44 20 om,

72 921 36 20 att
131 919 46 22 han
198 920 7 21 i
229 920 33 21 sin
287 920 26 21 ed
329 920 42 21 har
386 920 73 22 lofvat
476 921 36 21 att
527 920 103 22 försvara
646 920 40 22 och
702 921 73 20 värna
790 919 109 22 Ständets

72 949 41 22 och
130 949 138 23 Ständernas
284 950 35 21 fri-
335 950 42 22 och
392 950 139 28 rättigheter.
562 950 44 22 Det
622 952 25 19 är
663 950 33 21 ett
711 949 60 28 löfte,
789 956 48 15 som
853 949 45 22 han

72 981 73 20 mäste
161 980 68 27 hälla,
241 980 44 22 och
300 980 42 21 här
357 982 26 19 är
398 981 35 21 ett
448 979 89 23 tillfälle
553 981 36 21 att
604 980 81 21 bevisa
695 979 64 22 detta
770 980 6 21 i
785 979 113 27 handling.

143 1039 119 22 Edusmies
278 1039 51 24 Nix:
345 1040 9 21 I
370 1039 71 22 likhet
457 1040 52 21 med
525 1039 150 28 landtdagsm.
692 1039 103 29 Topelius
811 1039 39 21 vill
861 1039 38 28 jag

72 1069 69 22 ocksä
155 1069 127 28 framhälla,
299 1071 35 20 att
350 1069 109 22 Ständets
476 1069 120 28 värdighet
611 1071 25 20 är
652 1069 83 22 kränkt
751 1069 41 22 och
808 1070 35 21 att
855 1068 43 22 den

72 1099 85 22 fordrar
172 1100 144 29 upprättelse.
333 1099 47 22 Här
395 1100 41 21 har
451 1099 146 28 framhällits,
614 1100 35 21 att
665 1099 43 22 den
719 1099 97 22 kränkte
823 1098 76 22 kunde

72 1129 34 22 för
130 1129 129 22 erhällande
283 1129 23 22 af
328 1129 138 29 upprättelse
491 1129 77 22 vända
591 1129 34 28 sig
641 1129 33 22 till
690 1129 101 27 domstol,
809 1135 51 15 men
876 1128 23 22 vi

72 1160 55 21 veta
141 1160 24 27 ju
182 1159 51 28 alla,
251 1161 34 20 att
301 1159 64 22 detta
380 1159 33 22 för
429 1160 84 21 honom
529 1161 25 20 är
569 1166 29 15 en
613 1159 89 28 omöjlig
718 1159 48 22 sak.
785 1159 42 22 För
843 1165 56 20 gen-

72 1189 120 22 darmerna
214 1189 63 22 torde
301 1189 38 22 det
354 1189 76 22 finnas
447 1189 150 28 stadganden,
614 1189 80 22 liksom
710 1189 69 22 ocksä
793 1189 35 21 för
843 1188 57 29 poli-

72 1226 72 20 serna,
169 1220 36 21 att
227 1219 27 22 de
275 1219 48 22 icke
347 1219 79 22 kunna
445 1219 82 28 åtalas,
545 1220 57 21 utan
618 1220 72 21 måste
706 1219 103 22 tillstånd
825 1217 74 22 därtill

72 1249 109 22 utverkas
205 1249 24 22 af
248 1249 154 28 öfverordnad,
423 1249 42 22 och
488 1249 37 22 det
544 1251 25 20 är
584 1249 124 27 ingalunda
724 1248 72 28 sagdt,
813 1249 35 21 att
865 1247 33 28 de,

72 1286 48 15 som
136 1280 29 27 på
181 1280 34 20 ett
230 1279 138 29 godtyckligt
384 1280 47 21 sätt
446 1279 139 22 behandlats
601 1279 25 21 af
641 1278 166 28 gendarmerna,
814 1277 87 23 erhålla

73 1309 75 21 denna
163 1309 47 21 rätt
226 1310 35 21 att
276 1309 24 22 få
316 1309 168 22 vederbörande
501 1309 103 22 tillstånd
619 1309 34 21 till
669 1308 52 22 åtal.
748 1308 63 22 Hans
824 1314 76 22 repre-

72 1338 213 28 sentantvärdighet
305 1341 24 19 är
349 1338 90 28 kränkt,
465 1339 42 22 och
531 1339 45 21 han
600 1338 47 21 kan
668 1338 49 22 icke
739 1338 70 22 vinna
824 1339 75 26 någon

73 1369 146 28 upprättelse,
240 1368 91 22 hvarför
351 1369 37 28 jag
415 1375 68 15 anser
500 1370 74 20 såsom
591 1367 107 23 Ståndets
714 1368 42 22 sak
773 1369 34 20 att
823 1367 77 22 skaffa

73 1397 74 23 denna
163 1399 138 28 upprättelse
317 1399 25 21 åt
358 1405 28 15 en
402 1398 97 22 medlem
516 1398 24 22 af
556 1398 101 22 Ståndet.

145 1457 118 22 Edusmies
280 1457 115 24 Karlsson:
415 1457 44 28 Jag
475 1457 47 22 kan
538 1457 49 22 icke
605 1459 71 20 annat
691 1459 29 20 än
737 1457 106 29 uttrycka
855 1456 44 22 min

72 1487 145 22 tacksamhet
233 1489 29 27 på
277 1487 74 22 denna
367 1487 59 29 plats
442 1487 35 22 för
489 1489 36 20 att
536 1487 115 28 vällofliga
661 1486 188 29 Borgareståndet
860 1486 43 21 har
