1103 1742
236 101 216 19 Suostuntamenoarvion
465 102 121 17 väliaikainen
598 101 144 23 järjestäminen.
864 100 34 18 505

73 180 52 21 nen,
150 173 71 22 siihen
244 172 48 23 kun
313 181 28 14 on
357 173 85 29 liitetty
458 174 138 27 vastalause,
613 174 23 28 ja
651 172 246 23 Suostuntavaliokun-

73 203 72 27 takin,
158 203 194 22 saavuttaakseen
364 204 165 22 mietinnölleen
540 203 206 29 yksimielisempää
756 203 142 21 kannatusta

74 234 32 21 eri
129 233 130 29 Säädyissä,
283 240 28 14 on
335 232 137 23 ehdottanut
495 234 142 21 suostunnan
660 233 74 29 ajaksi
754 240 61 15 vaan
832 232 66 22 kuusi

74 263 138 25 kuukautta,
237 263 49 22 olisi
310 264 78 20 minun
413 263 125 22 mielestäni
562 265 64 20 tämä
641 263 54 22 aika
711 263 71 28 kyllin
798 263 99 26 riittävä,

74 292 117 22 varsinkin
215 293 47 21 kun
285 294 122 20 suostunta
430 293 122 22 sittemmin
576 293 60 22 tulee
658 292 240 22 kokonaisuudessaan

74 322 211 29 hyväksyttäväksi
307 323 101 21 vuosiksi
434 323 152 22 1905—1907.
617 322 88 22 Näiden
722 322 79 29 syiden
817 321 82 29 nojalla

75 352 62 21 minä
159 352 157 22 kannattaisin
340 352 134 22 ehdotettua
488 353 84 22 kuutta
588 353 138 27 kuukautta,
744 353 49 21 sillä
809 351 90 22 luulisin

75 389 40 14 sen
132 381 117 23 kunnialla
264 384 112 20 menevän
392 382 101 23 kaikissa
509 383 124 28 Säädyissä
647 382 50 29 läpi.

147 441 118 22 Edusmies
288 441 111 29 Topelius:
426 442 44 28 Jag
486 443 14 21 &
515 443 46 21 min
578 442 50 22 sida
642 442 47 22 kan
705 442 49 22 icke
770 442 78 27 förstä,
866 443 34 20 att

75 471 150 29 landtdagsm.
241 471 126 30 Huoponen
383 479 67 15 anser
466 472 38 22 det
518 472 136 28 fullkomligt
669 472 103 28 oviktigt,
790 473 7 20 i
808 472 91 21 hvilken

75 501 95 28 ordning
193 501 66 22 dessa
281 502 61 21 båda
364 502 80 28 frågor,
468 502 216 28 bevillningsfrägan
708 502 41 22 och
767 502 81 27 frågan
865 509 35 14 om

76 533 41 20 vär
141 534 61 19 stora
224 531 89 28 viktiga
335 533 102 28 petition,
454 533 118 28 upptagas.
603 532 43 28 Jag
662 539 67 15 anser
744 533 105 26 tvärtom,
866 533 35 20 att

75 561 40 22 det
139 563 24 20 är
187 561 23 22 af
229 562 91 29 mycket
335 564 46 19 stor
397 562 55 28 vikt,
470 562 41 22 och
526 563 36 22 att
577 562 172 22 förhällandena
764 569 31 14 nu
812 561 87 27 kräfva,

76 592 36 21 att
135 591 49 22 icke
208 591 42 22 den
274 592 71 22 första
368 592 71 27 fräga,
464 599 48 15 som
535 592 88 28 afgöres
647 592 24 21 af
691 591 135 28 Ständerna,
844 591 56 22 skall

76 621 73 22 blifva
173 629 27 14 en
223 621 208 29 bevillningsfräga,
456 622 42 22 och
520 622 38 22 det
581 623 70 21 innan
667 622 42 22 den
727 621 71 23 andra
814 621 85 28 frågan,

76 653 42 20 vär
134 652 61 21 stora
209 651 144 29 hjärtefräga,
371 651 75 22 blifvit
462 652 92 29 afgjord.

148 711 118 22 Edusmies
294 711 106 24 Brander:
426 712 88 28 Luulin,
542 713 48 21 että
616 711 83 23 edusm.
726 712 104 28 Topelius
854 711 47 22 olisi

77 742 64 21 tässä
157 742 88 21 asiassa
260 742 107 29 taipunut
383 741 92 30 Säädyn
491 742 168 22 kohteliaaseen
675 743 117 28 pyyntöön
807 742 23 27 ja
841 742 60 21 otta-

77 772 42 21 nut
143 771 168 22 ehdotuksensa
334 771 106 23 takaisin.
471 772 63 21 Siinä
550 773 101 20 toivossa
666 772 62 21 minä
743 771 105 30 myöskin
864 773 37 19 äs-

77 801 45 22 ken
145 802 106 28 peruutin
271 801 155 28 ehdotukseni,
443 803 75 20 mutta
533 801 73 22 koska
621 802 46 21 hän
682 801 47 30 yhä
745 801 99 22 edelleen
860 809 41 21 py-

77 838 43 22 syy
137 831 201 25 ehdotuksessaan,
355 839 75 22 pysyn
445 833 65 28 myös
526 832 106 21 minäkin.

150 890 117 22 Edusmies
292 890 113 24 Karlsson:
431 891 43 28 Jag
500 891 46 22 kan
569 891 49 22 icke
639 891 87 21 afhälla
741 891 45 27 mig
802 890 50 22 från
868 891 35 21 att

77 920 94 22 ansluta
194 921 45 27 mig
261 920 34 22 till
318 920 38 22 det
371 920 126 29 uttalande,
514 928 48 15 som
578 920 149 29 landtdagsm.
743 921 104 29 Topelius
863 920 40 22 här

78 950 93 28 afgifvit
186 952 47 27 just
250 950 50 22 med
316 950 106 22 afseende
438 952 14 20 &
468 951 44 21 den
528 950 99 28 ordning,
644 951 6 21 i
662 951 93 21 hvilken
766 951 68 21 dessa
844 950 59 22 bäda

77 980 75 28 frägor
167 980 67 22 borde
251 980 24 22 af
291 980 127 22 Ständerna
434 980 131 23 behandlas.
586 981 44 21 Det
641 983 24 19 är
675 981 50 21 icke
737 981 79 22 enbart
827 980 76 22 landt-

78 1010 85 28 dagens
187 1010 36 26 fel,
248 1012 35 20 att
302 1010 63 22 tiden
381 1012 24 20 är
421 1012 26 20 sä
462 1010 76 30 knapp
554 1010 35 22 för
604 1010 169 22 behandlandet
789 1010 25 22 af
829 1010 75 21 denna

77 1039 210 29 bevillningsfräga;
311 1041 23 21 vi
357 1040 78 22 känna
459 1041 41 27 till
524 1041 59 21 huru
606 1042 89 26 strängt
718 1042 116 27 upptagna
853 1040 50 21 dess

78 1069 145 23 medlemmar
246 1070 59 22 varit
328 1070 52 22 hela
403 1070 62 22 tiden
483 1071 22 21 vi
521 1071 60 22 varit
596 1070 106 22 samlade.
734 1070 44 22 Det
794 1071 46 21 kan
855 1069 48 22 icke

78 1100 70 28 enligt
164 1100 45 22 min
226 1101 90 27 mening
332 1108 56 14 vara
403 1102 70 26 nägot
489 1100 78 22 hinder
582 1101 7 21 i
605 1102 73 28 vägen
694 1100 40 27 för,
752 1102 35 20 att
802 1100 23 22 vi
842 1101 62 20 ännu

78 1130 6 21 i
108 1129 99 28 mändag
230 1130 73 22 skulle
326 1130 79 22 kunna
419 1130 62 22 fatta
497 1132 33 20 ett
545 1130 122 28 afgörande
682 1130 76 22 beslut
774 1130 34 22 uti
823 1129 80 22 bevill-

79 1159 153 28 ningsfrägan,
258 1160 70 22 sedan
343 1160 124 29 petitionen
484 1168 35 14 om
535 1160 43 22 den
594 1160 83 28 lagliga
692 1160 136 28 ordningens
844 1160 60 21 äter-

79 1189 112 22 ställande
207 1190 41 21 har
263 1190 76 22 blifvit
353 1190 130 22 behandlad
500 1190 24 22 af
539 1190 132 22 Ständerna.
692 1190 30 22 Vi
737 1190 72 22 hafva
824 1190 30 28 pä
869 1196 35 15 oss

78 1219 116 27 åtskilliga
210 1220 95 22 timmar,
328 1219 57 23 Vårt
401 1220 156 28 aftonplenum
573 1220 74 28 börjar
662 1220 29 22 kl.
707 1220 20 28 6,
744 1220 41 22 och
800 1220 23 21 vi
835 1219 70 22 hafva

79 1249 52 22 hela
147 1256 41 15 sex
203 1250 90 21 timmar
309 1250 34 21 till
359 1250 28 22 kl.
406 1250 33 22 12.
460 1250 46 22 Det
521 1250 91 22 hindrar
626 1250 49 22 icke
691 1251 36 21 att
738 1250 22 22 vi
771 1250 34 21 för
815 1249 89 22 undan-

79 1282 51 24 tags
149 1279 60 22 skull
225 1280 62 21 hälla
302 1280 35 28 pä,
355 1281 26 21 sä
396 1280 66 27 länge
479 1280 62 22 tiden
558 1280 128 27 medgifver.
718 1280 43 27 Jag
777 1280 39 21 ber
832 1280 35 20 att
881 1278 25 22 fä

78 1308 138 23 understöda
230 1309 108 27 förslaget
353 1316 36 15 om
405 1309 163 29 bordläggning
583 1310 34 21 till
637 1310 3 21 i
656 1316 96 21 morgon,
765 1316 51 15 men
826 1309 34 21 för
871 1310 34 20 att

78 1338 139 28 tillmötesgä
239 1339 111 22 flertalets
372 1340 94 27 önskan,
492 1347 66 15 anser
580 1340 44 28 jag,
647 1340 34 21 att
705 1339 39 22 det
767 1341 25 20 är
811 1346 43 20 nog
870 1345 34 15 om

79 1368 192 28 bordläggningen
288 1369 129 22 utsträckes
433 1369 83 22 endast
531 1370 33 21 till
580 1369 165 28 förmiddagens
761 1369 97 29 plenum,
869 1370 37 20 sä-

79 1405 48 15 som
150 1398 43 22 den
217 1406 78 14 senare
317 1399 87 27 frägan,
429 1406 49 14 som
498 1400 111 28 upptages
624 1399 56 22 först
696 1399 57 22 efter
769 1398 38 22 det
823 1398 82 22 betän-

79 1428 86 22 kandet
188 1428 51 21 frän
263 1428 115 22 Särskilda
393 1429 212 22 Besvärsutskottet
620 1429 75 21 blifvit
711 1428 139 22 behandladt
865 1428 42 21 och

79 1457 70 22 sedan
165 1458 100 22 beslutet
281 1458 76 22 därom
372 1458 77 22 blifvit
464 1458 93 23 fattadt.
