1103 1748
206 106 36 19 360
406 107 183 24 Talonpoikaissääty
601 108 24 18 24
637 109 43 22 p:nä
694 108 81 18 iammik.
789 106 50 20 1905.

207 180 123 28 laatuinen,
355 182 47 21 että
428 188 23 15 se
467 188 29 15 on
511 181 117 30 jokaiselle
644 181 73 22 meille
733 182 114 21 tunnettu.
878 178 74 23 Mutta
968 179 63 20 tämä

206 210 21 22 ei
250 210 99 23 ratkaise
369 211 44 22 sitä
436 211 100 28 seikkaa,
558 212 60 28 josta
641 211 63 22 minä
718 211 81 29 pyysin
815 208 73 23 saada
902 208 128 23 todistusta.

205 239 89 30 Säädyt
317 242 53 21 ovat
393 242 97 21 anoneet
511 242 24 28 ja
558 241 116 29 Säädyillä
697 248 28 15 on
741 241 77 22 oikeus
835 239 27 22 V.
879 239 35 22 J:n
930 237 101 22 mukaan

205 270 141 22 edelleenkin
362 278 59 15 anoa
437 271 99 22 kaikkea
552 271 141 27 laillisuutta,
711 272 74 21 mutta
800 276 24 15 se
833 269 21 22 ei
865 268 106 22 merkitse
980 268 49 26 sitä,

204 301 51 21 että
271 300 86 29 Säädyt
372 301 91 22 olisivat
479 301 129 22 oikeutetut
624 301 180 29 kieltäytymään
821 299 115 29 työstään.
958 298 28 21 Se
1002 304 28 15 on

204 330 71 22 aivan
292 331 75 22 toinen
383 331 54 22 asia.

278 389 117 24 Edusmies
419 391 54 22 Näs:
504 391 76 28 Enligt
604 391 45 22 min
672 390 145 29 uppfattning
841 390 26 20 är
890 388 38 22 det
953 388 23 28 ju
1003 394 28 15 en

206 419 104 28 lifsfräga
327 420 34 22 för
376 421 89 22 landets
482 421 97 22 Ständer
595 422 35 21 att
645 420 71 22 hafva
732 419 71 30 grund
821 418 71 22 under
907 418 40 27 sig,
964 417 66 22 nämi.

204 449 120 28 grundlag;
349 457 36 15 om
409 458 52 15 man
484 451 50 22 icke
557 451 42 22 har
621 450 50 28 den,
696 451 57 21 huru
769 450 46 22 kan
832 455 53 15 man
901 448 30 21 dä
946 447 84 22 arbeta.

207 479 62 22 Land
287 480 57 22 skall
355 480 50 23 med
422 481 36 28 lag
474 481 97 29 byggas:
587 481 42 21 har
644 487 54 15 man
714 487 27 15 en
757 481 60 28 gäng
834 485 29 15 en
879 477 109 29 grundlag
998 476 34 23 för

207 510 40 27 sig,
265 509 30 22 dä
310 511 73 21 måste
399 518 52 15 man
467 511 76 29 bygga
559 512 30 27 pä
604 511 50 27 den,
672 510 29 22 dä
716 509 139 30 grundlagen
872 508 40 21 har
928 507 34 22 till
970 507 60 29 syfte

208 541 34 20 att
258 539 74 30 stödja
347 547 28 15 en
391 541 90 22 nations
497 541 102 28 verkliga
615 541 112 22 intressen
743 540 41 22 och
794 537 75 24 behof.
901 537 41 22 Om
953 537 76 22 landt-

204 569 87 28 dagsm.
314 570 86 29 Torppa
420 571 41 22 har
483 571 103 28 frängätt
609 570 75 22 denna
699 570 116 28 grundlag,
834 575 47 15 som
896 568 38 28 jag
950 567 81 29 tydligt

207 599 93 28 märker,
317 601 26 20 sä
358 602 45 20 tror
417 601 43 28 jag,
478 602 35 21 att
530 601 95 22 Ständet
641 600 49 22 icke
707 601 44 21 kan
767 600 81 21 förena
863 598 34 27 sig
913 605 35 14 om
965 597 65 22 land-

205 629 85 28 dagsm.
311 630 98 29 Torppas
429 631 145 28 uppfattning
589 631 7 21 i
612 630 75 22 denna
702 631 47 21 sak.
781 629 46 27 Jag
842 627 118 23 fasthäller
975 627 55 22 fort-

207 660 149 27 sättningsvis
373 661 38 21 vid
427 661 45 21 min
489 667 28 15 en
533 662 59 27 gäng
603 660 102 22 uttalade
716 659 155 30 uppfattning,
882 659 35 20 att
928 658 26 21 sä
964 657 66 27 länge

206 689 49 22 icke
279 689 129 23 diktaturen
424 693 25 19 är
464 690 102 29 upphäfd
582 691 41 21 och
639 690 138 28 grundlagen
795 688 96 22 återfått
906 687 35 22 sin
957 687 72 28 helgd,

207 719 45 22 kan
268 727 53 14 man
337 720 48 22 icke
402 721 79 22 arbeta
491 721 47 26 här,
551 722 25 27 ty
587 721 33 21 ett
631 720 82 22 sädant
724 720 78 22 arbete
812 718 88 22 komme
912 718 36 21 att
958 717 73 22 sakna

206 749 77 28 grund.

278 809 129 22 Sittenkuin
433 810 133 22 keskustelu
591 810 87 21 asiasta
700 810 28 21 oli
753 809 116 29 julistettu
888 806 142 30 lopetetuksi,

208 838 119 27 Puhemies,
348 840 71 21 siihen
435 839 90 23 nähden
543 841 47 20 että
607 840 110 21 edusmies
734 839 111 22 Tiihonen
862 838 64 21 asiaa
942 837 87 22 alusta-

204 876 71 15 vassa
290 869 180 23 lausunnossaan
487 870 20 22 ei
523 870 55 22 ollut
593 869 136 23 ehdottanut
738 870 55 22 siitä
804 867 132 23 tehtäväksi
945 867 85 21 mitään

205 899 187 29 päätöslausetta,
410 907 58 15 vaan
485 900 29 22 oli
530 900 109 22 lausunut
655 900 213 25 toivomuksenaan,
886 899 48 20 että
943 896 87 22 Valtio-

206 929 82 29 säädyt
310 930 23 28 ja
356 930 74 22 niiden
456 930 155 27 valiokunnat,
636 930 79 28 pitkän
737 928 125 28 loma-ajan
879 928 150 28 vietettyään,

208 959 163 22 tarmokkaasti
391 960 136 29 ryhtyisivät
547 960 133 22 tehtäviään
696 960 168 21 suorittamaan
879 958 23 28 ja
918 957 47 21 kun
981 958 50 20 tätä

205 988 122 23 lausuntoa
356 990 90 22 toiselta
470 990 81 28 puolen
578 990 158 21 nimenomaan
762 989 22 21 ei
809 988 47 21 oltu
882 987 147 26 vastustettu,

205 1018 85 23 vaikka
313 1020 148 21 sivumennen
477 1020 68 22 olikin
564 1019 110 28 lausuttu,
692 1020 54 21 ettei
763 1017 155 23 säännöllisen
934 1016 96 22 lainsää-

205 1048 126 30 däntötyön
357 1049 135 29 tarpeellisia
521 1049 150 29 edellytyksiä
693 1049 112 29 nykyään
832 1047 56 22 ollut
913 1046 117 27 olemassa,

205 1078 74 22 katsoi
301 1079 20 21 ei
342 1081 151 20 saattavansa
509 1080 86 21 asiasta
611 1080 83 21 esittää
709 1079 90 22 mitään
817 1077 212 29 äänestysesitystä,

206 1115 60 15 vaan
289 1108 70 22 olivat
382 1110 87 21 asiassa
493 1110 95 21 annetut
613 1109 124 22 lausunnot
764 1107 177 23 semmoisinaan
962 1106 68 22 ilman

206 1140 80 20 muuta
301 1139 79 27 jäävät
395 1138 162 30 pöytäkirjaan.

276 1168 56 22 Mitä
352 1168 69 22 sitten
436 1169 41 21 tuli
494 1168 111 22 edusmies
621 1168 70 22 Näsin
708 1168 126 22 tekemään
851 1167 121 29 pyyntöön,
982 1167 49 20 että

205 1197 70 23 hänet
291 1198 185 28 vapautettaisiin
493 1198 253 26 edusmiestoimestaan,
765 1197 50 21 niin
831 1196 72 22 koska
920 1195 111 22 edusmies

205 1227 47 22 Näs
273 1228 20 21 ei
317 1229 54 22 ollut
394 1230 97 20 sanotun
514 1229 129 28 pyyntönsä
668 1226 144 31 perusteeksi
836 1227 126 28 näyttänyt
986 1225 44 22 sel-

205 1257 68 22 laista
289 1259 84 21 estettä
388 1259 79 21 taikka
487 1260 74 27 syytä,
580 1259 70 28 jonka
672 1258 73 29 Sääty
761 1257 52 22 olisi
829 1257 120 21 saattanut
964 1255 66 22 lailli-

203 1294 58 15 sena
276 1287 126 31 hyväksyä,
419 1289 46 21 niin
481 1288 74 22 katsoi
570 1288 73 29 Sääty
659 1289 77 21 tämän
754 1287 68 22 asian
840 1287 94 28 pitävän
953 1292 78 22 perus-

204 1318 142 21 teettomana
361 1319 84 21 raueta.
