1092 1817
244 171 11 17 8

221 228 66 17 denna
305 227 97 17 kommun
422 224 67 19 såsom
505 224 99 23 jordbruk
620 224 37 18 och
668 224 230 23 beskattningsföremål
910 224 65 18 måste

222 259 38 20 äga
277 256 8 17 i
297 254 126 19 förhållande
435 253 58 24 långt
505 253 78 17 mindre
595 253 101 23 kapacitet
707 252 32 18 till
751 252 123 24 utveckling,
886 253 32 18 till
930 258 45 18 pro-

223 282 188 23 duktionsförmåga
430 282 37 18 och
479 281 160 23 skatteförmåga
651 284 26 15 än
692 281 65 18 under
770 287 25 12 en
807 281 121 23 föregående
939 281 36 17 tid.

222 311 31 18 Då
271 312 68 17 därtill
356 310 157 23 beskattningen
531 310 90 22 grundar
636 309 31 23 sig
679 308 25 24 på
717 310 34 18 det
763 309 67 18 åsatta
841 310 135 17 mantalsvär-

223 340 38 23 det,
275 339 89 24 framgår
376 339 59 18 däraf
446 341 31 15 att
489 339 38 17 den
539 341 66 15 sämre
614 338 77 18 lottade
698 337 167 24 jordlägenheten
874 337 26 25 på
910 337 67 24 grund

223 368 22 18 af
261 368 109 18 mantalets
386 367 147 24 jembördighet
551 366 32 18 får
595 366 62 23 draga
670 372 25 12 en
706 366 42 18 lika
760 366 41 24 hög
813 366 55 18 skatt
880 372 45 12 som
937 366 39 18 den

222 397 66 19 bättre
299 396 82 19 lottade.
399 395 161 23 Beskattningen
572 395 76 18 kännes
662 394 24 18 då
698 394 8 19 i
718 400 77 12 samma
804 394 47 19 mån
859 397 74 22 tyngre
943 394 33 18 för

223 426 39 18 den
271 426 55 18 förra
338 426 38 18 och
387 426 74 18 lättare
473 424 32 18 för
518 424 39 18 den
563 424 90 18 sednare.
671 424 36 18 Ett
714 422 176 20 missförhällande
900 424 37 17 har
946 422 30 19 sä-

222 454 63 19 lunda
296 454 93 25 uppstätt
401 454 64 19 under
477 453 89 19 tidernas
578 454 53 23 lopp,
642 452 37 19 och
689 452 55 19 detta
753 452 179 19 missförhällande
940 452 37 19 bör

223 484 128 18 närvarande
368 483 31 18 tid
416 483 22 18 sä
455 483 45 18 vidt
517 483 80 23 möjligt
614 482 50 17 söka
682 481 96 24 afhjälpa.
802 481 59 24 Nagu
873 482 103 23 kommun,

224 512 67 19 såsom
311 512 85 23 belägen
412 512 31 18 uti
461 510 123 24 skärgården
604 510 38 18 och
659 510 110 18 bestående
781 509 23 19 af
815 513 29 16 ett
856 512 52 17 stort
921 510 55 18 antal

223 543 65 16 större
301 541 37 18 och
351 540 78 19 mindre
441 543 35 15 öar
489 539 35 18 och
537 540 83 22 holmar,
634 542 22 15 är
667 539 8 18 i
687 539 39 18 allo
738 539 138 18 underkastad
886 539 24 18 de
918 539 58 18 miss-

223 569 142 18 förhällanden
378 574 43 13 som
433 569 38 17 här
483 568 63 18 ofvan
558 568 86 18 anförts.

291 597 114 24 Kejserliga
422 597 86 18 Senaten
525 597 58 18 torde
598 596 62 19 redan
676 597 31 18 till
725 596 131 19 stadfästelse
873 596 104 19 befordrat

223 629 30 16 ett
268 627 77 22 förslag
363 632 33 11 om
414 628 31 16 att
456 625 46 18 med
513 626 82 23 hänsyn
607 625 32 18 till
651 626 24 17 de
687 625 123 19 förändrade
822 625 155 18 förhällandena

223 657 41 16 rätt
281 655 30 18 till
328 654 118 23 minskning
464 654 31 17 uti
510 654 128 23 jordskatten
656 660 73 17 genom
743 654 33 17 det
789 654 66 27 äsatta
867 655 109 17 mantalets

223 683 125 24 reducering,
361 683 65 18 skulle
441 683 133 18 tillerkännas
588 683 182 21 skattelägenheter
781 683 32 18 uti
824 683 77 18 Alands
913 683 64 18 härad

224 715 54 16 samt
287 713 83 22 Pargas,
386 711 75 19 Rimito
474 717 25 13 m.
511 711 20 18 fl.
544 711 90 18 socknar.
659 712 67 17 Bland
739 711 24 18 de
775 711 86 19 sälunda
873 714 105 21 upptagna

223 741 38 18 har
278 741 59 23 Nagu
355 741 74 18 socken
446 740 44 18 icke
505 739 69 19 blifvit
586 740 125 18 inberäknad
723 744 53 15 samt
788 746 61 19 synes
862 739 85 20 sålunda
959 740 18 24 ej

224 771 81 17 komma
317 770 8 17 i
337 769 119 24 åtnjutande
468 769 23 18 af
502 769 66 18 denna
580 768 85 19 förmån.
683 769 39 18 Vid
734 775 26 12 en
772 769 120 24 föregående
902 770 76 18 skatte-

223 798 123 24 förmedling
363 804 44 12 som
427 798 22 17 år
470 798 44 18 1865
531 798 48 17 kom
596 797 68 24 Korpo
676 798 38 17 och
730 798 114 18 Houtskärs
857 798 120 19 kommuner

223 827 32 18 till
268 828 36 19 del,
316 827 122 18 utsträcktes
452 827 17 22 ej
482 827 63 18 heller
557 826 25 18 då
595 826 66 19 denna
673 827 189 22 skatteförmedling
871 827 31 18 till
912 827 64 23 Nagu.

224 849 28 24 År
264 856 45 17 1868
321 855 76 19 erhöllo
409 855 98 18 Ernholm
517 855 37 18 och
564 855 86 18 Ekholm
660 855 85 18 enstaka
754 855 161 18 skattehemman
925 857 53 17 samt

224 890 25 12 en
262 884 32 18 del
306 884 23 18 af
339 884 111 23 fisklägena
461 884 8 17 i
481 885 86 22 yttersta
579 883 74 18 skären
662 883 192 24 skatteförändring.
872 884 65 18 Dessa
949 885 29 17 lä-

225 913 108 22 genheters
345 913 76 17 mantal
433 913 103 18 nedsattes
550 911 24 18 då
587 912 67 18 såsom
666 912 23 17 af
699 912 94 23 bifogade
806 913 59 23 intyg
877 912 48 18 från
936 913 41 18 Hä-

225 941 164 18 radsskrifvaren
405 941 32 18 uti
452 941 77 18 Wirmo
542 941 64 18 härad
618 940 94 24 framgår.
736 941 40 18 Vid
789 941 117 24 jämförelse
919 942 58 18 emel-

224 971 34 17 lan
270 970 59 23 Nagu
342 970 38 17 och
392 969 24 18 de
427 969 32 18 till
471 969 189 24 skatteförmedling
669 975 28 12 nu
706 969 116 24 föreslagna
831 970 146 19 kommunerna

226 998 58 19 torde
296 1004 47 12 man
355 999 39 17 lätt
405 998 56 18 finna
473 1000 31 16 att
515 998 240 23 lägenhetsinnehafvare
767 999 31 18 uti
809 999 59 24 Nagu
880 999 98 18 kommun

224 1027 68 18 känna
311 1027 23 18 de
352 1026 121 19 förändrade
491 1026 163 19 förhållandenas
672 1027 57 23 tryck
742 1027 41 18 lika
794 1027 81 24 mycket
887 1028 38 18 och
937 1027 41 18 må-

225 1056 68 18 hända
305 1062 43 12 mer
360 1059 26 14 än
401 1055 58 18 deras
471 1055 53 18 likar
535 1055 31 18 uti
578 1055 64 18 andra
654 1056 119 18 kommuner
786 1056 24 18 de
822 1056 36 18 där
870 1057 57 18 torde
940 1060 38 19 äga

224 1084 83 19 relativt
324 1087 65 15 större
407 1084 130 23 odlingsbara
553 1085 123 22 jordarealer
694 1087 53 15 samt
764 1084 85 19 sålunda
864 1091 29 12 nu
905 1085 73 19 lättare

225 1114 71 17 kunna
308 1115 73 22 trygga
393 1113 31 23 sig
436 1113 32 18 till
477 1113 121 24 jordbruket
610 1113 67 18 såsom
689 1113 123 18 hufvudsak.

296 1143 41 22 Jag
354 1141 91 18 anhåller
457 1141 68 18 därför
537 1141 7 18 i
557 1141 90 24 enlighet
659 1142 45 17 med
716 1142 108 17 närslutna
838 1144 58 21 proto
904 1143 77 18 kollsut

225 1170 55 23 drag,
294 1172 30 16 att
336 1169 66 18 såsom
415 1170 74 18 ombud
501 1169 32 19 för
544 1171 60 22 Nagu
616 1170 101 22 kommun,
730 1169 22 18 få
764 1170 31 18 till
804 1170 54 18 Eder
865 1171 55 17 Herr
927 1171 52 18 Suu-

225 1199 54 18 tarla
299 1197 68 19 såsom
385 1200 140 21 representant
543 1198 33 18 för
596 1198 71 18 Masku
686 1199 95 22 domsaga
799 1197 103 19 frambära
919 1199 59 23 Nagu

225 1227 108 18 kommuns
346 1226 78 18 önskan
437 1227 37 17 och
486 1226 138 24 förhoppning
637 1228 30 16 att
682 1233 73 17 genom
766 1226 54 19 Eder
832 1226 21 18 få
866 1227 113 19 framställa

225 1255 32 18 till
274 1255 138 18 instundande
429 1255 98 24 landtdag
542 1255 67 18 denna
621 1255 107 18 kommuns
741 1255 95 23 ödmjuka
848 1255 86 24 petition
947 1262 32 12 om

225 1285 30 17 att
274 1283 153 24 ofvanantydda
438 1283 182 18 missförhållande'
631 1283 63 19 måtte
706 1283 100 24 afhjälpas
819 1284 38 17 och
864 1284 115 23 jordlägen-

225 1312 58 19 heter
303 1312 56 17 inom
378 1312 59 23 Nagu
457 1312 97 18 kommun
572 1312 132 18 tillerkännas
720 1314 41 15 rätt
774 1312 32 18 till
821 1312 158 24 skattelindring

225 1341 48 18 eller
291 1340 122 23 förmedling
430 1340 124 28 åtminstone
570 1341 31 18 till
621 1346 77 13 samma
712 1340 146 28 utsträckning
878 1346 45 13 som
938 1341 41 18 till-

226 1369 81 18 erkänts
314 1368 146 18 kommunerna
468 1368 56 19 inom
533 1369 77 18 Ålands
620 1369 68 18 härad.
706 1369 44 17 Abo
760 1369 39 18 den
809 1370 21 16 14
837 1369 83 23 januari
928 1370 50 17 1897.

293 1402 48 18 Med
353 1404 76 16 största
441 1402 127 23 högaktning

442 1436 29 18 På
483 1437 59 23 Nagu
554 1437 108 18 kommuns
675 1440 89 21 vägnar:

651 1472 43 22 Joh.
707 1472 35 22 Jul.
760 1472 118 29 Fogelberg.

624 1506 184 24 Befullmäktigadt
821 1507 79 19 ombud.
