1095 1739
260 98 13 20 4

231 169 41 15 som
293 163 74 21 fredats
385 164 7 18 i
412 163 73 24 Korpo,
504 164 111 19 Houtskärs
630 163 37 19 och
681 164 42 19 Iniö
734 163 123 27 skärgårdar,
873 163 61 20 blifva
948 164 33 19 vid

232 192 43 20 sina
289 192 120 24 rundflygter
423 192 7 18 i
445 192 120 24 skärgården
579 192 124 23 bortskjutna
717 193 26 23 på
756 192 94 20 åländska
860 192 62 24 sidan,
934 194 47 18 utan

232 222 30 17 att
278 220 76 24 Korpo-
370 220 180 20 houtskärs-'eller
564 220 79 19 iniöbon
658 220 39 19 kan
712 222 61 22 draga
787 222 63 22 någon
865 222 56 22 nytta
936 221 44 19 där-

231 248 48 22 utaf.
299 249 65 19 Sådan
378 249 39 19 kan
432 248 105 24 ingalunda
551 249 101 23 meningen
667 254 46 14 vara
728 250 44 18 med
787 249 33 19 det
834 256 39 18 nya
885 249 95 24 jagtlags-

231 278 58 24 laget,
310 279 29 18 att
357 278 33 19 det
408 277 26 25 på
450 277 68 19 sådant
533 279 39 17 sätt
587 277 50 20 skall
650 276 108 21 förfördela
773 279 70 19 andras
858 278 122 24 rättigheter.

231 306 107 24 Ingalunda
353 308 23 17 är
390 307 33 18 det
438 306 48 19 eller
500 312 34 14 ens
545 306 92 20 tänkbart
647 308 29 18 att
687 307 16 22 ej
715 307 36 19 der
761 306 65 24 fågeln
836 307 39 19 kan
885 306 28 20 bli
924 306 55 24 skyd-

231 335 45 23 dad,
298 340 40 14 som
361 335 43 19 den.
419 335 68 23 borde,
509 335 7 19 i
531 336 24 18 de
573 337 41 17 mot
627 335 96 19 åländska
738 335 120 26 skärgården
872 335 109 25 gränsande

233 363 115 20 socknarna.
368 363 61 21 Hvem
443 364 47 23 bryr
505 364 30 24 sig
545 369 30 13 om
586 365 29 18 att
624 364 76 24 skydda
710 369 24 14 en
744 364 88 24 fågelart,
843 370 42 13 som
895 369 44 14 man
949 369 33 15 ser

233 397 86 19 grannen
337 392 71 25 skjuta,
424 398 43 13 men
482 392 44 19 icke
541 392 48 24 själf
600 392 36 19 har
651 392 29 20 lof
693 394 29 17 att
736 393 53 19 rikta
804 393 30 19 sin
849 393 59 19 bössa
922 394 59 18 emot.

300 421 66 19 Skulle
387 426 27 14 nu
435 422 44 18 åter
495 421 24 19 de
535 423 54 17 östra
603 421 94 19 åländska
712 421 109 19 socknarna
835 421 101 24 förbjudas
952 423 30 17 att

233 450 66 24 skjuta
320 450 112 23 ejderhane,
454 449 63 20 blefve
539 450 24 19 de
581 450 7 18 i
606 450 28 18 sin
649 452 33 16 tur
696 449 132 20 förfördelade
842 450 22 19 af
878 450 42 19 sina
936 452 45 17 när-

231 480 62 17 maste
315 484 85 18 grannar
422 478 21 19 åt
464 472 65 26 Åland
547 478 40 24 till;
603 478 63 19 skulle
681 478 74 24 Korpo,
770 478 100 20 Houtskär
885 479 38 19 och
937 478 44 20 Iniö

231 506 76 20 erhålla
322 508 62 18 denna
398 507 101 24 rättighet,
514 507 76 19 komme
605 508 56 18 dessa
676 508 89 24 socknar
774 508 28 18 att
817 507 107 19 förfördela
938 508 43 18 sina

231 541 85 19 grannar
326 534 11 20 i
352 537 53 18 öster
419 536 37 19 och
471 541 41 14 som
527 536 33 19 det
574 542 27 12 nu
615 538 22 17 är
651 535 61 21 blifva
726 536 70 24 korpo-
806 536 122 24 houtskärs-
944 536 37 20 och

232 564 103 20 iniöborna.
357 564 131 20 förfördelade
510 564 21 20 af
551 564 146 24 äländingarna.
726 564 74 20 Därför
815 564 61 20 finnes
892 565 32 19 det
939 564 43 20 skäl

233 598 41 14 som
293 593 40 19 tala
347 592 31 20 för
399 594 28 18 ett
442 594 91 23 antingen
549 604 25 3 —
591 593 52 19 eller.
672 593 61 20 Detta
748 593 55 25 lyder
818 593 60 24 enligt
892 594 35 18 vär
941 599 41 13 me-

233 622 54 24 ning:
306 621 92 24 antingen
418 622 50 19 skall
487 622 53 19 detta
555 622 64 23 skytte
633 621 91 20 öfverallt
738 622 7 18 i
761 622 126 24 skärgärden,
904 622 35 19 där
954 623 27 23 ej-

234 651 47 18 dern
296 650 136 25 förekommer,
448 656 47 14 vara
509 650 98 24 förbjudet
621 650 49 20 eller
685 651 60 19 ocksä
760 650 92 20 öfverallt
867 651 78 23 tillätet,
961 652 21 22 ty

233 679 26 24 pä
273 679 54 19 detta
342 680 40 18 sätt
396 684 47 14 anse
458 680 26 23 vi,
500 681 29 18 att
543 679 66 25 fägeln
622 679 45 19 bäst
681 679 72 20 fredas.
776 679 66 25 Enligt
856 679 35 19 vär
905 679 78 24 mening

233 712 46 14 vore
294 708 34 19 det
342 707 50 23 bäst,
410 713 30 13 om
456 708 64 24 skytte
535 708 25 24 pä
575 709 88 23 gudunge
678 709 62 19 under
755 714 24 14 en
790 708 30 19 del
828 708 21 19 af
856 708 66 24 våren,
930 710 14 17 t.
953 714 28 13 ex.

232 735 43 20 från
291 737 36 18 den
344 734 25 21 15
384 736 51 24 april
449 737 31 19 till
495 737 37 19 den
547 736 25 20 31
589 737 44 23 maj,
649 736 90 20 öfverallt
753 742 47 14 vore
815 737 78 19 tillåtet,

302 761 90 28 Önskligt
407 770 47 14 vore
468 768 29 17 att
511 765 116 24 belöningen
642 765 7 19 i
665 765 11 26 8
692 765 27 20 29
733 765 32 20 för
779 765 115 24 hafstruten,
906 765 77 24 skjuten

233 793 48 20 eller
303 793 77 25 fängad,
403 793 66 24 höjdes
491 794 45 19 frän
557 793 13 26 2
593 794 30 19 till
645 793 6 20 4
666 794 39 24 mk,
720 796 21 22 ty
757 795 24 19 dä
796 794 64 19 skulle
875 795 63 18 denna
952 793 31 20 för

233 821 103 24 sjöfägelns
357 822 104 24 förökning
483 823 88 24 skadliga
593 823 51 24 fågel
662 829 54 13 mera
731 825 24 17 än
770 823 70 19 hittills
856 823 54 24 skett
922 822 61 19 blifva

232 850 80 25 förföljd
331 862 27 3 —
378 851 64 20 likaså
459 851 61 20 borde
537 851 115 25 belöningen
667 851 31 20 för
710 852 80 24 skjuten
804 851 63 20 kråka
882 851 55 24 höjas
953 851 30 20 till

234 878 28 21 50
275 880 64 24 penni.

301 909 10 18 I
329 909 10 25 $
355 908 27 21 30
397 909 37 19 bör
448 909 99 19 storleken
562 909 21 20 af
596 909 121 24 jagtskatten
731 909 6 19 i
753 909 119 24 skärgården
888 914 46 14 vara
949 909 33 19 be-

233 938 72 18 roende
320 937 20 20 af
354 937 145 24 kommunerna,
514 939 80 23 emedan
601 939 67 23 jagten
679 938 35 19 där
724 937 41 22 ofta
776 941 21 16 är
808 939 74 18 mindre
892 938 89 19 lönande.

301 962 90 28 Önskligt
412 971 46 14 vore
481 966 55 20 äfven
558 969 29 17 att
609 967 51 19 skild
678 967 94 24 jagtpolis
790 967 115 24 tillkomme,
922 968 21 22 ty
958 966 25 19 då

233 993 65 21 kunde
312 994 98 25 förbjudet
424 995 65 24 skytte
504 995 37 20 och
556 995 101 24 förbjuden
673 996 140 23 äggplundring
827 1001 54 14 mera
895 995 86 19 hämmas

233 1023 38 20 och
284 1023 74 24 fågelns
373 1023 105 25 förökning
492 1023 73 20 fredad.

301 1087 100 20 Houtskär
416 1088 36 19 den
468 1086 13 20 8
494 1088 79 23 januari
589 1086 60 21 1897.

522 1183 66 25 Enligt
602 1185 88 23 uppdrag

736 1227 75 19 Albinus
824 1228 90 23 Ringvall.
