1084 1778
297 129 181 21 Borgareståndet.
502 129 54 18 1867.
582 131 22 16 15
616 130 61 17 Mars.
821 125 41 21 229

142 214 56 21 Herr
215 215 161 20 Talmannen
392 214 102 26 anmälde,
510 216 34 19 att
559 214 84 22 ståndet
659 215 21 20 af
694 214 118 27 Kejserliga
827 215 63 21 Sena-

73 246 47 19 tens
141 243 127 26 Expedition
288 242 34 22 för
343 243 126 26 jordbruket
484 243 39 21 och
538 243 106 22 allmänna
659 243 87 21 arbeten
762 243 40 21 fått
818 245 68 19 emot-

74 274 50 23 taga
143 271 177 27 Forststyrelsens
341 271 144 26 underdåniga
507 271 114 22 berättelse
645 277 33 16 om
698 272 156 26 förvaltningen
869 272 23 21 af

73 300 174 27 kronoskogarna
267 300 7 21 i
295 300 90 21 Finland
401 300 22 21 år
440 300 53 21 1865
508 302 55 19 samt
578 300 174 21 kommissionens
767 300 33 21 för
815 300 76 22 under-

74 329 88 26 sökning
185 329 22 20 af
225 328 162 22 förhållandena
408 329 57 21 inom
489 328 174 27 kronoskogarna
677 329 7 20 i
698 329 74 21 landet
786 329 104 21 underdå-

73 358 49 26 niga
143 357 115 21 berättelse
277 363 34 15 om
327 357 25 21 de
367 357 22 20 af
404 357 163 21 kommissionen
583 357 66 21 under
665 362 117 16 sommaren
798 357 25 21 år
837 358 54 20 1866

73 386 57 21 inom
151 386 174 27 kronoskogarna
347 386 6 20 i
379 385 135 27 Tavastehus,
538 380 47 27 Åbo
609 385 38 21 och
662 385 148 27 Björneborgs,
826 385 65 22 Wasa

74 414 39 21 och
134 421 25 15 en
184 415 34 20 del
236 414 23 21 af
271 414 120 26 Uleåborgs
406 415 34 20 län
456 414 129 21 verkställda
600 420 59 15 resor
675 415 38 20 och
729 414 72 21 dervid
816 415 75 26 gjorda

73 443 147 26 iakttagelser;
245 443 71 21 hvilka
335 443 127 21 berättelser
480 443 32 20 till
532 443 95 21 ståndets
642 443 116 20 ledamöter
774 443 116 21 utdelades.

141 499 56 22 Herr
212 499 160 22 Talmannen
387 499 98 26 föredrog
499 499 152 26 lagutskottets
666 499 40 21 den
722 499 12 21 9
750 499 6 21 i
771 499 68 21 denna
846 499 44 22 må-

72 528 43 21 nad
137 528 117 26 bordlagda
275 528 133 21 betänkande
430 528 8 20 i
460 528 112 26 anledning
595 527 21 22 af
635 527 76 26 nådiga
731 528 159 27 propositionen

73 557 41 21 N:o
137 557 19 23 8,
178 556 108 27 angående
301 555 147 28 upphäfvande
464 556 23 21 af
502 557 9 19 1
530 556 38 21 och
585 557 12 20 2
613 555 24 28 88
655 557 24 20 12
695 556 48 27 kap.
773 555 25 22 G.
811 556 23 21 B.
851 556 39 21 och

74 585 88 26 ändring
176 585 23 21 af
212 585 72 26 lagens
299 585 131 26 stadganden
446 591 34 15 om
494 585 115 26 afvittring.

140 641 41 22 Vid
203 641 142 27 uppkommen
361 641 119 22 diskussion
496 641 99 22 häröfver
609 641 85 27 yttrade
710 641 32 27 sig
758 641 95 26 följande
868 641 24 21 af

73 670 94 21 ständets
182 671 145 20 medlemmar:

140 726 56 21 Herr
211 726 84 21 Holm:
310 726 64 21 innan
390 726 83 21 ständet
485 726 107 26 företager
601 726 32 26 sig
644 726 39 21 den
693 728 97 19 närmare
801 726 87 26 gransk-

72 755 76 26 ningen
163 754 24 21 af
200 754 25 21 de
240 754 119 27 föreslagna
373 754 192 26 lagparagraferna,
582 754 67 21 skulle
663 755 35 25 jag
712 754 51 27 vilja
778 754 6 21 i
800 754 90 21 allmän-

74 783 37 21 het
132 783 102 21 anmärka
257 784 56 20 emot
335 782 149 27 lagutskottets
504 782 141 24 betänkande,
662 784 32 19 att
708 783 111 25 utskottet,
837 783 53 21 efter

74 812 43 20 min
132 811 61 26 &sigt,
212 811 74 26 begått
302 813 31 19 ett
349 812 54 20 stort
417 811 93 26 misstag,
527 811 27 21 dä
569 811 36 21 det
620 811 7 20 i
642 810 142 22 betänkandet
800 811 89 26 antagit,

72 842 33 19 att
115 840 127 26 stadgandet
256 840 31 20 uti
305 840 24 20 12
343 839 48 27 kap.
405 839 24 21 G.
438 840 23 20 B.
474 846 34 14 om
516 841 33 19 att
557 840 169 26 bouppteckning
734 839 39 21 och
782 839 108 27 afvittring

74 868 55 22 efter
152 868 77 21 afliden
244 868 61 21 make
324 868 55 20 skall
393 868 133 24 verkställas,
541 868 63 20 innan
621 868 83 27 enkling
720 868 52 21 eller
787 868 55 20 enka
856 868 34 21 får

72 897 49 27 ingä
135 899 48 25 nytt
197 897 58 26 gifte,
270 897 49 24 kan,
334 897 51 20 utan
399 897 47 20 fara
461 897 33 20 för
504 896 142 25 rättsvärden,
658 897 105 21 bortfalla.
783 897 33 20 De
827 903 62 20 grun-

72 926 44 25 der,
132 932 45 15 som
191 925 107 22 föranledt
313 925 65 26 detta,
393 925 65 21 redan
473 926 7 19 i
495 925 50 21 flere
561 925 147 21 ärhundraden
723 925 99 26 gällande
834 925 56 22 stad-

72 954 73 27 gande,
169 954 85 27 gvarstä
269 956 56 19 ännu
340 954 7 20 i
363 954 31 21 sin
409 953 51 22 fulla
475 953 59 22 kraft
549 953 39 21 och
603 953 96 27 giltighet
714 956 56 19 samt
784 955 37 20 äro
837 960 52 20 gan-

72 983 39 21 ska
126 983 33 20 väl
175 982 125 21 utvecklade
315 983 7 20 i
337 982 13 21 3
367 983 11 26 &
394 982 22 21 af
430 982 40 21 den
485 983 47 20 utaf
546 982 104 21 utskottet
665 981 101 28 uppgifna
782 982 108 27 Kongliga

72 1011 89 26 stadgan
177 1011 22 20 af
213 1011 41 20 den
276 1011 12 20 5
305 1010 49 21 Okt.
380 1011 60 20 1664.
471 1011 49 20 Deri
547 1011 60 20 heter
631 1011 44 20 det:
697 1010 84 25 ,säsom
799 1010 89 27 mycken

72 1039 65 21 oreda
157 1039 74 26 plägar
254 1039 122 21 förorsakas
399 1039 91 25 deheraf,
514 1041 22 19 at
551 1041 39 19 när
605 1039 58 21 Brud
679 1039 51 20 eller
746 1039 143 26 Brudgumme

72 1068 69 20 kunne
156 1068 120 20 tillförende
292 1067 63 21 hafva
369 1068 55 20 varit
443 1067 2 20 i
461 1067 142 27 Ecktenskap,
618 1067 39 21 och
666 1067 54 21 dhen
729 1067 78 26 förrige
818 1068 71 20 kullen

71 1096 46 21 icke
139 1098 24 18 är
185 1096 79 20 vorden
286 1095 76 27 ricktig
378 1095 101 26 afvittrat,
494 1095 134 27 arfvingarne
643 1095 105 21 dherhoos
764 1095 46 21 icke
826 1095 64 21 hafva

72 1124 75 22 dheras
169 1124 87 26 visshet,
279 1123 55 22 hvad
357 1124 119 21 dödehuset
498 1124 31 21 till
552 1124 51 21 then
625 1130 38 15 ene
686 1124 52 21 eller
753 1124 55 21 dhen
823 1124 66 21 andre

70 1153 71 21 kullen
165 1153 43 21 kan
229 1158 52 16 vara
304 1152 101 27 skyldigt;
420 1152 55 21 altsä
489 1152 28 26 pä
532 1152 51 22 dhet
600 1152 79 21 Trätor
694 1152 38 21 och
748 1152 141 27 olägenheter,

72 1188 44 15 som
139 1181 76 21 dheraf
236 1182 70 20 kunne
328 1181 118 27 opkomma,
469 1181 60 27 mäge
553 1181 53 21 efter
621 1181 147 27 möjeligheten
785 1181 103 27 afvärjas;

71 1210 37 26 thy
130 1210 46 21 skal
198 1211 62 26 ingen
274 1211 123 26 prästeman
411 1210 93 21 härefter
519 1216 52 15 vara
585 1210 74 20 tillåtit
673 1210 45 26 lysa
733 1210 34 21 för
782 1216 25 14 en
823 1209 65 21 sådan

72 1239 142 26 Brudgumme
237 1239 52 21 eller
311 1238 65 26 Brud,
400 1238 33 22 för
454 1240 27 19 än
503 1245 25 15 en
545 1238 76 27 ricktig
633 1238 108 27 afvittring
756 1238 34 21 för
804 1238 84 22 Barnen

70 1267 52 21 eller
144 1267 55 21 dhen
222 1267 78 27 förrige
323 1268 87 20 makans
433 1267 106 27 arfvingar
561 1267 128 27 föregängen
704 1269 44 19 är".
766 1279 24 3 —
807 1267 38 21 Att
860 1272 28 16 nu

70 1296 67 21 ändra
159 1296 39 20 och
218 1295 109 27 upphäfva
342 1296 36 20 det
393 1296 132 25 omnämnda,
541 1296 7 20 i
563 1295 25 21 G.
604 1296 23 20 B.
644 1296 23 20 af
681 1296 54 20 1734
759 1295 34 21 års
808 1296 35 26 lag
857 1296 31 20 in-

69 1325 65 25 tagna
155 1324 108 25 lagbudet,
287 1336 27 2 —
335 1324 39 20 och
397 1325 35 18 det
457 1324 175 25 hufvudsakligen
651 1324 88 20 allenast
754 1324 7 20 i
776 1324 65 24 afsigt
856 1326 33 18 att

70 1352 67 20 befria
159 1351 159 26 presterskapet
339 1352 8 20 i
366 1352 72 20 landet
459 1351 18 25 ej
493 1351 83 21 mindre
591 1351 47 21 frän
653 1351 49 21 dess
716 1350 118 27 befattning
849 1353 39 22 att,

70 1380 35 21 vid
129 1378 127 23 inträffande
275 1379 112 28 giftermäl,
403 1379 45 22 före
463 1379 80 27 vigseln
559 1379 94 22 infordra
668 1379 76 28 nödiga
759 1379 129 27 afvittrings-

70 1409 151 21 instrumenter
240 1408 23 22 af
284 1408 85 27 enkling
391 1408 51 22 eller
464 1409 60 24 enka,
549 1410 26 19 än
598 1408 55 21 ifrän
678 1409 36 20 det
728 1408 160 27 presterskapet

70 1437 76 28 ålagda
165 1439 88 25 stränga
265 1440 98 18 ansvaret
378 1437 33 21 för
426 1436 148 27 försumlighet
589 1436 7 22 i
611 1437 59 21 detta
686 1437 124 24 hänseende,
826 1437 62 21 torde

70 1467 18 27 ej
113 1473 51 15 vara
185 1466 131 25 välbetänkt,
331 1466 73 21 sävida
419 1466 40 21 den
474 1465 133 22 närvarande
621 1466 159 27 lagstiftningen
795 1466 7 21 i
816 1467 71 20 ämnet

69 1496 129 26 fullkomligt
219 1495 105 28 uppfyller
347 1495 37 21 sitt
403 1495 97 21 ändamäl
517 1495 39 21 och
571 1494 82 22 medför
669 1494 93 28 äsyftadt
776 1501 55 21 gagn
847 1494 39 22 och

70 1526 65 26 nytta.
152 1525 113 21 Dessutom
280 1524 135 22 föreskrifver
430 1523 119 28 Kejserliga
563 1524 83 21 brefvet
661 1524 22 21 af
697 1524 40 22 den
752 1524 27 21 24
790 1523 96 22 Oktober
