1081 1820
226 133 41 20 622
414 135 183 22 Borgareståndet.
622 136 54 17 1867.
699 136 26 17 27
737 135 62 22 April.

266 221 161 26 Propositionen
438 220 127 21 besvarades
576 220 48 21 med
635 219 100 27 enhälligt
743 220 34 26 ja;
793 219 40 22 och
843 220 67 21 skulle
922 219 96 22 ståndets

199 249 88 21 sålunda
308 249 82 21 fattade
413 249 70 20 beslut
498 249 6 20 i
519 249 89 20 ärendet
623 248 107 21 meddelas
745 247 58 22 såväl
818 248 138 21 medstånden
972 254 45 15 som

198 277 43 27 lag-
257 277 39 21 och
312 277 213 22 ekonomi-utskottet
541 282 74 21 genom
631 277 201 26 protokollsutdrag,
848 276 126 27 sålydande:

403 355 83 26 Utdrag
497 355 22 21 af
527 354 190 27 Borgareståndets
728 355 108 26 protokoll
846 355 35 21 vid
889 355 129 27 landtdagen

336 383 132 27 Helsingfors
483 384 41 20 den
539 384 26 20 27
582 383 59 27 April
657 383 60 22 1867.

267 441 128 26 Föredrogs:
411 440 54 26 Lag-
482 441 39 20 och
531 440 242 21 Ekonomie-utskottets
784 440 134 21 betänkande
928 441 7 20 i
947 441 71 20 anled-

198 470 50 26 ning
263 469 24 21 af
299 469 83 26 Nädiga
397 468 158 27 propositionen
570 468 109 27 angående
695 468 121 26 grunderna
831 468 33 21 för
879 469 103 26 reglering
998 468 23 22 af

199 498 168 27 presterskapets
383 497 91 26 aflöning
488 497 7 20 i
510 497 83 21 landets
608 496 242 27 evangelisk-lutherska
864 497 154 27 församlingar.

199 526 49 20 Men
270 532 45 15 som
338 526 149 24 betänkandet,
510 526 81 20 hvilket
606 526 6 20 i
628 525 66 21 likhet
709 526 47 20 med
772 526 39 20 den
828 525 81 27 Nådiga
924 526 94 26 proposi-

199 555 71 21 tionen
287 556 23 19 är
325 554 66 27 bygdt
411 554 28 26 på
454 554 106 26 principen
577 560 32 14 om
626 554 40 20 den
681 554 241 26 evangelisk-lutherska
936 554 82 26 kyrkan

198 583 70 21 såsom
291 582 122 27 statskyrka
427 582 7 21 i
449 582 78 26 landet,
549 582 109 21 bibehållit
673 582 40 20 den
727 583 119 25 grundsats,
863 584 32 19 att
910 582 108 26 prestaflö-

199 612 76 24 ningen
288 611 130 21 fortfarande
435 611 52 20 skall
501 617 50 15 vara
561 610 70 22 fästad
642 611 34 19 vid
685 611 75 26 jorden
772 611 38 21 och
822 611 121 25 derigenom
954 610 64 22 bland

200 641 64 20 annat
287 640 96 21 inträffar
405 640 40 21 den
469 639 174 28 oegentligheten,
660 641 31 19 att
707 638 62 22 äfven
784 639 131 22 fremmande
931 639 87 22 trosför-

200 669 88 21 vandter
310 668 69 21 såsom
401 668 110 27 jordegare
534 668 27 27 på
583 668 72 21 landet
678 670 36 19 äro
729 672 92 23 tvungne
836 670 32 19 att
883 668 88 27 bidraga
985 668 33 21 till

201 697 36 22 det
252 697 250 26 evangeliskt-lutherska
517 697 168 26 presterskapets
700 696 111 21 aflönande
827 698 55 19 samt
897 698 31 19 ett
943 697 76 21 sådant

199 725 90 27 förslags
310 725 153 26 godkännande
485 725 23 21 af
529 725 39 21 den
591 725 106 26 landtdag,
713 731 44 15 som
772 731 76 21 genom
864 726 117 26 antagande
997 725 23 20 af

200 755 40 20 den
263 754 118 21 Ständerne
403 754 108 26 förelagda
533 754 82 26 Nädiga
637 754 156 26 propositionen
816 760 34 15 om
872 760 28 20 ny
915 754 104 27 kyrkolag

200 783 124 21 medverkat
339 783 32 20 till
387 782 124 27 utvidgning
525 782 24 21 af
557 781 192 27 religionsfriheten
759 783 55 20 inom
827 783 46 20 vårt
884 783 55 23 land,
951 782 67 21 skulle

199 811 104 21 innefatta
326 817 25 15 en
367 811 126 26 motsägelse
508 813 44 19 mot
568 811 54 21 hvad
638 811 127 26 landtdagen
781 812 6 20 i
803 811 90 21 nämnde
908 812 54 26 syfte
978 811 41 21 till-

199 841 63 26 gjort,
285 840 39 20 har
346 839 185 26 Borgareståndet,
556 846 44 15 som
626 841 69 19 ansett
719 839 139 22 förevarande
882 840 60 26 fråga
967 840 52 21 böra

200 869 93 26 regleras
309 868 64 26 enligt
389 868 39 20 den
444 869 118 25 grundsats,
579 870 32 19 att
626 869 168 24 presterskapets
811 868 91 26 aflöning
914 869 104 20 beräknas

200 897 40 20 och
254 898 87 24 utgöres
357 896 52 21 efter
425 896 152 20 invånaretalet
588 896 6 21 i
605 896 180 26 församlingarne,
795 896 46 21 icke
852 897 82 20 kunnat
947 897 72 20 bifalla

200 924 31 21 till
253 924 121 21 Utskottets
389 924 7 21 i
411 926 70 19 ämnet
503 924 78 27 afgifna
601 924 140 24 betänkande,
757 927 51 18 utan
826 925 92 21 beslutat
933 927 32 19 att
981 925 38 21 hos

199 952 60 22 Hans
281 953 120 27 Kejserliga
423 952 99 27 Majestät
536 953 7 20 i
558 953 168 25 underdånighet
744 953 67 21 skulle
828 953 96 21 anhällas
939 955 32 19 att
986 953 33 21 till

200 981 140 21 nästskeende
357 982 85 20 ständer
458 982 155 20 sammanträde
629 981 66 21 mätte
709 982 121 26 föreläggas
844 988 27 21 ny
888 982 131 27 proposition

199 1010 7 20 i
222 1012 77 22 ämnet,
315 1009 107 27 uppställd
437 1010 28 26 pä
479 1010 135 26 nyssangifna
629 1010 74 26 grund.

268 1039 80 21 Härom
364 1038 67 22 skulle
447 1039 194 25 protokollsutdrag
656 1039 32 21 till
703 1039 26 21 de
745 1039 119 26 respektive
880 1039 139 21 Medständen

200 1067 39 21 och
255 1067 162 21 ofvanbemälda
433 1067 88 21 Utskott
536 1068 129 26 expedieras.

790 1124 22 17 In
824 1123 57 18 fidem:

720 1158 75 21 Sixtus
812 1158 132 21 Calamnius.

267 1242 121 26 Föredrogs
410 1242 172 22 Prestaständets
605 1242 32 21 till
660 1242 68 21 denna
753 1243 41 26 dag
819 1243 118 27 bordlagda
961 1243 58 21 säväl

198 1276 77 21 genom
291 1270 122 26 deputation
430 1277 44 14 som
486 1272 31 19 uti
527 1270 234 27 protokollstranssumt
772 1272 179 26 Borgareständet
962 1272 57 20 med-

199 1298 75 21 delade
289 1299 124 26 inbjudning
429 1301 32 18 att
473 1300 74 20 förena
559 1299 31 26 sig
601 1306 32 14 om
647 1300 39 20 den
699 1300 91 26 mening,
802 1300 57 20 hvari
872 1300 147 21 förstnämnda

198 1326 62 22 ständ
283 1329 86 19 stannat
384 1327 130 21 beträffande
530 1328 217 26 kyrkolagsförslaget
761 1329 47 26 kap.
826 1328 52 22 XIII
893 1334 33 15 om
943 1328 76 27 kyrko-

199 1356 47 19 tukt
262 1359 55 17 samt
332 1356 48 25 kap.
395 1356 58 20 XXV
470 1362 34 14 om
520 1356 133 25 kyrkomöte;
670 1358 49 18 derä
735 1357 103 24 begärdes
853 1358 61 19 ordet
930 1357 22 19 af

267 1411 56 20 Herr
345 1410 142 27 Ohrnberg
507 1417 45 14 som
574 1412 94 26 yttrade:
690 1411 36 27 jag
748 1412 62 20 utber
832 1411 42 28 mig
896 1413 32 20 att
950 1412 20 21 få
986 1412 32 21 till

198 1439 97 22 ständets
310 1439 144 27 bepröfvarde
469 1440 118 25 hemställa,
603 1446 33 15 om
652 1440 45 21 icke
713 1440 59 22 detta
782 1441 78 21 ärende
872 1441 70 27 kunde
951 1443 67 25 ytter-

198 1468 66 27 ligare
284 1468 126 27 bordiäggas
433 1468 31 22 till
487 1468 67 22 första
576 1469 84 27 plenum
676 1469 6 21 i
698 1471 61 19 nästa
776 1470 70 21 vecka.
878 1470 94 22 Ärendet
988 1472 30 24 är,

198 1497 70 21 såsom
291 1497 80 21 enhvar
393 1497 73 26 finner,
482 1498 23 20 af
518 1498 87 26 mycken
621 1498 43 26 vigt
680 1498 38 21 och
734 1498 92 26 önskligt
841 1504 49 16 vore
906 1501 32 19 att
953 1499 19 26 ej
988 1501 31 19 ett

199 1526 121 21 förhastadt
343 1526 68 21 beslut
426 1526 6 21 i
449 1526 65 21 saken
533 1526 72 30 mätte
620 1526 71 22 fattas.
723 1527 48 21 Med
793 1528 43 26 mig
851 1529 24 20 är
890 1528 128 21 ätminstone
