1084 1750
216 124 41 22 312
412 128 182 22 Borgareståndet.
618 129 55 17 1867.
697 129 28 17 30
736 128 63 18 Mars,

255 214 110 21 Anmältes
387 214 40 20 och
449 215 105 24 emottogs
577 220 26 14 en
626 213 124 26 deputation
772 214 46 20 från
833 213 168 26 Prestaståndet,

188 242 76 22 anförd
285 242 24 21 af
328 242 56 21 Herr
405 242 91 21 doktorn
519 241 86 22 Gabriel
627 240 85 28 Geitlin,
734 248 46 15 som
802 242 145 26 tillkännagaf,
969 243 32 21 att

189 270 162 22 Prestaständet
365 270 33 21 vid
413 270 66 22 skedd
494 270 149 27 föredragning
658 269 22 22 af
688 270 149 26 lagutskottets
849 270 154 22 ofvanberörde

190 299 109 22 skrifvelse
307 298 86 22 beslutit
400 300 39 23 att,
451 299 4 21 i
463 298 215 22 öfverensstämmelse
688 299 48 21 med
744 299 168 21 Bondeståndets
920 300 5 20 i
937 299 66 21 saken

188 328 66 22 redan
269 328 100 26 vidtagna
384 327 81 27 åtgärd,
481 327 86 27 inbjuda
582 327 156 27 Ridderskapet
753 327 39 21 och
807 328 67 21 Adeln
885 329 33 20 att
927 327 77 28 frångå

188 357 39 21 sitt
248 356 158 27 ifrågavarande
429 355 69 22 beslut
513 356 31 21 till
560 356 42 21 alla
617 356 65 26 delar,
698 356 84 21 hvilken
797 356 123 27 inbjudning
935 356 67 27 depu-

188 386 94 21 tationen
289 385 78 27 jemväl
377 384 54 22 hade
441 385 33 21 till
484 384 156 27 Ridderskapet
648 384 38 22 och
695 385 67 21 Adeln
768 384 103 27 framfört,
878 386 32 20 att
917 385 84 21 Presta-

188 414 90 23 ståndet,
301 420 45 15 som
367 414 8 20 i
390 413 40 27 dag
445 413 92 21 förehaft
552 413 252 27 expeditionsutskottets
818 414 7 20 i
840 413 108 22 skrifvelse
961 414 40 21 den

188 443 26 21 27
234 443 7 21 i
266 443 66 21 denne
354 442 77 21 månad
454 442 132 21 framställda
608 441 79 28 förslag
709 443 32 20 att
756 442 160 22 Prestaståndet
930 442 71 22 ville
991 437 15 36 i

187 471 72 27 hvarje
283 471 85 26 ärende,
389 477 45 15 som
456 471 68 21 blifvit
547 471 22 21 af
586 471 88 21 allmänt
688 471 83 20 utskott
786 471 123 26 handlagdt,
925 477 76 21 genom

187 500 196 27 protokollsutdrag
405 500 124 20 underrätta
552 505 81 16 samma
653 499 83 21 utskott
758 505 34 15 om
815 499 94 22 ståndets
931 499 70 22 beslut

187 530 56 19 samt
258 529 31 20 att
305 528 36 21 det
355 527 54 27 finge
425 528 12 21 å
453 528 130 21 sistnämnda
598 527 82 22 utskott
695 528 113 21 ankomma
823 530 38 25 att,
875 528 28 21 då
915 527 86 27 plurali-

188 558 32 20 tet
241 557 23 20 af
277 556 100 21 ståndens
392 556 107 27 meningar
515 562 51 15 vore
580 556 83 25 utredd,
679 555 34 22 för
727 556 85 27 frågans
827 556 86 27 slutliga
927 556 74 21 bered-

188 586 50 26 ning
260 585 128 21 öfverlemna
410 585 25 21 de
458 585 44 21 deri
526 585 112 21 tillkomna
659 584 126 27 handlingar
807 585 31 21 till
861 585 140 27 expeditions-

187 614 111 26 utskottet,
320 614 78 21 bifallit
420 614 69 21 denna
508 614 165 26 framställning;
696 615 56 19 samt
773 615 32 19 att
820 614 183 21 Prestaståndet
992 610 14 35 i

188 642 40 27 dag
248 642 77 26 jemväl
343 642 93 21 förehaft
450 642 40 21 och
504 642 96 26 godkänt
614 642 246 26 expeditionsutskottets
874 642 79 27 förslag
968 642 33 22 till

186 671 113 21 redaktion
319 671 23 21 af
355 671 124 21 ständernas
493 670 145 28 underdåniga
652 671 90 27 petition
757 677 34 15 om
806 670 139 28 landtdagens
959 670 43 22 för-

186 700 106 27 längning.

254 751 156 27 Deputationen
426 751 128 21 betackades
570 750 23 22 af
602 751 55 21 Herr
668 750 164 22 Talmannen
845 751 40 21 och
897 750 104 22 afträdde.

255 802 40 21 Till
308 802 104 27 justering
427 802 108 27 upplästes
545 802 37 22 två
591 802 104 21 särskilda
706 802 78 26 utdrag
795 808 26 14 ur
830 802 95 22 ståndets
935 803 67 25 pleni-

185 830 108 27 protokoll
318 831 33 21 för
373 831 40 20 den
436 831 27 20 26
482 831 7 20 i
508 831 66 21 denne
592 830 84 24 månad,
692 831 90 20 rörande
798 830 96 22 ståndets
909 831 70 21 beslut
994 831 7 21 i

185 858 112 27 anledning
309 858 24 22 af
345 858 152 27 lagutskottets
512 858 203 22 ofvanorförmälda
730 858 109 22 skrifvelse
853 860 56 20 samt
923 858 78 27 nådiga

185 887 158 27 propositionen
369 893 34 15 om
431 886 229 28 kapellförsamlingars
686 887 127 21 frikallande
837 887 47 21 från
908 888 93 26 skyldig-

185 916 64 20 heten
264 917 32 20 att
310 916 69 27 bygga
395 915 38 22 och
448 916 125 21 underhälla
587 915 147 27 moderkyrka.

254 967 55 21 Herr
330 966 161 22 Talmannen
513 967 101 21 förmälde
632 967 32 27 sig
678 966 62 22 hafva
752 967 65 27 jemte
833 967 106 22 skrifvelse
955 967 46 23 frän

184 996 22 22 h.
227 1002 18 15 e.
268 995 221 28 Generalguvernören
511 996 57 21 öfver
582 996 90 21 Finland
688 996 21 20 af
723 996 39 20 den
778 996 26 21 26
819 996 8 20 i
842 996 67 21 denna
924 996 76 22 månad

184 1025 41 21 fätt
246 1026 106 24 emottaga
372 1024 59 21 Hans
453 1024 117 27 Kejserliga
591 1024 110 26 Majestäts
724 1024 77 26 nädiga
823 1024 129 26 proposition
968 1024 32 22 till

184 1052 83 22 landets
286 1052 86 22 ständer
387 1058 33 15 om
435 1052 88 26 ändring
538 1052 22 21 af
575 1054 9 19 1
602 1052 39 21 och
656 1053 12 20 2
685 1052 23 27 $$
724 1053 12 20 2
752 1053 47 25 kap.
815 1052 26 22 U.
856 1052 24 21 B.
897 1054 54 20 samt
967 1060 34 14 om

185 1080 111 28 gäldenärs
310 1080 119 28 skyldighet
439 1082 31 20 att
481 1080 34 22 vid
523 1080 107 22 bristande
637 1080 206 27 betalningstillgäng
850 1080 78 26 aftjena
938 1081 63 21 skuld

186 1109 48 22 med
256 1109 71 21 arbete
347 1108 51 22 eller
413 1109 81 21 derföre
509 1109 94 26 undergä
617 1108 122 28 bysättning
754 1110 68 20 säsom
839 1109 38 21 ock
892 1110 109 25 angäende

185 1137 121 27 försäljning
329 1136 21 22 af
370 1136 41 22 fast
433 1138 101 25 egendom
556 1138 13 20 å
591 1138 77 24 landet,
684 1143 45 15 som
744 1137 67 21 blifvit
826 1137 32 21 för
871 1137 49 26 gäld
935 1138 7 20 i
957 1139 44 20 mät

186 1168 72 25 tagen,
283 1165 83 22 hvilken
389 1166 136 27 proposition,
549 1164 59 23 deraf
629 1165 72 27 nödigt
724 1165 56 22 antal
798 1166 83 27 tryckta
895 1166 106 26 exemplar

185 1194 78 27 jemväl
281 1194 31 21 till
327 1194 84 21 ständet
425 1194 116 21 ankommit
557 1194 38 21 och
610 1193 63 22 bland
689 1194 47 21 dess
750 1194 137 21 medlemmar
901 1194 98 27 utdelats,

185 1223 57 21 Herr
264 1222 167 22 Talmannen
447 1222 61 21 alltsä
523 1229 28 14 nu
565 1222 98 27 föredrog
678 1221 32 22 till
725 1223 81 25 ätgärd,
822 1223 38 20 och
875 1222 78 22 beslöts
969 1225 31 19 att

185 1251 65 27 sagde
272 1251 131 26 proposition
424 1251 67 20 skulle
513 1251 8 21 i
542 1251 97 21 afseende
659 1252 12 19 å
686 1251 114 25 beredning
815 1251 138 21 öfverlemnas
967 1251 33 22 till

185 1279 145 28 lagutskottet,
346 1279 72 22 derom
432 1279 98 22 bemälda
544 1279 82 22 utskott
641 1279 68 22 skulle
720 1285 75 20 genom
806 1279 195 28 protokollsutdrag

184 1309 140 20 underrättas.

255 1360 38 20 1:0.
323 1359 141 27 Föredrogos:
487 1358 45 28 lag-
555 1359 38 21 och
617 1358 210 23 ekonomiutskottets
849 1360 108 22 skrifvelse
979 1360 24 22 af

186 1388 40 22 den
250 1390 24 20 11
297 1388 7 21 i
328 1388 68 21 denna
417 1388 82 25 mänad,
515 1388 115 27 hvarjemte
645 1388 104 22 utskottet
763 1388 97 22 insänder
875 1388 36 22 sitt
926 1388 73 23 betän-

185 1417 69 21 kande
268 1418 7 20 i
291 1416 111 28 anledning
417 1416 21 22 af
451 1416 77 28 nädiga
542 1416 157 28 propositionen
715 1423 34 15 om
764 1416 181 29 vattenledningar
960 1418 40 21 och

185 1445 128 23 vattenverk,

255 1492 68 22 Sedan
347 1492 90 22 nämnde
459 1492 108 22 skrifvelse
588 1491 70 22 blifvit
682 1492 84 27 uppläst
788 1492 101 27 begärdes
904 1492 61 22 ordet
979 1492 23 22 af

188 1521 56 21 Herr
258 1521 144 25 Snellman,
422 1527 45 15 som
482 1521 47 21 med
545 1520 97 22 afseende
657 1521 57 27 derå,
730 1522 32 20 att
777 1521 172 22 bankutskottets
964 1521 35 21 be-
