1084 1823
308 116 181 21 Borgareståndet.
513 118 55 17 1867.
591 117 26 18 26
629 118 61 16 Mars.
834 113 41 21 299

85 204 33 20 ett
140 202 137 27 privilegium.
307 202 72 22 Skulle
402 203 178 27 Borgareståndet
601 209 29 15 nu
652 202 48 27 ingå
722 203 48 21 med
791 210 25 14 en
838 204 66 21 sådan

87 230 123 27 inbjudning
225 230 31 22 till
271 231 153 27 Ridderskapet
440 232 38 20 och
494 231 73 26 Adeln,
583 232 24 20 så
623 238 49 15 vore
684 232 35 20 det
729 234 31 19 ett
770 232 134 21 bönfallande

88 265 40 20 om,
151 260 32 20 att
205 259 116 21 detsamma
338 259 48 21 ville
401 260 65 20 ändra
481 260 31 20 sin
529 266 25 14 en
569 261 55 25 gång
639 260 99 26 vidtagna
752 260 81 26 åtgärd.
864 260 40 26 Jag

88 287 36 21 vill
145 287 59 26 fräga
219 287 6 21 i
241 287 85 21 hvilken
348 287 99 27 ställning
462 288 19 20 vi
496 287 66 21 skulle
577 288 64 20 blifva
657 288 94 25 försatta,
768 294 33 14 om
816 288 88 21 Ridder-

86 316 87 26 skapets
189 315 38 21 och
242 315 79 21 Adelns
336 322 47 15 svar
400 316 26 26 pä
441 315 149 27 inbjudningen
606 316 72 20 utfölle
693 316 101 21 nekande.
824 316 80 21 Sådant

87 343 68 22 blefve
171 344 5 20 i
193 344 76 26 högsta
283 344 52 26 grad
350 344 89 22 särande
454 344 32 21 för
500 344 185 26 Borgareständet.

155 389 56 21 Herr
226 389 172 27 Lindegvist:
418 389 40 27 Jag
472 390 41 20 kan
529 390 46 21 icke
590 389 73 22 förena
677 390 42 26 mig
734 390 6 20 i
755 390 55 20 Herr
823 389 81 27 Berghs

86 417 61 27 äsigt,
170 420 50 19 utan
244 424 62 15 anser
325 418 37 27 jag
379 418 36 21 det
429 424 50 16 vara
494 419 6 20 i
516 419 31 21 sin
563 418 94 27 ordning,
673 420 68 20 såsom
755 418 35 26 jag
806 418 58 21 äfven
880 420 24 18 är

87 446 106 26 fulleligen
209 446 128 27 öfvertygad,
353 448 31 19 att
395 446 78 21 enhvar
483 446 21 22 af
513 447 187 26 Borgareständets
711 446 117 21 ledamöter
838 446 67 21 finner

88 474 34 21 det
137 481 56 20 vara,
209 477 38 24 att,
263 481 33 15 om
313 475 153 26 Ridderskapet
482 475 38 21 och
536 475 68 22 Adeln
620 474 66 22 skulle
701 475 73 26 frängä
786 475 37 21 sitt
834 474 71 22 beslut

86 503 7 21 i
108 503 73 27 frågan
203 510 34 15 om
259 504 68 21 forum
350 504 158 27 privilegiatum,
530 504 58 21 detta
602 510 49 15 vore
667 504 31 21 till
714 503 82 22 landets
810 503 95 26 verkliga

87 531 87 22 bätnad.
205 532 45 21 Och
271 532 33 21 vid
327 539 25 14 en
372 533 64 20 sädan
457 533 137 26 öfvertygelse
609 539 62 15 anser
682 533 36 26 jag
734 532 40 21 alla
790 532 114 21 biomstän-

88 561 101 26 digheter,
207 561 70 21 säsom
293 563 32 19 att
340 561 36 21 det
392 567 48 15 vore
456 563 30 19 ett
502 561 133 21 bönfallande
651 563 31 18 att
696 567 106 20 uppmana
816 561 88 20 Ridder-

86 589 75 26 skapet
184 589 39 21 och
245 589 68 21 Adeln
335 591 33 20 att
390 589 65 21 ändra
477 589 37 22 sitt
535 589 76 27 beslut,
635 589 49 21 eller
707 592 31 19 att
759 589 75 21 sädant
855 595 49 14 vore

88 617 114 27 ogranlaga
217 617 40 21 och
271 618 24 21 sä
310 617 77 25 vidare,
403 618 45 21 icke
464 618 52 21 böra
530 618 85 21 komma
630 618 72 26 ifräga,
718 619 50 19 utan
784 617 68 21 skulle
861 617 43 26 jag,

86 645 6 21 i
108 645 67 22 likhet
195 646 48 21 med
264 645 56 28 hvad
341 646 157 21 Bondeständet
513 646 86 22 beslutit
615 646 38 21 och
668 646 7 21 i
690 645 215 22 öfverensstämmelse

88 674 47 21 med
150 674 55 21 hvad
221 675 55 20 Herr
291 675 85 26 Ostring
392 674 59 21 äfven
467 675 37 20 här
520 675 112 26 föreslagit,
648 674 90 25 förorda,
755 675 31 20 att
802 674 102 26 Borgare-

88 703 95 21 ständets
205 703 124 26 inbjudning
349 703 33 21 till
396 703 155 26 Ridderskapet
567 703 38 21 och
620 703 68 20 Adeln
704 702 67 22 skulle
787 702 118 21 utsträekas

87 731 85 26 derhän,
196 733 32 20 att
251 732 36 21 det
308 731 108 27 fränginge
438 731 47 22 hela
508 733 36 20 sitt
567 731 68 22 beslut
657 731 7 20 i
686 731 71 26 frägan
780 737 34 15 om
836 731 69 21 forum

87 755 160 36 privilegiatum.
685 759 3 2 i

156 805 56 20 Herr
227 805 135 27 Nylander:
379 806 69 21 såsom
463 805 93 22 ledamot
570 805 7 21 i
591 805 140 26 lagutskottet
746 805 64 21 beder
822 804 36 27 jag
874 805 32 20 att

88 831 21 22 få
124 834 76 20 nämna
223 835 65 24 några
311 834 44 25 ord,
379 834 26 21 då
425 834 35 26 jag
481 834 65 21 redan
561 834 6 20 i
583 833 43 21 min
649 833 136 21 omförmälda
800 832 105 27 egenskap

88 860 79 21 biträdt
187 862 114 21 utskottets
323 862 83 26 förslag.
437 863 150 26 Lagutskottet
609 861 38 22 har
662 862 32 21 för
708 862 62 25 ingen
786 861 32 21 del
833 861 73 21 urakt-

88 889 47 21 lätit
150 891 31 19 att
197 890 54 22 fästa
273 890 99 22 afseende
390 892 27 25 pä
432 891 26 21 de
473 890 170 27 granlagenhets-
659 890 37 21 och
712 890 66 21 andra
792 889 52 25 skäl,
860 895 45 15 som

87 918 23 20 af
131 918 103 22 särskilda
256 919 67 21 talare
345 919 39 21 här
405 919 131 21 framhällits.
566 919 49 21 Men
637 919 8 20 i
662 918 140 21 betraktande
824 918 22 21 af
866 918 40 20 den

88 946 106 22 allmänna
209 947 79 21 bätnad
303 948 39 21 och
357 949 65 25 nytta,
438 954 45 14 som
499 948 115 21 utskottets
629 947 77 26 förslag
720 946 70 21 kunde
805 945 101 27 medföra,

87 974 40 22 har
141 976 105 21 utskottet
261 978 69 19 ansett
345 976 31 26 sig
391 976 129 26 berättigadt
534 976 32 21 till
582 977 31 19 ett
627 976 75 20 sädant
716 974 124 22 förfarande.
866 974 41 26 Jag

88 1003 68 21 skulle
172 1004 63 21 alltsä
249 1004 32 21 för
297 1005 41 20 min
354 1004 34 21 del
403 1005 111 26 godkänna
528 1004 115 21 utskottets
658 1003 78 26 förslag
750 1005 56 20 samt
816 1002 89 26 anhälla,

88 1033 32 20 att
135 1033 85 20 ständet
235 1033 47 21 ville
297 1035 77 24 antaga
390 1033 115 21 detsamma
520 1033 6 20 i
542 1032 31 22 sin
589 1032 77 21 helhet.

157 1077 56 22 Herr
228 1079 161 21 Grundfeldt:
406 1078 66 21 ehuru
485 1079 36 26 jag
536 1084 64 21 gerna
616 1077 119 27 medgifver,
751 1079 31 19 att
798 1077 39 22 den
852 1077 54 21 före-

87 1105 74 27 slagna
176 1107 150 27 inbjudningen
342 1107 32 21 väl
390 1113 50 15 vore
454 1107 102 26 gagnelig,
572 1107 23 20 sä
610 1107 42 20 kan
665 1107 35 26 jag
716 1106 52 21 dock
778 1106 46 21 icke
834 1105 72 22 förena

89 1134 43 27 mig
146 1135 6 20 i
168 1142 25 14 en
216 1136 65 21 sådan
305 1135 74 27 åtgärd
401 1135 45 21 från
462 1136 93 21 ständets
571 1135 52 25 sida,
638 1137 50 19 utan
703 1134 112 21 instämma
829 1134 6 20 i
851 1134 56 21 Herr

89 1162 81 27 Berghs
193 1165 60 26 äsigt,
277 1164 31 21 för
330 1165 62 20 hvars
414 1165 117 25 antagande
553 1164 80 26 ganska
655 1163 85 21 talande
759 1162 46 21 skäl
820 1163 86 20 anförts.

89 1191 46 21 Och
157 1198 62 15 anser
236 1193 42 26 jag,
294 1195 32 19 att
341 1193 26 20 dä
382 1192 153 26 Ridderskapet
551 1191 39 22 och
605 1191 67 21 Adeln
688 1197 25 15 en
728 1191 55 26 gäng
798 1190 62 22 fattat
876 1192 31 19 ett

90 1219 74 22 sädant
187 1221 69 21 beslut
278 1227 45 16 som
339 1221 36 21 det
389 1221 149 26 ifrägakomna,
555 1221 23 21 sä
593 1222 24 19 är
632 1219 119 27 derigenom
766 1219 80 26 ganska
860 1219 47 21 litet

89 1247 109 28 förloradt,
215 1256 33 15 om
265 1250 34 21 det
314 1249 67 22 skulle
397 1250 89 26 gvarstä.
514 1249 40 26 Jag
569 1249 127 26 tycker.ock,
708 1250 31 19 att
752 1247 35 22 det
797 1249 23 20 är
832 1249 75 19 nästan

89 1277 67 21 under
171 1279 95 21 ständets
282 1278 109 26 värdighet
406 1280 32 19 att
449 1277 39 22 hos
498 1277 154 26 Ridderskapet
663 1277 38 21 och
711 1276 67 21 Adeln
789 1276 117 27 supplicera

90 1311 33 14 om
139 1307 31 20 ett
184 1306 128 27 frängäende
327 1307 22 21 af
363 1307 46 20 dess
424 1307 76 20 beslut.

158 1403 171 22 Sammanträdet
343 1402 109 27 upphörde
468 1402 27 21 kl.
511 1403 13 20 2
540 1409 17 14 e.
573 1408 27 15 m.

676 1441 21 16 In
708 1440 62 18 fidem:

615 1475 73 20 Sintus
706 1474 132 21 Calamnius.
