1700 1956
599 225 181 21 Borgareståndet.
805 226 55 17 1867.
883 226 13 17 6
909 226 62 17 Mars.
1131 221 40 21 143

383 309 38 21 och
444 309 86 21 dermed
546 310 110 21 bortfaller
671 310 60 21 äfven
747 311 66 26 enligt
827 311 43 20 min
885 311 64 20 tanke
965 311 36 20 det
1016 311 55 21 enda
1086 311 52 25 skäl,
1154 317 45 14 som

382 338 70 21 Kunde
467 337 68 22 finnas
550 338 33 21 för
599 339 36 20 det
649 338 120 27 föreslagna
783 339 106 20 förbudet.

450 404 33 21 Då
501 404 62 27 ingen
579 404 23 21 af
615 404 94 21 ståndets
725 405 117 21 ledamöter
857 405 72 21 vidare
945 405 91 26 begärde
1052 405 67 26 ordet,
1134 405 64 21 fram-

383 432 75 21 ställde
474 433 56 20 Herr
544 432 155 22 Talmannen
713 433 92 26 följande

450 499 153 28 Proposition:
634 500 43 21 Vill
699 499 85 22 ståndet
806 502 77 25 antaga
907 500 116 21 utskottets
1041 500 134 21 betänkande
1191 501 7 20 i

382 528 26 21 de
423 530 76 19 tvenne
514 535 75 14 senare
604 530 143 20 momenterne
763 529 22 20 af
799 529 11 27 &
826 516 42 34 8?
870 529 51 21 eller
936 529 54 20 skall
998 529 45 21 deri
1054 529 40 21 den
1106 525 91 30 ändring

381 559 69 24 göras,
466 558 32 20 att
511 558 116 20 momentet
642 557 12 21 3
669 557 45 21 helt
730 557 39 21 och
784 557 65 21 hållet
864 557 62 27 utgår
941 557 39 21 och
995 558 6 20 i
1016 559 115 20 momentet
1144 558 10 20 2
1167 564 31 14 in-

381 585 57 21 föres
460 585 75 21 orden:
558 586 52 21 eller
630 585 110 26 förgiftadt
760 586 114 21 lockbete?
903 586 32 20 De
951 591 44 16 som
1010 588 78 29 antaga
1102 586 96 27 proposi-

381 611 77 28 tioneh,
474 620 62 15 svara
548 613 30 28 ja,
594 614 25 20 de
634 620 45 15 som
695 614 88 21 omfatta
797 614 242 27 kontrapropositionen,
1055 614 40 27 nej.

448 681 163 27 Propositionen
633 681 128 22 besvarades
783 682 48 21 med
851 681 154 27 öfvervägande
1029 682 44 26 nej;
1095 682 38 21 och
1154 682 42 21 för-

381 709 97 22 klarades
494 711 6 20 i
515 710 51 26 följd
582 710 63 21 häraf
659 710 40 21 den
713 710 7 21 i
735 710 235 27 kontrapropositionen
985 712 108 25 upptagna
1108 711 89 26 ändring

384 744 51 15 vara
451 738 23 21 af
486 738 85 21 ständet
586 739 97 26 antagen.

450 801 55 21 Herr
519 800 210 27 Bronikowskij:
756 800 26 22 dä
797 807 28 14 nu
841 800 84 22 ständet
939 801 82 26 antagit
1035 801 161 27 bestämningen

382 831 32 19 att
428 829 112 27 förgiftadt
554 829 97 22 lockbete
666 829 33 21 fär
714 829 69 22 säsom
796 829 116 27 jagtmedel
927 829 113 27 begagnas,
1056 830 61 21 torde
1131 830 65 21 blifva

383 858 75 27 nödigt
480 859 32 20 att
532 857 69 22 införa
621 858 122 22 densamma
757 858 7 21 i
779 864 63 16 mom.
859 859 12 19 1
887 857 23 22 af
923 857 45 28 8:en
984 858 64 22 bland
1063 859 26 21 de
1104 859 94 27 uppräk-

383 887 55 21 nade
458 886 123 28 jagtmedel,
597 887 23 21 sä
635 888 31 20 att
681 887 98 21 förbudet
794 888 7 20 i
816 893 80 15 samma
911 888 93 20 moment
1019 894 33 14 om
1068 887 61 21 dessa
1142 887 57 27 jagt-

383 915 79 21 medels
485 916 137 20 användande
643 916 67 20 under
734 916 58 20 tiden
813 915 47 21 frän
880 916 40 20 den
936 916 10 20 1
963 915 42 27 Maj
1021 915 34 22 till
1071 916 40 21 den
1128 917 10 19 1
1155 916 43 20 No-

383 944 86 21 vember
484 944 68 21 blefve
568 944 61 21 äfven
643 943 14 21 å
671 944 108 26 förgiftadt
793 944 98 21 lockbete
906 944 126 26 tillämpligt.

451 1006 55 21 Herr
530 1006 117 26 Ostring:
676 1006 65 26 jemte
765 1006 35 21 det
821 1006 36 26 jag
878 1006 123 21 instämmer
1023 1006 6 20 i
1050 1006 55 21 Herr
1124 1006 74 21 Broni-

383 1034 99 26 kowskijs
505 1034 99 21 anhällan
627 1035 32 20 att
679 1034 110 26 förgiftadt
811 1034 98 21 lockbete
930 1034 67 20 mätte
1016 1034 79 21 införas
1109 1034 8 21 i
1131 1034 69 21 första

383 1063 117 21 momentet
522 1062 22 22 af
566 1062 53 28 &:en,
641 1062 67 22 måste
729 1062 36 27 jag
784 1064 55 19 ännu
855 1068 26 16 en
896 1062 55 27 gång
965 1062 56 21 fästa
1037 1062 95 22 ständets
1147 1069 52 20 upp-

382 1091 146 21 märksamhet
550 1090 73 27 derpä,
646 1092 32 20 att
700 1091 40 21 den
756 1091 37 21 der
808 1090 172 22 förekommande
995 1091 203 26 tidsbestämningen

383 1120 75 21 endast
480 1120 66 26 gäller
569 1126 34 14 om
618 1120 72 26 gillers
705 1119 39 21 och
760 1119 67 27 öfriga
843 1119 36 21 der
894 1119 137 27 uppräknade
1046 1120 153 26 inrättningars

383 1148 138 21 användande
544 1148 27 27 pä
594 1148 89 21 samfäld
698 1148 67 26 mark,
780 1148 97 21 hvarföre
891 1148 42 26 jag,
950 1148 67 21 ehuru
1032 1148 59 21 detta
1106 1151 94 18 moment

383 1177 65 21 redan
464 1178 24 19 är
503 1177 23 21 af
539 1176 84 22 ståndet
638 1178 93 25 antaget,
747 1176 64 21 likväl
826 1176 131 21 fortfarande
972 1176 80 26 nödgas
1067 1176 80 27 päyrka
1158 1177 41 20 den

383 1205 122 27 förändring
528 1205 49 27 deri,
602 1206 31 20 att
656 1205 42 21 alla
713 1205 46 21 deri
773 1206 108 26 upptagna
894 1204 118 27 jagtmedel
1024 1204 40 22 och
1078 1204 62 22 äfven
1156 1204 42 21 för-

382 1234 78 26 giftadt
480 1234 97 20 Jockbete
593 1233 68 21 blefve
677 1234 32 20 till
724 1233 137 26 begagnande
875 1233 108 26 förbjudet
996 1233 67 21 under
1078 1233 58 21 tiden
1152 1232 46 22 från

383 1262 39 21 den
446 1263 10 19 1
480 1262 42 26 Maj
546 1262 32 21 till
601 1262 41 20 den
665 1262 10 20 1
699 1261 126 27 November,
843 1261 19 26 ej
881 1261 55 21 blott
951 1260 27 28 pä
993 1261 96 25 samfäld,
1104 1262 52 20 utan
1171 1261 28 27 pä

383 1296 52 21 egen
454 1290 67 21 mark.
536 1290 65 21 Utom
617 1290 36 20 det
667 1289 84 27 vädliga
765 1290 8 20 i
788 1290 42 20 alla
847 1290 62 20 dessa
917 1289 126 27 jagtmedels
1053 1290 157 24 användande,

382 1319 76 21 medan
480 1318 89 22 marken
591 1320 24 19 är
634 1318 45 26 bar,
696 1320 23 18 är
735 1318 35 21 det
785 1318 60 21 äfven
859 1319 78 20 nästan
953 1317 151 21 ändamälslöst
1119 1319 32 19 att
1165 1318 34 20 för

382 1347 91 21 nämnde
488 1347 31 21 tid
534 1348 81 20 utsätta
630 1346 80 21 sädana
725 1346 39 21 och
780 1346 122 27 isynnerhet
916 1346 113 27 förgiftadt
1038 1346 105 26 lockbete,
1153 1352 45 15 som

383 1376 67 20 sällan
466 1375 26 21 dä
508 1375 81 21 medför
605 1375 65 21 äskad
685 1374 86 27 päföljd.

451 1438 55 21 Herr
522 1438 87 26 Bergh:
633 1437 33 21 Då
682 1436 67 22 första
763 1438 116 20 momentet
894 1436 23 22 af
930 1436 46 28 $:en
991 1436 66 22 redan
1073 1438 24 19 är
1112 1436 21 21 af
1142 1436 57 21 stän-

384 1467 36 21 det
434 1468 93 25 antaget,
543 1466 23 21 sä
581 1472 50 15 vore
647 1472 25 14 en
687 1472 28 14 nu
731 1466 91 20 skeende
835 1466 88 26 ändring
934 1465 61 21 deraf
1005 1465 65 26 enligt
1080 1465 43 21 min
1133 1465 65 21 tanke

383 1502 25 15 en
431 1478 140 47 oformlighet.
601 1494 33 21 En
656 1494 65 21 sädan
746 1494 88 31 ändring
855 1500 62 20 synes
939 1494 60 20 äfven
1022 1481 55 33 hvad
1097 1492 101 22 beträffar

382 1524 112 26 förgiftadt
517 1522 107 21 lockbetes
648 1522 110 20 införande
780 1522 7 20 i
809 1528 80 14 samma
903 1524 93 18 moment
1011 1522 83 26 onödig,
1111 1522 87 20 emedan

383 1552 35 21 det
441 1552 67 20 mäste
530 1556 61 15 anses
613 1550 118 26 inbegripet
752 1550 66 21 under
833 1550 26 20 de
875 1550 43 20 deri
933 1549 173 21 förekommande
1121 1549 77 21 orden:

384 1597 4 11 ,
391 1580 57 27 eller
463 1585 69 16 annan
547 1579 33 22 för
596 1578 121 22 menniskor
732 1578 39 22 och
786 1578 88 27 busdjur
889 1577 97 28 lifsfarlig
1000 1577 100 23 anstalt.'*
