1086 1784
283 148 181 22 Borgareståndet.
488 149 54 17 1867.
566 148 22 18 15
599 148 62 18 Mars.
816 143 41 21 245

140 233 56 22 Herr
210 233 151 22 Rosenius:
381 233 35 26 jag
434 233 96 21 anhåller
545 239 33 15 om
595 233 213 26 petitionsförslagets
822 232 63 22 bord-

72 262 99 27 läggning
194 261 28 28 på
245 261 109 22 obestämd
378 262 37 25 tid,
437 262 52 21 eller
508 261 42 22 tills
565 261 151 27 lagutskottets
730 261 156 21 betänkande
875 257 15 36 i

72 290 112 27 anledning
200 291 22 20 af
236 290 154 22 ofvannämnda
404 289 132 28 proposition
550 289 75 22 hunnit
635 289 33 22 till
676 289 84 22 ståndet
771 289 114 22 inkomma.

139 347 56 22 Herr
209 347 110 26 Bergh:
341 347 203 27 petitionsförslaget
559 349 23 19 är
597 346 114 26 bordlagdt
725 346 48 21 med
788 346 98 22 afseende

72 375 13 22 å
100 375 48 22 dess
163 382 74 15 senare
252 375 39 26 del,
307 375 52 22 eller
373 375 68 22 såvidt
456 375 36 22 det
506 375 65 26 angår
586 375 101 26 rättighet
705 375 32 21 för
755 375 132 21 fabrikanter

73 404 39 21 och
136 404 156 21 handtverkare
318 405 33 20 att
372 403 134 22 införskrifva
526 404 105 21 råämnen.
663 403 45 22 Och
722 410 45 15 som
783 409 26 16 en
823 403 64 27 nådig

71 433 133 27 proposition
220 439 34 14 om
269 433 101 26 utvidgad
385 432 98 22 handels-
498 432 40 21 och
552 431 150 28 näringsfrihet
716 432 61 21 torde
792 438 52 15 vara
854 433 33 20 att

72 463 59 20 snart
152 461 113 26 förväntas,
281 461 24 22 så
319 461 64 27 yrkar
398 461 43 26 jag,
460 463 32 19 att
506 461 202 26 petitionsförslaget
719 460 126 27 bordlägges
859 461 28 27 på

72 490 110 21 obestämd
204 490 39 23 tid,
265 490 28 26 på
315 490 35 21 det
368 496 49 15 man
432 489 118 22 emellertid
565 489 34 22 må
614 489 22 21 få
651 489 74 26 erfara,
742 489 103 22 huruvida
861 495 26 16 en

72 518 66 21 sådan
161 518 129 27 proposition
312 518 95 21 kommer
430 519 32 20 att
476 518 33 21 till
524 518 125 21 ständernas
663 517 98 27 pröfning
777 517 109 22 öfverlem-

71 553 44 15 nas.
144 547 145 21 Petitionären
311 547 61 21 torde
394 547 34 21 väl
450 553 41 20 nog
506 553 22 15 se
543 547 38 26 till,
597 548 32 19 att
643 546 75 27 frågan
732 546 65 21 sedan
813 546 74 22 blifver

71 575 132 28 föredragen.

86 657 4 3 =
141 633 55 20 Herr
217 631 159 27 Öhrnberg:
398 631 36 28 jag
455 633 112 20 motsätter
589 631 42 27 mig
650 632 29 21 all
693 631 152 28 bordläggning
858 632 28 27 pä

72 661 109 21 obestämd
205 661 37 21 tid.
273 661 42 20 Det
329 661 42 20 kan
386 661 47 21 leda
449 660 86 26 derhän,
550 662 33 19 att
597 660 74 27 frägan
686 660 134 26 förglömmes
835 661 51 21 eller

71 690 25 21 af
116 696 26 15 en
164 689 51 21 eller
237 696 69 14 annan
329 689 63 21 orsak
406 689 134 21 äsidosättes.
569 689 49 21 Men
633 689 89 21 emedan
735 688 36 28 jag
785 689 47 21 icke
847 689 39 21 har

71 718 65 27 nägot
158 719 58 20 emot
240 719 31 20 att
293 718 202 26 petitionsförslaget
515 718 27 26 pä
556 718 69 25 nägon
640 718 31 20 tid
686 718 121 26 ytterligare
824 718 62 21 bord-

73 748 78 26 lägges,
172 746 24 21 sä
210 746 86 22 förenar
309 746 37 27 jag
360 746 42 26 mig
417 746 79 26 derom,
511 746 55 21 blott
581 746 36 22 det
632 746 48 22 sker
695 746 27 27 pä
737 746 96 22 bestämd
848 746 37 26 tid,

72 776 24 21 sä
111 777 32 19 att
157 775 75 27 frägan
247 775 40 21 blir
303 775 126 21 observerad
444 774 28 27 pä
486 775 224 26 föredragningslistan
724 775 39 21 och
778 775 109 27 föredrag-

72 805 75 25 ningen
174 804 61 21 deraf
254 803 19 27 ej
294 803 36 21 mä
352 803 64 21 blifva
437 803 105 21 beroende
565 803 24 21 af
606 810 25 15 en
648 804 51 20 eller
714 810 80 14 annans
809 804 77 22 minne.

71 832 42 27 Jag
126 832 96 25 föreslår,
237 833 33 20 att
284 832 201 26 petitionsförslaget
499 832 35 21 må
549 832 126 26 bordläggas
690 831 27 27 på
731 833 13 20 2
760 832 84 22 veckor.

139 883 32 22 På
192 884 72 21 derom
286 882 23 23 af
329 883 56 22 Herr
406 883 165 22 Talmannen
590 883 60 28 gjord
665 883 161 28 framställning,
841 884 45 22 blef

72 912 138 22 förevarande
225 912 180 27 petitionsförslag
419 913 124 26 ytterligare
557 912 113 27 bordlagdt
684 912 28 27 på
727 913 12 20 2
754 913 83 22 veckor.

139 964 58 22 Härå
218 964 85 27 yttrade
325 965 55 20 Herr
402 964 179 27 Lindeqvist:
595 964 37 27 jag
647 964 36 21 vill
698 964 96 27 begagna
808 965 43 27 mig
865 965 23 22 af

71 993 94 21 tillfället
179 995 32 19 att
226 995 84 23 nämna,
326 993 35 21 det
376 992 61 22 äfven
450 993 37 27 jag
503 993 84 21 erhållit
601 993 23 20 af
637 993 57 21 mina
704 993 159 22 kommittenter
877 995 8 20 i

71 1022 96 26 uppdrag
190 1023 38 24 att,
251 1022 7 20 i
281 1021 68 22 likhet
370 1021 49 21 med
440 1021 55 21 hvad
511 1022 54 21 Herr
581 1021 106 22 Snellman
702 1022 7 21 i
724 1022 37 21 sitt
776 1022 110 27 petitions-

70 1050 79 27 förslag
170 1050 121 26 framställt,
306 1050 58 27 yrka,
380 1049 36 21 det
430 1049 129 27 rättigheten
574 1050 31 21 till
621 1050 108 27 bevisning
744 1056 75 21 genom
834 1051 52 21 han-

71 1078 88 21 delsbok
181 1078 39 21 och
245 1078 90 26 räkning
358 1077 57 22 öfver
435 1078 116 27 utborgade
572 1084 63 15 varor
649 1077 68 23 blefve
732 1079 107 22 utsträckt
853 1079 33 22 till

71 1107 161 25 handtverkare,
249 1106 90 27 borgare
354 1113 26 14 m.
396 1105 21 22 fl.
436 1106 48 21 Men
500 1106 28 20 då
542 1106 139 26 lagutskottet
695 1107 66 21 redan
776 1108 54 26 tagit
843 1107 43 22 frå-

70 1140 42 21 gan
133 1136 67 20 under
221 1134 104 27 pröfning,
341 1134 23 21 så
378 1134 127 22 förbehåller
522 1134 37 28 jag
573 1135 43 26 mig
631 1135 74 21 endast
719 1137 38 24 att,
773 1136 64 21 sedan
852 1138 34 19 ut-

71 1163 92 21 skottets
178 1163 133 21 betänkande
326 1163 33 21 till
374 1163 85 21 ståndet
469 1162 117 28 inkommit,
597 1165 97 20 närmare
706 1164 97 21 utveckla
813 1164 72 22 saken.

140 1214 56 22 Herr
217 1214 169 22 Talmannen
407 1214 100 27 föredrog
529 1215 36 21 det
587 1215 40 21 den
651 1215 27 21 23
695 1215 112 22 nästvikne
821 1215 61 22 Febr.

71 1242 117 27 bordlagda
210 1242 203 28 petitionsförslaget
428 1249 35 15 om
477 1244 243 26 ingvarteringstungans
732 1244 97 26 jemnare
843 1244 43 21 för-

71 1271 85 27 delning
170 1271 28 27 pä
212 1271 83 22 landets
311 1271 77 22 städer.

139 1322 10 20 I
164 1322 113 26 anledning
291 1322 63 20 häraf
368 1322 67 21 erhöll
449 1322 57 21 Herr
520 1323 88 26 Bergh
623 1324 61 19 ordet
699 1323 39 20 och
753 1324 93 25 yttrade:
857 1323 28 27 pä

71 1355 81 15 samma
166 1350 53 23 skäl,
235 1356 44 15 som
293 1350 37 26 jag
345 1350 62 20 ofvan
422 1350 77 24 anfört,
514 1350 63 26 yrkar
590 1350 42 26 jag,
649 1351 36 21 det
700 1351 65 21 måtte
775 1351 111 27 petitions-

70 1377 102 27 förslaget
186 1378 123 27 ytterligare
324 1378 126 27 bordläggas
465 1377 27 27 på
508 1379 12 20 2
535 1378 83 21 veckor.

138 1429 56 22 Herr
218 1429 146 22 Rosenius:
392 1430 27 21 då
440 1436 27 14 en
488 1430 62 27 nådig
571 1430 132 28 proposition
724 1431 7 21 i
753 1432 71 20 ämnet
838 1430 47 22 icke

71 1458 88 27 afhörts,
175 1458 95 22 anhåller
283 1458 42 28 jag,
341 1460 33 20 att
384 1458 72 27 frågan
468 1458 35 22 må
514 1459 119 21 remitteras
641 1460 32 20 till
683 1459 96 22 ståndets
790 1459 95 23 enskilda

71 1487 175 22 besvärsutskott.
277 1488 40 26 Jag
332 1494 62 15 anser
409 1494 26 15 en
449 1487 67 22 sådan
531 1488 74 22 remiss
620 1494 50 16 vara
685 1488 22 22 af
720 1488 76 27 nöden,
811 1488 28 28 på
848 1488 37 22 det

70 1516 81 28 frågan,
174 1522 45 16 som
242 1518 24 20 är
281 1516 22 22 af
324 1516 87 28 mycken
426 1516 51 28 vigt,
496 1516 36 22 må
545 1516 71 23 kunna
631 1516 63 23 blifva
709 1516 127 29 föredragen
849 1517 38 23 vid

71 1546 68 21 denna
153 1545 108 27 landtdag,
277 1545 76 22 hvaraf
366 1545 18 27 ej
400 1545 72 22 alltför
486 1546 50 27 lång
550 1546 31 21 tid
597 1552 59 16 mera
669 1546 98 22 återstår.
