1100 1831
239 146 26 21 32
435 149 181 22 Borgareståndet.
642 150 54 17 1867.
720 150 26 16 30
758 150 46 16 Jan.

210 236 69 26 spiran
302 234 8 21 i
331 235 23 21 så
369 234 72 21 starka
455 234 80 21 händer
550 234 38 20 och
603 234 54 21 låter
672 234 47 20 dem
734 234 58 20 ledas
807 233 21 21 af
842 234 30 20 ett
887 233 23 21 så
925 232 101 22 älskande

209 264 75 25 hjerta,
307 262 38 22 och
368 262 100 22 särskildt
490 262 32 21 för
544 262 35 22 det
601 262 85 21 Finska
706 262 73 24 folket,
795 261 56 21 öfver
865 262 80 21 hvilket
959 261 67 21 Eders

210 291 117 27 Kejserliga
341 291 109 26 Majestäts
465 291 61 26 höga,
543 290 63 22 milda
622 290 52 22 ande
689 290 65 22 vakar
769 290 48 21 med
831 290 23 21 så
866 289 103 27 outsäglig
980 292 46 19 kär-

210 320 41 21 lek.
281 320 53 21 Lika
356 320 48 20 litet
426 319 67 22 förmå
515 319 20 21 vi
558 319 6 21 i
587 320 38 21 ord
645 318 67 22 uttala
728 320 40 20 den
783 318 137 26 tacksamhet,
936 324 44 15 som
995 318 33 21 för

210 349 129 21 bevarandet
354 348 22 21 af
390 348 58 21 detta
463 348 66 22 Eders
544 348 116 27 Kejserliga
673 347 110 27 Majestäts
793 348 24 20 så
827 347 91 27 dyrbara
927 346 24 22 lif
960 347 68 21 starkt

210 378 39 20 och
272 376 89 27 mäktigt
382 378 36 19 rör
440 376 31 27 sig
494 376 7 22 i
516 376 72 27 djupet
603 376 21 22 af
638 376 37 21 vår
690 376 45 27 själ.
765 376 49 21 Men
828 376 20 21 vi
862 376 62 21 hafva
940 375 53 21 dock
1008 376 18 26 ej

210 406 81 21 kunnat
305 406 91 20 emotstå
412 404 104 27 behofvet,
532 407 32 19 att
578 412 34 14 om
628 405 63 21 också
706 406 26 26 på
748 406 31 20 ett
794 406 59 26 svagt
865 406 43 20 sätt
920 404 31 21 för
961 404 67 21 Eders

210 434 117 26 Kejserliga
349 433 100 27 Majestät
470 433 68 22 uttala
560 434 62 21 dessa
643 434 51 20 våra
709 433 85 22 känslor
809 446 27 2 —
850 433 92 24 känslor,
958 432 70 22 hvilka

210 462 63 22 redan
289 462 106 21 tillförene
410 462 45 21 från
470 462 103 22 särskilda
588 464 57 19 orter
660 462 6 20 i
683 461 72 22 landet
769 461 67 22 blifvit
850 462 33 20 för
897 462 68 21 Eders
980 461 49 27 Kej-

210 490 76 28 serliga
301 490 99 27 Majestät
415 490 86 22 tolkade
516 503 27 2 —
558 491 39 21 och
612 490 19 21 vi
647 490 61 21 hafva
723 490 56 21 velat
794 490 44 22 låta
852 490 91 21 beslutet
956 490 73 20 derom

210 525 50 15 vara
282 520 35 20 det
339 519 67 21 första
428 525 154 20 gemensamma
604 518 69 22 beslut
695 519 18 21 vi
728 518 53 22 fatta
796 519 27 26 på
838 518 68 21 denna
920 518 107 27 landtdag.

210 547 33 27 Ja,
266 549 99 25 emottag,
388 547 68 21 Eders
477 547 116 27 Kejserliga
608 547 106 27 Majestät,
729 553 75 20 genom
820 553 40 19 oss,
875 547 100 21 Finlands
990 547 38 21 här

211 576 126 22 församlade
358 576 92 26 ständer,
472 576 50 21 hela
544 576 34 21 det
600 576 80 21 Finska
697 576 77 21 folkets
790 576 96 26 hjertliga
901 576 128 26 glädjebety-

211 604 57 27 gelse
290 604 39 22 och
351 605 130 21 tacksamma
502 604 128 28 lyckönskan
651 605 33 20 för
705 604 67 22 Eders
787 604 117 27 Kejserliga
919 604 109 26 Majestäts

211 633 103 26 räddning
335 632 47 22 från
404 634 39 20 den
465 633 92 21 hotande
572 632 100 26 lifsfaran,
687 633 39 20 och
742 633 100 25 derjemte
858 633 46 20 dess
920 632 108 21 försäkran

212 667 33 15 om
268 662 25 21 de
315 667 72 16 varma
409 661 161 27 välönskningar
592 661 116 22 detsamma
727 661 70 22 städse
813 661 7 21 i
835 661 45 21 sina
895 661 65 21 böner
974 661 54 20 skall

211 689 106 22 frambära
338 689 32 22 till
393 690 52 26 Gud,
467 691 32 20 att
514 690 48 21 Han
577 691 56 20 ännu
648 690 60 26 länge
724 690 66 21 måtte
805 689 77 22 bevara
896 689 67 22 Eders
978 689 49 26 Kej-

212 719 76 26 serliga
308 718 110 27 Majestäts
440 718 23 21 lif
484 718 32 21 till
530 718 53 27 fröjd
599 718 39 21 och
655 718 122 27 välsignelse
791 718 33 22 för
838 719 46 20 vårt
899 718 85 21 älskade
999 718 29 21 fä-

212 747 129 22 dernesland.

279 803 77 22 Infann
371 803 33 27 sig
418 810 25 15 en
459 803 122 27 deputation
596 803 46 22 från
657 804 130 21 hedervärda
799 803 153 22 bondeståndet
961 803 67 22 under

212 831 114 22 anförande
341 832 21 21 af
376 832 200 27 landtdagsmannen
592 832 74 26 Slotte,
681 832 84 21 hvilken
780 832 143 27 tillkännagaf,
936 835 32 18 att
976 832 52 27 jem-

213 861 32 20 väl
268 861 154 21 bondeståndet
444 861 82 21 förenat
548 861 30 26 sig
593 861 7 20 i
615 860 111 28 högloflige
741 861 146 27 ridderskapet
902 861 39 22 och
956 861 72 21 adelns

213 889 61 22 ofvan
289 889 139 22 omförmälda
443 889 75 22 beslut.

279 947 56 20 Herr
356 946 159 22 Talmannen
537 947 116 21 betackade
673 947 157 26 deputationen,
846 947 66 21 hvarå
927 947 39 21 den
982 947 46 21 åter

211 975 103 22 afträdde.

279 1032 101 21 Härefter
402 1031 98 27 föredrog
522 1032 50 21 herr
589 1033 160 20 Talmannen
764 1033 35 20 det
814 1032 24 21 af
850 1033 50 21 herr
914 1033 65 21 Malm
994 1033 34 21 vid

212 1059 95 22 ståndets
329 1061 85 20 senaste
434 1061 84 26 plenum
533 1061 80 26 gjorda,
628 1067 49 14 men
692 1061 26 21 då
733 1061 117 26 bordlagda
864 1061 84 26 förslag,
964 1061 65 27 angå-

212 1088 53 21 ende
287 1088 131 21 Tavastehus
441 1089 59 21 stads
515 1089 141 26 förpligtande
671 1090 32 20 att
717 1090 35 20 vid
767 1090 69 20 denna
850 1090 101 25 landtdag
966 1091 62 20 ställa

212 1116 89 22 särskild
316 1117 125 26 fullmäktig.

279 1173 56 21 Herr
350 1173 82 21 Wolff
444 1173 66 26 ansåg
526 1175 31 20 att
570 1174 47 21 icke
632 1174 89 21 allenast
737 1174 74 21 staden
825 1174 137 26 Tavastehus,
977 1176 51 19 utan

214 1201 39 20 ock
274 1201 142 22 Tammerfors
436 1201 66 22 måtte
518 1201 109 28 förpligtas
642 1203 33 20 att
690 1205 46 18 utse
752 1209 69 14 annan
835 1205 145 24 representant
996 1203 33 21 till

213 1229 68 21 denna
295 1230 108 26 landtdag.
434 1231 32 20 En
482 1230 66 21 sådan
564 1231 74 26 åtgärd
653 1231 54 21 hade
722 1231 35 21 vid
773 1233 83 19 senaste
871 1231 101 27 landtdag
982 1231 46 21 icke

212 1257 73 22 behöft
300 1258 160 27 ifrägakomma,
476 1260 87 20 emedan
578 1259 76 21 staden
670 1259 87 27 Wiborg
771 1259 54 22 hade
841 1260 63 21 sändt
919 1261 46 20 2:ne
980 1259 48 22 full-

212 1287 100 26 mäktige,
328 1287 39 20 och
383 1287 27 20 dä
426 1288 40 20 den
482 1293 37 15 ene
534 1288 24 21 af
571 1288 47 21 dem
633 1287 45 22 blef
691 1288 76 21 utsedd
784 1289 32 20 till
831 1288 95 21 ständets
941 1289 87 24 talman,

212 1321 38 14 var
272 1315 75 20 staden
370 1315 81 21 ändock
473 1322 75 20 genom
564 1317 39 20 den
619 1317 66 20 andra
699 1317 146 26 fullmäktigen
861 1317 167 26 representerad,

212 1343 79 21 hvilket
306 1343 96 22 deremot
416 1344 56 21 hvad
487 1344 141 21 Tammerfors
643 1345 102 21 beträffar
760 1351 29 15 nu
803 1345 45 21 icke
864 1347 24 19 är
902 1345 66 22 fallet.

280 1399 56 20 Herr
351 1398 159 23 Grundfeldt
525 1400 99 21 förenade
640 1401 32 26 sig
687 1401 48 20 med
750 1400 49 21 herr
814 1400 69 21 Wolff.

280 1454 57 22 Herr
358 1455 130 22 Rosenius
506 1456 110 27 förmälde,
632 1457 36 21 det
683 1463 25 15 en
724 1457 53 26 stad,
794 1464 43 15 som
853 1458 62 21 sändt
930 1457 97 22 fullmäk-

212 1484 32 27 tig
260 1484 32 21 till
307 1484 137 26 landtdagen,
460 1484 18 27 ej
494 1485 65 21 borde
574 1485 71 22 kunna
660 1486 86 27 äläggas
761 1488 32 19 att
808 1486 55 27 välja
878 1493 26 21 ny
920 1493 108 21 represen-

212 1514 53 25 tant,
280 1513 65 21 sedan
360 1514 47 20 dess
422 1513 120 28 fullmäktig
557 1516 87 20 uttsetts
659 1515 32 21 till
708 1515 85 25 talman,
810 1516 87 21 emedan
912 1522 49 15 man
978 1516 49 22 der-

212 1542 82 26 igenom
309 1542 98 22 ähvälfde
422 1542 74 22 staden
512 1543 79 22 dubbla
604 1544 122 22 kostnader.
