1084 1786
225 133 41 20 304
411 136 182 22 Borgareständet.
618 136 54 17 1867.
696 137 26 17 26
734 136 62 17 Mars.

194 228 28 16 en
245 222 129 26 deputation,
395 221 74 22 anförd
483 220 22 22 af
519 228 25 14 en
560 220 62 22 bland
638 221 154 27 Ridderskapet
807 220 39 22 och
861 221 80 21 Adelns
955 221 57 21 inom

196 250 42 22 alla
258 250 61 21 stånd
342 252 53 19 mest
415 250 78 21 aktade
515 250 142 21 medlemmar.
687 250 74 21 Denna
779 250 89 20 medlem
883 249 129 22 framställde

193 278 33 22 till
246 278 177 27 Borgareståndet
438 278 7 21 i
460 278 106 26 verkligen
589 278 75 21 vackra
688 278 92 26 ordalag,
802 278 99 22 hurusom
916 278 96 25 stånden,

196 307 34 22 vid
245 306 153 27 behandlingen
413 306 22 21 af
449 307 26 20 de
489 307 95 26 ärender,
600 313 44 15 som
657 306 66 21 blifvit
736 306 31 22 till
780 307 124 21 ständernas
917 306 96 27 pröfning

196 335 133 27 hänskjutna,
350 335 64 22 borde
429 334 54 23 afstå
498 335 46 21 från
559 335 46 22 sina
620 335 176 22 ståndsintressen
812 335 38 22 och
865 335 75 22 endast
955 335 57 22 hålla

194 365 38 20 det
246 364 106 22 allmänna
366 364 61 21 bästa
442 363 32 22 för
489 366 88 25 ögonen.
604 364 68 21 Dessa
684 364 38 21 ord
734 363 133 28 uppfattades
880 364 21 21 af
910 364 102 26 Borgare-

194 393 85 22 ståndet
301 393 48 21 med
371 393 23 21 så
416 393 83 26 mycket
518 399 58 15 mera
591 395 77 24 värma,
684 399 44 14 som
744 393 180 26 Borgareståndet
939 394 24 19 är
977 393 36 21 det

194 422 70 26 stånd,
285 421 85 26 hvilket,
393 422 27 26 på
440 421 72 27 lagligt
527 421 51 22 eller
594 421 87 26 olagligt
695 423 49 24 sätt,
760 421 87 22 förlorat
862 423 54 19 mest
931 421 22 21 af
967 422 46 21 sina

195 450 125 27 privilegier,
341 456 48 15 men
412 449 47 22 med
481 450 69 26 glädje
572 450 55 27 gjort
643 450 60 21 dessa
718 449 143 28 uppoffringar
875 449 33 22 för
923 449 36 22 det
974 450 37 21 all-

196 481 75 19 männa
293 478 66 21 bästa.
389 478 28 21 Sä
438 479 83 26 mycket
544 485 57 15 mera
622 478 100 21 oväntadt
743 478 40 21 har
804 479 36 20 det
855 478 54 21 varit
923 478 33 21 för
971 485 40 19 oss,

195 509 32 19 att
247 507 153 26 Ridderskapet
422 507 38 21 och
482 507 69 21 Adeln
566 507 6 20 i
588 513 25 15 en
634 507 64 26 fräga,
714 513 44 15 som
774 506 33 21 för
822 507 116 21 detsamma
953 508 24 19 är
992 507 22 21 af

193 536 94 21 särdeles
307 535 53 22 liten
379 535 50 26 vigt,
447 535 116 26 öfvergifvit
579 536 68 21 denna
662 535 76 21 vackra
754 535 39 21 och
808 535 111 26 ridderliga
934 536 78 25 grund-

195 566 50 19 sats.
275 563 44 22 När
340 564 59 25 fråga
421 569 28 16 nu
472 564 78 26 väckts,
574 566 31 19 att
626 563 155 27 Ridderskapet
803 563 38 22 och
862 563 67 22 Adeln
945 563 67 22 skulle

194 593 67 20 ändra
283 592 36 20 sitt
341 591 69 22 beslut
432 593 108 25 angående
561 592 68 21 forum
652 592 159 26 privilegiatum,
835 598 50 15 vore
900 592 36 21 det
951 593 61 26 högst

196 620 129 27 opäkalladt,
347 626 34 16 om
403 620 179 27 Borgareständet
600 620 66 22 skulle
682 620 68 22 vända
766 621 31 26 sig
811 620 32 21 till
858 620 155 27 Ridderskapet

194 649 40 21 och
257 649 67 21 Adeln
346 649 46 21 med
415 655 25 15 en
464 650 127 26 uppmaning
606 650 6 20 i
628 649 74 21 sädant
723 648 61 28 syfte,
806 649 27 21 dä
856 649 35 21 det
913 649 45 21 helt
973 649 38 21 och

194 677 67 21 hället
282 678 66 20 borde
370 677 50 21 bero
444 678 27 26 pä
494 678 154 26 Ridderskapet
663 678 38 20 och
717 678 67 20 Adeln
800 678 61 26 sjelft,
877 684 34 15 om
927 678 35 21 det
976 678 35 20 vill

194 706 74 26 frängä
290 706 38 21 sitt
342 706 71 22 beslut
427 706 52 22 eller
493 706 56 26 icke;
568 706 54 22 helst
637 706 153 27 Ridderskapet
806 706 38 21 och
859 706 68 22 Adeln
943 706 18 27 ej
977 707 35 20 mä

195 740 51 16 vara
261 734 23 22 sä
299 736 60 24 svagt
381 735 38 20 och
442 734 108 27 epenkärt,
572 737 32 19 att
622 735 34 20 det
671 734 46 22 icke
732 734 67 22 skulle
814 734 71 22 kunna
900 735 66 21 ändra
981 737 31 19 ett

194 762 75 26 beslut,
293 768 45 16 som
361 763 52 21 visat
435 763 32 26 sig
489 769 50 15 vara
562 765 90 25 omoget,
675 765 51 19 utan
749 765 68 23 vänta,
834 764 35 20 det
885 763 26 21 de
926 763 86 21 ofrälse-

194 791 89 21 stånden
299 791 51 21 eller
366 792 65 25 något
445 791 22 21 af
481 791 47 21 dem
544 791 53 21 skall
614 791 94 27 uppofira
723 791 31 26 sig
764 791 32 21 för
806 793 31 20 att
847 792 66 21 rädda
923 792 87 21 Ridder-

193 820 86 26 skapets
290 819 39 22 och
340 820 77 20 Adelns
432 819 45 21 lilla
487 819 89 27 fåfänga.
602 820 97 21 Tvertom
710 822 45 18 tror
763 820 42 26 jag,
816 822 31 19 att
857 820 155 26 Ridderskapet

194 848 39 21 och
249 848 67 21 Adeln
331 848 64 21 funne
409 848 32 26 sig
455 848 79 25 säradt,
550 854 34 16 om
599 849 65 25 nägot
679 848 22 21 af
714 849 26 21 de
756 848 75 22 ofrälse
843 849 89 21 ständen
944 848 67 22 skulle

193 876 63 27 bedja
270 876 155 27 Ridderskapet
441 877 38 20 och
495 877 66 21 Adeln
578 877 66 20 ändra
659 878 31 19 ett
705 876 74 26 beslut,
795 883 45 15 som
857 878 35 20 det
907 876 56 27 sjelft
973 877 38 21 har

194 906 44 20 rätt
253 905 38 21 och
307 904 56 22 kraft
377 906 32 20 att
424 905 71 21 ändra.

262 962 55 21 Herr
338 961 133 22 Rosenius:
494 962 42 26 mig
556 968 60 21 synes
632 961 156 28 privilegiernas
804 962 30 21 tid
849 969 50 15 vara
914 964 42 25 ute,
972 963 40 21 och

194 990 68 21 mäste
281 990 36 27 jag
340 990 81 21 derföre
444 997 49 14 anse
516 991 89 21 ständen
628 990 108 21 efterhand
759 991 52 21 böra
831 991 71 26 afsäga
921 991 31 26 sig
967 991 45 22 sina

194 1018 118 27 privilegier
334 1021 55 18 samt
411 1019 26 26 pä
459 1019 38 21 allt
519 1020 81 26 möjligt
619 1021 43 19 sätt
677 1019 51 21 söka
744 1019 63 21 verka
823 1019 84 27 derhän,
924 1021 31 20 att
971 1020 41 21 alla

194 1047 64 21 blifva
273 1047 42 20 lika
329 1047 55 20 inför
397 1047 67 26 lagen,
481 1047 38 21 och
535 1050 31 18 att
581 1048 61 26 ingen
658 1047 82 21 skilnad
753 1047 66 22 finres
830 1047 89 22 emellan
929 1047 85 22 landets

194 1075 99 21 invånare
308 1075 7 20 i
330 1075 97 22 afseende
442 1076 13 20 å
469 1076 244 26 rättegängsordningen.
738 1076 26 27 Ej
776 1076 66 21 heller
851 1076 42 21 kan
902 1077 36 26 jag
948 1076 62 27 finna,

194 1104 37 21 det
246 1103 177 27 Borgareständet
441 1104 66 21 skulle
523 1104 133 26 förödmjuka
672 1104 37 26 sig,
725 1111 34 14 om
776 1105 35 20 det
826 1105 6 20 i
847 1111 26 15 en
888 1105 124 27 inbjudning

194 1132 7 20 i
216 1133 71 20 ämnet
309 1132 31 21 till
363 1132 154 27 Ridderskapet
539 1133 39 20 och
601 1133 68 21 Adeln
690 1133 94 21 uttalade
806 1133 32 21 sin
853 1133 54 27 äsigt
923 1133 50 26 deri,
989 1136 22 24 ty

194 1160 60 21 detta
275 1160 108 21 uttalande
405 1161 88 21 innebär
507 1161 17 26 ej
541 1161 65 26 nägot
627 1161 180 26 förödmjukande,
829 1164 52 19 utan
904 1168 50 15 vore
977 1162 35 21 det

194 1190 90 20 tvertom
307 1189 117 26 fägnesamt
446 1195 34 15 om
503 1189 121 26 derigenom
646 1195 86 21 vunnes,
755 1192 32 19 att
804 1190 153 26 Ridderskapet
972 1190 39 21 och

194 1216 68 22 Adeln
278 1216 68 22 skulle
361 1216 73 27 frängä
449 1218 37 20 sitt
500 1218 80 21 kanske
594 1218 121 21 förhastade
731 1218 74 21 beslut.
831 1218 42 22 Det
884 1218 65 22 borde
962 1225 50 15 vara

195 1245 37 20 vär
247 1245 92 21 sträfvan
355 1247 33 23 att
401 1246 64 21 verka
475 1245 85 27 derhän,
572 1249 32 18 att
614 1246 126 22 ätminstone
750 1247 42 21 alla
802 1247 79 22 sädana
893 1247 118 26 privilegier

194 1273 101 27 upphöra,
311 1280 44 15 som
371 1274 45 21 icke
432 1274 93 21 medföra
535 1275 69 26 någon
615 1275 122 22 ekonomisk
747 1275 66 21 fördel
824 1275 32 21 för
867 1275 64 26 något
943 1275 68 27 stånd,

194 1303 106 20 äfvensom
322 1303 21 20 vi
364 1302 52 21 böra
436 1303 79 21 sträfva
537 1303 76 26 dertill,
636 1305 32 19 att
688 1303 60 21 äfven
763 1303 42 22 alla
820 1303 95 22 enskilda
929 1304 81 21 stånds-

194 1330 119 26 privilegier
333 1332 54 19 samt
409 1331 84 25 sådana,
514 1337 46 14 som
582 1331 84 20 tillhöra
683 1332 83 25 jorden,
786 1332 123 25 upphäfvas,
925 1332 39 21 och
980 1333 31 19 att

193 1357 88 50 jämna
303 1358 58 21 såväl
380 1358 75 26 jorden
477 1365 45 14 som
546 1359 61 26 lagen
629 1358 68 21 blefve
719 1358 42 23 lika
783 1359 32 22 för
835 1359 41 22 alla
891 1359 120 22 invånare
1001 1354 14 36 i

202 1388 69 19 andet.

262 1443 55 22 Herr
333 1443 110 27 Östring:
459 1443 48 22 med
522 1445 38 20 vår
574 1444 180 27 ståndsindelning
769 1444 65 23 borde
849 1445 36 22 det
899 1445 46 22 icke
958 1445 53 22 före-

194 1471 50 21 falla
259 1473 22 20 så
296 1471 149 28 besynnerligt,
462 1479 34 15 om
511 1472 57 22 inom
583 1473 57 21 olika
655 1474 62 20 stånd
733 1473 56 22 olika
804 1473 68 22 beslut
887 1474 70 22 fattas.
978 1475 33 21 En

194 1500 119 28 nödvändig
333 1500 51 28 följd
407 1500 58 23 deraf
486 1500 38 22 har
547 1501 54 22 altså
618 1501 54 22 varit
687 1502 7 20 i
708 1502 42 22 alla
765 1502 54 22 tider
834 1502 39 22 och
888 1502 46 22 icke
949 1503 62 21 minst

194 1529 34 22 vid
250 1530 82 21 senaste
352 1529 106 29 landtdag,
481 1532 32 19 att
535 1530 201 28 sammanjemkning
758 1532 66 21 måste
847 1534 38 24 äga
900 1538 55 21 rum;
972 1532 38 22 och
