1095 1839
231 140 26 20 98
421 144 177 20 Borgareståndet.
623 144 56 17 1867.
703 145 25 16 23
741 144 57 17 Febr.

202 229 122 24 innehåller,
340 229 23 21 så
377 228 73 27 tycker
462 229 37 26 jag
514 229 35 21 det
564 235 50 15 vara
629 228 98 27 temligen
742 229 87 27 onödigt
843 230 32 19 att
884 235 29 15 nu
923 230 92 26 upptaga

203 259 68 19 denna
288 257 89 27 petition
395 257 32 21 till
443 257 91 21 särskild
549 256 127 27 behandling
691 258 7 20 i
713 257 182 27 Borgareståndet,
911 259 51 19 utan
972 257 42 22 kan

203 286 36 21 det
261 286 64 21 blifva
345 286 105 21 beroende
472 286 35 20 vid
529 286 55 21 hvad
605 285 157 22 vederbörande
776 286 82 21 utskott
873 286 33 20 vid
922 286 93 21 behand-

202 314 70 26 lingen
287 314 23 22 af
321 314 158 28 propositionen
494 314 8 21 i
517 316 71 19 ämnet
602 314 67 21 finner
683 314 33 20 för
731 315 51 26 godt
796 316 32 19 att
842 314 83 22 föreslå.

270 371 56 21 Herr
348 370 153 23 Snellman:
522 371 66 26 enligt
602 370 55 22 hvad
669 370 37 26 jag
721 370 36 21 vill
771 371 99 26 påminna
883 371 49 26 mig,
947 371 67 21 finnes

203 400 36 20 det
253 400 7 20 i
272 399 74 26 sjelfva
359 399 116 27 petitionen
490 400 129 23 omnämndt,
635 400 31 20 att
681 398 40 21 den
736 398 81 27 Nådiga
836 399 157 27 propositionen
1008 400 7 20 i

203 429 70 20 ämnet
294 428 121 26 innehåller,
441 429 31 19 att
494 428 36 20 det
551 428 69 20 dertill
643 427 94 21 hörande
756 427 100 27 förslaget
870 429 104 25 upptager
989 434 25 15 en

202 456 106 22 realskola
329 456 7 21 i
358 456 93 27 Kuopio;
476 455 90 21 hvarhos
583 456 37 26 jag
634 456 33 20 får
681 456 93 26 tillägga,
790 458 31 19 att
835 456 8 21 i
858 457 64 26 sagde
936 456 78 27 förslag

202 484 146 26 förekommer,
371 486 33 19 att
425 485 47 21 icke
492 484 88 21 allenast
595 484 7 20 i
617 484 89 27 Kuopio,
721 486 52 19 utan
788 484 59 22 äfven
862 485 7 20 i
884 484 51 22 flera
949 485 66 21 andra

202 513 71 22 städer
288 513 65 21 borde
367 513 90 21 inrättas
472 512 78 22 sådana
565 513 76 21 skolor.

206 594 10 3 +
269 569 56 22 Herr
348 569 152 27 Nylander:
523 570 37 26 jag
586 570 67 26 hyllar
682 576 80 15 samma
786 570 77 26 äsigter
887 576 45 16 som
958 570 57 21 Herr

202 598 93 27 Östring,
318 600 32 20 att
369 598 201 27 petitionsförslaget
584 598 47 22 icke
645 598 42 21 kan
702 598 119 22 remitteras
840 599 81 21 direkte
936 599 33 21 till
984 601 31 19 ett

203 627 87 21 allmänt
307 627 88 21 utskott.
412 626 44 22 Och
471 627 48 21 med
527 627 111 26 anledning
647 627 22 21 af
679 627 54 21 hvad
746 627 55 21 Herr
811 627 63 21 Holm
885 628 129 26 omnämnät,

202 662 62 14 anser
283 656 42 26 jag,
348 657 32 19 att
395 655 27 21 dä
437 656 39 20 den
492 655 82 27 Nädiga
588 655 157 27 propositionen
760 655 115 21 innehäller
891 658 30 19 ett
936 656 79 26 förslag

202 685 31 20 uti
252 684 159 27 ifrågavarande
433 684 59 26 syfte,
515 684 58 21 detta
596 684 64 20 borde
682 690 51 15 vara
755 684 122 26 tillräckligt
891 684 33 21 för
938 685 76 21 sakens

202 712 130 22 bedömande
353 712 31 21 uti
400 712 208 25 ekonomiutskottet,
625 718 45 16 som
685 712 94 22 kommer
794 714 32 19 att
840 712 118 28 handlägga
972 713 42 21 frä-

202 748 46 20 gan.
279 741 203 26 Petitionsförslaget
504 741 97 27 päkallar
623 741 88 26 derföre,
734 741 64 26 enligt
819 741 42 21 min
877 741 59 28 äsigt,
952 743 61 26 ingen

201 771 72 20 vidare
295 770 80 27 ätgärd,
397 771 52 20 utan
470 770 71 21 kunde
564 770 73 21 endast
653 770 72 27 läggas
739 770 33 21 till
787 770 156 27 handlingarne,
959 771 56 21 helst

202 799 207 25 ekonomiutskottet,
432 798 116 27 petitionen
570 798 89 26 förutan,
682 799 39 20 bör
743 805 60 15 anses
821 801 39 24 äga
874 799 141 22 kännedom
1000 794 18 35 i

202 827 72 27 saken,
290 828 39 21 och
343 827 71 21 kunna
429 827 67 21 utleta
511 827 7 21 i
533 827 71 22 hvilka
619 827 71 21 städer
704 827 129 22 inrättandet
848 827 22 22 af
879 828 79 21 sädana
966 829 49 20 sko-

201 856 33 22 lor
248 856 42 21 kan
305 856 85 21 komma
403 855 73 27 ifräga.

269 913 56 22 Herr
346 913 160 22 Cederman:
526 913 37 26 jag
583 919 61 15 anser
659 913 84 21 ståndet
758 913 46 21 icke
820 919 51 15 vara
885 913 129 27 berättioadt

202 943 32 20 att
248 942 140 27 undertrycka
402 941 122 26 petitionen,
540 941 121 27 isynnerhet
676 947 44 15 som
737 948 25 15 en
776 942 131 26 proposition
917 942 8 21 i
935 948 79 15 samma

201 970 55 27 syfte
277 970 66 21 finnes
366 970 114 21 ständerna
494 970 104 26 förelagd;
614 969 39 22 och
668 969 65 22 borde
749 970 83 21 ständet
847 970 82 21 derföre
943 971 71 21 remit-

201 1000 46 19 tera
271 998 201 27 petitionsförslaget
494 998 31 21 till
548 999 86 20 allmänt
655 998 88 26 utskott,
766 998 32 21 för
819 1000 32 19 att
873 999 37 20 der
924 1001 60 24 tagas
1006 1000 6 20 i

202 1027 153 26 öfvervägande
369 1027 8 20 i
392 1027 150 26 sammanhang
556 1027 48 21 med
625 1027 157 26 propositionen
796 1027 8 21 i
819 1029 76 22 ämnet.
926 1027 88 22 Ständet

201 1055 42 21 kan
265 1055 83 22 derföre
368 1055 46 21 icke
436 1061 60 15 anses
518 1055 63 21 hafva
596 1055 122 26 obetingadt
733 1055 93 26 godkänt
840 1055 107 28 förslaget,
963 1058 51 19 utan

200 1083 40 22 har
262 1090 74 20 genom
355 1084 101 21 remissen
471 1083 74 22 endast
560 1084 95 26 fullgjort
670 1084 31 20 sin
717 1084 53 26 pligt
784 1086 32 19 att
831 1084 127 21 öfverlemna
973 1085 41 21 för-

202 1113 67 26 slaget
285 1112 32 21 till
332 1113 110 24 utskottet,
458 1112 32 21 för
505 1114 31 19 att
552 1113 37 20 der
604 1114 59 25 tagas
679 1112 7 21 i
701 1112 154 27 öfvervägande
865 1113 32 22 till
908 1113 40 21 den
957 1113 58 22 kraft

202 1141 39 21 och
256 1141 79 21 verkan
350 1141 36 21 det
400 1141 63 21 hafva
476 1141 48 20 kan.

268 1197 57 22 Herr
346 1197 150 22 Snellman:
513 1197 38 27 jag
570 1197 85 22 förenar
675 1197 43 26 mig
732 1198 48 20 med
794 1198 55 21 Herr
865 1193 85 32 Östring
962 1199 51 24 deri,

202 1227 31 20 att
256 1226 35 21 det
313 1226 18 26 ej
347 1228 24 19 är
385 1227 96 26 lämpligt
496 1228 31 19 att
542 1226 108 21 remittera
664 1226 201 27 petitionsförslaget
879 1227 33 20 till
927 1227 86 21 allmänt

202 1255 88 25 utskott,
313 1255 64 20 innan
398 1255 35 20 det
456 1254 68 21 blifvit
545 1254 107 21 förberedt
674 1255 8 20 i
701 1254 94 21 ständets
810 1255 94 21 enskilda
919 1255 94 22 besvärs-

200 1283 89 21 utskott.

269 1341 55 20 Herr
339 1339 98 27 Bergh:
453 1340 37 26 jag
504 1339 121 21 instämmer
639 1339 6 21 i
661 1339 56 22 Herr
727 1339 126 22 Cedermans
865 1340 97 27 yttrande
973 1340 39 22 och

210 1374 61 15 anser
292 1368 101 24 åtgärden
417 1370 32 18 att
473 1368 83 21 ståndet
578 1367 118 21 remitterar
718 1368 198 26 petitionsförslaget
930 1369 32 20 till
978 1368 35 22 det

209 1395 89 26 utskått,
322 1402 34 14 om
379 1395 115 21 behandlar
515 1394 73 28 sjelfva
609 1395 158 27 propositionen
781 1395 7 21 i
803 1397 76 24 ämnet,
895 1396 45 21 icke
955 1396 57 21 inne-

203 1423 51 21 bära
270 1424 64 26 något
348 1423 92 26 gillande
454 1423 51 21 eller
520 1423 103 27 ogillande
638 1423 22 21 af
673 1423 105 27 förslaget,
794 1425 49 19 utan
857 1424 73 21 endast
944 1425 69 21 utvisa

202 1453 32 21 att
251 1453 84 21 ståndet
349 1452 56 21 velat
418 1452 45 21 låta
477 1452 103 21 utskottet
598 1451 20 22 få
633 1453 53 25 veta,
702 1452 35 22 det
752 1459 26 15 en
792 1452 99 22 kommun
906 1455 66 25 yttrat
986 1460 26 15 en

204 1481 81 21 önskan
306 1481 7 21 i
332 1487 79 15 samma
433 1480 59 28 syfte,
512 1487 45 15 som
572 1480 157 28 propositionen
744 1480 119 23 innehåller.
893 1482 119 22 Petitionen

203 1510 41 21 kan
267 1510 24 27 ju
311 1509 105 22 innehålla
438 1509 51 24 skäl,
511 1510 70 21 hvilka
600 1509 69 21 kunna
684 1516 51 15 vara
749 1510 64 22 värda
827 1511 32 20 att
873 1510 22 22 af
909 1511 104 21 utskottet

203 1540 61 26 tagas
278 1539 7 21 i
300 1538 144 26 betraktande,
460 1538 39 22 och
513 1538 64 22 redan
593 1538 39 22 den
648 1538 186 28 omständigheten,
845 1540 32 21 att
886 1539 126 23 kommunen
