1109 1814
304 144 181 21 Borgareståndet.
510 145 55 17 1867.
589 146 26 16 28
626 145 47 17 Jan.
842 140 25 20 15

151 228 49 22 Med
214 228 99 22 afseende
328 229 13 21 å
355 229 106 27 utgången
476 229 24 21 af
513 230 127 26 föregående
655 230 96 26 votering
760 230 93 26 företogs
866 230 29 20 öf-

82 262 36 16 ver
134 257 68 21 denna
217 258 130 25 proposition
362 260 74 24 genast
451 258 69 21 sluten
535 258 130 26 omröstning
679 258 48 20 med
740 258 125 26 afläggande
875 257 23 21 af

82 291 26 15 en
123 285 63 21 bland
207 285 26 21 de
248 285 116 21 aflemnade
380 286 142 21 röstsedlarne
538 286 106 27 oöppnad;
661 286 39 21 och
714 286 76 21 utföllo
801 287 95 20 rösterne

83 313 91 21 derefter
189 313 49 21 med
254 313 25 21 13
292 314 24 26 ja
331 315 57 19 emot
404 314 26 20 14
444 314 42 26 nej.

150 369 69 21 Sedan
235 370 84 21 ständet
334 370 89 21 sälunda
437 376 76 21 genom
529 371 69 21 denna
612 370 131 28 omröstning
757 371 92 21 bestämt
864 370 33 27 sig

82 398 34 21 för
138 400 31 19 ett
191 398 59 22 antal
268 398 24 22 af
312 399 34 21 nio
362 399 110 27 elektorer,
488 400 74 21 skreds
578 400 32 20 till
624 399 35 21 val
673 398 22 22 af
708 400 62 21 dessa
784 399 112 26 elektorer,

82 426 82 22 hvilket
178 427 116 22 anställdes
309 428 48 21 med
372 428 70 21 slutna
457 428 81 28 sedlar;
554 428 40 22 och
610 428 95 22 utvisade
719 428 62 22 dessa
794 428 36 21 vid
844 434 52 21 upp-

83 456 129 26 summering
228 456 38 21 och
282 456 54 21 efter
351 456 36 22 det
402 462 24 15 en
442 457 92 21 valsedel
548 457 8 21 i
566 456 104 22 anseende
681 458 32 20 till
723 457 105 21 befunnen
841 457 56 21 orik-

82 484 68 27 tighet
165 484 45 21 deri
224 485 114 26 kasserats,
353 484 93 27 följande
460 486 76 26 högsta
551 485 110 26 röstantal,
678 486 108 26 nemligen:
798 485 33 21 för
841 485 56 21 Herr

82 512 112 27 Ohrnberg
216 514 34 25 23,
273 514 55 21 Herr
350 513 66 22 Wolff
428 514 34 27 20,
478 514 55 21 Herr
547 514 70 27 Bergh
634 514 32 27 17,
682 514 80 22 Herrar
777 514 65 21 Malm
857 514 39 21 och

82 541 154 28 Bronikowskij
262 542 104 21 hvardera
382 543 32 25 16,
430 543 55 21 Herr
500 543 108 21 Sneliman
624 543 32 25 15,
672 543 55 21 Herr
741 543 107 27 Nylander
864 544 32 25 14,

82 571 80 20 Herrar
176 570 110 27 Rosenius,
301 571 123 26 Lindegvist
440 571 38 21 och
494 571 111 22 Lindblom
620 577 26 15 en
661 571 51 22 hvar
728 572 32 20 13.

150 627 10 21 I
176 627 92 27 enlighet
282 627 88 22 härmed
385 628 39 21 och
439 629 65 20 sedan
519 628 93 26 lottning
626 628 97 21 anställts
738 628 89 21 emellan
842 628 54 21 Her-

82 662 36 15 rar
142 656 111 26 Rosenius,
268 656 124 27 Lindeqvist
406 657 40 21 och
461 657 118 25 Lindblom,
594 657 71 21 hvilka
681 657 84 21 erhållit
780 657 43 20 lika
837 657 59 20 antal

82 686 76 25 röster,
181 685 73 21 dervid
276 685 91 22 lotterne
389 685 75 22 utföllo
480 685 22 22 åt
518 685 26 21 de
559 685 77 22 tvenne
650 685 150 28 förstnämnde,
816 685 79 22 förkla-

82 713 62 22 rades
159 720 51 15 vara
224 714 33 21 till
272 714 95 21 ständets
380 715 106 20 elektorer
498 714 100 21 utsedde:
608 715 80 21 Herrar
698 713 117 27 Öhrnberg,
826 714 69 26 Wolff,

81 742 77 27 Bergh,
183 743 71 26 Malm,
278 743 159 27 Bronikowskij,
463 743 113 26 Snellman,
601 743 113 27 Nylander,
738 743 103 21 Rosenius
856 743 40 21 och

81 771 128 27 Lindeqvist.

149 828 77 21 Medan
246 829 136 20 förenämnde
404 829 33 20 val
459 828 120 27 försiggick,
602 828 103 21 anmältes
723 828 39 21 och
778 830 117 25 emottogos

83 856 52 22 hvar
150 857 54 21 efter
219 863 69 15 annan
304 857 147 27 deputationer
466 857 46 21 från
523 857 165 26 Bondeståndet,
699 856 75 22 anförd
784 857 23 21 af
817 857 79 21 Landt-

82 886 142 26 dagsmannen
248 885 116 26 Punderus,
384 886 156 25 Ridderskapet
554 886 40 21 och
609 886 74 25 Adeln,
699 885 67 21 under
781 885 115 21 anförande

80 914 24 21 af
116 914 100 21 Friherre
238 920 41 15 von
294 914 57 21 Troil
367 914 39 21 och
420 914 168 26 Prestaståndet,
604 914 75 21 anförd
694 914 23 21 af
730 914 166 26 Kontraktspro-

80 945 46 19 sten
141 943 83 26 Hellén,
241 943 71 21 hvilka
327 943 85 21 helsade
427 943 180 26 Borgareståndet
621 943 48 21 med
684 942 92 27 följande
792 943 47 20 ord:

146 1000 214 27 Landtdagsmannen
382 1000 152 22 Punderus:
558 1000 13 21 å
592 1000 74 26 finska,
691 1000 89 27 lydande
795 1000 7 21 i
817 1000 76 20 svensk

80 1028 153 27 öfversättning
248 1028 97 22 sålunda:

148 1085 158 21 Bondeståndet
320 1086 39 20 har
374 1085 124 27 uppfordrat
514 1092 40 19 oss,
571 1086 48 20 dess
634 1085 135 27 deputerade,
788 1086 32 20 att
835 1084 59 22 helsa

82 1113 35 21 det
139 1113 120 27 högaktade
282 1114 191 26 Borgareståndets
488 1115 172 25 representanter
674 1114 28 26 på
717 1114 69 20 denna
800 1112 23 22 af
836 1113 59 21 Hans

79 1142 119 26 Kejserliga
219 1142 100 27 Majestät
341 1143 6 20 i
369 1142 66 21 nåder
457 1143 79 26 utlysta
550 1142 110 26 landtdag,
676 1142 39 22 och
730 1142 63 21 hafva
807 1142 19 20 vi
843 1143 51 19 äran

79 1176 29 15 nu
129 1171 113 21 välkomna
257 1171 57 21 såväl
329 1170 84 22 ståndet
428 1177 45 15 som
488 1170 72 27 hvarje
576 1172 48 20 dess
639 1171 89 21 medlem
744 1170 96 25 enskildt,
858 1171 36 19 ön-

80 1199 79 21 skande
181 1198 67 27 lycka,
271 1200 81 20 krafter
367 1199 39 21 och
421 1200 89 26 endrägt
525 1200 27 26 på
568 1200 68 20 denna
650 1199 102 26 landtdag
766 1198 40 22 och
821 1200 31 19 att
868 1198 26 21 de

79 1234 29 14 nu
128 1228 137 26 begynnande
288 1228 210 27 öfverläggningarne
519 1228 35 21 må
572 1228 66 20 blifva
652 1228 33 21 till
700 1228 47 20 vårt
762 1227 86 21 älskade
863 1226 31 22 fä-

80 1256 136 22 derneslands
239 1263 54 20 gagn
312 1256 39 22 och
365 1256 69 27 lycka.
463 1257 26 21 Vi
504 1256 81 27 hoppas
601 1256 60 22 äfven
676 1258 32 19 att
724 1256 35 21 det
774 1255 120 27 högaktade

79 1284 176 27 borgareståndet
277 1285 33 21 för
332 1286 32 20 sin
386 1285 34 21 del
435 1285 55 21 skall
504 1284 114 22 medverka
634 1285 60 21 äfven
710 1284 22 22 åt
746 1290 35 15 oss
794 1284 98 26 jordbru-

79 1313 51 21 kare
146 1314 31 21 till
193 1314 41 21 den
248 1314 116 26 framgång,
380 1320 45 15 som
440 1314 20 21 vi
475 1320 28 14 nu
518 1314 7 21 i
540 1313 114 27 synnerhet
663 1313 97 25 behöfva,
771 1312 27 22 då
808 1312 86 27 olyckor

80 1342 40 21 och
141 1343 125 21 missvexter
287 1342 24 21 så
329 1343 87 27 sorgligt
431 1342 91 22 drabbat
536 1348 35 15 oss
586 1342 102 27 samtlige.
718 1342 27 21 Vi
760 1341 84 21 anhålla
859 1348 34 14 om

80 1373 33 19 att
128 1377 53 15 vara
196 1371 120 21 inneslutna
330 1371 7 21 i
352 1371 36 22 det
402 1372 120 26 högaktade
538 1370 95 22 ståndets
648 1372 80 26 ynnest.

147 1428 99 21 Friherre
262 1434 40 15 von
317 1428 87 21 Troil:
425 1428 11 21 I
450 1428 113 25 anledning
578 1428 24 21 af
615 1428 40 21 den
670 1434 28 14 nu
713 1426 97 27 öppnade
824 1426 70 21 landt-

80 1456 66 27 dagen
168 1456 33 21 får
223 1456 156 27 Ridderskapet
399 1456 39 21 och
460 1456 68 21 Adeln
550 1455 129 21 härmedelst
699 1461 75 20 genom
790 1460 40 20 oss,
846 1455 48 20 dess

80 1485 70 20 dertill
166 1485 88 20 utsedde
274 1484 136 26 deputerade,
426 1484 32 21 till
474 1483 111 27 Välloflige
600 1483 179 26 Borgareståndet
792 1482 102 21 framföra

79 1513 33 21 sin
134 1513 96 27 helsning
253 1513 39 21 och
313 1513 136 27 lyckönskan.
478 1512 157 27 Ridderskapet
657 1511 39 22 och
710 1511 74 26 Adeln,
800 1517 45 15 som
860 1511 33 20 till

80 1542 50 22 fullo
153 1543 126 26 uppskattar
301 1541 26 23 de
347 1541 108 28 betydliga
469 1541 150 27 uppoffringar,
635 1541 71 22 hvilka
721 1541 109 21 städernes
846 1539 46 22 bor-
