1084 1781
283 132 181 22 Borgareständet.
487 133 55 21 1867.
561 126 28 32 30
601 126 62 32 April.
812 127 40 20 647

137 217 69 22 Sedan
221 217 143 23 betänkandet
378 218 69 21 blifvit
462 218 90 27 uppläst,
567 218 84 27 yttrade
666 218 42 27 sig:

137 274 56 21 Herr
208 274 146 22 Cederman:
370 274 104 22 utskottet
488 274 39 21 har
541 274 7 21 i
561 274 36 22 sitt
607 274 133 22 betänkande
750 275 7 20 i
769 274 114 21 allmänhet

70 302 78 21 skänkt
166 303 38 20 sitt
218 302 121 22 förtroende
355 302 31 21 till
402 302 26 21 de
443 302 111 27 uppgifter,
570 309 44 15 som
629 303 8 20 i
652 302 231 26 petitionsmemorialet

69 330 136 22 förekomma.
235 330 41 21 Det
298 332 24 20 är
342 331 74 21 endast
430 331 7 21 i
452 337 26 15 en
494 331 159 26 omständighet,
669 336 45 16 som
729 330 104 22 utskottet
847 330 35 21 be-

69 358 67 22 tviflat
154 358 128 27 riktigheten
297 359 23 21 af
331 359 61 21 dessa
407 359 111 27 uppgifter.
548 359 41 21 Det
604 359 65 27 gäller
684 359 104 27 nemligen
803 359 80 21 antalet

70 387 23 22 af
113 388 25 20 de
160 388 79 25 läkare,
260 393 45 16 som
320 388 30 20 uti
366 388 25 20 de
406 387 159 27 ifrägavarande
580 388 111 20 trakterna
705 388 32 21 för
752 387 131 21 närvarande

69 418 37 19 äro
129 416 111 21 anställda.
269 415 111 22 Utskottet
402 418 61 24 säger
475 416 31 26 sig
521 416 62 21 hafva
597 416 48 21 frän
657 415 56 22 ärets
728 416 155 20 statskalender

70 444 84 22 erhällit
175 444 56 21 notis
253 444 79 25 derom,
355 446 31 19 att
404 444 6 21 i
426 451 80 14 samma
521 444 82 22 trakter
617 444 67 21 finnas
699 444 45 21 icke
759 444 80 21 mindre
855 446 27 18 än

71 473 12 23 9
105 472 79 22 sådana
204 472 79 22 läkare.
312 472 41 27 Jag
374 472 38 22 har
434 472 33 22 för
489 473 42 20 min
547 473 33 21 del
595 472 45 22 icke
656 472 147 22 öfverkommit
818 472 65 27 något

71 502 107 26 exemplar
198 500 23 22 af
242 501 167 21 statskalendern
432 500 33 22 för
485 501 59 21 detta
559 501 29 26 är,
604 507 45 15 som
664 501 67 21 skulle
746 501 96 21 meddela
857 506 26 15 en

72 529 39 21 slik
132 530 132 26 upplysning.
293 529 234 22 Petitionsmemorialet
548 529 117 22 innehåller
686 529 127 27 visserligen,
830 528 53 22 att
872 524 14 37 i

70 558 27 21 de
114 558 93 21 nämnda
228 558 111 21 trakterna
360 557 74 22 funnes
450 562 32 17 tre
496 558 79 25 läkare,
588 564 47 14 men
650 558 114 21 kalendern
780 560 103 24 upptager

71 586 55 22 blott
150 586 42 25 två,
219 586 88 21 emedan
329 592 26 15 en
377 586 143 26 läkaretjenst,
539 586 104 26 nemligen
666 586 40 21 den
726 586 7 20 i
755 586 88 27 Kajana,
859 588 24 18 är

70 615 85 21 vakant.
185 614 44 21 Och
254 616 32 19 att
308 614 35 21 det
365 616 25 19 är
410 615 96 25 omkring
528 615 27 21 30
576 614 36 21 mil
633 614 88 21 emellan
744 614 81 21 Torneo
844 614 39 21 och

72 643 76 21 Kittilä
163 644 55 19 samt
233 643 89 21 emellan
336 642 82 27 Kajana
433 643 39 20 och
487 643 81 26 Kittilä,
584 643 41 20 kan
640 643 46 20 icke
701 642 66 21 heller
783 643 22 20 af
815 642 68 27 någon

71 671 110 24 bestridas.
211 671 121 22 Utskottets
353 671 133 21 betänkande
508 671 115 21 innehåller
645 671 78 25 vidare,
745 673 33 19 att
801 671 81 21 Torneo

72 700 48 21 stad
136 700 19 26 ej
170 699 68 22 skulle
254 701 40 25 äga
308 699 112 27 tillräcklig
435 699 125 27 befogenhet
572 701 32 19 att
613 699 118 21 framställa
742 699 101 27 förslaget
852 699 32 21 till

71 728 89 27 petition
182 728 7 21 i
210 728 58 21 detta
288 728 60 27 syfte.
378 728 49 21 Men
440 728 36 27 jag
498 734 61 15 anser
577 727 82 22 Torneo
674 728 47 21 stad
736 727 63 22 hafva
813 727 70 22 dertill

71 757 39 21 full
128 759 50 24 rätt,
194 757 87 21 emedan
297 757 36 20 det
347 758 24 19 är
386 756 40 21 den
442 756 39 21 och
494 757 46 21 dess
555 756 131 27 fattigkassa,
702 762 45 15 som
763 759 53 18 mest
831 756 53 21 lider

72 785 23 22 af
116 785 36 22 det
173 785 121 22 nuvarande
317 785 149 26 förhållandet;
490 787 22 25 ty
527 785 61 27 sjuka
603 785 46 21 från
665 787 50 18 nära
731 785 38 21 och
785 785 77 26 fjerran
877 784 7 22 i

73 816 66 25 orten,
158 815 50 25 taga
226 814 31 21 sin
272 813 83 27 tilldygt
370 813 36 26 dit,
422 813 72 22 såvida
508 813 72 21 läkare
596 813 37 21 der
648 815 24 18 är
687 813 80 26 bosatt;
783 813 39 21 och
837 813 48 26 följ-

72 843 40 21 den
128 844 30 25 är,
174 844 32 19 att
220 842 82 21 Torneo
317 842 48 21 stad
380 841 32 22 får
426 842 66 27 draga
507 842 81 26 försorg
603 849 34 14 om
652 842 60 21 deras
725 842 109 21 underhåll
845 841 40 22 och

72 871 58 26 vård,
152 871 44 21 tills
218 871 26 21 de
262 871 72 20 kunna
348 870 98 21 insändas
461 871 32 20 till
508 871 159 20 länelasarettet
684 871 3 20 i
702 869 113 27 Uleåborg.
844 869 40 22 Ut-

73 900 90 21 skottets
178 899 133 21 betänkande
325 899 55 21 talar
395 899 40 21 ock
450 906 33 14 om
498 899 132 27 svårigheten
646 901 32 19 att
693 898 20 21 få
723 899 162 26 läkaretjenster

74 929 84 20 besatta
182 928 32 21 till
236 927 49 27 följe
306 927 22 22 af
349 927 51 22 brist
423 927 27 27 på
472 927 99 26 sökande,
587 934 48 15 men
648 927 36 27 jag
699 929 46 20 tror
757 928 25 26 ej,
798 929 32 19 att
845 927 40 22 den

73 956 133 27 svårigheten
222 958 23 19 är
260 958 32 19 att
306 956 44 21 tala
365 962 40 15 om.
435 956 41 21 Det
491 957 41 20 kan
547 956 33 21 väl
596 963 56 19 vara,
668 958 32 19 att
709 956 33 21 för
753 956 133 27 ögonblicket

74 985 46 22 icke
143 987 25 19 är
185 985 102 21 öfverflöd
301 985 28 26 på
343 985 81 25 läkare;
440 991 47 14 men
502 985 68 26 någon
586 985 91 26 egentlig
691 984 54 21 brist
760 985 64 20 borde
839 985 47 20 icke

72 1014 72 21 kunna
162 1019 62 16 anses
244 1019 51 15 vara
316 1013 34 21 för
372 1013 88 21 handen.
491 1013 102 27 Slutligen
616 1013 36 20 vill
669 1013 35 26 jag
719 1013 56 21 fästa
790 1013 96 21 ståndets

73 1041 186 28 uppmärksamhet
281 1041 71 27 derpå,
368 1043 32 20 att
415 1042 60 21 äfven
490 1041 110 22 enahanda
622 1041 184 27 petitionsförslag,
830 1041 55 21 hvad

74 1071 65 26 angår
160 1071 83 21 Torneo
266 1070 90 25 trakten,
372 1069 68 22 blifvit
454 1070 119 21 framstäldt
588 1071 57 20 inom
659 1069 158 22 Bondeståndet
832 1072 55 19 samt

73 1099 38 21 der
133 1099 101 26 enhälligt
248 1100 91 25 antaget.
368 1098 40 26 Jag
422 1098 119 22 föreställer
556 1099 41 26 mig
611 1098 82 21 derföre
708 1100 37 22 att,
762 1105 33 14 om
809 1097 76 27 jemväl

74 1127 179 27 Borgareståndet
267 1127 83 21 bifaller
364 1127 238 26 petitionsmemorialet,
613 1129 40 18 den
664 1126 73 27 frågan
748 1127 67 20 skulle
823 1127 61 20 vinna

74 1156 80 21 önskad
168 1155 79 27 utgång
262 1156 38 21 hos
315 1155 130 27 regeringen.

142 1212 55 22 Herr
220 1212 103 21 Krank:
346 1211 68 22 såvidt
436 1212 104 21 utskottet
564 1212 65 21 fattat
654 1212 233 27 petitionsmemorialet

75 1241 116 22 innehåller
206 1241 42 26 det,
263 1242 33 20 att
309 1241 57 20 inom
381 1240 48 21 hela
443 1241 58 20 länet
515 1241 46 21 icke
576 1240 67 21 skulle
658 1241 67 21 finnas
739 1247 59 14 mera
813 1243 26 18 än
855 1242 32 19 tre

75 1269 79 21 läkare.
177 1269 49 21 Men
237 1275 28 15 nu
276 1271 24 18 är
310 1268 60 21 fallet
380 1269 42 26 det,
433 1270 32 19 att
478 1269 3 20 i
492 1268 117 27 Uleåborgs
619 1269 35 20 län
667 1269 65 26 äro-ej
745 1269 80 20 mindre
836 1270 27 19 än
873 1269 12 20 7

75 1297 187 27 provincialläkare
285 1297 149 24 stationerade,
454 1299 58 19 utom
527 1303 38 21 par
580 1297 137 22 stadsläkare.
747 1297 29 21 Af
789 1297 26 20 de
829 1297 58 20 förra

75 1326 39 21 bor
136 1326 40 21 den
199 1325 73 28 sjunde
292 1325 54 22 dock
369 1327 57 20 utom
449 1325 25 21 de
496 1326 28 21 30
537 1325 70 25 milen,
623 1326 103 26 nemligen
741 1325 46 26 den,
803 1331 45 15 som
863 1326 24 19 är

76 1354 130 22 stationerad
225 1355 7 20 i
246 1353 154 28 Lappmarken,
415 1360 47 15 men
478 1353 38 22 bor
531 1354 6 21 i
552 1354 129 21 Rovaniemi.
711 1354 71 21 Nekas
797 1353 41 21 kan
853 1353 34 21 väl

75 1383 52 24 icke,
150 1385 32 18 att
204 1383 58 21 såväl
284 1383 7 20 i
312 1382 81 21 Torneo
416 1388 44 15 som
482 1382 7 21 i
511 1382 82 26 Kajana
607 1382 72 21 läkare
694 1383 38 20 och
748 1382 87 27 sjukhus
850 1383 37 19 äre

76 1411 110 25 behöfliga,
202 1416 48 16 men
265 1412 32 19 ett
312 1410 75 20 sådant
401 1410 130 20 förhållande
546 1410 96 20 inträffar
657 1410 61 20 äfven
732 1411 7 19 i
753 1411 66 19 andra
829 1410 59 20 delar

76 1438 22 21 af
119 1438 78 26 landet,
220 1438 68 21 såsom
311 1438 31 20 till
365 1438 94 25 exempel
474 1438 7 20 i
496 1438 65 20 Wasa
575 1438 42 21 län.
646 1438 59 21 Efter
720 1438 54 20 hvad
787 1438 36 26 jag
838 1437 49 21 hört

77 1467 101 26 berättas,
200 1467 39 21 har
254 1465 64 23 också
333 1466 7 21 i
354 1466 158 22 Bondeståndet
526 1467 31 20 ett
571 1466 180 27 petitionsförslag
765 1466 72 20 väckts
853 1471 34 15 om

76 1495 120 22 inrättande
218 1495 22 21 af
258 1496 30 20 ett
310 1495 93 25 lasarett,
426 1494 53 22 dock
494 1494 44 22 icke
553 1494 8 22 i
575 1494 81 22 Torneo
671 1496 51 20 utan
737 1495 6 21 i
758 1493 129 27 Rovaniemi,

77 1525 88 21 emedan
181 1524 40 22 den
236 1524 100 27 landsort,
352 1529 44 16 som
412 1523 65 27 ligger
492 1529 49 16 norr
557 1529 34 16 om
606 1524 88 25 Torneo,
709 1523 46 22 icke
769 1529 50 16 vore
829 1522 60 22 deraf
