1092 1809
299 126 182 21 Borgareståndet.
508 126 56 17 1867.
587 126 13 17 5
612 126 63 21 April
835 120 43 22 451

87 213 9 21 i
110 212 79 24 landet,
207 218 49 17 men
271 218 48 16 som
331 211 156 23 fabriksidkare
501 212 43 22 kan
559 218 47 16 man
622 212 64 22 hafva
699 212 69 21 bodor
782 212 8 20 i
805 212 43 21 alla
862 212 46 22 lan-

88 241 47 21 dets.
155 240 72 23 städer
249 240 40 22 och
308 240 82 22 således
405 240 32 22 för
453 240 129 27 rättigheten
597 240 71 22 dertill
683 241 87 26 erlägga
785 240 75 28 bidrag
874 240 35 22 till

87 269 43 22 alla
145 269 78 22 städer.
253 268 69 23 Alltså
337 268 41 23 kan
395 275 46 16 man
457 268 41 22 ock
511 268 64 23 blifva
590 269 155 27 valberättigad
762 270 6 20 i
784 269 42 22 alla
836 269 73 22 städer

87 299 7 20 i
109 298 80 22 landet.
883 301 1 3 i

156 355 56 21 Herr
227 354 126 27 Östring:
369 354 60 22 äfven
445 356 31 21 ett
491 355 106 26 oskyldigt
612 355 85 21 komma
712 355 41 21 kan
768 355 57 26 gifva
835 355 74 22 anled-

88 385 50 25 ning
159 383 33 22 till
214 383 56 22 tvist.
300 383 41 27 Jag
355 383 49 22 kan
424 383 47 22 icke
489 383 51 27 gilla
561 383 40 22 den
617 383 135 28 uppfattning
767 383 56 22 Herr
836 383 72 28 Bergh

87 413 85 26 uttalat,
188 414 52 19 utan
255 418 63 16 anser
333 412 107 27 uttrycket
453 412 101 26 ,säframt
566 412 26 22 de
602 414 38 19 äro
651 412 7 21 i
670 412 74 22 staden
755 412 153 22 skattskrifne'*

88 441 143 26 ovilkorligen:
249 441 59 27 gälla
332 441 42 21 alla
394 441 121 26 kategorier
534 441 3 21 i
550 447 63 15 mom.
629 441 19 22 2.
679 440 11 22 I
704 441 52 21 sista
771 447 62 16 mom.
847 441 62 22 heter

88 469 36 22 det
139 470 48 21 ock:
211 486 6 9 ,
219 469 58 27 vilja
291 469 86 22 stadens
392 469 169 27 valberättigade
575 469 128 22 innevånare
718 470 63 21 vinna
796 470 90 26 ändring
900 469 8 22 i

88 500 56 20 sätet
167 498 39 21 och
229 497 117 27 ordningen
368 498 33 21 för
422 498 64 24 valet,
509 498 59 21 skola
589 499 98 20 rösterna
701 498 33 21 för
749 499 70 20 beslut
834 499 74 21 derom

88 527 105 22 beräknas
209 526 54 22 efter
277 532 81 16 samma
373 527 106 26 grunder'*
495 533 26 15 m.
537 533 27 15 m.
586 527 50 21 Man
652 526 54 22 skall
720 527 83 21 således
818 533 52 15 vara
882 533 26 16 en

88 555 86 23 stadens
189 555 127 22 innevänare
331 555 40 22 och
387 555 112 22 derstädes
514 555 158 26 skattskrifven,
688 555 34 22 för
731 557 32 20 att
774 556 70 21 kunna
855 558 54 24 göra

87 584 94 27 anspräk
202 583 29 28 pä
252 584 104 27 rättighet
371 584 32 21 till
418 585 41 20 val.
489 585 42 21 Det
546 584 127 22 omtvistade
688 585 85 21 komma
788 591 62 20 synes
864 585 44 27 mig

88 613 63 21 alltsä
173 613 122 26 umbärligt.
315 625 26 3 —
357 613 54 21 Herr
425 613 118 22 Cederman
557 613 39 21 har
611 613 47 27 gätt
673 613 65 26 nägot
753 617 59 18 utom
828 615 80 22 mom:t,

87 648 48 15 men
151 647 45 16 som
212 641 59 22 detta
285 641 46 22 stär
345 641 7 21 i
367 641 152 27 sammanhang
534 643 47 20 med
596 643 80 26 mom:t,
688 641 24 22 sä
722 643 36 20 vill
766 643 37 26 jag
813 644 95 25 upptaga

88 671 53 21 hans
163 670 99 27 yttrande
281 670 33 21 till
338 670 133 21 bemötande.
501 670 32 22 De
554 670 92 27 följande
668 673 146 19 momenterna
833 671 75 26 tyckas

88 699 86 28 antyda,
189 699 37 21 det
242 699 58 21 Hans
311 698 118 27 Kejserliga
440 699 110 27 Majestäts
560 699 64 26 afsigt
635 699 47 21 icke
692 699 54 21 varit
756 701 33 20 att
799 699 109 22 utsträcka

89 728 105 22 valrätten
216 728 33 21 till
271 728 42 21 alla
335 728 55 25 dem,
409 728 55 21 Herr
480 727 116 22 Cederman
612 730 108 19 omnämnt
736 729 39 20 och
790 728 117 27 föreslagit.

88 756 45 22 Och
148 762 75 21 genom
239 763 25 14 en
279 756 67 21 sädan
361 756 148 27 utsträckning
523 756 46 21 frän
585 757 126 21 ständernas
721 757 46 20 sida
777 757 70 21 kunde
858 763 50 16 man

86 785 82 22 riskera
183 785 49 21 hela
245 784 159 27 författningen.

156 842 56 22 Herr
227 842 154 27 Ohrnberg:
398 842 55 22 Herr
468 842 123 27 Lindegvist
605 843 85 27 yttrade
706 843 36 21 det
758 843 25 21 de
794 844 32 20 tre
840 843 68 27 öfriga

88 871 89 23 stånden
199 872 107 22 sannolikt
327 871 82 27 antagit
430 871 160 27 ifrågavarande
613 872 12 26 $
641 874 51 19 utan
708 872 96 26 ändring,
820 872 39 21 och
875 874 34 19 att

88 901 69 21 denna
178 900 157 27 omständighet
350 900 66 22 borde
430 902 53 25 göra
497 900 179 27 Borgareständet
691 900 107 22 tveksamt
812 902 32 20 att
859 901 48 22 häri

88 929 163 27 tillvägabringa
265 929 121 27 ändringar,
401 929 39 21 har
455 929 107 21 föranledt
576 929 42 27 mig
634 932 32 18 att
681 929 54 28 änyo
749 930 79 26 begära
838 930 69 21 ordet.

86 958 42 23 Vid
149 958 58 22 förra
229 958 129 27 landtdagen
377 957 97 28 iakttogo
496 958 27 21 de
545 958 67 26 öfriga
627 958 89 21 stånden
733 959 34 20 vid
783 958 66 27 några
864 959 43 20 till-

86 987 64 22 fällen
166 987 40 22 den
221 987 174 27 grannlagenhet,
411 988 32 20 att
458 987 26 21 de
494 987 7 21 i
510 986 97 23 afseende
618 987 12 21 &
640 987 80 21 sådana
729 987 72 27 frågor
811 987 8 21 i
830 987 78 27 nådiga

87 1017 184 27 propositionerna
291 1022 34 15 om
347 1016 101 26 utvidgad
470 1015 96 22 handels-
582 1016 39 21 och
637 1016 151 26 näringsfrihet
802 1019 56 18 samt
872 1022 35 15 om

87 1045 168 27 reorganisation
278 1045 24 21 af
319 1045 112 21 städernas
453 1044 254 27 kommunalförfattning,
730 1044 72 22 hvilka
816 1045 91 26 ansägos

87 1081 51 15 vara
160 1074 23 21 af
203 1074 91 21 särskild
316 1073 108 27 betydelse
447 1073 40 22 och
509 1073 88 22 intresse
612 1073 33 21 för
661 1073 185 27 Borgareständet,
862 1074 47 21 läto

87 1103 62 22 anstä
169 1103 47 22 med
243 1103 45 21 sina
308 1102 76 26 beslut,
407 1102 105 21 intilldess
533 1101 191 27 Borgareständets
747 1102 55 27 äsigt
819 1102 7 21 i
842 1102 66 21 saken

86 1131 70 22 blifvit
180 1132 47 21 dem
249 1131 148 26 tillförlitligen
422 1131 63 21 känd.
515 1131 39 22 Om
576 1136 81 15 samma
678 1131 168 26 grannlagenhet
872 1130 36 22 vid

87 1161 69 21 denna
177 1160 102 26 landtdag
293 1159 112 27 iakttages,
421 1161 50 20 veta
486 1160 19 21 vi
520 1159 133 26 naturligtvis
668 1159 53 22 icke.
751 1159 158 27 Ridderskapet

88 1189 39 22 och
142 1189 68 22 Adeln
226 1189 38 21 har
278 1189 6 20 j
301 1189 42 26 dag
356 1187 93 22 förehaft
464 1188 69 21 denna
547 1187 138 28 proposition,
701 1193 48 16 men
764 1194 34 15 om
809 1187 99 22 bemälda

87 1217 62 22 stånd
174 1218 80 21 lemnat
273 1218 11 25 $
309 1217 25 21 13
356 1217 107 21 beroende
485 1217 80 21 känner
584 1217 37 26 jag
642 1216 52 27 icke,
717 1217 67 20 ehuru
800 1223 25 15 en
842 1216 66 22 sådan

87 1246 167 28 grannlagenhet
269 1245 68 22 skulle
353 1245 45 22 haft
413 1247 32 20 ett
459 1245 52 26 godt
524 1245 109 21 föredöme
649 1245 6 20 i
670 1245 37 21 det
721 1245 128 26 förfarande,
861 1251 47 15 som

86 1275 35 22 vid
143 1275 58 21 förra
224 1274 127 27 landtdagen
371 1274 101 26 iakttogs.
502 1273 49 22 Men
566 1273 61 21 äfven
643 1279 34 15 om
692 1273 26 21 de
735 1273 68 26 öfriga
818 1273 89 22 stånden

88 1303 67 22 skulle
178 1303 92 22 bestämt
292 1303 32 21 sin
347 1302 54 27 åsigt
424 1302 54 25 häri,
501 1302 25 21 så
548 1302 69 21 skulle
632 1302 41 21 den
688 1302 184 26 omständigheten
888 1301 20 26 ej

87 1333 77 26 utgöra
185 1331 66 27 något
272 1331 75 21 hinder
369 1330 33 21 för
416 1331 180 26 Borgareståndet
611 1332 32 19 att
658 1331 6 20 i
680 1331 69 20 denna
764 1330 60 26 fråga
839 1330 70 21 uttala

87 1361 33 21 sin
142 1360 141 26 öfvertygelse
305 1360 40 21 och
367 1358 52 28 följa
440 1359 47 21 den.
517 1358 179 28 Borgareståndet
716 1365 50 15 vore
781 1358 127 26 nemligen
895 1354 16 36 i

88 1390 32 20 sin
140 1388 56 27 goda
216 1390 50 22 rätt,
282 1394 34 16 om
331 1388 43 26 det,
390 1387 45 21 ledt
450 1387 23 22 af
486 1388 32 20 sin
533 1386 145 27 öfvertygelse,
695 1387 67 21 skulle
778 1386 88 28 inbjuda
881 1386 27 22 de

88 1417 68 26 öfriga
178 1416 89 22 stånden
290 1418 33 20 att
344 1415 75 27 frångå
441 1416 46 21 sina
506 1416 77 26 beslut,
598 1415 69 21 såvidt
682 1415 26 21 de
723 1415 76 27 skiljde
814 1416 32 25 sig
860 1414 49 22 från

87 1445 191 27 Borgareståndets
300 1444 77 26 beslut,
392 1446 55 18 samt
462 1446 32 18 att
509 1444 74 20 förena
603 1444 31 25 sig
656 1444 48 20 med
719 1444 189 25 Borgareständet.

88 1474 40 26 Jag
147 1473 40 21 har
201 1473 36 21 vid
251 1474 32 20 ett
298 1472 126 26 föregående
439 1471 84 21 tillfälle
537 1471 122 26 framhållit,
674 1471 102 21 hurusom
791 1471 36 21 det
842 1471 67 25 enligt

88 1502 43 22 min
155 1502 55 27 åsigt
227 1508 50 15 vore
293 1500 99 28 önskligt,
407 1502 33 19 att
455 1500 104 22 valrätten
574 1500 56 21 inom
646 1499 214 22 stadskommunerna
876 1505 33 15 er-

88 1531 56 22 hölle
166 1532 41 21 den
229 1530 77 28 högsta
328 1530 86 27 möjliga
436 1528 152 28 utsträckning.
618 1528 74 22 Denna
707 1528 43 22 min
765 1528 55 28 åsigt
834 1528 75 22 stöder
