1100 1839
226 145 27 21 26
420 148 181 22 Borgareståndet.
624 148 55 18 1867.
701 148 27 17 30
739 148 47 16 Jan.

265 235 58 21 Enär
345 234 23 21 af
386 234 133 21 förestående
541 234 74 20 härvid
637 233 99 27 upplästa
753 232 108 27 protokoll
875 232 137 23 inhemtades,

198 265 33 19 att
246 264 80 21 Herrar
340 263 109 26 Rosenius,
466 262 133 25 Grundfeldt,
609 262 118 24 Hackman,
737 261 152 26 Bronikowskij
901 260 40 22 och
950 259 65 22 Wolff

198 292 48 21 med
268 298 81 15 samma
371 292 88 20 röstetal
482 291 67 21 blifvit
571 291 61 21 valde
647 290 32 22 till
694 290 116 22 ledamöter
825 290 7 20 i
847 290 62 20 stats-
924 289 38 21 och
978 288 35 22 be-

197 320 210 27 villningsutskottet,
429 322 55 19 samt
505 320 90 26 lottning
618 318 88 22 emellan
728 319 48 21 dem
791 318 81 22 således
887 318 68 21 skulle
970 317 43 27 ske,

199 349 86 21 anförde
301 349 55 21 Herr
372 348 69 25 Wolff,
457 350 31 20 att
503 348 88 21 emedan
607 348 41 21 han
663 353 76 21 genom
753 348 75 20 herrar
843 347 116 21 elektorers
971 346 43 21 för-

199 378 87 21 troende
302 378 60 21 äfven
377 377 68 21 blifvit
460 377 48 21 vald
523 377 32 21 till
569 377 94 21 ledamot
677 376 7 21 i
694 376 225 26 grundlagsutskottet,
931 375 83 21 hvarest

199 406 83 21 arbetet
297 407 96 25 nogsamt
408 406 82 20 komme
505 407 32 19 att
551 405 48 21 fullt
614 407 50 25 taga
679 404 52 21 hans
746 404 81 21 krafter
843 404 38 21 och
897 403 95 27 förmåga
1007 403 7 21 i

199 434 98 27 anspråk,
321 434 93 21 önskade
435 434 42 20 han
495 436 32 19 att
542 434 47 21 med
605 434 94 21 ståndets
714 433 97 26 benägna
825 432 107 26 samtycke
947 431 22 21 få
984 431 30 21 af-

199 464 51 25 säga
271 463 32 26 sig
319 463 38 20 allt
372 462 91 26 anspråk
478 462 27 26 på
517 462 101 26 rättighet
633 463 32 19 att
679 462 85 20 komma
778 462 7 20 i
800 460 59 27 fråga
873 460 70 21 såsom
957 460 57 21 leda-

199 493 45 19 mot
258 490 7 22 i
280 492 63 20 stats-
358 491 40 21 och
413 490 235 27 bevillningsutskottet.

267 554 56 21 Herr
343 554 127 21 Rosenius
489 553 119 27 uppträdde
630 552 60 22 äfven
706 552 39 21 och
759 552 90 27 yttrade,
865 553 33 19 att
912 557 46 16 som
972 550 42 22 han

197 582 78 27 jemväl
296 588 49 15 vore
368 582 75 21 utsedd
466 582 32 21 till
512 582 93 21 ledamot
619 582 7 21 i
641 581 44 27 lag-
699 581 40 21 och
754 580 173 25 bankutskotten,
943 579 71 21 anhöll

199 611 41 21 han
256 612 32 20 att
303 611 66 21 varda
383 610 98 22 frikallad
496 611 47 21 från
557 610 171 26 ledamotskapet
737 610 8 20 i
755 611 63 20 stats-
831 609 39 21 och
881 608 133 26 bevillnings-

199 639 110 22 utskottet.

267 702 80 21 Herrar
361 701 74 22 Wolffs
451 701 39 22 och
504 701 103 22 Rosenius
622 700 137 22 förenämnda
769 700 93 27 begäran
872 700 45 21 blef
925 699 23 22 af
959 699 55 22 stån-

200 731 35 20 det
251 730 91 22 bifallen.

267 793 59 21 Härå
348 793 78 21 skedde
449 793 90 26 lottning
561 793 90 21 emellan
665 792 75 21 herrar
756 792 132 25 Grundfeldt,
904 791 110 22 Hackman

200 821 39 22 och
260 821 158 27 Bronikowskij,
435 822 47 20 med
497 822 40 20 den
552 821 79 27 utgång
647 822 31 20 att
694 821 40 21 den
749 821 135 21 sistbemälde
899 820 45 21 blef
957 820 56 21 leda-

199 851 44 20 mot
259 851 6 20 i
281 852 61 19 stats-
359 850 39 21 och
413 850 236 27 bevillningsutskottet.

267 913 45 22 Och
335 919 45 15 som
401 913 22 20 af
446 913 149 22 ofvanstående
617 913 107 26 protokoll
742 912 72 22 vidare
829 912 138 25 inhemtades,
983 913 31 20 att

200 941 34 22 vid
256 942 34 21 val
312 941 23 22 af
355 942 134 26 suppleanter
504 942 7 21 i
526 941 109 22 utskotten
651 941 43 21 lika
708 941 58 21 antal
781 943 70 19 röster
865 941 88 21 tillfallit
967 940 47 22 her-

199 977 36 14 rar
256 970 61 21 Blom
338 970 40 21 och
400 970 106 21 Snellman
528 971 6 20 i
557 972 64 19 stats-
637 970 38 21 och
690 970 235 27 bevillningsutskottet,
941 969 73 22 herrar

199 998 65 21 Wolff
283 999 38 21 och
344 999 110 21 Hackman
476 1000 7 20 i
500 999 168 26 bankutskottet,
684 1001 55 20 samt
753 999 74 21 herrar
842 999 117 20 Cederman
975 998 39 21 och

199 1027 151 27 Bronikowskij
373 1028 7 20 i
402 1028 106 20 allmänna
529 1027 197 26 besvärsutskottet,
746 1027 79 22 skedde
840 1027 33 21 till
887 1027 52 26 följd
954 1026 62 21 häraf

199 1055 116 28 lottningar
330 1056 90 21 nämnde
435 1056 74 21 herrar
523 1056 95 26 emellan,
635 1056 69 21 hvilka
719 1055 74 22 utföllo
809 1055 95 25 sålunda,
919 1056 33 20 att
966 1055 49 21 herr

199 1083 61 22 Blom
281 1084 67 21 skulle
370 1085 84 20 inträda
476 1084 69 21 såsom
568 1084 111 27 suppleant
700 1085 7 20 i
722 1086 63 19 stats-
801 1084 39 21 och
855 1083 159 27 bevillningsut-

201 1112 85 25 skottet,
309 1112 49 21 herr
381 1113 108 20 Hackman
504 1113 7 21 i
527 1113 161 21 bankutskottet
703 1113 40 20 och
758 1113 49 20 herr
823 1111 117 22 Cederman
955 1111 7 22 i
976 1112 38 21 all-

201 1142 76 20 männa
292 1141 197 21 besvärsutskottet.

267 1203 128 22 Ledamöter
417 1204 39 21 och
478 1204 135 27 suppleanter
634 1204 8 21 i
664 1204 108 21 utskotten
787 1204 84 21 komme
887 1203 81 22 således
983 1205 31 20 att

201 1231 63 22 blifva
279 1232 99 27 följande,
392 1234 115 26 nemligen:

481 1319 11 21 I
507 1319 227 27 grundlagsutskottet:

201 1375 125 21 ledamöter:
350 1376 74 19 herrar
446 1370 93 30 Östring,
559 1370 110 30 Öhrnberg
685 1375 38 20 och
738 1374 69 26 Wolff,
824 1376 54 18 samt
893 1374 121 26 suppleant:

200 1403 56 21 Herr
270 1402 68 22 Utter.

481 1460 10 20 I
505 1458 219 28 kyrkolagsutskottet
731 1466 4 14 :

201 1516 126 22 ledamöter:
350 1516 81 22 Herrar
453 1516 76 28 Bergh,
545 1516 63 22 Holm
624 1516 39 22 och
678 1516 128 27 Lindegvist,
823 1517 54 20 samt
893 1515 123 27 suppleant:

201 1545 56 22 Herr
273 1545 126 27 Helsingius.
