1100 1825
244 156 12 20 2
438 154 180 32 Borgareståndet.
642 148 52 30 1867.
719 162 27 16 24
758 160 45 17 Jan.

215 245 43 22 För
272 245 82 22 Torneå
369 245 58 21 stad:
443 246 163 25 Borgmästaren
622 244 49 22 Carl
685 245 70 21 Julius
771 245 122 21 Cederman.

271 274 70 26 Borgå
357 274 58 21 stad:
431 274 162 26 Borgmästaren
608 274 49 21 Carl
671 273 89 27 Magnus
775 274 70 21 Holm.

272 302 120 27 Nykarleby
408 302 58 21 stad:
481 302 96 21 Konsuln
593 302 48 21 Carl
657 302 134 21 Grundfeldt.

272 329 162 28 Gamlakarleby
450 331 59 21 stad:
525 330 162 27 Borgmästaren
702 330 75 21 Albert
792 330 119 21 Ferdinand
927 329 87 22 Ottelin.

273 359 100 21 städerna
387 359 80 26 Nystad
483 359 39 21 och
537 358 122 22 Nådendal:
675 359 140 27 Handlanden
830 358 50 22 Olof
893 358 67 22 Blom.

271 387 84 22 Ekenäs
370 387 56 22 stad:
441 387 138 22 Rådmannen
594 387 72 22 Petter
681 386 92 29 Östring.

270 417 98 21 städerne
389 415 142 23 Kristinestad
554 416 39 22 och
615 416 82 21 Kaskö:
726 416 143 22 Vicekonsuln
891 415 50 22 Otto
965 416 65 21 Wen-

271 445 64 22 delin.

270 473 128 22 Jakobstad:
413 474 186 22 Kommerserådet
613 473 73 22 Petter
700 473 72 22 Malm.

271 503 164 21 Fredrikshamn
449 503 56 20 stad:
522 502 162 27 Borgmästaren
700 501 78 22 Gustaf
791 501 92 22 Frithiof
896 501 68 22 Utter.

237 547 12 11 »
271 531 172 21 Willmanstrand
459 531 39 21 och
513 530 116 22 Sordavala
644 530 82 21 städer:
742 530 197 27 Ordningsmannen
954 530 78 22 Gustaf

270 559 91 22 Mauritz
377 559 126 26 Helsingius.

271 588 131 22 Tavastehus
423 587 40 22 och
485 587 140 22 Tammerfors
645 587 83 22 städer:
757 587 187 22 Kommerserädet
961 587 69 21 Frans

271 616 98 22 Wilhelm
385 616 116 22 Frenckell.

271 644 86 28 Nyslott
372 645 55 21 stad:
444 644 140 28 Stadsfogden
599 644 39 22 och
653 644 201 27 Färgaremästaren
869 644 107 22 Abraham
988 644 41 21 Pe-

271 674 80 21 trelius.

271 702 99 21 städerne
392 701 117 23 Brahestad
533 701 38 22 och
593 701 94 27 Kajana:
713 701 164 27 Borgmästaren
892 701 72 22 Simon
978 700 52 22 Wil-

271 731 56 20 helm
341 730 113 27 Nylander.

272 759 83 27 Kuopio
372 759 56 21 stad:
443 758 138 22 Rädmannen
596 758 90 21 Fredrik
700 758 105 21 Reinhold
819 758 108 26 Ehnberg.

271 788 103 21 Kexholm
390 787 55 21 stad:
461 787 237 22 Skomakaremästaren
714 786 94 22 Herman
823 787 121 21 Wahrman.

271 816 95 21 Joensuu
381 815 56 21 stad:
452 815 137 21 Rädmannen
605 815 81 21 Anders
700 815 71 21 Johan
785 815 118 21 Mustonen.

271 844 114 27 Jyväskylä
400 844 39 20 och
455 843 89 21 Heinola
559 844 80 20 städer:
655 844 164 25 Borgmästaren
833 842 70 22 Jakob
918 842 82 22 Krank.

272 872 31 22 S:t
318 872 88 22 Michels
420 872 57 21 stad:
493 872 137 21 Rädmannen
645 872 69 21 Johan
729 872 90 20 Fredrik
833 871 101 27 Ahlberg.

281 929 56 21 Herr
352 928 116 27 Öhrnberg,
484 934 45 16 som
544 929 6 20 i
565 928 104 27 egenskap
685 928 23 21 af
720 928 88 21 främste
822 928 162 27 landtdagsman
992 928 34 21 för

213 957 155 22 hufvudstaden
384 956 130 28 Helsingfors
529 957 33 21 för
576 957 95 21 tillfället
681 956 69 22 säsom
761 956 127 22 ordförande
899 957 60 21 ledde
970 956 58 22 stän-

214 987 46 21 dets
270 986 164 26 förhandlingar,
444 986 37 27 gaf
490 986 109 24 tillkänna,
614 987 33 20 att
661 985 59 21 Hans
735 985 110 22 Excellens
860 985 167 26 Generalguver-

213 1017 66 20 nören
295 1015 58 21 öfver
370 1014 96 26 Finland,
481 1013 223 28 Generaladjutanten,
723 1013 210 28 Generallöjtnanten
953 1013 75 22 Grefve

213 1043 85 22 Nikolai
319 1043 124 26 Adlerberg,
465 1043 84 21 hvilken
572 1043 23 21 af
615 1043 58 20 Hans
692 1043 119 26 Kejserliga
825 1042 100 27 Majestät
938 1043 90 21 medelst

214 1073 63 26 öppet
291 1071 48 22 bref
353 1072 39 20 den
409 1072 26 20 14
451 1071 45 27 (26)
512 1071 101 21 sistvikne
628 1071 116 21 December
759 1071 7 21 i
781 1071 72 21 Näder
864 1071 121 21 förordnats
996 1072 32 19 att

214 1101 13 21 å
249 1101 58 21 Hans
323 1099 117 28 Kejserliga
455 1099 110 27 Majestäts
580 1101 78 25 vägnar
674 1101 69 24 öppna
758 1099 133 27 landtdagen,
907 1099 49 21 låtit
970 1099 58 22 med-

214 1129 54 25 dela,
291 1129 36 20 det
349 1135 26 14 en
398 1128 122 27 deputation
542 1129 23 20 af
582 1127 104 27 välloflige
700 1127 177 26 borgareståndet
891 1127 74 27 egde
957 1123 14 36 i
987 1128 41 26 dag

214 1157 90 22 klockan
320 1157 46 21 half
378 1157 42 21 fem
436 1163 17 14 e.
470 1163 27 14 m.
512 1156 78 21 infinna
605 1157 32 26 sig
651 1155 13 22 å
678 1156 117 27 Kejserliga
810 1156 73 21 slottet
897 1156 34 21 för
945 1157 33 20 att
992 1162 36 15 an-

213 1186 58 21 hålla
294 1192 34 15 om
347 1185 142 22 utnämnande
505 1185 23 21 af
541 1186 80 20 talman
635 1185 34 21 för
683 1185 91 25 ståndet,
790 1185 107 21 äfvensom
913 1185 46 26 den,
974 1185 53 21 hvil-

212 1215 42 21 ken
269 1214 32 22 till
316 1215 80 20 talman
410 1213 92 27 utsåges,
518 1213 27 22 då
557 1214 54 26 finge
625 1213 56 21 inför
696 1213 59 22 Hans
769 1213 111 22 Excellens
895 1213 82 27 aflägga
989 1213 38 27 ed;

213 1243 40 22 och
267 1243 133 27 uppmanade
415 1243 56 21 Herr
487 1242 145 22 Ordföranden
642 1248 29 14 nu
687 1242 84 22 ståndet
779 1244 32 20 att
821 1242 56 26 välja
889 1242 26 21 de
925 1242 102 22 medlem-

213 1278 50 20 mar,
286 1278 45 15 som
346 1272 7 20 i
368 1271 135 22 omförmäldt
517 1271 98 21 afseende
631 1271 66 21 skulle
713 1271 109 27 uppvakta
836 1271 59 21 Hans
909 1271 117 21 Excellens.

280 1328 59 22 Efter
347 1328 77 21 fattadt
431 1328 70 21 beslut
512 1328 78 24 derom,
601 1330 32 19 att
645 1327 159 27 ifrågavarande
817 1328 123 26 deputation
951 1327 74 27 skulle,

212 1359 59 19 utom
295 1356 147 25 ordföranden,
465 1356 60 21 bestå
540 1357 23 20 af
576 1362 35 16 sex
626 1357 141 25 medlemmar,
784 1356 71 21 hvilka
870 1356 66 21 borde
950 1362 76 20 genom

211 1384 36 21 val
267 1385 47 20 med
330 1385 70 20 slutna
415 1384 69 21 sedlar
499 1385 64 25 utses,
579 1384 74 20 skreds
667 1384 33 21 till
714 1384 63 25 valet,
793 1390 45 15 som
852 1384 63 21 utföll
930 1384 94 26 sålunda,

212 1414 32 19 att
265 1413 80 20 Herrar
368 1412 158 26 Bronikowskij,
548 1412 118 26 Lindblom,
688 1412 114 25 Snellman,
822 1411 69 27 Wolff,
906 1412 65 20 Malm
985 1412 40 21 och

211 1441 110 21 Frenckell
337 1440 80 22 erhöllo
431 1440 62 22 flesta
507 1442 102 20 rösterne.

278 1498 90 21 Ståndet
390 1497 101 22 åtskildes
505 1497 52 22 härå
573 1498 39 21 och
627 1497 170 22 sammanträdde
812 1497 46 22 åter
872 1498 79 21 inemot
965 1497 59 22 kloc-

211 1527 42 22 kan
275 1527 44 21 half
339 1527 49 26 fem,
410 1526 27 21 dä
457 1526 130 22 förbemälde
610 1526 128 28 deputerade
760 1526 83 28 afgingo
859 1527 32 21 till
905 1526 118 28 Kejserliga

211 1555 86 23 Slottet.
