1081 1784
220 140 40 20 642
400 143 181 22 Borgareständet.
605 143 53 17 1867.
679 137 28 33 30
721 142 62 22 April.

192 227 96 22 förordar
309 226 120 27 petitionen,
451 226 48 22 sker
515 227 36 20 det
565 226 89 26 derföre,
669 227 32 20 att
716 226 42 21 min
773 225 138 28 öfvertygelse
926 227 29 20 är,
971 227 32 20 att

191 255 35 22 det
248 255 73 22 länder
340 254 49 22 hela
402 255 72 21 landet
488 254 31 21 till
534 255 94 23 fromma,
644 260 34 16 om
691 253 131 28 Helsingfors
837 254 61 22 hamn
914 253 90 22 erhäller

192 284 58 21 detta
271 283 131 27 nödvändiga
423 283 146 27 komplement.
599 283 42 21 Vid
663 283 67 21 denna
747 283 101 26 landtdag
862 282 54 21 skall
930 282 72 26 frägan

192 319 33 14 om
248 312 129 27 anläggande
396 311 21 22 af
431 318 25 15 en
469 311 86 27 jernväg
569 311 32 21 till
616 311 32 21 S:t
661 311 128 26 Petersburg
802 311 85 21 komma
902 313 31 18 att
948 312 55 20 stän-

191 341 65 20 derna
270 340 122 27 föreläggas.
417 339 11 22 I
442 339 37 22 fall
494 339 67 22 denna
573 339 87 28 jernväg
674 339 95 22 kommer
783 339 33 21 till
830 339 68 26 stånd,
914 339 53 21 skall
978 345 25 14 en

191 368 92 28 betydlig
299 368 33 21 del
347 369 22 20 af
383 367 81 22 landets
479 368 76 27 import
567 368 36 21 ske
616 374 74 19 genom
701 367 136 27 Helsingfors.
861 367 43 22 Och
916 367 87 22 emedan

190 397 131 27 Helsingfors
337 396 62 22 hamn
414 397 94 26 vanligen
523 399 24 18 är
561 398 67 25 öppen
644 398 46 19 sent
705 402 33 15 om
753 396 76 21 hösten
844 396 39 21 och
898 395 61 27 tidigt
970 401 34 16 om

191 426 69 25 vären,
283 426 94 21 kommer
399 431 25 15 en
439 427 45 19 stor
499 425 34 20 del
548 431 61 15 varor
625 426 30 20 att
670 431 75 20 genom
760 424 130 27 Helsingfors
904 425 27 26 gä
946 427 58 18 tran-

191 454 40 22 sito
254 454 32 21 till
307 453 109 28 Ryssland.
446 453 31 22 Pä
495 453 60 22 dessa
569 453 46 22 skäl
630 453 94 21 anhäller
736 453 42 27 jag,
795 454 31 20 att
841 453 113 22 utskottets
970 452 34 22 be-

192 482 105 22 tänkande
312 483 34 20 mä
361 481 103 22 förkastas
479 484 54 19 samt
547 481 114 28 petitionen
676 481 128 28 godkännas.

258 539 50 22 Som
323 538 69 27 nägon
405 538 68 21 talare
488 538 45 21 icke
544 538 69 22 vidare
624 538 95 22 anmälde
731 539 38 26 sig,
779 538 130 22 förklarades
922 538 82 22 diskus-

190 568 73 21 sionen
278 573 50 16 vara
343 567 78 25 slutad;
437 566 64 22 hvarä
516 567 55 22 Herr
585 566 165 23 Talmannen
764 567 132 22 framställde
911 566 92 27 följande

191 595 138 28 proposition:

259 652 128 21 Godkänner
408 652 84 21 ständet
514 652 113 22 utskottets
649 651 139 27 betänkande,
804 651 51 23 eller
870 651 35 21 vill
920 651 85 22 ständet

192 682 76 25 antaga
283 680 214 28 petitionsförslaget?

259 738 38 25 De,
319 743 46 15 som
386 737 68 21 uttala
476 737 31 27 sig
528 736 32 22 för
582 737 35 21 det
637 736 62 25 förra,
714 743 61 15 svara
788 737 28 27 ja,
832 736 38 22 och
888 737 31 27 de,
935 736 71 22 hvilka

192 766 88 22 omfatta
295 766 36 21 det
345 771 80 18 senare,
441 771 61 24 svara
517 766 39 26 nej.

260 822 73 22 Denna
348 822 130 27 proposition
493 822 127 21 besvarades
635 822 47 21 med
697 824 75 19 nästan
788 822 101 27 enhälligt
897 822 32 27 ja;
944 822 61 21 hvar-

192 851 44 21 före
258 850 116 22 utskottets
396 850 133 22 betänkande
549 850 45 22 blef
606 850 23 22 af
643 850 83 22 ständet
741 852 87 26 antaget
842 851 39 21 och
896 851 111 27 petitions-

193 879 102 28 förslaget
309 879 138 22 förkastades.

260 936 119 27 Föredrogs
401 935 96 22 ständets
519 936 96 21 enskilda
636 936 180 21 besvärsutskotts
831 937 39 20 den
886 937 27 20 24
928 937 78 20 dennes

194 965 115 26 bordlagda
332 964 132 21 betänkande
486 964 39 21 N:o
550 964 25 21 10
595 964 8 21 i
622 965 112 26 anledning
756 964 23 21 af
792 964 63 22 väckt
868 965 90 26 petition
973 971 33 15 om

192 993 125 26 landskapet
341 992 134 22 Satakundas
499 992 99 21 bildande
623 993 33 20 till
680 994 31 19 ett
736 995 48 24 eget
805 993 36 21 län
862 993 48 22 med
932 993 74 22 staden

193 1021 130 26 Björneborg
344 1021 32 21 till
399 1021 151 26 residensstad;
573 1021 38 20 och
634 1020 44 22 blef
698 1021 147 22 betänkandet
856 1021 27 27 pä
898 1022 72 21 derom
986 1021 22 21 af

194 1050 55 20 Herr
270 1049 170 21 Talmannen
459 1049 60 27 gjord
535 1049 154 26 framställning
704 1049 23 21 sä
741 1049 52 27 godt
808 1055 45 16 som
869 1050 102 27 enhälligt
986 1050 22 21 af

194 1077 84 22 ständet
292 1079 92 25 antaget,
400 1077 135 27 hvarigenom
549 1077 202 27 petitionsförslaget
765 1078 139 21 förkastades.

260 1134 79 22 Vidare
360 1133 109 27 föredrogs
488 1134 94 21 ständets
598 1134 95 20 enskilda
707 1134 180 22 besvärsutskotts
902 1134 40 21 den
958 1135 26 21 24
999 1135 8 20 i

194 1163 69 21 denna
281 1162 77 22 mänad
379 1162 117 26 bordlagda
515 1162 133 21 betänkande
663 1162 39 21 N:o
719 1163 24 19 11
760 1163 6 20 i
781 1162 113 27 anledning
908 1163 24 20 af
943 1163 65 21 fram-

194 1191 73 21 ställdt
290 1190 79 26 förslag
388 1196 32 15 om
436 1190 130 21 anställande
581 1190 23 22 af
617 1190 103 21 särskilda
736 1190 69 22 finska
820 1190 186 22 handelsombuds-

194 1220 48 20 män
264 1219 13 21 å
298 1218 81 22 utrikes
401 1220 64 24 orter,
487 1218 34 21 för
540 1218 122 22 bevakande
677 1219 23 21 af
713 1218 68 22 finska
795 1218 102 22 handelns
912 1220 39 20 och
966 1220 41 26 sjö-

193 1248 80 21 fartens
287 1248 110 20 intressen.

262 1303 95 22 Berörda
377 1303 132 21 betänkande
531 1303 44 21 blef
597 1302 27 28 pä
646 1303 71 21 derom
733 1304 23 20 af
772 1304 56 21 Herr
842 1304 165 22 Talmannen

194 1332 119 21 framställd
333 1331 60 26 fråga
412 1331 22 21 af
447 1331 84 21 ståndet
546 1331 116 26 godkändt;
679 1331 82 26 tillfölje
776 1331 76 22 hvaraf
865 1332 142 26 petitionsför-

196 1360 68 26 slaget
277 1359 138 21 förkastades.

263 1416 127 27 Ytterligare
411 1415 99 27 föredrog
531 1415 55 22 Herr
607 1416 165 22 Talmannen
793 1416 95 22 ståndets
913 1418 95 21 enskilda

196 1446 168 22 besvärutskotts
386 1444 40 22 den
448 1445 27 21 26
497 1445 140 22 innevarande
659 1446 59 26 April
741 1446 115 28 bordlagda
874 1446 134 22 betänkande

196 1476 39 21 N:o
252 1476 25 20 12
292 1475 7 21 i
314 1474 111 26 anledning
441 1474 22 21 af
475 1474 63 20 väckt
553 1474 60 26 fråga
627 1480 34 16 om
675 1474 147 27 upphäfvande
832 1475 23 21 af
863 1475 144 28 importtullen

196 1504 13 22 å
224 1502 311 28 skeppsbyggnadsmaterialier
551 1502 50 22 eller
617 1502 38 23 ock
669 1503 133 28 förlängning
817 1504 23 22 af
853 1505 40 21 den
908 1504 33 22 för
960 1505 47 22 dem

197 1539 28 15 nu
240 1532 96 27 gällande
352 1531 109 23 tullfrihet.
