1092 1806
232 117 42 21 244
427 121 180 23 Borgareständet.
631 122 54 18 1867.
709 122 22 18 15
742 122 61 18 Mars.

271 208 161 26 Propositionen
454 208 127 22 besvarades
602 209 76 21 nästan
700 208 101 26 enhälligt
818 207 101 28 jakande;
936 207 83 28 tillfölje

203 236 77 22 hvaraf.
293 236 117 22 utskottets
428 236 134 22 betänkande
577 236 132 22 förklarades
725 242 50 15 vara
790 236 23 21 af
826 236 85 22 ståndet
925 238 94 25 antaget.

272 292 45 22 Och
341 298 45 16 som
410 293 88 21 ärendet
517 292 90 22 sålunda
621 292 69 22 blifvit
704 292 56 21 inom
775 292 179 26 Borgareståndet
969 292 51 22 slut-

202 320 65 27 fördt,
284 320 66 22 skulle
366 321 119 21 detsamma
495 321 120 21 remitteras
625 321 33 21 till
668 320 241 28 expeditionsutskottet,
919 320 34 21 för
962 323 57 19 utar-

203 349 91 21 betande
315 349 23 21 af
354 350 80 26 förslag
448 350 32 21 till
495 350 36 21 det
545 349 146 27 underdåniga
705 355 48 15 svar
768 348 13 22 å
797 349 40 21 den
851 349 78 27 nådiga
943 355 76 21 propo-

203 378 97 25 sitionen,
315 384 46 16 som
376 378 94 22 kommer
485 379 32 20 att
532 378 23 22 af
567 378 114 22 ständerna
695 377 98 27 afgifvas;
808 378 7 21 i
830 378 80 21 hvilket
919 377 100 22 afseende

203 406 77 28 utdrag
299 413 25 14 ur
339 406 128 28 protokollet
485 407 66 21 borde
570 406 32 22 till
617 407 90 21 berörda
722 406 89 27 utskott,
827 406 90 22 likasom
932 406 39 22 ock
986 406 33 22 till

203 435 144 27 medstånden,
363 436 6 20 i
385 435 97 22 afseende
498 435 12 21 å
525 435 156 22 underrättelse
695 441 34 15 om
744 435 191 27 Borgareståndets
950 435 70 21 beslut

202 464 8 20 i
225 463 79 28 frågan,
322 463 129 28 expedieras.

271 520 40 21 Till
323 519 103 28 justering
441 521 107 26 upplästes
564 520 106 21 särskilda
677 520 78 25 utdrag
763 526 25 14 ur
800 519 94 22 ståndets
906 519 35 22 vid
951 519 69 23 denna

201 549 53 25 dags
276 548 210 27 förmiddagssession
508 549 61 21 förda
588 549 113 26 protokoll,
717 548 108 26 angående
840 549 73 21 remiss
928 549 33 20 till
976 548 45 27 lag-

202 577 106 21 utskottet
319 577 23 22 af

271 633 43 28 1:0)
330 633 83 27 Nådiga
427 634 157 26 propositionen
600 633 39 22 N:o
655 634 34 25 25,
705 633 108 27 angående
828 634 114 27 ändringar
956 634 7 21 i
975 634 46 27 lag-

202 661 124 28 stiftningen
342 668 33 15 om
390 662 110 25 afträdes-,
516 662 133 21 boskilnads-
664 662 39 21 och
717 662 135 27 urarfvamål,
869 668 33 15 om
915 663 105 26 preskrip-

201 691 46 21 tion
262 691 33 20 för
309 690 113 27 utsökning
438 690 22 21 af
472 691 125 26 fordringar,
613 697 34 14 om
663 691 140 26 årsstämning
818 690 12 22 &
841 691 128 26 borgenärer
980 691 40 22 och

201 725 36 15 om
252 719 212 27 äktenskapsförord;

270 776 43 27 2:0)
329 775 83 28 Nädiga
426 775 158 27 propositionen
600 775 39 21 N:o
655 776 34 25 26,
705 775 109 27 angäende
829 775 191 27 inteckning
953 770 13 37 i
975 770 50 37 fast

202 804 102 27 egendom
327 806 55 20 samt
404 811 34 15 om
458 804 141 27 borgenärers
618 805 43 20 rätt
677 804 38 21 och
731 804 106 21 företräde
853 803 33 22 för
901 805 119 20 hvarandra

202 833 32 22 till
248 833 110 26 betalning
372 839 25 15 ur
412 834 108 26 egendom,
536 839 46 16 som
597 832 69 22 blifvit
680 832 32 21 till
728 832 93 22 konkurs
836 832 94 25 afträdd;
946 833 38 21 och

270 889 42 29 3:0)
327 889 82 28 Nädiga
423 890 158 27 propositionen
597 889 39 22 N:o
652 890 34 24 20,
699 889 107 28 angående
817 889 124 28 tryckfrihet
951 889 7 22 i
968 890 51 21 Fin-

201 918 50 22 land
266 919 39 21 och
320 925 34 15 om
368 919 96 21 vilkoren
479 918 34 21 för
528 919 47 21 dess
590 918 141 28 begagnande.

270 975 57 21 Herr
341 975 170 21 Talmannen
534 975 144 26 tillkännagaf,
694 976 32 20 att
741 975 113 26 liggetiden
869 975 33 21 för
921 975 97 21 ständets

203 1004 35 21 vid
258 1004 68 21 denna
340 1004 100 26 landtdag
455 1004 61 21 förda
531 1004 108 26 protokoll
653 1004 32 20 till
701 1003 39 21 och
755 1003 48 21 med
818 1003 40 21 den
873 1004 27 20 23
915 1003 103 21 Februari

202 1039 30 15 nu
253 1039 50 15 vore
324 1034 42 26 ute,
392 1034 55 20 samt
461 1032 137 26 framställde,
614 1032 104 21 huruvida
733 1032 68 26 nägon
816 1031 23 21 af
852 1032 95 20 ständets
962 1032 57 21 med-

202 1061 89 21 lemmar
306 1061 53 26 ägde
375 1061 45 21 skäl
435 1060 33 22 till
483 1060 137 27 anmärkning
636 1062 56 20 emot
707 1061 91 20 berörda
813 1061 138 25 protokoller.
971 1060 49 22 Men

202 1090 88 21 emedan
305 1089 70 27 nägon
390 1089 138 27 anmärkning
542 1089 7 21 i
564 1088 77 22 sädant
655 1088 98 22 afseende
768 1095 29 15 nu
810 1088 46 22 icke
871 1089 90 27 gjordes,
977 1088 42 22 för-

201 1118 100 22 klarades
316 1117 158 28 protokollerna
488 1124 50 15 vara
551 1118 116 27 justerade.

270 1175 128 27 Föredrogs:
414 1175 55 21 Herr
492 1174 154 22 Snellmans
667 1174 41 21 den
723 1174 26 21 23
766 1174 94 22 sistlidne
875 1174 62 21 Febr.
954 1174 64 21 bord-

202 1203 63 27 lagda
280 1203 185 27 petitionsförslag,
482 1203 107 27 angäende
605 1203 101 25 rättighet
715 1202 33 22 för
755 1202 132 22 fabrikanter
895 1202 39 22 och
943 1202 76 22 handt-

201 1232 89 21 verkare
313 1232 18 27 ej
356 1232 80 22 mindre
459 1232 32 21 till
517 1232 107 26 bevisning
639 1237 74 21 genom
729 1231 132 21 handelsbok
875 1231 40 21 och
930 1231 90 27 räkning

203 1261 59 21 öfver
276 1260 117 28 utborgade
408 1266 68 20 varor,
492 1262 27 19 än
534 1260 32 22 till
581 1260 87 22 införsel
683 1260 22 21 af
719 1260 26 20 de
759 1260 34 21 för
808 1260 61 21 deras
884 1260 52 26 yrke
951 1259 68 21 erfor-

202 1290 81 26 derliga
298 1288 107 22 räämnen.

270 1346 56 21 Herr
341 1345 148 22 Lindblom
512 1345 73 21 anhöll
600 1351 33 15 om
650 1345 61 21 ordet
726 1344 39 22 och
775 1345 94 26 yttrade:
881 1344 87 21 emedan
977 1343 33 22 för

202 1374 92 22 berörda
309 1374 179 27 petitionsförslag
503 1374 38 20 har
557 1375 52 20 nära
623 1373 128 27 gemenskap
766 1372 48 22 med
829 1373 76 26 nådiga
925 1373 94 25 proposi-

202 1404 72 20 tionen
296 1402 40 22 N:o
359 1404 26 19 13
401 1409 34 15 om
450 1402 119 26 antagande
583 1402 24 21 af
620 1408 25 14 en
660 1401 129 27 förordning,
805 1401 92 21 rörande
912 1400 107 27 bevisning

202 1438 75 19 genom
301 1431 131 20 handelsbok
458 1431 40 19 och
521 1431 89 25 räkning
633 1430 58 20 öfver
705 1430 118 26 utborgade
838 1435 69 17 varor,
923 1428 96 22 anhåller

200 1460 43 26 jag,
268 1459 32 21 för
324 1458 126 21 afvaktande
474 1458 24 20 af
523 1458 151 26 lagutskottets
699 1457 134 21 betänkande
848 1458 7 20 i
870 1456 112 26 anledning
997 1456 23 22 af

201 1487 66 27 sagde
291 1486 137 28 proposition,
451 1488 33 21 att
506 1486 202 26 petitionsförslaget
729 1485 69 22 blefve
817 1485 123 27 ytterligare
955 1484 64 21 bord-

202 1515 60 28 lagdt
276 1516 28 26 på
319 1517 12 19 8
347 1515 71 27 dagar.
