1086 1798
306 126 180 22 Borgareståndet.
511 128 54 18 1867.
589 128 13 17 6
613 128 62 18 Mars.
828 124 39 22 159

83 213 32 20 att
129 211 65 23 väcka
208 212 60 27 fråga
282 219 34 15 om
331 213 119 22 åtkomsten
464 214 32 21 till
510 214 123 27 vildbrådet,
649 215 23 21 så
687 215 59 22 skola
761 216 89 21 nämnda
866 216 30 21 tio

82 240 81 22 vittnen
177 240 62 22 hafva
254 240 38 22 bra
306 242 56 21 svårt
377 244 31 19 att
423 242 70 22 kunna
508 242 70 28 intyga
593 244 29 25 på
634 242 32 22 sin
682 243 31 25 ed,
729 244 31 20 att
773 243 35 21 det
818 246 23 19 är
851 244 45 26 just

82 274 80 16 samma
177 268 101 28 vildbråd,
294 276 45 15 som
355 270 5 21 i
376 270 61 22 deras
451 272 89 20 närvaro
555 271 83 27 köptes.
667 271 42 22 Det
723 273 25 19 är
767 272 87 21 sålunda
870 278 26 15 en

81 296 34 22 hel
136 297 77 27 mängd
228 297 184 28 omständigheter,
426 304 45 16 som
487 301 56 25 göra,
559 300 32 20 att
605 299 49 22 hela
668 299 68 22 teorin
750 301 25 20 är
789 300 105 26 olämplig.

149 365 55 22 Herr
225 366 206 28 Bronikowskij:
452 366 68 23 denna
542 366 59 28 fråga
615 369 24 19 är
654 367 17 27 ej
689 366 21 23 af
723 369 68 21 större
806 368 43 26 vigt
863 368 34 22 för

81 394 69 26 någon
175 400 68 16 annan
258 397 26 19 än
300 395 46 26 den,
362 401 45 16 som
422 395 89 22 handlar
526 396 47 22 med
588 395 55 28 fågel
657 396 6 20 i
679 398 67 20 större
761 397 79 26 partier
855 396 39 22 och

80 422 66 28 köper
161 429 41 21 upp
218 423 47 22 dem
280 424 27 27 pä
321 423 59 27 loflig
394 424 38 25 tid,
446 423 33 22 för
494 426 31 20 att
540 424 63 22 sedan
618 424 85 28 försälja
718 425 54 21 dem.
787 425 53 26 Den,
849 431 46 16 som

81 451 77 27 sysslar
180 452 92 26 härmed,
295 452 39 22 har
355 452 131 28 naturligtvis
502 453 53 21 vinst
571 453 38 21 och
624 452 67 22 fördel
707 453 63 26 deraf,
787 455 54 20 samt
856 454 39 21 bör

81 479 82 23 derföre
185 486 23 16 se
230 480 39 26 till,
284 483 32 19 att
331 480 40 22 han
386 481 42 21 kan
442 481 147 22 åstadkomma
603 481 157 28 ifrågavarande
775 482 118 27 utredning,

80 508 52 22 eller
147 509 39 21 ock
200 508 111 23 underlåta
325 511 32 20 att
372 509 66 22 drifva
452 510 65 21 sådan
532 509 83 22 handel.

148 576 56 22 Herr
226 576 154 22 Snellman:
401 577 36 27 jag
459 577 39 21 ber
512 578 32 21 att
558 577 21 21 få
594 579 95 25 motsäga
703 577 55 22 hvad
772 578 56 22 Herr
842 578 52 22 Bro-

81 604 109 27 nikowskij
206 611 48 21 nyss
268 607 72 25 yttrat.
369 605 11 21 I
394 605 107 27 Uleåborg
514 606 109 21 innehafva
635 606 133 27 köpmännen
778 606 117 22 hundrade-

82 632 40 23 tals
144 632 62 28 fågel,
228 639 45 16 som
296 634 61 21 deras
374 634 80 22 kunder
469 634 72 22 hemta
555 634 54 25 dem,
623 640 47 16 men
686 634 69 22 hvilka
770 635 64 21 sedan
849 634 47 23 icke

81 661 69 28 säljas,
173 663 51 21 utan
239 662 67 22 hållas
320 662 33 22 för
367 664 47 25 eget
430 662 68 24 behof.
528 662 40 28 Jag
583 669 68 20 anser,
666 664 32 20 att
712 663 147 23 innehafvaren
874 663 22 22 af

81 691 66 21 sådan
162 690 55 27 fågel
232 691 18 27 ej
267 691 98 22 behöfver
379 691 77 27 bevisa,
472 694 38 20 när
525 691 40 22 den
580 691 68 22 blifvit
663 690 83 29 skjuten
758 692 38 21 och
807 695 34 18 vet
848 692 47 22 icke

81 718 74 26 heller,
180 719 56 21 huru
260 720 65 21 sådan
345 720 107 26 bevisning
474 720 55 22 skall
543 720 156 22 åstadkommas
715 720 137 27 annorlunda,
868 722 27 20 än

81 754 76 20 genom
180 750 48 25 eget
252 748 126 27 tjenstefolk.
408 749 87 22 Derföre
517 750 33 21 må
572 748 113 28 åklagaren
707 749 49 27 visa,
780 751 32 20 att
826 748 70 28 fågeln

81 776 67 22 blifvit
161 776 52 22 fälld
228 777 67 22 under
309 776 71 28 oloflig
395 778 38 21 tid.

149 840 56 21 Herr
226 839 99 27 Bergh:
352 845 33 17 om
404 840 46 22 icke
465 840 47 22 hela
526 840 222 28 fridlysningsstadgan
762 840 54 22 skall
831 839 64 23 blifva

81 869 31 21 ett
133 868 91 27 gäckeri,
247 868 38 22 bör
307 868 58 22 detta
386 868 116 27 stadgande
524 869 90 27 gvarstä.
645 868 60 22 Huru
724 868 36 22 det
775 868 54 22 skall
844 874 51 16 vara

81 896 95 28 omöjligt
190 898 33 21 att
238 896 49 28 visa,
303 896 35 23 det
354 896 39 22 den
407 896 61 27 fågel,
484 903 48 16 man
546 897 39 22 har
599 896 7 22 i
616 896 32 23 sin
658 896 85 26 källare,
756 896 68 22 blifvit
838 897 56 22 inom

81 925 59 27 loflig
162 925 30 22 tid
217 925 57 26 fälld,
298 925 42 22 kan
358 925 36 28 jag
408 925 46 22 icke
469 925 51 22 inse.
549 926 42 22 Det
606 928 24 19 är
644 927 94 20 tvertom
752 925 80 28 ganska
847 925 47 22 lätt.

81 953 50 23 Man
152 953 100 23 behöfver
274 954 18 27 ej
315 956 64 20 annat
396 956 26 20 än
438 956 32 20 att
485 955 40 22 den
541 956 25 20 15
582 954 57 22 Mars
653 954 88 22 tillkalla
756 956 76 20 tvenne
846 954 49 22 vitt-

81 989 40 16 nen
137 983 51 22 eller
202 989 26 16 en
243 982 135 28 polisbetjent
392 983 39 22 och
446 983 21 22 af
481 983 47 22 dem
543 985 49 26 taga
607 983 56 22 bevis
679 983 100 25 deröfver,
800 985 31 20 att
846 988 48 17 man

81 1011 121 23 innehafver
223 1011 55 28 fågel
299 1011 7 22 i
320 1011 32 23 sin
366 1011 86 23 källare.
481 1012 40 27 Jag
536 1018 66 19 anser,
617 1013 33 20 att
664 1018 49 15 man
728 1011 17 28 ej
761 1011 39 22 bör
814 1011 82 22 riskera

80 1042 32 20 att
134 1043 51 25 göra
199 1041 49 22 hela
262 1041 60 26 lagen
337 1039 32 23 till
384 1042 30 21 ett
429 1040 80 28 gyckel,
525 1041 74 22 endast
613 1040 32 22 för
660 1042 31 21 att
706 1040 45 22 icke
766 1040 129 23 underkasta

80 1069 33 28 sig
127 1071 32 20 ett
173 1069 76 22 sådant
262 1069 48 22 litet
323 1069 81 22 besvär.

148 1132 55 22 Herr
224 1132 219 27 Bronikowskij:
463 1132 37 27 jag
521 1132 122 21 instämmer
663 1131 7 21 i
687 1131 56 22 Herr
757 1131 81 27 Berghs
852 1133 42 26 ytt-

79 1161 66 21 rande
167 1161 39 22 och
221 1161 101 26 tillägger,
341 1162 31 21 att
388 1160 18 22 vi
421 1160 64 22 redan
500 1160 61 27 länge
575 1159 45 22 haft
635 1166 27 16 en
677 1159 40 28 lag,
732 1166 46 16 som
792 1159 101 27 förbjudit

80 1195 34 16 oss
129 1191 32 20 att
175 1189 50 22 fälla
239 1189 96 22 vildbråd
349 1189 27 28 på
390 1189 41 21 viss
446 1189 37 24 tid,
498 1195 47 16 men
557 1189 44 27 just
611 1188 40 22 den
662 1188 187 27 omständigheten,
862 1189 32 20 att

80 1218 78 21 enhvar
183 1217 41 22 fått
238 1218 56 27 köpa
308 1218 39 21 och
362 1217 110 22 innehafva
488 1217 94 22 vildbråd
597 1217 67 22 under
678 1217 110 26 förbjuden
802 1216 37 27 tid,
854 1216 40 22 har

79 1247 61 27 gjort,
163 1248 31 20 att
216 1247 60 26 lagen
299 1247 66 26 tjenat
378 1246 32 22 till
425 1247 59 21 intet.
513 1246 48 21 Just
575 1246 21 21 af
610 1245 59 22 detta
683 1245 93 27 exempel
791 1244 39 23 bör
844 1251 49 15 man

79 1275 59 22 ledas
153 1275 32 22 till
200 1277 32 20 att
246 1276 18 26 ej
280 1275 63 22 tveka
357 1277 32 19 att
402 1277 78 25 antaga
494 1275 36 21 det
537 1274 83 27 förslag,
631 1280 46 16 som
686 1274 39 21 här
734 1276 24 19 är
770 1273 122 28 uppställdt.

147 1338 56 22 Herr
218 1338 165 22 Talmannen
400 1337 120 22 förklarade
536 1336 143 23 diskussionen
694 1343 50 16 vara
759 1336 70 22 slutad
837 1337 56 21 samt

79 1367 102 21 förmälde
203 1367 32 26 sig
256 1369 61 19 ämna
338 1367 69 21 såsom
421 1365 130 28 proposition
566 1365 115 22 framställa
696 1365 11 27 $
723 1365 33 27 15,
771 1365 65 21 sådan
853 1365 40 21 den

79 1395 140 22 förekommer
233 1395 7 21 i
254 1395 114 22 utskottets
382 1394 133 28 betänkande
530 1394 126 22 oförändrad
672 1393 39 22 och
730 1393 126 22 öfverlemna
870 1393 23 21 åt

80 1424 84 20 ståndet
186 1425 32 19 att
239 1423 32 20 till
294 1423 207 26 kontraproposition
519 1425 76 23 antaga
609 1423 99 24 antingen
722 1428 80 15 samma
818 1421 12 26 $
845 1421 48 20 med

80 1451 132 21 uteslutande
227 1451 21 20 af
258 1450 64 21 orden
338 1456 58 19 ,,som
411 1451 57 20 förut
482 1449 66 22 blifvit
562 1449 85 26 lofligen
662 1448 64 22 fäldt*
742 1449 52 21 eller
804 1449 32 20 att
845 1447 48 22 hela

79 1478 125 27 stadgandet
218 1478 7 21 i
239 1478 91 21 berörda
344 1479 13 26 &
372 1478 67 21 skulle
453 1479 60 24 utgå;
529 1477 80 22 hvilket
623 1477 78 27 förslag
715 1476 23 21 af
751 1476 84 22 ståndet
842 1476 51 27 god-

79 1507 88 26 kändes;
182 1507 8 22 i
204 1507 112 26 anledning
330 1506 74 23 hvaraf
417 1506 156 29 propositionen
587 1505 44 23 blef
644 1505 124 28 sälydande
755 1501 17 38 :
