1084 1823
302 125 189 21 Borgarerståndet.
517 127 55 17 1867.
596 128 22 17 15
630 128 62 17 Mars.
839 124 39 20 221

91 209 24 21 af
133 210 222 22 Rådstufvurätternes
377 211 104 21 ordinarie
499 211 127 22 domböcker
641 212 39 22 och
696 212 162 27 konkursakter;
875 213 32 22 för

92 237 251 23 konkursnotifikationer
364 238 32 22 till
411 239 68 21 kände
495 240 136 26 borgenärer;
646 240 34 21 för
694 241 76 21 krono-
785 241 39 21 och
839 242 68 20 stads-

92 266 148 26 räkenskaper,
262 272 44 16 som
328 267 60 21 skola
405 268 33 20 till
455 268 146 26 Länestyrelse
619 268 106 26 insändas;
742 268 32 22 för
788 269 119 22 skrifvelser

92 294 33 31 till
147 294 160 22 Direktionerne
327 295 33 21 för
383 295 77 22 Finska
483 296 147 22 Ecklesiastik-
652 296 38 22 och
706 297 131 21 Skolstatens
852 300 55 19 samt

92 321 79 22 Finska
185 322 160 22 Militärstatens
359 323 70 22 Enke-
444 324 39 21 och
499 324 145 27 pupillkassor,
661 324 105 22 äfvensom
782 325 30 21 till
824 325 83 27 Kejser-

92 350 42 26 liga
149 350 91 22 Senaten
255 351 32 21 för
301 351 96 25 Finland,
411 352 116 27 Kejserliga
542 352 129 22 Alexanders
686 353 156 25 Universitetet,
857 354 49 21 Fin-

92 378 60 22 lands
167 379 67 27 Bank,
250 380 267 22 Manufakturdirektionen
532 380 38 22 och
586 381 207 26 Kontrollkontoret;
810 384 53 19 samt
873 382 33 21 för

92 406 82 22 Krono-
189 408 39 21 och
244 408 40 21 alla
299 408 86 27 publika
399 409 61 21 verks
477 409 73 21 medel.
572 409 79 21 Genom
667 412 70 24 porto-
749 410 39 20 och
800 416 105 16 assurans-

91 434 101 24 frihetens
206 437 148 21 utsträckande
369 436 32 22 till
416 436 41 22 alla
473 438 60 21 dessa
548 437 42 26 fall,
604 438 71 21 hvilka
684 438 48 26 föga
740 440 48 19 röra
800 438 104 26 städerne,

92 463 66 22 ehuru
180 464 70 22 desses
271 466 144 26 myndigheter
434 466 78 26 nödgas
529 466 84 21 dermed
629 468 48 24 taga
692 466 122 27 befattning,
830 466 75 27 skulle,

88 492 70 21 såsom
173 493 21 21 vi
208 495 40 23 tro,
264 494 132 26 postverkets
411 494 74 21 förlust
501 494 63 21 blifva
578 494 80 26 ganska
672 494 113 27 obetydlig,
801 501 46 15 men
859 496 45 20 der-

89 523 57 19 emot
160 521 158 22 vederbörande
333 522 150 26 stadskassors,
505 521 32 23 för
560 522 25 22 de
607 522 59 22 fleste
683 523 65 21 redan
766 524 56 20 förut
837 523 65 21 öfver-

88 548 76 23 höfvan
179 550 71 27 dryga,
265 550 86 26 utgifter
360 550 126 22 åtminstone
495 550 7 22 i
513 552 69 25 någon
590 557 34 15 om
633 552 39 20 ock
680 552 59 26 ringa
747 557 49 16 mon
804 552 97 21 minskas.

190 595 70 21 Jakob
277 595 84 21 Krank.
660 596 27 21 P.
707 592 93 32 Östring.

156 652 80 22 Herrar
258 652 199 28 Bronikowskij
478 654 38 21 och
538 653 93 22 Krank
646 653 90 27 begärde
751 653 152 28 bordläggning

87 680 23 22 af
130 681 59 22 detta
209 681 139 26 betänkande,
372 682 39 20 den
427 681 56 22 förre
498 682 32 21 till
545 684 61 19 nästa
620 681 84 27 plenum
720 682 39 21 och
775 682 39 21 den
830 689 73 15 senare

88 710 27 26 på
137 711 45 21 åtta
204 710 71 26 dagar,
298 710 7 20 i
327 710 51 26 följd
400 710 76 22 hvaraf
493 710 152 27 bordläggning
660 710 59 22 deraf
732 711 28 27 på
774 710 129 22 sistnämnde

87 738 31 22 tid
133 738 85 22 beslöts.

154 790 78 22 Vidare
247 790 106 27 föredrogs
369 792 30 20 ett
415 791 94 21 ståndets
525 791 95 22 enskilda
635 790 178 22 besvärsutskotts
827 791 74 21 betän-

86 818 69 22 kande
171 818 39 22 N:o
226 820 18 24 3,
260 820 23 20 så
299 819 99 27 lydande:

291 871 190 26 Borgareståndets
504 871 102 22 Enskilda
628 871 182 22 Besvärsutskotts
828 871 73 21 betän-

222 899 74 27 kande,
320 900 6 20 i
349 899 112 28 anledning
483 900 22 21 af
526 900 116 26 föreslagen
664 900 130 26 underdånig
813 900 88 27 petition

222 934 34 15 om
279 928 122 21 haverierad
421 928 39 21 och
483 928 65 26 enligt
563 929 214 26 tullförfattningarne
793 928 108 21 förbruten

223 956 62 21 dömd
307 957 111 25 egendoms
441 957 121 27 försäljning
582 963 75 20 genom
672 957 108 21 städernas
796 957 105 21 auktions-

223 985 90 21 kamrar.

154 1037 46 21 Hos
221 1037 177 26 Borgareståndet
420 1037 38 21 har
479 1036 153 27 framställning
652 1036 68 22 blifvit
741 1036 60 27 gjord
821 1037 79 23 derom,

87 1067 37 23 att,
148 1065 66 22 ehuru
235 1066 98 21 städerne
347 1065 198 26 författningsenligt
560 1065 128 21 tillkommer
704 1067 32 19 att
749 1071 74 20 genom
840 1065 61 21 deras

86 1094 182 21 auktionskamrar
289 1093 86 26 försälja
390 1093 27 22 all
432 1094 65 21 sådan
513 1094 101 26 egendom
630 1095 6 20 i
651 1094 80 25 staden,
747 1100 45 15 som
808 1094 36 21 der
859 1093 41 21 för-

86 1122 134 20 auktioneras
240 1124 54 18 samt
318 1125 31 18 att
371 1121 71 22 derför
464 1122 94 26 uppbära
581 1123 41 20 viss
644 1124 93 24 procent,
762 1122 111 20 auktioner
888 1123 13 19 å

86 1150 108 26 egendom,
217 1156 44 15 som
282 1150 83 26 jemlikt
386 1150 214 25 tullförfattningarne
623 1150 67 21 blifvit
713 1150 133 21 konfiskerad
862 1149 38 21 och

86 1178 109 21 förbruten
221 1178 68 26 dömd,
313 1180 54 19 samt
388 1180 13 20 å
425 1178 132 21 haverieradt
578 1178 53 26 gods
655 1178 63 21 likväl
737 1178 46 21 icke
801 1178 100 21 förrättas

86 1212 74 20 genom
176 1206 215 26 auktionskamrarne,
407 1209 50 19 utan
473 1206 22 22 af
508 1206 157 27 tullkamrarne,
674 1206 98 21 hvarföre
782 1206 118 26 föreslagits

85 1236 32 20 att
132 1235 130 26 underdänig
277 1234 98 22 anhällan
389 1235 68 21 skulle
472 1237 67 24 göras,
556 1237 32 19 att
603 1234 110 22 framdeles
728 1234 52 27 gods
795 1234 21 22 af
824 1234 76 22 omför-

84 1264 57 20 mäld
164 1263 143 22 beskaffenhet
329 1264 65 21 måtte
415 1270 74 20 genom
513 1263 210 21 auktionskamrarne
744 1262 95 28 försäljas
861 1263 39 21 och

86 1292 99 21 städerna
206 1292 87 21 sälunda
315 1292 85 21 komma
422 1292 7 20 i
450 1292 123 26 ätnjutande
588 1291 22 21 af
624 1298 26 15 en
665 1293 49 25 rätt,
730 1291 75 21 hvaraf
818 1292 25 21 de
859 1291 40 21 hit-

84 1320 43 21 tills
142 1322 51 20 utan
208 1320 112 27 anledning
335 1320 53 22 varit
402 1320 7 21 i
424 1320 87 22 saknad.

154 1372 61 22 Efter
237 1373 35 21 det
294 1372 87 22 ärendet
401 1372 68 22 blifvit
491 1372 22 22 af
531 1372 90 22 Ständet
636 1372 32 21 till
684 1372 46 22 dess
745 1372 101 21 Enskilda
861 1371 39 22 Be-

72 1419 2 2 -
84 1402 143 21 svärsutskott
248 1401 138 25 remitteradt,
402 1400 39 22 har
454 1400 110 22 Utskottet
579 1400 7 22 i
602 1400 39 27 dag
656 1400 32 22 till
703 1400 127 27 behandling
844 1400 55 22 före-

85 1429 44 21 haft
152 1430 121 20 detsamma.
304 1430 79 21 Härvid
405 1429 32 21 fär
458 1429 111 22 Utskottet
591 1429 53 21 först
666 1429 179 27 vidhandengifva,
868 1430 32 20 att

85 1457 65 21 sedan
172 1456 81 22 landets
275 1457 132 21 tullintrader
429 1458 67 20 under
515 1463 25 15 en
564 1458 44 20 stor
624 1457 33 21 del
672 1457 22 20 af
709 1458 55 20 1700
779 1457 52 21 talet
845 1457 55 20 varit

86 1484 23 23 af
128 1485 82 22 kronan
230 1485 31 21 till
277 1487 30 20 ett
322 1485 90 21 enskildt
427 1484 62 27 bolag
505 1484 164 22 utarrenderade
684 1485 39 21 och
740 1485 56 21 detta
812 1484 87 22 berätti-

84 1516 48 25 gats
154 1516 32 20 att
206 1513 48 27 sjelf
274 1514 117 27 ombesörja
405 1513 151 28 försäljningen
571 1513 23 22 af
606 1513 52 28 gods
672 1513 23 22 af
708 1512 139 23 ofvannämnd
862 1512 38 23 be-
