1084 1806
220 133 43 21 588
422 136 181 22 Borgareståndet.
628 137 55 17 1867.
707 137 27 18 24
745 136 63 22 April.

191 222 72 22 hvilka
284 224 38 20 äro
344 222 128 21 framhällna
492 222 32 22 uti
538 222 134 26 inledningen
687 222 33 20 till
735 221 158 27 propositionen
909 221 40 21 och
965 221 46 22 der-

191 251 79 23 ibland,
292 253 33 19 att
346 250 142 22 afskaffandet
510 250 22 22 af
553 250 136 22 dödsstraffet
711 250 18 27 ej
752 250 68 22 skulle
835 252 40 25 äga
890 250 70 22 stöd
945 246 19 36 .i
975 250 37 21 det

191 280 39 20 hos
250 279 68 22 finska
342 279 67 22 folket
431 280 94 21 rådande
548 280 200 21 rättsmedvetande.
778 279 41 26 Jag
836 279 37 21 vill
888 278 124 27 visserligen

191 308 47 22 icke
260 308 68 28 påstå,
346 310 33 19 att
391 308 40 21 den
446 308 63 21 äfven
523 308 7 21 i
545 308 116 22 utskottets
677 307 134 22 betänkande
826 308 127 21 omnämnda
968 314 43 15 om-

192 337 154 26 ständigheten,
372 339 32 19 att
430 336 136 22 dödsstraffet
587 337 7 21 i
617 339 59 19 snart
700 337 25 26 '/,
748 336 64 26 sekel,
835 336 67 22 ehuru
917 336 94 27 ädömät,

192 366 68 26 aldrig
282 365 68 21 blifvit
372 365 123 27 verkstäldt,
511 366 43 20 kan
569 365 94 26 åberopa
677 364 69 22 såsom
762 366 31 20 ett
808 364 85 28 uttryck
907 365 24 21 af
944 364 68 22 finska

192 394 76 21 folkets
291 394 199 21 rättsmedvetande.
520 394 50 21 Men
583 394 36 26 jag
631 396 46 19 tror
691 394 42 26 mig
748 394 95 20 deremot
858 394 71 20 kunna
944 393 68 28 påstå,

192 424 32 20 att
247 422 68 21 denna
339 422 157 26 omständighet
519 422 39 21 har
580 422 90 26 mäktigt
692 422 40 21 och
749 422 108 21 verksamt
872 422 93 26 bidragit
979 424 32 20 att

192 451 39 21 hos
255 450 68 22 finska
343 450 67 22 folket
431 451 67 21 alstra
516 451 39 21 och
571 450 112 22 framkalla
698 452 31 20 ett
744 450 194 22 rättsmedvetande
953 451 7 20 i
976 451 36 22 det

192 479 60 28 syfte,
268 481 33 19 att
316 479 137 22 dödsstraffet
467 481 24 19 är
505 479 134 28 öfverflödigt
651 480 39 21 och
700 479 46 22 icke
757 479 134 27 erforderligt
903 479 34 21 för
949 481 63 20 rätts-

192 507 128 22 tillståndets
335 507 187 27 upprätthållande
537 509 57 20 inom
605 508 78 21 landet.
709 508 42 21 Det
763 507 40 22 har
814 508 71 21 vidare
896 507 115 25 anmärkts,

192 538 32 20 att
246 537 133 26 fängelserna
400 537 8 20 i
427 536 72 22 landet
517 537 46 22 icke
579 537 84 21 befinna
678 537 31 26 sig
724 537 7 21 i
747 537 36 21 det
797 537 66 26 skick,
879 539 33 19 att
927 537 86 21 frihets-

193 565 87 22 straften
295 565 71 21 kunna
382 566 6 20 i
404 566 40 21 den
460 565 131 22 vidsträckta
605 572 49 15 mon
669 565 80 22 införas
765 565 39 21 och
819 565 132 26 verkställas,
967 571 45 16 som

192 594 34 21 för
244 595 31 20 ett
297 594 117 27 stadgande
436 593 23 22 af
475 600 28 15 nu
518 595 113 20 anmärkta
647 593 144 22 beskaffenhet
807 593 77 22 blifver
899 593 23 22 af
936 593 76 25 nöden,

193 625 39 18 när
254 621 82 28 engång
358 623 58 20 detta
431 623 116 26 stadgande
563 623 72 21 träder
649 623 6 20 i
670 622 98 27 gällande
783 622 63 21 kraft.
877 623 76 20 Denna
967 629 46 14 om-

193 651 127 26 ständighet,
343 657 44 14 som
411 650 62 21 äfven
496 653 23 19 är
534 651 127 21 framhällen
677 651 5 20 i
698 651 40 21 den
754 651 77 26 nådiga
845 651 166 27 propositionen,

194 681 50 24 äger
258 679 8 20 i
281 679 98 21 afseende
395 679 12 20 å
422 679 86 27 frågans
523 679 132 22 bedömande
670 679 46 21 icke
732 679 69 28 någon
817 685 70 15 annan
898 679 115 27 betydelse,

194 709 26 19 än
244 709 31 19 att
297 707 40 21 den
353 707 75 22 blifver
443 714 26 14 en
484 708 81 27 mäktig
579 708 87 26 maning
680 708 33 21 för
727 707 68 22 finska
810 707 78 22 folkets
903 707 110 28 målsmän,

194 736 48 21 dess
256 735 90 22 monark
362 735 39 22 och
416 736 87 21 ständer
518 738 33 20 att
565 736 24 22 så
604 736 59 27 begå,
680 737 35 20 det
731 736 195 27 fängelseväsendet
936 736 77 22 blifver

194 764 76 21 försatt
285 765 7 20 i
307 764 135 27 erforderligt
457 765 64 21 skick.
552 765 43 22 Det
609 771 50 14 vore
674 765 43 27 mig
732 765 63 26 högst
810 765 157 26 motbjudande,
979 771 34 15 om

193 793 84 20 landets
299 795 177 24 representanter,
503 793 67 21 ehuru
595 793 94 27 hysande
713 793 154 27 öfvertygelsen
893 795 32 20 att
951 793 61 22 döds-

194 820 83 22 straffet
299 821 77 21 saknar
398 822 128 26 rättsgrund,
550 821 67 22 skulle
640 821 33 22 för
692 822 49 21 dess
756 821 148 22 bibehållande
920 822 93 27 åberopa

194 849 41 22 den
257 850 191 27 omständigheten,
476 853 32 18 att
532 851 83 21 landets
637 850 186 27 fängelseväsende
846 851 93 21 befinner
960 851 52 27 sig
1001 845 15 37 i

193 878 77 21 sådant
290 878 66 25 skick,
377 881 32 18 att
431 885 55 19 man,
509 879 67 22 ehuru
594 879 122 26 öfvertygad
732 885 33 15 om
782 879 147 22 dödsstraftets
945 881 68 20 orätt-

193 907 109 27 mätighet,
324 907 98 21 beröfvar
437 907 133 28 förbrytaren
587 908 58 21 lifvet
659 908 39 21 och
715 908 88 21 sålunda
818 908 101 27 besparar
935 908 31 27 sig
981 911 32 19 att

193 936 90 21 behöfva
306 936 106 21 förbättra
434 936 202 26 fängelseväsendet,
659 937 23 20 af
699 937 85 21 hvilken
807 937 73 26 åtgärd
901 937 112 22 samhället

194 965 108 21 dessutom
322 965 68 21 skulle
412 965 79 20 skörda
514 965 89 26 mången
625 971 69 15 annan
717 965 75 26 fördel,
808 965 88 22 hvarom
911 972 29 15 nu
955 965 19 27 ej
989 967 24 20 är

194 992 60 27 fråga
290 993 42 22 Det
346 993 40 21 har
400 993 40 21 ock
455 993 118 28 åberopats,
590 995 32 20 att
637 994 82 21 landets
735 994 86 21 ständer
835 995 35 20 vid
881 994 53 21 sista
944 994 69 21 landt-

195 1022 41 25 dag
248 1021 85 26 uttalat,
349 1021 70 22 såsom
432 1022 38 27 jag
484 1022 36 21 vill
535 1022 82 21 minnas
631 1022 102 27 enhälligt
743 1023 32 21 sin
787 1022 138 28 öfvertygelse
933 1023 80 26 derom,

195 1052 33 19 att
248 1050 136 21 dödsstraffet
406 1050 66 22 borde
490 1057 51 15 vara
556 1051 120 26 afskafladt,
692 1051 89 21 likasom
797 1052 36 21 det
848 1052 7 20 i
869 1051 145 27 verkligheten

194 1078 47 22 icke
261 1079 68 21 blifvit
344 1079 27 26 på
387 1079 61 21 dessa
463 1080 27 20 40
506 1079 24 22 år
546 1079 125 26 tillämpadt,
688 1082 55 19 samt
757 1083 32 18 att
805 1081 68 20 denna
888 1080 127 21 ständernas

195 1107 55 26 åsigt
276 1107 19 27 ej
320 1108 74 20 vunnit
417 1108 58 21 Hans
497 1108 118 27 Kejserliga
638 1108 110 27 Majestäts
763 1108 59 22 bifall
838 1109 6 20 i
859 1108 155 22 vidsträcktare

195 1135 60 26 mått,
278 1137 34 26 än
328 1136 55 21 hvad
407 1136 165 27 propositionen,
593 1143 45 15 som
657 1143 28 14 nu
699 1137 114 27 föreligger
829 1143 41 18 oss,
885 1137 129 22 vidhanden-

195 1165 73 26 gifver.
297 1165 67 21 Afven
387 1165 69 21 denna
478 1165 157 27 omständighet
659 1171 61 22 synes
741 1166 43 26 mig
799 1166 46 21 icke
861 1166 52 21 böra
928 1166 87 21 inverka

194 1193 28 26 på
237 1193 95 21 ståndets
348 1193 76 21 beslut.
453 1194 57 20 Anse
526 1195 119 22 ständerne,
661 1200 44 15 som
721 1196 36 19 äro
773 1194 69 21 finska
856 1194 78 21 folkets
945 1200 70 21 repre-

194 1223 110 20 sentanter
326 1222 7 21 i
358 1222 74 25 denna,
454 1222 89 21 likasom
566 1222 7 21 i
591 1222 66 21 andra
672 1222 77 27 frågor,
765 1223 138 21 dödsstraffet
918 1223 52 21 böra
985 1223 31 20 af-

194 1250 79 21 skaffas
296 1256 26 14 ur
344 1250 39 21 den
406 1250 80 21 skrifna
508 1251 68 26 lagen,
591 1251 25 20 så
631 1251 54 20 böra
699 1251 115 21 ständerna
829 1251 65 27 enligt
907 1251 49 22 mitt
971 1257 44 15 om-

195 1279 62 20 döme
278 1277 93 22 vidhålla
393 1279 70 20 denna
486 1279 31 20 sin
540 1279 55 26 åsigt
619 1279 37 21 allt
673 1279 137 22 fortfarande.
841 1279 44 21 Och
901 1280 115 21 ständerna

195 1307 72 20 kunna
290 1306 23 21 så
334 1307 84 26 mycket
439 1307 66 20 hellre
520 1309 53 24 göra
588 1308 41 25 det,
645 1313 46 15 som
707 1307 58 22 Hans
781 1307 118 27 Kejserliga
915 1307 100 28 Majestät

195 1335 7 20 i
225 1335 25 20 de
273 1334 36 21 två
329 1335 69 20 skilda
413 1335 148 26 lagförslagen,
576 1335 73 22 hvilka
664 1337 158 25 propositionen
838 1336 122 26 innehåller,
977 1336 38 21 har

195 1362 76 21 beredt
286 1362 135 25 möjligheten
437 1364 32 18 att
484 1363 6 20 i
507 1363 67 26 öfriga
589 1363 59 20 delar
663 1363 69 21 införa
747 1363 116 21 humanare
878 1363 137 26 grundsatser

196 1390 40 21 och
258 1389 79 27 åsigter
357 1390 7 21 i
380 1390 37 21 vär
432 1389 110 27 straff-lag.
573 1390 128 27 Derigenom
717 1393 32 19 att
764 1391 116 21 innehållet
895 1391 24 21 af
932 1391 36 22 det
983 1397 32 15 se-

195 1424 51 15 nare
269 1417 239 28 författningsförslaget
530 1419 47 21 icke
595 1421 24 19 är
633 1419 125 22 inblandadt
773 1420 48 21 med
836 1419 56 22 hvad
907 1420 36 21 det
957 1420 59 21 förra

195 1446 102 27 förslaget
319 1447 123 26 innehäller,
463 1447 39 21 har
516 1447 59 22 Hans
591 1448 118 26 Kejserliga
724 1449 100 26 Majestät
840 1449 74 21 beredt
929 1449 31 26 sig
975 1449 40 21 och

196 1475 114 22 ständerna
334 1475 136 27 möjligheten
493 1477 32 20 att
547 1477 162 26 tillvägabringa
729 1483 26 16 en
777 1478 35 25 lag
827 1477 23 21 af
863 1477 36 21 det
913 1477 101 27 innehäll;

196 1504 36 21 det
247 1510 74 15 senare
337 1506 55 25 äger,
408 1504 119 21 oberoende
542 1505 24 20 af
579 1505 40 21 den
634 1505 85 28 utgäng,
736 1506 36 21 det
787 1506 58 21 förra
859 1506 98 21 erhäller.
975 1507 40 26 Jag

196 1533 68 21 skulle
279 1533 128 26 visserligen,
424 1539 33 15 om
473 1533 43 21 min
531 1534 96 21 enskilda
643 1534 54 26 äsigt
712 1535 70 21 kunde
797 1534 118 22 bestämma
930 1535 85 27 frägans
