1081 1767
289 119 180 21 Borgareståndet.
494 120 54 18 1867.
571 121 12 17 3
595 121 63 21 April.
817 117 40 21 387

291 249 153 35 Onsdagen
463 251 57 27 den
538 252 16 26 3
571 252 88 33 April

63 317 91 21 klockan
170 318 12 21 5
198 324 18 14 e.
232 324 26 14 m.
275 319 170 21 sammanträdde
461 319 7 21 i
483 319 179 27 Borgareståndet
678 320 31 21 till
725 321 84 26 plenum
821 322 64 20 samt-

63 346 43 26 liga
121 346 48 21 dess
184 346 144 26 medlemmar,
343 349 59 19 utom
418 348 81 21 Herrar
514 348 112 21 Mustonen
641 348 40 21 och
697 349 101 27 Ahlberg,
813 349 73 21 hvilka

62 375 49 21 med
126 374 96 22 ståndets
237 375 125 27 begifvande
377 382 51 15 voro
444 376 47 21 från
507 376 74 22 staden
597 376 113 22 bortresta.

131 432 56 21 Herr
208 431 158 23 Talmannen
381 432 99 28 föredrog
495 433 46 27 lag-
556 433 39 21 och
611 433 218 22 ekonomiutskottets
844 434 41 21 den

63 460 27 22 30
112 460 97 22 sistlidne
231 460 56 22 Mars
310 461 117 27 bordlagda
448 462 134 21 betänkande
602 462 7 21 i
629 462 112 27 anledning
765 462 22 22 af
806 462 80 27 nådiga

62 489 158 27 propositionen
236 489 39 22 N:o
292 490 19 26 9,
327 490 108 26 angående
450 490 185 27 vattenledningar
651 490 38 22 och
704 492 132 20 vattenverk.

130 546 42 22 Vid
188 546 35 21 det
238 546 76 21 härvid
328 546 55 22 först
398 546 32 22 till
446 546 157 28 öfverläggning
618 546 95 28 företogs
728 547 11 27 $
756 549 10 19 1
783 547 7 21 i
801 546 83 22 utskot-

62 576 42 20 tets
125 575 86 26 förslag,
234 575 86 25 yttrade
335 574 32 27 sig
382 575 161 21 nedannämnde
557 574 23 22 af
593 575 96 21 ståndets
704 575 137 22 medlemmar
856 575 28 27 på

62 604 44 20 sätt
121 609 46 15 som
182 603 72 26 följer:

130 659 57 22 Herr
200 659 105 27 Bergh:
329 659 65 27 enligt
409 660 118 21 motiverna
541 660 7 21 i
563 660 116 21 utskottets
694 660 135 22 betänkande
844 660 40 21 har

63 688 39 22 den
125 688 40 21 här
186 688 75 27 gjorda
284 688 123 26 förändring
427 688 22 21 af
463 688 169 27 propositionens
655 688 79 27 lydelse
748 689 7 21 i
771 690 11 24 8
799 690 10 20 1
827 689 57 21 skett

61 716 34 22 för
116 716 104 22 vinnande
244 716 22 22 af
286 716 95 26 korthet;
402 723 48 15 men
472 718 51 20 utan
538 719 33 19 att
585 717 106 27 synnerlig
706 717 87 21 korthet
807 723 76 20 genom

61 745 151 26 förändringen
235 746 91 25 vunnits,
342 745 39 21 har
396 745 110 27 meningen
522 745 120 27 derigenom
657 745 96 21 förlorat.
782 745 31 27 Ty
828 745 55 22 hvad

60 773 8 21 i
84 774 41 20 den
140 773 77 27 nådiga
231 773 160 27 propositionen
405 774 78 26 säges
472 769 10 36 i
494 776 31 18 tre
541 776 73 23 satser,
630 774 109 26 uttryckes
749 774 7 20 i
766 774 117 21 utskottets

61 802 135 21 betänkande
218 802 31 21 uti
272 808 26 16 en
321 804 50 22 sats,
394 802 136 26 hvarigenom
552 802 65 21 saken
639 802 18 26 ej
680 802 74 22 vunnit
768 802 8 22 i
791 802 91 22 klarhet.

60 830 41 26 Jag
116 830 85 22 befarar
221 830 67 26 äfven,
308 832 33 19 att
363 832 71 20 satsen
449 831 121 26 derigenom
586 830 41 22 fått
642 837 69 15 annan
726 831 116 27 betydelse.
872 831 10 21 I

60 859 160 27 propositionen
243 859 60 21 beter
327 859 47 22 det:
397 859 73 27 ,ingen
492 859 35 21 må
542 859 75 21 hindra
631 859 113 27 jordägare
759 861 33 19 att
805 865 77 21 genom

61 890 70 24 öppna
146 888 51 21 eller
212 888 73 21 täckta
301 888 62 20 diken
379 888 68 20 atleda
463 890 82 19 vattnet
553 888 48 21 från
611 888 46 21 sina
668 890 51 23 ägor
731 888 33 21 till
777 888 105 22 derunder

60 916 90 27 belägna
173 916 62 27 sjöar,
252 918 113 20 strömmar
380 916 51 21 eller
447 917 67 21 andra
528 916 107 26 naturliga
650 916 131 27 vattendrag.
811 916 71 22 Afled-

60 945 51 27 ning
134 944 59 22 öfver
216 950 79 16 annans
317 945 60 21 mark
399 945 40 21 bör
462 944 44 26 ske,
529 946 37 20 der
581 944 83 28 tjenligt
679 945 46 26 läge
740 944 33 22 för
788 947 95 19 vattnets

60 973 70 27 aflopp
152 973 113 21 förefinnes
286 973 39 21 och
346 974 62 26 ingen
431 973 53 22 eller
505 974 78 20 minsta
604 973 67 21 skada
685 973 34 21 för
734 973 148 27 underliggare

59 1008 76 21 genom
157 1002 124 21 densamma
303 1002 176 22 ästadkommes”.
509 1002 72 27 Enligt
605 1002 116 21 utskottets
746 1002 135 22 betänkande

59 1031 61 21 heter
142 1031 36 21 det
200 1031 55 21 åter:
279 1030 122 27 ,jordägare
420 1031 35 21 må
471 1031 18 27 ej
505 1030 86 22 hindras
606 1032 33 20 att
653 1036 75 21 genom
745 1032 70 26 öppna
830 1030 52 22 eller

59 1060 73 21 täckta
155 1059 63 21 diken
242 1059 68 21 afleda
330 1061 83 19 vattnet
431 1059 47 21 från
494 1059 45 21 sina
555 1061 52 25 ägor
622 1059 33 21 till
671 1059 104 21 derunder
790 1059 92 27 belägna

58 1088 64 27 sjöar,
145 1088 113 22 strömmar
281 1088 52 21 eller
352 1088 67 21 andra
433 1088 107 27 naturliga
554 1088 131 26 vattendrag,
701 1088 7 20 i
724 1088 40 20 den
780 1088 100 26 riktning,

59 1117 38 21 der
112 1117 55 23 dike,
182 1117 49 21 med
246 1116 100 22 afseende
361 1116 13 21 å
388 1117 99 21 markens
502 1116 151 27 beskaffenhet,
670 1116 74 21 lättast
759 1116 42 21 kan
816 1116 65 21 fram-

58 1146 60 21 ledas
141 1145 39 22 och
203 1145 101 27 derjemte
327 1145 33 21 för
382 1145 160 27 underbyggare
557 1145 83 21 medför
654 1145 78 21 minsta
746 1144 67 22 skada
828 1144 52 22 eller

59 1174 130 26 olägenhet”.
220 1173 87 21 Således
330 1173 61 26 skall,
414 1174 66 26 enligt
502 1174 164 26 propositionen,
689 1173 131 27 afledningen
836 1173 44 26 ske,

58 1203 38 21 der
118 1202 84 27 tjenligt
223 1202 46 26 läge
292 1202 33 21 för
346 1204 94 19 vattnets
459 1202 70 27 aflopp
543 1202 73 22 finnes.
646 1202 163 26 Propositionen
824 1200 57 23 afser

58 1230 64 22 alltså
143 1230 187 27 underbyggarens
352 1232 50 19 rätt.
432 1230 88 22 Jemlikt
542 1230 116 21 utskottets
680 1230 134 21 betänkande
834 1230 47 21 åter

58 1259 54 21 skall
128 1258 132 27 afledningen
276 1259 37 21 ske
329 1259 38 21 der
382 1258 49 22 dike
445 1259 75 21 lättast
535 1258 42 22 kan
592 1258 120 21 framledas.
742 1258 66 21 Detta
823 1258 57 21 afser

58 1288 178 26 öfverbyggarens
249 1289 45 19 rätt
304 1288 39 20 och
353 1286 47 22 häri
410 1287 113 21 förefinnes
533 1287 64 21 alltså
607 1293 26 15 en
646 1286 117 28 väsendtlig
776 1287 103 26 menings-

58 1316 152 26 skiljaktighet,
226 1322 45 15 som
287 1316 106 20 utskottet
407 1315 7 21 i
429 1316 48 20 dess
492 1316 89 20 motiver
598 1315 18 26 ej
632 1314 121 22 framhållit.
784 1314 42 22 För
836 1315 44 21 min

58 1345 34 21 del
114 1350 62 15 anser
195 1344 35 26 jag
252 1346 33 19 att
307 1344 37 21 det
365 1345 58 19 rätta
440 1346 30 24 är,
486 1346 32 19 att
532 1346 39 19 när
584 1343 164 27 öfverbyggaren
763 1342 33 22 får
811 1342 69 22 afleda

58 1374 82 20 vattnet
156 1372 60 22 öfver
228 1372 185 26 underbyggarens
429 1372 66 26 mark,
512 1372 23 21 så
551 1372 38 21 bör
605 1372 72 20 dervid
692 1372 61 25 afses,
765 1372 33 20 att
808 1371 73 21 stället

57 1402 25 20 är
97 1400 83 27 tjenligt
194 1400 33 20 för
237 1400 180 26 underbyggaren.
443 1400 30 26 Ty
485 1401 55 19 afser
552 1406 49 14 man
614 1400 74 19 endast
699 1400 36 20 det
745 1400 135 24 lämpligaste

57 1428 78 26 stället,
158 1428 38 20 der
219 1430 83 19 vattnet
323 1428 43 20 kan
381 1428 66 24 ledas,
463 1427 23 21 sä
501 1428 41 20 kan
558 1427 36 21 det
608 1427 40 20 lätt
663 1427 77 24 hända,
756 1428 33 19 att
803 1427 76 20 under-

57 1456 109 28 byggaren
180 1456 33 21 fär
229 1458 82 19 vattnet
325 1456 28 26 pä
368 1456 32 21 sin
415 1456 61 21 mark
491 1455 39 22 och
544 1455 47 21 icke
601 1454 42 22 kan
654 1454 68 22 afleda
733 1455 36 21 det
779 1454 100 22 derifrän.

57 1485 41 27 Jag
119 1487 46 19 tror
186 1484 91 27 derföre,
299 1486 32 20 att
353 1485 158 26 propositionen
534 1484 39 21 har
596 1485 31 19 ett
649 1483 107 22 bestämdt
771 1482 108 22 företräde

56 1514 88 22 framför
159 1514 117 21 utskottets
291 1513 87 27 förslag.
