1095 1798
289 140 2 4 .
298 128 182 21 Borgareständet.
503 129 54 18 1867.
579 131 11 15 4
602 130 64 20 April.
819 124 41 21 415

78 208 76 37 mande:
166 208 107 37 uttrycket
289 213 107 26 ,räd.ach
409 214 144 27 upplysning',
568 214 80 21 hvilket
661 214 46 21 icke
721 214 68 21 funnit
804 214 39 21 nåd
858 214 32 21 in-

77 240 35 22 för
124 241 111 23 utskottet,
251 242 82 26 mycket
348 242 33 21 väl
395 242 72 21 kunna
481 242 117 21 bibehållas
609 243 55 20 samt
674 242 115 27 tillstyrker
799 248 90 15 momen-

77 270 42 21 tets
128 269 126 27 :antagande
268 269 7 21 i
289 269 95 27 enlighet
397 270 47 21 med
459 270 161 27 propositionen.
737 280 3 4 D

76 369 2 3 :
145 342 56 24 Herr
222 342 92 28 Bergh:
342 342 60 23 äfven
424 343 37 27 jag
478 350 61 15 anser
556 344 32 21 att
603 343 64 23 orden
683 343 52 26 ,råd
751 342 38 22 och
804 342 85 28 upplys-

77 371 62 27 Ding"
162 370 7 23 i
191 377 62 17 mom.
274 373 10 19 1
306 371 23 21 af
348 373 11 25 $
375 373 26 21 27
416 372 6 20 i
438 372 40 22 den
493 371 75 28 nådiga
583 370 156 29 propositionen
754 373 36 20 äro
806 371 33 21 väl
854 371 35 21 be-

79 400 75 21 tänkta
168 399 39 22 och
222 401 32 19 att
269 400 35 21 det
319 406 49 16 vore
382 402 44 20 rätt
440 400 42 26 illa,
498 406 34 16 om
548 400 25 22 de
588 400 83 23 komme
682 402 31 19 att
725 400 107 21 uteslutas.
848 399 43 22 Det

77 427 41 24 kan
143 428 103 26 nemligen
267 428 89 27 inträffa,
378 430 32 21 att
431 435 26 15 en
479 423 85 37 person,
577 428 87 23 hvilken
679 430 63 22 ärnar
756 428 88 27 uppföra
859 430 31 20 ett

71 456 81 31 sådant
176 456 57 28 verk,
254 463 45 16 som
321 457 7 21 i
343 464 62 15 mom.
428 457 95 27 omtalas,
538 463 62 17 anser
615 457 115 24 detsamma
744 456 46 22 icke
805 456 85 23 komma

78 484 32 23 att
127 484 50 24 röra
194 480 69 37 någon
277 492 79 16 annans
370 487 50 26 rätt,
434 492 48 15 men
496 486 42 22 han
553 488 25 19 är
592 486 63 26 enligt
671 486 12 27 $
698 485 27 22 28
739 485 64 23 likväl
818 484 73 23 berät-

78 513 58 31 tigad
158 516 32 22 att
204 509 40 29 för
265 514 31 22 sin
317 520 51 21 egen
383 513 99 23 säkerhet
496 515 51 21 söka
562 514 94 22 tillstånd
671 513 76 25 dertill,
762 514 33 21 för
809 515 32 20 att
856 514 32 21 så-

77 540 65 23 lunda
151 536 10 38 .
166 541 70 28 undgå
250 542 41 22 den
307 542 117 27 olägenhet,
440 549 45 15 som
500 543 67 21 skulle
582 543 81 26 uppstå,
679 542 43 22 ifall
737 542 73 22 verket
824 542 65 23 sedan

78 570 101 27 befunnes
198 571 65 21 skada
285 572 77 25 någon.
374 570 80 22 annans
472 573 49 20 rätt.
539 584 27 2 —
580 571 50 23 Men
645 571 68 21 såsom
729 570 103 22 utskottet
846 570 42 21 for-

78 598 105 23 muleradt
205 605 69 18 mom,,
296 598 61 29 följer
379 599 64 25 deraf,
462 601 32 20 att
508 600 27 21 då
550 602 74 24 parten
633 599 53 21 med
700 599 45 21 sina
761 599 74 21 kartor
849 598 40 22 och

77 626 125 28 handlingar
225 627 89 21 infinner
334 628 32 26 sig
388 628 37 22 hos
447 628 121 26 ingeniören
586 627 50 29 med
656 626 95 25 anmälan
767 629 32 19 att
813 629 75 24 parten

77 657 64 20 ärnar
162 655 88 27 anlägga
272 658 31 19 ett
322 656 65 28 dyligt
400 656 58 26 verk,
473 658 23 20 så
511 656 86 27 afgifver
612 656 119 26 ingeniören
746 655 53 22 efter
813 655 76 21 under-

77 684 90 30 sökning
179 684 24 22 af
216 684 100 23 kartorna
330 685 39 21 och
384 684 151 28 handlingarna
550 684 36 22 sitt
595 684 97 28 yttrande
702 684 124 27 skriftligen,
837 683 51 21 hvil-

74 711 45 26 ket,
134 712 89 24 likasom
241 713 137 27 tjänstemäns
392 713 122 22 utlåtanden
528 714 7 20 i
550 712 121 26 allmänhet,
686 712 94 22 kommer
789 714 33 20 att
829 712 58 29 affat-

78 741 33 21 tas
132 741 23 22 &
165 741 102 22 tjenstens
288 744 84 24 vägnar,
390 748 47 15 men
452 741 44 26 helt
511 742 54 26 kort,
582 741 38 22 och
635 741 88 23 sålunda
736 740 63 22 lända
813 742 75 26 parten

79 768 31 31 till
125 776 80 20 ganska
220 769 59 27 ringa
294 771 66 25 nytta,
382 770 81 27 emedan
478 770 48 27 han,
541 770 33 22 för
588 772 32 19 att
634 772 43 19 rätt
691 769 71 23 kunna
778 768 52 23 fatta
841 769 48 21 dess

77 797 98 29 innehåll,
190 797 79 22 kanske
283 798 106 27 nödgades
403 798 68 23 vända
485 798 31 26 sig
530 798 32 22 till
577 804 25 15 en
617 804 68 15 annan
699 796 131 28 tjensteman,
843 803 45 15 som

73 825 36 23 för
130 826 78 23 honom
223 826 108 23 uttolkade
347 825 121 23 detsamma,
497 827 42 21 Det
554 829 24 19 är
592 826 82 23 derföre
688 828 43 20 rätt
746 825 33 24 väl
794 824 94 27 betänkt,

78 854 27 21 dä
120 854 36 21 det
170 854 60 22 heter
248 856 32 20 att
294 854 120 27 ingeniören
429 856 23 20 är
467 855 81 27 skyldig
563 855 31 21 att
608 854 8 21 i
630 854 138 22 förevarande
782 853 36 22 fall
833 853 57 22 med-

77 882 48 22 dela
146 882 37 22 sitt
199 882 99 29 yttrande
312 883 71 21 säsom
397 883 38 21 räd
451 883 37 22 och
503 882 131 29 upplysning.
663 882 42 22 Det
719 884 45 20 stär
776 882 23 26 ju
814 883 75 26 parten

74 911 68 31 sedan
164 913 63 25 öppet
242 913 38 25 att;
296 917 32 17 om
344 911 41 24 han
400 911 32 22 för
447 912 31 21 sin
493 912 99 21 säkerhet
606 911 75 22 sådant
695 911 42 26 vill,
754 910 63 27 enligt
832 910 13 28 8
861 911 27 20 28

77 939 39 23 hos
136 941 130 25 .guvernören
285 940 79 22 ansöka
387 946 33 15 om
432 939 94 23 tillstånd
541 940 31 23 till
587 940 84 21 verkets
685 939 131 27 anläggning.
846 939 44 20 För

77 967 132 28 ingeniörens
231 968 99 22 säkerhet
346 970 30 22 är
396 969 36 28 det
454 968 60 22 äfven
534 968 34 22 väl
582 969 32 23 att
629 968 60 21 dessa
704 969 38 21 ord
758 966 84 29 gvarstä
856 966 33 22 för

76 995 37 26 det
137 996 37 27 fall
195 998 32 23 att
248 997 41 22 han
310 997 33 27 pä
358 997 68 27 grund
447 997 24 21 af
488 997 73 23 kartor
575 996 38 23 och
628 996 131 28 handlingar,
776 1002 46 17 men
837 997 52 19 utan

77 1025 42 22 ien
140 1025 93 50 ea
254 1026 27 26 pä
305 1027 34 20 ort
360 1025 40 24 och
415 1025 70 27 ställe,
501 1025 17 27 ej
534 1025 42 22 kan
591 1025 76 27 afgifva
682 1027 31 20 ett
727 1024 106 23 bestämdt
847 1025 42 26 ytt-

77 1059 70 17 rande.

145 1122 56 21 Herr
215 1121 191 28 Bronikowskij:
434 1122 38 27 jag
486 1122 41 21 kan
541 1121 46 22 icke
602 1121 72 21 förena
688 1121 42 26 mig
740 1120 48 22 med
799 1121 25 20 de
835 1119 54 22 före-

78 1151 81 26 gående
176 1150 99 27 talarene,
291 1152 22 26 ty
326 1150 37 27 jag
376 1150 68 22 finner
458 1150 18 27 ej
492 1152 32 19 att
538 1150 48 21 med
596 1149 162 27 ifrågavarande
773 1149 116 26 stadgande

73 1179 51 21 «icke
145 1179 68 21 skulle
235 1180 53 21 afses
310 1179 64 26 nägot
392 1180 64 20 annat
470 1181 27 18 än
512 1185 25 15 en
552 1178 108 26 anvisning
675 1177 39 22 och
729 1179 32 20 att
776 1177 45 26 den,
838 1177 51 21 hvil-

78 1208 41 21 ken
141 1207 35 22 vill
198 1207 89 27 anlägga
309 1209 30 20 ett
360 1207 24 21 sä
398 1206 118 23 beskaffadt
531 1207 55 26 verk,
601 1212 45 16 som
661 1205 40 22 här
714 1207 23 20 är
752 1205 7 22 i
774 1205 65 26 fråga,
854 1205 36 21 mä

79 1236 67 21 vända
168 1235 31 28 sig
221 1235 31 22 till
267 1236 222 26 distriktsingeniören,
504 1237 50 20 utan
570 1237 31 19 att
616 1235 78 21 dennes
709 1233 108 22 utlåtande
831 1233 57 22 med-

78 1264 33 21 för
131 1265 68 26 någon
221 1263 130 23 förbindelse:
368 1265 14 20 :å'
403 1263 52 23 hans
477 1263 50 22 sida.
558 1263 35 22 En
611 1263 66 21 sådan
692 1263 108 25 anvisning
814 1261 75 22 blifver

78 1293 126 26 fullkomligt
218 1293 76 26 onödig
309 1294 55 20 samt:
376 1292 86 27 bringar
476 1294 74 25 parten
560 1292 73 21 endast
643 1293 28 24 pä
680 1291 121 22 kostnader.
817 1289 72 22 Skulle

72 1321 137 27 :ingeniörens
230 1322 112 21 utlåtande
358 1321 47 22 icke
427 1320 62 22 hafva
512 1321 69 26 någon
599 1319 114 28 betydelse,
729 1320 23 21 sä
767 1319 72 27 tycker
852 1318 37 27 jag

78 1351 32 20 att
131 1350 36 21 det
182 1350 34 21 må
230 1350 112 21 ankomma
356 1350 26 27 på
397 1351 75 26 parten
486 1351 32 20 att
532 1349 6 20 i
554 1348 31 22 sin
600 1348 38 21 sak
654 1348 66 21 vända
733 1348 33 27 sig
780 1347 32 21 till
827 1347 61 21 hvem

77 1378 41 22 han
134 1378 92 26 behagar
241 1379 51 21 eller
307 1378 39 22 och
360 1378 87 21 :alldeles
461 1378 45 21 icke
521 1377 31 22 till
567 1378 76 26 någon.
672 1377 49 21 Men
735 1377 7 20 i
758 1376 58 21 detta
829 1375 60 22 stad-

77 1407 68 26 gande
162 1406 110 27 påfordras
287 1407 123 26 emellertid,
426 1408 33 20 att
473 1405 40 22 han
528 1405 54 22 skall
593 1405 85 22 anmäla
693 1405 31 26 sig
734 1405 40 21 hos
784 1404 104 21 distrikts-

73 1435 133 25 -ingeniören,
227 1435 38 20 och
287 1435 59 20 detta
358 1436 30 19 är
410 1436 31 19 ett
455 1434 7 19 i
477 1435 75 24 högsta
567 1434 66 19 måtto
648 1435 54 18 stort
717 1434 63 23 tvång
794 1433 26 25 på
834 1433 54 19 hans

77 1462 70 27 frihet,
169 1469 35 14 om
224 1463 35 20 det
273 1462 46 21 icke
334 1462 68 21 skulle
416 1461 94 22 medföra
524 1461 69 26 någon
607 1459 126 22 förbindelse
747 1459 34 21 för
795 1459 93 26 ingeniö-

77 1497 44 15 ren.
151 1491 42 22 Det
214 1490 66 22 första
302 1490 136 22 alternativet
457 1489 21 22 af
498 1489 58 22 detta.
575 1494 63 16 mom.
661 1490 25 19 är
702 1488 48 22 vida
764 1490 77 25 vägnar
856 1489 33 20 att

78 1520 120 27 föredragas
213 1519 38 22 och
265 1520 36 27 jag
314 1519 64 28 yrkar
392 1518 82 23 :derföre
488 1518 28 28 på
529 1517 49 22 dess
593 1517 124 27 antagande.
729 1527 8 6 ::
