1098 1778
225 153 27 20 82
411 155 183 23 Borgareståndet.
619 156 55 17 1867.
699 157 24 16 18
735 157 58 16 Febr.

264 242 60 21 Efter
339 242 71 21 derom
426 241 79 22 fattadt
520 241 70 21 beslut
605 241 49 26 blef,
668 240 64 27 jemte
748 241 36 20 det
798 240 103 21 Enskilda
911 240 102 21 Besvärs-

195 271 105 21 utskottet
314 270 70 22 skulle
399 276 51 15 vara
465 269 23 22 så
503 271 138 20 sammansatt
652 269 145 22 ofvanstämde
810 269 34 21 val
859 269 103 25 utvisade,
977 269 34 21 till

195 299 115 22 utskottets
320 299 118 21 ledamöter
448 298 153 22 öfverlemnadt
616 300 31 19 att
662 299 31 25 sig
707 298 88 21 emellan
810 297 55 28 välja
877 298 132 21 ordförande.

262 360 120 26 Föredrogs
392 362 31 20 ett
438 360 85 21 ståndet
538 360 120 22 meddeladt
673 360 77 26 utdrag
765 366 25 14 ur
800 359 155 27 Ridderskapet
971 360 38 20 och

195 390 81 21 Adelns
292 389 106 28 protokoll
420 389 32 22 för
468 389 40 21 den
524 390 24 19 11
565 390 7 20 i
587 389 69 21 denna
671 388 82 26 månad,
769 388 144 21 innefattande
927 388 85 27 inbjud-

194 419 50 26 ning
259 419 32 21 till
306 418 84 22 ståndet
412 420 32 19 att
460 417 74 22 förena
549 419 32 26 sig
603 418 7 21 i
625 417 156 26 Ridderskapet
797 417 39 21 och
850 417 80 21 Adelns
946 417 64 26 sagde

194 448 42 26 dag
252 447 83 21 fattade
356 447 70 21 beslut
442 447 78 26 derom,
539 449 32 18 att
585 447 42 20 alla
642 446 206 21 ständerutskottens
864 445 147 22 betänkanden

193 476 64 27 jemte
279 477 47 20 dem
342 475 86 27 åtföljde
439 475 153 21 reservationer
607 475 74 26 skulle,
697 481 75 20 genom
782 475 121 21 utskottens
917 473 90 28 försorg,

194 505 33 20 till
249 505 61 26 tryck
332 504 110 21 befordras
457 503 27 27 på
499 505 91 20 svenska
605 503 38 22 och
658 503 68 21 finska
741 503 90 26 språken
846 503 32 21 till
894 503 36 21 det
952 503 57 21 antal

196 533 113 27 exemplar,
325 534 33 19 att
373 532 71 27 hvarje
460 532 162 27 landtdagsman
637 534 56 19 samt
708 538 25 15 en
749 531 52 22 hvar
816 531 23 22 af
851 531 101 22 ståndens
971 532 38 21 och

196 561 120 22 utskottens
331 561 131 21 sekreterare
478 561 39 21 och
532 560 177 27 kanslibetjening
724 559 61 22 deraf
798 560 70 21 kunde
881 560 81 21 erhålla
979 562 32 19 ett

195 590 106 26 exemplar
317 589 12 21 å
344 590 36 20 det
395 589 70 26 språk,
481 589 41 21 han
538 591 23 18 är
576 589 87 26 mäktig,
679 589 106 21 äfvensom
800 589 160 21 statsutskottet
974 589 35 20 be-

195 619 108 25 myndigas
325 619 32 20 att
372 618 49 26 ingå
443 617 32 21 till
490 617 78 21 Finans
588 618 153 25 Expeditionen
763 617 5 20 i
785 617 118 26 Kejserliga
917 617 92 22 Senaten

195 647 48 20 med
258 646 99 21 anhållan
372 653 34 14 om
421 646 162 21 utanordnande
599 645 22 21 af
634 646 67 21 medel
717 645 47 21 från
779 645 138 21 statsverkets
927 645 83 26 tillgån-

195 681 39 20 gar
248 675 57 21 såväl
316 675 32 20 till
359 674 134 21 bestridande
504 675 23 20 af
540 674 141 21 kostnaderne
696 674 33 21 för
745 673 182 22 betänkandernes
940 674 70 26 tryck-

194 699 51 57 jinge
260 710 45 14 som
320 703 33 21 till
367 703 110 21 aflönande
492 703 23 21 af
529 703 132 21 sekreterare
674 703 38 20 och
726 702 107 27 betjening
843 702 35 21 vid
891 703 120 20 utskottens

210 732 82 20 anslier.

264 794 10 21 I
295 794 151 26 sammanhang
461 794 88 21 härmed
572 793 132 22 framställde
719 793 56 21 Herr
790 793 164 21 Talmannen
977 793 33 21 till

196 822 158 27 öfverläggning
365 822 170 22 Presteståndets
550 822 139 21 meddelande
704 822 108 27 angående
828 822 47 22 dess
890 822 71 21 beslut
976 828 34 15 om

195 852 111 26 tryckning
320 851 23 21 af
356 851 160 26 ifrågavarande
532 851 149 21 betänkanden
696 850 117 22 iförökadt
825 851 58 21 antal
897 851 113 26 exemplar,

194 880 33 27 för
242 881 32 20 att
286 879 78 27 jemväl
379 879 118 27 Kejserliga
512 879 92 22 Senaten
618 879 115 22 meddelas.

262 943 11 20 I
288 942 74 27 frågan
377 942 84 27 yttrade
478 943 31 26 sig
523 942 92 27 följande
631 941 96 22 ståndets
742 942 146 21 medlemmar:

262 1005 56 22 Herr
328 1004 160 27 Bronikowskij:
505 1011 45 15 som
561 1004 113 22 förordade
684 1005 129 26 antagandet
823 1005 23 20 af
854 1003 155 28 Ridderskapet

196 1034 39 21 och
250 1033 80 22 Adelns
352 1033 160 26 ifrågavarande
535 1033 130 27 inbjudning,
689 1033 66 21 sådan
778 1033 40 21 den
835 1033 68 22 blifvit
925 1033 85 21 ståndet

194 1062 112 22 meddelad
320 1063 7 20 i
342 1062 135 21 förenämnde
492 1062 119 26 protokolls
626 1062 83 26 utdrag.

262 1130 56 21 Herr
334 1130 157 26 Öhrnberg,
507 1136 46 15 som
567 1130 115 21 förordade
697 1129 128 27 antagandet
841 1129 22 21 af
877 1129 132 22 Prestestän-

194 1159 47 20 dets
256 1158 124 27 inbjudning
395 1158 7 21 i
416 1158 80 26 frågan,
513 1158 54 22 helst
583 1158 61 21 äfven
659 1158 35 21 vid
709 1160 83 19 senaste
807 1158 102 25 landtdag
927 1160 31 19 ett
973 1165 36 13 an-

194 1187 38 25 tal,
254 1187 68 21 såsom
338 1187 81 21 talaren
441 1187 49 20 ville
505 1187 82 21 minnas
603 1187 26 20 25
645 1186 12 21 å
673 1187 26 21 30
715 1186 112 26 exemplar,
848 1187 21 21 af
884 1186 126 22 Utskottens

193 1215 149 21 betänkanden
363 1215 148 21 öfverlemnats
533 1216 34 20 till
581 1215 120 26 Kejserliga
723 1215 98 26 Senaten,
837 1216 51 20 utan
903 1216 32 20 att
951 1216 59 20 detta

194 1243 85 21 förökat
294 1243 240 27 tryckningskostnaden
551 1244 6 20 i
573 1243 202 27 anmärkningsvärd
789 1244 60 26 grad.

262 1312 54 20 Herr
332 1310 130 22 Snellman
477 1311 100 21 förenade
593 1312 30 24 sig
638 1311 48 21 med
701 1311 50 21 herr
766 1306 117 30 Öhrnberg.

262 1372 31 21 På
314 1372 73 21 derom
402 1372 118 21 framställd
542 1372 131 27 proposition
696 1372 69 21 beslöt
779 1372 85 21 ståndet
879 1373 32 21 att
927 1372 34 22 för
975 1372 32 22 sin

193 1401 35 22 del
243 1401 85 22 biträda
342 1401 171 22 Presteståndets
528 1401 153 22 ofvannämnde
699 1401 130 27 inbjudning,
846 1401 87 22 hvarom
948 1402 60 21 med-

194 1430 87 22 stånden
302 1432 56 19 samt
381 1429 160 22 statsutskottet
563 1430 67 22 skulle
645 1430 134 22 underrättas
794 1436 75 21 genom
891 1430 118 28 protokolls

193 1459 82 27 utdrag.

261 1521 133 27 Föredrogos
415 1522 93 26 följande
523 1523 76 20 tvenne
618 1521 47 21 från
680 1521 43 27 lag-
739 1522 39 21 och
793 1522 214 22 ekonomi-utskottet

192 1550 34 21 till
241 1550 85 22 ståndet
340 1550 100 22 inkomna
455 1550 158 22 betänkanden:
