1081 1817
214 138 42 21 480
396 142 182 22 Borgareständet.
601 143 56 17 1867.
680 143 11 16 6
705 142 62 22 April.

257 223 67 32 Öfver
349 229 16 25 $
389 229 34 23 16,
446 233 45 16 som
514 234 29 14 nu
565 227 116 27 föredrogs,
697 227 86 27 yttrade
798 228 32 26 sig
845 227 160 23 nedannämnde

184 256 97 22 ständets
296 256 143 26 medlemmar,
455 256 28 27 pä
498 258 43 19 sätt
557 262 44 15 som
617 256 70 26 följer:

254 330 56 21 Herr
333 329 161 21 Cederman:
517 330 7 20 i
544 330 67 20 andra
633 335 62 15 mom.
717 329 23 21 af
753 329 138 22 förevarande
906 329 12 27 &
934 331 69 25 säges:

184 359 49 24 för
256 358 40 21 den
321 358 89 22 sålunda
434 358 61 21 valde
521 358 55 21 skall
599 357 99 22 fullmakt
721 357 151 27 ofördröjligen
887 358 117 21 utfärdas".

182 387 131 27 Antagligen
337 392 72 16 menas
429 386 87 21 härmed
539 388 32 20 att
591 386 99 22 fullmakt
705 386 55 21 skall
775 386 103 26 utfärdas,
894 386 61 22 äfven
971 393 34 15 om

182 416 103 25 missnöje
308 417 57 19 emot
387 415 190 27 valförrättningen
601 414 68 22 blifvit
685 415 104 25 anmäldt;
805 421 47 15 men
868 415 60 21 detta
943 415 63 21 torde

183 444 57 21 dock
256 444 53 21 böra
325 444 140 27 uttryckligen
481 443 142 22 föreskrifvas.
653 444 41 26 Jag
709 446 60 24 tager
784 444 43 25 mig
842 443 83 22 derföre
940 443 64 22 frihe-

185 475 37 19 ten
245 473 86 24 föreslå,
354 475 33 18 att
406 472 32 21 till
454 479 61 14 mom.
532 473 67 21 skulle
615 472 97 27 tilläggas
729 473 75 20 orden:
820 472 60 21 äfven
897 478 33 15 om
946 473 59 20 miss-

185 501 48 28 nöje
256 503 57 20 emot
335 501 190 26 valförrättningen
545 501 96 21 anmälts.
673 501 76 21 Vidare
765 501 141 21 förekommer
920 501 7 21 i
942 507 62 15 mom.

185 530 167 26 bestämningen,
375 531 32 20 att
429 529 99 22 fullmakt
549 530 32 21 för
604 529 163 27 landtdagsman
789 529 24 21 af
826 529 180 27 Borgareståndet

186 559 54 21 skall
256 559 95 21 utfärdas
367 559 23 20 af
404 558 85 21 stadens
505 559 119 26 magistrat;
641 564 47 15 men
703 565 35 14 om
753 564 29 15 nu
796 559 150 25 magistratens
959 559 47 21 ord-

183 587 91 21 förande
289 587 68 21 blefve
372 587 33 21 till
420 587 162 26 landtdagsman
598 587 55 25 vald,
669 587 24 20 så
707 586 89 27 uppstår
810 587 84 27 frågan:
910 587 62 22 hvem
982 589 24 19 är

186 616 88 27 behörig
289 618 32 19 att
337 616 6 20 i
359 615 52 21 hans
427 615 52 21 hans
495 616 61 21 ställe
572 615 146 22 underskrifva
728 615 138 22 fullmakten?
881 615 43 22 För
932 615 75 22 besva-

185 645 77 20 randet
283 644 63 21 häraf
359 651 62 20 synes
437 644 42 27 mig
495 646 30 19 ett
540 644 155 27 förtydligande
711 644 73 27 tillägg
800 645 33 20 till
848 650 63 16 mom.
927 645 79 26 nödigt,

185 673 117 21 bestående
317 673 7 20 i
338 673 136 21 föreskriften
490 675 38 22 att,
545 674 71 20 derest
631 673 149 26 Magistratens
799 673 128 21 ordförande
938 673 69 21 blifvit

186 702 33 21 till
241 702 162 25 landtdagsman
425 701 56 26 vald,
500 701 126 22 fullmakten
640 701 34 21 för
688 701 78 22 honom
781 701 156 22 underskrifves
952 701 55 22 blott

186 730 23 21 af
223 730 135 21 rädmännen.

256 804 56 21 Herr
330 804 102 26 Bergh:
455 803 33 22 för
510 804 42 21 min
573 804 33 21 del
621 804 63 27 hyser
696 804 37 27 jag
748 804 176 27 betänkligheter,
938 804 47 21 icke
1000 805 8 20 i

187 833 100 22 afseende
311 833 12 21 &
346 833 25 21 de
395 832 23 21 af
437 833 56 20 Herr
516 833 117 21 Cederman
649 833 118 23 anmärkta,
783 839 48 14 men
846 839 34 15 om
896 833 32 20 ett
942 835 66 19 annat

186 862 64 21 ställe
272 862 7 20 i
301 861 140 21 förevarande
464 868 69 18 mom.,
553 861 104 27 nemligen
677 862 42 25 det,
735 867 46 16 som
796 861 68 27 lyder:
881 861 77 24 ,hafva
973 861 35 21 två

187 890 52 21 eller
265 889 50 22 flere
338 889 85 22 erhållit
445 891 25 20 de
497 889 60 22 flesta
577 890 39 21 och
632 890 42 21 lika
689 890 77 27 många
781 892 76 22 röster,
872 890 73 27 skiljes
960 889 48 22 dem

180 917 98 22 -emellan
301 925 75 20 genom
400 918 112 27 lottning".
542 919 72 26 Enligt
635 919 42 20 min
700 919 54 26 äsigt
770 919 65 20 borde
851 919 73 20 härvid
940 919 68 20 sävidt

187 947 83 26 möjligt
294 947 103 20 undvikas
419 949 32 18 att
467 947 62 26 vädja
545 948 31 20 till
592 947 103 26 slumpen,
710 948 55 21 samt
781 947 83 21 derföre
880 947 68 21 omval
964 947 44 26 ske,

187 975 89 21 hvarvid
291 976 76 20 endast
383 975 67 21 skulle
462 977 69 20 röstas
541 976 27 26 pä
579 976 53 26 dem,
644 982 45 15 som
701 976 86 21 erhällit
797 976 26 21 de
833 976 61 21 flesta
905 977 103 20 rösterna.

187 1004 66 21 Detta
278 1009 49 16 vore
354 1004 61 21 äfven
436 1004 24 21 sä
483 1005 83 26 mycket
589 1004 128 27 lämpligare,
733 1011 45 14 som
794 1005 56 20 valet
865 1005 96 20 kommer
976 1006 32 19 att

189 1032 102 21 anställas
314 1033 48 20 med
385 1033 70 20 slutna
476 1033 70 20 sedlar
565 1033 40 21 och
621 1033 25 20 de
662 1033 96 26 väljande
773 1033 83 20 således
870 1033 47 21 icke
932 1033 55 20 varit
1002 1033 7 20 i

188 1060 82 21 tillfälle
287 1062 33 19 att
335 1061 70 26 lämpa
421 1061 31 26 sig
467 1061 54 20 efter
537 1061 26 20 de
578 1061 95 26 utsigter,
690 1067 45 14 som
750 1062 68 19 under
833 1061 68 21 valets
912 1061 96 26 fortgäng

185 1094 69 21 yppas
277 1089 34 20 för
334 1089 40 20 den
397 1095 40 14 ena
453 1089 52 20 eller
521 1089 67 21 andra
602 1089 129 21 kandidaten
747 1091 33 19 att
795 1089 81 22 erhålla
891 1089 116 27 pluralitet.

188 1117 49 20 Men
263 1117 27 20 dä
303 1116 36 27 jag
355 1117 88 26 hoppas,
459 1119 32 19 att
507 1118 40 20 den
561 1123 76 20 genom
653 1117 138 22 förevarande
806 1117 203 27 landtdagsordning

188 1145 165 26 tillvägabragta
377 1145 84 27 reform,
488 1146 67 21 ehuru
578 1146 64 21 redan
663 1146 7 21 i
693 1147 38 20 och
753 1146 33 21 för
801 1146 33 27 sig
848 1148 32 19 ett
894 1147 55 20 stort
963 1147 46 25 steg

188 1173 78 21 framät
289 1173 54 21 skall
358 1173 117 27 efterföljas
490 1174 22 20 af
526 1181 26 14 en
567 1181 69 14 annan
651 1176 27 19 än
694 1177 74 18 större.
784 1175 7 20 i
807 1175 36 20 det
857 1174 152 21 ständsfördel-

189 1202 77 25 ningen
281 1202 117 26 upphäfves
411 1202 39 21 och
465 1202 78 21 allmän
559 1203 86 21 vallrätt
663 1203 79 21 införes
760 1205 56 19 samt
831 1203 61 21 äfven
907 1204 45 19 tror
967 1202 43 27 mig

188 1229 73 21 kunna
276 1232 78 24 antaga
369 1233 32 18 att
417 1231 68 20 denna
500 1230 79 22 reform
604 1231 46 21 icke
665 1231 54 21 skall
735 1231 71 21 alltför
821 1230 61 28 länge
897 1231 111 26 fördröjas,

188 1258 24 20 sä
228 1259 38 20 och
283 1258 26 21 dä
325 1259 59 20 detta
399 1259 114 27 lagförslag
528 1259 75 22 hittills
618 1259 69 21 blifvit
703 1259 22 21 af
739 1259 84 22 ständet
838 1261 86 25 antaget
934 1260 7 20 i
953 1260 55 20 oför-

188 1286 92 21 ändradt
303 1286 66 26 skick,
391 1293 62 15 anser
473 1287 38 26 jag
525 1289 42 25 mig
583 1288 19 26 ej
618 1287 53 22 böra
686 1287 79 28 begära
779 1289 132 26 proposition
926 1287 13 22 ä
954 1287 56 21 hvad

182 1314 40 27 jag
247 1315 89 21 sälunda
360 1315 121 26 framställt,
505 1319 50 18 utan
579 1316 39 21 har
641 1316 74 21 endast
737 1317 57 20 velat
808 1317 69 20 uttala
892 1317 118 20 detsamma

188 1343 70 21 säsom
274 1343 43 21 min
333 1343 96 22 enskilda
445 1344 90 26 mening.

257 1421 57 21 Herr
329 1421 95 21 Wolff:
445 1421 37 27 jag
497 1422 35 21 vill
548 1422 75 21 endast
638 1422 108 27 anmärka,
763 1423 32 21 att
805 1422 56 22 Herr
870 1422 71 28 Bergh
948 1428 61 22 synes

187 1449 65 21 hafva
276 1451 57 20 orätt
355 1450 108 27 uppfattat
481 1450 94 22 ständets
590 1450 82 22 fattade
688 1451 69 21 beslut
771 1451 110 27 angäende
896 1453 66 20 sättet
976 1451 34 22 för

187 1478 238 26 landtdagsmannavals
450 1479 139 23 förrättande.
620 1479 40 22 Om
682 1480 48 21 mitt
751 1480 69 22 minne
840 1480 19 27 ej
874 1480 70 22 sviker
959 1480 49 27 mig,

186 1507 49 27 gick
257 1508 106 26 nemligen
384 1508 60 22 detta
467 1508 71 22 beslut
560 1509 18 27 ej
601 1511 24 19 ut
647 1508 34 28 pä,
701 1510 32 20 att
747 1509 62 21 valen
824 1508 68 23 skulle
908 1509 37 22 ske
960 1510 49 21 med

182 1536 78 21 slutna
275 1536 78 22 sedlar.
