1109 1820
318 147 179 21 Borgareståndet.
522 148 54 17 1867.
599 148 26 17 25
637 148 46 17 Jan.
865 142 12 20 5

93 232 114 27 afgörande
221 232 7 20 i
244 233 63 25 öfrigt
321 233 65 21 borde
401 233 61 20 anstå
475 234 42 20 tills
527 238 86 20 morgon
624 233 39 21 och
673 233 54 21 Herr
737 232 168 21 Talmannens

93 260 44 21 deri
159 260 132 22 framställda
312 261 79 25 förslag
413 261 116 21 emellertid
551 261 131 26 bordläggas,
704 260 27 27 på
753 261 36 20 det
809 260 96 22 ståndets

93 289 136 21 medlemmar
244 289 83 21 komme
331 285 14 35 i
363 289 82 21 tillfälle
461 291 31 19 att
507 292 49 24 taga
570 291 97 19 närmare
682 289 119 21 kännedom
812 295 34 15 om
858 289 47 20 det-

93 323 85 15 samma.

161 374 69 20 Sedan
252 374 55 20 Herr
325 374 159 21 Talmannen
499 374 53 21 härå
566 376 116 24 uppmanat
696 374 95 21 ståndets
806 374 99 21 medlem-

93 408 45 15 mar
153 404 32 19 att
202 402 3 20 i
221 408 86 20 morgon
322 402 90 21 klockan
427 402 55 21 elfva
497 402 14 22 f.
524 409 27 14 m.
563 403 45 21 åter
620 402 110 21 härstädes
742 403 162 23 sammanträda,

94 430 99 22 åtskildes
209 431 84 21 ståndet
308 432 28 20 kl.
352 430 45 22 half
410 431 32 21 till
458 430 50 22 åtta.

676 487 20 17 In
708 487 59 17 fidem:

614 521 74 21 Sixtus
705 521 131 22 Calamnius.

287 703 150 34 Fredagen
455 704 58 27 den
531 704 32 27 25
581 704 126 27 Januari

92 773 28 20 kl.
145 773 25 20 11
193 772 13 21 f.
229 779 27 14 m.
273 773 168 21 sammanträdde
457 773 186 26 borgareståndets
658 773 95 26 samtlige
769 773 136 21 medlemmar

92 801 7 21 i
114 801 95 21 ståndets
224 807 57 20 rum;
297 801 106 22 hvarefter
418 802 33 20 till
466 802 134 27 deputerade,
616 802 71 21 hvilka
702 802 67 21 skulle
784 801 39 22 hos
836 802 25 21 de
874 802 30 21 öf-

92 831 46 25 riga
153 830 87 21 stånden
256 830 52 21 hvar
323 830 6 21 i
345 830 31 21 sin
392 830 88 27 ordning
494 831 101 21 framföra
609 831 186 26 borgareståndets
810 831 95 26 helsning

93 859 39 26 och
154 859 129 26 lyckönskan
303 859 33 20 till
351 859 137 26 landtdagens
503 859 204 25 sammanträdande,
723 859 86 26 utsågos
825 859 80 21 Herrar

93 887 117 26 Öhrnberg,
232 887 127 27 Lindeqvist,
380 887 79 26 Krank,
480 888 117 25 Lindblom,
619 888 102 21 Rosenius
737 888 39 21 och
791 888 114 24 Snellman,

93 915 39 21 och
147 916 71 20 hvilka
234 916 147 26 deputationer
395 916 68 21 skulle
478 916 90 23 anföras,
584 916 39 21 hos
637 916 110 26 högloflige
758 916 147 26 ridderskapet

93 944 39 21 och
148 944 61 20 adeln
224 944 23 21 af
260 945 55 20 Herr
329 944 116 27 Öhrnberg,
461 944 38 21 hos
514 945 129 26 högvördiga
650 944 156 27 presteståndet
818 945 23 20 af
849 945 56 21 Herr

93 972 122 27 Lindeqvist
232 973 37 21 och
285 973 38 21 hos
338 973 131 21 hedervärda
483 973 155 21 bondeståndet
653 974 22 20 af
688 974 55 20 Herr
757 974 80 20 Krank.

161 1029 30 21 På
212 1029 155 27 framställning
387 1030 22 20 af
422 1029 54 21 Herr
491 1030 158 20 Talmannen
666 1030 38 21 och
720 1030 53 20 efter
787 1030 37 20 det
838 1029 68 21 öfver-

92 1057 98 27 läggning
211 1058 6 20 i
238 1059 70 19 ämnet
331 1058 62 25 skett,
417 1058 78 21 beslöts
518 1060 31 19 att
572 1058 35 21 det
622 1058 137 26 helsningstal
774 1058 56 21 Herr
844 1058 61 20 Tal-

92 1091 108 16 mannen
215 1086 52 26 egde
283 1086 12 21 å
310 1087 94 20 ständets
419 1088 78 24 vägnar
509 1087 34 21 vid
551 1087 138 26 landtdagens
700 1087 109 26 öppnande
824 1087 13 21 å
851 1086 53 21 riks-

92 1115 58 21 salen
172 1115 55 21 inför
250 1115 57 21 Hans
327 1115 110 21 Excellens
459 1115 222 27 Generalguvernören
703 1115 64 26 hålla,
790 1115 67 21 skulle
873 1114 32 22 af-

92 1143 64 21 fattas
171 1144 6 20 i
192 1143 91 27 följande
299 1144 96 26 ordalag:

234 1229 148 26 Högvälborne
397 1229 54 21 Herr
467 1228 81 25 Grefve,
563 1229 68 21 Eders
646 1229 117 21 Excellens!

161 1285 10 20 I
187 1285 68 20 denna
274 1285 116 26 högtidliga
405 1285 62 20 stund
483 1285 94 21 anhåller
592 1283 178 28 Borgareståndet
785 1285 120 26 ödmjukast

94 1313 36 21 det
152 1313 55 21 Herr
229 1313 89 21 Grefven
341 1313 82 21 täcktes
445 1313 76 26 betyga
543 1314 59 20 Hans
624 1313 99 27 Majestät
744 1313 107 27 Kejsaren,
867 1313 38 21 vår

94 1341 137 26 högtälskade
255 1341 122 25 Storfurste,
401 1341 99 22 Ständets
523 1342 174 26 underdänigaste
721 1342 130 26 tacksägelse
873 1342 32 21 för

95 1370 59 20 detta
169 1376 40 20 nya
224 1369 57 21 bevis
297 1370 26 26 pä
339 1370 58 20 Hans
413 1370 109 26 Majestäts
537 1370 139 21 oförtröttade
692 1376 107 20 omsorger
814 1370 33 20 för
859 1370 46 20 värt

94 1398 67 20 finska
176 1398 115 21 fosterland
307 1398 38 20 och
361 1398 47 21 dess
423 1398 104 26 lagenliga
541 1398 197 26 framätskridande,
754 1398 27 21 dä
791 1398 59 21 Hans
860 1398 45 21 Ma-

92 1426 66 26 jestät
173 1432 28 15 nu
216 1426 46 21 äter
276 1426 89 27 Nädigst
380 1426 91 27 behagat
486 1427 151 21 sammankalla
651 1427 82 21 landets
749 1428 90 20 ständer.

163 1481 85 21 Lifvadt
271 1482 20 20 af
313 1482 39 20 den
373 1482 74 20 kärlek
462 1482 31 20 till
509 1484 31 19 ett
555 1482 169 21 konstitutionelt
739 1482 166 26 samhällsskick,

96 1516 45 15 som
162 1511 161 25 genomtränger
346 1510 48 21 hela
412 1510 35 21 det
462 1510 67 22 finska
543 1510 73 24 folket,
631 1513 35 19 vet
681 1510 178 27 Borgareständet
874 1512 32 20 att

96 1538 24 22 sä
134 1539 83 27 mycket
232 1539 64 27 högre
312 1539 114 27 uppskatta
442 1539 67 21 denna
524 1539 117 27 Kejserliga
655 1539 48 21 näd.
