1084 1823
229 134 41 21 274
420 139 182 21 Borgareståndet.
627 140 52 17 1867.
703 141 27 16 22
741 140 62 17 Mars.

199 224 83 28 inginge
304 225 72 27 frågor
390 224 22 22 af
430 224 91 28 juridisk
541 227 64 20 natur
626 224 98 28 utgjorde
742 225 65 27 enligt
821 225 93 22 talarens
928 226 54 27 åsigt
997 226 19 28 ej

199 254 64 27 något
287 253 74 22 hinder
387 253 90 25 härföre,
502 255 23 26 ty
547 254 80 21 sådana
649 253 72 27 frågor
744 254 130 22 förekomma
891 254 7 21 i
913 254 42 22 alla
968 260 48 22 pro-

198 282 123 27 positioner.

266 339 56 21 Herr
336 339 89 27 Bergh
442 338 98 22 förmälte
555 339 32 27 sig
599 338 45 28 just
658 339 48 21 med
716 338 209 28 afseende
822 334 12 36 å
844 338 81 28 frågans
933 339 83 22 beskaf-

197 367 73 23 fenhet
293 368 63 22 hafva
383 368 95 22 förordat
502 368 47 21 dess
574 368 151 21 remitterande
749 368 32 21 till
796 368 44 27 lag-
854 368 39 22 och
908 368 108 21 ekonomi-

198 396 111 22 utskottet.
339 397 42 22 Det
396 397 112 24 enda,som
519 396 71 22 talade
599 396 33 22 för
643 403 26 15 en
680 396 73 22 remiss
763 396 33 22 till
806 396 210 28 ekonomiutskottet,

198 432 50 16 vore
263 425 103 28 exemplet
384 425 46 22 från
445 426 83 20 senaste
542 425 107 27 landtdag.

266 483 60 21 Efter
347 482 70 22 slutad
440 482 119 22 diskussion
580 482 131 22 framställde
729 482 56 22 Herr
799 483 165 22 Talmannen
983 483 33 21 till

198 511 84 22 ståndet
296 511 92 27 följande

264 568 152 27 Proposition:
439 569 36 20 vill
497 568 84 21 ståndet
603 568 108 21 remittera
731 568 138 21 förevarande
883 568 132 27 proposition

196 597 34 21 till
244 597 208 26 ekonomiutskottet,
470 597 50 21 eller
534 597 32 20 till
582 597 43 26 lag-
639 597 40 21 och
691 597 214 21 ekonomiutskottet?
927 597 86 22 Desom

196 625 51 28 vilja
262 626 35 21 det
312 625 63 27 förra,
391 631 61 16 svara
464 625 30 27 ja,
510 625 25 22 de
552 631 45 15 som
612 627 58 19 rösta
685 625 32 21 för
733 625 36 21 det
783 631 80 21 senare,
878 625 40 27 nej.

264 682 161 28 Propositionen
451 682 126 21 besvarades
601 682 49 21 med
673 682 102 21 blandadt
798 681 24 28 ja
843 681 40 23 och
897 682 40 27 nej,
953 683 60 21 hvar-

193 711 67 27 jemte
274 711 103 27 begärdes
391 711 101 27 votering,
508 717 45 15 som
568 710 56 27 förty
639 711 114 21 anställdes
768 710 39 22 och
822 711 61 21 utföll
898 711 48 21 med
961 713 52 20 tret-

195 743 37 18 ton
251 740 23 28 ja
296 742 48 26 mot
362 739 34 22 nio
418 740 44 26 nej;
482 740 40 21 och
544 739 130 22 förklarades
688 740 8 20 i
710 739 52 27 följd
777 739 62 22 häraf
851 739 85 22 ståndet
950 740 63 21 hafva

194 768 78 22 uttalat
294 769 32 26 sig
344 768 34 21 för
399 769 170 26 propositionens
588 768 155 27 hänskjutande
758 769 31 20 till
804 768 208 28 ekonomiutskottet,

194 797 88 22 hvarom
296 797 92 22 nämnde
403 797 82 21 utskott
500 797 67 22 skulle
582 797 134 21 underrättas
730 803 75 20 genom
813 797 200 28 protokollsutdrag.

263 854 99 21 Härefter
377 853 109 27 föredrogs
501 853 117 28 Kejserliga
633 853 157 27 propositionen
805 859 35 16 om
858 855 119 26 antagande
992 855 23 21 af

196 889 24 15 en
243 882 128 27 förordning,
388 882 107 27 angående
510 889 26 14 en
551 885 97 18 närmare
663 882 141 27 begränsning
819 882 22 21 af
853 883 58 20 tiden
927 883 32 20 för
974 883 39 21 löf-

194 913 93 19 tesmans
302 910 139 27 ansvarighet,
458 911 48 21 med
514 918 66 19 mera;
590 911 38 21 och
637 910 68 22 beslöt
713 911 86 21 ståndet
806 911 109 21 remittera
921 912 91 21 nämnde

193 940 132 26 proposition
351 940 7 20 i
373 939 97 22 afseende
486 940 12 20 å
512 940 117 26 beredning
643 939 32 21 till
691 939 144 27 lagutskottet,
851 940 80 21 hvilket
945 940 67 22 skulle

193 968 74 22 härom
282 968 134 22 underrättas
431 974 75 20 genom
519 968 198 27 protokollsutdrag.

261 1025 78 22 Vidare
354 1024 108 27 föredrogs
472 1025 118 26 Kejserliga
602 1024 162 28 propositionen,
775 1025 108 27 angående
895 1026 116 27 utgörande

193 1053 23 23 af
228 1053 113 27 bevillning
356 1053 32 22 för
405 1054 53 21 1868
474 1053 38 21 och
528 1053 89 27 följande
632 1054 30 26 år,
678 1053 85 22 hvilken
779 1054 130 27 proposition
927 1055 84 21 ståndet

194 1083 32 22 för
250 1082 47 22 dess
312 1081 34 22 del
360 1081 67 22 beslöt
443 1081 127 22 öfverlemna
585 1081 32 22 till
633 1082 125 27 behandling
773 1083 22 20 af
807 1085 62 19 stats-
885 1083 39 21 och
939 1083 71 21 bevill-

193 1111 171 24 ningsutskottet,
390 1110 86 22 hvarom
491 1111 89 20 nämnde
595 1111 82 20 utskott
691 1110 69 21 skulle
774 1111 134 22 underrättas
923 1111 88 22 medelst

192 1138 200 28 protokollsutdrag.

260 1195 117 26 Kejserliga
398 1195 157 27 propositionen
578 1195 108 26 angående
709 1195 117 22 ordnandet
846 1195 23 22 af
889 1196 121 27 skjutshåll-

192 1223 76 27 ningen
291 1223 39 21 och
344 1223 171 27 gästgifverierne
530 1225 54 20 samt
599 1225 48 25 väg-
662 1223 39 22 och
716 1223 194 28 brobyggnaderne,
925 1225 84 21 hvilken

192 1252 40 21 den
249 1252 25 21 19
289 1251 7 20 i
312 1251 68 22 denne
395 1252 75 21 månad
486 1251 115 28 bordlagts,
611 1252 98 26 företogs,
723 1252 53 21 efter
786 1252 151 28 tilländalupen
947 1253 63 21 bord-

191 1279 146 28 läggningstid,
367 1286 28 15 nu
424 1280 33 21 till
481 1280 74 21 vidare
578 1280 81 27 åtgärd,
689 1280 87 22 hvarvid
802 1281 92 27 uppstod
917 1281 92 27 följande

192 1309 126 21 diskussion:

259 1365 55 20 Herr
334 1364 155 27 Öhrnberg:
512 1366 25 20 de
553 1367 31 19 tre
600 1365 66 26 öfriga
681 1367 88 20 stånden
783 1366 68 25 hafva,
865 1367 69 20 såsom
943 1367 66 21 kändt

190 1394 30 25 är,
236 1393 118 20 remitterat
376 1392 68 21 denna
466 1393 129 26 proposition
618 1393 31 20 till
669 1393 114 28 beredning
797 1393 52 22 först
864 1394 7 21 i
885 1395 123 26 grundlags-

190 1421 106 23 utskottet
311 1420 39 22 och
365 1421 64 21 sedan
444 1421 7 20 i
467 1423 64 19 annat
546 1421 87 23 utskott,
650 1427 33 16 om
692 1421 84 27 hvilket,
788 1423 68 21 såsom
867 1423 37 26 jag
912 1423 34 20 vill
956 1423 51 21 min-

190 1455 46 21 nas,
257 1450 88 21 stånden
367 1449 64 22 likväl
454 1451 84 20 stannat
553 1451 6 20 i
575 1449 56 22 olika
646 1450 83 27 åsigter.
760 1451 43 26 Mig
818 1451 139 22 förekommer
972 1453 35 20 det

190 1480 32 19 att
236 1477 183 28 nödvändigheten
434 1477 21 22 af
469 1478 67 21 denna
551 1478 72 22 remiss
639 1478 31 21 till
685 1479 218 27 grundlagsutskottet
913 1480 94 27 skäligen

189 1507 71 21 kunde
282 1507 140 26 ifrågasättas,
446 1507 86 22 emedan
552 1507 155 27 propositionen
723 1509 18 26 ej
757 1508 62 22 berör
835 1508 81 22 landets
931 1509 76 27 grund-

190 1535 58 27 lagar
262 1535 7 21 i
284 1535 152 31 vidsträcktare
451 1537 72 25 måtto,
539 1538 27 19 än
581 1536 68 22 såvidt
663 1536 40 22 den
713 1537 55 21 afser
781 1537 145 27 upphäfvande
936 1538 22 21 af
967 1538 39 22 den
