<?xml version="1.0" encoding="UTF-8"?>
<alto xmlns="http://www.loc.gov/standards/alto/ns-v3#" xmlns:xlink="http://www.w3.org/1999/xlink" xmlns:xsi="http://www.w3.org/2001/XMLSchema-instance" xsi:schemaLocation="http://www.loc.gov/standards/alto/ns-v3# http://www.loc.gov/alto/v3/alto-3-0.xsd">
	<Description>
		<MeasurementUnit>pixel</MeasurementUnit>
		<sourceImageInformation>
			<fileName>/tmp/tess_dz24b8jc_input.PNG</fileName>
		</sourceImageInformation>
		<OCRProcessing ID="OCR_0">
			<ocrProcessingStep>
				<processingSoftware>
					<softwareName>tesseract 5.3.4</softwareName>
				</processingSoftware>
			</ocrProcessingStep>
		</OCRProcessing>
	</Description>
	<Layout>
		<Page WIDTH="1084" HEIGHT="1814" PHYSICAL_IMG_NR="0" ID="page_0">
			<PrintSpace HPOS="0" VPOS="0" WIDTH="1084" HEIGHT="1814">
				<ComposedBlock ID="cblock_0" HPOS="228" VPOS="137" WIDTH="567" HEIGHT="26">
					<TextBlock ID="block_0" HPOS="228" VPOS="137" WIDTH="567" HEIGHT="26">
						<TextLine ID="line_0" HPOS="228" VPOS="137" WIDTH="567" HEIGHT="26">
							<String ID="string_0" HPOS="228" VPOS="137" WIDTH="41" HEIGHT="21" WC="0.96" CONTENT="276"/><SP WIDTH="145" VPOS="137" HPOS="269"/>
							<String ID="string_1" HPOS="414" VPOS="142" WIDTH="179" HEIGHT="21" WC="0.92" CONTENT="Borgareståndet."/><SP WIDTH="26" VPOS="142" HPOS="593"/>
							<String ID="string_2" HPOS="619" VPOS="142" WIDTH="54" HEIGHT="18" WC="0.96" CONTENT="1867."/><SP WIDTH="23" VPOS="142" HPOS="673"/>
							<String ID="string_3" HPOS="696" VPOS="143" WIDTH="26" HEIGHT="16" WC="0.96" CONTENT="22"/><SP WIDTH="12" VPOS="143" HPOS="722"/>
							<String ID="string_4" HPOS="734" VPOS="142" WIDTH="61" HEIGHT="18" WC="0.96" CONTENT="Mars,"/>
						</TextLine>
					</TextBlock>
				</ComposedBlock>
				<GraphicalElement ID="cblock_1" HPOS="201" VPOS="180" WIDTH="813" HEIGHT="8"></GraphicalElement >
				<ComposedBlock ID="cblock_2" HPOS="199" VPOS="225" WIDTH="818" HEIGHT="344">
					<TextBlock ID="block_1" HPOS="199" VPOS="225" WIDTH="818" HEIGHT="344">
						<TextLine ID="line_1" HPOS="200" VPOS="225" WIDTH="815" HEIGHT="29">
							<String ID="string_5" HPOS="200" VPOS="228" WIDTH="129" HEIGHT="26" WC="0.90" CONTENT="landtdagen."/><SP WIDTH="22" VPOS="228" HPOS="329"/>
							<String ID="string_6" HPOS="351" VPOS="234" WIDTH="61" HEIGHT="20" WC="0.94" CONTENT="synes"/><SP WIDTH="22" VPOS="234" HPOS="412"/>
							<String ID="string_7" HPOS="434" VPOS="226" WIDTH="64" HEIGHT="23" WC="0.96" CONTENT="också"/><SP WIDTH="22" VPOS="226" HPOS="498"/>
							<String ID="string_8" HPOS="520" VPOS="227" WIDTH="33" HEIGHT="21" WC="0.97" CONTENT="för"/><SP WIDTH="20" VPOS="227" HPOS="553"/>
							<String ID="string_9" HPOS="573" VPOS="227" WIDTH="62" HEIGHT="27" WC="0.96" CONTENT="ingen"/><SP WIDTH="20" VPOS="227" HPOS="635"/>
							<String ID="string_10" HPOS="655" VPOS="226" WIDTH="34" HEIGHT="22" WC="0.96" CONTENT="del"/><SP WIDTH="15" VPOS="226" HPOS="689"/>
							<String ID="string_11" HPOS="704" VPOS="227" WIDTH="53" HEIGHT="21" WC="0.96" CONTENT="böra"/><SP WIDTH="14" VPOS="227" HPOS="757"/>
							<String ID="string_12" HPOS="771" VPOS="233" WIDTH="106" HEIGHT="21" WC="0.96" CONTENT="uppmana"/><SP WIDTH="14" VPOS="233" HPOS="877"/>
							<String ID="string_13" HPOS="891" VPOS="227" WIDTH="33" HEIGHT="21" WC="0.93" CONTENT="till"/><SP WIDTH="14" VPOS="227" HPOS="924"/>
							<String ID="string_14" HPOS="938" VPOS="225" WIDTH="77" HEIGHT="24" WC="0.86" CONTENT="under-"/>
						</TextLine>
						<TextLine ID="line_2" HPOS="200" VPOS="255" WIDTH="815" HEIGHT="27">
							<String ID="string_15" HPOS="200" VPOS="256" WIDTH="112" HEIGHT="26" WC="0.96" CONTENT="stödjande"/><SP WIDTH="25" VPOS="256" HPOS="312"/>
							<String ID="string_16" HPOS="337" VPOS="256" WIDTH="23" HEIGHT="23" WC="0.49" CONTENT="af"/><SP WIDTH="23" VPOS="256" HPOS="360"/>
							<String ID="string_17" HPOS="383" VPOS="262" WIDTH="25" HEIGHT="15" WC="0.93" CONTENT="en"/><SP WIDTH="24" VPOS="262" HPOS="408"/>
							<String ID="string_18" HPOS="432" VPOS="255" WIDTH="165" HEIGHT="27" WC="0.92" CONTENT="partikularism,"/><SP WIDTH="26" VPOS="255" HPOS="597"/>
							<String ID="string_19" HPOS="623" VPOS="262" WIDTH="44" HEIGHT="15" WC="0.96" CONTENT="som"/><SP WIDTH="22" VPOS="262" HPOS="667"/>
							<String ID="string_20" HPOS="689" VPOS="256" WIDTH="41" HEIGHT="20" WC="0.96" CONTENT="lätt"/><SP WIDTH="16" VPOS="256" HPOS="730"/>
							<String ID="string_21" HPOS="746" VPOS="255" WIDTH="43" HEIGHT="21" WC="0.91" CONTENT="kan"/><SP WIDTH="18" VPOS="255" HPOS="789"/>
							<String ID="string_22" HPOS="807" VPOS="256" WIDTH="49" HEIGHT="21" WC="0.0" CONTENT="leda"/><SP WIDTH="13" VPOS="256" HPOS="856"/>
							<String ID="string_23" HPOS="869" VPOS="256" WIDTH="33" HEIGHT="20" WC="0.96" CONTENT="till"/><SP WIDTH="15" VPOS="256" HPOS="902"/>
							<String ID="string_24" HPOS="917" VPOS="256" WIDTH="98" HEIGHT="26" WC="0.96" CONTENT="oenighet"/>
						</TextLine>
						<TextLine ID="line_3" HPOS="202" VPOS="283" WIDTH="813" HEIGHT="27">
							<String ID="string_25" HPOS="202" VPOS="285" WIDTH="89" HEIGHT="21" WC="0.95" CONTENT="emellan"/><SP WIDTH="23" VPOS="285" HPOS="291"/>
							<String ID="string_26" HPOS="314" VPOS="284" WIDTH="26" HEIGHT="22" WC="0.95" CONTENT="de"/><SP WIDTH="20" VPOS="284" HPOS="340"/>
							<String ID="string_27" HPOS="360" VPOS="284" WIDTH="70" HEIGHT="22" WC="0.96" CONTENT="skilda"/><SP WIDTH="22" VPOS="284" HPOS="430"/>
							<String ID="string_28" HPOS="452" VPOS="284" WIDTH="97" HEIGHT="23" WC="0.96" CONTENT="stånden."/><SP WIDTH="30" VPOS="284" HPOS="549"/>
							<String ID="string_29" HPOS="579" VPOS="284" WIDTH="42" HEIGHT="21" WC="0.96" CONTENT="För"/><SP WIDTH="23" VPOS="284" HPOS="621"/>
							<String ID="string_30" HPOS="644" VPOS="283" WIDTH="62" HEIGHT="27" WC="0.93" CONTENT="öfrigt"/><SP WIDTH="23" VPOS="283" HPOS="706"/>
							<String ID="string_31" HPOS="729" VPOS="284" WIDTH="52" HEIGHT="21" WC="0.94" CONTENT="eller"/><SP WIDTH="15" VPOS="284" HPOS="781"/>
							<String ID="string_32" HPOS="796" VPOS="284" WIDTH="54" HEIGHT="21" WC="0.96" CONTENT="hvad"/><SP WIDTH="14" VPOS="284" HPOS="850"/>
							<String ID="string_33" HPOS="864" VPOS="284" WIDTH="101" HEIGHT="21" WC="0.96" CONTENT="beträffar"/><SP WIDTH="12" VPOS="284" HPOS="965"/>
							<String ID="string_34" HPOS="977" VPOS="285" WIDTH="38" HEIGHT="21" WC="0.96" CONTENT="det"/>
						</TextLine>
						<TextLine ID="line_4" HPOS="201" VPOS="312" WIDTH="814" HEIGHT="28">
							<String ID="string_35" HPOS="201" VPOS="314" WIDTH="68" HEIGHT="21" WC="0.96" CONTENT="andra"/><SP WIDTH="13" VPOS="314" HPOS="269"/>
							<String ID="string_36" HPOS="282" VPOS="314" WIDTH="90" HEIGHT="25" WC="0.96" CONTENT="utskott,"/><SP WIDTH="16" VPOS="314" HPOS="372"/>
							<String ID="string_37" HPOS="388" VPOS="313" WIDTH="22" HEIGHT="21" WC="0.95" CONTENT="af"/><SP WIDTH="14" VPOS="313" HPOS="410"/>
							<String ID="string_38" HPOS="424" VPOS="308" WIDTH="79" HEIGHT="36" WC="0.96" CONTENT="hvilket"/><SP WIDTH="15" VPOS="308" HPOS="503"/>
							<String ID="string_39" HPOS="518" VPOS="312" WIDTH="73" HEIGHT="28" WC="0.96" CONTENT="frågan"/><SP WIDTH="15" VPOS="312" HPOS="591"/>
							<String ID="string_40" HPOS="606" VPOS="312" WIDTH="66" HEIGHT="22" WC="0.93" CONTENT="borde"/><SP WIDTH="16" VPOS="312" HPOS="672"/>
							<String ID="string_41" HPOS="688" VPOS="312" WIDTH="135" HEIGHT="27" WC="0.90" CONTENT="bandläggas,"/><SP WIDTH="15" VPOS="312" HPOS="823"/>
							<String ID="string_42" HPOS="838" VPOS="313" WIDTH="24" HEIGHT="21" WC="0.96" CONTENT="så"/><SP WIDTH="15" VPOS="313" HPOS="862"/>
							<String ID="string_43" HPOS="877" VPOS="319" WIDTH="63" HEIGHT="16" WC="0.96" CONTENT="anser"/><SP WIDTH="15" VPOS="319" HPOS="940"/>
							<String ID="string_44" HPOS="955" VPOS="313" WIDTH="60" HEIGHT="21" WC="0.96" CONTENT="äfven"/>
						</TextLine>
						<TextLine ID="line_5" HPOS="201" VPOS="341" WIDTH="816" HEIGHT="28">
							<String ID="string_45" HPOS="201" VPOS="342" WIDTH="43" HEIGHT="27" WC="0.96" CONTENT="jag,"/><SP WIDTH="22" VPOS="342" HPOS="244"/>
							<String ID="string_46" HPOS="266" VPOS="342" WIDTH="7" HEIGHT="21" WC="0.96" CONTENT="i"/><SP WIDTH="16" VPOS="342" HPOS="273"/>
							<String ID="string_47" HPOS="289" VPOS="342" WIDTH="66" HEIGHT="22" WC="0.96" CONTENT="likhet"/><SP WIDTH="15" VPOS="342" HPOS="355"/>
							<String ID="string_48" HPOS="370" VPOS="342" WIDTH="47" HEIGHT="21" WC="0.96" CONTENT="med"/><SP WIDTH="16" VPOS="342" HPOS="417"/>
							<String ID="string_49" HPOS="433" VPOS="342" WIDTH="55" HEIGHT="21" WC="0.93" CONTENT="Herr"/><SP WIDTH="15" VPOS="342" HPOS="488"/>
							<String ID="string_50" HPOS="503" VPOS="341" WIDTH="117" HEIGHT="27" WC="0.90" CONTENT="Öhrnberg,"/><SP WIDTH="14" VPOS="341" HPOS="620"/>
							<String ID="string_51" HPOS="634" VPOS="343" WIDTH="77" HEIGHT="20" WC="0.91" CONTENT="rättast"/><SP WIDTH="15" VPOS="343" HPOS="711"/>
							<String ID="string_52" HPOS="726" VPOS="343" WIDTH="32" HEIGHT="19" WC="0.96" CONTENT="att"/><SP WIDTH="14" VPOS="343" HPOS="758"/>
							<String ID="string_53" HPOS="772" VPOS="341" WIDTH="74" HEIGHT="27" WC="0.96" CONTENT="frågan"/><SP WIDTH="16" VPOS="341" HPOS="846"/>
							<String ID="string_54" HPOS="862" VPOS="342" WIDTH="116" HEIGHT="21" WC="0.96" CONTENT="behandlas"/><SP WIDTH="15" VPOS="342" HPOS="978"/>
							<String ID="string_55" HPOS="993" VPOS="341" WIDTH="24" HEIGHT="22" WC="0.96" CONTENT="af"/>
						</TextLine>
						<TextLine ID="line_6" HPOS="201" VPOS="370" WIDTH="814" HEIGHT="27">
							<String ID="string_56" HPOS="201" VPOS="373" WIDTH="139" HEIGHT="20" WC="0.92" CONTENT="sammansatt"/><SP WIDTH="22" VPOS="373" HPOS="340"/>
							<String ID="string_57" HPOS="362" VPOS="370" WIDTH="106" HEIGHT="22" WC="0.92" CONTENT="ekonomi-"/><SP WIDTH="22" VPOS="370" HPOS="468"/>
							<String ID="string_58" HPOS="490" VPOS="372" WIDTH="55" HEIGHT="20" WC="0.92" CONTENT="samt"/><SP WIDTH="22" VPOS="372" HPOS="545"/>
							<String ID="string_59" HPOS="567" VPOS="372" WIDTH="64" HEIGHT="20" WC="0.92" CONTENT="stats-"/><SP WIDTH="15" VPOS="372" HPOS="631"/>
							<String ID="string_60" HPOS="646" VPOS="370" WIDTH="39" HEIGHT="22" WC="0.93" CONTENT="och"/><SP WIDTH="15" VPOS="370" HPOS="685"/>
							<String ID="string_61" HPOS="700" VPOS="370" WIDTH="212" HEIGHT="27" WC="0.92" CONTENT="bevillningsutskott,"/><SP WIDTH="17" VPOS="370" HPOS="912"/>
							<String ID="string_62" HPOS="929" VPOS="370" WIDTH="31" HEIGHT="22" WC="0.96" CONTENT="dit"/><SP WIDTH="14" VPOS="370" HPOS="960"/>
							<String ID="string_63" HPOS="974" VPOS="371" WIDTH="41" HEIGHT="21" WC="0.96" CONTENT="den"/>
						</TextLine>
						<TextLine ID="line_7" HPOS="199" VPOS="398" WIDTH="817" HEIGHT="28">
							<String ID="string_64" HPOS="199" VPOS="400" WIDTH="79" HEIGHT="26" WC="0.91" CONTENT="jemväl"/><SP WIDTH="21" VPOS="400" HPOS="278"/>
							<String ID="string_65" HPOS="299" VPOS="400" WIDTH="23" HEIGHT="20" WC="0.93" CONTENT="af"/><SP WIDTH="19" VPOS="400" HPOS="322"/>
							<String ID="string_66" HPOS="341" VPOS="398" WIDTH="156" HEIGHT="27" WC="0.91" CONTENT="presteständet"/><SP WIDTH="21" VPOS="398" HPOS="497"/>
							<String ID="string_67" HPOS="518" VPOS="400" WIDTH="137" HEIGHT="25" WC="0.93" CONTENT="remitterats,"/><SP WIDTH="22" VPOS="400" HPOS="655"/>
							<String ID="string_68" HPOS="677" VPOS="399" WIDTH="44" HEIGHT="27" WC="0.96" CONTENT="ty"/><SP WIDTH="-7" VPOS="399" HPOS="721"/>
							<String ID="string_69" HPOS="714" VPOS="394" WIDTH="12" HEIGHT="36" WC="0.96" CONTENT="i"/><SP WIDTH="13" VPOS="394" HPOS="726"/>
							<String ID="string_70" HPOS="739" VPOS="399" WIDTH="157" HEIGHT="26" WC="0.93" CONTENT="propositionen"/><SP WIDTH="16" VPOS="399" HPOS="896"/>
							<String ID="string_71" HPOS="912" VPOS="399" WIDTH="104" HEIGHT="21" WC="0.91" CONTENT="förekom-"/>
						</TextLine>
						<TextLine ID="line_8" HPOS="201" VPOS="427" WIDTH="815" HEIGHT="27">
							<String ID="string_72" HPOS="201" VPOS="434" WIDTH="46" HEIGHT="16" WC="0.93" CONTENT="mer"/><SP WIDTH="15" VPOS="434" HPOS="247"/>
							<String ID="string_73" HPOS="262" VPOS="428" WIDTH="60" HEIGHT="26" WC="0.91" CONTENT="fräga"/><SP WIDTH="15" VPOS="428" HPOS="322"/>
							<String ID="string_74" HPOS="337" VPOS="434" WIDTH="33" HEIGHT="15" WC="0.92" CONTENT="om"/><SP WIDTH="16" VPOS="434" HPOS="370"/>
							<String ID="string_75" HPOS="386" VPOS="428" WIDTH="72" HEIGHT="26" WC="0.92" CONTENT="anslag"/><SP WIDTH="15" VPOS="428" HPOS="458"/>
							<String ID="string_76" HPOS="473" VPOS="428" WIDTH="31" HEIGHT="21" WC="0.93" CONTENT="till"/><SP WIDTH="16" VPOS="428" HPOS="504"/>
							<String ID="string_77" HPOS="520" VPOS="427" WIDTH="190" HEIGHT="27" WC="0.92" CONTENT="skjutshällningen"/><SP WIDTH="14" VPOS="427" HPOS="710"/>
							<String ID="string_78" HPOS="724" VPOS="428" WIDTH="40" HEIGHT="20" WC="0.96" CONTENT="och"/><SP WIDTH="14" VPOS="428" HPOS="764"/>
							<String ID="string_79" HPOS="778" VPOS="428" WIDTH="34" HEIGHT="21" WC="0.96" CONTENT="vid"/><SP WIDTH="14" VPOS="428" HPOS="812"/>
							<String ID="string_80" HPOS="826" VPOS="428" WIDTH="48" HEIGHT="21" WC="0.96" CONTENT="dess"/><SP WIDTH="14" VPOS="428" HPOS="874"/>
							<String ID="string_81" HPOS="888" VPOS="428" WIDTH="128" HEIGHT="26" WC="0.96" CONTENT="behandling"/>
						</TextLine>
						<TextLine ID="line_9" HPOS="201" VPOS="456" WIDTH="814" HEIGHT="28">
							<String ID="string_82" HPOS="201" VPOS="457" WIDTH="42" HEIGHT="21" WC="0.93" CONTENT="kan"/><SP WIDTH="25" VPOS="457" HPOS="243"/>
							<String ID="string_83" HPOS="268" VPOS="457" WIDTH="61" HEIGHT="21" WC="0.91" CONTENT="äfven"/><SP WIDTH="18" VPOS="457" HPOS="329"/>
							<String ID="string_84" HPOS="347" VPOS="456" WIDTH="77" HEIGHT="26" WC="0.91" CONTENT="uppstä"/><SP WIDTH="14" VPOS="456" HPOS="424"/>
							<String ID="string_85" HPOS="438" VPOS="456" WIDTH="62" HEIGHT="26" WC="0.93" CONTENT="fräga"/><SP WIDTH="14" VPOS="456" HPOS="500"/>
							<String ID="string_86" HPOS="514" VPOS="462" WIDTH="35" HEIGHT="15" WC="0.93" CONTENT="om"/><SP WIDTH="15" VPOS="462" HPOS="549"/>
							<String ID="string_87" HPOS="564" VPOS="456" WIDTH="74" HEIGHT="26" WC="0.92" CONTENT="anslag"/><SP WIDTH="15" VPOS="456" HPOS="638"/>
							<String ID="string_88" HPOS="653" VPOS="457" WIDTH="31" HEIGHT="20" WC="0.93" CONTENT="till"/><SP WIDTH="17" VPOS="457" HPOS="684"/>
							<String ID="string_89" HPOS="701" VPOS="456" WIDTH="141" HEIGHT="27" WC="0.89" CONTENT="brobyggnad,"/><SP WIDTH="14" VPOS="456" HPOS="842"/>
							<String ID="string_90" HPOS="856" VPOS="456" WIDTH="69" HEIGHT="21" WC="0.92" CONTENT="ehuru"/><SP WIDTH="14" VPOS="456" HPOS="925"/>
							<String ID="string_91" HPOS="939" VPOS="462" WIDTH="76" HEIGHT="22" WC="0.92" CONTENT="propo-"/>
						</TextLine>
						<TextLine ID="line_10" HPOS="202" VPOS="484" WIDTH="813" HEIGHT="28">
							<String ID="string_92" HPOS="202" VPOS="486" WIDTH="91" HEIGHT="20" WC="0.92" CONTENT="sitionen"/><SP WIDTH="14" VPOS="486" HPOS="293"/>
							<String ID="string_93" HPOS="307" VPOS="485" WIDTH="95" HEIGHT="26" WC="0.92" CONTENT="frängätt"/><SP WIDTH="15" VPOS="485" HPOS="402"/>
							<String ID="string_94" HPOS="417" VPOS="485" WIDTH="40" HEIGHT="20" WC="0.93" CONTENT="den"/><SP WIDTH="16" VPOS="485" HPOS="457"/>
							<String ID="string_95" HPOS="473" VPOS="484" WIDTH="54" HEIGHT="28" WC="0.92" CONTENT="äsigt"/><SP WIDTH="15" VPOS="484" HPOS="527"/>
							<String ID="string_96" HPOS="542" VPOS="485" WIDTH="80" HEIGHT="25" WC="0.92" CONTENT="härom,"/><SP WIDTH="16" VPOS="485" HPOS="622"/>
							<String ID="string_97" HPOS="638" VPOS="491" WIDTH="44" HEIGHT="15" WC="0.96" CONTENT="som"/><SP WIDTH="11" VPOS="491" HPOS="682"/>
							<String ID="string_98" HPOS="693" VPOS="485" WIDTH="35" HEIGHT="21" WC="0.93" CONTENT="vid"/><SP WIDTH="10" VPOS="485" HPOS="728"/>
							<String ID="string_99" HPOS="738" VPOS="484" WIDTH="57" HEIGHT="22" WC="0.93" CONTENT="förra"/><SP WIDTH="11" VPOS="484" HPOS="795"/>
							<String ID="string_100" HPOS="806" VPOS="485" WIDTH="127" HEIGHT="26" WC="0.92" CONTENT="landtdagen"/><SP WIDTH="10" VPOS="485" HPOS="933"/>
							<String ID="string_101" HPOS="943" VPOS="484" WIDTH="72" HEIGHT="27" WC="0.92" CONTENT="gjorde"/>
						</TextLine>
						<TextLine ID="line_11" HPOS="202" VPOS="513" WIDTH="813" HEIGHT="27">
							<String ID="string_102" HPOS="202" VPOS="514" WIDTH="32" HEIGHT="26" WC="0.96" CONTENT="sig"/><SP WIDTH="21" VPOS="514" HPOS="234"/>
							<String ID="string_103" HPOS="255" VPOS="514" WIDTH="104" HEIGHT="26" WC="0.93" CONTENT="gällande,"/><SP WIDTH="22" VPOS="514" HPOS="359"/>
							<String ID="string_104" HPOS="381" VPOS="513" WIDTH="103" HEIGHT="26" WC="0.92" CONTENT="nemligen"/><SP WIDTH="20" VPOS="513" HPOS="484"/>
							<String ID="string_105" HPOS="504" VPOS="514" WIDTH="33" HEIGHT="20" WC="0.95" CONTENT="att"/><SP WIDTH="19" VPOS="514" HPOS="537"/>
							<String ID="string_106" HPOS="556" VPOS="515" WIDTH="69" HEIGHT="20" WC="0.93" CONTENT="staten"/><SP WIDTH="16" VPOS="515" HPOS="625"/>
							<String ID="string_107" HPOS="641" VPOS="513" WIDTH="61" HEIGHT="21" WC="0.93" CONTENT="äfven"/><SP WIDTH="14" VPOS="513" HPOS="702"/>
							<String ID="string_108" HPOS="716" VPOS="514" WIDTH="67" HEIGHT="20" WC="0.93" CONTENT="borde"/><SP WIDTH="13" VPOS="514" HPOS="783"/>
							<String ID="string_109" HPOS="796" VPOS="513" WIDTH="89" HEIGHT="27" WC="0.92" CONTENT="bidraga"/><SP WIDTH="15" VPOS="513" HPOS="885"/>
							<String ID="string_110" HPOS="900" VPOS="514" WIDTH="32" HEIGHT="20" WC="0.96" CONTENT="till"/><SP WIDTH="15" VPOS="514" HPOS="932"/>
							<String ID="string_111" HPOS="947" VPOS="515" WIDTH="68" HEIGHT="19" WC="0.96" CONTENT="större"/>
						</TextLine>
						<TextLine ID="line_12" HPOS="202" VPOS="542" WIDTH="182" HEIGHT="27">
							<String ID="string_112" HPOS="202" VPOS="542" WIDTH="167" HEIGHT="27" WC="0.92" CONTENT="brobyggnader."/><SP WIDTH="11" VPOS="542" HPOS="369"/>
							<String ID="string_113" HPOS="380" VPOS="557" WIDTH="4" HEIGHT="3" WC="0.88" CONTENT="-"/>
						</TextLine>
					</TextBlock>
				</ComposedBlock>
				<ComposedBlock ID="cblock_3" HPOS="202" VPOS="604" WIDTH="816" HEIGHT="199">
					<TextBlock ID="block_2" HPOS="202" VPOS="604" WIDTH="816" HEIGHT="199">
						<TextLine ID="line_13" HPOS="271" VPOS="604" WIDTH="745" HEIGHT="27">
							<String ID="string_114" HPOS="271" VPOS="604" WIDTH="69" HEIGHT="22" WC="0.89" CONTENT="Sedan"/><SP WIDTH="23" VPOS="604" HPOS="340"/>
							<String ID="string_115" HPOS="363" VPOS="604" WIDTH="145" HEIGHT="22" WC="0.89" CONTENT="diskussionen"/><SP WIDTH="22" VPOS="604" HPOS="508"/>
							<String ID="string_116" HPOS="530" VPOS="604" WIDTH="115" HEIGHT="22" WC="0.91" CONTENT="förklarats"/><SP WIDTH="22" VPOS="604" HPOS="645"/>
							<String ID="string_117" HPOS="667" VPOS="605" WIDTH="97" HEIGHT="25" WC="0.92" CONTENT="afslutad,"/><SP WIDTH="22" VPOS="605" HPOS="764"/>
							<String ID="string_118" HPOS="786" VPOS="604" WIDTH="70" HEIGHT="22" WC="0.93" CONTENT="beslöt"/><SP WIDTH="21" VPOS="604" HPOS="856"/>
							<String ID="string_119" HPOS="877" VPOS="604" WIDTH="90" HEIGHT="24" WC="0.92" CONTENT="ständet,"/><SP WIDTH="21" VPOS="604" HPOS="967"/>
							<String ID="string_120" HPOS="988" VPOS="604" WIDTH="28" HEIGHT="27" WC="0.96" CONTENT="pä"/>
						</TextLine>
						<TextLine ID="line_14" HPOS="202" VPOS="633" WIDTH="813" HEIGHT="27">
							<String ID="string_121" HPOS="202" VPOS="634" WIDTH="119" HEIGHT="21" WC="0.92" CONTENT="framställd"/><SP WIDTH="23" VPOS="634" HPOS="321"/>
							<String ID="string_122" HPOS="344" VPOS="634" WIDTH="137" HEIGHT="26" WC="0.96" CONTENT="proposition,"/><SP WIDTH="22" VPOS="634" HPOS="481"/>
							<String ID="string_123" HPOS="503" VPOS="635" WIDTH="32" HEIGHT="19" WC="0.93" CONTENT="att"/><SP WIDTH="22" VPOS="635" HPOS="535"/>
							<String ID="string_124" HPOS="557" VPOS="634" WIDTH="138" HEIGHT="20" WC="0.93" CONTENT="förevarande"/><SP WIDTH="22" VPOS="634" HPOS="695"/>
							<String ID="string_125" HPOS="717" VPOS="633" WIDTH="129" HEIGHT="27" WC="0.96" CONTENT="proposition"/><SP WIDTH="22" VPOS="633" HPOS="846"/>
							<String ID="string_126" HPOS="868" VPOS="633" WIDTH="54" HEIGHT="21" WC="0.96" CONTENT="först"/><SP WIDTH="26" VPOS="633" HPOS="922"/>
							<String ID="string_127" HPOS="948" VPOS="633" WIDTH="67" HEIGHT="21" WC="0.96" CONTENT="skulle"/>
						</TextLine>
						<TextLine ID="line_15" HPOS="203" VPOS="662" WIDTH="815" HEIGHT="26">
							<String ID="string_128" HPOS="203" VPOS="662" WIDTH="120" HEIGHT="22" WC="0.92" CONTENT="remitteras"/><SP WIDTH="16" VPOS="662" HPOS="323"/>
							<String ID="string_129" HPOS="339" VPOS="662" WIDTH="32" HEIGHT="21" WC="0.96" CONTENT="till"/><SP WIDTH="16" VPOS="662" HPOS="371"/>
							<String ID="string_130" HPOS="387" VPOS="662" WIDTH="125" HEIGHT="26" WC="0.95" CONTENT="behandling"/><SP WIDTH="16" VPOS="662" HPOS="512"/>
							<String ID="string_131" HPOS="528" VPOS="662" WIDTH="23" HEIGHT="21" WC="0.92" CONTENT="af"/><SP WIDTH="12" VPOS="662" HPOS="551"/>
							<String ID="string_132" HPOS="563" VPOS="662" WIDTH="219" HEIGHT="26" WC="0.92" CONTENT="grundlagsutskottet"/><SP WIDTH="15" VPOS="662" HPOS="782"/>
							<String ID="string_133" HPOS="797" VPOS="664" WIDTH="54" HEIGHT="19" WC="0.93" CONTENT="samt"/><SP WIDTH="12" VPOS="664" HPOS="851"/>
							<String ID="string_134" HPOS="863" VPOS="662" WIDTH="121" HEIGHT="21" WC="0.92" CONTENT="sedermera"/><SP WIDTH="11" VPOS="662" HPOS="984"/>
							<String ID="string_135" HPOS="995" VPOS="662" WIDTH="23" HEIGHT="21" WC="0.96" CONTENT="af"/>
						</TextLine>
						<TextLine ID="line_16" HPOS="203" VPOS="690" WIDTH="814" HEIGHT="22">
							<String ID="string_136" HPOS="203" VPOS="692" WIDTH="90" HEIGHT="20" WC="0.92" CONTENT="nämnde"/><SP WIDTH="16" VPOS="692" HPOS="293"/>
							<String ID="string_137" HPOS="309" VPOS="691" WIDTH="83" HEIGHT="21" WC="0.91" CONTENT="utskott"/><SP WIDTH="12" VPOS="691" HPOS="392"/>
							<String ID="string_138" HPOS="404" VPOS="690" WIDTH="80" HEIGHT="22" WC="0.91" CONTENT="direkte"/><SP WIDTH="17" VPOS="690" HPOS="484"/>
							<String ID="string_139" HPOS="501" VPOS="691" WIDTH="138" HEIGHT="21" WC="0.91" CONTENT="öfverlemnas"/><SP WIDTH="15" VPOS="691" HPOS="639"/>
							<String ID="string_140" HPOS="654" VPOS="691" WIDTH="33" HEIGHT="20" WC="0.93" CONTENT="till"/><SP WIDTH="9" VPOS="691" HPOS="687"/>
							<String ID="string_141" HPOS="696" VPOS="693" WIDTH="140" HEIGHT="19" WC="0.92" CONTENT="sammansatt"/><SP WIDTH="10" VPOS="693" HPOS="836"/>
							<String ID="string_142" HPOS="846" VPOS="691" WIDTH="106" HEIGHT="21" WC="0.92" CONTENT="ekonomi-"/><SP WIDTH="10" VPOS="691" HPOS="952"/>
							<String ID="string_143" HPOS="962" VPOS="692" WIDTH="55" HEIGHT="20" WC="0.96" CONTENT="samt"/>
						</TextLine>
						<TextLine ID="line_17" HPOS="203" VPOS="719" WIDTH="814" HEIGHT="29">
							<String ID="string_144" HPOS="203" VPOS="721" WIDTH="62" HEIGHT="20" WC="0.85" CONTENT="stats-"/><SP WIDTH="24" VPOS="721" HPOS="265"/>
							<String ID="string_145" HPOS="289" VPOS="719" WIDTH="39" HEIGHT="21" WC="0.93" CONTENT="och"/><SP WIDTH="23" VPOS="719" HPOS="328"/>
							<String ID="string_146" HPOS="351" VPOS="719" WIDTH="219" HEIGHT="27" WC="0.83" CONTENT="bevillningsutskotts"/><SP WIDTH="21" VPOS="719" HPOS="570"/>
							<String ID="string_147" HPOS="591" VPOS="719" WIDTH="163" HEIGHT="27" WC="0.96" CONTENT="handläggning;"/><SP WIDTH="21" VPOS="719" HPOS="754"/>
							<String ID="string_148" HPOS="775" VPOS="719" WIDTH="39" HEIGHT="21" WC="0.96" CONTENT="och"/><SP WIDTH="14" VPOS="719" HPOS="814"/>
							<String ID="string_149" HPOS="828" VPOS="719" WIDTH="96" HEIGHT="21" WC="0.93" CONTENT="kommer"/><SP WIDTH="16" VPOS="719" HPOS="924"/>
							<String ID="string_150" HPOS="940" VPOS="720" WIDTH="77" HEIGHT="28" WC="0.90" CONTENT="under-"/>
						</TextLine>
						<TextLine ID="line_18" HPOS="202" VPOS="747" WIDTH="814" HEIGHT="22">
							<String ID="string_151" HPOS="202" VPOS="748" WIDTH="88" HEIGHT="21" WC="0.95" CONTENT="rättelse"/><SP WIDTH="23" VPOS="748" HPOS="290"/>
							<String ID="string_152" HPOS="313" VPOS="754" WIDTH="34" HEIGHT="15" WC="0.96" CONTENT="om"/><SP WIDTH="23" VPOS="754" HPOS="347"/>
							<String ID="string_153" HPOS="370" VPOS="748" WIDTH="59" HEIGHT="20" WC="0.93" CONTENT="detta"/><SP WIDTH="20" VPOS="748" HPOS="429"/>
							<String ID="string_154" HPOS="449" VPOS="747" WIDTH="96" HEIGHT="22" WC="0.91" CONTENT="ständets"/><SP WIDTH="22" VPOS="747" HPOS="545"/>
							<String ID="string_155" HPOS="567" VPOS="748" WIDTH="70" HEIGHT="21" WC="0.96" CONTENT="beslut"/><SP WIDTH="18" VPOS="748" HPOS="637"/>
							<String ID="string_156" HPOS="655" VPOS="750" WIDTH="32" HEIGHT="18" WC="0.93" CONTENT="att"/><SP WIDTH="14" VPOS="750" HPOS="687"/>
							<String ID="string_157" HPOS="701" VPOS="748" WIDTH="146" HEIGHT="21" WC="0.96" CONTENT="förstnämnda"/><SP WIDTH="15" VPOS="748" HPOS="847"/>
							<String ID="string_158" HPOS="862" VPOS="748" WIDTH="84" HEIGHT="21" WC="0.92" CONTENT="utskott"/><SP WIDTH="7" VPOS="748" HPOS="946"/>
							<String ID="string_159" HPOS="953" VPOS="743" WIDTH="63" HEIGHT="35" WC="0.86" CONTENT="&#39;med-"/>
						</TextLine>
						<TextLine ID="line_19" HPOS="204" VPOS="776" WIDTH="376" HEIGHT="27">
							<String ID="string_160" HPOS="204" VPOS="777" WIDTH="58" HEIGHT="21" WC="0.91" CONTENT="delas"/><SP WIDTH="14" VPOS="777" HPOS="262"/>
							<String ID="string_161" HPOS="276" VPOS="782" WIDTH="75" HEIGHT="21" WC="0.93" CONTENT="genom"/><SP WIDTH="15" VPOS="782" HPOS="351"/>
							<String ID="string_162" HPOS="366" VPOS="776" WIDTH="117" HEIGHT="27" WC="0.92" CONTENT="protokolls"/><SP WIDTH="15" VPOS="776" HPOS="483"/>
							<String ID="string_163" HPOS="498" VPOS="777" WIDTH="82" HEIGHT="25" WC="0.93" CONTENT="utdrag."/>
						</TextLine>
					</TextBlock>
				</ComposedBlock>
				<ComposedBlock ID="cblock_4" HPOS="202" VPOS="838" WIDTH="817" HEIGHT="286">
					<TextBlock ID="block_3" HPOS="202" VPOS="838" WIDTH="817" HEIGHT="286">
						<TextLine ID="line_20" HPOS="271" VPOS="838" WIDTH="746" HEIGHT="28">
							<String ID="string_164" HPOS="271" VPOS="839" WIDTH="119" HEIGHT="26" WC="0.91" CONTENT="Föredrogs"/><SP WIDTH="24" VPOS="839" HPOS="390"/>
							<String ID="string_165" HPOS="414" VPOS="845" WIDTH="26" HEIGHT="15" WC="0.92" CONTENT="en"/><SP WIDTH="26" VPOS="845" HPOS="440"/>
							<String ID="string_166" HPOS="466" VPOS="838" WIDTH="46" HEIGHT="22" WC="0.90" CONTENT="frän"/><SP WIDTH="26" VPOS="838" HPOS="512"/>
							<String ID="string_167" HPOS="538" VPOS="839" WIDTH="44" HEIGHT="27" WC="0.90" CONTENT="lag-"/><SP WIDTH="25" VPOS="839" HPOS="582"/>
							<String ID="string_168" HPOS="607" VPOS="839" WIDTH="39" HEIGHT="21" WC="0.93" CONTENT="och"/><SP WIDTH="25" VPOS="839" HPOS="646"/>
							<String ID="string_169" HPOS="671" VPOS="839" WIDTH="203" HEIGHT="21" WC="0.91" CONTENT="ekonomiutskottet"/><SP WIDTH="18" VPOS="839" HPOS="874"/>
							<String ID="string_170" HPOS="892" VPOS="839" WIDTH="125" HEIGHT="22" WC="0.92" CONTENT="ankommen"/>
						</TextLine>
						<TextLine ID="line_21" HPOS="203" VPOS="867" WIDTH="814" HEIGHT="25">
							<String ID="string_171" HPOS="203" VPOS="867" WIDTH="109" HEIGHT="23" WC="0.92" CONTENT="skrifvelse"/><SP WIDTH="15" VPOS="867" HPOS="312"/>
							<String ID="string_172" HPOS="327" VPOS="867" WIDTH="24" HEIGHT="21" WC="0.96" CONTENT="af"/><SP WIDTH="14" VPOS="867" HPOS="351"/>
							<String ID="string_173" HPOS="365" VPOS="868" WIDTH="39" HEIGHT="20" WC="0.96" CONTENT="den"/><SP WIDTH="15" VPOS="868" HPOS="404"/>
							<String ID="string_174" HPOS="419" VPOS="868" WIDTH="27" HEIGHT="20" WC="0.96" CONTENT="20"/><SP WIDTH="14" VPOS="868" HPOS="446"/>
							<String ID="string_175" HPOS="460" VPOS="868" WIDTH="8" HEIGHT="20" WC="0.96" CONTENT="i"/><SP WIDTH="16" VPOS="868" HPOS="468"/>
							<String ID="string_176" HPOS="484" VPOS="868" WIDTH="66" HEIGHT="21" WC="0.93" CONTENT="denne"/><SP WIDTH="15" VPOS="868" HPOS="550"/>
							<String ID="string_177" HPOS="565" VPOS="867" WIDTH="77" HEIGHT="21" WC="0.92" CONTENT="mänad"/><SP WIDTH="15" VPOS="867" HPOS="642"/>
							<String ID="string_178" HPOS="657" VPOS="867" WIDTH="22" HEIGHT="21" WC="0.93" CONTENT="af"/><SP WIDTH="14" VPOS="867" HPOS="679"/>
							<String ID="string_179" HPOS="693" VPOS="868" WIDTH="98" HEIGHT="24" WC="0.90" CONTENT="innehäll,"/><SP WIDTH="16" VPOS="868" HPOS="791"/>
							<String ID="string_180" HPOS="807" VPOS="869" WIDTH="32" HEIGHT="20" WC="0.96" CONTENT="att"/><SP WIDTH="15" VPOS="869" HPOS="839"/>
							<String ID="string_181" HPOS="854" VPOS="868" WIDTH="64" HEIGHT="21" WC="0.93" CONTENT="sedan"/><SP WIDTH="10" VPOS="868" HPOS="918"/>
							<String ID="string_182" HPOS="928" VPOS="868" WIDTH="89" HEIGHT="22" WC="0.91" CONTENT="Ridder-"/>
						</TextLine>
						<TextLine ID="line_22" HPOS="203" VPOS="896" WIDTH="814" HEIGHT="29">
							<String ID="string_183" HPOS="203" VPOS="897" WIDTH="74" HEIGHT="27" WC="0.90" CONTENT="skapet"/><SP WIDTH="23" VPOS="897" HPOS="277"/>
							<String ID="string_184" HPOS="300" VPOS="896" WIDTH="39" HEIGHT="21" WC="0.93" CONTENT="och"/><SP WIDTH="16" VPOS="896" HPOS="339"/>
							<String ID="string_185" HPOS="355" VPOS="896" WIDTH="67" HEIGHT="22" WC="0.92" CONTENT="Adeln"/><SP WIDTH="16" VPOS="896" HPOS="422"/>
							<String ID="string_186" HPOS="438" VPOS="899" WIDTH="55" HEIGHT="18" WC="0.93" CONTENT="samt"/><SP WIDTH="15" VPOS="899" HPOS="493"/>
							<String ID="string_187" HPOS="508" VPOS="896" WIDTH="85" HEIGHT="22" WC="0.91" CONTENT="Preste-"/><SP WIDTH="15" VPOS="896" HPOS="593"/>
							<String ID="string_188" HPOS="608" VPOS="896" WIDTH="39" HEIGHT="22" WC="0.93" CONTENT="och"/><SP WIDTH="15" VPOS="896" HPOS="647"/>
							<String ID="string_189" HPOS="662" VPOS="896" WIDTH="162" HEIGHT="23" WC="0.92" CONTENT="Bondeständen"/><SP WIDTH="16" VPOS="896" HPOS="824"/>
							<String ID="string_190" HPOS="840" VPOS="898" WIDTH="80" HEIGHT="26" WC="0.92" CONTENT="antagit"/><SP WIDTH="15" VPOS="898" HPOS="920"/>
							<String ID="string_191" HPOS="935" VPOS="897" WIDTH="82" HEIGHT="28" WC="0.92" CONTENT="Nädiga"/>
						</TextLine>
						<TextLine ID="line_23" HPOS="202" VPOS="925" WIDTH="816" HEIGHT="27">
							<String ID="string_192" HPOS="202" VPOS="926" WIDTH="164" HEIGHT="26" WC="0.93" CONTENT="propositionen,"/><SP WIDTH="23" VPOS="926" HPOS="366"/>
							<String ID="string_193" HPOS="389" VPOS="925" WIDTH="107" HEIGHT="27" WC="0.91" CONTENT="angäende"/><SP WIDTH="22" VPOS="925" HPOS="496"/>
							<String ID="string_194" HPOS="518" VPOS="925" WIDTH="115" HEIGHT="21" WC="0.93" CONTENT="förändrad"/><SP WIDTH="14" VPOS="925" HPOS="633"/>
							<String ID="string_195" HPOS="647" VPOS="926" WIDTH="66" HEIGHT="26" WC="0.96" CONTENT="grund"/><SP WIDTH="16" VPOS="926" HPOS="713"/>
							<String ID="string_196" HPOS="729" VPOS="926" WIDTH="33" HEIGHT="21" WC="0.93" CONTENT="för"/><SP WIDTH="14" VPOS="926" HPOS="762"/>
							<String ID="string_197" HPOS="776" VPOS="926" WIDTH="181" HEIGHT="26" WC="0.91" CONTENT="jordlägenheters"/><SP WIDTH="16" VPOS="926" HPOS="957"/>
							<String ID="string_198" HPOS="973" VPOS="926" WIDTH="45" HEIGHT="22" WC="0.92" CONTENT="del-"/>
						</TextLine>
						<TextLine ID="line_24" HPOS="203" VPOS="954" WIDTH="814" HEIGHT="27">
							<String ID="string_199" HPOS="203" VPOS="954" WIDTH="91" HEIGHT="27" WC="0.92" CONTENT="tagande"/><SP WIDTH="15" VPOS="954" HPOS="294"/>
							<String ID="string_200" HPOS="309" VPOS="954" WIDTH="7" HEIGHT="21" WC="0.93" CONTENT="i"/><SP WIDTH="15" VPOS="954" HPOS="316"/>
							<String ID="string_201" HPOS="331" VPOS="954" WIDTH="75" HEIGHT="26" WC="0.92" CONTENT="kyrko-"/><SP WIDTH="17" VPOS="954" HPOS="406"/>
							<String ID="string_202" HPOS="423" VPOS="954" WIDTH="38" HEIGHT="21" WC="0.93" CONTENT="och"/><SP WIDTH="15" VPOS="954" HPOS="461"/>
							<String ID="string_203" HPOS="476" VPOS="954" WIDTH="236" HEIGHT="27" WC="0.90" CONTENT="prestgärds-byggnad,"/><SP WIDTH="11" VPOS="954" HPOS="712"/>
							<String ID="string_204" HPOS="723" VPOS="955" WIDTH="7" HEIGHT="21" WC="0.96" CONTENT="i"/><SP WIDTH="8" VPOS="955" HPOS="730"/>
							<String ID="string_205" HPOS="738" VPOS="954" WIDTH="92" HEIGHT="27" WC="0.96" CONTENT="enlighet"/><SP WIDTH="8" VPOS="954" HPOS="830"/>
							<String ID="string_206" HPOS="838" VPOS="956" WIDTH="47" HEIGHT="21" WC="0.96" CONTENT="med"/><SP WIDTH="13" VPOS="956" HPOS="885"/>
							<String ID="string_207" HPOS="898" VPOS="955" WIDTH="36" HEIGHT="21" WC="0.93" CONTENT="det"/><SP WIDTH="11" VPOS="955" HPOS="934"/>
							<String ID="string_208" HPOS="945" VPOS="954" WIDTH="72" HEIGHT="22" WC="0.92" CONTENT="betän-"/>
						</TextLine>
						<TextLine ID="line_25" HPOS="203" VPOS="982" WIDTH="816" HEIGHT="28">
							<String ID="string_209" HPOS="203" VPOS="983" WIDTH="69" HEIGHT="21" WC="0.88" CONTENT="kande"/><SP WIDTH="27" VPOS="983" HPOS="272"/>
							<String ID="string_210" HPOS="299" VPOS="983" WIDTH="105" HEIGHT="21" WC="0.93" CONTENT="utskottet"/><SP WIDTH="26" VPOS="983" HPOS="404"/>
							<String ID="string_211" HPOS="430" VPOS="983" WIDTH="96" HEIGHT="21" WC="0.87" CONTENT="deröfver"/><SP WIDTH="23" VPOS="983" HPOS="526"/>
							<String ID="string_212" HPOS="549" VPOS="983" WIDTH="86" HEIGHT="27" WC="0.89" CONTENT="afgifvit,"/><SP WIDTH="23" VPOS="983" HPOS="635"/>
							<String ID="string_213" HPOS="658" VPOS="984" WIDTH="53" HEIGHT="20" WC="0.93" CONTENT="hade"/><SP WIDTH="23" VPOS="984" HPOS="711"/>
							<String ID="string_214" HPOS="734" VPOS="984" WIDTH="104" HEIGHT="21" WC="0.95" CONTENT="utskottet"/><SP WIDTH="19" VPOS="984" HPOS="838"/>
							<String ID="string_215" HPOS="857" VPOS="982" WIDTH="69" HEIGHT="23" WC="0.95" CONTENT="funnit"/><SP WIDTH="15" VPOS="982" HPOS="926"/>
							<String ID="string_216" HPOS="941" VPOS="984" WIDTH="40" HEIGHT="21" WC="0.96" CONTENT="den"/><SP WIDTH="15" VPOS="984" HPOS="981"/>
							<String ID="string_217" HPOS="996" VPOS="983" WIDTH="23" HEIGHT="22" WC="0.96" CONTENT="af"/>
						</TextLine>
						<TextLine ID="line_26" HPOS="203" VPOS="1011" WIDTH="814" HEIGHT="27">
							<String ID="string_218" HPOS="203" VPOS="1012" WIDTH="179" HEIGHT="25" WC="0.89" CONTENT="Borgareständet"/><SP WIDTH="15" VPOS="1012" HPOS="382"/>
							<String ID="string_219" HPOS="397" VPOS="1011" WIDTH="32" HEIGHT="21" WC="0.93" CONTENT="för"/><SP WIDTH="16" VPOS="1011" HPOS="429"/>
							<String ID="string_220" HPOS="445" VPOS="1012" WIDTH="99" HEIGHT="26" WC="0.90" CONTENT="uppgifna"/><SP WIDTH="15" VPOS="1012" HPOS="544"/>
							<String ID="string_221" HPOS="559" VPOS="1012" WIDTH="76" HEIGHT="20" WC="0.93" CONTENT="brister"/><SP WIDTH="16" VPOS="1012" HPOS="635"/>
							<String ID="string_222" HPOS="651" VPOS="1012" WIDTH="6" HEIGHT="20" WC="0.93" CONTENT="i"/><SP WIDTH="13" VPOS="1012" HPOS="657"/>
							<String ID="string_223" HPOS="670" VPOS="1011" WIDTH="142" HEIGHT="27" WC="0.92" CONTENT="beredningen"/><SP WIDTH="9" VPOS="1011" HPOS="812"/>
							<String ID="string_224" HPOS="821" VPOS="1012" WIDTH="129" HEIGHT="22" WC="0.91" CONTENT="verkställda"/><SP WIDTH="12" VPOS="1012" HPOS="950"/>
							<String ID="string_225" HPOS="962" VPOS="1012" WIDTH="55" HEIGHT="22" WC="0.92" CONTENT="äter-"/>
						</TextLine>
						<TextLine ID="line_27" HPOS="203" VPOS="1040" WIDTH="815" HEIGHT="28">
							<String ID="string_226" HPOS="203" VPOS="1040" WIDTH="74" HEIGHT="22" WC="0.90" CONTENT="remiss"/><SP WIDTH="23" VPOS="1040" HPOS="277"/>
							<String ID="string_227" HPOS="300" VPOS="1040" WIDTH="23" HEIGHT="21" WC="0.93" CONTENT="af"/><SP WIDTH="14" VPOS="1040" HPOS="323"/>
							<String ID="string_228" HPOS="337" VPOS="1041" WIDTH="87" HEIGHT="20" WC="0.92" CONTENT="ärendet"/><SP WIDTH="15" VPOS="1041" HPOS="424"/>
							<String ID="string_229" HPOS="439" VPOS="1040" WIDTH="19" HEIGHT="26" WC="0.92" CONTENT="ej"/><SP WIDTH="14" VPOS="1040" HPOS="458"/>
							<String ID="string_230" HPOS="472" VPOS="1041" WIDTH="111" HEIGHT="20" WC="0.92" CONTENT="föranleda"/><SP WIDTH="15" VPOS="1041" HPOS="583"/>
							<String ID="string_231" HPOS="598" VPOS="1040" WIDTH="32" HEIGHT="21" WC="0.93" CONTENT="till"/><SP WIDTH="15" VPOS="1040" HPOS="630"/>
							<String ID="string_232" HPOS="645" VPOS="1041" WIDTH="69" HEIGHT="25" WC="0.92" CONTENT="nägon"/><SP WIDTH="16" VPOS="1041" HPOS="714"/>
							<String ID="string_233" HPOS="730" VPOS="1041" WIDTH="116" HEIGHT="21" WC="0.92" CONTENT="utskottets"/><SP WIDTH="15" VPOS="1041" HPOS="846"/>
							<String ID="string_234" HPOS="861" VPOS="1041" WIDTH="81" HEIGHT="27" WC="0.92" CONTENT="ätgärd,"/><SP WIDTH="15" VPOS="1041" HPOS="942"/>
							<String ID="string_235" HPOS="957" VPOS="1041" WIDTH="61" HEIGHT="21" WC="0.93" CONTENT="hvar-"/>
						</TextLine>
						<TextLine ID="line_28" HPOS="205" VPOS="1069" WIDTH="812" HEIGHT="26">
							<String ID="string_236" HPOS="205" VPOS="1069" WIDTH="46" HEIGHT="21" WC="0.96" CONTENT="före"/><SP WIDTH="16" VPOS="1069" HPOS="251"/>
							<String ID="string_237" HPOS="267" VPOS="1069" WIDTH="24" HEIGHT="20" WC="0.96" CONTENT="de"/><SP WIDTH="16" VPOS="1069" HPOS="291"/>
							<String ID="string_238" HPOS="307" VPOS="1070" WIDTH="22" HEIGHT="20" WC="0.93" CONTENT="af"/><SP WIDTH="13" VPOS="1070" HPOS="329"/>
							<String ID="string_239" HPOS="342" VPOS="1069" WIDTH="180" HEIGHT="26" WC="0.92" CONTENT="Borgareständet"/><SP WIDTH="15" VPOS="1069" HPOS="522"/>
							<String ID="string_240" HPOS="537" VPOS="1070" WIDTH="33" HEIGHT="20" WC="0.93" CONTENT="till"/><SP WIDTH="10" VPOS="1070" HPOS="570"/>
							<String ID="string_241" HPOS="580" VPOS="1069" WIDTH="105" HEIGHT="21" WC="0.92" CONTENT="utskottet"/><SP WIDTH="14" VPOS="1069" HPOS="685"/>
							<String ID="string_242" HPOS="699" VPOS="1069" WIDTH="130" HEIGHT="25" WC="0.91" CONTENT="öfversända,"/><SP WIDTH="11" VPOS="1069" HPOS="829"/>
							<String ID="string_243" HPOS="840" VPOS="1070" WIDTH="90" HEIGHT="21" WC="0.92" CONTENT="nämnde"/><SP WIDTH="10" VPOS="1070" HPOS="930"/>
							<String ID="string_244" HPOS="940" VPOS="1071" WIDTH="77" HEIGHT="20" WC="0.93" CONTENT="ärende"/>
						</TextLine>
						<TextLine ID="line_29" HPOS="204" VPOS="1097" WIDTH="588" HEIGHT="27">
							<String ID="string_245" HPOS="204" VPOS="1097" WIDTH="90" HEIGHT="21" WC="0.92" CONTENT="rörande"/><SP WIDTH="15" VPOS="1097" HPOS="294"/>
							<String ID="string_246" HPOS="309" VPOS="1097" WIDTH="126" HEIGHT="27" WC="0.90" CONTENT="handlingar"/><SP WIDTH="12" VPOS="1097" HPOS="435"/>
							<String ID="string_247" HPOS="447" VPOS="1097" WIDTH="66" HEIGHT="26" WC="0.92" CONTENT="jemte"/><SP WIDTH="16" VPOS="1097" HPOS="513"/>
							<String ID="string_248" HPOS="529" VPOS="1097" WIDTH="122" HEIGHT="21" WC="0.93" CONTENT="skrifvelsen"/><SP WIDTH="16" VPOS="1097" HPOS="651"/>
							<String ID="string_249" HPOS="667" VPOS="1097" WIDTH="125" HEIGHT="22" WC="0.91" CONTENT="ätersändts."/>
						</TextLine>
					</TextBlock>
				</ComposedBlock>
				<ComposedBlock ID="cblock_5" HPOS="204" VPOS="1154" WIDTH="814" HEIGHT="62">
					<TextBlock ID="block_4" HPOS="204" VPOS="1154" WIDTH="814" HEIGHT="62">
						<TextLine ID="line_30" HPOS="271" VPOS="1154" WIDTH="747" HEIGHT="32">
							<String ID="string_250" HPOS="271" VPOS="1154" WIDTH="96" HEIGHT="26" WC="0.91" CONTENT="Ärendet"/><SP WIDTH="22" VPOS="1154" HPOS="367"/>
							<String ID="string_251" HPOS="389" VPOS="1159" WIDTH="43" HEIGHT="21" WC="0.90" CONTENT="blef"/><SP WIDTH="21" VPOS="1159" HPOS="432"/>
							<String ID="string_252" HPOS="453" VPOS="1159" WIDTH="53" HEIGHT="21" WC="0.93" CONTENT="efter"/><SP WIDTH="22" VPOS="1159" HPOS="506"/>
							<String ID="string_253" HPOS="528" VPOS="1160" WIDTH="71" HEIGHT="21" WC="0.92" CONTENT="derom"/><SP WIDTH="21" VPOS="1160" HPOS="599"/>
							<String ID="string_254" HPOS="620" VPOS="1160" WIDTH="94" HEIGHT="26" WC="0.92" CONTENT="vidtaget"/><SP WIDTH="15" VPOS="1160" HPOS="714"/>
							<String ID="string_255" HPOS="729" VPOS="1160" WIDTH="69" HEIGHT="22" WC="0.96" CONTENT="beslut"/><SP WIDTH="15" VPOS="1160" HPOS="798"/>
							<String ID="string_256" HPOS="813" VPOS="1161" WIDTH="31" HEIGHT="21" WC="0.93" CONTENT="till"/><SP WIDTH="16" VPOS="1161" HPOS="844"/>
							<String ID="string_257" HPOS="860" VPOS="1161" WIDTH="95" HEIGHT="22" WC="0.92" CONTENT="ständets"/><SP WIDTH="14" VPOS="1161" HPOS="955"/>
							<String ID="string_258" HPOS="969" VPOS="1161" WIDTH="49" HEIGHT="22" WC="0.91" CONTENT="här-"/>
						</TextLine>
						<TextLine ID="line_31" HPOS="204" VPOS="1188" WIDTH="514" HEIGHT="28">
							<String ID="string_259" HPOS="204" VPOS="1189" WIDTH="48" HEIGHT="20" WC="0.92" CONTENT="näst"/><SP WIDTH="15" VPOS="1189" HPOS="252"/>
							<String ID="string_260" HPOS="267" VPOS="1188" WIDTH="91" HEIGHT="21" WC="0.91" CONTENT="skeende"/><SP WIDTH="15" VPOS="1188" HPOS="358"/>
							<String ID="string_261" HPOS="373" VPOS="1188" WIDTH="212" HEIGHT="26" WC="0.92" CONTENT="plenisammanträde"/><SP WIDTH="16" VPOS="1188" HPOS="585"/>
							<String ID="string_262" HPOS="601" VPOS="1188" WIDTH="117" HEIGHT="28" WC="0.92" CONTENT="bordlagdt."/>
						</TextLine>
					</TextBlock>
				</ComposedBlock>
				<ComposedBlock ID="cblock_6" HPOS="204" VPOS="1250" WIDTH="814" HEIGHT="168">
					<TextBlock ID="block_5" HPOS="204" VPOS="1250" WIDTH="814" HEIGHT="168">
						<TextLine ID="line_32" HPOS="272" VPOS="1250" WIDTH="746" HEIGHT="30">
							<String ID="string_263" HPOS="272" VPOS="1250" WIDTH="41" HEIGHT="22" WC="0.93" CONTENT="Till"/><SP WIDTH="22" VPOS="1250" HPOS="313"/>
							<String ID="string_264" HPOS="335" VPOS="1250" WIDTH="83" HEIGHT="22" WC="0.96" CONTENT="ståndet"/><SP WIDTH="23" VPOS="1250" HPOS="418"/>
							<String ID="string_265" HPOS="441" VPOS="1250" WIDTH="54" HEIGHT="22" WC="0.93" CONTENT="hade"/><SP WIDTH="15" VPOS="1250" HPOS="495"/>
							<String ID="string_266" HPOS="510" VPOS="1250" WIDTH="116" HEIGHT="22" WC="0.80" CONTENT="ankommit"/><SP WIDTH="15" VPOS="1250" HPOS="626"/>
							<String ID="string_267" HPOS="641" VPOS="1252" WIDTH="39" HEIGHT="20" WC="0.93" CONTENT="och"/><SP WIDTH="15" VPOS="1252" HPOS="680"/>
							<String ID="string_268" HPOS="695" VPOS="1252" WIDTH="109" HEIGHT="21" WC="0.96" CONTENT="utdelades"/><SP WIDTH="15" VPOS="1252" HPOS="804"/>
							<String ID="string_269" HPOS="819" VPOS="1259" WIDTH="28" HEIGHT="14" WC="0.93" CONTENT="nu"/><SP WIDTH="17" VPOS="1259" HPOS="847"/>
							<String ID="string_270" HPOS="864" VPOS="1253" WIDTH="41" HEIGHT="27" WC="0.92" CONTENT="1:0)"/><SP WIDTH="15" VPOS="1253" HPOS="905"/>
							<String ID="string_271" HPOS="920" VPOS="1253" WIDTH="98" HEIGHT="21" WC="0.92" CONTENT="statsför-"/>
						</TextLine>
						<TextLine ID="line_33" HPOS="205" VPOS="1279" WIDTH="813" HEIGHT="30">
							<String ID="string_272" HPOS="205" VPOS="1279" WIDTH="46" HEIGHT="26" WC="0.96" CONTENT="slag"/><SP WIDTH="20" VPOS="1279" HPOS="251"/>
							<String ID="string_273" HPOS="271" VPOS="1279" WIDTH="58" HEIGHT="21" WC="0.93" CONTENT="öfver"/><SP WIDTH="16" VPOS="1279" HPOS="329"/>
							<String ID="string_274" HPOS="345" VPOS="1279" WIDTH="203" HEIGHT="22" WC="0.91" CONTENT="Storfurstendömet"/><SP WIDTH="15" VPOS="1279" HPOS="548"/>
							<String ID="string_275" HPOS="563" VPOS="1281" WIDTH="100" HEIGHT="20" WC="0.97" CONTENT="Finlands"/><SP WIDTH="15" VPOS="1281" HPOS="663"/>
							<String ID="string_276" HPOS="678" VPOS="1281" WIDTH="107" HEIGHT="20" WC="0.93" CONTENT="allmänna"/><SP WIDTH="15" VPOS="1281" HPOS="785"/>
							<String ID="string_277" HPOS="800" VPOS="1283" WIDTH="62" HEIGHT="19" WC="0.92" CONTENT="stats-"/><SP WIDTH="16" VPOS="1283" HPOS="862"/>
							<String ID="string_278" HPOS="878" VPOS="1284" WIDTH="54" HEIGHT="19" WC="0.93" CONTENT="samt"/><SP WIDTH="15" VPOS="1284" HPOS="932"/>
							<String ID="string_279" HPOS="947" VPOS="1283" WIDTH="71" HEIGHT="26" WC="0.92" CONTENT="fattig-"/>
						</TextLine>
						<TextLine ID="line_34" HPOS="205" VPOS="1307" WIDTH="812" HEIGHT="30">
							<String ID="string_280" HPOS="205" VPOS="1308" WIDTH="39" HEIGHT="20" WC="0.92" CONTENT="och"/><SP WIDTH="15" VPOS="1308" HPOS="244"/>
							<String ID="string_281" HPOS="259" VPOS="1308" WIDTH="187" HEIGHT="21" WC="0.92" CONTENT="arbetshusfonder"/><SP WIDTH="14" VPOS="1308" HPOS="446"/>
							<String ID="string_282" HPOS="460" VPOS="1307" WIDTH="33" HEIGHT="21" WC="0.97" CONTENT="för"/><SP WIDTH="15" VPOS="1307" HPOS="493"/>
							<String ID="string_283" HPOS="508" VPOS="1308" WIDTH="24" HEIGHT="21" WC="0.93" CONTENT="är"/><SP WIDTH="17" VPOS="1308" HPOS="532"/>
							<String ID="string_284" HPOS="549" VPOS="1310" WIDTH="62" HEIGHT="25" WC="0.73" CONTENT="1&gt;67,"/><SP WIDTH="13" VPOS="1310" HPOS="611"/>
							<String ID="string_285" HPOS="624" VPOS="1309" WIDTH="42" HEIGHT="23" WC="0.92" CONTENT="2:0)"/><SP WIDTH="16" VPOS="1309" HPOS="666"/>
							<String ID="string_286" HPOS="682" VPOS="1309" WIDTH="111" HEIGHT="21" WC="0.94" CONTENT="enahanda"/><SP WIDTH="14" VPOS="1309" HPOS="793"/>
							<String ID="string_287" HPOS="807" VPOS="1309" WIDTH="79" HEIGHT="28" WC="0.96" CONTENT="förslag"/><SP WIDTH="10" VPOS="1309" HPOS="886"/>
							<String ID="string_288" HPOS="896" VPOS="1311" WIDTH="59" HEIGHT="20" WC="0.93" CONTENT="öfver"/><SP WIDTH="10" VPOS="1311" HPOS="955"/>
							<String ID="string_289" HPOS="965" VPOS="1311" WIDTH="52" HEIGHT="20" WC="0.93" CONTENT="mili-"/>
						</TextLine>
						<TextLine ID="line_35" HPOS="204" VPOS="1336" WIDTH="814" HEIGHT="28">
							<String ID="string_290" HPOS="204" VPOS="1337" WIDTH="107" HEIGHT="20" WC="0.92" CONTENT="tiefonden"/><SP WIDTH="22" VPOS="1337" HPOS="311"/>
							<String ID="string_291" HPOS="333" VPOS="1336" WIDTH="35" HEIGHT="21" WC="0.96" CONTENT="för"/><SP WIDTH="17" VPOS="1336" HPOS="368"/>
							<String ID="string_292" HPOS="385" VPOS="1342" WIDTH="80" HEIGHT="17" WC="0.95" CONTENT="samma"/><SP WIDTH="15" VPOS="1342" HPOS="465"/>
							<String ID="string_293" HPOS="480" VPOS="1336" WIDTH="24" HEIGHT="21" WC="0.95" CONTENT="är"/><SP WIDTH="15" VPOS="1336" HPOS="504"/>
							<String ID="string_294" HPOS="519" VPOS="1337" WIDTH="39" HEIGHT="20" WC="0.93" CONTENT="och"/><SP WIDTH="16" VPOS="1337" HPOS="558"/>
							<String ID="string_295" HPOS="574" VPOS="1337" WIDTH="43" HEIGHT="26" WC="0.87" CONTENT="3:0)"/><SP WIDTH="16" VPOS="1337" HPOS="617"/>
							<String ID="string_296" HPOS="633" VPOS="1337" WIDTH="70" HEIGHT="26" WC="0.96" CONTENT="kalkyl"/><SP WIDTH="15" VPOS="1337" HPOS="703"/>
							<String ID="string_297" HPOS="718" VPOS="1338" WIDTH="58" HEIGHT="21" WC="0.93" CONTENT="öfver"/><SP WIDTH="15" VPOS="1338" HPOS="776"/>
							<String ID="string_298" HPOS="791" VPOS="1338" WIDTH="139" HEIGHT="26" WC="0.64" CONTENT="tillsängarne"/><SP WIDTH="15" VPOS="1338" HPOS="930"/>
							<String ID="string_299" HPOS="945" VPOS="1339" WIDTH="22" HEIGHT="21" WC="0.93" CONTENT="af"/><SP WIDTH="14" VPOS="1339" HPOS="967"/>
							<String ID="string_300" HPOS="981" VPOS="1340" WIDTH="37" HEIGHT="20" WC="0.92" CONTENT="all-"/>
						</TextLine>
						<TextLine ID="line_36" HPOS="204" VPOS="1364" WIDTH="814" HEIGHT="24">
							<String ID="string_301" HPOS="204" VPOS="1366" WIDTH="77" HEIGHT="18" WC="0.84" CONTENT="männa"/><SP WIDTH="22" VPOS="1366" HPOS="281"/>
							<String ID="string_302" HPOS="303" VPOS="1364" WIDTH="143" HEIGHT="20" WC="0.84" CONTENT="statsfondens"/><SP WIDTH="21" VPOS="1364" HPOS="446"/>
							<String ID="string_303" HPOS="467" VPOS="1365" WIDTH="106" HEIGHT="20" WC="0.96" CONTENT="ordinarie"/><SP WIDTH="21" VPOS="1365" HPOS="573"/>
							<String ID="string_304" HPOS="594" VPOS="1365" WIDTH="115" HEIGHT="20" WC="0.93" CONTENT="inkomster"/><SP WIDTH="14" VPOS="1365" HPOS="709"/>
							<String ID="string_305" HPOS="723" VPOS="1365" WIDTH="33" HEIGHT="20" WC="0.93" CONTENT="för"/><SP WIDTH="15" VPOS="1365" HPOS="756"/>
							<String ID="string_306" HPOS="771" VPOS="1365" WIDTH="135" HEIGHT="22" WC="0.96" CONTENT="bestridande"/><SP WIDTH="16" VPOS="1365" HPOS="906"/>
							<String ID="string_307" HPOS="922" VPOS="1367" WIDTH="24" HEIGHT="20" WC="0.96" CONTENT="af"/><SP WIDTH="12" VPOS="1367" HPOS="946"/>
							<String ID="string_308" HPOS="958" VPOS="1369" WIDTH="60" HEIGHT="19" WC="0.96" CONTENT="extra"/>
						</TextLine>
						<TextLine ID="line_37" HPOS="204" VPOS="1392" WIDTH="538" HEIGHT="26">
							<String ID="string_309" HPOS="204" VPOS="1392" WIDTH="87" HEIGHT="25" WC="0.93" CONTENT="utgifter"/><SP WIDTH="14" VPOS="1392" HPOS="291"/>
							<String ID="string_310" HPOS="305" VPOS="1394" WIDTH="59" HEIGHT="18" WC="0.92" CONTENT="utom"/><SP WIDTH="16" VPOS="1394" HPOS="364"/>
							<String ID="string_311" HPOS="380" VPOS="1394" WIDTH="42" HEIGHT="18" WC="0.96" CONTENT="stat"/><SP WIDTH="14" VPOS="1394" HPOS="422"/>
							<String ID="string_312" HPOS="436" VPOS="1392" WIDTH="68" HEIGHT="20" WC="0.93" CONTENT="under"/><SP WIDTH="15" VPOS="1392" HPOS="504"/>
							<String ID="string_313" HPOS="519" VPOS="1392" WIDTH="72" HEIGHT="26" WC="0.92" CONTENT="loppet"/><SP WIDTH="15" VPOS="1392" HPOS="591"/>
							<String ID="string_314" HPOS="606" VPOS="1393" WIDTH="22" HEIGHT="20" WC="0.96" CONTENT="af"/><SP WIDTH="14" VPOS="1393" HPOS="628"/>
							<String ID="string_315" HPOS="642" VPOS="1392" WIDTH="24" HEIGHT="21" WC="0.96" CONTENT="är"/><SP WIDTH="16" VPOS="1392" HPOS="666"/>
							<String ID="string_316" HPOS="682" VPOS="1393" WIDTH="60" HEIGHT="21" WC="0.96" CONTENT="1867."/>
						</TextLine>
					</TextBlock>
				</ComposedBlock>
				<ComposedBlock ID="cblock_7" HPOS="273" VPOS="1448" WIDTH="743" HEIGHT="30">
					<TextBlock ID="block_6" HPOS="273" VPOS="1448" WIDTH="743" HEIGHT="30">
						<TextLine ID="line_38" HPOS="273" VPOS="1448" WIDTH="743" HEIGHT="30">
							<String ID="string_317" HPOS="273" VPOS="1449" WIDTH="56" HEIGHT="21" WC="0.93" CONTENT="Herr"/><SP WIDTH="15" VPOS="1449" HPOS="329"/>
							<String ID="string_318" HPOS="344" VPOS="1448" WIDTH="164" HEIGHT="28" WC="0.91" CONTENT="Lindegvist"/><SP WIDTH="18" VPOS="1448" HPOS="508"/>
							<String ID="string_319" HPOS="526" VPOS="1449" WIDTH="93" HEIGHT="26" WC="0.96" CONTENT="uppkom"/><SP WIDTH="14" VPOS="1449" HPOS="619"/>
							<String ID="string_320" HPOS="633" VPOS="1456" WIDTH="29" HEIGHT="15" WC="0.96" CONTENT="nu"/><SP WIDTH="15" VPOS="1456" HPOS="662"/>
							<String ID="string_321" HPOS="677" VPOS="1450" WIDTH="39" HEIGHT="21" WC="0.92" CONTENT="och"/><SP WIDTH="14" VPOS="1450" HPOS="716"/>
							<String ID="string_322" HPOS="730" VPOS="1450" WIDTH="60" HEIGHT="28" WC="0.96" CONTENT="intog"/><SP WIDTH="14" VPOS="1450" HPOS="790"/>
							<String ID="string_323" HPOS="804" VPOS="1451" WIDTH="38" HEIGHT="22" WC="0.93" CONTENT="sitt"/><SP WIDTH="15" VPOS="1451" HPOS="842"/>
							<String ID="string_324" HPOS="857" VPOS="1454" WIDTH="45" HEIGHT="20" WC="0.96" CONTENT="säte"/><SP WIDTH="10" VPOS="1454" HPOS="902"/>
							<String ID="string_325" HPOS="912" VPOS="1452" WIDTH="7" HEIGHT="21" WC="0.95" CONTENT="i"/><SP WIDTH="8" VPOS="1452" HPOS="919"/>
							<String ID="string_326" HPOS="927" VPOS="1452" WIDTH="89" HEIGHT="23" WC="0.95" CONTENT="ståndet."/>
						</TextLine>
					</TextBlock>
				</ComposedBlock>
				<ComposedBlock ID="cblock_8" HPOS="206" VPOS="1506" WIDTH="811" HEIGHT="60">
					<TextBlock ID="block_7" HPOS="206" VPOS="1506" WIDTH="811" HEIGHT="60">
						<TextLine ID="line_39" HPOS="272" VPOS="1506" WIDTH="745" HEIGHT="28">
							<String ID="string_327" HPOS="272" VPOS="1506" WIDTH="119" HEIGHT="27" WC="0.92" CONTENT="Föredrogs"/><SP WIDTH="15" VPOS="1506" HPOS="391"/>
							<String ID="string_328" HPOS="406" VPOS="1506" WIDTH="95" HEIGHT="21" WC="0.93" CONTENT="ständets"/><SP WIDTH="15" VPOS="1506" HPOS="501"/>
							<String ID="string_329" HPOS="516" VPOS="1507" WIDTH="96" HEIGHT="21" WC="0.93" CONTENT="enskilda"/><SP WIDTH="15" VPOS="1507" HPOS="612"/>
							<String ID="string_330" HPOS="627" VPOS="1507" WIDTH="185" HEIGHT="27" WC="0.91" CONTENT="besvärsutskotts,"/><SP WIDTH="16" VPOS="1507" HPOS="812"/>
							<String ID="string_331" HPOS="828" VPOS="1509" WIDTH="39" HEIGHT="22" WC="0.96" CONTENT="den"/><SP WIDTH="18" VPOS="1509" HPOS="867"/>
							<String ID="string_332" HPOS="885" VPOS="1511" WIDTH="24" HEIGHT="20" WC="0.96" CONTENT="15"/><SP WIDTH="16" VPOS="1511" HPOS="909"/>
							<String ID="string_333" HPOS="925" VPOS="1510" WIDTH="7" HEIGHT="21" WC="0.96" CONTENT="i"/><SP WIDTH="18" VPOS="1510" HPOS="932"/>
							<String ID="string_334" HPOS="950" VPOS="1511" WIDTH="67" HEIGHT="22" WC="0.96" CONTENT="denne"/>
						</TextLine>
						<TextLine ID="line_40" HPOS="206" VPOS="1534" WIDTH="811" HEIGHT="32">
							<String ID="string_335" HPOS="206" VPOS="1534" WIDTH="76" HEIGHT="22" WC="0.92" CONTENT="mänad"/><SP WIDTH="17" VPOS="1534" HPOS="282"/>
							<String ID="string_336" HPOS="299" VPOS="1535" WIDTH="115" HEIGHT="27" WC="0.92" CONTENT="bordlagda"/><SP WIDTH="10" VPOS="1535" HPOS="414"/>
							<String ID="string_337" HPOS="424" VPOS="1535" WIDTH="134" HEIGHT="22" WC="0.93" CONTENT="betänkande"/><SP WIDTH="9" VPOS="1535" HPOS="558"/>
							<String ID="string_338" HPOS="567" VPOS="1535" WIDTH="40" HEIGHT="22" WC="0.96" CONTENT="N:o"/><SP WIDTH="13" VPOS="1535" HPOS="607"/>
							<String ID="string_339" HPOS="620" VPOS="1537" WIDTH="13" HEIGHT="21" WC="0.91" CONTENT="2"/><SP WIDTH="10" VPOS="1537" HPOS="633"/>
							<String ID="string_340" HPOS="643" VPOS="1537" WIDTH="7" HEIGHT="20" WC="0.91" CONTENT="i"/><SP WIDTH="11" VPOS="1537" HPOS="650"/>
							<String ID="string_341" HPOS="661" VPOS="1537" WIDTH="112" HEIGHT="28" WC="0.91" CONTENT="anledning"/><SP WIDTH="10" VPOS="1537" HPOS="773"/>
							<String ID="string_342" HPOS="783" VPOS="1538" WIDTH="23" HEIGHT="21" WC="0.93" CONTENT="af"/><SP WIDTH="6" VPOS="1538" HPOS="806"/>
							<String ID="string_343" HPOS="812" VPOS="1539" WIDTH="117" HEIGHT="27" WC="0.90" CONTENT="föreslagen"/><SP WIDTH="11" VPOS="1539" HPOS="929"/>
							<String ID="string_344" HPOS="940" VPOS="1542" WIDTH="77" HEIGHT="21" WC="0.92" CONTENT="under-"/>
						</TextLine>
					</TextBlock>
				</ComposedBlock>
			</PrintSpace>
		</Page>
	</Layout>
</alto>
