1084 1817
234 142 41 21 288
410 147 181 21 Borgareståndet.
617 147 55 17 1867.
696 148 27 16 22
734 147 62 17 Mars.

206 237 79 16 samma
301 231 58 26 afsåg
374 230 97 21 anhållan
487 237 32 14 om
535 230 139 27 landtdagens
690 230 133 27 förlängning
837 231 26 26 på
879 230 41 21 viss
935 229 22 22 af
965 232 55 19 stän-

206 259 63 21 derne
293 259 116 26 föreslagen
434 259 38 21 tid.
501 258 40 22 Vid
567 259 52 21 sista
637 259 127 26 landtdagen
779 259 70 21 visade
864 258 31 27 sig
910 258 109 27 nemligen,

206 290 32 19 att
254 288 39 21 den
309 287 132 27 förlängning
455 287 114 22 ständerne
584 289 70 19 ansett
668 287 32 26 sig
715 287 51 21 böra
781 286 83 28 begära,
875 287 6 20 i
892 287 72 26 sjelfva
975 293 44 15 ver-

205 315 37 22 ket
257 322 36 15 var
307 316 32 21 för
354 316 49 21 kort
417 315 39 22 och
471 315 60 22 äfven
547 315 33 22 vid
596 315 68 22 denna
679 315 100 26 landtdag
794 316 23 20 är
832 315 36 22 det
883 315 94 27 omöjligt
989 317 32 20 att

220 345 12 20 å
248 344 88 21 förhand
351 343 94 22 beräkna
459 344 54 21 huru
529 344 48 27 lång
592 344 37 25 tid,
645 349 45 16 som
706 345 56 19 ännu
776 344 41 20 kan
832 343 100 22 behöfvas
947 344 32 21 för
989 345 32 20 att

214 373 219 26 andtdagsärenderne
457 372 60 21 skola
537 372 71 21 kunna
623 371 114 22 behandlas
753 372 38 21 och
807 372 82 27 afgöras
912 372 47 21 med
981 372 39 21 den

206 407 83 20 omsorg
316 401 39 21 och
382 401 129 26 noggranhet
537 401 60 21 deras
622 400 43 27 vigt
689 399 87 22 kräfver.
807 400 48 21 Man
877 400 42 21 kan
935 400 47 21 med
997 401 24 20 så

206 429 82 27 mycket
303 431 68 19 större
385 429 46 21 skäl
447 428 83 22 betvifla
544 428 127 27 riktigheten
686 428 22 21 af
722 435 25 14 en
762 429 66 21 sådan
843 428 122 27 beräkning,
975 434 45 15 som

206 457 35 22 det
266 457 47 22 med
338 457 90 28 anspråk
453 459 27 25 på
504 457 145 26 trovärdighet
672 457 105 26 förljudes,
792 459 32 19 att
839 457 112 21 ständerne
965 459 56 20 ännu

206 486 60 21 skola
281 485 62 22 hafva
358 488 32 19 att
405 488 80 19 emotse
499 486 103 21 särskilda
614 485 154 27 propositioner
778 485 45 22 från
834 485 121 22 Monarken.
972 485 49 22 Med

206 514 97 22 afseende
319 514 52 22 härå
386 514 38 21 och
441 515 26 20 då
482 514 67 21 under
564 515 26 21 de
604 515 52 20 sista
671 514 80 21 tiderne
766 514 50 21 flere
833 514 18 27 ej
867 514 54 21 blott
937 514 84 27 vigtiga,

207 544 21 25 ty
254 543 35 21 det
312 545 37 19 äro
373 543 26 21 de
414 542 47 23 alla,
478 548 50 15 utan
544 543 58 20 äfven
618 543 138 26 arbetsdryga
771 543 88 20 ärender
874 542 147 22 öfverlemnats

206 571 31 21 till
262 571 123 21 ständernes
407 571 134 26 behandling,
565 571 94 21 anhåller
678 571 36 26 jag
729 571 21 21 få
764 571 82 25 föreslå,
862 573 32 19 att
909 571 112 21 ständerne

206 599 67 22 skulle
289 599 113 22 inskränka
416 599 31 26 sig
463 599 30 21 till
510 602 33 19 att
557 600 7 21 i
580 607 25 14 en
622 599 130 26 underdånig
766 599 107 22 skrifvelse
894 599 54 21 inför
962 599 59 22 Hans

207 628 98 25 Majestät
320 628 101 26 Kejsaren
436 628 7 20 i
458 628 86 21 korthet
558 629 102 25 redogöra
676 628 32 21 för
722 628 32 21 sin
764 628 133 21 verksamhet
908 628 65 21 under
982 629 39 20 den

207 657 74 20 hittills
297 655 98 22 förflutha
409 656 60 21 delen
486 656 22 21 af
516 656 170 26 landtdagstiden
698 656 45 25 och,
754 657 47 20 med
815 657 95 20 anmälan
924 658 31 19 att
965 658 56 19 stän-

207 686 63 20 derne
291 684 121 28 ytterligare
435 684 40 21 fått
497 687 106 25 emottaga
618 684 103 22 särskilda
736 684 159 27 propositioner,
911 684 54 27 gifva
980 684 41 22 till-

206 714 76 26 känna,
305 714 36 20 det
365 713 26 21 de
416 713 46 21 med
488 713 77 21 visshet
586 713 85 26 förutse,
693 716 31 18 att
745 713 40 21 den
808 713 36 25 tid,
867 720 44 14 som
928 715 23 19 är
966 714 5 20 i
987 713 34 27 lag

207 742 95 21 bestämd
317 743 69 20 såsom
403 742 40 20 den
463 742 81 26 längsta
559 741 32 21 för
606 742 60 20 deras
682 748 149 18 sammanvaro,
847 741 74 22 blifver
935 742 86 21 alldeles

208 769 124 27 otillräcklig
347 769 32 21 för
394 770 25 21 de
435 770 34 20 vid
485 770 68 21 denna
568 770 100 26 landtdag
683 770 169 21 förekommande
863 770 98 22 ärenders
970 770 50 22 slut-

207 798 86 22 förande
309 799 38 20 och
362 798 67 21 tillika
445 798 77 27 antyda
533 804 25 15 en
570 798 139 27 förhoppning
722 799 37 20 hos
772 799 112 21 ständerne
894 802 32 18 att
932 799 89 21 nämnde

207 826 150 28 lagstadgande
381 827 18 26 ej
425 827 65 21 måtte
514 827 21 21 af
553 827 57 21 Hans
627 826 98 27 Majestät
739 829 74 24 utgöra
829 827 74 21 hinder
917 828 32 20 för
963 830 58 18 stän-

208 855 63 21 derne
286 858 32 18 att
333 854 31 22 till
379 857 32 18 ett
425 855 94 26 önskligt
533 854 43 22 slut
591 855 97 21 befordra
703 855 41 21 alla
760 856 25 20 de
800 855 76 27 frågor,
892 855 129 22 beträffande

208 883 69 21 hvilka
300 883 58 21 Hans
380 882 99 28 Majestät
501 884 44 20 dels
559 883 65 21 redan
640 884 98 26 påkallat,
756 884 42 20 dels
813 886 56 18 ännu
884 884 67 21 under
965 885 57 21 inne-

207 912 92 21 varande
314 911 99 26 landtdag
428 912 121 26 ytterligare
565 912 69 21 kunde
649 912 83 26 påkalla
748 912 60 21 deras
820 912 133 22 medverkan.
983 913 39 27 Jag

208 940 95 21 anhåller
327 942 56 19 ännu
398 940 20 21 få
433 940 93 26 tillägga,
542 942 32 19 att
589 946 25 15 en
630 940 98 22 apbållan
742 940 23 22 af
778 941 111 21 ständerne
904 948 34 14 om
954 941 67 21 landt-

208 969 77 25 dagens
300 968 131 26 förlängning
445 968 28 27 på
489 968 93 21 bestämd
598 969 37 25 tid,
651 968 67 22 tillika
733 968 87 22 innebär
835 976 24 14 en
875 970 55 26 slags
945 970 77 21 förbin-

208 996 57 21 delse
280 996 32 21 för
327 996 112 21 ständerne
455 998 31 20 att
501 997 66 21 under
582 997 68 21 denna
664 997 31 20 tid
711 998 46 20 med
768 997 38 21 den
815 998 152 26 noggrannhet,
977 1004 45 16 som

208 1025 127 21 ärendernas
351 1025 42 26 vigt
409 1024 100 27 påkallar,
525 1025 89 21 slutföra
629 1025 41 21 alla
686 1025 25 21 de
727 1026 46 20 dem
785 1025 105 27 förelagda
903 1026 70 27 frågor
983 1026 39 22 och

205 1053 37 27 jag
257 1053 71 26 vädjar
343 1053 31 21 till
390 1059 25 15 en
430 1053 52 21 hvar
497 1054 22 20 af
532 1054 94 20 ståndets
638 1054 134 20 medlemmar
784 1060 33 14 om
828 1054 112 22 ständerne
953 1056 70 20 kunna

208 1081 40 21 och
263 1082 51 20 böra
329 1082 62 25 åtaga
406 1082 31 25 sig
452 1088 24 14 en
493 1082 64 20 sådan
572 1081 126 21 förbindelse
713 1082 6 20 i
735 1082 97 21 afseende
847 1084 12 20 å
875 1082 39 22 den
927 1089 29 15 nu
967 1082 56 22 före-

208 1109 73 22 slagna
296 1109 57 21 tiden
368 1108 23 22 af
404 1115 35 15 sex
454 1110 81 20 veckor.

276 1165 55 21 Herr
346 1165 172 27 Lindegvist:
534 1165 36 27 jag
585 1165 62 22 utber
662 1167 41 25 mig
718 1166 20 21 få
753 1167 110 20 instämma
873 1167 6 20 i
891 1167 55 21 Herr
956 1162 67 27 Öhru-

208 1192 61 26 bergs
294 1194 103 26 yttrande,
417 1195 24 20 så
457 1194 81 26 mycket
554 1195 64 20 hellre
633 1200 45 15 som
695 1195 38 20 den
749 1195 30 20 tid
795 1195 21 20 af
829 1201 36 15 sex
880 1196 82 22 veckor,
978 1202 45 15 som

208 1220 159 23 Presteståndet
389 1224 69 19 ansett
477 1229 50 14 vara
550 1221 111 28 tillräcklig
679 1223 32 20 för
726 1223 127 21 slutförande
869 1223 22 22 af
904 1223 119 26 landtdags-

208 1250 127 26 göromålen,
353 1250 64 26 enligt
432 1251 42 20 min
490 1250 137 27 öfvertygelse
642 1254 23 17 är
680 1251 69 21 dertill
765 1251 130 26 otillräcklig.
924 1252 40 26 Jag
980 1256 44 17 tror

208 1277 42 26 mig
275 1277 70 22 kunna
371 1278 54 21 sluta
451 1278 68 21 dertill
538 1279 23 20 af
574 1280 26 20 de
615 1282 55 17 ännu
684 1280 132 21 återstående
831 1280 107 25 arbetena,
955 1281 69 20 hvilka

209 1307 37 20 äro
258 1306 17 25 ej
293 1306 53 21 blott
362 1306 22 21 af
398 1307 75 24 många
488 1307 56 20 olika
559 1307 51 27 slag,
627 1310 49 18 utan
692 1308 61 21 äfven
768 1308 22 21 af
804 1310 44 19 stor
864 1309 42 25 vigt
921 1309 39 20 och
975 1315 50 18 gan-

209 1335 38 20 ska
263 1334 142 27 arbetsdryga.
436 1335 87 21 Senaste
538 1336 111 25 landtdags
665 1336 131 21 verksamhet
811 1335 68 22 lemna
894 1338 31 20 ett
939 1337 86 21 oveder-

209 1362 87 26 läggligt
312 1362 57 21 bevis
384 1363 27 25 på
426 1362 53 21 huru
494 1364 49 19 svår
558 1369 24 14 en
599 1365 25 24 på
640 1363 88 21 förhand
743 1364 103 26 uppgjord
867 1365 157 26 tidsberäkning

209 1390 7 19 i
242 1389 57 21 detta
325 1389 97 22 afseende
447 1392 28 19 är.
507 1390 48 21 Man
576 1391 104 25 nödgades
696 1392 102 25 nemligen
814 1392 27 21 då
855 1394 76 19 tvenne
946 1393 79 27 gånger

209 1417 78 27 begära
311 1417 131 28 förlängning
466 1419 22 21 af
511 1419 127 25 landtdagen
666 1420 37 21 och
729 1420 34 21 vid
780 1421 45 21 dess
841 1420 41 22 slut
897 1421 82 27 hopade
993 1422 31 27 sig

209 1447 115 21 äretderne
340 1447 31 20 till
387 1447 39 21 den
442 1447 58 27 grad,
516 1450 32 19 att
563 1448 69 27 frågor
648 1447 22 22 af
683 1449 39 21 den
738 1449 52 21 allra
808 1451 76 20 största
901 1451 42 24 vigt
959 1452 64 21 måste

210 1475 47 22 med
273 1482 25 15 en
313 1475 86 28 ytterlig
420 1476 91 22 brädska
526 1477 38 21 och
580 1477 184 27 knapphändighet
780 1479 117 21 diskuteras
912 1479 38 22 och
967 1480 58 27 afgö-

210 1509 40 20 ras,
268 1504 132 28 hvarigenom
417 1505 60 22 deras
493 1505 81 27 lösning
589 1507 107 21 måhända
712 1507 59 21 äfven
786 1507 44 22 blef
843 1508 80 21 mindre
939 1508 86 23 tillfred-

209 1533 104 22 ställande
329 1535 26 20 än
371 1533 60 28 eljest
446 1534 67 22 skulle
527 1535 54 21 varit
596 1535 64 22 fallet.
