1084 1809
276 132 182 21 Borgareståndet.
484 133 55 17 1867.
563 133 13 17 3
588 133 63 22 April
803 129 42 21 389

49 217 106 22 utskottet
169 217 85 27 bekant,
270 218 27 21 då
311 218 160 27 propositionen
487 226 33 14 om
536 220 183 26 vattenledningar
734 220 40 21 och
789 221 83 19 vatten-

50 246 52 21 verk
116 246 144 22 behandlades
275 246 8 21 i
298 246 110 22 utskottet.
439 247 49 21 Men
505 248 38 26 jag
557 254 62 15 anser
634 248 11 27 $
662 248 25 21 12
702 248 8 20 i
725 248 100 27 förslaget
839 248 33 21 till

49 275 124 26 förordning
195 281 34 15 om
251 277 76 24 vägars
349 275 39 21 och
410 275 74 22 broars
506 277 111 26 byggande
639 277 40 20 och
700 277 111 20 underhåll
826 276 47 21 icke

49 303 65 21 verka
136 303 32 21 till
190 303 70 26 någon
284 304 106 26 rubbning
413 303 23 21 af
456 305 127 26 stadgandet
606 305 32 20 uti
659 305 139 21 förevarande
820 305 11 26 $
855 307 19 18 1.

49 331 136 22 Beträffande
206 331 100 27 slutligen
328 332 180 27 framställningen
528 334 33 19 att
581 333 62 21 ordet
667 333 123 27 ,bebygda*
806 333 68 20 borde

50 360 57 27 utgå,
123 360 23 21 så
161 359 67 22 måste
242 360 36 26 jag
294 361 102 20 anmärka
410 363 33 19 att
458 361 39 21 här
512 361 46 21 icke
573 363 24 19 är
611 361 60 26 fråga
686 367 34 15 om
735 363 54 19 tomt
799 361 7 20 i
817 361 54 22 stad,

50 390 52 19 utan
124 394 34 15 om
180 389 55 20 tomt
251 388 28 27 på
294 389 79 26 landet,
389 389 85 21 hvilken
490 395 74 16 senare
579 389 41 22 kan
637 390 52 21 efter
705 392 88 25 ägarens
809 389 65 22 behof

49 416 104 27 förflyttas
175 417 53 22 efter
246 417 74 27 behag.
350 417 40 27 Jag
412 424 62 15 anser
494 418 83 21 derföre
600 418 116 21 utskottets
739 417 135 22 betänkande

49 445 73 22 kunna
136 447 52 20 utan
202 445 72 22 vidare
290 446 115 27 omgångar
420 448 94 25 antagas.

117 503 56 22 Herr
195 503 96 26 Bergh:
314 503 35 22 det
370 505 25 19 är
416 503 87 22 alldeles
525 503 62 27 klart,
606 505 32 20 att
652 505 39 20 när
707 503 35 22 det
757 505 67 25 säges,
840 505 32 20 att

47 532 129 27 jordägaren
198 532 35 21 må
254 533 90 26 anlägga
364 532 64 27 diket,
452 533 38 20 der
513 533 36 21 det
569 533 74 21 lättast
657 532 41 22 kan
714 532 120 26 framledas,
849 533 25 20 så

49 561 56 21 afser
119 567 49 15 man
183 561 141 27 uttryckligen
340 560 176 28 öfverbyggarens
531 561 68 22 fördel.
632 561 46 21 Den
690 561 77 27 nådiga
778 561 94 27 proposi-

48 589 72 22 tionen
144 590 46 21 åter
212 589 55 22 afser
288 589 187 28 underbyggarens
494 589 75 27 fördel,
585 590 27 21 dä
627 590 36 21 det
678 590 59 21 heter
753 590 121 26 ,,atledning

50 617 57 22 öfver
130 624 80 15 annans
233 619 61 20 mark
316 618 39 21 bör
377 619 43 24 ske,
438 619 36 21 der
489 619 84 26 tjenligt
587 619 46 26 läge
649 619 32 20 för
696 620 93 20 vattnets
804 618 69 27 aflopp

51 646 134 22 förefinnes'*.
214 647 68 26 Eljest
296 647 42 21 kan
354 647 36 21 det
404 647 51 21 falla
466 647 164 27 öfverbyggaren
640 647 21 20 in
672 649 32 19 att
714 647 89 26 anlägga
815 647 58 20 diket

49 675 31 26 så,
104 677 32 19 att
159 675 35 21 det
217 675 75 22 blifver
312 675 110 27 olämpligt
436 675 33 21 för
484 676 180 27 underbyggaren.
693 675 111 22 Utskottet
819 675 55 21 afser

51 703 82 22 således
148 703 54 22 först
216 703 8 22 i
239 704 66 21 andra
320 707 91 18 rummet
426 704 185 27 underbyggarens
621 706 49 19 rätt.
698 703 45 22 Och
754 704 27 21 då
790 704 83 21 utskot-

49 734 37 23 tet,
102 734 51 20 utan
170 734 32 19 att
217 733 73 21 anföra
305 733 65 26 några
388 733 96 25 motiver,
500 733 56 27 gjort
572 733 40 21 den
626 732 147 27 ifrågakomna
788 732 86 21 ändrin-

49 767 40 21 gen
109 761 56 21 blott
186 761 34 21 för
242 761 105 22 vinnande
368 761 22 21 af
407 761 92 24 korthet,
516 761 39 22 och
571 761 68 21 denna
653 761 86 21 korthet
755 763 24 19 är
793 761 81 27 ganska

50 789 159 28 problematisk,
233 790 24 21 så
277 792 46 19 tror
341 790 43 27 jag,
407 791 33 20 att
462 790 105 21 utskottet
588 789 35 22 vid
645 789 138 22 redaktionen
798 789 46 27 af
835 785 12 36 $
860 790 12 19 1

50 818 74 28 begått
139 821 31 19 ett
184 819 93 26 misstag.
308 818 62 22 Hvad
385 819 46 21 åter
445 818 102 22 beträffar
560 818 75 27 frågan
650 825 34 15 om
699 818 49 22 dike
759 818 58 22 öfver
827 820 45 24 väg,

50 848 24 20 så
89 847 94 21 biträder
196 848 37 26 jag
247 848 56 20 Herr
338 848 66 26 Östring
419 848 7 20 i
441 846 53 22 hans
508 847 99 27 yttrande
621 848 78 22 derom,
711 847 89 21 emedan
811 847 62 25 ingen

50 878 24 19 är
94 876 120 26 berättigad
236 877 32 20 att
290 878 52 24 göra
361 876 84 26 intrång
467 876 27 26 på
517 876 78 21 allmän
617 878 46 24 väg.
693 875 42 21 Det
754 876 42 20 kan
812 875 61 21 ock
860 871 17 36 i

49 905 77 26 många
140 904 37 21 fall
192 911 51 14 vara
262 904 106 22 beroende
383 905 27 26 på
425 904 103 27 pröfning,
544 904 61 21 hvem
621 911 44 14 som
681 903 53 22 skall
749 903 125 22 underhålla

50 934 38 21 bro
112 933 58 21 öfver
193 935 31 20 ett
246 933 76 21 sådant
342 933 55 24 dike,
418 935 24 24 ty
464 934 36 20 det
521 933 42 21 kan
579 933 60 21 äfven
655 933 69 20 hända
739 935 32 18 att
785 932 89 21 marken

50 967 49 22 nyss
114 961 70 22 blifvit
204 961 33 22 till
256 963 41 24 väg
310 961 156 27 exproprierad,
481 963 51 19 utan
548 963 32 20 att
595 967 49 15 man
660 961 72 20 dervid
747 961 54 26 tagit
815 960 57 21 kost-

50 990 69 21 naden
141 989 33 22 för
194 996 26 15 en
242 989 137 28 brobyggnad
394 990 6 20 i
415 989 148 22 betraktande.
593 989 130 26 Afgörandet
744 989 75 21 härom
834 989 40 21 bör

49 1018 63 22 alltså
126 1017 139 23 öfverlemnas
280 1018 33 21 till
328 1019 40 20 den
384 1018 168 21 administrativa
567 1017 154 28 myndigheten.

120 1075 56 22 Herr
190 1075 157 27 Lindegist:
360 1075 37 27 jag
413 1081 61 16 anser
490 1075 54 22 både
560 1075 66 22 öfver-
639 1075 40 21 och
689 1075 185 26 underbyggarens

50 1105 44 20 rätt
107 1110 50 15 vara
172 1104 106 26 fulleligen
295 1104 97 23 bevarad,
408 1110 34 15 om
458 1104 67 21 första
536 1105 115 20 momentet
661 1103 7 21 i
679 1104 10 26 $
703 1105 11 19 1
727 1104 22 21 af
758 1104 115 21 utskottets

50 1132 134 22 betänkande
205 1132 122 22 bibehälles.
358 1133 68 26 Sagde
445 1135 93 18 moment
553 1133 60 27 lyder
627 1132 104 27 nemligen
747 1149 4 7 ,
754 1132 118 27 jordägare

50 1161 34 22 mä
100 1161 18 27 ej
133 1161 87 21 hindras
236 1173 27 3 —
278 1174 28 2 —
321 1173 28 3 —
364 1173 28 2 —
406 1161 34 22 för
454 1161 160 28 underbyggare
629 1161 81 20 medför
720 1161 75 20 minsta
807 1161 67 21 skada

51 1190 51 21 eller
125 1189 133 27 olägenhet".
288 1189 73 22 Skulle
384 1190 36 21 det
441 1189 91 24 inträffa,
553 1192 32 19 att
605 1195 25 15 en
653 1189 150 26 öfverbyggare
825 1189 49 21 ville

50 1218 68 21 afleda
140 1220 82 19 vattnet
242 1219 28 25 pä
292 1220 31 19 ett
340 1218 68 25 ställe,
424 1219 38 20 der
477 1219 35 20 det
527 1219 34 20 för
576 1218 77 21 honom
669 1220 24 19 är
708 1218 125 26 lämpligast,
850 1217 24 21 sä

51 1247 116 26 berättigar
183 1247 58 20 detta
256 1247 116 26 stadgande
387 1247 78 21 honom
480 1247 46 21 icke
542 1247 77 25 dertili,
634 1252 34 15 om
684 1246 132 26 afledningen
827 1246 47 21 icke

50 1275 56 25 sker,
133 1276 37 20 der
195 1275 78 21 minsta
298 1275 66 21 skada
388 1275 32 21 för
445 1275 175 27 underbyggaren
646 1275 126 20 förorsakas.
802 1275 72 26 Begge

51 1303 207 27 omständigheterna
288 1304 68 20 måste
380 1305 61 25 tagas
464 1303 7 20 i
493 1303 146 26 betraktande,
670 1303 39 21 och
734 1303 37 20 der
796 1303 77 26 begges

50 1332 104 21 intressen
168 1332 72 21 kunna
255 1332 91 23 förenas,
363 1332 37 21 der
415 1332 66 21 borde
492 1334 81 19 vattnet
583 1331 118 22 framledas.
728 1331 56 21 Hvad
796 1337 79 21 senare

50 1362 116 20 momentet
182 1360 22 21 af
218 1360 12 28 $
246 1361 11 19 1
273 1359 107 26 beträffar,
396 1361 24 21 sä
434 1360 85 22 förenar
532 1361 38 27 jag
585 1360 42 26 mig
638 1360 47 22 med
696 1359 81 22 Herrar
787 1359 88 27 Östring

51 1389 40 21 och
109 1389 77 27 Bergh,
210 1389 38 21 och
268 1390 64 26 yrkar
353 1390 28 26 pä
402 1390 40 20 den
457 1389 77 27 nädiga
549 1389 170 27 propositionens
733 1388 141 27 antagande
860 1384 18 36 i

51 1418 69 22 denna
135 1418 41 21 del.
565 1434 3 2 .

119 1474 56 21 Herr
198 1469 123 31 Östring:
344 1474 68 21 säsom
430 1473 56 21 Herr
502 1474 70 26 Bergh
586 1474 66 20 redan
667 1472 104 25 anmärkt,
787 1473 39 20 har
840 1474 35 19 ut-

51 1503 81 21 skottet
147 1502 19 27 ej
181 1502 71 22 anfört
268 1502 25 22 de
308 1502 93 28 ringaste
415 1502 90 22 motiver
520 1502 33 21 för
564 1502 41 20 den
615 1502 100 26 vidtagna
724 1500 150 26 förändringen

51 1531 23 23 af
88 1532 12 27 8
116 1532 9 20 1
143 1531 8 21 i
166 1531 41 21 den
222 1531 77 27 nådiga
313 1530 165 28 propositionen.
503 1531 33 21 De
550 1530 37 21 två
601 1530 74 26 talare,
690 1529 73 22 hvilka
772 1529 104 27 uppträdt
