1092 1825
298 120 182 22 Borgareständet.
504 121 54 17 1867.
583 120 13 18 9
608 120 62 22 April.
819 116 40 20 505

72 206 46 26 ring
132 206 24 21 af
168 206 161 27 ifrågavarande
345 206 18 27 $,
382 206 84 22 hvilken
482 207 60 21 äfven
558 205 69 22 blifvit
642 206 23 21 af
678 206 155 27 Ridderskapet
848 206 41 22 och

71 234 69 22 Adeln
164 234 7 21 i
197 235 92 26 enlighet
314 234 84 22 dermed
423 237 97 24 antagen,
544 234 124 22 hemställer
690 235 36 26 jag
745 235 32 21 till
793 234 95 22 ståndets

72 262 160 27 bedömmande,
257 263 104 22 huruvida
380 263 47 21 icke
443 262 111 27 biskopens
569 262 140 22 nästnämnda
723 262 165 23 redaktionsför-

72 292 46 26 slag
132 292 70 21 kunde
216 292 78 26 jemväl
309 292 22 21 af
345 291 83 22 ståndet
443 292 127 27 godkännas.
602 292 42 20 Det
654 291 68 28 lyder:
734 307 4 8 ,
741 292 47 25 den
799 298 90 21 evange-

71 319 160 22 lisk-lutherska
254 319 81 28 kyrkan
361 320 7 21 i
392 320 89 21 Finland
507 320 107 21 bekänner
633 320 31 26 sig
679 320 32 21 till
727 321 40 20 den
783 319 107 22 allmänna.

73 348 97 27 kristliga
186 351 41 22 tro,
242 355 51 17 som,
309 348 96 27 grundad
421 349 6 20 i
443 348 58 21 Guds
516 348 69 27 heliga
601 349 44 26 ord,
662 348 35 21 det
711 349 70 26 gamla
796 349 39 20 och
847 355 42 21 nya

72 378 148 20 testamentets
242 377 116 26 profetiska
380 376 39 22 och
437 377 130 27 apostoliska
583 377 91 26 skrifter,
690 379 24 19 är
728 377 81 21 uttalad
825 377 7 20 i
848 377 40 22 den

72 405 69 21 äldsta
163 405 92 27 kyrkans
278 407 33 20 tre
325 405 79 22 hufvud
419 405 106 27 symboler
540 407 55 19 samt
609 405 33 21 till
658 405 24 21 de
697 405 191 27 lärogrundsatser,

72 433 72 22 hvilka
168 435 41 20 den
231 433 110 22 lutherska
358 434 81 27 kyrkan
455 435 46 20 med
517 434 98 21 afseende
630 434 14 20 å
659 434 36 21 sitt
710 433 131 22 förhållande
857 434 32 22 till

71 461 68 28 öfriga
153 462 166 27 kyrkosamfund
335 463 102 26 uppställt
451 462 7 21 i
473 463 39 20 den
529 462 153 27 augsburgiska
697 463 140 20 bekännelsen
849 463 39 20 och

70 491 91 21 nämnde
184 491 79 26 kyrkas
286 491 67 26 öfriga
375 491 6 20 i
397 491 40 20 den
456 491 108 21 såkallade
578 491 186 21 konkordieboken
779 493 109 24 upptagne

70 518 221 26 bekännelseskrifter,
307 519 141 22 fasthållande
464 519 68 21 såsom
547 519 153 21 bekännelsens
715 519 76 26 högsta
807 519 33 27 lag
847 519 42 22 den

70 547 8 21 i
93 547 62 22 dessa
170 548 215 21 bekännelseskrifter
400 548 56 21 klart
472 548 107 26 uttryckta
594 547 110 28 orubbliga
719 548 121 27 sanningen,
855 549 36 22 att

72 575 59 23 Guds
153 577 70 26 heliga
245 577 37 21 ord
299 578 24 19 är
338 576 54 22 enda
407 578 135 23 rättesnöret,
556 576 109 21 hvarefter
680 577 27 20 all
723 577 46 20 lära
783 577 7 20 i
805 577 83 26 kyrkan

71 604 54 22 skall
148 611 62 15 anses
232 605 39 22 och
286 605 141 22 bedömmas".
458 605 40 27 Jag
513 605 67 21 finner
595 605 69 22 denna
678 605 110 21 redaktion
804 605 84 27 mycket

70 633 71 22 bättre
156 636 27 19 än
199 634 40 21 den
254 635 5 21 i
275 634 158 27 propositionen
448 634 126 26 föreslagna,
590 634 84 21 hvilken
689 634 84 21 Preste-
784 634 39 21 och
831 634 55 21 Bon-

70 662 116 22 destånden
201 662 85 22 biträdt.

138 719 57 22 Herr
217 720 118 26 Östring:
358 726 47 15 man
428 719 67 21 skulle
517 720 112 21 kanbända
644 721 51 25 göra
710 719 48 21 bäst
772 720 6 20 i
795 721 31 19 att
841 719 47 22 icke

70 750 56 25 yttra
148 748 32 26 sig
195 748 6 20 i
217 755 25 15 en
257 748 64 27 fråga,
337 748 58 21 hvari
411 754 47 15 man
474 748 17 27 ej
507 748 42 21 kan
564 747 126 22 tillerkänna
704 748 31 26 sig
750 748 64 26 nödig
828 748 59 21 kom-

70 779 79 25 petens.
181 776 48 22 Men
249 777 37 27 jag
308 776 54 22 skall
380 776 65 22 likväl
465 777 52 21 söka
536 779 32 18 att
583 776 65 27 enligt
664 776 46 21 mitt
726 776 103 26 enfaldiga
844 776 42 21 för-

70 806 62 21 stånd
146 804 98 28 uppfatta
259 805 146 22 bekännelsen.
435 805 48 22 Alla
498 805 83 26 förslag,
597 811 44 15 som
658 804 68 22 dertill
743 805 65 21 blifvit
824 804 62 22 fram-

70 834 82 26 ställda,
169 833 185 23 öfverensstämma
368 834 7 21 i
389 833 150 25 hufvudsaken,
556 833 103 27 nemligen
679 835 31 20 att
725 834 69 21 såsom
809 833 79 27 grund-

70 863 61 21 valen
147 862 39 22 och
202 863 54 22 enda
271 865 128 20 rättesnöret
413 863 32 20 för
461 863 91 27 kyrkans
567 862 126 21 bekännelse
708 861 106 28 uppställa
829 861 58 22 Guds

70 891 69 27 heliga
154 891 45 22 ord.
229 891 48 22 Alla
293 891 124 22 tillerkänna
433 891 24 21 de
474 892 38 21 ock
527 891 96 27 giltighet
633 891 22 21 åt
666 891 24 21 de
700 891 40 21 här
750 890 137 27 uppräknade

70 919 245 23 bekännelseskrifterna.
345 921 42 20 Det
402 920 59 26 enda,
478 920 58 21 hvari
552 920 25 21 de
590 920 56 21 olika
655 920 160 21 redaktionerna
826 919 61 27 skilja

69 949 39 26 sig,
124 951 23 18 är
162 948 131 22 beträffande
309 949 64 21 orden
389 951 38 22 ,är
441 949 100 26 uttalad”,
557 948 7 21 i
579 947 83 22 hvilken
678 948 33 21 del
732 948 63 27 sagde
810 948 77 21 redak-

70 977 68 22 tioner
162 978 87 21 variera.
279 977 40 27 Jag
340 978 67 21 måste
431 977 66 22 tillstå
515 979 32 19 att
564 977 37 26 jag
616 977 66 21 finner
697 977 59 21 detta
770 977 7 20 i
793 977 93 26 proposi-

70 1006 71 21 tionen
157 1005 170 22 förekommande
343 1006 83 27 uttryck
442 1012 49 15 vara
507 1006 34 21 det
557 1005 66 26 bästa,
640 1005 35 21 det
690 1005 138 21 allmännaste
847 1005 39 21 och

70 1035 36 21 det
127 1034 78 21 friaste.
237 1035 41 20 Det
298 1034 121 25 innehåller,
443 1034 64 26 enligt
529 1033 47 22 mitt
598 1034 98 26 begrepp,
712 1034 53 21 intet
780 1035 64 19 annat
859 1035 27 19 än

70 1065 32 19 att
124 1063 26 20 de
172 1063 128 26 symboliska
323 1063 105 21 böckerna
443 1064 74 25 utgöra
532 1069 26 14 en
573 1062 22 21 af
608 1062 143 26 ofullkomliga
766 1061 121 21 menniskor

70 1091 59 27 gjord
155 1091 133 27 uppfattning
313 1091 21 21 af
354 1091 147 25 bekännelsen,
527 1091 68 25 egnad
618 1090 38 21 och
672 1090 76 21 ämnad
763 1092 31 19 att
809 1089 78 22 förstås

69 1119 102 22 likaledes
194 1119 21 22 af
230 1119 143 27 ofullkomliga
387 1120 126 21 menniskor.
543 1119 31 21 De
590 1119 66 26 öfriga
672 1119 153 21 variationerna
840 1119 47 20 der-

70 1150 57 20 emot
142 1148 102 21 innefatta
259 1149 70 26 något,
345 1155 44 14 som
403 1148 36 27 jag
454 1148 17 27 ej
489 1147 46 22 ville
550 1148 71 25 intaga
636 1147 6 20 i
657 1147 147 21 bekännelsen.
834 1147 52 20 Bor-

70 1183 58 21 gare-
144 1177 38 21 och
198 1177 173 21 Bondeståndens
388 1177 127 26 deputerade
531 1176 6 20 i
553 1177 104 20 utskottet
671 1175 61 21 hafva
747 1176 7 20 i
769 1175 69 20 stället
853 1175 34 20 för

70 1205 65 21 orden
158 1207 37 23 ,är
218 1205 94 22 uttalad"
336 1205 104 27 begagnat
457 1205 107 27 uttrycket
580 1203 183 27 ,hufvudsakligen
779 1203 106 21 uttalats”.

70 1234 44 26 Mig
136 1240 61 21 synes
220 1234 59 21 detta
301 1233 186 27 hufvudsakligen"
508 1240 50 14 vara
580 1232 85 22 alldeles
680 1232 92 26 onödigt,
788 1234 22 25 ty
826 1232 63 21 ordet

70 1263 96 25 yUttala'*
181 1262 88 22 innebär
283 1263 64 21 redan
363 1264 30 20 ett
408 1262 133 22 erkännande
557 1261 21 22 af
592 1268 26 14 en
633 1261 72 27 möjlig
713 1260 173 27 ofullkomlighet,

69 1290 84 22 hvilken
163 1297 48 15 man
219 1291 119 26 pätagligen
347 1291 47 21 med
403 1291 107 26 uttrycket
520 1290 201 26 ,,hufvudsakligen''
733 1288 55 22 velat
797 1289 89 26 påpeka.

69 1319 66 21 Detta
161 1319 84 26 uttryck
269 1319 39 21 har
330 1319 100 21 utseende
445 1318 22 21 af
481 1320 31 19 att
527 1319 31 23 de,
575 1318 69 20 hvilka
660 1318 103 26 begagnat
778 1317 41 25 det,
831 1316 57 22 velat

70 1346 126 22 tillerkänna
216 1347 31 27 sig
270 1354 25 14 en
316 1348 67 20 större
399 1346 116 22 ofelbarhet
530 1349 26 18 än
572 1345 244 21 bekännelseskrifterna.
846 1344 41 27 Jag

70 1377 44 19 tror
130 1377 32 19 att
177 1375 68 21 denna
261 1374 116 23 ofelbarhet
392 1378 24 19 är
431 1374 139 27 oberättigad.
600 1374 56 21 Herr
670 1373 69 26 Bergh
754 1373 39 21 har
808 1372 79 21 istället

70 1403 32 22 för
125 1403 108 27 uttrycket
255 1406 37 24 ,är
311 1403 94 22 uttalad"
428 1403 106 26 föreslagit
549 1403 108 20 införande
672 1402 22 21 af
708 1401 65 21 orden
789 1401 99 26 ,erhällit

69 1432 37 21 sitt
128 1432 114 21 historiska
264 1432 103 27 uttryck".
397 1432 40 26 Jag
459 1431 66 22 finner
543 1431 69 21 denna
626 1429 142 26 formulering,
780 1432 58 18 utom
854 1430 33 20 att

70 1460 40 21 den
125 1460 39 20 har
178 1461 101 20 utseende
295 1461 22 20 af
330 1460 135 26 tillgjordhet,
480 1465 50 15 vara
540 1459 126 26 fullkomligt
678 1457 86 28 onyttig,
773 1460 23 24 ty
806 1463 82 15 samma

70 1488 84 26 mening
168 1488 112 21 innefattas
296 1488 59 21 äfven
371 1488 6 20 i
385 1487 66 22 orden
459 1503 5 10 ,
467 1489 30 24 är
507 1487 102 20 uttalad".
622 1498 24 3 —
658 1486 56 21 Herr
723 1485 74 27 biskop
808 1485 79 21 Schau,

60 1522 58 15 man
134 1517 46 21 åter
195 1516 38 22 har
248 1516 7 21 i
270 1516 37 21 sitt
322 1518 83 21 senaste
415 1515 201 28 redaktionsförslag
628 1513 101 29 uppställt
738 1519 25 16 en
774 1513 40 22 viss
824 1519 64 21 rang-
