1084 1800
216 132 42 20 620
402 136 183 21 Borgareståndet.
609 136 54 17 1867.
687 137 25 17 27
725 136 61 20 April.

187 221 7 20 i
209 221 167 26 lagskipningen,
392 227 62 15 anser
467 221 37 25 jag
518 222 36 20 det
569 220 19 26 ej
604 226 51 15 vara
670 226 25 14 ur
709 221 67 25 vägen
791 222 32 19 att
839 219 64 21 också
918 220 91 20 nämnde

188 249 70 26 kongl.
280 249 47 21 bref
346 248 35 22 må
396 249 6 20 i
417 249 11 27 8
444 251 103 24 upptagas
570 248 65 21 bland
657 249 26 20 de
698 248 173 27 lagstadganden,
888 254 45 14 som
948 248 61 21 skola

188 277 97 26 upphöra
300 279 32 19 att
347 283 51 15 vara
412 277 104 25 gällande.
547 276 81 22 Genom
644 279 31 18 ett
690 277 70 25 kongl.
777 276 48 21 bref
837 276 24 21 af
874 276 24 20 år
914 276 54 21 1805
984 278 25 18 är

189 305 61 21 äfven
271 305 126 21 förordnadt
420 306 32 20 att
472 305 70 26 kongl.
566 304 123 22 akademins
709 305 119 21 ledamöter
848 304 61 21 skola
926 304 83 26 åtnjuta

188 334 68 20 forum
272 334 7 20 i
295 333 93 27 Hofrätt,
409 340 49 14 men
480 333 74 27 frågan
576 333 74 21 härom
673 333 39 21 hör
732 333 19 26 ej
766 333 32 21 till
813 333 70 21 denna
897 332 112 27 landtdags

189 362 135 27 upptagande
340 362 39 21 och
393 362 105 26 pröfning.

257 418 57 21 Herr
336 413 141 31 Öhrnberg
498 418 66 27 ansåg
585 418 36 21 det
635 424 52 14 vara
701 417 33 21 för
750 417 121 22 ändamålet
886 417 124 27 tillräckligt

189 448 32 21 att
244 447 35 21 det
301 446 23 22 af
344 447 56 21 Herr
422 446 63 22 Holm
508 446 120 27 åberopade
651 446 70 26 kongl.
744 446 48 21 bref
812 446 23 21 af
849 446 55 22 1748
920 445 89 22 skulle
999 441 14 37 i

189 476 134 26 inledningen
346 475 32 22 till
400 475 120 26 föreslagna
534 475 151 26 förordningen
700 475 7 20 i
723 477 71 19 ämnet
809 474 121 27 uppräknas
945 475 64 21 bland

190 504 26 21 de
232 504 138 27 stadganden,
386 510 46 15 som
446 510 76 20 genom
538 509 80 16 samma
633 503 123 26 förordning
771 503 124 26 upphäfdes.

258 561 56 20 Herr
336 560 73 21 Holm
432 560 98 21 biträdde
548 560 79 27 jemväl
650 560 39 21 den
711 559 23 22 af
755 559 56 22 Herr
833 555 111 30 Öhrnberg
966 561 44 26 ytt-

190 589 51 21 rade
257 589 61 27 åsigt.

258 645 62 21 Efter
334 645 23 21 af
371 645 55 21 Herr
441 645 151 21 Talmannen
608 644 118 22 framställd
741 644 132 27 proposition
888 646 75 24 antogs
971 640 9 36 $
998 646 10 19 1

191 673 128 22 oförändrad
340 673 40 22 och
403 674 65 26 ansåg
490 674 85 20 ståndet
590 673 27 27 på
633 674 25 20 de
673 674 23 20 af
710 674 55 20 Herr
781 674 62 20 Holm
859 673 90 21 anförda
964 673 46 21 skäl

190 704 33 18 att
243 703 7 20 i
271 702 133 26 inledningen
425 702 32 20 till
480 702 39 21 den
540 702 124 26 författning
683 702 7 20 i
706 703 77 22 ämnet,
805 707 44 16 som
872 702 84 21 komme
979 703 32 20 att

190 730 102 26 utfärdas,
314 730 66 22 borde
402 733 104 24 upptagas
527 732 32 19 att
579 730 78 27 jemväl
679 730 76 26 Kongl.
777 730 81 21 brefvet
880 730 23 21 af
922 731 41 21 den
982 731 28 21 26

191 758 95 22 Oktober
303 759 54 21 1748
372 765 88 15 numera
475 765 49 15 vore
540 759 109 26 upphäfdt.

260 815 23 27 88
298 816 20 24 2,
334 816 12 20 3
362 815 39 21 och
417 816 19 24 4,
459 816 109 25 angående
591 816 70 20 hvilka
676 816 63 26 ingen
755 816 119 21 diskussion
890 816 52 26 egde
957 822 54 20 rum,

190 844 123 26 godkändes
328 845 52 20 utan
396 844 94 26 ändring.

577 901 14 27 $
607 902 19 20 5.

260 958 55 20 Herr
330 957 151 27 Öhrnberg:
495 957 37 27 jag
547 958 62 21 utber
620 958 41 25 mig
671 957 21 21 få
702 958 87 21 förorda
799 959 33 19 att
841 958 170 27 propositionens

191 986 133 26 ordalydelse
339 986 6 20 i
360 986 12 26 $
388 986 12 20 5
416 986 65 21 måtte
497 986 22 21 af
532 986 85 21 ståndet
632 988 95 24 antagas.
757 986 42 22 Det
815 988 24 19 är
853 986 67 21 kändt
935 988 31 19 att
979 987 32 21 till

191 1015 141 21 innevarande
355 1014 102 26 landtdag
478 1014 149 22 öfverlemnats
645 1015 131 26 proposition
792 1021 33 15 om
841 1014 80 26 förslag
935 1016 33 20 till
984 1022 27 20 ny

191 1043 170 27 konkursstadga
372 1043 39 21 och
421 1043 94 21 särkilda
526 1044 67 20 andra
603 1044 107 20 allmänna
719 1044 158 26 författningar.
899 1044 113 26 Förslaget

191 1072 31 20 till
244 1071 170 27 konkursstadga
436 1074 24 18 är
482 1072 122 20 utarbetadt
626 1072 6 20 i
655 1072 218 21 öfverensstämmelse
898 1073 47 20 med
970 1072 41 21 den

191 1100 87 26 princip,
295 1106 45 14 som
356 1100 66 26 ligger
437 1100 32 20 till
484 1100 68 26 grund
567 1100 32 21 för
614 1099 163 27 ifrågavarande
792 1100 138 27 proposition.
961 1100 50 21 Vid-

190 1128 127 20 kommandé
341 1128 64 25 tiden,
428 1128 26 20 då
474 1128 90 21 nämnde
585 1129 75 24 stadga
683 1128 67 21 skulle
771 1128 61 21 träda
847 1129 6 20 i
869 1128 142 26 verksamhet,

190 1155 67 21 finnes
271 1156 39 20 der
324 1156 115 26 föreslaget
454 1157 32 19 att
501 1157 113 20 ständerne
629 1156 6 21 i
651 1156 60 21 detta
726 1156 99 22 afseende
837 1157 18 27 ej
869 1157 67 21 skulle
947 1157 65 21 binda

190 1184 109 21 händerna
320 1184 27 26 på
369 1184 116 21 monarken
512 1185 139 25 annorlunda,
677 1187 26 18 än
723 1191 75 20 genom
822 1185 145 27 begagnandet
990 1186 24 20 af

192 1218 79 15 samma
292 1213 102 25 lokution,
416 1219 44 14 som
476 1213 6 20 i
498 1215 10 24 &
525 1214 12 19 5
553 1213 23 21 af
591 1213 58 21 detta
672 1213 223 27 författningsförslag.
925 1214 42 21 Det
987 1215 25 20 är

191 1241 81 26 möjligt
284 1243 36 18 att
335 1241 185 26 konkursstadgan
536 1241 19 26 ej
566 1242 41 20 kan
619 1241 61 21 träda
690 1242 7 20 i
707 1242 135 21 verksamhet
852 1244 57 19 änuu
919 1242 6 21 i
937 1242 75 27 början

188 1268 26 20 af
234 1270 175 21 nästkommande
432 1269 23 21 är
477 1270 39 20 och
538 1270 26 21 dä
587 1270 74 25 skulle,
677 1270 44 21 ifall
736 1271 113 20 ständerne
865 1273 77 24 antoge
957 1271 55 20 före-

188 1297 95 20 varande
296 1297 15 26 $
326 1297 24 21 af
364 1297 65 21 sådan
444 1298 79 26 lydelse
539 1300 32 19 att
587 1298 151 26 författningen
754 1299 67 20 skulle
832 1298 63 21 lända
906 1298 31 21 till
949 1299 62 20 efter-

188 1325 89 20 rättelse
296 1325 49 21 från
367 1327 53 20 1868
436 1325 35 21 års
486 1326 81 26 början,
583 1326 77 26 uppstå
675 1327 126 25 motsägelse
817 1327 89 20 emellan
922 1327 90 20 nämnde

188 1351 126 28 författning
336 1353 40 21 och
396 1354 192 25 konkursstadgan.
618 1354 40 26 Jag
679 1354 90 21 föreslår
791 1353 84 23 derföre
897 1356 33 20 att
950 1355 11 25 8
977 1356 12 20 5
1005 1354 7 21 i

187 1381 159 25 propositionen
362 1381 68 21 måtte
444 1382 130 25 godkännas.

256 1436 31 21 På
309 1437 58 21 Herr
390 1437 168 22 Talmannens
574 1438 52 21 härå
641 1438 132 22 framställda
788 1439 133 26 proposition
935 1441 78 25 antogs

187 1464 162 27 ifrågavarande
365 1466 12 27 $
393 1467 7 20 i
418 1466 94 26 enlighet
528 1467 47 21 med
591 1467 116 21 utskottets
723 1468 145 26 betänkande;
889 1468 39 21 och
944 1468 68 21 skulle

187 1493 33 21 för
235 1494 63 26 öfrigt
312 1494 98 22 ståndets
423 1495 7 21 i
441 1495 87 21 ärendet
538 1496 101 26 vidtagna
651 1496 69 21 beslut
730 1502 76 20 genom
816 1497 197 27 protokollsutdrag

185 1522 108 22 meddelas
308 1524 98 26 samtlige
426 1524 139 21 medstånden
581 1524 39 22 och
635 1525 226 26 grundlagsutskottet.
