<?xml version="1.0" encoding="UTF-8"?>
<alto xmlns="http://www.loc.gov/standards/alto/ns-v3#" xmlns:xlink="http://www.w3.org/1999/xlink" xmlns:xsi="http://www.w3.org/2001/XMLSchema-instance" xsi:schemaLocation="http://www.loc.gov/standards/alto/ns-v3# http://www.loc.gov/alto/v3/alto-3-0.xsd">
	<Description>
		<MeasurementUnit>pixel</MeasurementUnit>
		<sourceImageInformation>
			<fileName>/tmp/tess_ln7ky6wp_input.PNG</fileName>
		</sourceImageInformation>
		<OCRProcessing ID="OCR_0">
			<ocrProcessingStep>
				<processingSoftware>
					<softwareName>tesseract 5.3.4</softwareName>
				</processingSoftware>
			</ocrProcessingStep>
		</OCRProcessing>
	</Description>
	<Layout>
		<Page WIDTH="1092" HEIGHT="1795" PHYSICAL_IMG_NR="0" ID="page_0">
			<PrintSpace HPOS="0" VPOS="0" WIDTH="1092" HEIGHT="1795">
				<ComposedBlock ID="cblock_0" HPOS="301" VPOS="121" WIDTH="566" HEIGHT="26">
					<TextBlock ID="block_0" HPOS="301" VPOS="121" WIDTH="566" HEIGHT="26">
						<TextLine ID="line_0" HPOS="301" VPOS="121" WIDTH="566" HEIGHT="26">
							<String ID="string_0" HPOS="301" VPOS="125" WIDTH="180" HEIGHT="22" WC="0.90" CONTENT="Borgareständet."/><SP WIDTH="26" VPOS="125" HPOS="481"/>
							<String ID="string_1" HPOS="507" VPOS="126" WIDTH="55" HEIGHT="17" WC="0.96" CONTENT="1867."/><SP WIDTH="24" VPOS="126" HPOS="562"/>
							<String ID="string_2" HPOS="586" VPOS="127" WIDTH="8" HEIGHT="16" WC="0.87" CONTENT="5"/><SP WIDTH="13" VPOS="127" HPOS="594"/>
							<String ID="string_3" HPOS="607" VPOS="126" WIDTH="65" HEIGHT="21" WC="0.96" CONTENT="April."/><SP WIDTH="156" VPOS="126" HPOS="672"/>
							<String ID="string_4" HPOS="828" VPOS="121" WIDTH="39" HEIGHT="20" WC="0.96" CONTENT="441"/>
						</TextLine>
					</TextBlock>
				</ComposedBlock>
				<GraphicalElement ID="cblock_1" HPOS="95" VPOS="165" WIDTH="802" HEIGHT="2"></GraphicalElement >
				<ComposedBlock ID="cblock_2" HPOS="74" VPOS="210" WIDTH="825" HEIGHT="253">
					<TextBlock ID="block_1" HPOS="74" VPOS="210" WIDTH="825" HEIGHT="253">
						<TextLine ID="line_1" HPOS="145" VPOS="210" WIDTH="754" HEIGHT="27">
							<String ID="string_5" HPOS="145" VPOS="210" WIDTH="56" HEIGHT="21" WC="0.93" CONTENT="Herr"/><SP WIDTH="22" VPOS="210" HPOS="201"/>
							<String ID="string_6" HPOS="223" VPOS="210" WIDTH="193" HEIGHT="27" WC="0.92" CONTENT="Bronikowskij:"/><SP WIDTH="23" VPOS="210" HPOS="416"/>
							<String ID="string_7" HPOS="439" VPOS="211" WIDTH="33" HEIGHT="21" WC="0.97" CONTENT="för"/><SP WIDTH="18" VPOS="211" HPOS="472"/>
							<String ID="string_8" HPOS="490" VPOS="211" WIDTH="42" HEIGHT="21" WC="0.96" CONTENT="min"/><SP WIDTH="16" VPOS="211" HPOS="532"/>
							<String ID="string_9" HPOS="548" VPOS="211" WIDTH="33" HEIGHT="21" WC="0.96" CONTENT="del"/><SP WIDTH="15" VPOS="211" HPOS="581"/>
							<String ID="string_10" HPOS="596" VPOS="211" WIDTH="42" HEIGHT="21" WC="0.96" CONTENT="kan"/><SP WIDTH="12" VPOS="211" HPOS="638"/>
							<String ID="string_11" HPOS="650" VPOS="211" WIDTH="37" HEIGHT="26" WC="0.96" CONTENT="jag"/><SP WIDTH="14" VPOS="211" HPOS="687"/>
							<String ID="string_12" HPOS="701" VPOS="211" WIDTH="47" HEIGHT="21" WC="0.96" CONTENT="icke"/><SP WIDTH="14" VPOS="211" HPOS="748"/>
							<String ID="string_13" HPOS="762" VPOS="211" WIDTH="58" HEIGHT="21" WC="0.96" CONTENT="finna"/><SP WIDTH="14" VPOS="211" HPOS="820"/>
							<String ID="string_14" HPOS="834" VPOS="212" WIDTH="65" HEIGHT="19" WC="0.96" CONTENT="annat"/>
						</TextLine>
						<TextLine ID="line_2" HPOS="76" VPOS="238" WIDTH="822" HEIGHT="27">
							<String ID="string_15" HPOS="76" VPOS="240" WIDTH="27" HEIGHT="19" WC="0.96" CONTENT="än"/><SP WIDTH="15" VPOS="240" HPOS="103"/>
							<String ID="string_16" HPOS="118" VPOS="241" WIDTH="32" HEIGHT="18" WC="0.96" CONTENT="att"/><SP WIDTH="15" VPOS="241" HPOS="150"/>
							<String ID="string_17" HPOS="165" VPOS="238" WIDTH="115" HEIGHT="21" WC="0.96" CONTENT="utskottets"/><SP WIDTH="14" VPOS="238" HPOS="280"/>
							<String ID="string_18" HPOS="294" VPOS="239" WIDTH="78" HEIGHT="26" WC="0.96" CONTENT="förslag"/><SP WIDTH="15" VPOS="239" HPOS="372"/>
							<String ID="string_19" HPOS="387" VPOS="239" WIDTH="30" HEIGHT="20" WC="0.93" CONTENT="till"/><SP WIDTH="11" VPOS="239" HPOS="417"/>
							<String ID="string_20" HPOS="428" VPOS="239" WIDTH="245" HEIGHT="26" WC="0.91" CONTENT="redaktionsförändring"/><SP WIDTH="9" VPOS="239" HPOS="673"/>
							<String ID="string_21" HPOS="682" VPOS="239" WIDTH="88" HEIGHT="21" WC="0.96" CONTENT="innebär"/><SP WIDTH="12" VPOS="239" HPOS="770"/>
							<String ID="string_22" HPOS="782" VPOS="245" WIDTH="25" HEIGHT="14" WC="0.96" CONTENT="en"/><SP WIDTH="12" VPOS="245" HPOS="807"/>
							<String ID="string_23" HPOS="819" VPOS="238" WIDTH="79" HEIGHT="26" WC="0.96" CONTENT="verklig"/>
						</TextLine>
						<TextLine ID="line_3" HPOS="75" VPOS="266" WIDTH="823" HEIGHT="27">
							<String ID="string_24" HPOS="75" VPOS="266" WIDTH="132" HEIGHT="26" WC="0.95" CONTENT="förbättring."/><SP WIDTH="30" VPOS="266" HPOS="207"/>
							<String ID="string_25" HPOS="237" VPOS="266" WIDTH="40" HEIGHT="27" WC="0.96" CONTENT="Jag"/><SP WIDTH="15" VPOS="266" HPOS="277"/>
							<String ID="string_26" HPOS="292" VPOS="267" WIDTH="65" HEIGHT="21" WC="0.93" CONTENT="fattar"/><SP WIDTH="15" VPOS="267" HPOS="357"/>
							<String ID="string_27" HPOS="372" VPOS="267" WIDTH="192" HEIGHT="22" WC="0.91" CONTENT="hufvudinnehållet"/><SP WIDTH="14" VPOS="267" HPOS="564"/>
							<String ID="string_28" HPOS="578" VPOS="267" WIDTH="24" HEIGHT="21" WC="0.96" CONTENT="af"/><SP WIDTH="13" VPOS="267" HPOS="602"/>
							<String ID="string_29" HPOS="615" VPOS="267" WIDTH="125" HEIGHT="26" WC="0.96" CONTENT="paragrafen"/><SP WIDTH="16" VPOS="267" HPOS="740"/>
							<String ID="string_30" HPOS="756" VPOS="267" WIDTH="94" HEIGHT="22" WC="0.96" CONTENT="sålunda,"/><SP WIDTH="16" VPOS="267" HPOS="850"/>
							<String ID="string_31" HPOS="866" VPOS="269" WIDTH="32" HEIGHT="18" WC="0.96" CONTENT="att"/>
						</TextLine>
						<TextLine ID="line_4" HPOS="76" VPOS="294" WIDTH="823" HEIGHT="28">
							<String ID="string_32" HPOS="76" VPOS="295" WIDTH="40" HEIGHT="20" WC="0.95" CONTENT="den"/><SP WIDTH="15" VPOS="295" HPOS="116"/>
							<String ID="string_33" HPOS="131" VPOS="294" WIDTH="127" HEIGHT="22" WC="0.96" CONTENT="bestämmer"/><SP WIDTH="14" VPOS="294" HPOS="258"/>
							<String ID="string_34" HPOS="272" VPOS="294" WIDTH="54" HEIGHT="22" WC="0.97" CONTENT="huru"/><SP WIDTH="17" VPOS="294" HPOS="326"/>
							<String ID="string_35" HPOS="343" VPOS="295" WIDTH="44" HEIGHT="21" WC="0.93" CONTENT="ofta"/><SP WIDTH="14" VPOS="295" HPOS="387"/>
							<String ID="string_36" HPOS="401" VPOS="295" WIDTH="127" HEIGHT="27" WC="0.92" CONTENT="landtdagen"/><SP WIDTH="15" VPOS="295" HPOS="528"/>
							<String ID="string_37" HPOS="543" VPOS="295" WIDTH="54" HEIGHT="22" WC="0.93" CONTENT="skall"/><SP WIDTH="15" VPOS="295" HPOS="597"/>
							<String ID="string_38" HPOS="612" VPOS="295" WIDTH="186" HEIGHT="22" WC="0.91" CONTENT="sammankomma."/><SP WIDTH="28" VPOS="295" HPOS="798"/>
							<String ID="string_39" HPOS="826" VPOS="295" WIDTH="73" HEIGHT="21" WC="0.88" CONTENT="Sättet"/>
						</TextLine>
						<TextLine ID="line_5" HPOS="74" VPOS="321" WIDTH="818" HEIGHT="29">
							<String ID="string_40" HPOS="74" VPOS="321" WIDTH="80" HEIGHT="28" WC="0.90" CONTENT="hvarpå"/><SP WIDTH="16" VPOS="321" HPOS="154"/>
							<String ID="string_41" HPOS="170" VPOS="323" WIDTH="35" HEIGHT="21" WC="0.96" CONTENT="det"/><SP WIDTH="15" VPOS="323" HPOS="205"/>
							<String ID="string_42" HPOS="220" VPOS="323" WIDTH="55" HEIGHT="25" WC="0.95" CONTENT="sker,"/><SP WIDTH="15" VPOS="323" HPOS="275"/>
							<String ID="string_43" HPOS="290" VPOS="323" WIDTH="51" HEIGHT="21" WC="0.95" CONTENT="eller"/><SP WIDTH="20" VPOS="323" HPOS="341"/>
							<String ID="string_44" HPOS="361" VPOS="325" WIDTH="32" HEIGHT="19" WC="0.96" CONTENT="att"/><SP WIDTH="15" VPOS="325" HPOS="393"/>
							<String ID="string_45" HPOS="408" VPOS="323" WIDTH="36" HEIGHT="21" WC="0.96" CONTENT="det"/><SP WIDTH="15" VPOS="323" HPOS="444"/>
							<String ID="string_46" HPOS="459" VPOS="323" WIDTH="53" HEIGHT="22" WC="0.96" CONTENT="skall"/><SP WIDTH="15" VPOS="323" HPOS="512"/>
							<String ID="string_47" HPOS="527" VPOS="323" WIDTH="38" HEIGHT="22" WC="0.96" CONTENT="ske"/><SP WIDTH="15" VPOS="323" HPOS="565"/>
							<String ID="string_48" HPOS="580" VPOS="324" WIDTH="27" HEIGHT="26" WC="0.96" CONTENT="på"/><SP WIDTH="14" VPOS="324" HPOS="607"/>
							<String ID="string_49" HPOS="621" VPOS="323" WIDTH="59" HEIGHT="21" WC="0.95" CONTENT="Hans"/><SP WIDTH="15" VPOS="323" HPOS="680"/>
							<String ID="string_50" HPOS="695" VPOS="323" WIDTH="117" HEIGHT="27" WC="0.92" CONTENT="Kejserliga"/><SP WIDTH="16" VPOS="323" HPOS="812"/>
							<String ID="string_51" HPOS="828" VPOS="323" WIDTH="64" HEIGHT="26" WC="0.91" CONTENT="Maje-"/>
						</TextLine>
						<TextLine ID="line_6" HPOS="75" VPOS="351" WIDTH="817" HEIGHT="28">
							<String ID="string_52" HPOS="75" VPOS="353" WIDTH="53" HEIGHT="19" WC="0.92" CONTENT="stäts"/><SP WIDTH="21" VPOS="353" HPOS="128"/>
							<String ID="string_53" HPOS="149" VPOS="351" WIDTH="94" HEIGHT="26" WC="0.96" CONTENT="kallelse,"/><SP WIDTH="21" VPOS="351" HPOS="243"/>
							<String ID="string_54" HPOS="264" VPOS="354" WIDTH="24" HEIGHT="19" WC="0.96" CONTENT="är"/><SP WIDTH="15" VPOS="354" HPOS="288"/>
							<String ID="string_55" HPOS="303" VPOS="352" WIDTH="64" HEIGHT="21" WC="0.96" CONTENT="redan"/><SP WIDTH="16" VPOS="352" HPOS="367"/>
							<String ID="string_56" HPOS="383" VPOS="358" WIDTH="26" HEIGHT="15" WC="0.93" CONTENT="en"/><SP WIDTH="15" VPOS="358" HPOS="409"/>
							<String ID="string_57" HPOS="424" VPOS="351" WIDTH="184" HEIGHT="28" WC="0.92" CONTENT="biomständighet."/><SP WIDTH="29" VPOS="351" HPOS="608"/>
							<String ID="string_58" HPOS="637" VPOS="352" WIDTH="42" HEIGHT="21" WC="0.94" CONTENT="Det"/><SP WIDTH="14" VPOS="352" HPOS="679"/>
							<String ID="string_59" HPOS="693" VPOS="354" WIDTH="65" HEIGHT="19" WC="0.96" CONTENT="sättet"/><SP WIDTH="14" VPOS="354" HPOS="758"/>
							<String ID="string_60" HPOS="772" VPOS="351" WIDTH="66" HEIGHT="22" WC="0.96" CONTENT="finnes"/><SP WIDTH="15" VPOS="351" HPOS="838"/>
							<String ID="string_61" HPOS="853" VPOS="351" WIDTH="39" HEIGHT="22" WC="0.96" CONTENT="ock"/>
						</TextLine>
						<TextLine ID="line_7" HPOS="74" VPOS="379" WIDTH="819" HEIGHT="28">
							<String ID="string_62" HPOS="74" VPOS="379" WIDTH="7" HEIGHT="21" WC="0.96" CONTENT="i"/><SP WIDTH="15" VPOS="379" HPOS="81"/>
							<String ID="string_63" HPOS="96" VPOS="379" WIDTH="124" HEIGHT="27" WC="0.96" CONTENT="paragrafen"/><SP WIDTH="22" VPOS="379" HPOS="220"/>
							<String ID="string_64" HPOS="242" VPOS="382" WIDTH="101" HEIGHT="25" WC="0.96" CONTENT="upptaget"/><SP WIDTH="22" VPOS="382" HPOS="343"/>
							<String ID="string_65" HPOS="365" VPOS="386" WIDTH="80" HEIGHT="21" WC="0.95" CONTENT="senare,"/><SP WIDTH="23" VPOS="386" HPOS="445"/>
							<String ID="string_66" HPOS="468" VPOS="380" WIDTH="38" HEIGHT="22" WC="0.96" CONTENT="och"/><SP WIDTH="21" VPOS="380" HPOS="506"/>
							<String ID="string_67" HPOS="527" VPOS="380" WIDTH="73" HEIGHT="27" WC="0.93" CONTENT="sjelfva"/><SP WIDTH="22" VPOS="380" HPOS="600"/>
							<String ID="string_68" HPOS="622" VPOS="379" WIDTH="149" HEIGHT="26" WC="0.91" CONTENT="hufvudsaken,"/><SP WIDTH="24" VPOS="379" HPOS="771"/>
							<String ID="string_69" HPOS="795" VPOS="379" WIDTH="51" HEIGHT="22" WC="0.96" CONTENT="eller"/><SP WIDTH="14" VPOS="379" HPOS="846"/>
							<String ID="string_70" HPOS="860" VPOS="381" WIDTH="33" HEIGHT="20" WC="0.96" CONTENT="att"/>
						</TextLine>
						<TextLine ID="line_8" HPOS="74" VPOS="408" WIDTH="819" HEIGHT="27">
							<String ID="string_71" HPOS="74" VPOS="408" WIDTH="115" HEIGHT="21" WC="0.96" CONTENT="ständerna"/><SP WIDTH="15" VPOS="408" HPOS="189"/>
							<String ID="string_72" HPOS="204" VPOS="408" WIDTH="60" HEIGHT="22" WC="0.93" CONTENT="skola"/><SP WIDTH="14" VPOS="408" HPOS="264"/>
							<String ID="string_73" HPOS="278" VPOS="409" WIDTH="179" HEIGHT="21" WC="0.92" CONTENT="sammankomma"/><SP WIDTH="15" VPOS="409" HPOS="457"/>
							<String ID="string_74" HPOS="472" VPOS="409" WIDTH="62" HEIGHT="21" WC="0.92" CONTENT="hvart"/><SP WIDTH="11" VPOS="409" HPOS="534"/>
							<String ID="string_75" HPOS="545" VPOS="411" WIDTH="42" HEIGHT="19" WC="0.92" CONTENT="5:te"/><SP WIDTH="10" VPOS="411" HPOS="587"/>
							<String ID="string_76" HPOS="597" VPOS="409" WIDTH="30" HEIGHT="25" WC="0.93" CONTENT="år,"/><SP WIDTH="11" VPOS="409" HPOS="627"/>
							<String ID="string_77" HPOS="638" VPOS="408" WIDTH="120" HEIGHT="22" WC="0.92" CONTENT="framhälles"/><SP WIDTH="11" VPOS="408" HPOS="758"/>
							<String ID="string_78" HPOS="769" VPOS="408" WIDTH="59" HEIGHT="22" WC="0.96" CONTENT="först."/><SP WIDTH="24" VPOS="408" HPOS="828"/>
							<String ID="string_79" HPOS="852" VPOS="408" WIDTH="41" HEIGHT="27" WC="0.96" CONTENT="Jag"/>
						</TextLine>
						<TextLine ID="line_9" HPOS="74" VPOS="436" WIDTH="709" HEIGHT="27">
							<String ID="string_80" HPOS="74" VPOS="436" WIDTH="88" HEIGHT="22" WC="0.92" CONTENT="föreslär"/><SP WIDTH="16" VPOS="436" HPOS="162"/>
							<String ID="string_81" HPOS="178" VPOS="436" WIDTH="87" HEIGHT="25" WC="0.92" CONTENT="derföre,"/><SP WIDTH="16" VPOS="436" HPOS="265"/>
							<String ID="string_82" HPOS="281" VPOS="437" WIDTH="36" HEIGHT="21" WC="0.93" CONTENT="det"/><SP WIDTH="14" VPOS="437" HPOS="317"/>
							<String ID="string_83" HPOS="331" VPOS="437" WIDTH="115" HEIGHT="21" WC="0.92" CONTENT="utskottets"/><SP WIDTH="16" VPOS="437" HPOS="446"/>
							<String ID="string_84" HPOS="462" VPOS="437" WIDTH="131" HEIGHT="21" WC="0.92" CONTENT="betänkande"/><SP WIDTH="15" VPOS="437" HPOS="593"/>
							<String ID="string_85" HPOS="608" VPOS="437" WIDTH="66" HEIGHT="21" WC="0.92" CONTENT="mätte"/><SP WIDTH="16" VPOS="437" HPOS="674"/>
							<String ID="string_86" HPOS="690" VPOS="440" WIDTH="93" HEIGHT="23" WC="0.92" CONTENT="antagas."/>
						</TextLine>
					</TextBlock>
				</ComposedBlock>
				<ComposedBlock ID="cblock_3" HPOS="74" VPOS="490" WIDTH="818" HEIGHT="58">
					<TextBlock ID="block_2" HPOS="74" VPOS="490" WIDTH="818" HEIGHT="58">
						<TextLine ID="line_10" HPOS="128" VPOS="490" WIDTH="764" HEIGHT="29">
							<String ID="string_87" HPOS="128" VPOS="490" WIDTH="63" HEIGHT="24" WC="0.67" CONTENT="&quot;Som"/><SP WIDTH="16" VPOS="490" HPOS="191"/>
							<String ID="string_88" HPOS="207" VPOS="493" WIDTH="144" HEIGHT="21" WC="0.96" CONTENT="diskussionen"/><SP WIDTH="12" VPOS="493" HPOS="351"/>
							<String ID="string_89" HPOS="363" VPOS="500" WIDTH="28" HEIGHT="14" WC="0.97" CONTENT="nu"/><SP WIDTH="10" VPOS="500" HPOS="391"/>
							<String ID="string_90" HPOS="401" VPOS="499" WIDTH="37" HEIGHT="15" WC="0.93" CONTENT="var"/><SP WIDTH="10" VPOS="499" HPOS="438"/>
							<String ID="string_91" HPOS="448" VPOS="494" WIDTH="75" HEIGHT="25" WC="0.93" CONTENT="slutad,"/><SP WIDTH="12" VPOS="494" HPOS="523"/>
							<String ID="string_92" HPOS="535" VPOS="493" WIDTH="129" HEIGHT="22" WC="0.96" CONTENT="framställde"/><SP WIDTH="10" VPOS="493" HPOS="664"/>
							<String ID="string_93" HPOS="674" VPOS="494" WIDTH="56" HEIGHT="21" WC="0.93" CONTENT="Herr"/><SP WIDTH="10" VPOS="494" HPOS="730"/>
							<String ID="string_94" HPOS="740" VPOS="493" WIDTH="152" HEIGHT="21" WC="0.95" CONTENT="Talmannen"/>
						</TextLine>
						<TextLine ID="line_11" HPOS="74" VPOS="521" WIDTH="312" HEIGHT="27">
							<String ID="string_95" HPOS="74" VPOS="521" WIDTH="156" HEIGHT="21" WC="0.92" CONTENT="nedanstäende"/><SP WIDTH="15" VPOS="521" HPOS="230"/>
							<String ID="string_96" HPOS="245" VPOS="522" WIDTH="141" HEIGHT="26" WC="0.94" CONTENT="proposition:"/>
						</TextLine>
					</TextBlock>
				</ComposedBlock>
				<ComposedBlock ID="cblock_4" HPOS="141" VPOS="578" WIDTH="705" HEIGHT="27">
					<TextBlock ID="block_3" HPOS="141" VPOS="578" WIDTH="705" HEIGHT="27">
						<TextLine ID="line_12" HPOS="141" VPOS="578" WIDTH="705" HEIGHT="27">
							<String ID="string_97" HPOS="141" VPOS="578" WIDTH="96" HEIGHT="27" WC="0.90" CONTENT="Antager"/><SP WIDTH="14" VPOS="578" HPOS="237"/>
							<String ID="string_98" HPOS="251" VPOS="578" WIDTH="85" HEIGHT="22" WC="0.91" CONTENT="ståndet"/><SP WIDTH="15" VPOS="578" HPOS="336"/>
							<String ID="string_99" HPOS="351" VPOS="579" WIDTH="10" HEIGHT="26" WC="0.91" CONTENT="$"/><SP WIDTH="16" VPOS="579" HPOS="361"/>
							<String ID="string_100" HPOS="377" VPOS="579" WIDTH="13" HEIGHT="20" WC="0.95" CONTENT="2"/><SP WIDTH="15" VPOS="579" HPOS="390"/>
							<String ID="string_101" HPOS="405" VPOS="580" WIDTH="6" HEIGHT="20" WC="0.93" CONTENT="i"/><SP WIDTH="16" VPOS="580" HPOS="411"/>
							<String ID="string_102" HPOS="427" VPOS="579" WIDTH="116" HEIGHT="21" WC="0.96" CONTENT="utskottets"/><SP WIDTH="15" VPOS="579" HPOS="543"/>
							<String ID="string_103" HPOS="558" VPOS="579" WIDTH="134" HEIGHT="21" WC="0.96" CONTENT="betänkande"/><SP WIDTH="15" VPOS="579" HPOS="692"/>
							<String ID="string_104" HPOS="707" VPOS="578" WIDTH="139" HEIGHT="22" WC="0.95" CONTENT="oförändrad?"/>
						</TextLine>
					</TextBlock>
				</ComposedBlock>
				<ComposedBlock ID="cblock_5" HPOS="70" VPOS="635" WIDTH="824" HEIGHT="56">
					<TextBlock ID="block_4" HPOS="70" VPOS="635" WIDTH="824" HEIGHT="56">
						<TextLine ID="line_13" HPOS="142" VPOS="635" WIDTH="752" HEIGHT="28">
							<String ID="string_105" HPOS="142" VPOS="636" WIDTH="74" HEIGHT="21" WC="0.96" CONTENT="Denna"/><SP WIDTH="23" VPOS="636" HPOS="216"/>
							<String ID="string_106" HPOS="239" VPOS="636" WIDTH="129" HEIGHT="26" WC="0.95" CONTENT="proposition"/><SP WIDTH="23" VPOS="636" HPOS="368"/>
							<String ID="string_107" HPOS="391" VPOS="636" WIDTH="125" HEIGHT="22" WC="0.96" CONTENT="besvarades"/><SP WIDTH="21" VPOS="636" HPOS="516"/>
							<String ID="string_108" HPOS="537" VPOS="636" WIDTH="47" HEIGHT="21" WC="0.88" CONTENT="med"/><SP WIDTH="26" VPOS="636" HPOS="584"/>
							<String ID="string_109" HPOS="610" VPOS="636" WIDTH="107" HEIGHT="22" WC="0.88" CONTENT="obestridd"/><SP WIDTH="25" VPOS="636" HPOS="717"/>
							<String ID="string_110" HPOS="742" VPOS="635" WIDTH="152" HEIGHT="28" WC="0.91" CONTENT="röstpluralitet"/>
						</TextLine>
						<TextLine ID="line_14" HPOS="70" VPOS="664" WIDTH="98" HEIGHT="27">
							<String ID="string_111" HPOS="70" VPOS="664" WIDTH="98" HEIGHT="27" WC="0.92" CONTENT="jakande."/>
						</TextLine>
					</TextBlock>
				</ComposedBlock>
				<ComposedBlock ID="cblock_6" HPOS="140" VPOS="722" WIDTH="752" HEIGHT="26">
					<TextBlock ID="block_5" HPOS="140" VPOS="722" WIDTH="752" HEIGHT="26">
						<TextLine ID="line_15" HPOS="140" VPOS="722" WIDTH="752" HEIGHT="26">
							<String ID="string_112" HPOS="140" VPOS="723" WIDTH="24" HEIGHT="25" WC="0.72" CONTENT="88"/><SP WIDTH="17" VPOS="723" HPOS="164"/>
							<String ID="string_113" HPOS="181" VPOS="722" WIDTH="19" HEIGHT="25" WC="0.96" CONTENT="3,"/><SP WIDTH="16" VPOS="722" HPOS="200"/>
							<String ID="string_114" HPOS="216" VPOS="723" WIDTH="19" HEIGHT="25" WC="0.96" CONTENT="4,"/><SP WIDTH="17" VPOS="723" HPOS="235"/>
							<String ID="string_115" HPOS="252" VPOS="723" WIDTH="19" HEIGHT="25" WC="0.95" CONTENT="5,"/><SP WIDTH="14" VPOS="723" HPOS="271"/>
							<String ID="string_116" HPOS="285" VPOS="722" WIDTH="18" HEIGHT="25" WC="0.96" CONTENT="6,"/><SP WIDTH="18" VPOS="722" HPOS="303"/>
							<String ID="string_117" HPOS="321" VPOS="722" WIDTH="11" HEIGHT="20" WC="0.96" CONTENT="7"/><SP WIDTH="17" VPOS="722" HPOS="332"/>
							<String ID="string_118" HPOS="349" VPOS="722" WIDTH="38" HEIGHT="21" WC="0.96" CONTENT="och"/><SP WIDTH="16" VPOS="722" HPOS="387"/>
							<String ID="string_119" HPOS="403" VPOS="722" WIDTH="12" HEIGHT="21" WC="0.95" CONTENT="8"/><SP WIDTH="16" VPOS="722" HPOS="415"/>
							<String ID="string_120" HPOS="431" VPOS="722" WIDTH="122" HEIGHT="26" WC="0.96" CONTENT="godkändes"/><SP WIDTH="15" VPOS="722" HPOS="553"/>
							<String ID="string_121" HPOS="568" VPOS="722" WIDTH="23" HEIGHT="21" WC="0.96" CONTENT="af"/><SP WIDTH="13" VPOS="722" HPOS="591"/>
							<String ID="string_122" HPOS="604" VPOS="722" WIDTH="84" HEIGHT="22" WC="0.96" CONTENT="ståndet"/><SP WIDTH="15" VPOS="722" HPOS="688"/>
							<String ID="string_123" HPOS="703" VPOS="724" WIDTH="50" HEIGHT="18" WC="0.96" CONTENT="utan"/><SP WIDTH="17" VPOS="724" HPOS="753"/>
							<String ID="string_124" HPOS="770" VPOS="722" WIDTH="122" HEIGHT="21" WC="0.95" CONTENT="diskussion."/>
						</TextLine>
					</TextBlock>
				</ComposedBlock>
				<ComposedBlock ID="cblock_7" HPOS="76" VPOS="778" WIDTH="818" HEIGHT="141">
					<TextBlock ID="block_6" HPOS="76" VPOS="778" WIDTH="818" HEIGHT="141">
						<TextLine ID="line_16" HPOS="144" VPOS="778" WIDTH="750" HEIGHT="26">
							<String ID="string_125" HPOS="144" VPOS="778" WIDTH="94" HEIGHT="22" WC="0.96" CONTENT="Emedan"/><SP WIDTH="23" VPOS="778" HPOS="238"/>
							<String ID="string_126" HPOS="261" VPOS="778" WIDTH="111" HEIGHT="25" WC="0.95" CONTENT="utskottet,"/><SP WIDTH="24" VPOS="778" HPOS="372"/>
							<String ID="string_127" HPOS="396" VPOS="778" WIDTH="129" HEIGHT="21" WC="0.93" CONTENT="beträffande"/><SP WIDTH="19" VPOS="778" HPOS="525"/>
							<String ID="string_128" HPOS="544" VPOS="779" WIDTH="11" HEIGHT="25" WC="0.90" CONTENT="$"/><SP WIDTH="16" VPOS="779" HPOS="555"/>
							<String ID="string_129" HPOS="571" VPOS="780" WIDTH="19" HEIGHT="24" WC="0.93" CONTENT="9,"/><SP WIDTH="16" VPOS="780" HPOS="590"/>
							<String ID="string_130" HPOS="606" VPOS="778" WIDTH="6" HEIGHT="21" WC="0.93" CONTENT="i"/><SP WIDTH="15" VPOS="778" HPOS="612"/>
							<String ID="string_131" HPOS="627" VPOS="778" WIDTH="37" HEIGHT="21" WC="0.96" CONTENT="sitt"/><SP WIDTH="22" VPOS="778" HPOS="664"/>
							<String ID="string_132" HPOS="686" VPOS="778" WIDTH="132" HEIGHT="21" WC="0.93" CONTENT="betänkande"/><SP WIDTH="23" VPOS="778" HPOS="818"/>
							<String ID="string_133" HPOS="841" VPOS="778" WIDTH="53" HEIGHT="21" WC="0.92" CONTENT="före-"/>
						</TextLine>
						<TextLine ID="line_17" HPOS="76" VPOS="806" WIDTH="818" HEIGHT="28">
							<String ID="string_134" HPOS="76" VPOS="806" WIDTH="67" HEIGHT="28" WC="0.96" CONTENT="slagit,"/><SP WIDTH="23" VPOS="806" HPOS="143"/>
							<String ID="string_135" HPOS="166" VPOS="809" WIDTH="33" HEIGHT="19" WC="0.96" CONTENT="att"/><SP WIDTH="17" VPOS="809" HPOS="199"/>
							<String ID="string_136" HPOS="216" VPOS="806" WIDTH="124" HEIGHT="28" WC="0.96" CONTENT="paragrafen"/><SP WIDTH="16" VPOS="806" HPOS="340"/>
							<String ID="string_137" HPOS="356" VPOS="807" WIDTH="98" HEIGHT="26" WC="0.96" CONTENT="antingen"/><SP WIDTH="16" VPOS="807" HPOS="454"/>
							<String ID="string_138" HPOS="470" VPOS="806" WIDTH="68" HEIGHT="22" WC="0.96" CONTENT="skulle"/><SP WIDTH="14" VPOS="806" HPOS="538"/>
							<String ID="string_139" HPOS="552" VPOS="806" WIDTH="21" HEIGHT="22" WC="0.96" CONTENT="få"/><SP WIDTH="16" VPOS="806" HPOS="573"/>
							<String ID="string_140" HPOS="589" VPOS="813" WIDTH="24" HEIGHT="15" WC="0.96" CONTENT="en"/><SP WIDTH="16" VPOS="813" HPOS="613"/>
							<String ID="string_141" HPOS="629" VPOS="806" WIDTH="112" HEIGHT="22" WC="0.96" CONTENT="förändrad"/><SP WIDTH="16" VPOS="806" HPOS="741"/>
							<String ID="string_142" HPOS="757" VPOS="806" WIDTH="137" HEIGHT="28" WC="0.96" CONTENT="ordalydelse,"/>
						</TextLine>
						<TextLine ID="line_18" HPOS="76" VPOS="834" WIDTH="818" HEIGHT="28">
							<String ID="string_143" HPOS="76" VPOS="834" WIDTH="51" HEIGHT="22" WC="0.96" CONTENT="eller"/><SP WIDTH="16" VPOS="834" HPOS="127"/>
							<String ID="string_144" HPOS="143" VPOS="837" WIDTH="32" HEIGHT="19" WC="0.96" CONTENT="att"/><SP WIDTH="16" VPOS="837" HPOS="175"/>
							<String ID="string_145" HPOS="191" VPOS="836" WIDTH="120" HEIGHT="20" WC="0.96" CONTENT="densamma"/><SP WIDTH="15" VPOS="836" HPOS="311"/>
							<String ID="string_146" HPOS="326" VPOS="836" WIDTH="66" HEIGHT="20" WC="0.96" CONTENT="måtte"/><SP WIDTH="15" VPOS="836" HPOS="392"/>
							<String ID="string_147" HPOS="407" VPOS="842" WIDTH="25" HEIGHT="14" WC="0.93" CONTENT="ur"/><SP WIDTH="15" VPOS="842" HPOS="432"/>
							<String ID="string_148" HPOS="447" VPOS="836" WIDTH="191" HEIGHT="26" WC="0.91" CONTENT="ordningsstadgan"/><SP WIDTH="15" VPOS="836" HPOS="638"/>
							<String ID="string_149" HPOS="653" VPOS="835" WIDTH="44" HEIGHT="21" WC="0.96" CONTENT="helt"/><SP WIDTH="15" VPOS="835" HPOS="697"/>
							<String ID="string_150" HPOS="712" VPOS="835" WIDTH="38" HEIGHT="21" WC="0.96" CONTENT="och"/><SP WIDTH="11" VPOS="835" HPOS="750"/>
							<String ID="string_151" HPOS="761" VPOS="834" WIDTH="66" HEIGHT="22" WC="0.96" CONTENT="hållet"/><SP WIDTH="10" VPOS="834" HPOS="827"/>
							<String ID="string_152" HPOS="837" VPOS="836" WIDTH="57" HEIGHT="26" WC="0.96" CONTENT="utgå,"/>
						</TextLine>
						<TextLine ID="line_19" HPOS="77" VPOS="863" WIDTH="817" HEIGHT="27">
							<String ID="string_153" HPOS="77" VPOS="863" WIDTH="129" HEIGHT="22" WC="0.96" CONTENT="framställde"/><SP WIDTH="23" VPOS="863" HPOS="206"/>
							<String ID="string_154" HPOS="229" VPOS="864" WIDTH="55" HEIGHT="21" WC="0.96" CONTENT="Herr"/><SP WIDTH="20" VPOS="864" HPOS="284"/>
							<String ID="string_155" HPOS="304" VPOS="863" WIDTH="152" HEIGHT="22" WC="0.95" CONTENT="Talmannen"/><SP WIDTH="23" VPOS="863" HPOS="456"/>
							<String ID="string_156" HPOS="479" VPOS="864" WIDTH="31" HEIGHT="20" WC="0.93" CONTENT="till"/><SP WIDTH="21" VPOS="864" HPOS="510"/>
							<String ID="string_157" HPOS="531" VPOS="864" WIDTH="94" HEIGHT="21" WC="0.92" CONTENT="ständets"/><SP WIDTH="26" VPOS="864" HPOS="625"/>
							<String ID="string_158" HPOS="651" VPOS="863" WIDTH="128" HEIGHT="22" WC="0.91" CONTENT="besvarande"/><SP WIDTH="26" VPOS="863" HPOS="779"/>
							<String ID="string_159" HPOS="805" VPOS="863" WIDTH="89" HEIGHT="27" WC="0.96" CONTENT="följande"/>
						</TextLine>
						<TextLine ID="line_20" HPOS="76" VPOS="892" WIDTH="140" HEIGHT="27">
							<String ID="string_160" HPOS="76" VPOS="892" WIDTH="140" HEIGHT="27" WC="0.96" CONTENT="proposition:"/>
						</TextLine>
					</TextBlock>
				</ComposedBlock>
				<ComposedBlock ID="cblock_8" HPOS="76" VPOS="948" WIDTH="821" HEIGHT="85">
					<TextBlock ID="block_7" HPOS="76" VPOS="948" WIDTH="821" HEIGHT="85">
						<TextLine ID="line_21" HPOS="146" VPOS="948" WIDTH="751" HEIGHT="28">
							<String ID="string_161" HPOS="146" VPOS="949" WIDTH="94" HEIGHT="26" WC="0.88" CONTENT="Antager"/><SP WIDTH="22" VPOS="949" HPOS="240"/>
							<String ID="string_162" HPOS="262" VPOS="949" WIDTH="85" HEIGHT="22" WC="0.93" CONTENT="ståndet"/><SP WIDTH="14" VPOS="949" HPOS="347"/>
							<String ID="string_163" HPOS="361" VPOS="950" WIDTH="13" HEIGHT="25" WC="0.90" CONTENT="8"/><SP WIDTH="16" VPOS="950" HPOS="374"/>
							<String ID="string_164" HPOS="390" VPOS="950" WIDTH="13" HEIGHT="20" WC="0.96" CONTENT="9"/><SP WIDTH="16" VPOS="950" HPOS="403"/>
							<String ID="string_165" HPOS="419" VPOS="949" WIDTH="46" HEIGHT="20" WC="0.96" CONTENT="med"/><SP WIDTH="16" VPOS="949" HPOS="465"/>
							<String ID="string_166" HPOS="481" VPOS="949" WIDTH="40" HEIGHT="21" WC="0.92" CONTENT="den"/><SP WIDTH="16" VPOS="949" HPOS="521"/>
							<String ID="string_167" HPOS="537" VPOS="949" WIDTH="138" HEIGHT="27" WC="0.59" CONTENT="ordalydelse,"/><SP WIDTH="18" VPOS="949" HPOS="675"/>
							<String ID="string_168" HPOS="693" VPOS="948" WIDTH="115" HEIGHT="22" WC="0.93" CONTENT="utskottets"/><SP WIDTH="16" VPOS="948" HPOS="808"/>
							<String ID="string_169" HPOS="824" VPOS="949" WIDTH="73" HEIGHT="20" WC="0.85" CONTENT="betän-"/>
						</TextLine>
						<TextLine ID="line_22" HPOS="76" VPOS="977" WIDTH="821" HEIGHT="27">
							<String ID="string_170" HPOS="76" VPOS="978" WIDTH="69" HEIGHT="21" WC="0.93" CONTENT="kande"/><SP WIDTH="12" VPOS="978" HPOS="145"/>
							<String ID="string_171" HPOS="157" VPOS="977" WIDTH="123" HEIGHT="26" WC="0.92" CONTENT="innehäller,"/><SP WIDTH="16" VPOS="977" HPOS="280"/>
							<String ID="string_172" HPOS="296" VPOS="977" WIDTH="52" HEIGHT="22" WC="0.96" CONTENT="eller"/><SP WIDTH="15" VPOS="977" HPOS="348"/>
							<String ID="string_173" HPOS="363" VPOS="984" WIDTH="60" HEIGHT="15" WC="0.93" CONTENT="anser"/><SP WIDTH="10" VPOS="984" HPOS="423"/>
							<String ID="string_174" HPOS="433" VPOS="977" WIDTH="91" HEIGHT="26" WC="0.93" CONTENT="ständet,"/><SP WIDTH="12" VPOS="977" HPOS="524"/>
							<String ID="string_175" HPOS="536" VPOS="978" WIDTH="36" HEIGHT="21" WC="0.96" CONTENT="det"/><SP WIDTH="10" VPOS="978" HPOS="572"/>
							<String ID="string_176" HPOS="582" VPOS="977" WIDTH="90" HEIGHT="21" WC="0.93" CONTENT="berörda"/><SP WIDTH="11" VPOS="977" HPOS="672"/>
							<String ID="string_177" HPOS="683" VPOS="977" WIDTH="11" HEIGHT="27" WC="0.90" CONTENT="&amp;"/><SP WIDTH="10" VPOS="977" HPOS="694"/>
							<String ID="string_178" HPOS="704" VPOS="977" WIDTH="38" HEIGHT="22" WC="0.96" CONTENT="bör"/><SP WIDTH="11" VPOS="977" HPOS="742"/>
							<String ID="string_179" HPOS="753" VPOS="984" WIDTH="25" HEIGHT="14" WC="0.92" CONTENT="ur"/><SP WIDTH="11" VPOS="984" HPOS="778"/>
							<String ID="string_180" HPOS="789" VPOS="977" WIDTH="108" HEIGHT="26" WC="0.91" CONTENT="ordnings-"/>
						</TextLine>
						<TextLine ID="line_23" HPOS="77" VPOS="1006" WIDTH="362" HEIGHT="27">
							<String ID="string_181" HPOS="77" VPOS="1007" WIDTH="88" HEIGHT="26" WC="0.92" CONTENT="stadgan"/><SP WIDTH="15" VPOS="1007" HPOS="165"/>
							<String ID="string_182" HPOS="180" VPOS="1006" WIDTH="45" HEIGHT="21" WC="0.96" CONTENT="helt"/><SP WIDTH="16" VPOS="1006" HPOS="225"/>
							<String ID="string_183" HPOS="241" VPOS="1007" WIDTH="38" HEIGHT="20" WC="0.93" CONTENT="och"/><SP WIDTH="16" VPOS="1007" HPOS="279"/>
							<String ID="string_184" HPOS="295" VPOS="1006" WIDTH="65" HEIGHT="21" WC="0.92" CONTENT="hället"/><SP WIDTH="15" VPOS="1006" HPOS="360"/>
							<String ID="string_185" HPOS="375" VPOS="1006" WIDTH="64" HEIGHT="26" WC="0.89" CONTENT="utgä?"/>
						</TextLine>
					</TextBlock>
				</ComposedBlock>
				<ComposedBlock ID="cblock_9" HPOS="78" VPOS="1061" WIDTH="820" HEIGHT="56">
					<TextBlock ID="block_8" HPOS="78" VPOS="1061" WIDTH="820" HEIGHT="56">
						<TextLine ID="line_24" HPOS="146" VPOS="1061" WIDTH="752" HEIGHT="28">
							<String ID="string_186" HPOS="146" VPOS="1063" WIDTH="38" HEIGHT="24" WC="0.95" CONTENT="De,"/><SP WIDTH="23" VPOS="1063" HPOS="184"/>
							<String ID="string_187" HPOS="207" VPOS="1068" WIDTH="45" HEIGHT="15" WC="0.95" CONTENT="som"/><SP WIDTH="22" VPOS="1068" HPOS="252"/>
							<String ID="string_188" HPOS="274" VPOS="1062" WIDTH="48" HEIGHT="27" WC="0.96" CONTENT="vilja"/><SP WIDTH="23" VPOS="1062" HPOS="322"/>
							<String ID="string_189" HPOS="345" VPOS="1062" WIDTH="36" HEIGHT="21" WC="0.93" CONTENT="det"/><SP WIDTH="17" VPOS="1062" HPOS="381"/>
							<String ID="string_190" HPOS="398" VPOS="1061" WIDTH="62" HEIGHT="28" WC="0.91" CONTENT="förra,"/><SP WIDTH="16" VPOS="1061" HPOS="460"/>
							<String ID="string_191" HPOS="476" VPOS="1069" WIDTH="60" HEIGHT="15" WC="0.93" CONTENT="svara"/><SP WIDTH="12" VPOS="1069" HPOS="536"/>
							<String ID="string_192" HPOS="548" VPOS="1063" WIDTH="29" HEIGHT="26" WC="0.96" CONTENT="ja,"/><SP WIDTH="17" VPOS="1063" HPOS="577"/>
							<String ID="string_193" HPOS="594" VPOS="1062" WIDTH="39" HEIGHT="21" WC="0.96" CONTENT="och"/><SP WIDTH="16" VPOS="1062" HPOS="633"/>
							<String ID="string_194" HPOS="649" VPOS="1062" WIDTH="31" HEIGHT="25" WC="0.93" CONTENT="de,"/><SP WIDTH="16" VPOS="1062" HPOS="680"/>
							<String ID="string_195" HPOS="696" VPOS="1062" WIDTH="70" HEIGHT="21" WC="0.90" CONTENT="hvilka"/><SP WIDTH="15" VPOS="1062" HPOS="766"/>
							<String ID="string_196" HPOS="781" VPOS="1062" WIDTH="66" HEIGHT="21" WC="0.93" CONTENT="önska"/><SP WIDTH="15" VPOS="1062" HPOS="847"/>
							<String ID="string_197" HPOS="862" VPOS="1062" WIDTH="36" HEIGHT="21" WC="0.96" CONTENT="det"/>
						</TextLine>
						<TextLine ID="line_25" HPOS="78" VPOS="1091" WIDTH="211" HEIGHT="26">
							<String ID="string_198" HPOS="78" VPOS="1097" WIDTH="80" HEIGHT="20" WC="0.93" CONTENT="senare,"/><SP WIDTH="16" VPOS="1097" HPOS="158"/>
							<String ID="string_199" HPOS="174" VPOS="1097" WIDTH="61" HEIGHT="15" WC="0.92" CONTENT="svara"/><SP WIDTH="15" VPOS="1097" HPOS="235"/>
							<String ID="string_200" HPOS="250" VPOS="1091" WIDTH="39" HEIGHT="26" WC="0.96" CONTENT="nej."/>
						</TextLine>
					</TextBlock>
				</ComposedBlock>
				<ComposedBlock ID="cblock_10" HPOS="77" VPOS="1147" WIDTH="821" HEIGHT="113">
					<TextBlock ID="block_9" HPOS="77" VPOS="1147" WIDTH="821" HEIGHT="113">
						<TextLine ID="line_26" HPOS="146" VPOS="1147" WIDTH="752" HEIGHT="27">
							<String ID="string_201" HPOS="146" VPOS="1148" WIDTH="59" HEIGHT="21" WC="0.90" CONTENT="Enär"/><SP WIDTH="22" VPOS="1148" HPOS="205"/>
							<String ID="string_202" HPOS="227" VPOS="1148" WIDTH="71" HEIGHT="26" WC="0.90" CONTENT="frägan"/><SP WIDTH="23" VPOS="1148" HPOS="298"/>
							<String ID="string_203" HPOS="321" VPOS="1148" WIDTH="126" HEIGHT="21" WC="0.92" CONTENT="besvarades"/><SP WIDTH="23" VPOS="1148" HPOS="447"/>
							<String ID="string_204" HPOS="470" VPOS="1148" WIDTH="46" HEIGHT="21" WC="0.93" CONTENT="med"/><SP WIDTH="23" VPOS="1148" HPOS="516"/>
							<String ID="string_205" HPOS="539" VPOS="1148" WIDTH="54" HEIGHT="21" WC="0.91" CONTENT="bäde"/><SP WIDTH="21" VPOS="1148" HPOS="593"/>
							<String ID="string_206" HPOS="614" VPOS="1148" WIDTH="22" HEIGHT="26" WC="0.96" CONTENT="ja"/><SP WIDTH="22" VPOS="1148" HPOS="636"/>
							<String ID="string_207" HPOS="658" VPOS="1148" WIDTH="39" HEIGHT="20" WC="0.96" CONTENT="och"/><SP WIDTH="23" VPOS="1148" HPOS="697"/>
							<String ID="string_208" HPOS="720" VPOS="1148" WIDTH="39" HEIGHT="26" WC="0.93" CONTENT="nej,"/><SP WIDTH="24" VPOS="1148" HPOS="759"/>
							<String ID="string_209" HPOS="783" VPOS="1147" WIDTH="115" HEIGHT="22" WC="0.92" CONTENT="anställdes"/>
						</TextLine>
						<TextLine ID="line_27" HPOS="77" VPOS="1175" WIDTH="820" HEIGHT="28">
							<String ID="string_210" HPOS="77" VPOS="1177" WIDTH="101" HEIGHT="26" WC="0.92" CONTENT="votering,"/><SP WIDTH="17" VPOS="1177" HPOS="178"/>
							<String ID="string_211" HPOS="195" VPOS="1176" WIDTH="72" HEIGHT="22" WC="0.91" CONTENT="dervid"/><SP WIDTH="17" VPOS="1176" HPOS="267"/>
							<String ID="string_212" HPOS="284" VPOS="1177" WIDTH="25" HEIGHT="20" WC="0.93" CONTENT="12"/><SP WIDTH="16" VPOS="1177" HPOS="309"/>
							<String ID="string_213" HPOS="325" VPOS="1178" WIDTH="68" HEIGHT="20" WC="0.91" CONTENT="röster"/><SP WIDTH="14" VPOS="1178" HPOS="393"/>
							<String ID="string_214" HPOS="407" VPOS="1176" WIDTH="102" HEIGHT="22" WC="0.92" CONTENT="befunnos"/><SP WIDTH="16" VPOS="1176" HPOS="509"/>
							<String ID="string_215" HPOS="525" VPOS="1176" WIDTH="61" HEIGHT="21" WC="0.87" CONTENT="hafva"/><SP WIDTH="15" VPOS="1176" HPOS="586"/>
							<String ID="string_216" HPOS="601" VPOS="1175" WIDTH="77" HEIGHT="21" WC="0.93" CONTENT="uttalat"/><SP WIDTH="14" VPOS="1175" HPOS="678"/>
							<String ID="string_217" HPOS="692" VPOS="1176" WIDTH="31" HEIGHT="26" WC="0.96" CONTENT="sig"/><SP WIDTH="15" VPOS="1176" HPOS="723"/>
							<String ID="string_218" HPOS="738" VPOS="1176" WIDTH="32" HEIGHT="21" WC="0.97" CONTENT="för"/><SP WIDTH="12" VPOS="1176" HPOS="770"/>
							<String ID="string_219" HPOS="782" VPOS="1176" WIDTH="22" HEIGHT="26" WC="0.96" CONTENT="ja"/><SP WIDTH="16" VPOS="1176" HPOS="804"/>
							<String ID="string_220" HPOS="820" VPOS="1176" WIDTH="39" HEIGHT="21" WC="0.96" CONTENT="och"/><SP WIDTH="13" VPOS="1176" HPOS="859"/>
							<String ID="string_221" HPOS="872" VPOS="1177" WIDTH="25" HEIGHT="20" WC="0.96" CONTENT="14"/>
						</TextLine>
						<TextLine ID="line_28" HPOS="77" VPOS="1204" WIDTH="820" HEIGHT="28">
							<String ID="string_222" HPOS="77" VPOS="1205" WIDTH="33" HEIGHT="21" WC="0.94" CONTENT="för"/><SP WIDTH="22" VPOS="1205" HPOS="110"/>
							<String ID="string_223" HPOS="132" VPOS="1206" WIDTH="40" HEIGHT="26" WC="0.93" CONTENT="nej,"/><SP WIDTH="21" VPOS="1206" HPOS="172"/>
							<String ID="string_224" HPOS="193" VPOS="1205" WIDTH="80" HEIGHT="27" WC="0.91" CONTENT="tillfölje"/><SP WIDTH="15" VPOS="1205" HPOS="273"/>
							<String ID="string_225" HPOS="288" VPOS="1204" WIDTH="75" HEIGHT="22" WC="0.96" CONTENT="hvaraf"/><SP WIDTH="14" VPOS="1204" HPOS="363"/>
							<String ID="string_226" HPOS="377" VPOS="1206" WIDTH="11" HEIGHT="24" WC="0.83" CONTENT="8"/><SP WIDTH="16" VPOS="1206" HPOS="388"/>
							<String ID="string_227" HPOS="404" VPOS="1205" WIDTH="13" HEIGHT="20" WC="0.96" CONTENT="9"/><SP WIDTH="15" VPOS="1205" HPOS="417"/>
							<String ID="string_228" HPOS="432" VPOS="1204" WIDTH="68" HEIGHT="22" WC="0.96" CONTENT="skulle"/><SP WIDTH="15" VPOS="1204" HPOS="500"/>
							<String ID="string_229" HPOS="515" VPOS="1211" WIDTH="25" HEIGHT="15" WC="0.93" CONTENT="ur"/><SP WIDTH="15" VPOS="1211" HPOS="540"/>
							<String ID="string_230" HPOS="555" VPOS="1205" WIDTH="88" HEIGHT="25" WC="0.96" CONTENT="stadgan"/><SP WIDTH="16" VPOS="1205" HPOS="643"/>
							<String ID="string_231" HPOS="659" VPOS="1205" WIDTH="51" HEIGHT="25" WC="0.96" CONTENT="utgå"/><SP WIDTH="14" VPOS="1205" HPOS="710"/>
							<String ID="string_232" HPOS="724" VPOS="1207" WIDTH="55" HEIGHT="18" WC="0.96" CONTENT="samt"/><SP WIDTH="15" VPOS="1207" HPOS="779"/>
							<String ID="string_233" HPOS="794" VPOS="1205" WIDTH="26" HEIGHT="20" WC="0.93" CONTENT="de"/><SP WIDTH="15" VPOS="1205" HPOS="820"/>
							<String ID="string_234" HPOS="835" VPOS="1204" WIDTH="62" HEIGHT="22" WC="0.92" CONTENT="efter-"/>
						</TextLine>
						<TextLine ID="line_29" HPOS="77" VPOS="1232" WIDTH="755" HEIGHT="28">
							<String ID="string_235" HPOS="77" VPOS="1233" WIDTH="91" HEIGHT="27" WC="0.93" CONTENT="följande"/><SP WIDTH="16" VPOS="1233" HPOS="168"/>
							<String ID="string_236" HPOS="184" VPOS="1233" WIDTH="159" HEIGHT="27" WC="0.92" CONTENT="paragrafernas"/><SP WIDTH="16" VPOS="1233" HPOS="343"/>
							<String ID="string_237" HPOS="359" VPOS="1233" WIDTH="148" HEIGHT="27" WC="0.53" CONTENT="nummerföljd"/><SP WIDTH="14" VPOS="1233" HPOS="507"/>
							<String ID="string_238" HPOS="521" VPOS="1234" WIDTH="6" HEIGHT="20" WC="0.96" CONTENT="i"/><SP WIDTH="16" VPOS="1234" HPOS="527"/>
							<String ID="string_239" HPOS="543" VPOS="1232" WIDTH="92" HEIGHT="28" WC="0.93" CONTENT="enlighet"/><SP WIDTH="15" VPOS="1232" HPOS="635"/>
							<String ID="string_240" HPOS="650" VPOS="1233" WIDTH="85" HEIGHT="21" WC="0.96" CONTENT="dermed"/><SP WIDTH="15" VPOS="1233" HPOS="735"/>
							<String ID="string_241" HPOS="750" VPOS="1233" WIDTH="82" HEIGHT="21" WC="0.96" CONTENT="ändras."/>
						</TextLine>
					</TextBlock>
				</ComposedBlock>
				<ComposedBlock ID="cblock_11" HPOS="79" VPOS="1319" WIDTH="819" HEIGHT="167">
					<TextBlock ID="block_10" HPOS="79" VPOS="1319" WIDTH="819" HEIGHT="167">
						<TextLine ID="line_30" HPOS="455" VPOS="1319" WIDTH="63" HEIGHT="27">
							<String ID="string_242" HPOS="455" VPOS="1319" WIDTH="15" HEIGHT="27" WC="0.92" CONTENT="$"/><SP WIDTH="15" VPOS="1319" HPOS="470"/>
							<String ID="string_243" HPOS="485" VPOS="1320" WIDTH="33" HEIGHT="20" WC="0.92" CONTENT="10."/>
						</TextLine>
						<TextLine ID="line_31" HPOS="146" VPOS="1375" WIDTH="751" HEIGHT="28">
							<String ID="string_244" HPOS="146" VPOS="1376" WIDTH="41" HEIGHT="21" WC="0.96" CONTENT="Vid"/><SP WIDTH="16" VPOS="1376" HPOS="187"/>
							<String ID="string_245" HPOS="203" VPOS="1376" WIDTH="153" HEIGHT="26" WC="0.96" CONTENT="behandlingen"/><SP WIDTH="15" VPOS="1376" HPOS="356"/>
							<String ID="string_246" HPOS="371" VPOS="1376" WIDTH="21" HEIGHT="22" WC="0.96" CONTENT="af"/><SP WIDTH="15" VPOS="1376" HPOS="392"/>
							<String ID="string_247" HPOS="407" VPOS="1377" WIDTH="67" HEIGHT="21" WC="0.93" CONTENT="denna"/><SP WIDTH="16" VPOS="1377" HPOS="474"/>
							<String ID="string_248" HPOS="490" VPOS="1377" WIDTH="12" HEIGHT="26" WC="0.92" CONTENT="$"/><SP WIDTH="15" VPOS="1377" HPOS="502"/>
							<String ID="string_249" HPOS="517" VPOS="1376" WIDTH="119" HEIGHT="27" WC="0.91" CONTENT="uppträdde"/><SP WIDTH="15" VPOS="1376" HPOS="636"/>
							<String ID="string_250" HPOS="651" VPOS="1375" WIDTH="159" HEIGHT="22" WC="0.91" CONTENT="nedannämnda"/><SP WIDTH="12" VPOS="1375" HPOS="810"/>
							<String ID="string_251" HPOS="822" VPOS="1375" WIDTH="75" HEIGHT="22" WC="0.92" CONTENT="talare:"/>
						</TextLine>
						<TextLine ID="line_32" HPOS="147" VPOS="1431" WIDTH="749" HEIGHT="27">
							<String ID="string_252" HPOS="147" VPOS="1432" WIDTH="55" HEIGHT="21" WC="0.93" CONTENT="Herr"/><SP WIDTH="24" VPOS="1432" HPOS="202"/>
							<String ID="string_253" HPOS="226" VPOS="1432" WIDTH="147" HEIGHT="21" WC="0.96" CONTENT="Cederman:"/><SP WIDTH="22" VPOS="1432" HPOS="373"/>
							<String ID="string_254" HPOS="395" VPOS="1433" WIDTH="67" HEIGHT="20" WC="0.93" CONTENT="under"/><SP WIDTH="21" VPOS="1433" HPOS="462"/>
							<String ID="string_255" HPOS="483" VPOS="1432" WIDTH="150" HEIGHT="24" WC="0.95" CONTENT="förutsättning"/><SP WIDTH="21" VPOS="1432" HPOS="633"/>
							<String ID="string_256" HPOS="654" VPOS="1434" WIDTH="32" HEIGHT="18" WC="0.93" CONTENT="att"/><SP WIDTH="14" VPOS="1434" HPOS="686"/>
							<String ID="string_257" HPOS="700" VPOS="1431" WIDTH="137" HEIGHT="21" WC="0.91" CONTENT="förevarande"/><SP WIDTH="15" VPOS="1431" HPOS="837"/>
							<String ID="string_258" HPOS="852" VPOS="1432" WIDTH="11" HEIGHT="26" WC="0.82" CONTENT="$"/><SP WIDTH="16" VPOS="1432" HPOS="863"/>
							<String ID="string_259" HPOS="879" VPOS="1431" WIDTH="17" HEIGHT="26" WC="0.96" CONTENT="ej"/>
						</TextLine>
						<TextLine ID="line_33" HPOS="79" VPOS="1459" WIDTH="819" HEIGHT="27">
							<String ID="string_260" HPOS="79" VPOS="1461" WIDTH="92" HEIGHT="20" WC="0.96" CONTENT="drabbas"/><SP WIDTH="16" VPOS="1461" HPOS="171"/>
							<String ID="string_261" HPOS="187" VPOS="1460" WIDTH="21" HEIGHT="21" WC="0.96" CONTENT="af"/><SP WIDTH="13" VPOS="1460" HPOS="208"/>
							<String ID="string_262" HPOS="221" VPOS="1466" WIDTH="80" HEIGHT="15" WC="0.92" CONTENT="samma"/><SP WIDTH="15" VPOS="1466" HPOS="301"/>
							<String ID="string_263" HPOS="316" VPOS="1459" WIDTH="96" HEIGHT="27" WC="0.91" CONTENT="missöde,"/><SP WIDTH="17" VPOS="1459" HPOS="412"/>
							<String ID="string_264" HPOS="429" VPOS="1466" WIDTH="44" HEIGHT="15" WC="0.96" CONTENT="som"/><SP WIDTH="16" VPOS="1466" HPOS="473"/>
							<String ID="string_265" HPOS="489" VPOS="1460" WIDTH="40" HEIGHT="21" WC="0.92" CONTENT="den"/><SP WIDTH="13" VPOS="1460" HPOS="529"/>
							<String ID="string_266" HPOS="542" VPOS="1459" WIDTH="173" HEIGHT="26" WC="0.91" CONTENT="nästföregäende"/><SP WIDTH="13" VPOS="1459" HPOS="715"/>
							<String ID="string_267" HPOS="728" VPOS="1460" WIDTH="12" HEIGHT="25" WC="0.81" CONTENT="&amp;"/><SP WIDTH="13" VPOS="1460" HPOS="740"/>
							<String ID="string_268" HPOS="753" VPOS="1459" WIDTH="101" HEIGHT="26" WC="0.91" CONTENT="nemligen"/><SP WIDTH="12" VPOS="1459" HPOS="854"/>
							<String ID="string_269" HPOS="866" VPOS="1461" WIDTH="32" HEIGHT="19" WC="0.96" CONTENT="att"/>
						</TextLine>
					</TextBlock>
				</ComposedBlock>
				<ComposedBlock ID="cblock_12" HPOS="78" VPOS="1487" WIDTH="820" HEIGHT="59">
					<TextBlock ID="block_11" HPOS="78" VPOS="1487" WIDTH="820" HEIGHT="59">
						<TextLine ID="line_34" HPOS="79" VPOS="1487" WIDTH="819" HEIGHT="28">
							<String ID="string_270" HPOS="79" VPOS="1488" WIDTH="40" HEIGHT="23" WC="0.92" CONTENT="den"/><SP WIDTH="23" VPOS="1488" HPOS="119"/>
							<String ID="string_271" HPOS="142" VPOS="1489" WIDTH="84" HEIGHT="21" WC="0.92" CONTENT="komme"/><SP WIDTH="19" VPOS="1489" HPOS="226"/>
							<String ID="string_272" HPOS="245" VPOS="1490" WIDTH="32" HEIGHT="19" WC="0.96" CONTENT="att"/><SP WIDTH="22" VPOS="1490" HPOS="277"/>
							<String ID="string_273" HPOS="299" VPOS="1495" WIDTH="25" HEIGHT="14" WC="0.93" CONTENT="ur"/><SP WIDTH="15" VPOS="1495" HPOS="324"/>
							<String ID="string_274" HPOS="339" VPOS="1488" WIDTH="189" HEIGHT="27" WC="0.92" CONTENT="ordningsstadgan"/><SP WIDTH="15" VPOS="1488" HPOS="528"/>
							<String ID="string_275" HPOS="543" VPOS="1488" WIDTH="56" HEIGHT="27" WC="0.93" CONTENT="utgä,"/><SP WIDTH="16" VPOS="1488" HPOS="599"/>
							<String ID="string_276" HPOS="615" VPOS="1487" WIDTH="65" HEIGHT="22" WC="0.93" CONTENT="beder"/><SP WIDTH="12" VPOS="1487" HPOS="680"/>
							<String ID="string_277" HPOS="692" VPOS="1487" WIDTH="36" HEIGHT="26" WC="0.97" CONTENT="jag"/><SP WIDTH="15" VPOS="1487" HPOS="728"/>
							<String ID="string_278" HPOS="743" VPOS="1489" WIDTH="32" HEIGHT="20" WC="0.93" CONTENT="att"/><SP WIDTH="15" VPOS="1489" HPOS="775"/>
							<String ID="string_279" HPOS="790" VPOS="1487" WIDTH="20" HEIGHT="22" WC="0.93" CONTENT="fä"/><SP WIDTH="15" VPOS="1487" HPOS="810"/>
							<String ID="string_280" HPOS="825" VPOS="1487" WIDTH="73" HEIGHT="22" WC="0.96" CONTENT="anföra"/>
						</TextLine>
						<TextLine ID="line_35" HPOS="78" VPOS="1516" WIDTH="819" HEIGHT="30">
							<String ID="string_281" HPOS="78" VPOS="1517" WIDTH="104" HEIGHT="29" WC="0.91" CONTENT="följande:"/><SP WIDTH="25" VPOS="1517" HPOS="182"/>
							<String ID="string_282" HPOS="207" VPOS="1518" WIDTH="40" HEIGHT="27" WC="0.91" CONTENT="1:0)"/><SP WIDTH="16" VPOS="1518" HPOS="247"/>
							<String ID="string_283" HPOS="263" VPOS="1517" WIDTH="76" HEIGHT="23" WC="0.96" CONTENT="saknas"/><SP WIDTH="18" VPOS="1517" HPOS="339"/>
							<String ID="string_284" HPOS="357" VPOS="1517" WIDTH="39" HEIGHT="22" WC="0.93" CONTENT="den"/><SP WIDTH="16" VPOS="1517" HPOS="396"/>
							<String ID="string_285" HPOS="412" VPOS="1517" WIDTH="137" HEIGHT="26" WC="0.90" CONTENT="bestämning,"/><SP WIDTH="16" VPOS="1517" HPOS="549"/>
							<String ID="string_286" HPOS="565" VPOS="1519" WIDTH="32" HEIGHT="19" WC="0.96" CONTENT="att"/><SP WIDTH="16" VPOS="1519" HPOS="597"/>
							<String ID="string_287" HPOS="613" VPOS="1516" WIDTH="46" HEIGHT="25" WC="0.93" CONTENT="den,"/><SP WIDTH="16" VPOS="1516" HPOS="659"/>
							<String ID="string_288" HPOS="675" VPOS="1516" WIDTH="83" HEIGHT="21" WC="0.93" CONTENT="hvilken"/><SP WIDTH="16" VPOS="1516" HPOS="758"/>
							<String ID="string_289" HPOS="774" VPOS="1516" WIDTH="83" HEIGHT="22" WC="0.93" CONTENT="ofredar"/><SP WIDTH="15" VPOS="1516" HPOS="857"/>
							<String ID="string_290" HPOS="872" VPOS="1523" WIDTH="25" HEIGHT="14" WC="0.97" CONTENT="en"/>
						</TextLine>
					</TextBlock>
				</ComposedBlock>
			</PrintSpace>
		</Page>
	</Layout>
</alto>
