1081 1786
317 131 181 21 Borgareståndet.
523 132 54 17 1867.
600 133 13 16 2
624 132 63 21 April.
835 127 41 20 365

89 215 97 22 hvarföre
212 215 159 22 bankutskottet
392 217 65 26 ansåg
474 217 87 22 sednare
577 217 60 22 delen
652 217 22 22 af
687 224 61 14 mom.
763 223 12 14 e
789 217 6 21 i
810 217 94 27 proposi-

89 244 72 21 tionen
176 244 71 22 kunna
261 245 71 21 såsom
348 244 131 28 öfverflödigt
493 246 56 26 utgå.

157 300 57 22 Herr
226 300 98 28 Bergh:
354 307 61 15 mom.
431 301 13 20 h
459 300 116 22 innehåller
590 301 65 27 enligt
670 301 41 21 min
726 300 133 28 uppfattning
874 302 31 20 ett

91 328 166 28 bemyndigande
281 329 33 21 för
337 328 187 28 bankfullmäktige
545 329 76 21 endast
642 331 37 24 att,
701 330 7 20 i
729 329 54 21 form
803 328 21 22 af
837 329 68 26 regle-

90 359 70 20 mente
181 356 33 22 för
234 357 89 27 banken,
339 356 96 23 meddela
448 357 81 22 sädana
543 357 105 22 allmänna
662 357 135 27 föreskrifter,
812 364 45 15 som
872 357 34 22 för

90 385 94 23 bankens
206 386 95 27 ordning,
324 385 105 26 säkerhet,
450 386 89 22 beständ
561 386 39 22 och
621 386 106 22 förkofran
749 386 71 22 kunna
841 386 64 22 blifva

90 414 82 28 nödiga,
196 414 20 22 d.
238 420 18 15 v.
279 421 15 15 s.
317 414 137 26 föreskrifter,
469 420 45 16 som
529 414 54 27 gälla
598 414 32 22 för
644 414 49 22 flere
708 416 30 25 är,
754 421 48 15 men
817 421 61 14 mom.
894 422 11 13 e

90 442 55 22 afser
167 443 95 21 deremot
287 442 136 28 föreskrifter,
445 449 45 15 som
505 443 82 27 tillfölje
602 443 22 21 af
636 443 125 22 inträffande
776 443 129 27 omständig-

91 471 60 22 heter
171 472 71 21 kunna
266 471 64 22 blifva
353 472 132 26 nödvändiga
506 474 33 19 att
562 472 33 21 för
616 472 91 22 tillfället
728 472 85 26 vidtaga
827 472 32 20 för
874 474 32 19 att

89 500 77 22 hindra
187 502 31 20 ett
241 500 124 27 nedgäende
380 500 20 22 af
415 500 94 22 bankens
523 500 72 22 valuta
611 500 66 22 under
692 502 13 20 8
720 500 103 22 millioner
838 501 66 20 mark.

90 528 34 22 Då
145 536 61 14 mom.
228 528 14 22 h
262 529 56 21 afser
338 529 54 21 huru
413 529 6 21 i
435 528 114 23 allmänhet
563 528 55 22 skall
633 529 163 27 reglementeras
815 530 39 20 när
869 529 36 21 det

89 557 67 26 gäller
178 557 90 28 banken,
293 557 117 23 innehäller
424 564 61 15 mom.
502 564 10 14 e
528 560 31 19 ett
573 557 168 28 bemyndigande
757 558 32 21 för
803 556 103 23 bankfull-

90 587 92 26 mäktige
206 588 33 19 att
258 587 7 20 i
287 588 32 20 ett
333 586 100 22 särskildt
447 586 37 22 fall
499 587 60 21 träda
575 587 94 21 emellan,
699 587 67 21 Dessa
781 587 66 27 begge
862 593 43 15 mo-

90 616 80 20 menter
185 614 67 22 förete
266 615 82 22 säledes
363 616 30 26 sig
409 614 89 22 emellan
513 622 26 14 en
554 614 103 28 väsentlig
671 615 87 22 skilnad.

158 672 55 22 Herr
235 672 150 22 Lindblom:
412 673 37 27 jag
469 673 95 22 anhäller
587 674 32 21 att
641 672 20 22 fä
680 672 54 22 fästa
749 672 157 28 uppmärksam-

90 701 63 23 heten
175 702 72 26 derpä,
268 704 33 19 att
324 702 35 21 det
373 702 6 20 i
395 708 61 14 mom.
473 702 13 21 h
500 702 71 21 heter:
602 718 5 8 ,
609 702 100 24 bankens
724 702 95 26 ordning,
834 701 72 21 säker-

90 730 43 27 het,
149 730 89 22 bestånd
248 730 39 22 och
302 730 132 26 förkofran*;
450 731 39 21 och
505 730 28 22 dä
548 730 35 22 det
598 730 31 21 uti
643 730 159 26 ifrågavarande
817 729 36 22 fall
863 730 43 27 gäl-

90 758 32 22 ler
143 758 108 27 ingenting
273 758 82 22 mindre
377 761 26 19 än
418 759 93 21 bankens
527 759 96 25 bestånd,
638 759 24 21 sä
677 759 60 21 torde
752 758 154 22 bankfullmäk-

90 788 49 26 tige,
155 787 59 21 äfven
230 787 27 27 pä
272 787 69 27 grund
356 788 23 20 af
391 787 158 27 bestämningen
564 787 7 21 i
585 794 62 14 mom.
664 788 13 20 A
692 793 51 15 vara
757 786 47 22 fullt
819 786 86 22 berätti-

90 816 53 26 gade
159 817 32 20 att
206 816 44 21 deri
265 816 85 27 vidtaga
364 816 77 26 nödiga
455 816 106 27 ätgärder.

158 873 56 22 Herr
229 868 122 32 Östring:
381 880 33 14 om
431 879 48 15 man
494 874 63 21 också
572 873 113 26 medgifver
699 875 32 19 att
741 880 61 14 mom.
813 873 14 21 h
837 873 69 21 såsom

92 901 56 22 Herr
171 901 112 22 Lindblom
306 880 87 49 pästätt,
415 901 114 22 innefattar
550 903 31 20 ett
595 901 146 27 berättigande
755 901 33 22 för
802 901 104 22 bankfull-

91 929 97 28 mäktige,
212 932 31 19 att
264 930 8 21 i
287 931 36 21 det
339 930 126 21 omnämnda
479 929 59 23 fallet
553 930 84 26 vidtaga
651 929 136 28 erforderliga
801 931 105 25 ätgärger,

90 959 24 21 sä
133 958 113 22 innefattar
262 959 116 21 detsamma
392 959 127 21 ätminstone
533 959 46 21 icke
593 959 69 26 nägon
677 958 96 22 bestämd
788 959 118 26 skyldighet

90 987 33 21 för
146 987 48 22 dem
217 989 32 20 att
263 987 80 22 förutse
359 987 39 21 och
412 987 83 27 ingripa
509 987 7 21 i
531 988 78 21 sädana
623 987 44 27 fall,
682 993 45 16 som
742 994 61 14 mom.
820 994 9 13 e
844 987 60 21 afser.

90 1016 40 26 Jag
144 1015 96 22 anhåller
255 1016 82 21 derföre
351 1016 21 21 få
387 1016 136 27 understödja
533 1016 55 21 Herr
597 1015 82 28 Berghs
688 1015 79 28 förslag
775 1017 31 20 att
813 1015 93 22 bestäm-

91 1044 101 27 ningarne
206 1044 7 21 i
228 1044 159 27 propositionen
402 1045 66 20 mätte
483 1047 93 23 antagas.

158 1101 56 21 Herr
237 1101 138 22 Rosenius:
406 1101 40 22 den
471 1101 22 22 af
513 1101 56 21 Herr
583 1101 111 21 Lindblom
709 1100 132 22 framställda
855 1107 51 20 upp-

92 1129 89 26 fattning
202 1130 22 21 af
244 1136 62 14 mom.
329 1129 14 21 A
367 1135 61 21 synes
449 1129 42 27 mig
506 1130 62 21 vinna
582 1129 122 28 ytterligare
719 1129 48 21 stöd
781 1129 22 21 af
816 1130 91 20 nämnde

92 1164 74 15 mom:s
187 1163 75 16 senare
280 1158 40 26 del,
335 1164 46 16 som
396 1157 72 28 lyder:
485 1158 121 26 ,hvaremot
621 1159 40 20 den
676 1158 33 21 för
724 1157 77 22 Finans
817 1157 91 27 Expedi-

90 1187 82 20 tionens
197 1186 47 21 chef
266 1187 52 21 eller
340 1192 68 16 annan
431 1187 166 21 Senatsledamot
619 1187 4 20 i
632 1186 57 22 hans
704 1186 61 22 ställe
780 1186 56 21 förut
850 1187 57 20 stad-

91 1214 53 27 gade
164 1214 102 28 rättighet
290 1217 32 19 att
343 1215 32 21 uti
394 1215 55 22 vissa
463 1215 36 22 fall
514 1215 60 22 hafva
589 1216 46 20 säte
650 1215 38 22 och
703 1216 89 21 stämma
807 1214 7 22 i
830 1214 78 22 banko-

92 1243 130 22 direktionen
247 1243 96 23 kommer
365 1245 31 20 att
418 1244 125 21 inskränkas
566 1244 74 21 endast
661 1244 32 21 till
715 1243 70 28 frägor
800 1244 108 26 angäende

91 1274 64 19 stats-
171 1272 39 21 och
225 1272 162 22 militieverkens
403 1273 66 21 under
483 1273 148 21 Direktionens
646 1271 125 28 förvaltning
778 1272 77 21 ställda
864 1271 44 22 fon-

94 1300 42 22 der.
166 1300 67 22 Häraf
247 1307 62 21 synes
323 1301 43 26 mig
381 1301 104 26 nemligen
499 1301 56 27 följa,
570 1302 33 20 att
618 1301 40 21 den
673 1301 101 26 rättighet
789 1301 72 20 chefen
876 1301 32 20 för

92 1329 78 21 Finans
192 1329 153 26 Expeditionen
369 1329 105 22 härintills
495 1329 46 22 haft
555 1331 32 20 att
601 1330 112 20 inskränka
731 1329 177 22 diskontrörelsen

93 1357 39 22 och
154 1357 60 22 äfven
228 1357 8 21 i
251 1357 63 27 öfrigt
328 1357 123 22 föreskrifva
466 1357 93 22 vilkoren
575 1357 32 22 för
622 1358 127 26 densamma,
765 1358 67 21 mäste
847 1363 61 16 anses

92 1391 76 20 genom
191 1393 61 13 mom.
273 1386 14 20 %
307 1385 131 28 öfverflyttad
453 1387 28 26 pä
495 1385 187 28 bankfullmäktige
697 1386 39 21 och
752 1386 60 21 desse
827 1385 81 22 således

94 1420 50 15 vara
158 1413 133 27 berättigade
306 1416 31 19 att
352 1414 85 26 vidtaga
453 1415 26 20 de
494 1415 105 25 ätgärder,
615 1420 45 15 som
671 1415 70 20 kunna
751 1413 65 22 blifva
826 1415 80 25 nödiga.

160 1470 56 21 Herr
237 1470 94 26 Bergh:
359 1470 36 26 jag
415 1470 42 21 kan
481 1470 46 21 icke
551 1470 96 27 uppfatta
668 1470 111 28 uttrycken
801 1487 8 8 ,
814 1469 94 22 bankens

95 1498 95 28 ordning,
204 1498 106 28 säkerhet,
326 1498 88 22 bestånd
425 1499 39 21 och
475 1498 125 25 förkofran*,
610 1505 45 15 som
666 1498 129 22 förekomma
805 1498 7 22 i
822 1505 62 15 mom.
895 1498 14 21 h

94 1527 132 23 annorlunda
248 1529 26 20 än
295 1528 70 22 såsom
388 1528 118 27 antydande
528 1528 105 22 allmänna
654 1527 130 22 föreskrifter
801 1527 32 22 för
849 1528 60 22 dessa
