1086 1786
302 118 181 22 Borgareständet.
507 120 55 17 1867.
585 120 13 17 2
609 120 63 21 April.
825 116 39 20 361

148 204 56 21 Herr
226 204 125 27 Östring:
373 204 100 21 Likasom
492 204 55 22 Herr
561 204 103 22 Rosenius
679 204 81 28 hoppas
775 204 62 22 äfven
850 206 43 26 jag,

81 233 32 20 att
135 232 83 21 banken
233 232 55 21 skall
303 232 71 21 kunna
389 232 118 22 oberoende
522 232 23 22 af
558 232 39 22 allt
611 234 115 20 understöd
741 233 45 21 frän
802 234 92 26 regerin-

80 266 51 21 gens
151 260 46 22 sida
221 260 50 27 sjelf
291 260 78 22 bereda
390 260 32 27 sig
437 261 40 21 den
492 261 114 21 utländska
620 261 76 25 kredit,
712 268 44 14 som
772 262 42 21 kan
829 262 64 21 blifva

80 288 69 27 nödig.
179 288 57 21 Utan
258 290 31 19 att
311 289 50 26 vilja
382 288 54 28 ånyo
451 295 95 21 upprepa
561 289 25 21 de
602 290 46 20 skäl
662 289 33 20 för
710 289 147 22 bibehållande
872 290 23 20 af

82 317 60 21 13:de
156 317 95 26 punkten
265 317 7 21 i
287 317 163 26 propositionen,
466 323 44 16 som
519 318 64 21 redan
592 317 67 22 under
669 317 147 22 diskussionen
826 319 67 21 blifvit

81 345 94 26 anförda,
190 345 123 22 instämmer
325 345 37 28 jag
376 345 60 22 detta
451 345 89 22 oaktadt
557 346 3 21 i
575 345 56 22 Herr
645 346 80 27 Berghs
740 347 84 26 yttrade
832 347 61 26 äsigt,

80 376 33 19 att
127 375 68 20 denna
209 374 68 27 punkt
291 374 66 21 borde
372 373 24 22 af
408 375 114 20 ständerna
536 376 95 25 antagas,
646 374 28 27 pä
689 375 36 21 det
739 377 32 18 att
791 376 102 26 styrelsen

80 402 18 27 ej
122 402 66 21 mätte
211 402 70 22 säsom
303 404 30 20 ett
352 403 138 21 misstroende
505 405 56 19 emot
575 403 33 26 sig
621 403 55 21 fatta
691 404 47 21 dess
753 404 140 21 uteslutande.

81 431 101 21 Deremot
196 431 43 21 kan
251 431 37 26 jag
303 431 18 27 ej
338 430 72 23 förena
425 431 42 26 mig
482 431 6 22 i
504 432 54 21 Herr
571 431 82 26 Berghs
668 431 54 27 äsigt
737 438 34 15 om
787 432 39 21 den
838 433 57 20 rätta

79 460 84 26 platsen
177 459 33 21 för
226 459 60 22 13:de
301 459 94 27 punkten
409 460 7 21 i
431 459 148 22 betänkandet.
609 460 75 21 Denna
698 460 68 27 punkt
780 460 115 22 innefattar

83 488 117 27 egentligen
221 495 26 14 en
269 488 132 27 bestämning
422 489 32 20 att
470 488 82 21 banken
567 489 93 26 ständigt
675 489 55 20 skall
744 495 51 15 vara
809 489 85 21 försedd

80 517 48 21 med
153 522 26 15 en
204 516 143 22 silfvervaluta
371 517 23 21 af
413 517 64 21 minst
492 517 46 21 ätta
551 517 96 27 miljoner
662 517 67 26 mark,
744 517 67 21 ehuru
827 518 68 21 denna

80 546 133 25 bestämning
239 545 6 20 i
266 545 95 27 punkten
386 545 70 21 blifvit
470 545 129 21 formulerad
615 545 68 22 såsom
699 552 24 14 en
739 546 108 21 föreskrift
861 547 34 20 för

81 573 197 26 bankfullmäktige.
308 574 41 26 Jag
368 574 54 21 hade
445 574 83 21 derföre
550 574 61 22 äfven
627 574 54 22 helst
696 576 42 19 sett
753 576 32 19 att
799 574 95 27 punkten

81 603 82 20 kunnat
184 602 149 27 omredigeras,
353 608 47 15 men
422 601 33 21 för
470 604 32 19 att
517 602 17 26 ej
551 602 146 21 åstadkomma
711 608 59 15 mera
785 603 62 20 omak
861 603 34 20 för

81 631 84 20 ståndet
185 632 26 19 än
234 630 37 27 jag
292 630 81 21 kanske
394 631 64 20 redan
479 631 62 26 gjort,
562 630 125 21 inskränker
706 631 36 26 jag
757 631 43 26 mig
815 631 32 21 till
862 633 33 19 att

81 659 86 21 förorda
191 659 37 20 det
250 659 59 20 13:de
332 659 94 26 punkten
448 659 6 21 i
474 659 143 21 betänkandet
631 659 66 21 måtte
711 659 89 22 likasom
815 665 80 16 samma

82 687 67 28 punkt
171 688 7 20 i
199 688 158 25 propositionen
372 689 88 24 antagas
474 687 40 22 och
528 687 87 22 förenad
631 687 85 22 dermed
731 687 22 22 få
769 690 84 24 gvarstä
868 688 27 27 pä

82 716 32 21 sin
128 715 123 22 nuvarande
266 716 61 26 plats.

150 779 56 21 Herr
220 778 99 27 Bergh:
344 778 33 21 Då
392 785 48 14 man
456 779 7 20 i
477 778 112 27 anledning
599 778 23 21 af
633 779 59 21 13:de
700 779 94 26 punkten
804 779 7 20 i
819 784 75 21 propo-

81 807 91 21 sitionen
197 809 67 24 yttrat
288 807 40 21 den
353 807 147 27 förhoppning,
518 809 31 19 att
564 807 101 21 Finlands
679 807 61 21 Bank
755 807 54 21 skall
824 808 71 20 kunna

82 841 34 15 om
138 835 24 22 så
183 835 101 22 behöfves
306 837 52 19 utan
380 836 134 26 regeringens
534 835 81 21 biträde
630 835 79 21 bereda
724 835 31 27 sig
771 835 124 27 erforderlig

81 864 101 21 utländsk
204 864 76 26 kredit,
303 863 24 22 så
348 865 81 20 utvisar
451 865 66 24 detta,
531 864 68 21 såsom
615 864 42 27 mig
672 870 67 21 synes,
756 865 31 20 ett
801 864 94 21 missför-

83 892 61 21 stånd
166 892 24 21 af
212 898 81 15 samma
318 893 72 26 punkt.
420 893 47 20 Den
489 892 55 21 afser
563 892 104 26 nemligen
682 893 45 20 icke
743 894 32 19 att
789 893 106 25 berättiga

82 920 102 28 styrelsen
200 920 32 22 till
247 921 134 26 upptagande
396 920 22 22 af
432 922 31 20 ett
478 920 109 22 utländskt
601 920 34 22 lån
651 920 33 22 för
693 920 95 22 bankens
799 921 95 26 räkning,

82 949 51 21 eller
148 951 33 19 att
194 949 34 21 för
242 952 31 18 ett
288 949 75 21 sådant
377 949 35 21 lån
427 950 69 20 lemna
512 950 30 20 sin
557 950 88 26 garanti,
661 951 51 19 utan
727 950 40 21 den
783 950 62 26 afser,
863 951 32 19 att

82 978 114 21 ständerna
220 978 59 21 skola
303 984 75 21 genom
402 978 31 21 sin
456 978 89 26 garanti,
565 978 84 21 hvilken
671 979 74 20 endast
765 978 84 22 komme
864 979 32 20 att

82 1012 75 21 genom
180 1007 124 26 regeringen
319 1006 113 26 meddelas,
448 1006 86 22 biträda
548 1007 31 21 sin
595 1013 51 20 egen
661 1006 180 26 bankinrättning,
857 1007 39 20 och

82 1034 69 27 någon
175 1035 86 21 säkrare
287 1035 75 27 åtgärd
386 1037 33 19 att
443 1035 73 21 stärka
540 1036 69 20 denna
628 1035 183 27 bankinrättnings
826 1035 70 21 kredit

82 1063 67 22 finnes
170 1063 34 22 väl
226 1063 45 22 icke
291 1065 27 20 än
333 1065 31 19 att
380 1063 97 22 försäkra
492 1065 40 20 den
547 1070 34 15 om
597 1064 124 21 ständernas
735 1064 88 27 garanti.
853 1063 43 22 Det

83 1093 24 20 är
120 1093 44 26 just
180 1098 25 15 en
220 1093 66 20 sådan
301 1093 89 26 garanti,
406 1099 44 14 som
466 1093 114 20 ständerna
595 1093 65 26 enligt
670 1093 69 21 denna
751 1093 68 26 punkt
829 1092 67 21 skulle

82 1121 69 21 lemna
173 1121 90 25 banken,
289 1122 28 26 på
339 1121 36 21 det
397 1121 121 21 densamma
537 1121 66 21 måtte
619 1121 71 21 kunna
704 1122 34 20 vid
753 1121 75 25 kriser,
844 1121 52 20 eller

83 1149 117 27 trängande
216 1149 65 21 behof
295 1150 67 27 eljest,
378 1149 107 22 förstärka
500 1150 31 21 sin
542 1150 119 21 metalliska
671 1149 69 22 kassa.
756 1149 45 22 Den
809 1149 86 22 invänd-

83 1178 55 26 ning,
154 1184 45 15 som
215 1178 95 21 häremot
325 1178 72 26 gjorts,
414 1180 31 18 att
461 1178 187 27 bankfullmägtige
663 1178 53 21 böra
730 1179 7 20 i
753 1178 30 21 tid
794 1178 65 21 tänka
869 1178 27 26 pä

84 1208 32 19 att
140 1206 79 22 bereda
245 1206 84 22 banken
353 1206 75 26 kredit,
454 1212 60 20 synes
539 1207 42 27 mig
599 1206 64 21 också
677 1206 90 26 förfalla,
784 1209 26 24 ty
821 1212 33 15 om
870 1207 26 20 de

84 1234 61 22 äfven
170 1235 65 21 tänka
259 1235 27 26 på
308 1235 65 21 saken
395 1235 55 21 huru
464 1236 83 26 mycket
562 1241 44 15 som
622 1235 61 25 helst,
700 1235 23 21 så
737 1236 60 20 torde
813 1234 83 22 banken

83 1263 82 21 ändock
180 1264 45 20 icke
235 1263 71 21 kunna
317 1263 79 21 erhålla
406 1263 65 27 något
484 1264 108 21 utländskt
602 1263 41 25 lån,
655 1264 26 20 då
692 1264 118 25 ständerna,
821 1269 75 21 genom

84 1294 32 18 att
139 1292 53 20 afslå
214 1292 59 22 detta
287 1292 85 26 förslag,
388 1292 63 20 hafva
465 1292 109 26 förklarat,
590 1293 32 19 att
637 1292 26 21 de
677 1292 47 21 icke
739 1292 70 21 dertill
825 1292 69 20 lemna

83 1320 32 21 sin
129 1320 89 26 garanti.

151 1376 56 22 Herr
223 1376 152 22 Snellman:
400 1376 67 22 Afven
480 1377 36 27 jag
532 1377 86 27 hoppas,
634 1379 33 19 att
682 1377 83 21 banken
781 1377 51 21 eller
845 1376 50 22 ban-

83 1405 52 20 kens
159 1406 88 25 styrelse
270 1405 54 21 skall
339 1405 71 21 kunna
425 1405 70 26 hjelpa
510 1406 30 25 sig
555 1405 50 26 sjelf
617 1406 39 20 och
672 1405 39 21 bör
725 1408 52 23 göra
793 1406 42 24 det,
849 1411 48 15 men

84 1432 27 20 då
133 1433 41 21 den
196 1433 6 20 i
224 1433 158 26 propositionen
401 1432 119 26 föreslagna
535 1433 156 26 bestämningen
706 1433 7 20 i
728 1434 42 20 alla
784 1433 113 21 händelser

84 1460 55 21 afser
162 1462 32 20 att
216 1461 73 20 stärka
304 1460 94 21 bankens
413 1460 75 26 kredit,
504 1466 74 21 genom
594 1462 33 19 att
641 1461 78 21 bereda
733 1461 122 21 densamma
870 1466 26 15 en

84 1490 65 25 utväg
170 1488 33 21 för
218 1488 137 22 oförutsedda
370 1489 51 20 eller
436 1489 177 26 utomordentliga
627 1488 44 26 fall,
686 1489 42 20 kan
741 1489 37 26 jag
793 1488 45 21 icke
853 1489 44 20 inse

84 1519 32 19 att
137 1518 36 21 det
195 1517 47 27 låge
264 1517 65 27 något
344 1518 50 21 ondt
410 1517 50 27 deri,
477 1519 32 20 att
524 1518 113 21 ständerna
652 1517 68 22 skulle
736 1520 77 24 antaga
829 1518 67 21 denna
