1700 1956
608 206 181 21 Borgareständet.
814 205 52 18 1867.
890 205 13 17 6
914 205 62 18 Mars.
1140 199 40 22 139

388 293 39 20 det
441 292 47 21 icke
502 291 42 22 kan
558 298 51 15 vara
624 291 69 28 någon
708 291 106 28 svårighet
828 293 33 20 att
875 292 38 21 hos
927 292 127 27 jordägaren
1069 293 89 21 utverka
1166 293 42 21 till-

390 321 63 21 stånd
468 321 32 20 till
516 321 132 20 anställande
663 320 23 21 af
698 320 46 27 jagt
759 321 53 20 efter
827 320 79 21 sådana
921 321 99 26 djurslag,
1037 327 45 15 som
1101 321 7 21 i
1123 321 86 27 förelig-

390 349 69 26 gande
474 350 11 25 8
501 349 141 21 omförmälas.
673 349 38 20 Att
725 349 26 26 på
767 355 80 14 annans
862 349 61 20 mark
937 349 101 21 fortsätta
1051 356 25 15 en
1087 349 56 22 inom
1156 355 52 21 egen

390 377 60 22 mark
465 377 104 27 påbörjad
582 377 52 26 jagt,
651 379 24 18 är
689 377 46 21 åter
751 383 25 15 en
791 383 69 14 annan
876 377 44 21 sak.

458 434 57 21 Herr
530 433 179 27 Lindeqvist:
725 433 56 22 Herr
797 433 116 22 Cederman
927 433 40 22 har
977 435 98 20 anmärkt
1086 436 56 19 emot
1152 435 55 20 före-

389 463 93 20 varande
498 463 18 25 S,
532 464 32 19 att
579 462 41 21 den
634 468 75 21 genom
724 464 32 19 att
771 462 69 21 tillåta
859 462 46 27 jagt
921 463 53 20 efter
989 463 82 26 rofdjur
1085 463 28 26 på
1128 469 80 15 annans

390 491 60 20 mark
472 491 98 26 utgjorde
593 492 30 19 ett
642 491 87 26 ingrepp
744 491 7 20 i
767 491 158 24 äganderätten.
955 491 40 21 Väl
1011 493 23 19 är
1049 491 36 22 det
1099 494 63 18 sannt
1177 493 32 20 att

389 525 49 15 man
454 519 23 21 sä
492 519 42 21 kan
549 525 51 15 anse
616 519 45 26 den,
677 525 48 15 men
740 519 27 21 dä
783 519 40 24 det,
839 519 69 21 säsom
921 519 45 26 här,
979 520 66 26 gäller
1055 519 36 22 det
1102 520 107 21 allmänna

390 547 68 25 bästa,
473 547 69 22 mäste
557 547 40 22 den
613 548 94 21 enskilde
722 547 131 22 underkasta
868 548 31 26 sig
913 549 32 20 ett
955 547 76 22 sädant
1043 549 88 26 ingrepp
1141 549 7 20 i
1156 548 52 22 hans

389 578 51 23 rätt,
456 576 24 21 sä
494 577 84 26 mycket
593 576 163 27 nödvändigare,
773 582 44 15 som
833 576 72 27 sjelfva
921 576 125 25 ändamälet,
1068 577 92 26 rofdjurs
1174 579 35 19 ut-

390 605 90 26 ödande,
503 605 123 21 derförutan
646 605 18 26 ej
681 606 41 19 kan
737 605 88 26 uppnås.
856 605 61 20 Hvad
933 605 64 20 sedan
1013 605 101 21 beträffar
1129 605 79 26 räfven,

388 633 26 22 sä
428 639 50 16 vore
492 633 36 27 jag
543 633 33 21 väl
592 633 83 27 mycket
691 633 70 27 hugad
777 635 32 19 att
823 633 90 27 uppföra
922 633 78 22 honom
1010 633 64 22 bland
1086 634 25 21 de
1121 634 8 21 i
1140 634 68 21 denna

388 663 14 26 $
426 663 107 26 upptagna
555 662 116 27 rofdjuren,
689 668 48 15 men
755 662 68 21 måste
839 662 53 21 dock
907 662 6 20 i
929 662 42 21 allo
986 663 113 26 godkänna
1114 663 26 20 de
1155 663 52 25 skäl,

390 697 45 14 som
457 690 106 21 särskilda
585 690 127 27 föregäende
735 691 67 20 talare
818 691 95 20 deremot
928 691 71 20 anfört
1013 691 39 21 och
1068 691 83 21 derföre
1166 691 42 21 för-

389 725 41 14 ena
444 720 42 25 mig
501 719 47 21 med
565 719 47 21 dem
629 725 33 14 om
678 719 117 26 antagande
811 719 23 20 af
847 719 115 20 utskottets
978 719 149 21 betänkande
1119 715 13 35 i
1140 719 68 21 denne

388 747 42 21 del,
461 747 111 27 Förslaget
587 749 33 19 att
635 747 84 27 tillsäga
731 747 112 27 jordägare
858 748 35 20 vid
907 747 138 27 rofdjursjagt
1054 747 28 27 pä
1092 747 53 21 hans
1156 749 52 25 ägor

390 778 24 18 är
436 776 62 21 äfven
517 776 8 21 i
540 776 42 21 min
597 776 65 20 tanke
678 776 126 26 opraktiskt,
820 776 88 21 emedan
924 782 25 14 en
965 776 65 20 sädan
1045 776 115 27 tillsägelse
1176 776 32 20 ät-

390 804 104 22 minstone
506 804 17 21 i
545 804 96 26 Finland,
664 804 37 20 der
721 804 127 26 jordägaren
869 804 46 20 ofta
934 804 67 21 skulle
1021 804 22 21 få
1058 805 108 26 uppsökas
1180 804 28 26 pä

389 832 79 22 miltals
483 832 90 27 afständ,
589 832 69 22 blefve
673 833 7 20 i
695 832 76 26 mänga
785 832 38 21 fall
839 832 116 21 outförbar.

456 889 56 21 Herr
526 889 218 27 Bronikowskij:
760 890 110 25 meningen
882 889 48 21 med
938 889 40 21 den
989 888 131 28 bestämning
1131 889 7 21 i
1149 896 59 14 sven-

389 918 38 20 ska
448 917 145 27 jagtstadgan,
617 918 63 20 hvars
698 918 119 26 antagande
830 918 37 26 jag
882 917 62 21 ofvan
959 918 116 26 föreslagit,
1091 919 30 25 är,
1138 918 69 20 såsom

386 946 36 26 jag
438 946 108 26 uppfattat
562 946 47 26 den,
623 946 34 21 för
671 946 61 26 ingen
748 946 40 26 del,
805 948 32 19 att
851 946 72 27 hvarje
937 946 56 26 gäng
1007 948 31 19 ett
1049 948 68 20 större
1127 946 81 27 rofdjur

389 974 102 22 anträffas
516 974 27 26 pä
558 981 81 15 annans
653 974 67 26 mark,
734 974 129 27 jordägaren
878 975 54 21 skall
947 975 73 21 derom
1035 974 94 28 tillsägas
1144 975 64 21 innan

389 1003 36 21 det
448 1003 33 21 får
502 1003 69 21 fällas.
601 1003 40 21 Om
661 1004 58 20 detta
733 1003 38 21 fall
787 1003 86 26 stadgas
888 1004 7 20 i
910 1004 11 25 $
937 1003 20 27 7,
973 1009 45 15 som
1033 1003 80 21 tillåter
1129 1005 31 19 att
1176 1003 33 21 sä-

390 1032 51 20 dant
466 1032 53 26 djur,
545 1031 109 22 hvarhelst
678 1032 35 20 det
731 1031 106 26 anträffas,
853 1032 33 20 får
901 1032 67 24 fällas,
984 1034 52 18 utan
1050 1032 109 20 föreskrift
1175 1038 34 14 om

389 1060 127 26 föregäende
538 1060 120 27 tillsägelse.
689 1060 74 21 Denna
782 1060 114 26 tillsägelse
911 1060 68 21 skulle
994 1060 55 21 blott
1064 1062 40 24 äga
1118 1066 47 15 rum
1181 1060 27 21 dä

388 1095 50 15 man
460 1088 116 27 bevisligen
601 1089 81 21 känner
705 1088 39 22 och
765 1090 36 19 vet
823 1090 32 19 att
869 1088 27 27 pä
912 1094 79 16 annans
1006 1089 61 21 mark
1083 1090 68 20 större
1166 1089 42 21 rof-

388 1117 48 27 djur
452 1118 66 20 finnes
534 1118 39 20 och
587 1117 37 21 vill
639 1117 27 27 pä
682 1117 117 21 detsamma
814 1117 90 21 anställa
917 1117 51 27 jagt.
999 1117 72 21 Ehuru
1085 1117 36 27 jag
1131 1117 36 21 vid
1176 1117 32 21 sä-

387 1146 53 21 dant
463 1146 132 21 förhällande
621 1146 18 26 ej
656 1152 62 15 anser
733 1146 68 21 denna
816 1146 114 26 tillsägelse
946 1145 160 27 overkställbar,
1123 1145 36 21 vill
1171 1145 37 27 jag

388 1174 66 22 likväl
477 1174 19 27 ej
520 1174 108 23 bestämdt
649 1174 53 27 yrka
723 1174 28 26 pä
773 1174 120 22 införandet
914 1174 22 21 af
950 1174 160 26 bestämningen
1126 1174 82 25 derom;

389 1210 48 14 men
453 1204 54 20 hvad
523 1203 66 27 angår
603 1202 102 27 rättighet
721 1204 32 20 att
775 1203 12 21 ä
810 1203 77 21 andras
909 1204 51 25 ägor
973 1202 50 26 jaga
1037 1202 39 24 räf,
1091 1202 67 22 måste
1172 1203 37 26 jag

389 1232 28 26 pä
439 1232 58 21 förut
520 1232 88 21 anförde
623 1232 47 20 skäl
685 1232 27 26 pä
727 1231 36 21 det
779 1231 142 22 bestämdaste
936 1231 100 21 vidblifva
1051 1231 43 21 min
1109 1230 100 22 anhällan

389 1267 34 14 om
445 1261 53 21 hans
522 1260 111 21 införande
655 1260 8 21 i
688 1260 69 21 denna
779 1260 20 28 8.
829 1260 41 21 Vid
885 1260 72 26 hvarje
971 1260 45 26 jagt
1031 1260 54 20 efter
1100 1260 51 20 hare
1166 1259 43 21 kan

390 1289 34 21 räf
437 1288 123 28 uppdrifvas
576 1289 39 21 och
628 1288 61 27 jagas
704 1289 21 21 in
743 1288 28 27 pä
786 1295 79 15 annans
880 1288 67 26 mark,
964 1288 98 21 hvarföre
1069 1289 95 26 jägaren,
1174 1294 35 15 en-

390 1318 38 26 ligt
450 1318 118 21 utskottets
588 1316 223 28 författningsförslag,
827 1323 49 16 vore
891 1316 144 22 underkastad
1048 1323 83 20 ansvar,
1147 1316 62 22 äfven

388 1352 36 15 om
439 1346 77 21 sädant
532 1346 57 22 skett
603 1347 57 20 emot
675 1346 54 20 hans
744 1346 69 27 afsigt.

458 1403 33 21 Dä
506 1403 70 27 nägon
591 1402 73 22 vidare
678 1402 67 22 talare
760 1402 46 22 icke
822 1403 92 21 anmälte
929 1402 38 26 sig,
983 1402 132 21 förklarades
1126 1400 84 23 diskus-

389 1432 74 21 sionen
486 1431 58 22 öfver
567 1431 12 28 $
603 1432 12 20 5
637 1431 92 21 afslutad
752 1431 39 22 och
813 1431 54 22 Herr
889 1431 170 21 Talmannen
1077 1430 132 21 framställde

391 1460 92 27 följande

459 1517 151 26 Proposition:
621 1518 88 25 antager
715 1516 85 21 ståndet
808 1516 139 21 förevarande
955 1515 27 27 8i
995 1515 136 21 oförändradt
1140 1514 69 21 skick?

459 1573 76 22 Svaret
556 1573 29 27 på
606 1572 158 27 propositionen
781 1572 63 21 utföll
859 1571 47 22 med
922 1571 155 27 öfvervägande
1091 1571 29 26 ja,
1135 1571 7 20 i
1157 1571 53 26 följd

390 1601 77 24 hvaraf
480 1602 12 27 8
507 1603 13 22 5
535 1601 132 23 förklarades
682 1607 51 16 vara
747 1601 23 21 af
783 1601 85 22 ståndet
879 1602 91 25 antagen
979 1600 8 21 i
997 1600 138 22 oförändradt
1143 1599 66 22 skick.
