1084 1789
217 131 42 24 414
403 137 180 22 Borgareständet..
605 139 56 17 1867.
674 128 24 37 :4
708 139 63 20 April.

189 228 37 16 nes
241 223 6 20 i
262 223 68 21 denna
345 223 18 27 $.
392 223 11 21 I
417 223 151 22 sammankand
583 223 48 21 med
646 223 60 21 dessa
720 222 56 27 sjöar
790 223 34 20 stä
838 221 66 22 andra
918 223 83 20 vatten-

190 251 57 26 drag,
265 251 7 20 i
291 251 112 27 synnerhet
420 251 3 21 i
439 251 95 21 Nummis
548 250 76 27 kapell,
639 250 38 21 der
690 251 37 20 det
742 251 46 20 åter
802 250 105 21 erfordras
921 250 80 26 ganska

190 279 65 27 dryga
276 279 119 26 kostnader,
417 279 32 21 för
462 281 40 19 att
518 279 139 26 jordägarene
672 279 59 21 skola
745 278 62 21 hafva
822 278 69 27 någon
906 280 60 25 nytta
980 277 22 22 af

189 307 40 21 den
245 309 67 20 större
327 307 149 27 sjöfäliningen.
506 307 47 22 Den
568 307 72 27 frågan
656 309 23 19 är
694 307 52 21 dock
762 306 41 22 löst
818 307 26 26 pä
860 307 35 20 det
909 308 49 25 sätt,
969 309 33 19 att

189 341 26 16 en
238 335 33 22 del
293 336 23 21 af
337 336 89 21 Karnais
447 337 66 20 ström
528 341 116 21 upprensas
659 336 26 26 pä
699 341 120 21 gemensam
835 335 123 21 bekostnad.
974 347 26 2 —

189 363 41 28 Jag
247 366 45 19 tror
307 364 88 26 derföre,
410 367 32 18 att
457 365 31 20 ett
502 363 79 28 tillägg,
597 369 45 16 som
658 363 114 26 bestämde,
788 363 36 22 det
839 363 70 27 dylika
924 363 77 21 förhäl-

189 392 76 21 landen
281 392 66 22 borde
362 392 136 22 öfverlemnas
513 392 32 21 till
560 393 141 26 guvernörens
716 391 102 28 pröfning,
832 391 7 22 i
855 391 147 28 denna
932 387 9 36 $
954 391 48 28 vore

186 421 31 27 på
232 421 31 22 sin
278 421 62 27 plats.

258 477 50 22 Som
322 476 51 22 flere
387 476 66 22 talare
468 477 46 21 icke
529 477 96 21 anmälde
635 476 37 27 sig,
687 476 119 22 förklarade
816 476 55 21 Herr
881 476 120 22 Talman-

190 511 49 16 nen
261 505 144 22 diskussionen
426 505 8 20 i
448 505 73 27 frågan
537 511 50 16 vara
601 504 70 23 slutad
685 504 199 28 samt;framställde
899 505 32 21 till
946 505 56 21 stän-

191 534 35 21 det
241 534 90 27 följande
345 533 143 28 proposition
478 529 12 36 :
691 537 3 2 i

259 589 126 22 Godkänner
403 589 81 22 ständel
500 590 12 25 &
528 590 27 21 23
570 589 6 21 i
591 589 114 22 utskottets
718 589 134 22 betänkande
870 589 133 27 oförändrad,

191 617 51 22 eller
264 624 62 16 anser
347 618 84 21 ständet
453 618 121 21 densamma
587 617 52 22 böra
655 617 79 22 erhälla
748 620 31 19 ett
794 617 153 28 förtydligande
961 617 42 22 till-

173 646 82 32 lägg?

258 703 39 24 De,
319 709 45 15 som
386 703 50 27 vilja
456 702 36 22 det
511 702 62 28 förra,
596 709 61 16 svara
675 703 28 27 ja,
722 702 39 22 och
779 702 33 27 de,
827 709 45 16 som
887 703 66 21 önska:
967 703 37 22 det

191 737 79 19 senare,
285 738 62 15 svara
361 731 43 27 nej.

259 788 159 27 Propositionen
434 787 126 22 besvarades
570 788 48 21 med
629 787 151 28 öfvervägande
790 788 107 27 pluralitet
904 788 100 27 jakande,

191 816 96 22 hvarföre
303 817 11 26 $
329 817 27 20 23
372 816 42 21 blef
428 815 22 22 af
462 817 85 21 ståndet
562 818 90 25 antagen
667 816 134 22 oförändrad.

259 873 24 27 88
307 873 35 24 24,
364 873 27 21 25
414 873 38 21 och
474 873 27 21 26
516 872 70 23 blefvo
602 875 49 19 utan
667 873 68 27 någon
751 873 117 21 diskussion
882 873 23 21 af
918 873 87 22 ståndet

191 901 116 27 godkända,

511 957 16 28 $
540 959 31 20 27
584 963 62 16 mom.
661 958 19 20 1.

259 1013 56 22 Herr
337 1013 107 28 Östring
469 1014 91 27 begärde
581 1014 61 21 ordet
656 1013 40 22 och
710 1014 94 28 yttrade:
831 1014 37 28 jag
882 1014 67 22 skulle
964 1015 41 22 vis-

191 1042 90 27 serligen
306 1042 46 22 icke
373 1042 61 22 hafva
456 1042 87 21 anhållit
565 1049 34 14 om
620 1043 60 21 ordet
702 1043 33 20 för
750 1044 31 20 att
795 1044 58 26 yttra
867 1043 43 27 mig
924 1043 7 20 i
947 1043 59 22 detta

191 1073 100 22 moment,
314 1077 34 15 om
369 1071 46 21 icke
437 1071 84 22 ständet
536 1071 81 21 ändock
632 1071 66 21 mäste
714 1070 54 27 välja
783 1071 87 21 emellan
886 1072 12 20 2
914 1071 91 22 alterna-

192 1099 59 25 tiver,
267 1099 38 20 och
321 1105 61 15 anser
393 1099 37 26 jag
445 1099 35 20 det
496 1099 26 21 dä
537 1099 71 21 kunna
622 1105 51 15 vara
688 1099 120 25 detsamma,
824 1105 33 15 om
868 1099 70 21 dertill
948 1101 57 19 ännu

192 1127 85 21 komme
298 1128 31 20 ett
351 1127 66 26 tredje
438 1126 119 22 alternativ.
586 1126 43 21 För
646 1127 42 21 min
704 1126 33 22 del
752 1126 68 22 finner
831 1127 37 27 jag
883 1125 121 28 momentet,

191 1155 76 21 sådant
283 1155 35 20 det
332 1155 140 21 förekommer
486 1154 6 21 i
508 1155 40 21 den
563 1155 74 27 nådiga
653 1155 163 26 propositionen,
827 1161 49 16 vara
887 1156 59 26 långt
957 1156 49 26 tyd-

192 1184 66 24 ligare
275 1186 27 18 än
318 1183 25 27 $8
359 1184 26 20 22
401 1183 39 21 och
456 1184 33 21 23.
518 1183 40 27 Jag
573 1184 41 20 kan
629 1183 46 21 icke
690 1183 64 26 draga
768 1183 7 21 i
790 1183 130 27 tvifvelsmäl,
936 1185 32 20 att
979 1190 26 14 en

191 1211 126 27 tjensteman
340 1211 17 26 ej
381 1210 53 22 skall
457 1210 75 27 afgifva
553 1211 38 21 sitt
609 1210 98 28 yttrande
722 1212 13 20 &
749 1211 102 27 tjenstens
866 1214 83 24 vägnar,
965 1212 39 20 och

191 1239 44 21 lika
249 1238 46 22 litet
310 1240 31 20 att
357 1239 57 21 detta
428 1238 46 22 icke
489 1238 66 22 borde
570 1239 37 21 ske
621 1239 122 26 skriftligen.
773 1239 11 21 I
799 1240 60 21 detta
872 1246 63 15 mom.
950 1240 56 21 afses

192 1269 31 19 ett
245 1267 136 21 meddelande
402 1268 22 20 ät
446 1267 212 27 distriktingeniören,
679 1269 32 19 att
726 1274 47 15 man
788 1268 63 21 ärnar
865 1268 94 27 företaga
973 1270 32 19 ett

192 1296 79 25 arbete,
287 1302 45 15 som
347 1296 6 20 i
369 1302 61 14 mom.
446 1298 127 19 omnämnes.
603 1296 42 21 Det
659 1296 113 21 innefattar
786 1296 46 22 icke
847 1296 69 27 nägon
931 1296 74 22 ansök-

192 1324 50 26 ning
255 1330 33 14 om
299 1324 94 20 tillständ
403 1324 30 20 till
444 1324 109 25 företaget,
563 1326 50 18 utan
624 1324 72 20 endast
706 1324 97 21 anmälan
810 1324 79 21 derom.
904 1325 102 20 Distrikt-

192 1351 121 26 ingeniören
335 1351 107 21 meddelar
464 1352 38 20 ock
518 1351 46 21 icke
579 1352 64 27 nägot
657 1351 94 21 tillständ
766 1352 76 26 dertill,
858 1354 51 19 utan
924 1352 82 22 lemnar

193 1379 54 21 blott
268 1379 48 21 med
340 1379 82 27 ledning
444 1378 22 22 af
487 1380 25 20 de
535 1380 72 20 kartor
623 1380 38 20 och
676 1380 130 26 handlingar,
821 1386 45 16 som
882 1380 66 22 finnas
962 1380 43 22 till-

193 1408 74 26 hands,
289 1414 26 15 en
333 1408 128 27 ypplysning,
480 1407 102 23 huruvida
597 1408 68 26 nägon
680 1408 111 27 olägenhet
805 1409 42 21 kan
862 1415 75 20 genom
951 1408 53 22 före-

193 1438 59 25 taget
269 1442 68 16 annan
357 1442 48 16 man
422 1436 127 22 förorsakas.
580 1436 43 22 Det
646 1438 60 20 beror
720 1436 64 22 sedan
800 1438 27 26 pä
841 1438 114 26 sökanden,
971 1444 34 15 om

193 1465 41 21 han
256 1466 27 26 pä
298 1465 67 27 grund
380 1464 22 22 af
414 1465 65 22 sådan
494 1465 127 27 upplysning
633 1465 35 21 vill
683 1465 87 27 påbörja
783 1465 103 28 företaget
896 1466 51 22 eller
957 1466 48 22 icke

193 1496 22 26 ty
236 1494 41 22 han
299 1495 66 20 mäste
382 1494 126 21 underkasta
523 1494 32 27 sig
569 1494 105 26 den:risk,
690 1497 30 19 att
734 1494 75 22 verket
824 1494 97 29 möjligen
936 1495 68 23 seder-

193 1529 59 15 mera
273 1522 42 22 kan
336 1522 132 22 bortskaffas.
497 1522 40 28 Jag
557 1528 62 16 anser
640 1522 81 23 derföre
743 1523 36 23 det
800 1524 8 21 i
823 1530 62 16 mom.
900 1524 103 23 förekom-
