1086 1814
275 129 180 20 Borgareståndet.
480 130 55 17 1867.
558 130 13 16 2
583 129 61 17 Mars.
805 124 40 21 117

62 219 80 15 samma
157 220 69 18 namn,
242 214 103 26 nemligen
360 214 77 26 kapell,
454 214 66 22 ehuru
533 215 24 20 de
568 214 54 21 dock
633 216 37 19 äro
680 214 128 26 väsentligen
819 214 56 21 olika

62 241 51 24 deri,
135 243 32 19 att
190 242 25 20 de
237 242 56 20 förre
316 244 75 24 utgöra
406 242 103 21 särskilda
523 242 147 27 församlingar
685 242 38 21 och
738 242 69 21 aflöna
822 248 53 21 egen

61 271 65 25 prest,
141 269 28 21 då
184 270 94 21 deremot
293 270 157 26 predikogällen
465 270 93 21 hvarken
573 270 89 21 bekosta
677 270 31 26 sig
722 273 59 23 prest
795 271 81 20 uteslu-

61 298 64 20 tande
139 298 33 20 för
187 304 52 20 egen
254 298 95 27 räkning,
364 299 52 21 eller
429 299 7 20 i
451 299 31 21 sin
498 299 67 26 kyrka
579 298 64 22 hafva
657 299 83 26 ständig
750 299 124 26 gudstjenst,

61 327 51 19 utan
135 326 124 22 esomoftast
280 326 95 27 begagna
396 327 160 27 moderkyrkan,
572 326 46 22 från
634 327 62 21 bvars
711 327 109 27 byggande
835 326 40 22 och

61 354 110 22 underhåll
187 355 26 21 de
227 354 71 28 förthy
314 355 92 27 skäligen
422 355 18 27 ej
456 356 52 21 böra
523 355 83 22 befrias.

129 422 55 22 Herr
199 423 154 22 Cederman:
369 424 46 21 Den
430 424 51 21 siste
496 423 81 22 talaren
593 423 39 21 har
647 423 77 21 uttalat
739 430 80 14 samma
833 422 42 22 far-

61 452 60 26 håga,
143 458 45 15 som
207 452 105 22 utskottet
333 452 7 21 i
362 452 48 22 dess
432 452 132 22 betänkande
586 452 90 21 rörande
699 452 134 26 möjligheten
854 451 23 21 af

61 480 142 27 predikogälls
224 480 117 28 förvexling
362 482 47 20 med
429 480 198 28 kapellförsamling.
657 480 48 22 Men
718 480 36 27 jag
769 482 46 19 tror
829 480 46 22 icke

61 511 32 20 att
115 510 62 21 dessa
196 509 38 21 ord
249 510 8 20 i
271 509 68 27 någon
355 510 123 26 öfverhetlig
492 510 114 21 resolution
622 509 115 21 förvexlats
751 510 48 20 med
814 509 61 21 hvar-

61 538 73 26 andra,
156 539 52 20 utan
228 538 37 21 der
279 538 94 21 tillstånd
389 538 117 21 meddelats
521 538 31 21 till
567 538 120 21 inrättande
702 538 22 21 af
737 538 138 26 predikogäll,

61 567 37 21 der
113 566 60 22 heter
188 567 36 21 det
239 566 136 27 predikogäll,
392 567 38 21 och
446 567 37 21 der
498 566 108 22 bildandet
622 566 22 22 af
658 566 89 21 särskild
762 566 114 26 kapellför-

61 595 88 27 samling
171 595 94 25 bifallits,
287 595 114 21 benämnes
424 595 121 21 densamma
565 595 80 27 kapell;
668 594 98 22 hvarföre
789 594 39 22 och
849 594 26 22 dä

61 624 97 21 afseende
181 624 67 21 måste
269 624 66 21 fästas
351 624 71 27 derpå,
438 624 55 21 huru
508 624 90 21 nämnde
614 623 96 22 samfund
725 624 35 21 vid
775 624 32 20 sin
822 629 54 21 upp-

61 652 70 22 komst
152 652 83 26 kallats,
258 653 62 26 ingen
335 652 115 26 förvexling
465 652 125 22 härutinnan
606 654 24 19 är
644 654 33 20 att
690 652 80 26 befara,
786 658 34 15 om
836 652 40 21 ock

61 687 26 15 en
110 680 65 22 sådan
197 682 7 20 i
227 682 79 25 dagligt
327 682 31 20 tal
372 681 7 21 i
394 681 51 26 följd
460 681 22 21 af
496 681 132 21 vårdslöshet
643 681 45 21 ofta
702 687 41 20 nog
758 687 49 20 eger
822 686 53 15 rum.

61 710 40 26 Jag
116 716 61 15 anser
192 709 82 21 således
289 709 86 27 onödigt
390 711 31 20 att
436 710 6 20 i
458 709 150 27 författningen
622 711 52 25 göra
690 710 39 21 den
745 709 131 25 distinktion,

61 738 87 21 hvarom
163 744 29 15 nu
207 740 23 19 är
245 738 65 26 fråga.

129 806 57 21 Enär
200 805 51 21 fere
266 806 67 21 talare
347 806 45 21 icke
408 806 79 21 anmält
502 806 36 26 sig,
553 806 132 21 framställde
700 806 49 20 herr
764 805 113 21 Talman-

61 840 50 16 nen
126 834 33 22 till
174 834 84 21 ståndet
273 834 91 27 följande
380 835 130 26 proposition
525 834 38 22 och
578 834 219 27 kontraproposition:

129 902 127 22 Godkänner
272 902 83 22 ståndet
370 902 114 22 utskottets
498 902 133 22 betänkande
646 902 48 22 med
704 903 40 21 den
755 902 121 27 förändring

60 931 8 21 i
89 930 139 22 redaktionen
251 931 65 26 deraf,
340 937 44 15 som
407 931 153 26 Ridderskapet
576 931 39 21 och
630 931 68 21 Adeln
713 930 96 26 antagit?
825 930 51 22 eller

61 960 78 20 önskar
162 960 84 20 ståndet
267 960 84 21 biträda
372 960 48 20 herr
443 959 127 22 Cedermans
587 960 81 26 förslag
683 960 30 21 till
729 960 111 21 redaktion
855 958 23 22 af

60 987 161 27 ifrågavarande
237 988 130 27 stadgande?

117 1055 44 22 "De
182 1062 45 15 som
250 1056 49 26 vilja
314 1056 36 22 det
364 1056 64 26 förra,
444 1062 61 15 svara
518 1056 28 27 ja,
562 1057 25 21 de
603 1062 45 16 som
664 1056 65 21 önska
744 1056 36 21 det
795 1062 80 18 senare,

61 1090 60 16 svara
136 1085 40 27 nej.

129 1147 32 21 På
181 1147 93 27 begäran
297 1147 105 21 anstäldes
424 1148 102 25 votering,
541 1153 45 15 som
602 1147 62 21 utföll
679 1147 47 21 med
741 1148 27 19 22
783 1147 22 26 ja
819 1149 59 19 emot

61 1177 14 20 4
97 1176 42 26 nej;
163 1175 38 21 och
225 1175 120 21 förklarade
367 1176 49 20 herr
438 1175 158 21 Talmannen
620 1175 82 21 ståndet
718 1176 80 20 således
814 1176 64 20 hafva

61 1205 84 20 förenat
159 1204 31 26 sig
206 1210 33 15 om
255 1204 40 21 den
310 1204 23 21 af
345 1204 154 26 Ridderskapet
514 1204 39 21 och
562 1204 66 21 Adeln
637 1206 91 25 antagna
738 1204 139 21 redaktionen

62 1232 23 22 af
104 1232 35 22 det
161 1232 119 27 föreslagna
303 1232 132 27 stadgandet,
451 1232 79 22 hvilket
545 1232 33 21 för
593 1232 64 27 öfrigt
670 1232 105 27 godkänts
789 1232 8 21 i
812 1233 64 26 enlig-

62 1261 37 22 het
119 1262 49 21 med
190 1262 116 21 utskottets
326 1261 144 26 betänkande;
486 1261 64 21 hvarå
565 1261 80 21 beslöts
660 1263 32 20 att
707 1261 57 22 såväl
779 1262 99 26 samtlige

62 1290 144 26 medstånden,
230 1297 43 14 som
297 1290 235 26 expeditionsutskottet
553 1290 67 21 skulle
635 1296 74 20 genom
725 1289 152 27 protokollsut-

63 1320 51 25 drag
129 1325 34 14 om
179 1318 184 27 borgareståndets
378 1318 133 22 förestående
527 1319 68 20 beslut
611 1319 140 20 underrättas.

130 1381 77 21 Medan
229 1381 133 21 förestående
384 1381 95 27 votering
500 1381 75 27 pågick
597 1381 103 21 anmältes
720 1381 38 20 och
773 1383 106 24 emottogs

63 1416 25 15 en
103 1410 123 26 deputation
243 1409 44 22 från
303 1409 163 27 Bondeståndet,
482 1410 73 21 anförd
570 1409 23 21 af
605 1409 202 27 landtdagsmannen
822 1409 57 22 Pun-

63 1439 70 24 derus,
154 1444 44 14 som
222 1438 123 20 meddelade
367 1440 31 18 att
419 1439 77 25 jemväl
511 1438 163 25 Bondeståndet,
697 1439 7 18 i
724 1438 91 25 enlighet
830 1439 48 20 med

63 1468 63 19 stats-
153 1466 39 20 och
215 1466 241 26 bevillningsutskottets
478 1466 84 26 förslag,
585 1466 117 21 remitterat
725 1466 152 21 ofvanberörde

63 1493 76 28 nådiga
161 1494 156 26 propositioner
338 1494 56 21 N:ris
417 1495 25 20 17
466 1494 36 21 och
519 1494 26 21 23
560 1494 33 21 till
608 1494 114 27 beredning
737 1493 23 22 af
773 1500 104 15 samman-

64 1524 43 20 satt
122 1522 107 22 ekonomi-
245 1525 54 19 samt
314 1524 62 20 stats-
392 1523 39 21 och
446 1523 212 26 bevillningsutskott.
