1092 1828
288 144 183 21 Borgareståndet.
495 145 55 16 1867.
575 145 23 16 10
610 145 64 20 April.
822 139 40 22 529

73 230 39 19 när
127 229 40 20 den
182 228 110 21 lutherska
306 228 82 27 kyrkan
402 229 84 26 upphör
501 231 32 19 att
547 235 51 15 vara
614 230 40 20 den
669 229 55 21 enda
738 229 131 22 herrskande
885 230 8 21 i

73 256 97 25 Finland,
193 256 88 21 likasom
305 257 40 20 den
367 257 159 26 grekisk-ryska
547 259 24 19 är
593 258 36 21 det
651 258 7 19 i
680 258 110 26 Ryssland,
812 258 23 20 så
850 258 41 21 kan

73 285 65 26 något
153 285 76 20 sådant
243 285 46 20 icke
304 291 58 15 mera
377 285 85 21 komma
476 285 73 27 ifråga.
574 285 112 22 Dessutom
702 286 116 21 innehåller
828 292 63 15 mom.

75 314 9 20 1
107 313 7 20 i
136 313 138 21 förevarande
296 313 11 28 &
329 320 26 15 en
377 315 46 19 stor
437 313 159 28 inkonsegvens,
612 314 27 21 dä
654 314 35 21 det
704 314 60 21 heter
779 327 27 2 —
821 327 27 2 —
864 327 26 2 —

74 341 54 25 »och
150 341 97 22 förrätte'
261 341 26 21 då
310 341 91 27 tjensten
416 341 53 22 efter
485 343 40 20 den
539 342 109 21 lutherska
663 342 92 27 kyrkans
770 342 121 21 handbok.''

71 370 31 26 Ty
126 376 34 15 om
187 370 40 21 den
249 370 110 21 lutherska
382 370 126 22 handboken
530 370 116 22 innehåller
668 370 70 28 något,
754 377 45 15 som
814 371 78 21 strider

71 400 57 20 emot
151 399 39 20 den
213 398 129 22 fremmande
357 399 181 21 trosförvandtens
553 399 133 24 bekännelse,
701 400 24 20 så
740 401 24 19 är
779 400 35 20 det
828 400 63 26 högst

71 428 124 25 opassande,
219 429 32 19 att
272 429 85 24 presten
380 427 101 22 förrättar
504 428 118 21 ceremonin
643 428 53 21 efter
719 428 40 21 den
781 428 110 21 lutherska

71 455 93 27 liturgin,
187 461 45 15 som
255 456 5 20 i
281 455 52 22 visst
347 455 36 22 fall
398 456 42 21 kan
455 462 51 15 vara
521 457 97 20 stötande
634 460 56 17 emot
706 457 40 20 den
760 456 130 22 fremmande

71 484 167 21 trosförvantens
253 484 52 21 lära.
328 484 39 21 Om
383 487 85 24 presten
481 485 81 21 således
572 485 36 21 vill
620 485 131 27 tillhandagå
761 485 129 22 fremmande

71 512 166 21 trosbekännare
259 513 48 20 med
321 513 123 27 presterligt
459 513 89 25 biträde,
564 514 24 21 så
602 513 34 21 må
651 513 41 22 han
708 515 51 25 göra
774 514 36 21 det
825 514 65 27 enligt

70 541 62 21 deras
148 541 60 21 bruk.
237 541 40 27 Jag
291 541 64 27 yrkar
371 541 82 22 derföre
468 542 28 27 på
510 541 136 28 paragrafens
661 543 140 21 uteslutande.

139 597 56 22 Herr
210 597 153 28 Ohrnberg:
379 598 7 21 i
402 598 113 27 anledning
529 599 22 21 af
566 599 39 21 den
620 601 72 19 senast
706 599 75 27 gjorda
794 600 95 21 anmärk-

70 626 78 27 ningen
172 627 63 20 beder
251 627 37 26 jag
303 629 32 18 att
350 627 22 20 få
386 629 63 24 yttra,
466 629 32 19 att
513 627 36 22 det
563 627 39 22 bör
617 628 132 26 förutsättas,
766 628 18 27 ej
800 629 89 21 allenast

70 657 33 19 att
126 661 26 15 en
174 655 129 22 fremmande
325 655 166 22 trosbekännare
514 656 95 27 frivilligt
631 657 65 26 begär
718 657 40 21 den
780 657 110 22 lutherska

71 685 96 25 prestens
182 684 89 25 biträde,
287 687 52 18 utan
354 684 38 21 och
409 687 31 18 att
455 685 41 20 han
513 686 118 26 samtycker
642 685 76 26 dertill,
730 687 33 20 att
773 686 40 21 den
824 686 65 27 tjenst

70 714 86 25 presten
172 713 79 21 lemnar
267 713 77 21 honom
359 715 50 25 äger
421 720 46 14 rum
478 714 7 20 i
495 713 215 22 öfverensstämmelse
722 715 47 20 med
781 715 108 21 lutherska

72 741 91 26 kyrkans
186 742 105 25 handbok,
314 742 39 20 och
373 742 81 21 således
473 742 45 21 icke
533 743 7 20 i
554 742 65 27 något
634 742 119 22 hänseende
768 743 49 21 sker
832 746 58 18 emot

72 770 41 20 den
128 769 128 22 fremmande
271 770 181 22 trosförvandtens
467 770 50 28 vilja
532 771 50 21 eller
597 771 87 21 önskan.

139 827 61 21 Efter
222 827 71 21 slutad
314 827 119 21 diskussion
454 827 130 21 framställde
606 827 56 22 Herr
684 828 152 21 Talmannen
850 828 40 21 föl-

68 856 65 26 jande
148 856 143 26 proposition:

137 913 68 21 Anser
221 913 90 24 ståndet,
323 914 32 20 att
371 913 12 27 $
402 913 37 21 122
455 913 72 27 borde,
540 913 7 21 i
558 913 92 27 enlighet
660 913 48 21 med
718 912 56 22 hvad
784 913 106 21 utskottet

68 941 110 27 föreslagit
193 948 24 14 ur
233 941 128 27 kyrkolagen
377 942 117 20 uteslutas?

136 998 161 27 Propositionen
313 998 126 22 besvarades
455 998 48 22 med
518 998 154 28 öfvervägande
684 998 29 27 ja,
728 998 8 21 i
750 998 52 28 följd
817 998 74 22 hvaraf

69 1027 12 27 $
98 1028 40 20 122
154 1027 83 21 komme
252 1029 32 19 att
299 1027 110 21 uteslutas.

136 1084 28 26 $$
181 1084 110 21 123—179
308 1085 88 25 antogos
411 1084 24 20 af
447 1084 85 21 ståndet
546 1085 52 20 utan
614 1083 126 21 diskussion.

139 1214 170 22 Sammanträdet
324 1215 93 21 slutades
431 1214 29 21 kl.
476 1216 13 19 2
505 1221 18 15 e.
538 1221 26 14 m.

667 1270 22 18 In
701 1271 61 17 fidem:

594 1311 76 21 Sixtus
686 1311 132 22 Calamnius.
