1126 1800
425 27 2 8 (

22 162 5 19 j
69 147 80 49 NÅ

154 178 3 2 N
238 163 7 33 j
273 148 200 52 Borgareständet.
499 151 56 17 1867.
579 151 24 17 19
614 151 63 17 Mars.
829 144 42 21 269

29 188 124 31 Sa
182 206 22 19 Y
236 186 60 37 4—

192 228 2 11 |

36 252 34 20 att
95 250 38 21 den
152 246 97 23 fastmer
264 244 95 20 komme
378 240 37 20 att
431 236 70 22 skada
517 235 74 27 sjelfva
607 236 72 26 saken,
694 235 85 21 hvilken
794 234 7 21 i
816 234 39 21 och
870 233 32 21 för

38 278 33 26 sig
94 280 23 19 är
137 275 28 23 af
191 274 46 20 stor
252 272 55 26 vigt,
323 271 38 21 att
380 265 120 32 behofvets
517 264 159 27 nödvändighet
691 270 42 20 nog
748 270 25 14 en
788 263 62 26 gång,
865 262 38 21 vär

37 302 169 26 framställning
227 300 97 24 förutan,
351 294 64 24 skall
435 296 78 24 tvinga
528 293 55 21 fram
599 299 26 15 en
641 292 65 22 sädan
721 291 86 28 ytterlig
821 290 82 26 ätgärd,

37 340 48 16 som
108 329 170 31 expropriation
302 327 8 21 i
333 322 149 25 närvarande
496 320 48 26 ll
567 320 122 28 verkeligen
711 322 30 20 är.
771 319 37 22 Mä
826 318 36 22 det
877 318 27 21 dä

37 362 67 22 blifva
118 358 137 25 ständernas
270 356 42 22 sak
329 356 38 20 att
386 358 13 16 r
461 351 41 17 -4a
518 347 88 23 dervili!

23 420 148 27 Herr
187 417 157 23 Rosenius:
368 412 83 23 Ehuru
464 410 39 26 jag
518 408 33 33 för
566 407 49 25 mita
632 411 33 21 del
681 410 56 22 helst
751 409 69 22 skulle
835 414 23 16 se
873 409 33 20 att

42 455 60 21 detta
123 450 84 24 tillägg
227 444 149 24 utlemnides,
402 438 101 23 anhåller
519 443 37 20 jag
571 436 61 30 dock
647 439 34 22 för
695 439 41 21 den
751 437 108 26 händelse,
875 438 32 20 att

40 480 94 25 flertalet
151 476 25 23 af
191 475 100 21 ständets
306 470 152 24 medlemmar
473 465 71 22 skulle
559 466 60 31 anse)
631 474 26 15 en
672 466 156 26 framställning
842 465 7 21 i
860 467 47 19 äm-

42 513 38 19 net
104 508 21 21 af
147 503 84 25 nöden,
255 505 32 20 att
310 500 64 22 Herr
394 496 137 32 Talmannen
547 492 51 22 ville
613 493 35 19 tär
665 496 96 21 ständets
777 493 131 23 besvarande

45 536 113 26 förelägga
186 537 27 15 en
239 528 147 31 proposition
407 530 8 14 i
431 524 42 20 det
489 522 64 26 syfte,
569 522 33 19 att
617 520 91 25 ståndet
723 523 76 25 kunde,
815 522 7 20 i
837 521 72 22 stället

45 567 34 21 för
103 564 36 21 det
155 559 80 28 tillägg
249 556 115 25 utskottet
381 559 7 15 i
405 550 78 28 antydt
499 548 102 22 afseende
616 546 107 27 förordas,
739 551 74 22 förena
827 550 32 26 sig
874 555 35 15 om

47 596 40 23 att,
109 582 27 41 nå
132 588 64 31 sätt
211 588 58 25 Herr
284 586 100 21 Prosten
401 575 88 40 Doktor
504 577 103 26 Alopeeus
623 576 6 21 i
645 575 48 21 dess
708 574 135 29 reservation
852 579 58 20 emot

51 618 120 35 utskottets
195 613 142 32 betänkande
363 607 122 32 föreslagit,
502 605 70 32 uttala
587 604 76 22 endast
679 609 25 16 en
721 603 80 21 önskan
813 604 46 27 att,
875 611 35 15 om

55 659 42 22 den
112 659 29 16 nu
157 648 95 23 antagna
267 641 88 25 Nädiga
372 633 231 34 propositionen
550 629 56 42 icke
619 631 68 22 skulle
701 631 50 33 leda
765 630 32 21 till
813 633 34 18 ett
864 633 47 22 full-

57 677 96 41 ständigt
177 668 172 33 genomförande
366 665 25 21 af
405 661 240 34 donationsböndernes
661 659 104 26 befrielse,
781 659 59 21 Hans
855 659 57 28 Kvj-

29 716 5 3 <
59 711 78 20 Sovliga
151 700 102 28 Majestät
275 697 27 22 dä
318 691 153 26 Allernädigst
487 690 49 21 ville
552 689 33 21 till
600 687 101 22 Finlands
716 687 87 22 ständer
817 686 90 22 aflemna

61 740 42 17 nya
124 730 80 25 förslag
225 726 33 23 till
276 724 88 26 slutligt
383 717 171 31 genomförande
569 717 24 22 af
607 717 70 21 denna
691 715 89 22 allmänt
795 715 112 26 efterläng-

61 762 50 23 tade
125 757 105 26 befrielse.

110 824 1 3 :
133 821 57 22 Herr
210 815 107 28 Bergh:
341 813 13 22 I
369 807 102 41 motsats
494 808 34 21 till
546 807 58 22 Herr
619 806 88 27 Östring
722 812 63 15 anser
799 805 34 27 jag
849 805 59 22 detta

66 852 74 26 tillägg
155 854 52 16 vara
222 852 26 15 en
263 841 127 25 nödvändig
405 837 82 28 fyllnad
503 837 6 20 i
525 835 140 22 förevarande
683 833 119 28 lagförslag,
819 833 89 22 emedan

66 882 37 27 jag
126 881 47 19 tror
188 877 38 22 att,
243 879 34 16 om
293 871 38 22 det
346 867 133 24 utelemnas;
495 864 80 33 verkan
592 863 21 21 af
629 862 48 22 hela
691 863 70 20 denna
775 862 76 26 åtgärd
867 861 41 22 blir

70 907 88 25 alldeles
179 905 63 26 ingen
262 901 53 22 eller
337 897 68 26 högst
420 893 116 32 obetydlig.
567 891 50 22 Men
633 891 55 26 finge
703 890 98 27 tillägget
815 891 92 26 qvarstå,

70 938 55 21 Jåter
148 935 37 21 det
206 930 67 23 tänka
295 928 32 26 sig
348 927 35 20 att
399 923 158 24 donatorierpe,
573 920 33 21 för
621 921 32 20 att
668 919 92 21 undvika
776 919 39 20 den
832 925 76 20 expro-

71 964 100 29 priation,
195 965 46 17 som
267 958 26 21 de
315 956 8 21 i
345 952 80 23 sädant
443 950 37 32 fall
496 949 55 21 hude
563 947 117 33 anledning
697 949 33 19 att
744 947 79 25 befara,
839 941 69 35 skulle

73 995 25 21 sä
112 990 83 30 mycket
210 991 87 19 snarare
312 979 114 29 samtycka
441 978 34 22 till
490 977 125 26 försäljning
630 975 23 22 af
665 975 47 22 sina
726 975 128 27 lägenheter.

143 1039 70 36 Sedan
227 1043 153 28 Giskussionen
395 1041 90 22 härmed
496 1039 115 22 förklarats
622 1038 77 25 slutad,
711 1037 132 22 framställde
853 1037 56 22 Herr

77 1082 181 22 Talmanmem
273 1075 41 20 tilll
323 1071 100 23 ständets
437 1068 132 22 besvarande
585 1066 102 27 följande:

149 1137 44 24 Vill
218 1134 85 23 ståndet
327 1132 34 21 till
383 1130 209 27 kontraproposition
617 1131 57 20 emot
697 1129 116 21 utskottets
835 1128 74 21 betän-

80 1171 72 24 kande
175 1167 7 20 i
205 1165 70 31 denna
299 1161 35 22 del
355 1161 76 31 antaga
448 1159 101 32 antingen
565 1158 56 21 Herr
635 1158 84 21 Doktor
734 1157 81 27 Alopei
831 1157 79 27 förslag

81 1201 34 22 till
136 1193 135 26 underdänig
284 1188 156 35 framställning
454 1194 7 14 i
477 1188 78 24 ämnet,
571 1187 52 21 eller
637 1186 40 22 ock
692 1188 33 20 att
740 1186 37 21 det
791 1185 24 22 af
827 1185 82 21 utskot-

82 1231 33 21 tet
136 1221 123 31 förordade
274 1219 74 26 tillägg
368 1216 53 32 skall
435 1216 119 20 utlemnas?
571 1215 40 21 den
625 1221 46 15 som
687 1214 79 22 önskar
781 1216 78 25 antaga
874 1214 36 21 det

82 1258 59 22 förra
161 1249 142 25 alternativet,
320 1251 71 29 svarar
403 1251 28 20 ja,
448 1244 41 22 den
505 1250 45 15 som
565 1243 124 28 godkänner
705 1243 36 21 det
755 1248 75 16 senare
845 1242 64 22 alter-

83 1283 91 25 nativet,
189 1283 74 18 svarar
277 1282 41 20 nej.

154 1340 132 26 Besvarades
310 1336 49 22 med
381 1335 102 21 blandadt
505 1334 24 27 ja
553 1334 40 21 och
617 1333 42 26 nej,
674 1332 100 22 hvarföre
789 1332 74 21 skreds
878 1332 33 21 till

86 1373 106 25 votering,
212 1374 46 16 som
280 1365 62 33 utföll
364 1363 46 35 med
425 1365 82 19 tretton
519 1362 24 27 ja
557 1363 45 20 mot
616 1361 43 21 tolf
671 1361 44 27 nej;
731 1360 102 22 skolande
849 1360 62 21 alltså

87 1406 56 21 Herr
159 1398 83 24 Doktor
257 1395 82 26 Alopei
353 1392 76 26 förslag
443 1391 71 21 såsom
529 1389 210 27 kontraproposition
754 1388 123 28 uppställas.

157 1456 12 22 1
179 1452 52 28 följd
238 1451 63 22 häraf
307 1448 91 24 förelade
405 1448 56 21 Herr
491 1447 51 21 Talm
549 1452 90 16 annen
651 1446 86 21 ståndet
745 1444 166 28 propositionen:

161 1509 128 25 Godkänner
310 1505 83 23 ståndet
409 1499 163 41 ifrågavarande
586 1502 23 22 af
622 1502 107 22 utskottet
743 1501 120 27 föreslagna
877 1501 35 21 til-

92 1542 62 30 lägg?
169 1540 41 21 den
225 1538 36 20 det
275 1538 38 25 gör
327 1539 71 17 svarar
409 1538 32 21 ja;
