1081 1784
297 137 181 22 Borgareständet.
502 137 55 18 1867.
580 138 27 17 80
619 137 63 21 April.
823 131 39 21 641

147 222 56 21 Herr
218 221 141 22 Lindblom
375 221 65 22 erhöll
456 222 60 20 ordet
531 222 38 21 och
581 222 92 27 yttrade:
689 220 46 22 med
747 221 58 21 detta
816 220 77 22 ärende

80 253 25 18 är
127 256 79 15 samma
221 249 138 27 förhållande,
376 256 44 15 som
436 250 46 21 med
498 250 94 21 enskilda
607 249 199 22 besvärsutskottets
822 248 72 22 ofvan-

80 278 92 21 nämnde
187 278 133 21 betänkande
335 278 39 21 N:o
391 278 21 25 6;
426 278 36 26 jag
477 278 93 21 anhäller
585 278 81 21 derföre
681 283 34 15 om
729 277 75 21 sakens
814 276 80 28 ytterli-

80 312 50 20 gare
155 306 158 26 bordläggning,
337 306 41 21 tilis
401 306 24 20 de
448 305 21 21 af
483 306 93 21 ständets
591 305 140 26 medlemmar,
746 304 71 22 hvilka
831 304 64 21 fram-

81 334 58 22 ställt
154 334 128 26 densamma,
297 334 136 22 äterinfunnit
447 334 36 26 sig.

148 391 80 21 Herrar
249 391 133 21 Mustonen
404 391 39 21 och
465 390 126 22 Snellman
612 390 103 21 instemde
736 390 7 21 i
763 390 55 21 Herr
832 388 62 22 Lind-

82 420 67 21 bloms
164 420 103 26 yttrande.

149 476 31 22 Pä
204 476 72 22 derom
299 476 22 21 af
341 476 55 21 Herr
417 475 163 22 Talmannen
602 475 60 27 gjord
684 474 154 28 framställning
852 474 44 22 blef

82 504 58 22 detta
155 505 77 21 ärende
247 504 118 22 tillsvidare
380 504 118 27 bordlagdt.

149 562 77 22 Vidare
241 562 108 26 föredrogs
364 561 94 22 ständets
468 561 94 21 enskilda
574 560 177 22 besvärsutskotts
762 560 133 22 betänkande

84 590 40 22 N:o
142 591 12 21 8
170 597 34 15 om
219 590 155 27 lagförklaring,
389 590 107 27 angäende
511 589 120 27 inteckning
646 590 21 21 af
681 590 13 21 &
709 589 135 27 arrendejord
859 596 37 15 an-

85 618 62 28 lagda
162 618 159 28 privilegierade
335 618 123 22 industriela
473 618 56 22 verk.

150 676 56 21 Herr
228 676 107 21 Snellman
357 675 71 22 anhöll
450 682 34 14 om
504 675 60 22 ordet
584 675 39 21 och
645 675 92 27 yttrade:
760 674 66 22 ehuru
844 675 52 21 före-

82 704 92 22 varande
197 704 178 27 petitionsförslag
394 706 23 19 är
433 704 20 21 af
468 704 41 26 mig
523 703 132 27 framställdt,
671 710 60 14 anser
743 703 36 27 jag
794 703 59 27 dock,
870 704 26 20 dä

83 738 25 16 en
131 733 62 27 nädig
215 732 130 28 proposition
367 733 31 21 uti
416 732 53 22 deti
484 732 63 26 sagde
562 731 77 27 förslag
655 732 125 21 omnämnda
794 732 53 27 syfte
859 738 37 15 nu-

83 767 57 16 mera
161 761 67 21 blifvit
251 760 31 22 till
305 762 112 20 ständerna
440 760 146 27 öfverlemnad,
609 761 64 26 saken
690 760 78 28 kunna,
783 761 69 21 säsom
862 762 35 20 ut-

83 789 80 23 skottet
177 789 114 27 hemställt,
307 789 87 22 förfalla.

151 847 31 21 På
204 847 72 21 derom
297 847 22 21 af
339 846 55 22 Herr
415 846 164 22 Talmannen
601 845 117 22 framställd
737 845 58 28 fråga
809 846 45 21 blef
866 848 31 19 ut-

84 876 90 22 skottets
197 875 133 22 betänkande
352 874 21 23 af
394 875 83 22 ståndet
499 874 100 27 enhälligt
621 876 93 25 antaget;
731 874 80 28 tillfölje
826 874 72 23 hvaraf

84 905 90 21 berörda
189 903 178 28 petitionsförslag
382 904 83 21 komme
479 905 32 19 att
525 903 87 22 förfalla.

152 961 55 21 Herr
232 961 166 21 Talmannen
420 960 97 27 föredrog
540 959 121 28 ytterligare
685 960 94 21 ståndets
803 960 95 21 enskilda

84 989 178 22 besvärsutskotts
285 990 39 20 den
347 990 26 20 24
389 989 77 20 dennes
481 988 115 27 bordlagda
610 989 131 21 betänkande
757 989 39 21 N:o
812 989 12 20 9
839 989 7 20 i
861 995 35 14 an-

85 1018 83 26 ledning
191 1019 21 19 af
236 1018 60 21 väckt
311 1017 58 27 fråga
385 1023 32 15 om
433 1017 124 27 anläggning
572 1017 13 21 &
600 1017 94 21 Grähara
708 1017 70 22 holme
790 1017 22 22 af
825 1023 25 16 en
865 1017 33 21 in-

85 1045 122 28 seglingsfyr
222 1046 31 21 till
269 1045 128 27 Helsingfors
412 1045 53 21 stad.

153 1102 55 22 Herr
222 1102 88 27 Bergh
325 1101 66 22 erhöll
406 1102 60 21 ordet
481 1102 38 22 och
535 1102 94 21 anförde:
646 1102 35 21 det
696 1102 38 21 har
749 1102 32 21 för
793 1102 60 26 ingen
864 1102 33 21 del

86 1131 54 21 varit
160 1131 91 20 hvarken
275 1130 128 27 Helsingfors
425 1131 58 20 stads
505 1130 138 27 borgerskaps
663 1130 50 21 eller
729 1130 46 21 dess
790 1137 108 20 represen-

86 1161 79 19 tanters
187 1159 83 26 mening
292 1160 31 19 att
344 1160 51 25 göra
417 1157 156 27 ifrågavarande
595 1158 32 27 fyr
647 1158 31 21 till
697 1165 24 14 en
737 1158 51 21 rival
804 1158 31 21 för
850 1159 47 22 de
887 1153 14 36 i

85 1187 112 22 Bottniska
218 1187 61 21 viken
295 1187 32 20 till
342 1187 119 21 inrättande
477 1187 107 21 bestämda
599 1187 61 26 fyrar,
676 1187 79 21 hvilkas
770 1187 127 27 nödvändig-

87 1216 35 21 het
139 1216 19 20 vi
173 1215 57 22 såväl
245 1222 44 14 som
305 1216 67 25 någon
388 1221 68 15 annan
472 1216 49 21 inse.
545 1215 48 21 Men
606 1221 25 15 en
642 1215 91 27 betydlig
744 1215 81 21 skilnad
836 1222 62 15 anser

84 1245 36 26 jag
136 1250 48 15 vara
200 1244 87 21 emellan
303 1245 31 20 att
349 1243 66 27 bygga
431 1250 25 15 en
472 1250 26 20 ny
513 1243 32 27 fyr
559 1243 38 22 och
613 1246 32 19 att
659 1243 93 22 etablera
767 1250 24 15 en
807 1243 38 27 fyr,
861 1245 37 21 der

87 1272 41 21 båk
149 1273 64 20 redan
236 1271 71 22 finnes.
339 1271 121 22 Kostnaden
481 1272 32 21 för
528 1277 25 15 en
569 1271 32 27 fyr
615 1272 13 21 &
643 1272 95 21 Grähara
753 1274 23 18 är
791 1271 107 23 beräknad

88 1301 73 21 endast
176 1301 31 20 till
223 1301 62 25 6,000
296 1300 67 24 mark;
379 1300 38 21 och
429 1307 32 14 om
473 1301 38 20 den
523 1300 38 21 ock
571 1300 68 21 skulle
649 1301 52 26 stiga
712 1300 31 20 till
754 1301 64 25 något
828 1300 69 28 högre,

88 1329 23 21 så
134 1335 48 15 vore
205 1329 35 20 det
261 1329 54 20 dock
337 1334 25 15 en
384 1328 147 27 obetydlighet.
561 1328 28 21 Af
611 1329 63 20 sädan
691 1329 61 20 orsak
769 1329 37 20 och
822 1329 26 21 då
864 1330 34 21 det

88 1357 46 21 icke
149 1363 36 15 ens
200 1359 23 19 är
238 1356 117 27 föreslaget,
371 1359 32 18 att
418 1357 62 26 sagde
496 1357 89 20 kostnad
600 1357 67 20 skulle
682 1357 49 26 utgå
747 1363 24 14 ur
787 1357 25 20 de
828 1357 69 22 bevill-

88 1385 134 27 ningsmedel,
239 1385 69 20 hvilka
327 1385 98 26 anslagits
441 1385 31 20 till
487 1385 116 20 inrättande
620 1385 21 20 af
652 1385 55 27 fyrar
721 1385 6 20 i
743 1385 154 27 Bottenhafvet,

88 1413 66 21 borde
177 1414 60 20 dessa
252 1419 73 14 senare
340 1413 73 20 härvid
428 1413 85 20 alldeles
528 1413 44 20 icke
587 1416 60 23 tagas
661 1413 7 19 i
683 1413 143 26 betraktande.
856 1415 42 20 För

90 1441 62 26 öfrigt
166 1444 60 23 tager
238 1441 36 26 jag
289 1441 42 25 mig
345 1440 89 21 friheten
445 1440 115 25 framhålla,
570 1441 110 20 huruledes
691 1440 134 21 Österbotten
838 1442 59 21 äfven

90 1471 23 20 är
135 1470 41 21 min
198 1469 142 26 födelsebygd;
364 1469 38 21 och
415 1469 36 26 jag
472 1468 111 27 ingalunda
598 1468 47 21 ville
660 1471 30 18 att
705 1475 25 14 en
746 1467 21 22 af
781 1469 41 27 mig
836 1469 62 22 fram-

90 1498 74 23 kastad
186 1498 38 21 sak
238 1497 68 22 skulle
321 1499 50 26 göra
386 1498 63 25 något
463 1497 83 27 intrång
561 1497 6 21 i
583 1497 25 22 de
623 1497 95 26 fördelar,
733 1497 70 22 hvilka
818 1500 36 20 äro
870 1499 28 21 af-

91 1527 64 22 sedda
178 1527 32 22 för
232 1527 119 22 inrättande
369 1526 21 22 af
403 1526 55 28 fyrar
473 1526 6 21 i
493 1526 153 22 Bottenhafvet.
677 1526 32 21 Då
721 1526 36 27 jag
772 1526 127 24 fortfarande

811 1567 21 17 41
