1095 1803
238 153 27 19 94
423 155 180 22 Borgareständet.
627 156 55 16 1867.
705 156 26 16 23
743 155 59 17 Febr.

209 241 46 21 dets
269 241 116 21 ledamöter
400 241 131 26 genomläser
546 241 36 21 det
597 241 54 25 hela,
666 241 51 20 utan
733 240 75 21 endast
823 240 26 21 de
864 239 59 22 delar
937 239 23 21 af
972 245 50 22 pro-

208 270 95 26 tokollet,
318 270 71 21 hvilka
404 270 42 21 han
461 270 33 21 för
509 270 31 21 sin
556 270 34 21 del
605 275 60 16 anser
680 269 85 26 vigtiga.

276 333 56 21 Herr
354 333 172 21 Grundfeldt
550 333 52 21 efter
627 332 42 21 min
691 332 64 21 tanke
776 331 65 22 finnes
856 332 54 21 intet
925 337 45 15 som
984 331 39 27 pä-

208 361 68 21 kallar
301 368 24 14 en
346 361 132 26 förkortning
500 361 22 21 af
542 361 120 27 liggetiden,
678 362 22 25 ty
715 366 34 15 om
764 361 159 25 protokollerna
938 360 85 20 komma

209 392 32 19 att
265 390 90 26 tryckas,
377 390 41 20 kan
440 390 76 21 sådant
530 390 63 20 likväl
608 390 46 20 icke
669 392 73 24 genast
758 389 37 21 ske
810 389 39 21 och
865 388 82 22 derföre
962 389 60 21 torde

209 419 36 21 det
259 425 50 14 vara
324 419 116 21 detsamma
455 424 33 15 om
504 418 26 21 de
544 418 56 27 ligga
614 418 36 21 två
665 418 51 21 eller
731 419 33 19 tre
779 418 76 20 veckor
870 418 27 26 på
912 416 82 22 bordet.

276 481 55 21 Herr
356 481 158 27 Lindeqvist:
538 481 36 26 jag
594 487 61 15 anser
670 482 31 20 att
715 480 159 26 protokollerna
889 480 65 21 borde
969 486 52 20 upp-

208 510 61 26 läsas,
284 512 59 18 utom
359 510 26 21 de
400 510 45 21 deri
461 510 170 21 förekommande
648 508 176 27 diskussionerna,
835 515 45 15 som
891 508 70 21 kunde
971 508 51 21 lem-

207 545 38 15 nas
261 538 116 27 oupplästa.

276 601 56 21 Herr
356 601 169 21 Talmannen
544 600 129 22 framställde
688 600 52 21 härå
755 600 92 26 följande
862 600 161 26 propositioner.

278 665 38 20 1:0)
340 669 61 16 anser
422 664 84 21 ståndet
520 663 159 28 protokollerna
693 663 52 21 böra
760 663 7 20 i
781 663 98 21 afseende
894 663 13 21 å
919 662 104 30 justering

208 693 67 20 hållas
290 692 130 26 tillgängliga
434 693 13 20 å
462 693 74 21 bordet
550 692 8 21 i
570 693 94 20 ståndets
679 692 137 21 sessionsrum
831 692 8 20 i
853 692 36 20 två
903 692 77 21 veckor
994 693 28 19 el-

208 721 31 21 ler
254 723 32 19 tre
302 721 88 21 veckor?

275 778 33 20 De
330 784 45 15 som
391 777 92 21 önskade
500 778 34 21 det
549 778 57 21 förra
621 777 67 21 skulle
703 783 61 16 svara
776 777 30 27 ja,
822 777 25 21 de
863 783 44 15 som
922 777 48 21 ville
986 778 36 21 det

208 812 74 16 senare
296 806 40 27 nej.

275 863 161 27 Propositionen
459 863 125 21 besvarades
606 863 94 25 sålunda,
723 864 32 20 att
770 863 94 21 ståndets
879 863 142 26 medlemmar,

207 892 48 21 med
271 892 107 21 obestridd
394 892 158 27 röstpluralitet,
568 892 95 21 uttalade
678 892 31 26 sig
724 892 33 21 för
776 892 35 21 två
826 892 87 21 veckors
928 892 92 26 liggetid.

275 950 40 20 2:0)
331 955 61 15 anser
407 949 91 25 ståndet,
514 950 32 20 att
560 950 74 20 endast
649 949 26 21 de
685 949 58 21 delar
754 949 22 21 af
787 949 163 26 protokollerna,
960 949 61 21 hvar-

207 979 56 20 emot
289 978 163 26 anmärkningar
469 978 72 26 gjorts,
557 978 52 21 böra
623 978 98 26 uppläsas
737 978 33 20 till
781 978 110 26 justering,
908 978 50 21 eller
972 984 48 20 pro-

207 1006 119 22 tokollerna
352 1006 6 21 i
380 1007 32 21 sin
434 1006 77 26 helhet,
528 1007 47 21 med
590 1007 107 26 undantag
712 1006 23 21 af
748 1006 26 21 de
789 1007 44 20 deri
848 1006 173 22 förekommande

207 1035 182 21 diskussionerna?

274 1091 48 22 Den
344 1098 45 15 som
408 1091 97 22 biträdde
520 1091 57 22 förra
592 1092 60 21 delen
667 1091 23 22 af
703 1092 158 26 propositionen
877 1092 67 21 skulle
959 1098 61 15 svara

203 1121 29 26 ja,
249 1121 40 20 den
304 1127 44 14 som
364 1120 115 22 omfattade
495 1121 39 20 den
550 1127 73 14 senare
638 1127 61 14 svara
714 1121 40 26 nej.

273 1177 79 22 Genom
368 1178 95 26 votering
478 1177 48 21 med
541 1177 70 22 slutna
625 1177 76 26 sedlar,
716 1177 88 21 hvarvid
819 1184 25 15 en
855 1178 57 21 sedel
923 1179 96 24 oöppnad

205 1205 83 26 aflades,
312 1206 126 21 besvarades
461 1207 68 20 denna
550 1206 129 26 proposition
701 1205 94 25 sålunda,
816 1208 32 19 att
863 1208 73 19 sexton
951 1208 69 19 röster

205 1235 96 20 uttalade
322 1235 32 26 sig
368 1234 32 21 för
416 1234 35 21 det
466 1235 57 20 förra
538 1235 135 20 alternativet
689 1235 38 20 och
743 1234 54 21 elfva
811 1234 34 21 för
860 1235 35 21 det
910 1241 80 15 senare.

272 1292 11 21 I
298 1291 92 26 enlighet
405 1292 48 20 med
469 1292 25 21 de
509 1291 89 21 sålunda
612 1291 80 21 fattade
702 1291 97 22 besluten
809 1291 68 22 skulle
887 1292 73 26 hvarje
972 1298 47 21 pro-

204 1319 67 22 tokoll
293 1320 7 21 i
314 1320 98 21 afseende
428 1320 12 21 å
454 1320 103 27 justering
571 1320 37 21 två
622 1320 76 21 veckor
710 1320 68 21 hållas
793 1320 126 27 tillgängligt
935 1321 12 20 å
961 1321 58 20 stån-

205 1349 46 20 dets
265 1349 59 22 bord,
341 1350 54 18 samt
410 1349 90 20 derefter
515 1349 93 20 anmälas
623 1354 34 14 om
673 1349 161 25 anmärkningar
845 1351 56 18 emot
911 1349 108 26 protokol-

203 1376 31 21 let
256 1376 68 21 blifvit
344 1376 80 26 gjorda,
441 1376 26 21 då
492 1377 62 20 dessa
567 1376 66 20 borde
648 1376 7 20 i
671 1376 97 21 afseende
783 1376 13 21 å
810 1377 98 26 pröfning
923 1377 21 20 af
958 1377 60 21 deras

204 1404 126 27 befogenhet
352 1404 84 21 ståndet
458 1404 106 26 föreläsas,
587 1404 116 27 hvaremot,
719 1405 7 21 i
741 1405 100 21 händelse
856 1405 162 28 anmärkningar

203 1434 47 21 icke
264 1434 82 26 inlupit,
362 1433 129 26 protokollet
506 1435 50 20 utan
572 1433 71 21 vidare
658 1440 49 15 vore
719 1434 113 26 justeradt.

272 1491 56 21 Herr
353 1490 164 22 Talmannen
543 1491 98 26 föredrog
666 1491 51 21 härå
736 1492 35 21 det
785 1492 33 21 vid
835 1493 84 20 senaste
933 1493 84 26 plenum

205 1519 115 28 bordlagda
334 1519 208 28 petitionsförslaget,
558 1519 107 28 angående
680 1519 122 28 försäljning
817 1520 7 21 i
835 1521 99 21 städerna
942 1529 75 20 genom

205 1549 220 21 auktionskammaren
440 1548 23 21 af
476 1548 144 22 konfiskeradt
635 1548 38 21 och
688 1549 145 22 haveriseradt
847 1550 58 26 gods.
