1086 1839
289 140 181 22 Borgareståndet.
493 140 55 18 1867.
569 134 28 33 24
610 134 62 33 April
828 134 41 21 579

80 225 68 26 viken,
172 225 60 21 äfven
253 231 45 15 som
314 224 127 28 derigenom,
457 226 32 20 att
504 224 114 22 utländska
631 224 69 27 fartyg
716 224 65 22 oftast
796 224 18 26 ej
830 224 68 21 under

80 254 67 26 några
162 253 68 21 vilkor
245 253 72 21 kunna
332 253 78 21 förmås
426 255 32 19 att
473 259 73 15 senare
560 253 28 27 på
604 259 118 15 sommaren
735 252 79 22 besöka
830 252 40 21 den
886 252 12 21 å

80 282 78 20 Finska
180 281 60 21 sidan
262 281 23 21 af
305 281 54 21 intet
380 281 129 27 vägledande
523 281 41 27 ljus
578 281 99 27 upplysta
688 281 114 25 hafsviken,
818 280 81 22 hvilket

80 310 47 21 åter
148 309 47 21 haft
217 310 32 20 till
271 309 53 27 följd
339 311 33 19 att
386 309 164 27 exportartiklar
564 309 48 21 icke
627 310 67 20 sällan
710 309 23 21 af
746 309 54 21 brist
814 308 27 27 på
856 309 42 21 far-

80 338 148 27 tygslägenhet
241 338 70 20 blifvit
325 338 167 26 vinterliggande
507 338 7 21 i
529 344 52 20 egen
596 337 69 21 hamn.
696 338 41 20 Det
751 339 24 19 är
790 337 108 21 dessutom

80 367 147 25 förnämligast
241 366 47 21 med
303 366 85 27 ledning
402 366 24 20 af
439 366 25 20 de
480 366 12 20 å
507 365 94 21 Svenska
611 366 61 20 sidan
683 366 22 20 af
713 366 113 21 Bottniska
836 366 63 20 viken

80 395 106 27 uppförda
201 394 80 22 talrika
295 394 92 27 fyrarne,
403 400 44 15 som
463 394 130 26 seglationen
608 394 34 21 till
658 394 25 21 de
694 394 78 21 Finska
782 394 117 20 hamnarne

80 423 34 21 för
136 423 131 21 närvarande
285 422 112 25 bedrifves,
420 422 39 22 och
474 423 35 21 det
524 423 42 21 kan
580 428 62 16 anses
658 422 68 21 såsom
742 428 26 16 en
783 422 116 21 hederssak

80 451 34 22 för
129 452 36 21 det
180 451 78 21 Finska
273 451 67 21 folket
355 453 32 19 att
402 451 36 21 det
453 451 57 27 sjelft
520 451 127 21 åtminstone
660 451 33 20 till
703 450 68 27 någon
783 451 33 21 del
827 450 72 21 åstad-

80 480 96 21 kommer
198 480 27 20 de
245 480 148 26 inrättningar,
414 485 46 15 som
482 480 33 20 för
530 479 118 21 detsamma
666 481 37 19 äro
719 479 23 20 af
755 479 75 25 nöden,
847 481 52 18 utan

81 510 32 20 att
128 508 72 22 dervid
215 508 135 21 uteslutande
365 508 53 20 lefva
434 508 27 26 på
476 508 66 20 andra
556 508 109 20 nationers
680 507 124 21 bekostnad.

148 537 70 21 Jemte
235 536 35 22 det
285 536 105 21 utskottet
405 536 28 26 på
447 536 63 21 dessa
524 536 46 21 skäl
584 542 63 15 anser
662 538 33 18 att
710 536 69 26 någon
794 535 60 27 fråga
865 541 34 15 om

80 565 68 21 andra
163 565 186 27 fyrinrättningars
359 564 183 27 åvägabringande
552 564 46 21 icke
612 564 39 21 bör
660 564 132 21 förekomma
804 564 24 21 så
838 564 62 26 länge

80 594 73 21 landet
179 594 46 20 icke
247 595 24 19 är
291 594 8 20 i
321 592 62 22 stånd
406 595 33 19 att
461 593 147 21 åstadkomma
622 593 26 20 de
663 593 23 20 af
700 595 83 19 senaste
798 592 102 26 landtdag

81 622 105 25 beslutna,
201 622 67 20 finner
283 621 116 26 Utskottet,
415 622 55 20 hvad
486 621 100 21 särskildt
600 620 102 22 beträffar
716 621 101 27 förslaget
828 627 34 15 om
873 626 26 14 en

81 650 147 26 inseglingsfyr
252 650 33 21 till
300 649 139 27 Helsingfors,
455 650 69 20 denna
539 651 33 19 ort
586 655 52 15 vara
652 650 6 20 i
674 650 90 20 berörde
780 649 120 21 hänseende

80 678 115 27 lyckligare
209 678 69 21 lottad
293 679 27 19 än
335 678 68 26 någon
418 683 69 15 annan
499 678 56 20 inom
571 678 72 20 landet
658 680 55 18 samt
727 684 26 14 en
764 677 32 27 fyr
808 677 33 21 för
852 677 48 21 dess

81 706 66 22 behof
166 706 81 22 således
269 706 49 21 vida
340 706 80 21 mindre
436 708 27 19 än
477 706 33 21 för
525 712 25 15 en
565 706 78 27 mängd
658 706 67 21 andra
740 708 58 19 orter
812 712 52 14 vara
878 704 24 22 af

62 758 3 3 .
81 735 209 26 omständigheterna
311 734 105 27 påkallad.
446 735 132 26 Helsingfors
600 736 24 19 är
646 735 111 26 nemligen,
778 734 28 27 pä
820 736 44 19 sätt
878 733 24 21 af

81 764 36 21 det
139 763 92 27 följande
246 769 69 21 synes,
330 769 59 15 mera
404 765 27 19 än
446 763 69 26 nägon
529 769 69 15 annan
613 763 65 20 hamn
692 763 39 20 här
746 763 7 20 i
768 763 72 21 landet
856 768 43 15 om-

81 793 69 26 gifven
166 792 21 21 af
201 792 64 27 fyrar,
281 798 46 15 som
341 792 122 21 underlätta
477 791 135 27 inseglingen.
637 791 58 21 Ifrän
710 791 96 22 Grähara
821 791 43 20 bäk
876 792 24 19 är

81 821 33 21 till
135 821 128 21 Söderskärs
277 820 33 27 fyr
325 820 64 27 21/,9,
405 820 32 21 till
451 820 122 26 fyrskeppet
588 820 34 21 vid
638 820 106 21 Kallbäda
758 820 69 26 grund
843 819 56 27 31/3,

81 849 32 22 till
135 849 123 21 Rönnskärs
278 849 33 26 fyr
327 848 55 27 3%/,,
398 849 32 20 till
445 848 109 21 Kokskärs
569 847 32 28 fyr
616 848 40 21 och
671 848 31 21 till
718 848 134 21 Revalsstens
866 847 34 26 fyr

81 877 54 28 41/5,
159 879 54 19 samt
235 877 33 21 till
291 877 102 21 Ekholms
416 876 33 27 fyr
470 877 55 26 61/,
541 876 38 21 allt
594 876 95 21 Svenska
704 877 41 20 mil.
776 877 32 20 De
823 876 76 26 fartyg,

81 912 46 15 som
142 907 75 20 närma
232 905 31 26 sig
278 905 138 26 Helsingfors,
434 905 51 21 böra
500 904 82 22 derföre
598 905 18 26 ej
632 905 63 20 hafva
710 905 69 26 nägon
794 904 107 25 svärighet

81 936 38 25 att,
135 934 61 21 äfven
211 934 98 26 nattetid,
325 933 47 22 med
388 933 85 27 ledning
489 933 22 21 af
525 933 60 21 dessa
600 933 58 26 fyrar
673 933 79 26 ganska
763 939 55 20 noga
829 933 72 20 kunna

81 963 119 22 bestämma
215 963 37 20 sitt
267 963 48 26 läge
330 964 55 19 samt
399 962 82 21 säledes
496 962 48 21 med
558 961 78 22 lätthet
651 961 71 21 kunna
737 961 93 22 undvika
839 961 61 21 faran

81 993 33 20 att
136 991 85 21 krossas
243 993 44 18 mot
309 991 118 26 klipporna.
456 990 112 21 Utskottet
582 990 106 26 afstyrker
703 990 130 21 fördenskull
848 989 53 26 peti-

81 1020 83 21 tionens
189 1019 118 26 antagande
333 1018 23 21 af
378 1019 178 26 Borgareständet
581 1020 55 19 samt
658 1019 67 20 finner
746 1019 32 26 sig
800 1018 62 21 hafva
877 1017 24 21 sä

81 1048 85 27 mycket
187 1053 59 16 mera
265 1047 47 21 skäl
327 1047 77 27 dertill,
420 1053 51 20 som,
488 1047 64 26 enligt
566 1047 56 21 hvad
637 1046 111 22 Utskottet
764 1047 38 20 har
818 1047 31 25 sig
864 1045 37 21 be-

81 1077 60 26 kant,
156 1075 260 28 Sjöassuransföreningen
432 1076 6 20 i
453 1075 90 22 Finland
554 1075 84 27 nyligen
649 1077 70 20 ansett
729 1075 31 26 sig
772 1075 46 22 icke
828 1074 73 21 kunna

81 1106 71 21 lemna
167 1106 31 20 ett
213 1105 23 20 af
249 1105 121 21 densamma
386 1104 89 26 begärdt
489 1104 72 21 förord
571 1103 34 22 för
617 1110 25 15 en
655 1104 117 26 ansökning
782 1103 32 22 uti
824 1102 77 27 ifräga-

81 1133 93 22 varande
189 1133 61 27 syfte,
267 1133 39 21 och
323 1133 35 21 det
372 1133 65 21 likväl
451 1132 66 27 ligger
532 1132 7 21 i
554 1133 68 20 denna
636 1132 106 27 förenings
756 1133 90 20 intresse
862 1133 38 24 att,

83 1163 37 20 der
140 1161 70 27 någon
230 1161 113 26 anledning
363 1161 70 22 dertill
448 1161 146 26 förekommer,
610 1161 7 20 i
632 1161 118 26 möjligaste
765 1160 67 21 måtto
848 1160 54 21 söka

82 1190 101 22 befordra
201 1190 202 27 fyrinrättningarne
418 1190 7 20 i
440 1190 72 21 landet
527 1189 87 21 likasom
630 1191 68 19 andra
713 1189 71 27 dylika
798 1188 104 21 anstalter

83 1219 32 21 till
131 1218 112 27 sjöfartens
259 1218 150 27 betryggande.

152 1279 139 27 Helsingfors,
307 1280 41 21 den
361 1280 12 20 6
388 1279 60 27 April
464 1280 61 21 1867.

393 1341 22 21 C.
430 1341 27 21 A.
477 1337 115 32 Öhrnberg.

154 1404 61 21 Gust.
231 1405 26 20 A.
273 1403 124 21 Lindblom.
645 1402 71 21 Jakob
731 1402 87 21 Krank.

153 1466 27 20 P.
199 1461 94 31 Östring.
649 1464 47 20 Otto
718 1464 115 20 Wendelin.

610 1524 74 22 Sixtus
701 1524 132 22 Calamnius.
