1700 1953
629 221 181 21 Borgareståndet.
835 221 54 18 1867.
913 222 12 16 6
937 222 63 17 Mars.
1148 218 37 20 141

401 301 79 21 dandet
502 300 22 21 af
545 300 80 21 sådana
646 301 114 26 jagtmedel
785 301 49 21 hela
857 300 46 22 året
919 308 33 14 om
968 301 27 27 på
1010 308 52 20 egen
1077 302 67 20 mark.
1174 302 43 20 Det

397 331 27 19 är
446 329 84 21 derföre
548 329 37 26 jag
601 329 114 26 föreslagit,
731 331 33 19 att
779 336 25 14 en
819 330 152 26 inskränkning
986 329 65 21 borde
1067 330 128 21 bestämmas
1210 330 6 20 i

397 357 101 21 afseende
521 357 13 21 å
556 357 57 21 tiden
635 357 36 21 för
687 357 136 27 begagnande
838 357 23 21 af
875 358 112 25 förgiftadt
1001 358 97 20 lockbete
1113 358 60 20 äfven
1190 358 27 26 på

400 392 52 19 egen
474 385 68 23 mark,
563 386 103 25 nemligen
690 386 23 20 så
735 387 32 19 att
790 386 59 20 detta
863 385 55 26 finge
933 386 108 20 användas
1057 386 54 20 blott
1127 386 90 21 emellan

400 413 41 21 den
458 414 9 19 1
484 413 120 21 November
624 413 39 21 och
680 414 9 19 1
707 413 49 26 Maj,
773 415 54 19 samt
842 419 29 15 nu
883 413 77 27 jemväl
977 419 62 16 anser
1053 413 42 26 mig
1110 413 54 22 böra
1174 414 43 21 för-

401 441 52 21 orda
478 448 81 15 samma
581 441 152 26 inskränkning
753 442 7 21 i
775 441 98 22 afseende
889 441 13 21 å
916 448 59 20 grop,
991 448 37 15 sax
1044 442 39 21 och
1099 448 63 15 snara
1178 441 39 22 och

398 470 44 21 alla
458 471 66 20 andra
538 470 34 21 för
587 470 121 21 menniskor
723 470 39 21 och
777 470 89 27 husdjur
881 470 111 25 lifsfarliga
1005 470 122 27 jagtmedel.

468 533 57 20 Herr
540 532 157 21 Cederman:
713 533 6 20 i
734 534 89 19 motsats
839 534 45 19 mot
899 533 26 20 de
940 532 127 27 föregående
1082 533 83 21 talarne
1181 539 36 14 an-

400 567 34 15 ser
452 561 38 26 jag
512 561 116 21 utskottets
643 561 78 26 förslag
736 561 7 21 i
759 561 43 27 $:ns
817 561 67 21 första
898 563 94 19 moment
1007 561 52 21 böra
1073 563 88 24 antagas
1178 561 39 22 och

400 589 89 21 sålunda
511 589 147 26 begagnandet
678 589 23 20 af
721 589 88 26 gillrade
832 589 56 26 spjut
911 589 39 21 och
973 589 121 26 skjutgevär
1109 589 80 22 tillåtas
1205 590 13 21 å

400 624 52 20 egen
474 618 61 21 mark
558 618 38 21 och
623 618 60 20 äfven
699 617 12 21 å
726 624 80 14 annans
821 618 47 20 med
884 619 89 25 ägarens
988 617 130 27 begifvande.
1150 619 67 20 Dessa

399 647 62 26 giller
484 646 106 21 användas
613 646 103 27 nemligen
739 646 23 21 af
780 647 111 26 allmogen,
914 652 46 15 som
982 646 19 27 ej
1023 647 38 20 har
1077 647 30 20 tid
1123 648 32 19 att
1170 646 49 26 sjelf

398 675 83 20 vandra
496 675 97 26 omkring
608 675 47 20 med
671 674 76 21 bössan
763 675 7 20 i
785 674 62 21 hand.

468 737 55 21 Herr
544 736 201 27 Bronikowskij:
767 737 33 20 för
817 737 42 20 min
881 737 34 21 del
936 736 33 21 får
991 736 35 27 jag
1041 737 113 21 instämma
1168 737 48 20 med

400 765 56 21 Herr
478 765 70 26 Bergh
570 765 38 21 och
625 766 25 20 de
666 765 65 25 öfrige
747 765 22 20 af
783 765 94 21 ståndets
893 765 142 26 medlemmar,
1051 771 45 15 som
1112 765 43 20 lika
1170 765 48 21 med

400 794 78 21 honom
500 794 62 26 yrkat
582 795 32 19 att
635 793 90 27 gillrade
743 793 56 26 spjut
815 793 51 21 eller
882 792 121 27 skjutgevär
1017 793 7 21 i
1040 793 61 26 ingen
1117 792 100 22 händelse

397 822 70 22 skulle
494 822 22 21 få
538 822 70 21 såsom
629 821 137 27 jagtredskap
790 822 111 21 användas.
933 821 45 21 Den
1001 821 76 26 fångst,
1100 828 44 15 som
1169 822 49 20 med

399 851 54 21 slike
475 850 91 27 redskap
589 851 79 24 vinnes,
687 852 24 18 är
727 850 22 20 af
762 850 61 26 ingen
836 850 107 26 betydelse
958 850 7 20 i
979 850 120 26 jemförelse
1114 850 48 21 med
1178 850 40 21 den

400 879 54 21 våda
477 880 26 20 de
526 878 103 22 medföra.
658 880 41 24 Jag
718 879 80 20 känner
813 879 36 21 fall
864 880 32 19 att
911 878 54 22 både
980 879 88 21 kreatur
1083 878 39 21 och
1138 879 80 20 menni-

400 908 50 21 skor
473 907 68 21 blifvit
562 913 77 20 genom
665 907 80 21 sådana
767 907 59 27 giller
849 906 99 22 skadade.
977 907 40 21 Väl
1035 907 60 21 heter
1111 908 37 20 det
1162 907 7 20 i
1184 907 34 27 $:n

399 938 40 24 att,
455 935 32 22 för
502 938 32 19 att
549 936 132 21 förekomma
696 935 66 21 skada
777 935 12 21 å
804 936 93 25 kreatur,
911 935 62 21 dessa
983 936 61 25 giller
1056 935 88 22 likasom
1158 940 60 22 grop,

401 971 44 18 sax,
468 970 63 15 snara
556 966 41 19 etc.
621 965 26 20 då
670 964 25 20 de
711 966 37 18 äro
765 964 11 20 å
792 964 88 21 samfäld
895 964 61 20 mark
971 964 112 25 inrättade,
1099 964 61 20 skola
1175 970 43 15 om-

402 994 80 26 hägnas
506 993 48 21 med
576 993 65 21 fällda
663 992 48 22 träd
735 992 50 21 eller
806 995 64 18 annat
896 992 103 26 stängsel;
1016 998 47 15 men
1079 992 85 21 dermed
1180 994 37 18 äro

400 1021 83 21 ändock
506 1021 19 27 ej
548 1022 121 20 menniskor
685 1021 113 27 skyddade,
817 1023 22 25 ty
861 1021 52 20 efter
939 1022 30 19 ett
991 1020 76 22 snöfall
1090 1022 14 18 t.
1121 1027 30 14 ex.
1168 1020 51 21 kan-

401 1051 62 26 ingen
485 1056 22 15 se
523 1052 32 19 att
570 1050 61 26 giller
646 1052 23 18 är
684 1049 97 21 utstäldt.
811 1049 134 21 Beträffande
960 1049 147 26 kungörandet
1122 1050 7 20 i
1144 1049 74 27 kyrka,

400 1078 138 27 hvarigenom
560 1078 121 22 menniskor
706 1078 67 20 skulle
793 1084 76 14 varnas
891 1077 33 21 för
948 1077 66 27 faran,
1031 1078 23 20 sä
1069 1079 34 19 vet
1119 1084 26 14 en
1160 1078 58 24 hvar,

402 1110 32 18 att
452 1107 137 26 kungörelser
603 1108 7 20 i
626 1107 114 21 allmänhet
756 1106 19 27 ej
790 1106 94 22 medföra
899 1108 46 19 stor
960 1108 65 24 nytta,
1042 1108 22 25 ty
1079 1112 26 15 en
1120 1106 40 21 hör
1173 1106 47 21 dem

400 1136 41 21 och
457 1142 25 15 en
498 1141 70 15 annan
583 1136 52 21 icke.

470 1198 56 21 Herr
547 1197 154 22 Cederman:
731 1197 36 21 det
792 1197 67 21 skulle
880 1197 108 26 verkligen
1010 1196 97 21 förefalla
1126 1197 43 25 mig
1185 1196 35 21 be-

403 1227 122 26 synnerligt,
544 1233 35 14 om
593 1232 49 15 man
659 1225 18 27 ej
693 1226 54 25 finge
763 1232 36 14 ens
815 1226 26 26 pä
857 1231 52 20 egen
925 1225 60 20 mark
1000 1225 91 20 anställa
1104 1224 47 27 jagt
1166 1224 54 21 efter

400 1255 118 26 skadedjur
541 1255 52 21 eller
615 1255 63 26 fänga
701 1254 38 21 och
759 1254 56 21 döda
837 1253 47 22 dem
906 1253 28 27 pä
948 1253 81 21 hvilket
1044 1255 43 19 sätt
1102 1254 55 20 samt
1172 1253 48 21 med

403 1284 71 21 hvilka
496 1290 68 20 vapen
587 1283 39 21 och
648 1283 141 26 inrättningar
809 1289 48 14 man
877 1282 99 26 behagar,
992 1281 123 26 isynnerhet
1130 1281 27 21 dä
1172 1287 49 15 man

402 1319 76 20 genom
493 1312 138 26 iakttagande
646 1311 23 21 af
683 1311 24 21 de
722 1310 205 27 försiktighetsmätt,
938 1317 45 14 som
995 1310 39 21 här
1045 1312 36 19 äro
1093 1309 126 26 föreslagna,

400 1341 93 21 afhäller
509 1340 53 21 bäde
578 1340 121 20 menniskor
715 1340 38 20 och
769 1339 86 26 husdjur
870 1339 47 20 frän
933 1340 32 19 att
981 1340 81 19 utsätta
1077 1339 30 25 sig
1123 1337 33 22 för
1166 1337 53 22 fara.

472 1402 70 21 Sedan
564 1402 146 20 diskussionen
725 1400 115 22 förklarats
855 1400 99 26 afslutad,
970 1400 141 21 framställdes
1127 1399 23 21 af
1163 1399 58 21 Herr

403 1431 157 21 Talmannen
575 1430 33 21 till
623 1429 84 21 ständet
722 1429 93 27 följande

472 1492 151 27 Proposition:
645 1492 129 21 Godkänner
789 1491 84 21 ståndet
888 1491 67 21 första
970 1496 63 15 mom.
1049 1490 23 21 af
1086 1491 11 25 $
1113 1490 13 22 8
1142 1490 6 20 i
1164 1490 57 21 oför-

403 1521 92 21 ändradt
517 1520 74 21 skick?
615 1520 51 20 eller
689 1520 35 20 vill
747 1519 84 21 ståndet
846 1519 44 20 deri
905 1518 70 21 införa
990 1519 39 20 den
1045 1518 129 26 förändring,
1190 1519 32 19 att

404 1549 148 21 användandet
575 1548 22 21 af
617 1547 88 26 gillrade
728 1547 56 26 spjut
807 1547 50 20 eller
879 1546 122 27 skjutgevär
1024 1546 69 21 såsom
1106 1545 116 26 jagtmedel

405 1577 43 22 helt
472 1577 39 22 och
533 1576 66 21 hället
621 1575 122 27 förbjudes?
773 1575 32 21 De
821 1580 44 16 som
880 1574 50 27 vilja
945 1575 36 20 det
995 1575 63 24 förra,
1075 1580 61 15 svara
1150 1573 28 27 ja,
1196 1573 25 21 de

403 1613 47 15 som
466 1606 66 21 önska
547 1605 36 22 det
598 1611 81 21 senare,
695 1604 40 27 nej.
