<?xml version="1.0" encoding="UTF-8"?>
<alto xmlns="http://www.loc.gov/standards/alto/ns-v3#" xmlns:xlink="http://www.w3.org/1999/xlink" xmlns:xsi="http://www.w3.org/2001/XMLSchema-instance" xsi:schemaLocation="http://www.loc.gov/standards/alto/ns-v3# http://www.loc.gov/alto/v3/alto-3-0.xsd">
	<Description>
		<MeasurementUnit>pixel</MeasurementUnit>
		<sourceImageInformation>
			<fileName>/tmp/tess_5o_od836_input.PNG</fileName>
		</sourceImageInformation>
		<OCRProcessing ID="OCR_0">
			<ocrProcessingStep>
				<processingSoftware>
					<softwareName>tesseract 5.3.4</softwareName>
				</processingSoftware>
			</ocrProcessingStep>
		</OCRProcessing>
	</Description>
	<Layout>
		<Page WIDTH="1092" HEIGHT="1792" PHYSICAL_IMG_NR="0" ID="page_0">
			<PrintSpace HPOS="0" VPOS="0" WIDTH="1092" HEIGHT="1792">
				<ComposedBlock ID="cblock_0" HPOS="233" VPOS="130" WIDTH="564" HEIGHT="26">
					<TextBlock ID="block_0" HPOS="233" VPOS="130" WIDTH="564" HEIGHT="26">
						<TextLine ID="line_0" HPOS="233" VPOS="130" WIDTH="564" HEIGHT="26">
							<String ID="string_0" HPOS="233" VPOS="130" WIDTH="41" HEIGHT="20" WC="0.96" CONTENT="240"/><SP WIDTH="144" VPOS="130" HPOS="274"/>
							<String ID="string_1" HPOS="418" VPOS="135" WIDTH="181" HEIGHT="21" WC="0.91" CONTENT="Borgareständet."/><SP WIDTH="25" VPOS="135" HPOS="599"/>
							<String ID="string_2" HPOS="624" VPOS="136" WIDTH="53" HEIGHT="17" WC="0.96" CONTENT="1867."/><SP WIDTH="24" VPOS="136" HPOS="677"/>
							<String ID="string_3" HPOS="701" VPOS="136" WIDTH="22" HEIGHT="17" WC="0.96" CONTENT="15"/><SP WIDTH="12" VPOS="136" HPOS="723"/>
							<String ID="string_4" HPOS="735" VPOS="136" WIDTH="62" HEIGHT="17" WC="0.95" CONTENT="Mars."/>
						</TextLine>
					</TextBlock>
				</ComposedBlock>
				<GraphicalElement ID="cblock_1" HPOS="204" VPOS="174" WIDTH="816" HEIGHT="6"></GraphicalElement >
				<ComposedBlock ID="cblock_2" HPOS="202" VPOS="219" WIDTH="817" HEIGHT="140">
					<TextBlock ID="block_1" HPOS="202" VPOS="219" WIDTH="817" HEIGHT="140">
						<TextLine ID="line_1" HPOS="202" VPOS="219" WIDTH="817" HEIGHT="28">
							<String ID="string_5" HPOS="202" VPOS="220" WIDTH="25" HEIGHT="20" WC="0.95" CONTENT="af"/><SP WIDTH="13" VPOS="220" HPOS="227"/>
							<String ID="string_6" HPOS="240" VPOS="219" WIDTH="51" HEIGHT="21" WC="0.95" CONTENT="flera"/><SP WIDTH="15" VPOS="219" HPOS="291"/>
							<String ID="string_7" HPOS="306" VPOS="220" WIDTH="68" HEIGHT="21" WC="0.96" CONTENT="talare"/><SP WIDTH="15" VPOS="220" HPOS="374"/>
							<String ID="string_8" HPOS="389" VPOS="220" WIDTH="68" HEIGHT="21" WC="0.93" CONTENT="blifvit"/><SP WIDTH="15" VPOS="220" HPOS="457"/>
							<String ID="string_9" HPOS="472" VPOS="220" WIDTH="103" HEIGHT="26" WC="0.91" CONTENT="påpekad,"/><SP WIDTH="11" VPOS="220" HPOS="575"/>
							<String ID="string_10" HPOS="586" VPOS="220" WIDTH="51" HEIGHT="21" WC="0.93" CONTENT="eller"/><SP WIDTH="12" VPOS="220" HPOS="637"/>
							<String ID="string_11" HPOS="649" VPOS="220" WIDTH="249" HEIGHT="21" WC="0.90" CONTENT="ansvarsbestämmelsen"/><SP WIDTH="6" VPOS="220" HPOS="898"/>
							<String ID="string_12" HPOS="904" VPOS="220" WIDTH="40" HEIGHT="27" WC="0.93" CONTENT="för"/><SP WIDTH="11" VPOS="220" HPOS="944"/>
							<String ID="string_13" HPOS="955" VPOS="223" WIDTH="64" HEIGHT="23" WC="0.91" CONTENT="prest,"/>
						</TextLine>
						<TextLine ID="line_2" HPOS="204" VPOS="248" WIDTH="815" HEIGHT="27">
							<String ID="string_14" HPOS="204" VPOS="248" WIDTH="84" HEIGHT="20" WC="0.96" CONTENT="hvilken"/><SP WIDTH="15" VPOS="248" HPOS="288"/>
							<String ID="string_15" HPOS="303" VPOS="250" WIDTH="38" HEIGHT="24" WC="0.96" CONTENT="gör"/><SP WIDTH="16" VPOS="250" HPOS="341"/>
							<String ID="string_16" HPOS="357" VPOS="248" WIDTH="31" HEIGHT="26" WC="0.96" CONTENT="sig"/><SP WIDTH="15" VPOS="248" HPOS="388"/>
							<String ID="string_17" HPOS="403" VPOS="248" WIDTH="81" HEIGHT="27" WC="0.96" CONTENT="skyldig"/><SP WIDTH="15" VPOS="248" HPOS="484"/>
							<String ID="string_18" HPOS="499" VPOS="249" WIDTH="33" HEIGHT="20" WC="0.96" CONTENT="till"/><SP WIDTH="14" VPOS="249" HPOS="532"/>
							<String ID="string_19" HPOS="546" VPOS="249" WIDTH="39" HEIGHT="20" WC="0.96" CONTENT="här"/><SP WIDTH="15" VPOS="249" HPOS="585"/>
							<String ID="string_20" HPOS="600" VPOS="248" WIDTH="161" HEIGHT="26" WC="0.96" CONTENT="ifrågavarande"/><SP WIDTH="14" VPOS="248" HPOS="761"/>
							<String ID="string_21" HPOS="775" VPOS="249" WIDTH="106" HEIGHT="21" WC="0.93" CONTENT="förseelse."/><SP WIDTH="19" VPOS="249" HPOS="881"/>
							<String ID="string_22" HPOS="900" VPOS="248" WIDTH="68" HEIGHT="21" WC="0.82" CONTENT="Afven"/><SP WIDTH="15" VPOS="248" HPOS="968"/>
							<String ID="string_23" HPOS="983" VPOS="249" WIDTH="36" HEIGHT="26" WC="0.96" CONTENT="jag"/>
						</TextLine>
						<TextLine ID="line_3" HPOS="202" VPOS="276" WIDTH="817" HEIGHT="27">
							<String ID="string_24" HPOS="202" VPOS="276" WIDTH="86" HEIGHT="20" WC="0.96" CONTENT="förenar"/><SP WIDTH="16" VPOS="276" HPOS="288"/>
							<String ID="string_25" HPOS="304" VPOS="276" WIDTH="42" HEIGHT="26" WC="0.96" CONTENT="mig"/><SP WIDTH="15" VPOS="276" HPOS="346"/>
							<String ID="string_26" HPOS="361" VPOS="276" WIDTH="47" HEIGHT="21" WC="0.96" CONTENT="med"/><SP WIDTH="15" VPOS="276" HPOS="408"/>
							<String ID="string_27" HPOS="423" VPOS="276" WIDTH="25" HEIGHT="21" WC="0.96" CONTENT="de"/><SP WIDTH="16" VPOS="276" HPOS="448"/>
							<String ID="string_28" HPOS="464" VPOS="277" WIDTH="74" HEIGHT="25" WC="0.96" CONTENT="talare,"/><SP WIDTH="15" VPOS="277" HPOS="538"/>
							<String ID="string_29" HPOS="553" VPOS="276" WIDTH="74" HEIGHT="21" WC="0.96" CONTENT="hvilka"/><SP WIDTH="14" VPOS="276" HPOS="627"/>
							<String ID="string_30" HPOS="641" VPOS="276" WIDTH="68" HEIGHT="27" WC="0.96" CONTENT="yrkat,"/><SP WIDTH="16" VPOS="276" HPOS="709"/>
							<String ID="string_31" HPOS="725" VPOS="278" WIDTH="33" HEIGHT="19" WC="0.92" CONTENT="att"/><SP WIDTH="20" VPOS="278" HPOS="758"/>
							<String ID="string_32" HPOS="778" VPOS="277" WIDTH="158" HEIGHT="21" WC="0.92" CONTENT="bötesansvaret"/><SP WIDTH="15" VPOS="277" HPOS="936"/>
							<String ID="string_33" HPOS="951" VPOS="277" WIDTH="68" HEIGHT="21" WC="0.96" CONTENT="skulle"/>
						</TextLine>
						<TextLine ID="line_4" HPOS="203" VPOS="304" WIDTH="816" HEIGHT="28">
							<String ID="string_34" HPOS="203" VPOS="304" WIDTH="51" HEIGHT="26" WC="0.96" CONTENT="utgå"/><SP WIDTH="15" VPOS="304" HPOS="254"/>
							<String ID="string_35" HPOS="269" VPOS="304" WIDTH="39" HEIGHT="20" WC="0.96" CONTENT="och"/><SP WIDTH="16" VPOS="304" HPOS="308"/>
							<String ID="string_36" HPOS="324" VPOS="304" WIDTH="74" HEIGHT="21" WC="0.93" CONTENT="endast"/><SP WIDTH="15" VPOS="304" HPOS="398"/>
							<String ID="string_37" HPOS="413" VPOS="304" WIDTH="215" HEIGHT="26" WC="0.90" CONTENT="suspensionsstraffet"/><SP WIDTH="15" VPOS="304" HPOS="628"/>
							<String ID="string_38" HPOS="643" VPOS="305" WIDTH="92" HEIGHT="25" WC="0.90" CONTENT="qvarstå,"/><SP WIDTH="16" VPOS="305" HPOS="735"/>
							<String ID="string_39" HPOS="751" VPOS="305" WIDTH="55" HEIGHT="21" WC="0.96" CONTENT="helst"/><SP WIDTH="13" VPOS="305" HPOS="806"/>
							<String ID="string_40" HPOS="819" VPOS="305" WIDTH="36" HEIGHT="27" WC="0.96" CONTENT="jag"/><SP WIDTH="14" VPOS="305" HPOS="855"/>
							<String ID="string_41" HPOS="869" VPOS="311" WIDTH="62" HEIGHT="15" WC="0.96" CONTENT="anser"/><SP WIDTH="12" VPOS="311" HPOS="931"/>
							<String ID="string_42" HPOS="943" VPOS="304" WIDTH="76" HEIGHT="22" WC="0.96" CONTENT="sådant"/>
						</TextLine>
						<TextLine ID="line_5" HPOS="203" VPOS="332" WIDTH="526" HEIGHT="27">
							<String ID="string_43" HPOS="203" VPOS="338" WIDTH="51" HEIGHT="15" WC="0.95" CONTENT="vara"/><SP WIDTH="15" VPOS="338" HPOS="254"/>
							<String ID="string_44" HPOS="269" VPOS="338" WIDTH="59" HEIGHT="15" WC="0.95" CONTENT="mera"/><SP WIDTH="15" VPOS="338" HPOS="328"/>
							<String ID="string_45" HPOS="343" VPOS="332" WIDTH="98" HEIGHT="27" WC="0.96" CONTENT="förenligt"/><SP WIDTH="15" VPOS="332" HPOS="441"/>
							<String ID="string_46" HPOS="456" VPOS="333" WIDTH="48" HEIGHT="21" WC="0.96" CONTENT="med"/><SP WIDTH="14" VPOS="333" HPOS="504"/>
							<String ID="string_47" HPOS="518" VPOS="332" WIDTH="73" HEIGHT="27" WC="0.96" CONTENT="lagens"/><SP WIDTH="15" VPOS="332" HPOS="591"/>
							<String ID="string_48" HPOS="606" VPOS="333" WIDTH="123" HEIGHT="26" WC="0.96" CONTENT="stadgande."/>
						</TextLine>
					</TextBlock>
				</ComposedBlock>
				<ComposedBlock ID="cblock_3" HPOS="202" VPOS="406" WIDTH="817" HEIGHT="56">
					<TextBlock ID="block_2" HPOS="202" VPOS="406" WIDTH="817" HEIGHT="56">
						<TextLine ID="line_6" HPOS="270" VPOS="406" WIDTH="749" HEIGHT="22">
							<String ID="string_49" HPOS="270" VPOS="406" WIDTH="61" HEIGHT="21" WC="0.93" CONTENT="Efter"/><SP WIDTH="15" VPOS="406" HPOS="331"/>
							<String ID="string_50" HPOS="346" VPOS="406" WIDTH="70" HEIGHT="21" WC="0.90" CONTENT="slutad"/><SP WIDTH="16" VPOS="406" HPOS="416"/>
							<String ID="string_51" HPOS="432" VPOS="406" WIDTH="119" HEIGHT="22" WC="0.96" CONTENT="diskussion"/><SP WIDTH="14" VPOS="406" HPOS="551"/>
							<String ID="string_52" HPOS="565" VPOS="406" WIDTH="132" HEIGHT="22" WC="0.96" CONTENT="framställde"/><SP WIDTH="18" VPOS="406" HPOS="697"/>
							<String ID="string_53" HPOS="715" VPOS="407" WIDTH="55" HEIGHT="21" WC="0.96" CONTENT="Herr"/><SP WIDTH="22" VPOS="407" HPOS="770"/>
							<String ID="string_54" HPOS="792" VPOS="407" WIDTH="172" HEIGHT="21" WC="0.87" CONTENT="Talmannen"/><SP WIDTH="22" VPOS="407" HPOS="964"/>
							<String ID="string_55" HPOS="986" VPOS="407" WIDTH="33" HEIGHT="21" WC="0.93" CONTENT="till"/>
						</TextLine>
						<TextLine ID="line_7" HPOS="202" VPOS="434" WIDTH="527" HEIGHT="28">
							<String ID="string_56" HPOS="202" VPOS="434" WIDTH="95" HEIGHT="22" WC="0.92" CONTENT="ståndets"/><SP WIDTH="16" VPOS="434" HPOS="297"/>
							<String ID="string_57" HPOS="313" VPOS="435" WIDTH="129" HEIGHT="21" WC="0.92" CONTENT="besvarande"/><SP WIDTH="16" VPOS="435" HPOS="442"/>
							<String ID="string_58" HPOS="458" VPOS="435" WIDTH="92" HEIGHT="27" WC="0.96" CONTENT="följande"/><SP WIDTH="15" VPOS="435" HPOS="550"/>
							<String ID="string_59" HPOS="565" VPOS="436" WIDTH="164" HEIGHT="26" WC="0.95" CONTENT="propositioner:"/>
						</TextLine>
					</TextBlock>
				</ComposedBlock>
				<ComposedBlock ID="cblock_4" HPOS="201" VPOS="508" WIDTH="817" HEIGHT="114">
					<TextBlock ID="block_3" HPOS="201" VPOS="508" WIDTH="817" HEIGHT="114">
						<TextLine ID="line_8" HPOS="273" VPOS="508" WIDTH="745" HEIGHT="28">
							<String ID="string_60" HPOS="273" VPOS="508" WIDTH="40" HEIGHT="27" WC="0.88" CONTENT="1:0)"/><SP WIDTH="17" VPOS="508" HPOS="313"/>
							<String ID="string_61" HPOS="330" VPOS="508" WIDTH="42" HEIGHT="21" WC="0.95" CONTENT="Vill"/><SP WIDTH="16" VPOS="508" HPOS="372"/>
							<String ID="string_62" HPOS="388" VPOS="508" WIDTH="82" HEIGHT="21" WC="0.96" CONTENT="ståndet"/><SP WIDTH="16" VPOS="508" HPOS="470"/>
							<String ID="string_63" HPOS="486" VPOS="510" WIDTH="77" HEIGHT="26" WC="0.96" CONTENT="antaga"/><SP WIDTH="15" VPOS="510" HPOS="563"/>
							<String ID="string_64" HPOS="578" VPOS="508" WIDTH="67" HEIGHT="22" WC="0.96" CONTENT="första"/><SP WIDTH="15" VPOS="508" HPOS="645"/>
							<String ID="string_65" HPOS="660" VPOS="510" WIDTH="114" HEIGHT="20" WC="0.96" CONTENT="momentet"/><SP WIDTH="15" VPOS="510" HPOS="774"/>
							<String ID="string_66" HPOS="789" VPOS="509" WIDTH="23" HEIGHT="21" WC="0.93" CONTENT="af"/><SP WIDTH="13" VPOS="509" HPOS="812"/>
							<String ID="string_67" HPOS="825" VPOS="510" WIDTH="12" HEIGHT="26" WC="0.89" CONTENT="$"/><SP WIDTH="16" VPOS="510" HPOS="837"/>
							<String ID="string_68" HPOS="853" VPOS="510" WIDTH="12" HEIGHT="20" WC="0.95" CONTENT="2"/><SP WIDTH="16" VPOS="510" HPOS="865"/>
							<String ID="string_69" HPOS="881" VPOS="510" WIDTH="6" HEIGHT="20" WC="0.96" CONTENT="i"/><SP WIDTH="15" VPOS="510" HPOS="887"/>
							<String ID="string_70" HPOS="902" VPOS="509" WIDTH="116" HEIGHT="21" WC="0.96" CONTENT="utskottets"/>
						</TextLine>
						<TextLine ID="line_9" HPOS="202" VPOS="537" WIDTH="815" HEIGHT="27">
							<String ID="string_71" HPOS="202" VPOS="537" WIDTH="140" HEIGHT="25" WC="0.96" CONTENT="betänkande,"/><SP WIDTH="16" VPOS="537" HPOS="342"/>
							<String ID="string_72" HPOS="358" VPOS="537" WIDTH="52" HEIGHT="21" WC="0.96" CONTENT="eller"/><SP WIDTH="14" VPOS="537" HPOS="410"/>
							<String ID="string_73" HPOS="424" VPOS="537" WIDTH="40" HEIGHT="21" WC="0.96" CONTENT="ock"/><SP WIDTH="14" VPOS="537" HPOS="464"/>
							<String ID="string_74" HPOS="478" VPOS="538" WIDTH="58" HEIGHT="20" WC="0.96" CONTENT="förra"/><SP WIDTH="15" VPOS="538" HPOS="536"/>
							<String ID="string_75" HPOS="551" VPOS="538" WIDTH="60" HEIGHT="20" WC="0.96" CONTENT="delen"/><SP WIDTH="16" VPOS="538" HPOS="611"/>
							<String ID="string_76" HPOS="627" VPOS="537" WIDTH="24" HEIGHT="21" WC="0.92" CONTENT="af"/><SP WIDTH="14" VPOS="537" HPOS="651"/>
							<String ID="string_77" HPOS="665" VPOS="538" WIDTH="10" HEIGHT="26" WC="0.92" CONTENT="$"/><SP WIDTH="17" VPOS="538" HPOS="675"/>
							<String ID="string_78" HPOS="692" VPOS="539" WIDTH="11" HEIGHT="19" WC="0.96" CONTENT="3"/><SP WIDTH="15" VPOS="539" HPOS="703"/>
							<String ID="string_79" HPOS="718" VPOS="538" WIDTH="7" HEIGHT="20" WC="0.93" CONTENT="i"/><SP WIDTH="11" VPOS="538" HPOS="725"/>
							<String ID="string_80" HPOS="736" VPOS="538" WIDTH="281" HEIGHT="20" WC="0.92" CONTENT="universitetssekreteraren"/>
						</TextLine>
						<TextLine ID="line_10" HPOS="202" VPOS="565" WIDTH="815" HEIGHT="28">
							<String ID="string_81" HPOS="202" VPOS="565" WIDTH="129" HEIGHT="21" WC="0.91" CONTENT="Grotenfelts"/><SP WIDTH="23" VPOS="565" HPOS="331"/>
							<String ID="string_82" HPOS="354" VPOS="566" WIDTH="172" HEIGHT="21" WC="0.91" CONTENT="reservationsvis"/><SP WIDTH="15" VPOS="566" HPOS="526"/>
							<String ID="string_83" HPOS="541" VPOS="566" WIDTH="132" HEIGHT="21" WC="0.96" CONTENT="framställda"/><SP WIDTH="15" VPOS="566" HPOS="673"/>
							<String ID="string_84" HPOS="688" VPOS="566" WIDTH="84" HEIGHT="26" WC="0.93" CONTENT="förslag,"/><SP WIDTH="16" VPOS="566" HPOS="772"/>
							<String ID="string_85" HPOS="788" VPOS="566" WIDTH="105" HEIGHT="27" WC="0.90" CONTENT="nemligen"/><SP WIDTH="14" VPOS="566" HPOS="893"/>
							<String ID="string_86" HPOS="907" VPOS="566" WIDTH="55" HEIGHT="21" WC="0.95" CONTENT="intill"/><SP WIDTH="15" VPOS="566" HPOS="962"/>
							<String ID="string_87" HPOS="977" VPOS="566" WIDTH="40" HEIGHT="21" WC="0.96" CONTENT="den"/>
						</TextLine>
						<TextLine ID="line_11" HPOS="201" VPOS="594" WIDTH="584" HEIGHT="28">
							<String ID="string_88" HPOS="201" VPOS="594" WIDTH="91" HEIGHT="26" WC="0.96" CONTENT="mening,"/><SP WIDTH="15" VPOS="594" HPOS="292"/>
							<String ID="string_89" HPOS="307" VPOS="600" WIDTH="45" HEIGHT="15" WC="0.96" CONTENT="som"/><SP WIDTH="16" VPOS="600" HPOS="352"/>
							<String ID="string_90" HPOS="368" VPOS="594" WIDTH="70" HEIGHT="27" WC="0.96" CONTENT="börjas"/><SP WIDTH="15" VPOS="594" HPOS="438"/>
							<String ID="string_91" HPOS="453" VPOS="595" WIDTH="47" HEIGHT="21" WC="0.96" CONTENT="med"/><SP WIDTH="16" VPOS="595" HPOS="500"/>
							<String ID="string_92" HPOS="516" VPOS="595" WIDTH="66" HEIGHT="21" WC="0.93" CONTENT="orden"/><SP WIDTH="15" VPOS="595" HPOS="582"/>
							<String ID="string_93" HPOS="597" VPOS="594" WIDTH="84" HEIGHT="28" WC="0.91" CONTENT=",bryter"/><SP WIDTH="15" VPOS="594" HPOS="681"/>
							<String ID="string_94" HPOS="696" VPOS="595" WIDTH="89" HEIGHT="26" WC="0.91" CONTENT="prest.*?"/>
						</TextLine>
					</TextBlock>
				</ComposedBlock>
				<ComposedBlock ID="cblock_5" HPOS="199" VPOS="667" WIDTH="819" HEIGHT="56">
					<TextBlock ID="block_4" HPOS="199" VPOS="667" WIDTH="819" HEIGHT="56">
						<TextLine ID="line_12" HPOS="268" VPOS="667" WIDTH="750" HEIGHT="29">
							<String ID="string_95" HPOS="268" VPOS="668" WIDTH="38" HEIGHT="26" WC="0.96" CONTENT="De,"/><SP WIDTH="26" VPOS="668" HPOS="306"/>
							<String ID="string_96" HPOS="332" VPOS="674" WIDTH="45" HEIGHT="14" WC="0.96" CONTENT="som"/><SP WIDTH="26" VPOS="674" HPOS="377"/>
							<String ID="string_97" HPOS="403" VPOS="668" WIDTH="66" HEIGHT="21" WC="0.96" CONTENT="önska"/><SP WIDTH="23" VPOS="668" HPOS="469"/>
							<String ID="string_98" HPOS="492" VPOS="669" WIDTH="35" HEIGHT="21" WC="0.96" CONTENT="det"/><SP WIDTH="21" VPOS="669" HPOS="527"/>
							<String ID="string_99" HPOS="548" VPOS="667" WIDTH="59" HEIGHT="23" WC="0.96" CONTENT="förra"/><SP WIDTH="23" VPOS="667" HPOS="607"/>
							<String ID="string_100" HPOS="630" VPOS="675" WIDTH="60" HEIGHT="15" WC="0.96" CONTENT="svara"/><SP WIDTH="19" VPOS="675" HPOS="690"/>
							<String ID="string_101" HPOS="709" VPOS="668" WIDTH="29" HEIGHT="28" WC="0.96" CONTENT="ja,"/><SP WIDTH="16" VPOS="668" HPOS="738"/>
							<String ID="string_102" HPOS="754" VPOS="669" WIDTH="38" HEIGHT="21" WC="0.96" CONTENT="och"/><SP WIDTH="17" VPOS="669" HPOS="792"/>
							<String ID="string_103" HPOS="809" VPOS="669" WIDTH="31" HEIGHT="25" WC="0.96" CONTENT="de,"/><SP WIDTH="17" VPOS="669" HPOS="840"/>
							<String ID="string_104" HPOS="857" VPOS="675" WIDTH="44" HEIGHT="15" WC="0.95" CONTENT="som"/><SP WIDTH="16" VPOS="675" HPOS="901"/>
							<String ID="string_105" HPOS="917" VPOS="669" WIDTH="50" HEIGHT="27" WC="0.96" CONTENT="vilja"/><SP WIDTH="15" VPOS="669" HPOS="967"/>
							<String ID="string_106" HPOS="982" VPOS="669" WIDTH="36" HEIGHT="21" WC="0.96" CONTENT="det"/>
						</TextLine>
						<TextLine ID="line_13" HPOS="199" VPOS="702" WIDTH="214" HEIGHT="21">
							<String ID="string_107" HPOS="199" VPOS="702" WIDTH="82" HEIGHT="19" WC="0.96" CONTENT="senare,"/><SP WIDTH="17" VPOS="702" HPOS="281"/>
							<String ID="string_108" HPOS="298" VPOS="702" WIDTH="62" HEIGHT="15" WC="0.95" CONTENT="svara"/><SP WIDTH="14" VPOS="702" HPOS="360"/>
							<String ID="string_109" HPOS="374" VPOS="702" WIDTH="39" HEIGHT="21" WC="0.95" CONTENT="nej."/>
						</TextLine>
					</TextBlock>
				</ComposedBlock>
				<ComposedBlock ID="cblock_6" HPOS="199" VPOS="770" WIDTH="819" HEIGHT="112">
					<TextBlock ID="block_5" HPOS="199" VPOS="770" WIDTH="819" HEIGHT="112">
						<TextLine ID="line_14" HPOS="270" VPOS="770" WIDTH="748" HEIGHT="28">
							<String ID="string_110" HPOS="270" VPOS="770" WIDTH="41" HEIGHT="21" WC="0.96" CONTENT="Vid"/><SP WIDTH="22" VPOS="770" HPOS="311"/>
							<String ID="string_111" HPOS="333" VPOS="770" WIDTH="6" HEIGHT="20" WC="0.96" CONTENT="i"/><SP WIDTH="23" VPOS="770" HPOS="339"/>
							<String ID="string_112" HPOS="362" VPOS="770" WIDTH="112" HEIGHT="27" WC="0.96" CONTENT="anledning"/><SP WIDTH="22" VPOS="770" HPOS="474"/>
							<String ID="string_113" HPOS="496" VPOS="770" WIDTH="63" HEIGHT="21" WC="0.95" CONTENT="häraf"/><SP WIDTH="16" VPOS="770" HPOS="559"/>
							<String ID="string_114" HPOS="575" VPOS="771" WIDTH="90" HEIGHT="21" WC="0.96" CONTENT="anställd"/><SP WIDTH="15" VPOS="771" HPOS="665"/>
							<String ID="string_115" HPOS="680" VPOS="771" WIDTH="96" HEIGHT="27" WC="0.93" CONTENT="votering"/><SP WIDTH="15" VPOS="771" HPOS="776"/>
							<String ID="string_116" HPOS="791" VPOS="771" WIDTH="101" HEIGHT="21" WC="0.92" CONTENT="befunnos"/><SP WIDTH="17" VPOS="771" HPOS="892"/>
							<String ID="string_117" HPOS="909" VPOS="772" WIDTH="25" HEIGHT="21" WC="0.94" CONTENT="13"/><SP WIDTH="16" VPOS="772" HPOS="934"/>
							<String ID="string_118" HPOS="950" VPOS="773" WIDTH="68" HEIGHT="20" WC="0.96" CONTENT="röster"/>
						</TextLine>
						<TextLine ID="line_15" HPOS="200" VPOS="798" WIDTH="817" HEIGHT="28">
							<String ID="string_119" HPOS="200" VPOS="798" WIDTH="63" HEIGHT="21" WC="0.95" CONTENT="hafva"/><SP WIDTH="22" VPOS="798" HPOS="263"/>
							<String ID="string_120" HPOS="285" VPOS="798" WIDTH="79" HEIGHT="22" WC="0.96" CONTENT="uttalat"/><SP WIDTH="22" VPOS="798" HPOS="364"/>
							<String ID="string_121" HPOS="386" VPOS="799" WIDTH="31" HEIGHT="26" WC="0.96" CONTENT="sig"/><SP WIDTH="15" VPOS="799" HPOS="417"/>
							<String ID="string_122" HPOS="432" VPOS="798" WIDTH="32" HEIGHT="22" WC="0.96" CONTENT="för"/><SP WIDTH="13" VPOS="798" HPOS="464"/>
							<String ID="string_123" HPOS="477" VPOS="799" WIDTH="23" HEIGHT="27" WC="0.96" CONTENT="ja"/><SP WIDTH="14" VPOS="799" HPOS="500"/>
							<String ID="string_124" HPOS="514" VPOS="799" WIDTH="39" HEIGHT="21" WC="0.96" CONTENT="och"/><SP WIDTH="17" VPOS="799" HPOS="553"/>
							<String ID="string_125" HPOS="570" VPOS="800" WIDTH="25" HEIGHT="20" WC="0.96" CONTENT="12"/><SP WIDTH="16" VPOS="800" HPOS="595"/>
							<String ID="string_126" HPOS="611" VPOS="799" WIDTH="32" HEIGHT="21" WC="0.96" CONTENT="för"/><SP WIDTH="15" VPOS="799" HPOS="643"/>
							<String ID="string_127" HPOS="658" VPOS="800" WIDTH="39" HEIGHT="26" WC="0.93" CONTENT="nej."/><SP WIDTH="32" VPOS="800" HPOS="697"/>
							<String ID="string_128" HPOS="729" VPOS="800" WIDTH="44" HEIGHT="20" WC="0.96" CONTENT="Och"/><SP WIDTH="16" VPOS="800" HPOS="773"/>
							<String ID="string_129" HPOS="789" VPOS="799" WIDTH="81" HEIGHT="22" WC="0.96" CONTENT="således"/><SP WIDTH="15" VPOS="799" HPOS="870"/>
							<String ID="string_130" HPOS="885" VPOS="800" WIDTH="132" HEIGHT="21" WC="0.96" CONTENT="förklarades"/>
						</TextLine>
						<TextLine ID="line_16" HPOS="199" VPOS="826" WIDTH="818" HEIGHT="28">
							<String ID="string_131" HPOS="199" VPOS="826" WIDTH="59" HEIGHT="21" WC="0.95" CONTENT="förra"/><SP WIDTH="24" VPOS="826" HPOS="258"/>
							<String ID="string_132" HPOS="282" VPOS="829" WIDTH="116" HEIGHT="19" WC="0.96" CONTENT="momentet"/><SP WIDTH="24" VPOS="829" HPOS="398"/>
							<String ID="string_133" HPOS="422" VPOS="827" WIDTH="23" HEIGHT="21" WC="0.93" CONTENT="af"/><SP WIDTH="20" VPOS="827" HPOS="445"/>
							<String ID="string_134" HPOS="465" VPOS="828" WIDTH="13" HEIGHT="26" WC="0.41" CONTENT="$&amp;"/><SP WIDTH="24" VPOS="828" HPOS="478"/>
							<String ID="string_135" HPOS="502" VPOS="828" WIDTH="13" HEIGHT="20" WC="0.96" CONTENT="2"/><SP WIDTH="22" VPOS="828" HPOS="515"/>
							<String ID="string_136" HPOS="537" VPOS="828" WIDTH="7" HEIGHT="20" WC="0.95" CONTENT="i"/><SP WIDTH="28" VPOS="828" HPOS="544"/>
							<String ID="string_137" HPOS="572" VPOS="828" WIDTH="115" HEIGHT="21" WC="0.95" CONTENT="utskottets"/><SP WIDTH="23" VPOS="828" HPOS="687"/>
							<String ID="string_138" HPOS="710" VPOS="828" WIDTH="134" HEIGHT="22" WC="0.96" CONTENT="betänkande"/><SP WIDTH="14" VPOS="828" HPOS="844"/>
							<String ID="string_139" HPOS="858" VPOS="834" WIDTH="52" HEIGHT="16" WC="0.96" CONTENT="vara"/><SP WIDTH="15" VPOS="834" HPOS="910"/>
							<String ID="string_140" HPOS="925" VPOS="829" WIDTH="23" HEIGHT="21" WC="0.93" CONTENT="af"/><SP WIDTH="13" VPOS="829" HPOS="948"/>
							<String ID="string_141" HPOS="961" VPOS="829" WIDTH="56" HEIGHT="21" WC="0.93" CONTENT="stän-"/>
						</TextLine>
						<TextLine ID="line_17" HPOS="200" VPOS="855" WIDTH="143" HEIGHT="27">
							<String ID="string_142" HPOS="200" VPOS="855" WIDTH="36" HEIGHT="21" WC="0.96" CONTENT="det"/><SP WIDTH="14" VPOS="855" HPOS="236"/>
							<String ID="string_143" HPOS="250" VPOS="857" WIDTH="93" HEIGHT="25" WC="0.96" CONTENT="antaget."/>
						</TextLine>
					</TextBlock>
				</ComposedBlock>
				<ComposedBlock ID="cblock_7" HPOS="198" VPOS="929" WIDTH="819" HEIGHT="79">
					<TextBlock ID="block_6" HPOS="198" VPOS="929" WIDTH="819" HEIGHT="79">
						<TextLine ID="line_18" HPOS="268" VPOS="929" WIDTH="749" HEIGHT="28">
							<String ID="string_144" HPOS="268" VPOS="930" WIDTH="43" HEIGHT="26" WC="0.91" CONTENT="2:0)"/><SP WIDTH="23" VPOS="930" HPOS="311"/>
							<String ID="string_145" HPOS="334" VPOS="930" WIDTH="93" HEIGHT="26" WC="0.92" CONTENT="Antager"/><SP WIDTH="23" VPOS="930" HPOS="427"/>
							<String ID="string_146" HPOS="450" VPOS="929" WIDTH="84" HEIGHT="22" WC="0.96" CONTENT="ståndet"/><SP WIDTH="21" VPOS="929" HPOS="534"/>
							<String ID="string_147" HPOS="555" VPOS="936" WIDTH="72" HEIGHT="15" WC="0.96" CONTENT="senare"/><SP WIDTH="23" VPOS="936" HPOS="627"/>
							<String ID="string_148" HPOS="650" VPOS="932" WIDTH="116" HEIGHT="20" WC="0.96" CONTENT="momentet"/><SP WIDTH="22" VPOS="932" HPOS="766"/>
							<String ID="string_149" HPOS="788" VPOS="931" WIDTH="7" HEIGHT="20" WC="0.92" CONTENT="i"/><SP WIDTH="18" VPOS="931" HPOS="795"/>
							<String ID="string_150" HPOS="813" VPOS="932" WIDTH="8" HEIGHT="25" WC="0.70" CONTENT="$"/><SP WIDTH="16" VPOS="932" HPOS="821"/>
							<String ID="string_151" HPOS="837" VPOS="932" WIDTH="9" HEIGHT="20" WC="0.96" CONTENT="2"/><SP WIDTH="19" VPOS="932" HPOS="846"/>
							<String ID="string_152" HPOS="865" VPOS="931" WIDTH="23" HEIGHT="21" WC="0.96" CONTENT="af"/><SP WIDTH="12" VPOS="931" HPOS="888"/>
							<String ID="string_153" HPOS="900" VPOS="931" WIDTH="117" HEIGHT="22" WC="0.96" CONTENT="utskottets"/>
						</TextLine>
						<TextLine ID="line_19" HPOS="198" VPOS="957" WIDTH="819" HEIGHT="27">
							<String ID="string_154" HPOS="198" VPOS="957" WIDTH="136" HEIGHT="22" WC="0.93" CONTENT="betänkande"/><SP WIDTH="23" VPOS="957" HPOS="334"/>
							<String ID="string_155" HPOS="357" VPOS="958" WIDTH="143" HEIGHT="26" WC="0.92" CONTENT="oförändradt,"/><SP WIDTH="24" VPOS="958" HPOS="500"/>
							<String ID="string_156" HPOS="524" VPOS="959" WIDTH="51" HEIGHT="21" WC="0.96" CONTENT="eller"/><SP WIDTH="22" VPOS="959" HPOS="575"/>
							<String ID="string_157" HPOS="597" VPOS="959" WIDTH="47" HEIGHT="21" WC="0.94" CONTENT="med"/><SP WIDTH="23" VPOS="959" HPOS="644"/>
							<String ID="string_158" HPOS="667" VPOS="959" WIDTH="134" HEIGHT="22" WC="0.94" CONTENT="uteslutande"/><SP WIDTH="16" VPOS="959" HPOS="801"/>
							<String ID="string_159" HPOS="817" VPOS="959" WIDTH="22" HEIGHT="22" WC="0.90" CONTENT="ar"/><SP WIDTH="12" VPOS="959" HPOS="839"/>
							<String ID="string_160" HPOS="851" VPOS="960" WIDTH="36" HEIGHT="21" WC="0.93" CONTENT="det"/><SP WIDTH="15" VPOS="960" HPOS="887"/>
							<String ID="string_161" HPOS="902" VPOS="960" WIDTH="45" HEIGHT="21" WC="0.92" CONTENT="deri"/><SP WIDTH="15" VPOS="960" HPOS="947"/>
							<String ID="string_162" HPOS="962" VPOS="960" WIDTH="55" HEIGHT="22" WC="0.92" CONTENT="före-"/>
						</TextLine>
						<TextLine ID="line_20" HPOS="199" VPOS="986" WIDTH="317" HEIGHT="22">
							<String ID="string_163" HPOS="199" VPOS="986" WIDTH="127" HEIGHT="22" WC="0.91" CONTENT="kommande"/><SP WIDTH="16" VPOS="986" HPOS="326"/>
							<String ID="string_164" HPOS="342" VPOS="986" WIDTH="174" HEIGHT="22" WC="0.91" CONTENT="bötesansvaret?"/>
						</TextLine>
					</TextBlock>
				</ComposedBlock>
				<ComposedBlock ID="cblock_8" HPOS="199" VPOS="1060" WIDTH="818" HEIGHT="55">
					<TextBlock ID="block_7" HPOS="199" VPOS="1060" WIDTH="818" HEIGHT="55">
						<TextLine ID="line_21" HPOS="267" VPOS="1060" WIDTH="750" HEIGHT="28">
							<String ID="string_165" HPOS="267" VPOS="1060" WIDTH="38" HEIGHT="26" WC="0.96" CONTENT="De,"/><SP WIDTH="23" VPOS="1060" HPOS="305"/>
							<String ID="string_166" HPOS="328" VPOS="1066" WIDTH="46" HEIGHT="15" WC="0.94" CONTENT="som"/><SP WIDTH="20" VPOS="1066" HPOS="374"/>
							<String ID="string_167" HPOS="394" VPOS="1061" WIDTH="50" HEIGHT="26" WC="0.94" CONTENT="vilja"/><SP WIDTH="21" VPOS="1061" HPOS="444"/>
							<String ID="string_168" HPOS="465" VPOS="1061" WIDTH="35" HEIGHT="20" WC="0.97" CONTENT="det"/><SP WIDTH="22" VPOS="1061" HPOS="500"/>
							<String ID="string_169" HPOS="522" VPOS="1061" WIDTH="65" HEIGHT="27" WC="0.95" CONTENT="förra,"/><SP WIDTH="22" VPOS="1061" HPOS="587"/>
							<String ID="string_170" HPOS="609" VPOS="1067" WIDTH="62" HEIGHT="15" WC="0.96" CONTENT="svara"/><SP WIDTH="19" VPOS="1067" HPOS="671"/>
							<String ID="string_171" HPOS="690" VPOS="1061" WIDTH="29" HEIGHT="27" WC="0.94" CONTENT="ja,"/><SP WIDTH="16" VPOS="1061" HPOS="719"/>
							<String ID="string_172" HPOS="735" VPOS="1061" WIDTH="40" HEIGHT="21" WC="0.96" CONTENT="och"/><SP WIDTH="15" VPOS="1061" HPOS="775"/>
							<String ID="string_173" HPOS="790" VPOS="1061" WIDTH="32" HEIGHT="27" WC="0.96" CONTENT="de,"/><SP WIDTH="17" VPOS="1061" HPOS="822"/>
							<String ID="string_174" HPOS="839" VPOS="1068" WIDTH="45" HEIGHT="15" WC="0.96" CONTENT="som"/><SP WIDTH="15" VPOS="1068" HPOS="884"/>
							<String ID="string_175" HPOS="899" VPOS="1062" WIDTH="66" HEIGHT="21" WC="0.96" CONTENT="önska"/><SP WIDTH="16" VPOS="1062" HPOS="965"/>
							<String ID="string_176" HPOS="981" VPOS="1063" WIDTH="36" HEIGHT="20" WC="0.96" CONTENT="det"/>
						</TextLine>
						<TextLine ID="line_22" HPOS="199" VPOS="1089" WIDTH="213" HEIGHT="26">
							<String ID="string_177" HPOS="199" VPOS="1094" WIDTH="80" HEIGHT="20" WC="0.95" CONTENT="senare,"/><SP WIDTH="17" VPOS="1094" HPOS="279"/>
							<String ID="string_178" HPOS="296" VPOS="1095" WIDTH="61" HEIGHT="14" WC="0.96" CONTENT="svara"/><SP WIDTH="15" VPOS="1095" HPOS="357"/>
							<String ID="string_179" HPOS="372" VPOS="1089" WIDTH="40" HEIGHT="26" WC="0.95" CONTENT="nej."/>
						</TextLine>
					</TextBlock>
				</ComposedBlock>
				<ComposedBlock ID="cblock_9" HPOS="198" VPOS="1161" WIDTH="820" HEIGHT="170">
					<TextBlock ID="block_8" HPOS="198" VPOS="1161" WIDTH="820" HEIGHT="170">
						<TextLine ID="line_23" HPOS="267" VPOS="1161" WIDTH="751" HEIGHT="29">
							<String ID="string_180" HPOS="267" VPOS="1161" WIDTH="161" HEIGHT="27" WC="0.96" CONTENT="Propositionen"/><SP WIDTH="22" VPOS="1161" HPOS="428"/>
							<String ID="string_181" HPOS="450" VPOS="1162" WIDTH="127" HEIGHT="22" WC="0.96" CONTENT="besvarades"/><SP WIDTH="23" VPOS="1162" HPOS="577"/>
							<String ID="string_182" HPOS="600" VPOS="1163" WIDTH="101" HEIGHT="26" WC="0.96" CONTENT="enhälligt"/><SP WIDTH="22" VPOS="1163" HPOS="701"/>
							<String ID="string_183" HPOS="723" VPOS="1163" WIDTH="105" HEIGHT="26" WC="0.93" CONTENT="nekande;"/><SP WIDTH="16" VPOS="1163" HPOS="828"/>
							<String ID="string_184" HPOS="844" VPOS="1163" WIDTH="83" HEIGHT="27" WC="0.92" CONTENT="tillfölje"/><SP WIDTH="16" VPOS="1163" HPOS="927"/>
							<String ID="string_185" HPOS="943" VPOS="1164" WIDTH="75" HEIGHT="21" WC="0.95" CONTENT="hvaraf"/>
						</TextLine>
						<TextLine ID="line_24" HPOS="199" VPOS="1190" WIDTH="817" HEIGHT="29">
							<String ID="string_186" HPOS="199" VPOS="1190" WIDTH="40" HEIGHT="21" WC="0.96" CONTENT="och"/><SP WIDTH="23" VPOS="1190" HPOS="239"/>
							<String ID="string_187" HPOS="262" VPOS="1190" WIDTH="26" HEIGHT="21" WC="0.96" CONTENT="dä"/><SP WIDTH="23" VPOS="1190" HPOS="288"/>
							<String ID="string_188" HPOS="311" VPOS="1191" WIDTH="40" HEIGHT="20" WC="0.96" CONTENT="den"/><SP WIDTH="19" VPOS="1191" HPOS="351"/>
							<String ID="string_189" HPOS="370" VPOS="1191" WIDTH="7" HEIGHT="20" WC="0.96" CONTENT="i"/><SP WIDTH="15" VPOS="1191" HPOS="377"/>
							<String ID="string_190" HPOS="392" VPOS="1191" WIDTH="66" HEIGHT="20" WC="0.96" CONTENT="andra"/><SP WIDTH="14" VPOS="1191" HPOS="458"/>
							<String ID="string_191" HPOS="472" VPOS="1193" WIDTH="116" HEIGHT="19" WC="0.96" CONTENT="momentet"/><SP WIDTH="14" VPOS="1193" HPOS="588"/>
							<String ID="string_192" HPOS="602" VPOS="1191" WIDTH="7" HEIGHT="21" WC="0.93" CONTENT="i"/><SP WIDTH="16" VPOS="1191" HPOS="609"/>
							<String ID="string_193" HPOS="625" VPOS="1191" WIDTH="13" HEIGHT="28" WC="0.93" CONTENT="&amp;"/><SP WIDTH="16" VPOS="1191" HPOS="638"/>
							<String ID="string_194" HPOS="654" VPOS="1192" WIDTH="13" HEIGHT="20" WC="0.96" CONTENT="2"/><SP WIDTH="15" VPOS="1192" HPOS="667"/>
							<String ID="string_195" HPOS="682" VPOS="1191" WIDTH="120" HEIGHT="27" WC="0.96" CONTENT="föreslagna"/><SP WIDTH="14" VPOS="1191" HPOS="802"/>
							<String ID="string_196" HPOS="816" VPOS="1192" WIDTH="145" HEIGHT="27" WC="0.96" CONTENT="fördelningen"/><SP WIDTH="16" VPOS="1192" HPOS="961"/>
							<String ID="string_197" HPOS="977" VPOS="1193" WIDTH="39" HEIGHT="20" WC="0.96" CONTENT="och"/>
						</TextLine>
						<TextLine ID="line_25" HPOS="198" VPOS="1218" WIDTH="817" HEIGHT="29">
							<String ID="string_198" HPOS="198" VPOS="1218" WIDTH="160" HEIGHT="27" WC="0.92" CONTENT="förvandlingen"/><SP WIDTH="15" VPOS="1218" HPOS="358"/>
							<String ID="string_199" HPOS="373" VPOS="1219" WIDTH="22" HEIGHT="21" WC="0.93" CONTENT="af"/><SP WIDTH="13" VPOS="1219" HPOS="395"/>
							<String ID="string_200" HPOS="408" VPOS="1219" WIDTH="61" HEIGHT="21" WC="0.92" CONTENT="böter"/><SP WIDTH="15" VPOS="1219" HPOS="469"/>
							<String ID="string_201" HPOS="484" VPOS="1220" WIDTH="81" HEIGHT="21" WC="0.91" CONTENT="säledes"/><SP WIDTH="16" VPOS="1220" HPOS="565"/>
							<String ID="string_202" HPOS="581" VPOS="1220" WIDTH="60" HEIGHT="21" WC="0.92" CONTENT="äfven"/><SP WIDTH="15" VPOS="1220" HPOS="641"/>
							<String ID="string_203" HPOS="656" VPOS="1220" WIDTH="83" HEIGHT="21" WC="0.92" CONTENT="komme"/><SP WIDTH="15" VPOS="1220" HPOS="739"/>
							<String ID="string_204" HPOS="754" VPOS="1222" WIDTH="31" HEIGHT="19" WC="0.93" CONTENT="att"/><SP WIDTH="15" VPOS="1222" HPOS="785"/>
							<String ID="string_205" HPOS="800" VPOS="1220" WIDTH="57" HEIGHT="27" WC="0.92" CONTENT="utgä,"/><SP WIDTH="16" VPOS="1220" HPOS="857"/>
							<String ID="string_206" HPOS="873" VPOS="1221" WIDTH="68" HEIGHT="21" WC="0.93" CONTENT="skulle"/><SP WIDTH="11" VPOS="1221" HPOS="941"/>
							<String ID="string_207" HPOS="952" VPOS="1221" WIDTH="63" HEIGHT="26" WC="0.92" CONTENT="sagde"/>
						</TextLine>
						<TextLine ID="line_26" HPOS="198" VPOS="1247" WIDTH="817" HEIGHT="28">
							<String ID="string_208" HPOS="198" VPOS="1249" WIDTH="94" HEIGHT="19" WC="0.92" CONTENT="moment"/><SP WIDTH="22" VPOS="1249" HPOS="292"/>
							<String ID="string_209" HPOS="314" VPOS="1247" WIDTH="80" HEIGHT="21" WC="0.92" CONTENT="erhålla"/><SP WIDTH="22" VPOS="1247" HPOS="394"/>
							<String ID="string_210" HPOS="416" VPOS="1247" WIDTH="92" HEIGHT="28" WC="0.93" CONTENT="följande"/><SP WIDTH="22" VPOS="1247" HPOS="508"/>
							<String ID="string_211" HPOS="530" VPOS="1248" WIDTH="89" HEIGHT="27" WC="0.90" CONTENT="lydelse:"/><SP WIDTH="23" VPOS="1248" HPOS="619"/>
							<String ID="string_212" HPOS="642" VPOS="1248" WIDTH="83" HEIGHT="27" WC="0.83" CONTENT=",bryter"/><SP WIDTH="22" VPOS="1248" HPOS="725"/>
							<String ID="string_213" HPOS="747" VPOS="1251" WIDTH="58" HEIGHT="24" WC="0.90" CONTENT="prest"/><SP WIDTH="22" VPOS="1251" HPOS="805"/>
							<String ID="string_214" HPOS="827" VPOS="1249" WIDTH="102" HEIGHT="26" WC="0.92" CONTENT="häremot,"/><SP WIDTH="22" VPOS="1249" HPOS="929"/>
							<String ID="string_215" HPOS="951" VPOS="1250" WIDTH="64" HEIGHT="20" WC="0.95" CONTENT="varde"/>
						</TextLine>
						<TextLine ID="line_27" HPOS="198" VPOS="1275" WIDTH="817" HEIGHT="28">
							<String ID="string_216" HPOS="198" VPOS="1275" WIDTH="47" HEIGHT="21" WC="0.93" CONTENT="från"/><SP WIDTH="23" VPOS="1275" HPOS="245"/>
							<String ID="string_217" HPOS="268" VPOS="1275" WIDTH="90" HEIGHT="26" WC="0.92" CONTENT="tjensten"/><SP WIDTH="23" VPOS="1275" HPOS="358"/>
							<String ID="string_218" HPOS="381" VPOS="1276" WIDTH="143" HEIGHT="26" WC="0.96" CONTENT="suspenderad"/><SP WIDTH="20" VPOS="1276" HPOS="524"/>
							<String ID="string_219" HPOS="544" VPOS="1277" WIDTH="7" HEIGHT="20" WC="0.76" CONTENT="i"/><SP WIDTH="15" VPOS="1277" HPOS="551"/>
							<String ID="string_220" HPOS="566" VPOS="1276" WIDTH="36" HEIGHT="21" WC="0.96" CONTENT="två"/><SP WIDTH="15" VPOS="1276" HPOS="602"/>
							<String ID="string_221" HPOS="617" VPOS="1277" WIDTH="52" HEIGHT="20" WC="0.96" CONTENT="eller"/><SP WIDTH="20" VPOS="1277" HPOS="669"/>
							<String ID="string_222" HPOS="689" VPOS="1279" WIDTH="6" HEIGHT="18" WC="0.93" CONTENT="6"/><SP WIDTH="16" VPOS="1279" HPOS="695"/>
							<String ID="string_223" HPOS="711" VPOS="1277" WIDTH="110" HEIGHT="26" WC="0.93" CONTENT="månader;"/><SP WIDTH="17" VPOS="1277" HPOS="821"/>
							<String ID="string_224" HPOS="838" VPOS="1279" WIDTH="79" HEIGHT="20" WC="0.92" CONTENT="ersätte"/><SP WIDTH="16" VPOS="1279" HPOS="917"/>
							<String ID="string_225" HPOS="933" VPOS="1278" WIDTH="38" HEIGHT="21" WC="0.96" CONTENT="ock"/><SP WIDTH="16" VPOS="1278" HPOS="971"/>
							<String ID="string_226" HPOS="987" VPOS="1278" WIDTH="28" HEIGHT="21" WC="0.97" CONTENT="all"/>
						</TextLine>
						<TextLine ID="line_28" HPOS="198" VPOS="1304" WIDTH="515" HEIGHT="27">
							<String ID="string_227" HPOS="198" VPOS="1309" WIDTH="76" HEIGHT="21" WC="0.96" CONTENT="genom"/><SP WIDTH="15" VPOS="1309" HPOS="274"/>
							<String ID="string_228" HPOS="289" VPOS="1304" WIDTH="52" HEIGHT="21" WC="0.92" CONTENT="hans"/><SP WIDTH="15" VPOS="1304" HPOS="341"/>
							<String ID="string_229" HPOS="356" VPOS="1304" WIDTH="100" HEIGHT="22" WC="0.96" CONTENT="förseelse"/><SP WIDTH="15" VPOS="1304" HPOS="456"/>
							<String ID="string_230" HPOS="471" VPOS="1305" WIDTH="142" HEIGHT="26" WC="0.92" CONTENT="uppkommen"/><SP WIDTH="14" VPOS="1305" HPOS="613"/>
							<String ID="string_231" HPOS="627" VPOS="1305" WIDTH="86" HEIGHT="21" WC="0.74" CONTENT="skada.&#39;*"/>
						</TextLine>
					</TextBlock>
				</ComposedBlock>
				<ComposedBlock ID="cblock_10" HPOS="194" VPOS="1378" WIDTH="823" HEIGHT="140">
					<TextBlock ID="block_9" HPOS="194" VPOS="1378" WIDTH="823" HEIGHT="140">
						<TextLine ID="line_29" HPOS="268" VPOS="1378" WIDTH="747" HEIGHT="30">
							<String ID="string_232" HPOS="268" VPOS="1378" WIDTH="68" HEIGHT="21" WC="0.96" CONTENT="Sedan"/><SP WIDTH="22" VPOS="1378" HPOS="336"/>
							<String ID="string_233" HPOS="358" VPOS="1379" WIDTH="154" HEIGHT="26" WC="0.91" CONTENT="behandlingen"/><SP WIDTH="15" VPOS="1379" HPOS="512"/>
							<String ID="string_234" HPOS="527" VPOS="1379" WIDTH="22" HEIGHT="21" WC="0.93" CONTENT="af"/><SP WIDTH="13" VPOS="1379" HPOS="549"/>
							<String ID="string_235" HPOS="562" VPOS="1379" WIDTH="124" HEIGHT="21" WC="0.92" CONTENT="förberörda"/><SP WIDTH="16" VPOS="1379" HPOS="686"/>
							<String ID="string_236" HPOS="702" VPOS="1379" WIDTH="60" HEIGHT="27" WC="0.96" CONTENT="fråga"/><SP WIDTH="15" VPOS="1379" HPOS="762"/>
							<String ID="string_237" HPOS="777" VPOS="1380" WIDTH="88" HEIGHT="28" WC="0.96" CONTENT="sålunda"/><SP WIDTH="14" VPOS="1380" HPOS="865"/>
							<String ID="string_238" HPOS="879" VPOS="1380" WIDTH="70" HEIGHT="21" WC="0.93" CONTENT="blifvit"/><SP WIDTH="15" VPOS="1380" HPOS="949"/>
							<String ID="string_239" HPOS="964" VPOS="1380" WIDTH="51" HEIGHT="21" WC="0.93" CONTENT="slut-"/>
						</TextLine>
						<TextLine ID="line_30" HPOS="198" VPOS="1406" WIDTH="819" HEIGHT="29">
							<String ID="string_240" HPOS="198" VPOS="1406" WIDTH="54" HEIGHT="25" WC="0.93" CONTENT="förd,"/><SP WIDTH="16" VPOS="1406" HPOS="252"/>
							<String ID="string_241" HPOS="268" VPOS="1407" WIDTH="81" HEIGHT="20" WC="0.92" CONTENT="beslöts"/><SP WIDTH="15" VPOS="1407" HPOS="349"/>
							<String ID="string_242" HPOS="364" VPOS="1409" WIDTH="32" HEIGHT="18" WC="0.93" CONTENT="att"/><SP WIDTH="15" VPOS="1409" HPOS="396"/>
							<String ID="string_243" HPOS="411" VPOS="1407" WIDTH="128" HEIGHT="21" WC="0.92" CONTENT="öfverlemna"/><SP WIDTH="15" VPOS="1407" HPOS="539"/>
							<String ID="string_244" HPOS="554" VPOS="1408" WIDTH="121" HEIGHT="21" WC="0.92" CONTENT="densamma"/><SP WIDTH="15" VPOS="1408" HPOS="675"/>
							<String ID="string_245" HPOS="690" VPOS="1408" WIDTH="32" HEIGHT="21" WC="0.96" CONTENT="till"/><SP WIDTH="15" VPOS="1408" HPOS="722"/>
							<String ID="string_246" HPOS="737" VPOS="1409" WIDTH="71" HEIGHT="20" WC="0.93" CONTENT="vidare"/><SP WIDTH="15" VPOS="1409" HPOS="808"/>
							<String ID="string_247" HPOS="823" VPOS="1408" WIDTH="157" HEIGHT="27" WC="0.91" CONTENT="handläggning"/><SP WIDTH="14" VPOS="1408" HPOS="980"/>
							<String ID="string_248" HPOS="994" VPOS="1409" WIDTH="23" HEIGHT="20" WC="0.97" CONTENT="af"/>
						</TextLine>
						<TextLine ID="line_31" HPOS="199" VPOS="1434" WIDTH="816" HEIGHT="25">
							<String ID="string_249" HPOS="199" VPOS="1434" WIDTH="236" HEIGHT="25" WC="0.93" CONTENT="expeditionsutskottet"/><SP WIDTH="21" VPOS="1434" HPOS="435"/>
							<String ID="string_250" HPOS="456" VPOS="1437" WIDTH="55" HEIGHT="19" WC="0.96" CONTENT="samt"/><SP WIDTH="21" VPOS="1437" HPOS="511"/>
							<String ID="string_251" HPOS="532" VPOS="1437" WIDTH="33" HEIGHT="19" WC="0.96" CONTENT="att"/><SP WIDTH="22" VPOS="1437" HPOS="565"/>
							<String ID="string_252" HPOS="587" VPOS="1441" WIDTH="34" HEIGHT="15" WC="0.93" CONTENT="om"/><SP WIDTH="15" VPOS="1441" HPOS="621"/>
							<String ID="string_253" HPOS="636" VPOS="1435" WIDTH="95" HEIGHT="22" WC="0.91" CONTENT="ständets"/><SP WIDTH="16" VPOS="1435" HPOS="731"/>
							<String ID="string_254" HPOS="747" VPOS="1436" WIDTH="69" HEIGHT="21" WC="0.96" CONTENT="beslut"/><SP WIDTH="14" VPOS="1436" HPOS="816"/>
							<String ID="string_255" HPOS="830" VPOS="1437" WIDTH="8" HEIGHT="20" WC="0.93" CONTENT="i"/><SP WIDTH="15" VPOS="1437" HPOS="838"/>
							<String ID="string_256" HPOS="853" VPOS="1437" WIDTH="71" HEIGHT="20" WC="0.92" CONTENT="ämnet"/><SP WIDTH="15" VPOS="1437" HPOS="924"/>
							<String ID="string_257" HPOS="939" VPOS="1437" WIDTH="76" HEIGHT="20" WC="0.92" CONTENT="under-"/>
						</TextLine>
						<TextLine ID="line_32" HPOS="198" VPOS="1463" WIDTH="816" HEIGHT="28">
							<String ID="string_258" HPOS="198" VPOS="1463" WIDTH="58" HEIGHT="20" WC="0.93" CONTENT="rätta"/><SP WIDTH="19" VPOS="1463" HPOS="256"/>
							<String ID="string_259" HPOS="275" VPOS="1463" WIDTH="147" HEIGHT="26" WC="0.90" CONTENT="medständen;"/><SP WIDTH="22" VPOS="1463" HPOS="422"/>
							<String ID="string_260" HPOS="444" VPOS="1463" WIDTH="7" HEIGHT="22" WC="0.93" CONTENT="i"/><SP WIDTH="23" VPOS="1463" HPOS="451"/>
							<String ID="string_261" HPOS="474" VPOS="1463" WIDTH="79" HEIGHT="22" WC="0.96" CONTENT="hvilket"/><SP WIDTH="21" VPOS="1463" HPOS="553"/>
							<String ID="string_262" HPOS="574" VPOS="1463" WIDTH="98" HEIGHT="22" WC="0.96" CONTENT="afseende"/><SP WIDTH="15" VPOS="1463" HPOS="672"/>
							<String ID="string_263" HPOS="687" VPOS="1466" WIDTH="30" HEIGHT="19" WC="0.93" CONTENT="ett"/><SP WIDTH="16" VPOS="1466" HPOS="717"/>
							<String ID="string_264" HPOS="733" VPOS="1464" WIDTH="115" HEIGHT="27" WC="0.92" CONTENT="sälydande"/><SP WIDTH="13" VPOS="1464" HPOS="848"/>
							<String ID="string_265" HPOS="861" VPOS="1465" WIDTH="153" HEIGHT="26" WC="0.91" CONTENT="protokollsut-"/>
						</TextLine>
						<TextLine ID="line_33" HPOS="194" VPOS="1490" WIDTH="259" HEIGHT="28">
							<String ID="string_266" HPOS="194" VPOS="1490" WIDTH="57" HEIGHT="28" WC="0.93" CONTENT="drag"/><SP WIDTH="15" VPOS="1490" HPOS="251"/>
							<String ID="string_267" HPOS="266" VPOS="1491" WIDTH="68" HEIGHT="22" WC="0.93" CONTENT="skulle"/><SP WIDTH="15" VPOS="1491" HPOS="334"/>
							<String ID="string_268" HPOS="349" VPOS="1491" WIDTH="104" HEIGHT="22" WC="0.96" CONTENT="utfärdas:"/>
						</TextLine>
					</TextBlock>
				</ComposedBlock>
			</PrintSpace>
		</Page>
	</Layout>
</alto>
