1092 1825
295 130 182 21 Borgareståndet.
502 131 54 17 1867.
581 130 13 17 8
608 130 62 21 April
828 124 41 21 495

83 216 81 20 kännas
187 216 69 21 såsom
272 215 155 27 Ridderskapet
443 216 38 21 och
497 215 67 28 Adeln
580 216 80 26 antagit
676 216 46 21 den.
752 216 40 26 Jag
806 216 36 21 vill
858 216 40 22 vis-

84 244 89 26 serligen
196 244 74 21 förena
293 244 42 26 mig
357 245 47 21 med
428 244 55 21 Herr
501 244 112 27 Obrnberg
628 251 33 14 om
677 244 35 21 det
727 244 78 21 vackra
819 244 31 21 uti
865 246 33 20 att

84 272 83 27 aflägga
182 273 38 21 allt
235 272 139 22 misstroende
390 272 39 22 och
444 272 69 27 stödja
529 274 45 20 sina
590 273 68 21 beslut
673 272 27 27 på
715 272 127 22 förtroende.
858 272 40 28 Jag

82 300 41 21 har
144 301 124 26 genomgått
291 307 25 14 en
332 307 41 20 nog
387 301 50 26 lång
451 301 70 21 lefnad
537 302 33 20 för
586 303 31 19 att
632 301 81 20 erhålla
728 301 120 21 erfarenhet
863 307 34 15 om

83 328 55 23 hvad
163 329 64 21 också
249 329 54 21 både
326 329 39 22 den
391 329 126 27 föregående
533 329 39 22 och
588 329 68 21 denna
671 329 99 26 landtdag
785 329 113 26 bekräftat,

84 359 32 20 att
136 364 49 15 man
200 358 19 27 ej
235 358 60 21 alltid
311 357 41 21 kan
367 358 38 21 lita
419 357 28 27 på
462 359 31 20 ett
507 357 75 22 sådant
597 358 129 21 förtroende.
755 358 42 21 Det
812 359 24 19 är
850 364 49 15 vac-

84 386 48 21 kert
155 388 32 19 att
201 388 53 25 göra
269 385 161 28 uppoffringar
422 381 12 37 i
446 387 113 21 förlitande
575 386 27 27 på
617 389 31 18 ett
663 386 181 27 tillmötesgående
860 386 39 22 hos

84 415 73 21 andra.
188 415 48 21 Men
256 416 20 20 vi
291 414 63 22 hafva
369 422 25 14 en
411 416 172 26 representation,
599 421 51 18 som,
666 416 38 20 när
717 415 36 27 jag
768 416 132 26 undantager

83 443 186 27 Borgareståndet,
295 443 80 22 hvilket
395 444 68 26 afsagt
479 444 30 26 sig
524 445 43 20 alla
581 443 249 27 företrädesrättigheter,
844 445 56 20 visat

84 473 31 26 sig
138 478 51 15 vara
209 473 81 26 ganska
310 473 62 25 ,män
387 479 34 15 om
436 473 37 21 sitt
488 473 82 21 skinn".
585 485 28 3 —
627 473 38 20 Att
680 473 44 21 låta
739 473 125 27 afgörandet
878 473 24 21 af

84 507 26 16 en
132 501 60 27 fråga
214 501 50 22 bero
288 502 21 20 af
329 501 39 22 den
384 501 82 28 aflagda
481 502 72 21 sedeln
569 502 66 21 måste
649 501 37 28 jag
700 501 58 22 kalla
772 503 31 20 ett
818 501 80 22 lotteri-

83 530 52 27 spel,
152 536 51 23 som
223 530 33 21 väl
271 531 7 20 i
294 530 102 27 likgiltiga
411 531 62 21 saker
488 531 35 21 må
538 530 85 27 tillåtas,
639 536 47 15 men
702 531 6 20 i
724 531 42 20 mål
781 531 22 20 af
816 531 44 27 vigt
874 532 24 20 är

82 558 64 27 högst
161 559 130 27 oförnuftigt.
307 571 27 3 —
349 560 40 26 Jag
404 559 117 27 tillstyrker
536 560 80 21 således
626 561 33 19 att
669 559 83 22 ståndet
765 559 48 22 ville
825 559 74 22 förena

84 587 32 27 sig
131 593 34 16 om
182 588 35 21 det
232 587 69 22 beslut
316 588 154 27 Ridderskapet
485 589 39 21 och
539 589 67 21 Adeln
621 588 7 21 i
644 588 64 22 saken
723 588 69 22 fattat.

88 669 9 4 .
152 646 57 20 Herr
225 645 116 27 Östring:
358 646 36 26 jag
409 646 67 21 måste
492 647 118 25 protestera
625 647 57 20 emot
697 646 40 20 den
752 646 78 26 lydelse
842 645 57 22 Herr

84 674 112 26 Ohrnberg
211 674 66 26 inlagt
292 674 7 20 i
314 675 56 21 mina
385 675 44 25 ord,
445 676 105 24 nemligen
564 676 33 20 att
612 674 25 21 de
652 674 68 22 skulle
730 674 99 27 uttrycka
838 674 60 22 miss-

84 703 92 27 troende
195 702 38 22 och
253 703 152 21 insinuationer
430 709 33 15 om
489 703 93 27 dälighet
605 702 47 22 med
668 703 84 27 mycket
768 705 69 22 annat,
852 709 46 15 som

84 731 56 21 Herr
162 731 112 27 Ohrnberg
294 733 54 20 trott
363 732 30 26 sig
409 732 106 26 upptäcka
530 732 6 20 i
552 732 52 21 dem.
635 732 70 26 Något
720 731 76 22 sådant
810 732 39 20 har
862 732 37 26 jag

83 760 46 21 icke
152 760 65 21 afsett
239 760 39 22 och
299 762 46 20 tror
359 762 32 19 att
406 761 19 26 ej
441 760 66 22 heller
522 760 68 27 nägon
605 760 41 21 kan
663 760 62 27 spära
740 761 36 20 det
792 760 42 21 der.
864 760 34 21 En

84 788 162 27 omständighet,
266 795 44 15 som
326 789 67 21 under
408 789 146 21 diskussionen
570 789 19 27 ej
604 791 56 19 ännu
676 789 68 21 blifvit
758 789 104 27 päpekad,
873 790 24 20 är

83 819 32 19 att
140 818 60 21 detta
223 818 116 26 stadgande
363 818 66 26 gäller
449 817 18 27 ej
484 818 54 21 blott
553 818 27 27 pä
596 819 42 20 sätt
652 824 48 15 man
716 818 22 21 af
752 818 145 21 diskussionen

84 846 70 22 kunde
174 846 62 26 sluta,
259 846 80 22 sädana
360 846 36 22 fall
418 846 26 22 dä
466 849 33 19 tre
514 846 62 22 ständ
591 848 75 20 stanna
681 847 7 20 i
702 846 70 22 beslut
787 848 57 20 emot
859 847 37 26 ett,

81 876 52 20 utan
153 875 60 21 äfven
229 876 36 20 det
279 874 44 26 fall,
339 876 26 20 dä
380 876 35 20 tvä
430 874 62 22 ständ
507 877 76 19 stanna
598 878 57 18 emot
671 875 39 25 tvä,
725 876 6 20 i
747 875 83 21 hvilken
845 874 52 22 hän-

82 904 56 21 delse
161 904 18 25 8,
203 904 65 21 sådan
291 905 41 20 den
353 910 28 15 nu
404 904 65 26 lyder,
490 904 67 21 skulle
572 904 47 21 leda
635 904 86 23 derhän,
737 905 32 19 att
784 904 35 20 två
833 903 63 22 stånd

80 931 70 22 kunde
173 933 90 25 pälägga
286 939 26 14 en
334 932 63 27 skatt,
420 938 45 15 som
488 932 26 21 de
535 932 36 21 tvä
586 931 67 28 öfriga
667 931 88 22 ständen
770 933 126 26 mangrannt

78 960 113 22 förkastat.

153 1017 56 22 Herr
231 1017 100 22 Krank:
361 1018 7 21 i
391 1017 92 27 enlighet
502 1018 48 21 med
565 1017 55 22 hvad
635 1017 55 22 Herr
706 1013 110 30 Öhrnberg
830 1017 66 21 redan

78 1045 58 22 klart
158 1046 114 26 utvecklat,
288 1047 41 20 kan
346 1047 17 26 ej
380 1046 66 21 heller
459 1047 36 27 jag
510 1046 57 21 finna
582 1046 40 21 den
637 1046 92 26 ringaste
746 1045 53 22 väda
814 1046 6 20 i
835 1047 61 20 anta-

77 1075 82 26 gandet
173 1075 23 21 af
209 1075 161 25 ifrågavarande
387 1075 18 27 $.
435 1075 99 21 Tvärtom
550 1075 66 21 skulle
632 1074 104 22 måhända
747 1075 88 26 ändring
843 1073 53 22 eller

78 1103 141 22 förkastande
235 1103 60 22 deraf
309 1103 109 28 äfventyra
433 1104 48 21 hela
496 1103 238 26 landtdagsordningens
750 1103 144 21 stadfästande

78 1133 40 21 och
140 1133 37 20 det
197 1139 49 15 vore
262 1133 65 26 enligt
342 1133 43 20 min
400 1133 63 21 tanke
478 1133 63 26 högst
556 1132 121 27 beklagligt,
693 1139 33 14 om
742 1131 152 28 Borgarestän-

77 1161 36 22 det
138 1161 55 22 hade
217 1162 123 21 medverkat
360 1161 32 21 till
407 1163 31 20 ett
453 1161 24 22 sä
491 1161 101 29 olyckligt
606 1161 96 21 resultat.
732 1161 40 26 Jag
786 1161 42 20 kan
842 1161 54 20 säle-

76 1190 37 21 des
135 1189 19 27 ej
176 1191 66 20 annat
263 1193 27 18 än
310 1191 7 20 i
337 1190 66 21 likhet
422 1190 48 21 med
485 1190 56 21 Herr
556 1190 110 26 Öhrnberg
681 1189 106 27 tillstyrka
802 1189 29 28 $:s
846 1189 50 27 god-

77 1219 119 21 kännande.

145 1276 58 21 Herr
219 1276 165 26 Lindegvist:
415 1276 110 22 Utskottet
546 1276 39 21 har
608 1277 68 26 yttrat
696 1276 40 20 den
757 1276 55 26 äsigt
833 1276 32 20 att
887 1275 7 21 i

76 1305 116 21 framtiden
215 1304 68 28 nägon
305 1304 90 22 särskild
417 1305 136 27 beskattning
568 1304 32 22 för
615 1304 67 22 skilda
698 1304 61 21 ständ
774 1304 46 20 icke
835 1304 58 20 kom-

78 1340 44 15 mer
145 1336 32 18 att
203 1335 40 24 äga
266 1340 52 19 rum,
334 1336 51 18 utan
401 1335 32 19 att
449 1333 245 27 bevillningsgrunderna
708 1332 65 22 blifva
787 1332 107 21 allmänna

79 1363 39 21 och
133 1362 70 21 denna
218 1362 54 26 äsigt
284 1368 62 15 anser
358 1362 36 26 jag
410 1362 62 21 hafva
487 1362 84 26 mycket
585 1362 47 21 skäl
647 1361 33 21 för
694 1362 38 26 sig.
762 1361 61 21 Hvad
839 1361 55 21 Herr

76 1390 73 26 Bergh
172 1391 99 21 anmärkt
286 1391 6 20 i
308 1390 112 27 anledning
435 1390 22 21 af
470 1392 49 20 mitt
534 1390 98 27 yttrande
648 1396 33 16 om
697 1390 53 21 talet
765 1390 33 25 31,
814 1391 23 19 är
847 1389 47 21 full-

78 1420 90 26 komligt
191 1419 73 27 riktigt
288 1420 39 20 och
346 1418 38 28 jag
399 1419 102 21 erkänner
517 1421 31 19 att
564 1420 35 20 det
614 1419 111 27 rätteligen
741 1419 38 21 bör
794 1424 49 15 vara
859 1418 33 20 30.

78 1448 137 20 Beträffande
238 1448 72 24 sjelfva
325 1448 65 20 saken
405 1448 68 19 måste
490 1448 33 24 jag
538 1447 98 21 bekänna
650 1449 38 22 att,
704 1447 27 21 dä
742 1447 35 25 jag
791 1446 103 21 betänker

79 1478 32 18 att
126 1476 41 20 den
185 1476 24 20 13
226 1475 39 21 och
281 1476 25 20 15
322 1475 24 27 $$
360 1475 7 20 i
383 1474 229 27 landtdagsordningen
627 1474 67 21 blifvit
708 1476 92 24 antagna
812 1474 6 20 i
828 1474 66 25 enlig-

77 1504 39 21 het
138 1504 49 21 med
209 1503 169 27 propositionens
399 1502 98 26 innehäll,
516 1502 36 27 jag
567 1502 46 21 icke
628 1502 42 21 kan
684 1505 66 18 annat
765 1504 26 19 än
806 1502 88 21 förväna

79 1533 42 26 mig
145 1531 104 27 deröfver,
272 1533 32 20 att
327 1531 78 22 sädana
424 1531 84 28 äsigter,
524 1537 45 15 som
584 1531 90 21 rörande
689 1531 69 21 denna
767 1525 10 39 $
799 1529 94 27 uttalats,
