1081 1831
220 131 42 22 460
414 137 181 21 Borgareståndet.
621 137 55 17 1867.
699 137 13 17 5
723 136 64 22 April.

191 223 182 26 Borgareständet
387 222 40 21 till
449 223 81 26 verklig
551 223 73 21 skada.
654 222 41 27 Jag
717 222 81 21 känner
816 228 107 21 personer,
939 221 74 22 tillhö-

191 252 66 21 rande
280 251 62 22 dessa
361 251 128 26 kategorier,
509 251 78 26 hvilka,
602 257 34 16 om
653 251 26 21 de
693 251 82 21 erhölle
789 250 85 22 inträde
888 251 57 21 inom
960 248 53 24 Bor-

190 280 144 27 gareståndet,
356 279 68 22 skulle
446 282 77 25 utgöra
545 286 25 15 en
593 280 81 27 verklig
692 275 96 37 prydnad
801 279 37 28 för
853 279 91 22 ståndet.
974 279 39 21 Att

191 310 78 20 nämna
290 309 47 21 dem
353 309 35 21 vid
403 315 63 15 namn
481 311 25 19 är
521 309 54 21 dock
589 309 47 21 icke
651 308 102 28 lämpligt.
784 308 68 22 Äfven
866 308 8 21 i
884 308 31 21 de
930 307 83 22 mindre

190 338 102 21 städerna
314 338 71 21 kunna
407 338 56 21 inom
485 337 133 22 läroständet
638 337 69 21 finnas
727 343 107 20 personer,
857 336 73 22 hvilka
944 336 70 22 skulle

191 368 148 25 representera
360 367 31 20 sin
415 366 48 21 stad
485 366 84 27 mycket
584 366 71 21 bättre
670 367 27 20 än
712 365 90 27 mängen
819 371 76 21 annan,
912 365 39 22 och
966 371 46 16 som

189 395 79 28 jemväl
291 395 68 22 drifva
383 395 106 26 borgerlig
510 395 81 27 näring.
620 395 39 21 Att
683 395 93 21 utesluta
799 394 49 22 dem
862 400 50 15 vore
928 395 34 20 att
975 393 39 22 be-

191 424 61 22 röfva
265 425 92 26 mängen
371 424 49 21 stad
435 424 32 21 sin
482 424 62 21 bästa
558 425 154 26 representant.

259 481 58 22 Herr
331 481 102 26 Bergh:
449 481 60 22 äfven
525 480 34 28 jag
574 480 59 23 delar
648 481 46 21 icke
709 480 57 21 Herr
780 479 166 28 Bronikowskijs
960 479 54 27 äsigt

192 510 80 25 derom,
293 511 33 20 att
348 509 154 28 skeppsredare
523 510 52 21 eller
597 509 166 27 näringsidkare,
785 515 45 15 som
846 509 40 21 hör
901 509 32 20 till
950 509 64 26 nägot

192 539 23 21 af
236 539 26 22 de
284 541 76 19 tvenne
381 539 160 27 privilegierade
563 538 98 26 ständen,
684 538 67 21 borde
773 537 91 22 likasom
884 537 130 27 gärdsägare

191 568 49 22 från
263 568 81 21 valrätt
365 568 56 21 inom
444 568 180 26 Borgareständet
639 567 110 21 uteslutas.
779 566 101 22 Tvertom
894 568 36 20 vet
943 566 35 28 jag
994 567 19 27 ej

192 597 99 21 hvarföre
314 599 15 19 t.
355 602 32 16 ex.
408 596 120 25 frälseman,
549 596 84 22 hvilken
649 596 69 22 säsom
734 596 154 26 skeppsredare
904 597 50 25 äger
970 595 44 21 val-

194 627 49 21 rätt,
258 624 69 23 skulle
343 625 70 21 derest
429 625 40 21 han
485 625 69 21 tillika
569 626 24 20 är
609 624 136 28 gärdsägare,
759 631 53 15 vara
827 624 102 22 beröfvad
945 624 69 22 denna

193 654 110 26 rättighet,
325 654 100 20 hvarföre
445 654 37 26 jag
503 660 62 15 anser
585 654 66 25 detta,
672 654 88 20 likasom
776 653 44 21 alla
834 653 26 21 de
876 652 68 28 öfriga
959 654 55 20 efter

194 683 118 21 detsamma
326 682 6 21 i
348 688 63 16 mom.
426 682 175 22 förekommande
617 682 141 26 undantagen,
775 682 52 21 böra
841 680 107 22 bortfalla.
981 681 32 22 De

195 717 62 21 synas
272 712 43 26 mig
329 711 107 27 verkligen
452 711 27 27 gä
495 711 20 21 in
531 711 27 27 pä
569 710 158 27 orimlighetens
738 710 87 22 omräde
836 710 39 22 och
885 710 47 22 icke
943 710 71 22 kunna

194 740 105 21 förklaras
322 740 133 24 annorledes,
477 742 26 18 än
526 742 33 19 att
583 739 106 21 utskottet
711 739 18 26 ej
753 739 61 21 tänkt
836 739 32 26 sig
883 740 22 20 in
919 739 7 21 i
941 739 73 21 saken.

196 768 41 27 Jag
260 768 130 22 äterhemtar
412 768 61 21 äfven
498 768 7 21 i
520 769 36 20 det
579 768 86 21 sednast
686 768 93 21 nämnda
793 767 110 22 afseendet
918 768 48 21 mitt
980 773 34 22 yr-

195 796 69 22 kande
280 796 27 27 pä
323 796 121 22 äterremiss
459 796 23 21 af
496 796 151 22 betänkandet.

264 854 70 20 Sedan
350 854 147 21 diskussionen
512 854 117 20 förklarats
639 853 100 24 afslutad,
749 853 131 21 framställde
893 854 55 21 Herr
958 853 58 21 Ta1-

195 888 115 16 mannen
333 883 47 21 med
404 882 85 26 ledning
511 882 23 22 af
554 882 27 22 de
603 882 85 26 äsigter,
709 888 46 15 som
771 882 6 21 i
792 882 75 27 frägan
882 884 86 24 yttrats,
983 882 32 21 till

194 911 87 22 ständet
295 911 94 31 följande
404 911 161 27 propositioner.

264 968 43 27 1:0)
323 967 42 23 Vill
379 968 86 21 ståndet
480 968 31 21 till
527 968 210 27 kontraproposition
748 970 57 19 emot
815 968 117 21 utskottets
942 968 74 21 betän-

194 997 70 22 kande
278 998 8 20 i
301 997 139 21 förevarande
456 1003 63 15 mom.
534 1000 78 24 antaga
627 997 36 21 det
678 997 23 21 af
715 996 56 22 Herr
785 996 154 27 Bronikowskij
950 997 66 21 fram-

194 1025 80 22 ställda
296 1025 109 28 förslaget,
421 1027 33 20 att
469 1026 67 20 andra
551 1025 60 22 delen
627 1025 24 21 af
663 1031 62 16 mom.
742 1026 68 21 skulle
825 1025 82 22 erhålla.
922 1025 94 27 följande

195 1054 89 27 lydelse:
301 1054 127 24 ,frälseman
444 1054 51 21 eller
511 1060 77 20 person
603 1054 95 21 hörande
713 1053 33 22 till
760 1053 188 22 Presteständet?*
963 1054 52 21 eller

195 1082 55 21 skall
272 1083 70 21 såsom
358 1083 210 26 kontraproposition
584 1083 118 26 uppstäilas
718 1083 55 20 Herr
789 1083 81 26 Berghs
885 1083 86 26 förslag,
982 1085 33 19 att

193 1111 49 21 hela
265 1111 60 21 detta
349 1117 63 15 mom.
435 1111 48 21 med
498 1111 109 26 undantag
621 1111 24 21 af
659 1112 26 20 de
699 1110 68 22 första
783 1111 65 21 orden
864 1111 32 21 till
912 1111 39 22 ock
967 1111 48 22 med

195 1139 97 27 »Gvinna,
315 1139 40 27 gift
377 1139 52 22 eller
453 1140 63 26 ogift"
539 1140 39 21 bör
592 1140 65 26 utgå?
686 1139 39 26 De,
741 1146 44 15 som
801 1140 91 21 omfatta
907 1140 36 21 det
957 1139 59 22 förra

194 1169 142 26 alternativet,
352 1174 62 15 svara
426 1168 101 27 jakande,
543 1169 26 20 de
585 1174 44 16 som
646 1170 59 19 rösta
719 1169 33 21 för
767 1168 37 22 det
819 1175 81 20 senare,
911 1168 103 22 nekande.

262 1225 162 27 Propositionen
440 1225 127 22 besvarades
583 1225 47 22 med
646 1225 155 27 öfvervägande
815 1225 28 28 ja.

262 1282 41 27 2:0)
325 1283 95 26 Antager
442 1281 86 22 ständet
547 1282 116 22 utskottets
685 1282 134 22 betänkande
834 1283 7 20 i
860 1283 60 21 detta
936 1283 78 21 mom.?

193 1311 53 20 eller
268 1311 62 26 skall,
353 1311 65 26 enligt
441 1311 40 21 den
502 1312 93 25 antagna
616 1311 243 27 kontrapropositionen,
880 1311 56 26 3:dje
951 1317 62 16 mom.

193 1339 61 21 deraf
275 1339 82 21 erhälla
381 1339 92 26 följande
497 1339 88 27 lydelse:
610 1339 127 24 ,frälseman
761 1340 52 21 eller
828 1346 77 20 person
920 1340 94 21 hörande

192 1367 34 21 till
243 1367 186 22 Presteständet?*
459 1368 42 20 För
515 1367 158 26 propositionen
689 1369 70 18 röstas
775 1369 47 19 med
836 1368 28 25 ja,
879 1368 33 19 för
927 1369 86 19 kontra-

192 1395 167 26 propositionen,
375 1395 48 20 med
439 1395 41 26 nej.

260 1451 163 28 Propositionen
446 1451 127 22 besvarades
588 1451 48 22 med
652 1451 103 23 blandadt
767 1451 24 28 ja
805 1451 40 23 och
858 1452 40 27 nej,
915 1451 98 23 hvarföre

191 1480 75 22 skreds
282 1481 32 21 till
329 1481 97 26 votering
440 1480 48 22 med
503 1481 72 21 slutna
589 1480 76 27 sedlar,
681 1487 46 15 som
742 1481 61 21 utföll
821 1482 47 21 med
885 1482 25 21 13
922 1482 24 26 ja
956 1484 57 19 emot

192 1510 27 21 13
241 1510 41 27 nej,
305 1510 7 21 i
335 1509 51 29 följd
409 1509 76 21 hvaraf
504 1509 40 21 den
559 1508 84 28 aflagda
657 1510 73 21 sedeln
745 1511 109 26 öppnades
869 1511 39 21 och
924 1511 89 22 befanns

190 1538 50 27 lyda
254 1539 28 27 pä
294 1539 29 26 ja.
