1086 1770
305 133 183 21 Borgareståndet.
513 134 53 17 1867.
590 134 26 17 26
628 134 62 22 April.
840 129 41 20 597

162 218 31 22 På
215 218 156 28 framställning
393 219 23 21 af
436 219 55 21 Herr
513 219 160 21 Talmannen
690 218 80 22 beslöts
785 221 32 19 att
832 218 79 27 ifråga-

94 248 93 20 varande
202 246 133 22 betänkande
351 247 67 21 skulle
432 248 28 25 på
475 254 25 14 en
516 248 65 21 vecka
596 247 68 21 hållas
674 247 13 21 å
698 248 76 20 bordet
783 247 129 27 tillgängligt

95 274 33 22 för
143 275 95 21 ståndets
253 275 143 21 medlemmar.

162 331 41 27 5:0)
219 331 102 21 Enskilda
335 331 206 22 Besvärsutskottets
555 332 133 20 betänkande
699 332 39 20 N:o
750 331 26 21 13
788 331 22 21 af
818 330 94 28 följande

93 359 89 28 lydelse:
383 366 2 2 C
526 369 3 3 E

455 444 44 21 N:o
515 446 34 21 13.

299 501 189 27 Borgareständets
510 501 101 22 Enskilda
632 502 184 21 Besvärsutskotts
838 502 74 21 betän-

230 529 69 22 kande
314 530 7 20 i
336 529 112 27 anledning
463 529 23 21 af
498 529 118 27 föreslagen
632 529 130 27 underdänig
777 530 89 26 petition
877 537 34 14 om

230 559 43 19 rätt
287 558 34 20 för
335 558 114 21 ständerne
464 560 32 19 att
511 558 85 27 deltaga
610 558 6 20 i
632 558 196 26 tullagstiftningen.

161 614 11 20 I
187 614 59 21 detta
261 615 62 20 ämne
339 613 61 22 hafva
415 616 76 19 tvenne
507 614 103 21 särskilda
620 614 209 27 petitionsmemorial
842 614 69 21 blifvit

93 642 33 21 till
148 641 85 22 ständet
254 642 87 26 ingifna,
364 642 39 21 och
426 642 65 21 sedan
514 643 106 21 desamma
643 642 33 22 till
693 642 100 22 Ständets
808 642 104 21 Enskilda

93 670 173 22 Besvärsutskott
281 671 136 25 remitterats,
433 670 40 21 har
487 670 111 22 Utskottet
614 671 68 21 denne
696 670 57 28 dagi
764 672 31 20 ett
807 677 104 15 samman-

93 699 57 26 hang
164 698 93 22 förehaft
273 699 46 21 dem
335 698 32 22 till
382 698 135 27 behandling.

160 727 75 21 Denna
257 727 100 21 särskildt
378 727 33 21 för
431 727 179 27 Borgareständet
629 728 79 26 vigtiga
723 727 59 27 fråga
796 734 38 14 var
849 727 62 22 äfven

93 756 34 20 vid
149 757 84 20 senaste
253 756 102 26 landtdag
376 755 89 22 föremäl
487 755 33 22 för
542 756 180 26 petitionsförslag
741 756 57 20 inom
814 756 95 26 Ständet,

92 784 64 20 hvars
171 784 102 21 Enskilda
287 784 174 21 Besvärsutskott
479 784 77 27 jemväl
571 784 27 21 dä
608 784 64 26 afgaf
686 784 109 21 utlåtande
810 785 7 20 i
832 786 79 24 ämnet,

93 812 40 21 och
148 812 80 21 tilläter
243 812 30 28 sig
288 812 111 22 Utskottet
415 813 82 21 derföre
513 819 28 14 nu
556 814 33 19 att
600 812 39 21 här
650 812 92 26 äberopa
753 813 55 20 hvad
818 812 93 22 berörda

93 840 110 22 utlåtande
224 840 117 22 innehåller
363 841 107 26 angående
492 841 39 21 den
546 840 118 22 Ständerne
679 840 159 22 tillkommande
854 840 57 27 sjelf-

92 869 199 26 beskattningsrätt,
305 870 79 25 jemväl
400 869 130 21 beträffande
545 869 215 26 tull-lagstiftningen,
776 872 54 18 samt
845 870 66 20 huru-

91 897 57 23 ledes
164 898 69 21 denna
247 898 138 25 sistnämnda,
396 897 54 22 efter
463 899 32 19 att
505 897 66 21 under
581 897 94 22 tidernas
685 897 50 27 lopp
745 897 63 22 hafva
818 897 93 21 utöfvats

93 927 26 20 än
135 925 21 22 af
169 926 108 27 Regenten
293 927 26 20 än
335 926 22 21 af
371 926 123 26 Ständerne,
510 927 99 26 slutligen
624 926 90 21 kommit
728 928 32 19 att
770 925 23 22 af
804 926 40 21 den
855 926 56 21 förre

92 960 82 22 ensam
180 954 136 21 handhafvas.

160 983 68 21 Äfven
249 983 39 21 hos
310 983 27 21 de
359 983 67 26 öfriga
442 982 95 22 Stånden
552 983 86 21 väcktes
653 983 35 21 vid
703 983 91 21 nämnda
809 983 103 26 landtdag

93 1011 80 27 förslag
195 1014 32 19 att
244 1011 39 22 hos
298 1012 60 21 Hans
372 1011 118 27 Kejserliga
505 1012 99 27 Majestät
620 1011 6 22 i
642 1011 168 27 underdånighet
824 1011 87 22 anhålla

93 1046 34 15 om
150 1040 131 26 delaktighet
301 1040 34 20 för
355 1040 116 21 Ständerne
486 1041 7 20 i
508 1039 215 27 tull-lagstiftningen,
744 1040 39 21 och
799 1040 25 20 de
840 1041 71 20 beslut

93 1069 79 26 derom,
195 1075 45 15 som
256 1068 22 22 af
292 1069 25 21 de
339 1068 68 22 skilda
422 1068 93 22 Stånden
530 1068 98 24 fattades,
646 1068 165 22 öfverlemnades
826 1068 23 21 af
863 1068 48 22 dem

92 1097 33 21 till
147 1097 129 21 Ständernas
298 1096 112 22 Allmänna
430 1096 172 22 Besvärsutskott
623 1096 33 22 för
677 1097 141 26 uppsättande
841 1096 23 21 af
884 1103 27 15 en

93 1125 129 22 Ständernes
246 1131 156 21 gemensamma
423 1126 90 25 petition
535 1126 5 20 i
564 1127 77 19 ämnet.
670 1124 50 22 Men
742 1131 26 15 en
790 1130 120 21 gemensam

92 1154 89 26 petition
204 1154 45 20 deri
271 1154 71 21 kunde
356 1154 20 26 ej
392 1154 179 26 tillvägabringas,
594 1154 87 21 emedan
697 1153 93 21 Stånden
805 1155 85 19 stannat
904 1153 7 21 i

93 1184 76 19 tvenne
183 1182 48 20 från
245 1182 119 21 hvarandra
379 1182 130 26 väsentligen
524 1182 110 21 afvikande
650 1182 75 20 beslut.
750 1182 42 20 Det
802 1188 40 14 ena
852 1182 60 25 afsåg

93 1210 104 26 nemligen
220 1210 103 26 rättighet
344 1210 33 21 för
396 1210 118 22 Ständerne
537 1212 33 19 att
584 1210 7 21 i
607 1210 83 21 samråd
711 1210 47 21 med
780 1210 131 26 Regeringen

93 1239 117 21 bestämma
230 1239 75 21 endast
327 1245 33 15 om
377 1240 121 25 grunderna
513 1238 32 22 för
560 1238 162 27 tullafgifternas
737 1238 123 26 utgörande,
875 1238 38 21 det

94 1267 73 26 andra,
183 1267 80 21 hvilket
278 1266 109 22 omfattats
402 1266 23 21 af
438 1266 186 28 Borgareståndet,
640 1267 146 26 berättigande
801 1266 33 21 för
849 1266 63 21 Stän-

94 1295 63 21 derne
180 1297 32 19 att
232 1296 69 20 allena
317 1295 83 21 besluta
415 1296 46 20 icke
477 1296 74 20 endast
566 1302 33 14 om
616 1296 61 20 dessa
691 1295 98 26 grunder,
804 1296 52 20 utan
871 1294 40 22 ock

93 1324 109 26 angående
217 1324 181 25 tullbevillningen
413 1325 55 19 samt
483 1326 32 19 att
529 1324 118 20 bestämma
662 1324 146 20 tullsatsernas
824 1322 87 27 belopp;

95 1351 38 22 och
148 1357 45 16 som
209 1351 117 22 Ständerne
342 1352 88 21 sålunda
444 1351 46 22 icke
507 1351 67 22 blifvit
590 1358 49 15 ense
655 1357 33 15 om
704 1351 170 22 beskaffenheten
890 1351 24 21 af

94 1380 40 21 den
156 1380 94 25 petition,
274 1386 45 15 som
341 1380 67 21 skulle
429 1380 127 21 framställas
578 1382 54 19 samt
653 1379 178 27 Borgareståndet
846 1379 66 27 ansåg

95 1407 120 21 ändamålet
237 1407 86 21 dermed
344 1413 50 15 vara
412 1407 105 24 förfeladt,
533 1407 27 20 då
576 1408 118 20 Ständerne
709 1408 18 25 ej
743 1407 81 20 kunnat
838 1407 74 20 förena

93 1435 32 26 sig
141 1441 33 15 om
189 1441 26 14 en
230 1441 120 20 gemensam
366 1435 88 26 petition
469 1435 7 20 i
491 1437 77 24 ämnet,
583 1435 70 21 beslöt
668 1435 88 20 Ståndet
770 1434 34 21 för
819 1434 48 21 dess
877 1434 34 21 del

95 1465 32 19 att
142 1463 43 21 låta
200 1463 75 26 frågan
291 1463 71 21 derom
378 1463 89 21 förfalla.

162 1491 124 22 Emellertid
302 1491 60 22 torde
378 1491 53 22 dock
446 1491 155 26 Ridderskapet
616 1490 39 22 och
670 1490 67 22 Adeln
755 1493 55 19 samt
829 1490 82 22 Bonde-

95 1520 92 26 ståndet,
203 1520 70 22 hvilka
288 1520 66 26 hyllat
369 1520 118 21 hvarandra
502 1521 100 20 motsatta
617 1519 79 27 åsigter
711 1519 6 21 i
733 1518 71 25 saken,
816 1519 52 21 hvar
879 1518 33 22 för
