1086 1820
283 135 181 22 Borgareständet.
487 137 55 17 1867.
567 138 22 17 12
600 139 62 16 Mars.
811 134 40 20 193

136 219 128 22 Godkänner
286 221 84 22 ståndet
391 222 117 21 utskottets
530 222 133 21 betänkande
681 223 107 26 angående
803 223 78 27 ifräga-

69 249 92 20 varande
187 250 108 20 moment?
318 250 51 21 eller
391 250 78 21 önskar
491 250 83 22 ståndet
596 253 32 19 att
650 251 117 21 detsamma
787 251 54 22 skall
856 258 25 15 ur

69 277 143 21 betänkandet
227 277 64 26 utgå?

137 333 46 20 Den
198 339 45 15 som
258 333 36 21 vill
309 333 36 22 det
360 333 63 27 förra,
439 340 73 15 svarar
520 334 29 27 ja,
561 334 40 21 den
612 341 44 16 som
668 335 77 21 önskar
755 336 36 21 det
801 342 74 15 senare

69 367 72 15 svarar
156 362 40 26 nej.

136 417 104 23 Häröfver
255 419 115 21 anställdes
384 418 26 28 på
426 419 91 27 begäran
532 420 100 27 votering,
648 426 45 15 som
708 420 62 22 utföll
779 421 48 21 med
839 422 11 19 7
859 421 22 27 ja

69 448 56 19 emot
148 447 26 20 18
194 447 41 26 nej,
251 447 125 21 kommande
391 447 62 21 alltså
470 449 52 20 1:sta
537 454 61 16 mom.
613 449 68 21 under
696 449 101 21 rubriken
811 455 48 21 pass
874 450 7 20 i

69 475 13 27 $
98 475 12 21 5
126 474 23 22 af
161 475 116 22 utskottets
292 475 133 23 betänkande
441 478 32 19 att
488 476 92 22 derifrån
595 478 110 20 uteslutas.

424 560 64 22 Mom.
504 564 20 19 6.

137 618 56 21 Herr
215 618 98 26 Bergh:
335 618 30 21 På
380 624 81 16 samma
476 618 52 26 skäl,
544 626 44 14 som
604 619 81 21 anförts
700 619 33 21 för
747 620 134 21 uteslutande

71 646 23 21 af
109 646 54 22 1:sta
177 648 122 25 momentet,
315 646 89 21 föreslår
417 647 35 27 jag
468 649 31 19 att
514 647 60 21 äfven
589 648 59 20 detta
659 648 42 20 6:te
713 650 92 19 moment
816 648 65 22 måtte

69 674 58 26 utgå.
154 675 32 21 De
209 681 60 15 resor
291 682 44 14 som
357 675 23 21 af
400 675 67 21 finske
486 676 138 26 medborgare
646 678 62 24 göras
723 676 33 22 till
771 676 110 28 Ryssland,

69 704 38 20 ske
129 704 97 26 vanligen
250 703 34 21 för
303 703 76 21 affärer
394 704 38 21 och
443 704 105 27 företagas
563 704 23 22 af
599 704 81 22 mindre
695 705 124 21 bemedlade
834 712 49 20 per-

71 738 66 15 soner.
168 732 40 26 Jag
228 738 61 15 anser
309 732 82 22 derföre
414 732 91 26 oskäligt
520 735 31 19 att
565 733 90 27 pålägga
671 733 46 21 dem
732 734 151 27 stämpelafgift

69 760 34 22 för
124 766 57 21 pass,
203 760 56 21 helst
281 761 26 21 de
329 760 45 22 ofta
395 767 75 21 genom
493 762 45 20 sina
558 768 59 15 resor
632 762 71 21 kunna
718 762 78 22 bereda
810 763 73 21 landet

70 790 81 25 ganska
165 789 108 27 betydliga
287 790 121 21 inkomster.

138 846 56 21 Herr
218 846 92 22 Wolff:
334 847 41 21 Det
397 853 49 15 vore
462 847 120 27 visserligen
597 847 132 27 konseqvent
743 849 32 20 att
790 848 93 21 utesluta

70 876 122 26 momentet,
214 881 47 15 men
283 875 119 27 derigenom
425 875 69 22 kunde
518 876 39 20 den
579 876 111 26 olägenhet
704 876 91 24 inträffa,
810 878 32 19 att
857 883 26 14 en

71 904 88 20 resande
180 904 7 20 i
206 903 80 21 saknad
308 904 23 20 af
350 910 49 20 pass
413 904 68 21 skulle
496 904 75 21 afvisas
587 904 34 21 vid
635 906 90 25 gränsen
741 904 39 21 och
795 904 88 21 sålunda

71 932 56 21 finna
142 931 48 22 hela
205 937 62 16 resan
281 932 95 21 förfelad.

139 989 57 21 Herr
218 985 158 31 Öhrnberg:
399 989 45 20 Här
462 991 23 19 är
504 995 29 15 nu
546 988 46 22 icke
608 989 60 27 fråga
683 995 34 15 om
732 991 32 20 att
778 989 106 27 upphäfva

72 1017 128 26 stadgandet
215 1019 32 20 att
262 1018 89 21 resande
366 1017 32 22 till
412 1017 108 28 Ryssland
532 1018 53 21 skall
600 1024 51 15 vara
666 1017 85 22 försedd
765 1018 48 21 med
828 1024 55 21 pass,

73 1048 50 19 utan
139 1046 75 21 endast
230 1047 32 20 att
277 1046 7 20 i
299 1046 98 21 afseende
413 1046 12 21 &
439 1047 108 26 kartering
563 1047 129 20 underkasta
707 1046 58 21 såväl
779 1052 49 21 pass
838 1053 46 15 som

71 1074 168 22 tillständsbevis
260 1075 33 20 till
312 1074 96 27 förlängd
423 1075 83 21 vistelse
522 1075 107 21 derstädes
645 1075 25 20 de
685 1075 137 26 föreskrifter,
838 1081 45 15 som

71 1103 8 20 i
96 1103 114 21 allmänhet
228 1103 57 26 gälla
300 1102 32 22 för
347 1103 40 21 den
402 1103 127 27 myndighet,
545 1103 84 21 hvilken
644 1109 48 21 eger
707 1105 32 19 att
754 1103 67 27 dylikt
836 1109 48 20 pass

73 1132 38 20 och
127 1131 58 22 bevis
200 1131 93 22 utfärda.

140 1187 57 22 Herr
212 1187 95 22 Wolff:
331 1187 11 21 I
357 1187 75 21 sådant
446 1187 37 21 fall
498 1188 69 21 kunde
582 1187 69 22 denna
665 1193 76 21 person
756 1188 40 21 lätt
811 1187 52 22 råka
878 1188 7 20 i

73 1215 135 27 villrädighet
223 1216 28 27 pä
264 1216 56 21 hvad
335 1216 56 26 slags
405 1216 62 21 karta
482 1218 71 24 passet
567 1216 53 21 skall
636 1216 102 21 utfärdas.
760 1216 72 27 Enligt
842 1216 43 21 min

75 1245 54 25 äsigt
150 1245 39 21 bör
211 1244 40 21 här
273 1245 141 26 uttryckligen
436 1245 85 26 stadgas
542 1245 55 21 huru
619 1246 46 20 stor
686 1244 63 21 karta
766 1245 70 21 dertill
851 1244 34 21 mä

75 1273 113 22 användas.

142 1330 57 21 Herr
213 1329 213 27 Bronikowskij:
444 1329 42 27 Jag
508 1329 38 22 har
567 1329 64 21 fattat
653 1329 94 22 ständets
768 1329 69 21 beslut
849 1336 36 14 an-

73 1358 80 26 gäende
176 1358 68 21 första
265 1359 116 20 momentet
401 1358 88 20 likasom
504 1359 39 20 ock
559 1359 24 20 de
599 1358 73 26 talare,
689 1357 69 21 hvilka
772 1359 68 25 yttrat
855 1358 30 26 sig

74 1386 91 21 rörande
188 1386 60 21 detta
269 1388 99 24 moment,
392 1386 29 26 sä,
444 1388 32 19 att
498 1388 70 24 passet
589 1386 67 21 skulle
672 1386 122 26 expedieras
809 1386 28 26 pä
851 1386 36 21 det

75 1414 176 27 stämpelpapper,
268 1421 45 15 som
327 1414 34 22 för
376 1415 142 26 expeditioner
532 1414 46 22 frän
593 1414 294 22 embetsverket
753 1410 13 35 i
773 1414 114 22 allmänhet

75 1442 149 26 föreskrifvits;
245 1449 47 15 men
314 1444 8 20 i
345 1442 74 22 sädant
441 1443 38 21 fall
501 1450 60 19 synes
576 1443 43 25 mig
634 1443 125 26 stadgandet
773 1443 6 19 i
796 1443 12 25 $
823 1444 13 19 4
851 1450 36 13 an-

74 1470 81 26 gående
171 1470 98 27 beloppei
284 1470 23 22 af
321 1471 36 20 det
372 1471 175 26 stämpelpapper,
563 1477 44 15 som
618 1470 33 21 för
661 1471 70 26 dylika
742 1470 145 26 expeditioner

75 1499 54 21 skall
144 1499 114 27 begagnas,
273 1499 53 21 böra
341 1499 93 26 undergä
449 1500 69 26 nägon
531 1498 139 26 förändring
659 1494 12 36 i
683 1498 97 21 afseende
791 1498 12 21 ä
813 1498 74 21 redak-

76 1528 79 21 tionen.
172 1528 40 21 Det
222 1527 61 22 heter
292 1528 72 21 neml.:
376 1544 11 10 ,,
389 1527 131 28 handlingar,
531 1533 45 15 som
586 1527 23 21 af
617 1527 160 22 embetsverken
784 1526 103 28 utfärdas,

798 1566 21 18 13
