1081 1823
178 136 43 21 498
383 141 181 21 Borgareståndet.
589 142 54 16 1867.
667 142 14 16 8
692 142 63 21 April.

153 228 60 20 utom
228 226 40 21 allt
282 226 72 21 tvifvel
369 227 38 24 att,
423 226 7 20 i
445 226 100 22 händelse
559 226 85 21 skatten
659 228 24 20 är
697 226 34 22 för
745 222 49 50 hela
808 226 72 22 landet
895 227 75 27 nyttig,

155 254 111 28 pluralitet
281 254 60 22 alltid
356 242 54 34 skall
425 254 72 22 kunna
512 254 97 22 erhållas.
993 260 3 2 :

225 312 56 21 Herr
303 308 114 30 Östring:
457 312 56 21 Herr
539 312 122 27 Lindegvist
681 312 39 21 har
742 314 115 24 uppmanat
880 318 34 16 oss
937 314 33 20 att

154 342 57 20 ännu
234 340 81 26 engång
330 340 109 27 begrunda
453 341 116 21 utskottets
584 340 89 22 motiver
688 342 55 20 samt
757 341 115 27 medgifver
886 343 32 19 att
934 342 36 20 det

155 368 99 28 möjligen
269 368 71 22 kunde
355 368 85 22 inträffa
455 370 32 20 att
501 370 36 21 tvä
552 370 63 21 ständ
630 369 67 21 skulle
713 371 76 19 stanna
800 372 56 19 emot
869 370 41 21 tvä.
926 370 45 26 Mig

155 398 72 26 tyckes
243 398 54 21 dock
312 404 45 15 som
373 404 34 15 om
423 398 36 20 det
473 398 69 22 skulle
557 397 100 22 behöfvas
673 397 46 22 icke
735 404 36 15 ens
779 398 37 21 tvä
823 398 70 21 halfva
901 398 70 22 ständ.

154 426 34 22 för
210 427 32 20 att
260 426 47 21 med
324 426 47 22 stöd
390 426 22 21 af
425 426 160 27 ifrågavarande
600 427 14 27 &
630 426 161 27 tillvägabringa
806 433 27 15 en
847 427 64 21 skatt.
941 427 31 26 Ty

155 461 35 16 om
205 455 36 21 det
255 455 7 21 i
277 454 36 22 två
328 454 62 22 stånd
404 454 54 22 finns
474 461 25 15 en
514 462 51 19 svag
579 455 116 27 pluralitet,
711 462 44 14 som
771 455 92 27 päyrkar
878 455 91 27 skatten,

154 483 24 22 sä
196 484 43 21 kan
253 483 61 21 äfven
331 490 33 14 om
379 484 135 20 minoriteten
529 484 39 21 och
584 486 56 18 ännu
655 484 70 21 dertill
740 484 25 21 de
779 484 37 21 tvä
831 484 67 26 öfriga
913 484 59 21 stän-

154 512 40 22 den
217 518 51 16 vore
287 512 87 21 alldeles
389 512 102 27 enhälligt
506 514 55 20 emot
577 518 81 16 samma
672 512 64 26 skatt,
753 512 68 22 denna
836 512 54 22 dock
906 513 64 27 enligt

154 542 10 25 8
188 542 27 20 73
236 540 141 28 genomföras,
396 541 18 21 d.
432 547 17 14 v.
467 547 16 15 s.
499 541 65 27 nägra
579 547 101 21 personer
694 541 83 21 utöfver
792 547 26 15 en
833 540 101 27 fjerdedel
950 541 23 22 af

153 570 241 26 folkrepresentationen
409 570 71 20 kunna
495 570 6 20 i
517 570 52 21 strid
585 571 57 20 emot
652 570 26 21 de
692 570 67 26 öfriga
771 572 33 19 tre
814 569 155 28 fjerdedelarne

154 598 76 28 älägga
252 598 72 21 landet
345 604 26 16 en
393 598 64 21 skatt.
487 598 39 22 Att
547 598 122 22 menniskor
690 598 27 27 pä
737 599 68 26 grund
820 599 23 21 af
856 599 63 25 olika,
936 605 34 15 om

154 628 66 21 också
237 626 49 22 fullt
301 627 44 21 lika
360 626 137 27 berättigade,
513 628 104 20 intressen
633 627 71 21 kunna
720 627 51 27 hysa
783 627 123 27 skiljaktiga
916 627 55 27 äsig-

154 656 33 21 ter
210 656 6 20 i
240 661 24 15 en
287 655 23 21 så
329 655 108 22 beskaffad
453 656 66 26 fråga,
535 656 36 21 det
586 656 61 21 torde
661 662 52 15 vara
727 656 80 21 enhvar
822 656 79 22 bekant
916 658 56 20 samt

154 684 24 22 af
198 684 52 21 hvar
272 684 39 21 och
334 690 25 15 en
381 684 123 26 medgifvas,
527 687 51 19 utan
593 686 32 19 att
640 690 49 15 man
704 684 82 22 derföre
801 684 39 22 bör
856 684 68 22 tillåta
939 686 31 26 sig

156 712 66 27 några
244 712 157 22 insinuationer.
431 713 40 26 Jag
493 712 67 22 måste
583 713 88 24 således,
692 713 27 27 på
738 714 36 20 det
789 715 32 19 att
837 713 17 27 ej
871 720 25 14 en
911 713 61 27 ringa

156 741 110 27 pluralitet
283 741 36 21 må
333 741 72 21 kunna
419 741 98 21 beskatta
533 742 78 24 landet,
622 741 131 21 fortfarande
763 741 81 27 påyrka
855 743 33 20 att
896 742 75 21 åtmin-

158 771 61 20 stone
234 770 27 26 2/,
277 769 59 22 delar
351 770 22 21 af
386 770 105 21 utskottet
506 770 53 21 skall
576 770 83 21 biträda
674 770 91 21 skatten.

225 826 70 22 Sedan
317 826 145 22 diskussionen
478 827 7 20 i
500 828 70 20 ämnet
585 826 87 22 härmed
687 827 114 22 förklarats
817 828 76 24 slutad,
908 828 64 21 fram-

156 855 76 21 ställde
247 854 56 22 Herr
317 854 129 22 Talmannen
460 855 91 27 följande
568 856 141 26 proposition:

222 912 43 22 Vill
281 913 84 21 ståndet
379 912 32 21 till
421 912 208 28 kontraproposition
642 915 56 19 emot
708 914 117 21 utskottets
836 914 136 22 betänkande

155 941 90 21 rörande
260 941 12 27 $
288 941 27 21 73
330 943 77 24 antaga
421 941 122 22 återremiss
558 941 22 22 af
595 941 10 28 $
621 942 32 21 till
668 942 220 27 grundlagsutskottet
903 943 69 21 antin-

156 975 40 21 gen
215 969 8 21 i
238 968 98 23 afseende
352 969 13 21 å
379 969 153 28 omredigering
546 970 7 21 i
569 971 35 20 det
619 970 54 27 syfte
688 972 32 19 att
735 970 33 21 för
782 971 154 26 godkännande
952 971 23 22 af

156 997 78 26 förslag
256 998 7 20 i
278 997 167 27 bevillningsmäl
460 998 67 21 skulle
543 999 6 20 i
565 999 36 20 det
614 999 117 21 förstärkta
745 987 105 34 utskottet
866 999 106 22 erfordras

159 1032 26 15 en
206 1010 111 47 pluralitet
334 1026 22 21 af
369 1015 82 32 mindre
466 1028 27 19 än
508 1028 26 26 5/6
550 1027 59 21 delar
623 1027 48 21 utaf
685 1027 46 22 dess
747 1027 123 27 ledamöter,
886 1028 85 21 hvilken

158 1054 108 27 pluralitet
288 1060 74 20 genom
385 1055 89 20 särskild
499 1056 96 31 votering
617 1055 54 22 skall
693 1056 32 21 till
744 1056 72 21 siffran
831 1056 142 22 bestämmas?

158 1083 52 20 eller
233 1083 38 20 och
289 1083 33 20 för
340 1083 146 26 omarbetning
501 1084 7 20 i
523 1084 96 21 afseende
635 1084 12 21 ä
662 1084 148 37 pluralitetens
825 1084 146 22 fastställande

157 1111 33 20 till
205 1110 28 27 5/;
248 1111 23 21 af
283 1111 154 21 ledamöternes
452 1112 73 21 antal?

224 1167 39 25 De,
288 1173 45 15 som
355 1169 77 26 antaga
453 1168 35 21 det
510 1168 57 22 förra
591 1169 141 27 alternativet,
755 1175 62 16 svara
835 1170 29 27 ja,
884 1170 26 22 de
924 1176 47 16 som

157 1196 113 26 godkänna
285 1196 36 21 det
335 1196 88 22 sednare
438 1196 140 27 alternativet,
594 1204 62 14 svara
670 1198 40 26 nej.

222 1253 104 22 Häröfver
346 1253 113 22 anställdes
474 1254 27 26 pä
516 1254 92 26 begäran
623 1255 102 26 votering,
741 1261 45 15 som
801 1254 62 22 utföll
878 1256 47 21 med
942 1257 26 20 17

152 1281 22 27 ja
196 1283 45 19 mot
264 1282 12 21 9
298 1282 40 26 nej,
353 1282 7 20 i
375 1281 52 27 följd
446 1282 75 22 hvaraf
535 1282 56 22 Herr
605 1283 161 21 Talmannen
781 1284 71 21 vidare
868 1284 100 27 ätsporde

154 1310 97 21 ståndet:

228 1362 83 25 Önskar
331 1367 91 25 ståndet,
445 1368 32 19 att
501 1368 34 20 vid
558 1368 39 20 den
617 1368 147 26 omarbetning
781 1368 23 20 af
818 1369 10 25 8
845 1368 26 21 73
886 1369 36 21 det
937 1370 33 20 till

160 1394 208 26 kontraproposition
392 1379 95 46 antagna
511 1394 58 22 förra
589 1396 141 20 anternativet
749 1397 62 25 afser,
834 1396 134 27 pluraliteten

158 1422 67 22 borde
250 1422 127 22 bestämmas
395 1423 99 26 antingen
509 1423 32 21 till
557 1423 26 28 3/;
599 1424 58 21 delar
672 1424 51 22 eller
737 1424 32 22 till
784 1424 27 28 2/;
828 1425 58 21 delar
901 1425 23 22 af
937 1428 33 20 ut-

159 1451 70 22 skotts
243 1451 173 23 medlemmarnes
431 1451 72 22 antal?

222 1510 33 21 De
276 1515 45 17 som
342 1510 58 21 rösta
420 1509 33 23 för
476 1510 27 27 ?/,
519 1510 63 25 delar,
599 1516 60 16 svara
672 1511 29 27 ja,
716 1512 25 22 de
757 1518 45 16 som
817 1514 59 20 rösta
890 1512 32 22 för
937 1513 29 27 2/3;

155 1538 65 26 delar,
236 1544 61 16 svara
311 1538 40 27 nej.
