1084 1806
296 132 181 21 Borgareständet.
502 133 55 17 1887.
580 134 10 16 2
605 133 62 22 April.
827 128 40 21 369

148 217 55 21 Herr
224 216 93 27 Bergh:
338 216 66 21 under
420 217 39 21 den
475 216 128 28 föregående
618 217 147 21 diskussionen
781 224 34 14 om
830 217 67 21 bank-

79 245 120 21 utskottets
222 244 134 22 betänkande
378 244 8 21 i
408 244 59 22 detta
485 246 61 20 ämne
568 244 65 22 hafva
647 246 56 20 inom
719 245 86 21 ståndet
818 247 79 25 yttrats

78 272 101 27 farhågor
204 272 40 26 för,
270 274 33 19 att
326 273 49 20 hela
399 272 41 21 den
463 272 162 27 ifrågavarande
650 272 247 27 lagstiftningsåtgärden

78 301 72 21 kunde
172 300 85 21 komma
279 302 33 19 att
325 300 91 26 förfalla,
439 300 71 21 derest
531 301 158 25 propositionen
711 301 46 21 icke
779 303 88 24 antoges
890 301 8 20 i

80 328 139 22 oförändradt
236 328 64 21 skick.
331 328 34 21 Då
380 328 79 21 sådana
474 328 99 27 farhågor
588 328 82 22 kunnat
683 330 76 24 yttras,
775 328 24 22 så
812 331 36 19 vet
860 328 38 27 jag

78 357 19 26 ej
120 357 54 21 huru
196 362 49 16 man
266 362 38 16 ens
326 356 54 22 skall
394 356 72 22 kunna
484 356 78 22 föreslå
577 363 26 15 en
617 357 24 21 så
656 356 82 22 radikal
751 356 124 27 förändring
889 358 8 20 i

80 385 167 27 propositionen,
269 391 45 15 som
338 385 40 21 den
399 384 168 28 ifrågavarande,
589 385 39 21 och
653 385 36 21 det
708 385 123 21 tillochmed
845 386 53 20 utan

81 416 31 19 ett
134 414 55 21 enda
212 414 38 21 ord
271 413 34 21 för
324 414 132 20 densammas
471 413 131 27 motivering,
618 415 23 25 ty
655 414 117 21 utskottets
787 414 89 21 motiver
890 414 8 21 i

80 442 70 22 denna
166 442 34 21 del
215 442 44 21 tala
274 441 56 22 blott
344 448 34 15 om
394 442 133 22 uteslutande
542 441 48 22 från
605 442 36 22 det
653 442 121 27 uppställda
784 442 114 22 maximum

80 471 24 22 af
117 471 36 21 lån
168 473 58 19 emot
240 471 94 26 hypotek
349 473 55 19 samt
418 471 105 27 ingången
538 471 87 26 borgen,
641 477 48 15 men
704 471 88 21 alldeles
806 471 46 21 icke
863 477 35 15 om

80 499 116 22 utländska
216 499 80 22 vexlar.
326 499 34 21 Då
382 499 125 22 ständernas
528 500 99 25 yttrande
650 500 6 20 i
675 500 69 21 denna
758 499 61 27 fråga
832 499 67 22 fram-

81 529 72 26 lägges
178 528 33 21 till
236 528 60 21 Hans
320 527 101 27 Majestät
442 527 115 28 Kejsarens
579 527 86 27 slutliga
687 527 104 27 pröfning,
807 527 40 21 blir
863 528 36 21 det

82 557 82 21 således
180 555 97 28 omöjligt
291 557 33 20 att
338 556 8 21 i
361 556 144 21 betänkandet
518 556 22 21 få
555 556 51 21 reda
621 555 27 28 på
663 555 55 22 hvad
733 562 45 15 som
793 555 106 23 föranledt

82 586 68 21 denna
176 585 95 26 ändring.
300 585 75 20 Redan
397 585 60 20 detta
481 585 108 20 förefaller
611 585 43 26 mig
675 585 70 20 såsom
768 587 32 18 ett
818 585 81 26 ganska

81 613 76 26 vigtigt
178 619 114 20 gravamen
307 615 57 19 emot
377 613 107 26 förslaget.
514 613 41 20 Väl
570 619 51 14 vore
636 612 62 21 äfven
713 613 42 20 min
771 613 80 21 önskan
867 615 32 18 att

81 641 102 22 Finlands
204 641 57 21 bank
284 641 18 26 ej
325 641 68 22 blefve
415 641 85 21 bunden
518 641 22 21 af
553 641 80 21 sådana
648 641 148 21 restriktioner
811 641 38 21 och
865 641 32 21 så-

81 670 65 21 lunda
168 672 93 24 tvungen
288 671 38 24 att,
349 670 73 21 säkert
442 669 7 21 i
469 669 76 26 många
567 669 38 22 fall
626 671 51 19 utan
700 669 53 26 skäl,
773 669 126 22 hämmande

81 698 89 22 invärka
191 698 29 27 på
242 698 96 21 krediten
357 699 57 20 inom
436 697 72 22 landet
530 698 39 21 och
589 698 38 26 jag
648 697 116 28 medgifver
788 698 61 21 äfven
863 698 37 21 det

83 727 86 26 obilliga
190 727 40 21 och
252 727 90 26 oriktiga
364 727 45 20 deri
429 728 33 19 att
480 733 25 15 en
520 732 83 21 person,
619 732 46 15 som
681 728 24 19 är
720 726 132 28 vederhäftig
866 727 34 21 för

83 755 83 28 mycket
190 761 46 15 mer
258 757 26 19 än
307 755 91 26 200,000
420 755 67 26 mark,
510 755 18 26 ej
551 755 55 21 skall
627 755 72 21 kunna
728 755 81 22 erhålla
830 755 70 22 kredit

83 784 122 21 derutöfver
225 786 55 19 samt
301 785 33 19 att
353 783 84 22 derföre
461 783 120 27 lämpligast
603 789 57 19 vore,
681 785 32 20 att
727 783 101 22 Finlands
843 784 57 21 bank

83 813 78 25 kunde,
183 812 28 27 på
233 818 81 15 samma
335 814 43 19 sätt
400 818 46 15 som
460 819 27 14 en
502 812 132 26 privatbank,
650 812 55 21 efter
718 812 99 27 pröfning
831 812 70 21 lemna

83 841 78 21 honom
184 847 26 14 en
225 842 75 24 större,
316 840 122 21 tillochmed
453 847 27 14 en
495 840 125 21 oinskränkt
634 840 77 26 kredit,
726 847 48 14 men
789 840 28 21 då
832 847 27 14 nu
875 847 26 14 en

83 869 55 27 gång
162 875 26 15 en
210 869 98 21 bestämd
322 871 64 25 gräns
400 869 33 21 för
448 869 95 21 bankens
558 869 70 20 kredit
643 869 69 20 blifvit
726 869 119 26 föreslagen
861 868 40 21 och

84 899 36 20 det
141 898 48 21 icke
212 898 61 21 torde
295 903 52 15 vara
368 897 70 26 rådigt
458 899 33 19 att
512 899 65 24 vägra
600 897 59 21 bifall
674 897 32 21 till
721 897 180 27 propositionen
890 893 14 36 i

84 927 70 20 denna
177 926 39 26 del,
240 925 23 21 så
278 925 42 21 kan
332 925 37 27 jag
384 925 18 27 ej
418 925 58 21 finna
489 925 70 26 någon
573 926 76 25 grund,
664 925 98 22 hvarföre
777 931 26 15 en
818 925 83 21 skilnad

84 954 110 27 härvidlag
216 954 54 21 skall
291 955 63 25 göras
376 954 90 21 emellan
480 954 57 21 inom
552 954 72 21 landet
639 953 111 22 betalbara
765 954 40 21 och
819 954 82 21 utrikes

83 983 111 21 betalbara
216 983 78 26 vexlar,
309 984 22 25 ty
347 983 26 20 de
388 983 88 20 sednare
491 984 45 25 äro,
552 982 69 21 såsom
634 982 37 27 jag
686 983 65 20 redan
765 981 58 22 förut
837 982 65 21 fram-

84 1011 67 26 hållit,
173 1011 127 21 åtminstone
323 1011 43 20 lika
386 1011 84 26 mycket
492 1017 34 15 om
549 1011 18 26 ej
587 1017 59 15 mera
661 1011 78 20 osäkra
754 1012 27 19 än
797 1011 25 21 de
837 1010 64 21 förra.

152 1079 57 21 Herr
231 1079 143 21 Snellman:
397 1079 7 20 i
426 1079 114 26 anledning
562 1078 22 21 af
597 1079 56 20 Herr
667 1078 81 27 Berghs
763 1078 138 27 anmärkning

86 1114 33 15 om
135 1108 40 20 den
191 1109 69 20 större
276 1107 139 21 osäkerheten
431 1106 23 21 af
467 1107 114 21 utländska
595 1107 79 23 vexlar,
691 1109 56 19 emot
763 1106 79 21 sådana
857 1112 46 15 som

84 1137 37 20 äro
138 1135 113 21 betalbara
266 1136 56 20 inom
337 1135 79 25 landet,
431 1135 36 20 vill
480 1135 37 26 jag
532 1135 75 20 endast
623 1135 69 20 erinra
707 1137 38 22 att,
761 1135 68 20 ehuru
839 1135 63 26 ingen

84 1164 43 21 kan
144 1164 76 21 hindra
236 1169 25 15 en
276 1163 134 26 äfventyrare
425 1164 33 19 att
472 1165 93 19 trassera
580 1163 27 26 på
622 1164 32 19 ett
668 1163 110 20 utländskt
793 1163 39 20 hus
847 1163 56 20 huru

86 1194 58 19 stora
159 1197 93 15 summor
267 1197 45 15 som
327 1191 61 24 helst,
404 1191 36 21 det
450 1191 64 21 likväl
524 1191 125 21 ankommer
668 1191 28 26 på
713 1191 190 21 bankdirektionen

85 1222 33 20 att
133 1222 79 25 antaga
228 1219 61 21 dessa
304 1220 139 25 trasseringar
458 1219 34 21 till
507 1219 144 26 diskontering
667 1220 51 20 eller
733 1219 53 21 icke.

154 1293 56 21 Herr
233 1293 102 26 Bergh:
356 1292 37 27 jag
414 1292 46 25 har,
482 1292 69 21 såsom
567 1292 93 21 ledamot
675 1292 7 21 i
697 1292 68 21 denna
780 1293 59 20 stads
854 1292 49 21 råd-

86 1321 123 25 stufvurätt,
225 1322 55 20 varit
294 1321 8 20 i
317 1321 82 20 tillfälle
414 1322 33 19 att
461 1322 50 25 taga
526 1321 118 20 kännedom
656 1327 33 14 om
702 1322 75 19 tvenne
787 1320 24 21 af
820 1321 84 20 banken

86 1350 35 21 vid
143 1350 93 21 nämnda
258 1349 91 22 domstol
371 1349 86 21 utförda
477 1349 41 20 mål
542 1351 57 19 emot
621 1355 26 14 en
670 1349 91 26 köpman
775 1349 8 20 i
797 1348 108 27 Uleåborg

87 1379 92 20 rörande
194 1378 24 21 af
232 1377 78 22 honom
325 1377 28 26 på
368 1384 26 14 en
409 1377 61 21 firma
485 1377 6 20 i
506 1377 88 21 London
610 1377 119 21 trasserade
745 1377 38 21 och
798 1377 7 20 i
821 1377 84 21 banken

87 1406 151 22 diskonterade
262 1406 72 21 vexlar
355 1405 33 22 till
409 1405 77 27 belopp
508 1405 28 26 af,
559 1411 33 15 om
613 1405 36 26 jag
673 1405 18 26 ej
709 1405 133 22 missminner
856 1405 49 26 mig,

87 1435 119 25 respektive
218 1435 76 26 30,000
306 1433 39 21 och
357 1434 77 23 27,000
442 1434 66 20 mark.
524 1434 67 20 Dessa
601 1435 72 18 vexlar
683 1433 96 20 utsöktes
791 1433 22 20 af
822 1433 84 20 banken

87 1462 40 21 hos
142 1464 128 21 trassenten,
286 1461 88 21 emedan
390 1461 36 20 det
440 1461 47 25 hus,
503 1461 27 26 på
545 1461 80 20 hvilket
640 1461 27 20 de
676 1466 50 15 voro
737 1461 87 24 dragna,
830 1462 76 25 vägrat

88 1493 112 24 acceptera
222 1490 108 21 desamma
351 1491 68 19 under
434 1489 123 27 förklaring,
573 1491 32 18 att
620 1490 119 20 trassenten
755 1489 68 26 aldrig
837 1488 70 22 blifvit

88 1518 144 29 bemyndigad
255 1518 33 22 till
311 1518 62 21 dessa
387 1518 147 27 trasseringar.
564 1518 65 21 Detta
645 1523 61 21 synes
720 1517 70 22 utvisa
805 1517 54 22 både
875 1518 32 20 att

816 1557 23 17 24
