1084 1786
219 136 40 21 366
419 139 181 22 Borgareståndet.
624 139 55 18 1867.
702 141 13 15 2
727 139 62 21 April

190 219 104 27 ändamål,
310 220 27 21 då
359 219 95 22 däremot
476 219 158 26 bestämningen
655 218 8 21 i
685 225 60 14 mom.
763 225 12 13 e
789 217 55 22 afser
859 219 31 20 ett
905 217 98 23 särskildt

189 248 42 26 fall;
248 254 47 15 men
325 254 34 15 om
380 247 60 22 äfven
455 247 157 22 föreskrifterna
625 247 8 21 i
648 253 61 15 mom.
725 247 14 21 A
753 246 68 23 skulle
836 247 71 21 kunna
921 246 6 21 i
943 246 58 22 detta

188 277 37 21 fall
240 277 112 26 tillämpas,
371 277 23 20 så
409 282 61 20 synes
485 275 35 22 det
535 276 42 26 mig
592 275 63 22 likväl
671 275 6 21 i
691 275 42 22 alla
747 275 110 22 händelser
873 275 84 22 klokast
971 276 33 20 att

189 304 106 22 bibehålla
317 304 167 28 propositionens
499 304 155 26 bestämningar
668 303 7 21 i
689 310 62 15 mom.
767 310 16 19 e,
799 305 22 25 ty
837 303 61 22 dessa
912 303 92 21 bestäm-

189 334 74 26 ningar
282 333 72 21 kunna
368 333 6 21 i
389 332 53 22 intet
456 332 36 22 fall
508 332 72 27 skada,
596 332 39 22 och
650 332 103 22 måhända
768 331 67 23 skulle
849 332 61 22 deras
925 331 79 23 uteslu-

189 361 64 22 tande
268 361 81 22 mindre
364 360 34 23 väl
413 364 108 24 upptagas.

257 418 150 22 Diskussionen
429 418 7 21 i
458 420 71 20 ämnet
551 418 130 22 förklarades
701 417 53 23 härå
768 418 99 26 afslutad,
883 418 50 22 derå
948 418 56 22 Herr

189 447 158 22 Talmannen
362 446 33 22 till
409 447 85 21 ståndet
508 446 127 22 fremställde
649 446 92 27 följande
756 447 139 27 proposition:

256 505 42 21 Vill
313 504 84 22 ståndet
411 506 77 26 antaga
502 504 137 22 förevarande
653 510 63 16 mom.
730 504 7 21 i
753 504 91 26 enlighet
859 504 48 22 med
921 504 81 22 utskot-

188 535 42 21 tets
253 533 146 22 betänkande?
423 533 51 21 eller
495 534 7 20 i
524 532 214 22 öfverensstämmelse
760 533 47 21 med
826 533 40 21 den
888 533 117 27 Kejserliga

188 562 172 28 propositionen?
395 562 32 22 De
449 568 45 15 som
516 562 49 27 vilja
587 562 36 22 det
644 561 62 28 förra,
729 568 50 15 vara
796 561 98 28 jakande,
917 562 26 21 de
958 568 46 16 som

189 591 66 22 önska
270 591 36 21 det
320 591 94 26 sednare,
430 591 101 21 nekande.

256 648 160 27 Propositionen
431 647 125 22 besvarades
573 648 47 21 med
635 647 151 27 öfvervägande
797 647 39 27 nej,
847 648 6 20 i
864 647 51 28 följd
927 648 75 21 hvaraf

190 682 61 16 mom.
276 683 11 15 e
308 676 130 22 förklarades
462 682 50 16 vara
527 676 22 21 af
561 676 85 22 ståndet
660 678 86 25 antaget
761 676 7 20 i
783 676 92 26 enlighet
890 676 48 22 med
953 682 48 21 pro-

189 704 123 28 positionen.

418 767 80 21 Punkt.
515 768 27 20 15
557 774 61 14 mom.
631 767 22 28 f,
667 774 14 21 g
697 767 38 21 och
750 767 14 21 h

188 826 88 25 antogos
291 824 6 21 i
313 824 213 22 öfverensstämmelse
542 824 47 22 med
603 824 115 22 utskottets
727 824 133 22 betänkande
870 827 55 19 samt
935 824 66 28 punk-

187 855 35 19 ten
247 854 25 20 16
296 854 28 26 på
345 854 67 26 grund
435 852 22 22 af
470 854 93 21 ståndets
579 853 69 21 beslut
662 853 7 21 i
684 854 93 26 punkten
795 854 9 20 1
821 854 6 20 i
843 853 157 22 öfveresnstäm-

189 882 65 21 melse
267 882 48 21 med
330 882 162 26 propositionen.

522 938 101 21 Punkten
639 939 34 20 17.

256 995 55 21 Herr
325 994 93 27 Bergh:
434 995 7 20 i
457 995 67 21 denna
540 995 67 26 punkt
617 994 186 22 öfverensstämma
814 995 115 21 utskottets
940 995 62 22 moti-

187 1029 37 15 ver
246 1022 86 22 alldeles
354 1023 45 22 icke
422 1024 47 20 med
490 1023 74 26 sjelfva
585 1023 95 26 punkten
701 1023 5 20 i
722 1023 105 26 förslaget,
843 1023 66 22 sådan
925 1024 40 21 den
979 1024 24 21 af

187 1051 105 22 utskottet
306 1051 120 27 redigerats.
457 1051 10 22 I
483 1051 116 22 motiverna
613 1053 60 25 säges
688 1051 41 25 det,
745 1054 32 19 att
788 1051 91 22 flertalet
889 1051 22 22 af
920 1052 81 22 utskot-

187 1081 42 20 tets
251 1080 116 21 ledamöter
381 1079 67 22 funnit
464 1080 35 21 det
514 1080 83 27 belopp,
613 1079 133 22 hvarutöfver
761 1086 26 15 en
803 1081 38 20 och
856 1087 80 15 samma
951 1087 48 20 per-

187 1114 49 15 sons
261 1108 133 26 ansvarighet
415 1108 32 21 till
468 1108 91 26 banken,
581 1107 65 28 enligt
664 1108 92 27 punkten
773 1109 26 20 17
814 1109 6 20 i
835 1109 164 27 propositionen,

186 1136 46 22 icke
254 1137 55 26 finge
329 1137 60 26 stiga,
404 1143 50 14 vara
470 1137 32 21 för
516 1137 49 26 lågt,
582 1137 27 21 dä
624 1137 67 21 derati
706 1137 113 22 innefattas
831 1137 77 27 jemväl
923 1137 76 22 förbin-

187 1165 69 22 delser
277 1165 33 21 för
332 1165 34 21 län
382 1167 56 20 emot
453 1165 106 27 hypothek
575 1165 38 22 och
628 1166 102 26 ingången
746 1166 85 26 borgen.
861 1167 67 21 Dessa
942 1167 57 21 leda-

187 1194 78 20 möters
287 1192 63 28 afsigt
372 1194 66 20 mäste
460 1194 81 21 säledes
564 1193 60 21 hafva
646 1194 55 20 varit
722 1196 32 18 att
769 1194 45 21 frän
830 1194 39 21 den
884 1200 81 16 summa
979 1194 23 22 af

186 1222 92 24 200,000
301 1222 65 26 mark,
390 1228 45 15 som
456 1222 7 21 i
481 1222 156 27 propositionen
653 1222 118 27 föreslagits
785 1223 69 22 säsom
870 1223 40 21 den
925 1222 75 28 högsta

186 1250 71 21 kredit
270 1251 7 20 i
292 1251 83 21 banken
390 1250 32 21 för
436 1257 80 15 samma
530 1257 83 20 person,
629 1251 91 20 utesluta
736 1251 73 21 endast
823 1251 35 21 län
871 1254 57 19 emot
937 1251 64 28 hypo-

186 1279 51 21 thek
260 1279 39 21 och
322 1279 102 26 ingängen
448 1279 88 26 borgen;
563 1285 46 15 men
634 1279 7 20 i
666 1280 60 20 17:de
747 1280 93 26 punkten
863 1279 22 22 af
901 1280 100 26 förslaget

186 1309 24 19 är
225 1307 106 21 dessutom
347 1307 45 21 från
407 1313 79 15 samma
503 1307 75 27 belopp
593 1307 106 21 utesluten
715 1314 24 14 en
755 1308 79 25 ganska
846 1307 93 28 betydlig
945 1311 54 23 post,

186 1335 103 25 nemligen
310 1335 112 21 utländska
447 1336 76 25 vexlar,
546 1337 22 24 ty
591 1335 6 20 i
623 1335 67 20 denna
712 1336 77 25 punkts
817 1338 44 18 text
882 1337 53 20 talas
953 1336 48 21 bott

186 1369 34 15 om
249 1363 57 20 inom
332 1363 73 20 landet
434 1362 109 22 betalbara
568 1363 75 20 vexlar.
681 1363 87 21 Således
792 1364 67 21 skulle
882 1365 27 26 pä
933 1364 68 21 utlan-

186 1391 36 22 det
244 1391 78 22 ställda
343 1391 76 26 vexlar,
442 1391 26 21 de
490 1392 34 21 mä
547 1391 26 22 dä
593 1397 49 15 vara
657 1391 78 27 dragna
751 1393 27 25 pä
793 1392 59 21 hvem
870 1398 44 16 som
939 1392 61 25 helst,

185 1420 71 21 kunna
278 1420 7 21 i
310 1420 82 21 banken
413 1420 131 21 diskonteras
567 1419 32 22 till
621 1419 140 28 obegränsadt
784 1421 75 27 belopp
883 1421 64 22 Detta
961 1421 39 22 fin-

186 1455 37 16 ner
244 1449 35 27 jag
300 1449 32 22 för
354 1449 42 21 min
416 1448 33 22 del
470 1449 45 21 icke
538 1451 42 19 rätt
602 1449 32 21 väl
659 1449 94 27 betänkt,
775 1449 96 22 hvarföre
889 1451 34 26 jag
939 1457 61 15 anser

186 1478 100 26 förslaget
312 1478 6 20 i
344 1478 157 27 propositionen
523 1478 66 21 hellre
611 1477 51 21 böra
684 1481 93 24 antagas,
799 1479 52 21 eller
872 1479 127 21 ätminstone

186 1506 39 22 den
246 1506 88 28 ändring
356 1508 61 25 göras
436 1507 6 20 i
464 1506 115 22 utskottets
604 1506 137 28 betänkande,
767 1510 32 19 att
823 1508 88 22 emellan
933 1508 64 22 orden

186 1535 81 27 yinom*
291 1536 39 20 och
350 1535 95 26 ,landet*
461 1535 87 22 insättes
563 1535 65 25 ,eller
643 1538 82 25 utom",
741 1536 134 27 hvarigenom
890 1537 60 21 äfven
964 1539 35 19 ut-
