1084 1798
298 139 182 22 Borgareständet.
505 140 56 18 1867.
585 141 10 16 3
606 141 65 22 April,
833 137 40 22 385

80 228 68 22 skulle
164 228 61 22 anstä
240 229 43 21 tills
298 230 154 21 underrättelse
468 236 34 15 om
518 230 149 22 medständens
683 231 70 22 beslut
767 232 7 21 i
790 233 114 26 anledning

79 256 24 21 af
115 256 140 22 förevarande
270 257 84 26 Nädiga
367 258 132 26 proposition
514 259 33 20 till
562 259 179 26 Borgareständet
755 260 76 27 ingätt.

148 313 60 20 Efter
228 313 89 21 sälunda
339 313 71 21 slutad
431 314 130 27 granskning
583 314 24 21 af
628 315 174 22 bankutskottets
824 315 77 27 ifräga-

79 341 93 21 varande
188 341 142 26 betänkande,
346 341 80 22 beslöts
441 342 32 21 till
485 343 127 21 utfärdande
622 343 24 20 af
655 345 30 19 ett
697 344 204 27 protokollsutdrag,

78 374 46 17 som
139 369 84 22 komme
238 371 33 20 att
280 370 140 21 medständen
431 371 40 20 och
484 370 163 23 bankutskottet
657 372 107 27 delgifvas,
775 373 125 26 sälydande:

284 455 83 26 Utdrag
378 455 22 22 af
408 456 191 26 Borgareständets
609 456 106 27 protokoll
725 457 35 21 vid
770 457 129 27 landtdagen

216 483 7 21 i
238 483 132 27 Helsingfors
385 485 40 20 den
442 485 12 20 3
470 484 60 27 April
547 485 60 21 1867.

146 540 180 28 Borgareständet
346 541 40 21 har
402 542 39 20 den
457 542 13 20 2
485 542 142 21 innevarande
643 542 60 27 April
719 542 39 22 och
773 543 70 21 denna
857 544 42 26 dag

78 569 34 21 till
126 569 130 26 behandling
277 569 93 21 förehaft
385 570 178 22 Bankutskottets
579 570 133 22 betänkande
727 571 7 20 i
749 572 114 26 anledning
878 572 23 21 af

78 597 83 27 Nädiga
188 598 158 27 propositionen
372 598 108 27 angäende
506 599 104 26 styrelsen
635 599 38 21 och
698 599 155 27 förvaltningen
878 600 23 21 af

78 625 101 23 Finlands
194 626 61 22 Bank
271 627 39 21 och
326 627 72 21 dervid
413 626 94 27 godkänt
522 627 121 21 Utskottets
654 628 80 26 förslag
744 630 33 19 att
787 628 26 21 de
824 630 76 20 tvenne

77 654 23 22 af
113 655 59 21 Hans
195 654 119 28 Kejserliga
335 655 99 27 Majestät
453 655 33 21 för
501 656 98 21 Bankens
615 656 169 22 öfverlemnande
800 656 25 21 ät
837 656 62 22 Stän-

78 683 66 21 derna
166 683 74 27 gjorda
255 683 105 21 förbehåll
375 684 46 20 icke
437 683 52 21 böra
505 686 76 24 utgöra
596 684 74 21 hinder
685 684 32 21 för
733 684 119 22 Ständerna
867 687 32 19 att

78 713 78 25 antaga
182 712 38 20 den
246 712 82 26 Nådiga
351 712 163 26 propositionen,
538 712 69 21 såsom
632 713 40 20 ock
695 714 33 19 att
753 714 40 20 den
818 712 82 28 Nådiga

77 740 159 26 propositionen
258 740 67 21 måtte
346 740 23 21 af
390 740 120 22 Ständerna
531 743 94 25 antagas,
647 747 47 15 men
715 741 25 21 de
756 742 22 21 af
791 742 47 21 dem
854 742 45 21 deri

77 768 120 27 föreslagna
212 769 115 26 ändringar
341 769 130 21 framställas
486 769 69 21 såsom
572 769 129 21 Ständernas
720 770 157 26 önskningsmål
892 771 7 20 i

77 798 77 20 ämnet.
185 796 44 22 Och
250 797 130 21 beträffande
397 797 25 20 de
438 797 103 21 särskilda
557 798 120 26 punkterna
692 798 31 20 uti
737 798 161 26 ifrågavarande

76 824 81 28 förslag
179 825 40 21 har
239 825 180 27 Borgareståndet
433 826 8 20 i
457 826 92 25 enlighet
571 826 48 20 med
642 826 82 26 Nådiga
739 826 160 26 propositionen

77 854 82 26 antagit
181 854 119 26 punkterna
321 856 38 24 1:0,
376 854 40 24 2:0,
432 854 40 24 3:0,
489 856 40 22 4:0,
546 855 40 24 6:0,
604 855 54 23 11:0,
673 854 108 26 ingressen
796 854 33 22 till
843 856 56 20 samt

77 887 62 16 mom.
156 882 14 21 d
185 882 39 21 och
237 888 10 15 e
263 883 6 21 i
286 882 54 27 15:0,
357 882 46 21 16:0
420 884 54 19 samt
490 888 62 15 mom.
569 888 17 21 c,
602 882 14 21 h
631 882 40 22 och
686 882 6 21 i
705 882 6 21 i
723 884 53 25 18:0,
790 882 108 23 äfvensom

76 911 118 26 punkterne
211 911 39 26 5:0,
267 912 40 24 7:0,
324 911 53 25 10:0,
394 917 61 15 mom.
472 910 18 21 b.
508 911 39 21 och
563 917 10 14 c
588 911 7 20 i
612 912 46 20 15:0
674 913 55 19 samt
744 918 63 15 mom.
823 919 18 17 e,
856 912 14 25 f,
886 917 13 21 g

76 939 40 21 och
131 940 7 20 I
154 939 6 21 i
178 939 52 26 18:0,
254 939 26 21 de
303 939 37 21 der
362 941 37 19 äro
422 939 23 21 af
465 939 44 20 lika
531 939 93 21 innehåll
648 940 7 20 i
676 940 159 27 propositionen
858 940 39 21 och

76 967 151 25 betänkandet,
243 968 81 21 hvilket
336 968 131 21 sistnämnda
478 967 46 22 åter
535 967 23 21 af
567 967 90 22 Ständet
667 969 105 25 godkänts
782 969 7 20 i
800 969 98 21 afseende

77 996 13 21 å
104 997 118 25 punkterne
238 998 40 24 8:0,
295 997 40 26 9:0,
352 997 54 25 12:0,
424 997 53 25 14:0,
493 1002 62 16 mom.
571 1003 18 19 a,
607 997 13 26 f,
635 1003 14 20 g
660 996 39 22 och
709 997 14 21 h
733 997 32 21 uti
777 998 53 26 15:0,
844 998 54 25 17:0,

76 1024 109 27 ingressen
200 1025 33 21 till
249 1025 46 21 18:0
318 1027 55 19 samt
388 1031 62 15 mom.
466 1032 19 18 a,
502 1026 19 24 b,
539 1026 13 20 d
567 1024 40 22 och
622 1025 14 20 k
651 1024 23 22 af
688 1031 80 15 samma
783 1026 74 26 punkt.
888 1025 11 21 I

76 1054 95 25 punkten
188 1054 26 20 13
229 1053 89 27 gillades
340 1054 41 20 den
401 1054 83 26 Nädiga
508 1054 165 26 propositionen,
691 1054 54 20 dock
761 1054 90 21 sälunda
866 1055 32 19 att

77 1081 70 21 säsom
162 1083 32 19 ett
209 1088 73 15 senare
298 1088 63 15 mom.
378 1082 32 20 till
421 1082 122 21 densamma
554 1082 69 21 skulle
633 1082 60 26 togas
706 1082 40 21 den
757 1082 22 20 af
788 1082 111 21 Utskottet

76 1109 121 27 föreslagna
219 1116 41 20 nya
281 1111 95 25 punkten
400 1110 46 21 13:0
462 1110 40 21 och
517 1111 6 20 i
540 1111 47 20 18:0
603 1117 62 14 mom.
681 1117 28 20 m,
725 1117 45 15 som
786 1110 33 22 för
835 1110 64 27 öfrigt

76 1138 123 26 godkändes
222 1139 66 26 enligt
309 1138 251 26 Utskottsbetänkandet,
583 1139 6 21 i
610 1138 75 27 frägan
707 1145 34 15 om
765 1139 78 21 arvode
865 1138 34 22 för

76 1166 192 27 Bankfullmägtigs
290 1167 117 26 Suppleant
429 1167 69 21 skulle
520 1167 33 21 till
569 1167 75 21 orden:
660 1167 90 26 ,hvilket
766 1168 95 26 erlägges
877 1167 22 21 af

76 1194 40 22 den
126 1195 126 27 fullmäktig,
264 1201 45 16 som
320 1196 22 20 af
353 1196 138 26 suppleanten
502 1195 130 21 företrädes*
641 1196 73 26 läggas
725 1196 77 21 orden:
816 1196 82 26 ,derest.

75 1223 131 28 fullmäktigs
221 1227 87 18 utevaro
325 1224 18 26 ej
359 1224 23 21 af
392 1224 47 26 laga
448 1224 70 21 förfall
530 1223 139 27 föranledes*,
683 1224 3 21 i
700 1224 84 21 hvilken
797 1224 100 21 händelse

75 1252 37 21 det
126 1254 59 25 synts
205 1252 180 27 Borgareständet
400 1252 82 26 obilligt
498 1254 32 19 att
544 1252 146 26 fullmäktigen
705 1252 60 27 äläge
781 1254 32 19 att
827 1252 70 21 atlöna

75 1281 145 26 suppleanten.
250 1281 69 21 Jemte
336 1281 35 21 det
386 1280 180 27 Borgareständet
581 1281 72 20 vidare
668 1281 95 27 godkänt
775 1280 121 22 Utskottets

75 1308 13 22 &
102 1315 48 21 pag.
166 1310 12 20 6
195 1310 23 20 af
231 1309 143 21 betänkandet
389 1310 87 26 intagna
490 1309 80 27 förslag
585 1309 108 26 angående
709 1309 54 27 årlig
774 1309 91 21 revision
876 1308 23 22 af

75 1338 261 21 amortissementsfonden
358 1338 40 20 och
420 1338 48 20 dess
488 1338 133 26 förvaitning,
645 1339 55 19 samt
714 1338 56 21 hvad
788 1337 109 21 Utskottet

75 1366 13 20 å
103 1372 46 20 pag.
166 1367 26 21 12
208 1366 22 20 af
245 1366 145 21 betänkandet
411 1368 67 24 yttrat
500 1366 38 21 och
561 1366 109 26 föreslagit
692 1366 91 21 rörande
799 1366 98 26 samtidig

75 1394 133 26 inventering
222 1394 23 21 af
258 1395 26 21 de
300 1394 32 21 till
348 1395 129 21 Ständernas
497 1394 128 26 förvaltning
641 1394 155 21 öfverlemnade
811 1394 86 21 fonders

76 1422 39 21 och
131 1423 168 20 statsfondernas
315 1423 81 23 kassor,
412 1422 106 21 äfvensom
529 1422 107 25 förslagen
647 1429 34 14 om
691 1422 206 26 Bankfullmäktiges

76 1450 116 26 äläggande
215 1453 33 18 att
270 1451 150 26 ofördröjligen
442 1451 73 24 samla,
537 1451 66 20 ordna
619 1451 39 20 och
673 1450 33 21 till
721 1450 61 26 tryck
797 1449 100 22 befordra

75 1478 43 21 alla
139 1479 26 20 de
186 1478 33 21 för
240 1479 88 20 Banken
350 1478 97 27 gällande
469 1478 194 26 lagbestämningar
678 1478 39 21 och
733 1478 163 25 förordnanden,

75 1508 57 20 samt
146 1509 32 19 att
192 1507 47 21 före
254 1506 162 22 nästinfallande
432 1507 102 26 landtdag
548 1506 99 21 utarbeta
662 1506 79 27 förslag
757 1506 32 21 till
800 1506 98 21 fullstän-

75 1536 45 27 digt
135 1537 129 26 reglemente
279 1536 34 21 för
328 1536 95 27 Banken,
439 1536 33 21 för
488 1537 32 19 att
534 1535 128 22 Ständernas
677 1535 128 27 granskning
820 1535 77 21 under-

806 1574 22 18 25
