1084 1834
275 124 179 22 Borgareståndet.
479 125 55 18 1867.
555 126 11 16 2
579 125 62 21 April.
823 120 41 20 347

78 210 70 22 erinra
171 210 37 26 sig,
231 212 32 19 att
285 211 26 20 de
332 210 92 22 minskas
444 210 73 22 endast
532 210 126 26 derisenom,
673 212 32 20 att
720 210 82 22 banken
817 211 13 21 å
845 211 47 21 dem

78 239 63 26 säljer
164 238 77 26 vexlar,
263 238 32 21 för
318 238 71 22 hvilka
404 239 106 27 betalning
526 239 94 27 erlägges
636 238 31 22 till
682 238 84 22 banken
780 240 7 20 i
799 239 94 21 bankens

78 267 69 21 sedlar
169 267 39 21 och
232 269 32 19 att
285 267 88 27 således,
397 268 26 20 då
446 268 61 20 dessa
529 267 112 21 utländska
661 267 117 27 fordringar
794 267 97 26 minskas,

79 295 98 27 beloppet
199 295 22 21 af
238 295 94 21 bankens
347 295 127 27 utelöpande
489 295 69 22 sedlar
573 295 59 22 äfven
647 295 7 21 i
669 302 79 15 samma
762 296 130 21 förhållande

78 323 129 22 inskränkes.

145 381 56 21 Herr
223 376 113 32 Östring:
366 381 43 21 lika
432 381 48 21 med
502 382 55 21 Herr
579 381 113 22 Lindblom
707 388 61 14 anser
783 380 59 23 äfven
856 381 36 27 jag

78 409 158 27 bestämningen
259 410 30 20 uti
314 410 54 20 12:te
391 410 92 26 punkten
506 410 21 21 af
541 410 93 22 bankens
649 409 119 22 metalliska
782 410 62 21 kassa
858 411 35 20 må

79 438 115 21 bibehållas
220 438 34 21 vid
277 438 35 21 det
333 438 81 28 belopp,
430 445 44 15 som
490 438 46 21 icke
551 438 6 21 i
573 439 67 26 någon
655 438 99 22 händelse
769 439 32 21 får
816 438 76 21 under-

78 467 54 26 stiga
154 467 12 20 8
190 467 102 21 millioner
309 468 66 25 mark,
397 467 109 27 rätteligen
527 467 51 22 böra
601 468 76 21 förstås
691 467 94 26 sålunda,
801 469 31 19 att
847 467 46 21 det-

78 501 80 16 samma
180 495 45 21 icke
247 495 113 22 innefattar
381 497 68 25 någon
471 496 98 22 tillåtelse
592 496 31 21 till
638 496 126 21 inställande
779 496 22 21 af
814 495 78 22 silfver-

78 524 113 26 utvexling,
214 524 59 21 äfven
293 531 33 14 om
342 525 93 21 bankens
452 525 118 21 metalliska
585 525 62 20 kassa
661 524 67 22 skulle
743 525 68 26 nedgå
826 524 66 21 under

79 554 12 20 8
114 553 104 21 millioner
241 553 67 26 mark;
332 559 47 15 men
392 553 36 27 jag
442 555 68 20 måste
525 553 92 22 vidhålla
632 555 32 19 att
678 553 26 21 de
718 553 38 21 här
772 553 121 27 begagnade

80 581 110 27 uttrycken
211 582 72 21 kunna
297 581 56 27 gifva
368 582 110 26 anledning
493 582 32 21 till
540 584 31 19 ett
585 581 145 22 missförstånd
746 582 38 21 och
800 584 32 19 att
847 582 45 21 der-

78 609 44 22 före
144 609 91 27 önskligt
251 616 54 20 vore,
322 612 31 19 att
370 611 39 20 den
426 611 92 26 verkliga
534 611 109 25 meningen
659 610 154 27 förtydligades,
829 612 14 19 t.
860 616 30 15 ex.

78 644 74 21 genom
175 640 31 19 ett
230 638 73 27 tillägg
325 639 31 21 till
373 639 25 21 13
414 639 93 26 punkten
522 639 6 20 i
544 639 115 21 utskottets
674 639 132 21 betänkande
821 638 21 21 af
856 639 36 21 det

79 666 98 27 innehåll,
199 669 31 19 att
249 667 69 21 derest
341 667 40 21 den
396 667 117 22 metalliska
528 667 75 22 kassan
619 667 102 26 nedginge
736 667 67 21 under
818 667 12 21 8
846 666 46 21 mil-

78 695 66 22 lioner
167 695 65 25 mark,
253 696 75 26 åtgärd
343 698 73 25 genast
432 696 65 21 borde
512 696 94 27 vidtagas
622 702 34 15 om
671 696 47 21 dess
733 695 159 27 uppbringande

78 723 32 22 till
133 724 57 21 detta
211 724 81 27 belopp,
313 727 22 25 ty
357 725 59 21 13:de
431 725 101 26 punkten,
547 725 65 21 sådan
629 725 39 21 den
682 724 22 21 af
718 725 104 20 utskottet
836 725 56 20 före-

78 753 79 26 slagits,
180 753 116 22 innehåller
316 753 7 21 i
338 753 72 27 sjelfva
425 754 73 21 verket
512 754 53 21 intet
577 757 64 18 annat
657 755 25 20 än
698 759 25 15 en
739 752 106 22 föreskrift
860 752 32 22 för

78 781 195 27 bankfullmäktige,
297 784 31 19 att
350 782 7 20 i
375 782 29 21 tid
421 782 60 26 tillse,
495 783 36 21 det
546 783 39 20 den
602 782 118 21 metalliska
734 782 76 21 kassan
826 782 17 26 ej
860 781 32 22 får

79 811 66 26 nedgå
168 811 32 20 till
223 811 12 20 8
254 811 103 21 millioner
372 811 66 25 mark,
454 813 50 19 utan
520 813 31 20 att
566 811 100 26 derjemte
681 811 92 21 hvarken
790 810 102 21 bankfull-

79 839 91 26 mäktige
187 839 50 21 eller
252 839 202 22 bankodirektionen
469 839 84 27 ålägges
569 841 68 24 någon
653 839 109 27 ovilkorlig
774 838 118 28 skyldighet

78 869 38 24 att,
139 873 34 16 om
195 868 74 21 sådant
291 868 63 21 likväl
375 869 53 21 ändå
450 867 100 27 inträffar,
567 868 84 27 vidtaga
666 868 74 25 åtgärd
756 873 34 16 om
804 867 87 22 kassans

78 896 158 27 uppbringande
263 897 31 21 till
318 897 58 21 detta
398 897 82 27 belopp.
515 897 11 21 I
548 897 62 27 öfrigt
631 896 123 22 biträdande
776 896 115 22 utskottets

78 925 134 21 betänkande
232 926 7 20 i
261 926 68 21 denna
351 926 71 27 punkt,
446 932 60 16 anser
530 927 33 26 jag
586 926 17 26 ej
630 928 31 19 att
680 925 19 21 vi
714 925 33 21 för
762 925 130 21 närvarande

78 953 62 21 hafva
161 954 64 26 något
247 954 45 22 skäl
311 956 30 20 att
357 955 116 21 bestämma
487 957 31 19 ett
533 955 65 25 bögre
613 954 75 27 belopp
704 956 26 19 än
748 955 24 20 16
789 953 103 22 millioner

79 982 65 26 mark,
167 983 12 21 å
204 983 78 21 hvilket
304 983 82 21 banken
409 983 54 27 finge
484 984 78 25 utgifva
584 983 70 21 sedlar
674 984 50 20 utan
745 982 146 21 motsvarande

79 1011 103 21 metallisk
207 1012 76 26 valuta,
302 1012 87 21 emedan
405 1012 17 20 vi
438 1012 32 21 för
484 1012 130 21 närvarande
630 1011 19 27 ej
664 1013 38 25 äga
717 1012 69 25 någon
802 1011 90 21 erfaren-

78 1039 37 22 het
137 1040 6 20 i
166 1040 58 21 detta
239 1040 97 22 afseende
351 1043 54 19 samt
420 1047 26 15 en
462 1040 118 27 förhöjoing
595 1040 22 21 af
631 1040 98 27 beloppet
742 1040 23 26 ju
780 1040 112 20 framdeles

78 1068 48 26 kan,
142 1075 33 15 om
191 1070 23 20 så
230 1069 110 24 erfordras,
357 1069 21 22 af
389 1070 111 21 ständerna
517 1069 98 21 beslutas.
645 1069 61 21 Hvad
716 1067 99 23 beträffar
826 1068 65 21 sedel-

79 1097 102 27 utgifning
196 1098 13 20 å
224 1098 94 21 bankens
333 1098 111 21 utländska
459 1098 123 26 fordringar,
598 1098 23 21 så
636 1098 122 20 instämmer
770 1097 37 26 jag
822 1097 6 21 i
836 1096 56 22 hvad

78 1126 56 21 Herr
154 1126 103 21 Rosenius
279 1127 72 21 derom
375 1129 71 25 yttrat,
470 1128 22 20 så
513 1127 83 27 mycket
619 1132 58 16 mera
693 1132 45 15 som
760 1127 35 19 det
814 1125 34 21 vid
866 1132 25 14 en

78 1154 97 27 möjligen
204 1155 124 21 inträffande
356 1156 43 20 kris
431 1156 66 20 måste
526 1162 49 14 vara
598 1155 21 21 af
640 1156 42 25 vigt
703 1156 32 20 att
756 1154 81 21 banken
859 1154 33 21 får

78 1182 95 27 begagna
188 1183 41 21 alla
244 1190 104 15 ressurser
363 1184 31 20 för
409 1184 166 26 sedelutgifning.
591 1184 39 20 Om
639 1183 82 21 banken
733 1183 32 20 vid
776 1184 31 19 ett
816 1182 76 21 sådant

76 1211 82 21 tillfälle
181 1214 102 24 upptager
305 1214 30 19 ett
355 1212 107 21 utländskt
477 1213 40 24 lån,
532 1212 24 21 så
571 1212 70 21 kunde
657 1212 34 20 det
706 1218 50 14 vara
771 1210 120 22 fördelakti-

76 1246 51 20 gare
148 1240 32 21 för
204 1240 81 21 banken
309 1242 32 20 att
363 1240 18 26 ej
402 1243 74 23 genast
494 1241 87 25 indraga
597 1240 115 21 detsamma
726 1240 7 20 i
748 1239 76 24 silfver,
840 1241 50 19 utan

78 1268 83 22 behålla
180 1269 36 20 det
230 1269 80 21 utrikes
325 1270 68 25 någon
409 1270 42 24 tid;
467 1276 47 14 men
530 1269 36 21 det
581 1270 23 20 är
619 1268 26 22 då
661 1274 25 15 en
702 1268 155 26 omständighet
872 1268 22 20 af

78 1297 44 25 vigt
136 1298 31 20 att
183 1296 89 26 banken,
288 1298 82 20 såsnart
385 1298 56 20 lånet
457 1299 23 19 är
495 1297 82 26 lyftadt,
593 1298 40 20 kan
649 1296 79 26 utgifva
738 1296 69 21 sedlar
817 1295 31 21 till
862 1297 30 19 ett

78 1325 115 21 detsamma
215 1326 146 20 motsvarande
382 1326 82 26 belopp.
494 1325 110 22 Utskottet
625 1325 39 21 har
686 1325 5 20 i
707 1325 37 20 sitt
759 1324 133 21 betänkande

78 1353 101 28 tillstyrkt
199 1356 31 19 att
254 1354 59 21 13:de
332 1354 93 27 punkten
440 1355 7 19 i
462 1354 156 27 propositionen
633 1354 66 20 skulle
714 1353 44 21 helt
774 1353 38 21 och
827 1352 65 21 hållet

78 1383 56 25 utgå.
165 1382 99 22 Likasom
280 1383 55 21 Herr
349 1383 69 26 Bergh
434 1383 40 21 kan
488 1383 35 26 jag
535 1383 46 20 icke
591 1383 73 20 förena
673 1382 42 26 mig
726 1382 6 21 i
743 1381 59 22 detta
811 1381 81 21 utskot-

78 1413 42 19 tets
141 1411 104 27 yttrande.
275 1411 41 26 Jag
337 1417 62 16 anser
421 1413 90 19 tvärtom
527 1411 79 26 ganska
623 1410 115 27 betänkligt
754 1411 31 20 att
800 1409 92 22 utesluta

78 1439 67 21 denna
168 1440 72 25 punkt,
264 1440 59 21 äfven
339 1446 34 15 om
388 1440 122 21 ständernas
533 1439 68 21 beslut
623 1440 6 20 i
645 1439 57 21 detta
718 1439 97 20 afseende
830 1437 62 22 fram-

77 1467 86 21 ställdes
187 1467 73 21 endast
275 1468 69 20 såsom
360 1469 30 19 ett
405 1468 162 25 önskningsmäl,
583 1470 21 23 ty
620 1467 58 20 äfven
692 1467 5 19 i
713 1467 65 20 sådan
793 1465 99 21 händelse

77 1497 24 18 är
124 1495 35 21 det
177 1496 18 26 ej
211 1501 65 20 gerna
291 1495 102 26 antagligt
408 1497 32 19 att
454 1495 101 27 styrelsen
571 1495 7 20 i
593 1501 26 14 en
634 1495 23 20 sä
672 1495 64 25 vigtig
751 1495 59 25 fräga
824 1493 69 22 skulle

78 1523 69 22 lemna
169 1523 122 22 ständernes
313 1524 95 21 uttalade
429 1524 53 26 äsigt
499 1525 50 20 utan
565 1523 37 22 allt
618 1523 102 25 afseende,
737 1522 38 22 och
790 1521 103 28 styrelsen
