1084 1811
216 139 42 20 640
402 142 182 21 Borgareständet.
609 142 54 17 1867.
687 142 27 16 30
727 141 62 20 April

258 229 56 20 Herr
332 223 139 30 Öhrnberg:
491 227 37 26 jag
542 226 68 22 skulle
625 226 46 21 åter
685 225 74 22 förena
773 225 43 26 mig
830 224 49 22 med
893 225 54 26 dem,
962 229 46 16 som

191 257 78 21 uttalat
292 257 38 20 den
353 255 61 27 åsigt,
430 257 32 19 att
476 256 48 20 med
539 254 114 27 afgörande
667 253 23 22 af
703 254 68 21 denna
785 253 58 26 fråga
858 253 68 21 skulle
941 253 66 25 anstå,

192 285 43 21 tills
250 285 32 25 de,
297 284 72 21 hvilka
383 283 112 21 framställt
510 283 122 27 petitionen,
648 281 135 22 återkommit
797 281 46 22 från
859 281 40 21 den
913 287 54 19 resa,
983 281 26 21 de

192 313 48 21 med
263 312 95 22 ståndets
380 312 94 21 tillstånd
500 311 103 27 företagit.
633 310 74 27 Någon
723 309 104 28 synnerlig
842 308 129 28 tidsutdrägt
985 310 25 20 är

193 342 46 20 icke
260 341 67 21 heller
348 342 33 19 att
403 339 79 26 befara,
506 340 26 21 då
554 339 115 21 utskottets
684 338 133 22 betänkande
832 338 33 20 vid
880 340 61 18 nästa
955 336 55 22 före-

192 370 102 26 dragning
310 370 16 26 ej
343 368 67 22 skulle
420 367 90 23 behöfva
524 370 54 25 ånyo
589 367 108 27 uppläsas;
714 367 87 21 hvarom
813 366 70 21 beslut
893 366 24 21 så
928 365 83 27 mycket

192 398 66 21 hellre
280 404 29 15 nu
331 398 70 20 kunde
423 397 70 24 fattas,
515 403 46 15 som
576 396 163 27 petitionärerne
754 394 68 22 blefve
837 396 56 19 satta
907 394 7 20 i
929 393 81 21 tillfälle

193 428 33 19 att
247 426 57 21 förut
324 426 103 25 genomgå
442 425 115 20 utskottets
572 423 139 25 betänkande,
726 425 56 19 samt
796 422 72 21 vidare
881 422 130 25 tidsutdrägt

192 454 47 21 icke
261 453 95 22 kommer
376 453 8 20 i
405 453 59 26 fråga
480 455 25 18 än
522 453 40 20 den
577 451 125 24 diskussion,
717 457 44 15 som
778 450 97 26 möjligen
890 450 120 21 framkallas

194 481 22 22 af
237 482 61 21 deras
320 481 71 22 försök
406 483 32 19 att
453 481 62 20 vinna
530 479 114 23 understöd
659 479 32 22 för
706 480 31 20 sin
753 479 61 26 åsigt.
843 479 74 21 Ehuru
930 478 35 27 jag
980 477 31 21 bi-

193 510 69 27 dragit
282 509 32 22 till
328 509 116 22 utskottets
458 509 139 23 betänkande,
613 514 61 21 synes
689 508 42 26 mig
746 507 53 22 dock
815 513 25 15 en
855 507 66 21 sådan
936 506 75 27 åtgärd

194 539 68 21 vittna
276 544 34 15 om
326 537 165 28 grannlagenhet
505 537 32 22 för
553 537 40 21 den
608 538 101 19 motsatta
723 536 87 26 äsigten.

262 606 70 21 Sedan
352 605 145 21 diskussionen
519 604 98 28 upphört,
640 604 130 22 framställde
789 603 56 22 Herr
860 603 151 21 Talmannen

193 634 91 27 följande
298 634 138 27 proposition:

263 701 42 22 Vill
327 701 85 22 ståndet
433 707 29 15 nu
479 703 74 24 genast
568 702 49 26 taga
631 700 137 21 förevarande
783 699 78 22 ärende
875 699 68 21 under
957 698 54 28 pröf-

195 730 55 26 ning,
274 730 51 21 eller
347 736 61 15 anser
430 730 84 20 ståndet
535 730 85 20 dermed
635 729 53 21 böra
703 728 66 26 anstå,
785 728 42 21 tills
843 728 24 21 de
883 728 22 21 af
919 728 94 21 ståndets

194 758 144 27 medlemmar,
354 758 70 22 hvilka
438 757 112 22 framställt
564 756 205 28 petitionsförslaget,
785 756 148 22 återkommit?

263 826 33 22 De
318 832 45 16 som
386 826 65 22 önska
474 826 36 21 det
529 826 64 27 förra,
609 831 61 16 svara
683 825 28 27 ja,
727 825 39 21 och
783 826 31 25 de,
829 824 71 22 hvilka
915 824 48 28 vilja
979 824 36 22 det

196 861 80 21 senare,
291 861 62 16 svara
368 854 39 28 nej.

264 923 84 26 Frågan
370 923 126 20 besvarades
519 923 48 20 med
589 922 54 22 både
663 922 22 27 ja
699 921 38 22 och
753 921 40 27 nej,
807 921 98 22 hvarföre
920 921 94 27 votering

196 951 122 26 anställdes,
341 951 71 21 dervid
437 952 25 20 10
481 953 69 19 röster
564 951 102 21 befunnos
681 951 61 21 hafva
757 950 76 21 uttalat
848 951 31 25 sig
894 950 32 21 för
940 950 21 27 ja
976 950 40 21 och

200 981 25 20 13
240 979 32 21 för
288 979 45 27 nej;
349 979 81 27 tillfölje
446 979 73 22 hvaraf
533 979 48 22 med
597 979 123 27 afgörandet
735 979 22 20 af
770 979 157 26 ifrågavarande
938 979 77 20 ärende

198 1008 84 21 komme
296 1010 33 19 att
343 1007 43 22 tills
401 1007 71 22 vidare
484 1009 67 20 anstå.

267 1070 112 25 Emottogs
402 1076 26 14 en
451 1069 123 27 deputation
593 1069 46 22 från
654 1069 131 21 hedervärda
799 1068 165 27 Bondeståndet,
980 1075 35 14 an-

198 1097 48 22 förd
261 1097 23 22 af
296 1097 203 27 landtdagsmannen
515 1097 130 28 Warpenius,
662 1097 83 22 hvilken
761 1097 142 27 tillkännagaf,
912 1099 32 20 att
953 1097 65 26 sagde

198 1125 62 22 stånd
283 1126 34 21 vid
332 1126 154 27 behandlingen
501 1127 22 20 af
536 1126 150 27 lagutskottets
701 1125 133 22 betänkande
849 1126 6 21 i
871 1126 112 26 anledning
997 1125 23 22 af

198 1154 77 27 nådiga
295 1154 157 27 propositionen
476 1161 33 14 om
532 1155 125 26 indragning
679 1154 22 21 af
721 1155 171 25 kämnersrätter,
914 1155 105 26 lagmans-

200 1184 72 24 rätter,
296 1183 40 20 och
358 1183 178 26 riddaresynerätt
559 1185 55 19 samt
633 1183 88 26 ändring
737 1183 38 20 och
791 1183 146 26 upphäfvande
952 1183 22 21 af
987 1183 32 20 åt-

200 1210 82 26 skilliga
304 1210 71 27 lagens
397 1216 46 15 rum
465 1212 91 20 rörande
577 1210 238 27 rättegångsordningen
838 1210 39 22 och
893 1211 53 21 vissa
961 1210 58 22 dom-

200 1238 77 22 stolars
299 1238 149 27 organisation,
470 1238 93 22 beslutat
585 1241 31 19 att
637 1240 23 20 åt
678 1245 60 15 mom.
757 1240 12 20 7
784 1240 6 20 i
807 1238 142 22 betänkandet
964 1238 55 28 gifva

200 1266 92 27 följande
307 1266 87 27 lydelse:
410 1268 149 25 ,,Antagandet
574 1267 22 21 af
610 1267 257 21 häradsnämndemännen
878 1268 39 20 och
928 1268 91 20 bestäm-

200 1294 86 22 mandet
301 1295 21 21 af
337 1296 61 20 deras
413 1295 56 21 antal
484 1296 123 20 ankommer
621 1296 13 20 &
649 1295 217 21 kommunalstämma.
892 1295 45 21 Och
948 1295 71 21 tillbör

200 1322 110 22 Nämnden
326 1322 78 22 hälften
420 1323 22 21 af
456 1323 39 21 den
511 1323 152 21 Häradsrätten
679 1324 158 26 ursprungligen
851 1324 95 21 tillfallna
957 1324 62 21 andel

200 1350 22 21 af
242 1351 200 26 tingsgästningen'',
474 1351 45 21 Och
534 1352 82 25 inbjöds
631 1352 179 24 Borgareständet
825 1354 32 18 att
871 1352 64 25 sagde
950 1351 70 21 beslut

199 1377 89 22 biträda.

270 1439 69 23 Sedan
356 1440 148 27 deputationen
520 1440 22 21 af
555 1440 55 22 Herr
625 1439 152 23 Talmannen
792 1440 115 27 betackats,
923 1441 96 22 afträäde

203 1469 130 25 densamma;
357 1469 64 22 hvarä
444 1469 108 27 föredrogs
567 1470 95 21 ständeis
677 1469 94 22 enskilda
786 1470 178 22 besvärsutskotts
979 1471 40 21 den

202 1498 27 20 24
252 1498 140 21 innevarande
412 1497 59 27 April
490 1498 114 25 bordlagda
620 1498 132 21 betänkande
767 1498 40 21 N:o
823 1500 12 19 7
850 1499 8 20 i
873 1499 112 27 anledning
999 1498 24 23 af

203 1525 64 22 väckt
281 1525 85 28 förslag,
382 1525 109 28 angående
506 1525 128 23 afskaffande
650 1526 22 21 af
685 1527 141 26 exporttullen
840 1527 7 21 i
861 1527 78 22 landet.
