1092 1784
299 134 182 22 Borgareståndet.
506 135 54 17 1867.
584 136 11 16 4
609 135 62 21 April.
819 129 42 21 433

138 218 56 22 Herr
215 219 137 22 Snellman:
374 220 170 26 räkenskaperna
560 219 31 21 för
606 221 83 19 senaste
703 219 102 26 landtdag
819 219 69 21 utvisa

68 246 107 22 sannolikt
190 247 54 21 hvad
260 248 117 20 kostnaden
391 248 33 20 för
433 248 137 27 tryckningen
581 247 22 21 af
611 247 132 27 protokollen
754 247 27 21 då
791 246 97 27 utgjorde

69 275 39 21 och
130 281 45 15 som
198 276 65 26 priset
283 275 70 21 derför
374 275 68 22 denna
464 276 55 26 gång
540 276 41 20 kan
604 276 64 26 blifva
682 275 101 27 billigare,
799 276 24 20 så
837 281 50 15 vore

68 302 60 22 detta
140 303 24 27 ju
178 304 24 20 så
217 304 82 26 mycket
314 304 75 20 bättre.
420 303 97 22 Likasom
533 304 55 20 Herr
603 299 110 31 Öhrnberg
729 310 60 14 anser
802 303 43 26 jag,
856 305 32 19 att

68 336 49 16 man
132 331 7 21 i
154 331 31 21 tid
207 331 38 21 bör
266 331 83 22 besluta
364 331 6 21 i
385 332 71 26 saken,
475 332 27 26 på
518 332 35 20 det
569 331 136 28 tryckningen
720 331 21 21 af
755 330 133 28 protokollen

68 360 35 20 må
117 360 73 21 kunna
204 360 94 27 vidtagas
313 359 38 22 allt
365 359 98 23 eftersom
479 360 26 21 de
520 360 64 21 blifva
598 359 108 22 utskrifna.

136 445 56 21 Herr
214 444 139 28 Öhrnberg:
377 445 42 21 min
441 445 61 27 afsigt
525 452 37 14 var
583 445 52 26 icke,
653 446 32 20 att
700 445 85 21 ståndet
799 444 88 22 skulle
876 440 15 37 i

67 473 59 22 afton
148 473 54 22 fatta
224 474 64 27 något
310 474 104 21 bindande
430 474 68 21 beslut
513 474 7 21 i
534 474 71 26 saken,
621 475 51 20 utan
687 473 54 21 blott
756 473 33 22 för
804 475 31 19 att
850 473 38 21 hos

68 508 26 15 en
115 502 51 21 eller
187 508 69 15 annan
272 502 21 21 af
307 502 94 22 ståndets
422 502 137 22 medlemmar
574 502 81 21 minska
671 502 35 21 det
721 501 131 27 obehagliga,
868 501 21 21 af

68 532 32 19 att
114 531 24 21 så
154 530 61 27 tidigt
237 530 71 27 skiljas
330 532 23 20 åt
375 530 39 22 och
435 531 69 21 lemna
526 532 95 20 ståndets
643 536 53 20 rum,
717 530 66 26 ansåg
795 530 36 26 jag
847 530 42 26 mig

68 558 71 22 kunna
160 559 104 27 uppkasta
285 559 106 27 förslaget,
412 566 33 14 om
462 560 45 20 icke
522 560 85 20 ståndet
621 559 48 21 ville
685 558 31 21 till
731 558 158 27 öfverläggning

67 590 93 24 upptaga
175 587 81 27 frågan;
276 594 46 15 men
336 588 36 26 jag
387 587 38 21 har
440 588 18 26 ej
475 589 63 25 något
554 590 57 18 emot
626 590 31 18 att
673 587 112 27 uppskjuta
801 587 39 21 den
855 586 32 22 till

68 619 64 18 annat
152 616 162 21 sammanträde.
344 616 61 21 Hvad
426 616 116 22 kostnaden
559 616 136 26 vidkommer,
710 616 23 21 så
748 616 38 21 bör
801 622 47 14 man
864 622 25 14 ur

67 644 95 22 ståndets
177 645 143 27 räkenskaper
334 644 46 22 från
396 644 56 22 förra
468 645 126 26 landtdagen
610 644 79 22 erhålla
707 644 81 27 uppgift
803 650 34 14 om
853 644 36 21 det

67 672 84 28 belopp,
173 673 84 21 hvartill
273 674 118 21 kostnaden
406 674 94 26 uppgått,
518 673 117 21 beräknadt
650 672 53 22 efter
718 673 43 21 ark.
793 672 48 22 Men
857 674 32 19 att

68 700 116 23 bestämma
207 702 39 21 den
269 702 67 21 totala
358 702 117 21 kostnaden
497 702 73 21 härvid
593 704 23 19 är
638 702 45 21 icke
706 701 81 27 möjligt
805 701 32 21 för
853 701 36 21 det

68 730 136 26 närvarande,
228 730 87 22 emedan
337 736 47 16 man
404 730 45 22 icke
465 732 35 20 vet
513 730 55 22 huru
583 730 107 27 vidlyftiga
706 730 132 26 protokollen
853 729 34 21 vid

68 759 69 21 denna
158 759 100 27 landtdag
281 760 71 20 kunna
372 758 69 22 blifva.
470 759 40 26 Jag
532 759 68 21 håller
621 759 39 21 ock
681 758 44 21 före
741 760 31 20 att
788 759 39 20 den
843 764 46 15 om-

66 788 146 26 ständigheten
229 788 17 26 ej
263 787 65 22 borde
343 787 73 22 utöfva
430 788 64 26 något
505 787 112 28 inflytande
628 788 27 26 på
667 786 78 27 frågan,
759 789 49 19 utan
820 787 68 21 denna

67 815 52 22 böra
134 816 108 21 betraktas
258 816 74 21 endast
346 822 25 15 ur
386 816 131 27 synpunkten
533 822 34 15 om
583 822 48 14 man
647 822 62 15 anser
720 816 137 26 tryckningen
867 814 23 22 af

66 844 96 22 ståndets
184 845 106 27 protokoll
314 851 50 15 vara
378 845 22 21 af
414 846 63 25 något
499 844 88 22 allmänt
607 851 61 20 gagn.
699 844 48 21 Men
770 845 69 20 såsom
852 844 37 26 jag

67 873 64 49 je
147 874 97 25 nämnde,
260 873 38 22 har
310 874 36 26 jag
358 873 45 22 icke
414 874 64 26 något
489 875 64 24 emot,
564 875 31 19 att
605 872 73 27 frågan
690 872 74 22 blifver
774 872 115 21 tillsvidare

83 902 97 21 eroende.

136 987 55 21 Herr
206 987 91 26 Bergh:
314 987 65 26 enligt
394 987 53 21 hvad
456 987 36 26 jag
504 993 75 20 genom
589 986 22 21 af
619 986 146 21 sekreteraren
779 985 109 22 meddelad

67 1015 82 28 uppgift
170 1015 40 22 fått
233 1018 54 23 veta,
303 1015 52 22 skall
371 1015 239 28 tryckningskostnaden
626 1015 32 20 för
672 1014 95 21 ståndets
783 1013 105 27 protokoll

68 1044 39 21 och
122 1045 120 20 utskottens
256 1044 148 21 betänkanden
425 1047 54 18 samt
495 1044 65 27 öfriga
575 1043 82 26 bilagor
673 1043 33 21 vid
721 1045 83 19 senaste
820 1042 68 22 landt-

68 1073 41 26 dag
130 1074 90 25 uppgått
241 1073 32 20 till
296 1074 62 24 8,776
381 1073 59 21 mark
462 1073 28 21 60
512 1072 69 27 penni,
604 1072 85 21 hvarvid
715 1071 117 22 kostvaden
856 1071 33 21 för

68 1101 109 27 bilagorna
200 1101 52 21 dock
268 1101 99 22 fördelats
383 1102 26 25 pä
426 1101 24 21 de
466 1103 32 19 tre
513 1101 66 21 första
593 1101 95 21 ständen.
719 1100 73 21 Ehuru
805 1100 36 26 jag
857 1099 32 22 för

68 1129 42 21 min
126 1129 33 21 del
176 1136 61 15 anser
252 1130 36 21 det
304 1136 49 15 vara
364 1129 21 22 af
394 1130 76 26 högsta
482 1131 49 24 vigt,
544 1131 32 19 att
587 1135 25 15 en
625 1129 121 26 fullständig
757 1127 132 27 offentlighet

68 1157 22 21 af
110 1158 138 26 landtdagens
270 1158 156 26 förhandlingar
448 1160 50 24 äger
520 1164 53 19 rum,
596 1157 74 21 tvekar
688 1157 36 26 jag
746 1157 54 20 dock
815 1156 73 21 härvid

68 1186 83 27 mycket
169 1192 33 15 om
218 1189 56 18 rätta
289 1186 77 21 medlet
382 1188 23 19 är
420 1188 32 19 att
467 1186 73 27 trycka
555 1185 132 28 protokollen
703 1186 6 19 i
724 1184 104 25 folianter,
843 1191 45 14 som

68 1215 108 20 utkomma
198 1214 52 21 flera
270 1215 24 20 är
316 1214 53 21 efter
389 1214 139 27 landtdagens
550 1214 47 21 slut.
628 1213 42 22 Det
691 1215 56 19 rätta
769 1219 49 15 vore
838 1215 51 18 utan

68 1243 71 20 tvifvel
161 1245 32 19 att
216 1243 78 26 utgifva
314 1249 26 15 en
363 1243 198 26 landtdagstidning,
583 1249 45 15 som
649 1242 47 21 med
711 1243 79 20 största
805 1241 84 26 möjliga

68 1270 159 28 fullständighet
248 1271 68 22 skulle
333 1271 97 22 meddela
444 1271 190 27 förhandlingarna.
666 1270 47 21 Men
729 1270 27 21 dä
771 1270 34 20 vid
821 1269 68 21 denna

68 1298 102 29 landtdag
192 1299 59 28 fråga
274 1300 71 21 derom
369 1300 17 26 ej
408 1299 73 22 väckts
504 1299 38 22 och
566 1299 41 22 alla
629 1299 100 21 ständens
744 1297 58 22 bifall
819 1297 70 22 dertill

69 1328 111 27 erfordras,
201 1329 23 21 sä
245 1328 33 21 vill
300 1329 36 26 jag
356 1328 74 21 endast
445 1328 179 27 anmärkningsvis
639 1327 115 21 framkasta
771 1326 41 21 min
827 1326 61 27 äsigt.

69 1356 45 21 Och
137 1363 45 15 som
204 1357 73 26 frågan
295 1357 33 20 för
342 1357 62 26 öfrigt
419 1357 22 20 af
455 1357 54 21 Herr
524 1356 85 26 Östring
625 1355 84 27 begärts
725 1356 27 26 pä
768 1355 81 24 bordet,
865 1356 24 19 är

66 1385 37 26 jag
118 1385 110 22 framdeles
234 1379 13 37 i
265 1385 82 22 tillfälle
362 1387 32 19 att
409 1385 71 21 vidare
494 1387 57 25 yttra
567 1386 41 25 mig
624 1384 49 21 deri.
699 1383 42 22 Vid
756 1389 25 15 en
798 1383 91 26 följande

68 1413 102 26 landtdag
192 1414 65 20 borde
279 1419 25 15 en
327 1413 69 20 bättre
418 1413 88 26 ordning
522 1414 44 19 häri
582 1413 85 25 införas,
683 1415 22 23 ty
721 1418 25 14 en
761 1411 89 26 sanning
866 1413 23 18 är

70 1440 41 25 det,
134 1443 32 19 att
186 1441 264 27 tryckningskostnaderna
470 1443 36 18 äro
530 1439 143 26 bortkastade,
695 1440 26 20 dä
737 1438 153 26 landtdagsför-

70 1469 152 27 handlingarna
241 1469 45 22 icke
306 1469 85 21 komma
406 1469 139 21 allmänheten
561 1467 102 22 tillhanda
677 1467 70 21 förrän
763 1467 58 26 längt
837 1466 54 21 efter

69 1497 133 28 landtdagen,
226 1497 63 22 sedan
312 1497 140 22 allmänheten
474 1497 65 22 redan
560 1496 75 22 hunnit
657 1495 77 22 förlora
755 1495 88 22 intresse
857 1495 34 21 för

70 1527 70 21 saken.

799 1564 23 17 28
