1092 1800
235 147 27 21 62
437 151 181 22 Borgareståndet.
642 152 53 17 1867.
718 152 12 16 4
744 152 57 17 Febr.

205 236 87 21 emedan
314 236 109 20 skilnaden
445 236 19 26 ej
486 236 43 20 kan
550 236 64 20 verka
632 236 32 20 till
686 242 44 14 mer
750 238 26 19 än
800 236 26 20 20
846 236 52 21 eller
912 236 62 26 högst
988 238 28 20 40

206 264 60 21 mark
282 264 39 21 och
336 264 40 21 den
390 264 57 21 förra
462 264 178 21 klassifikationen
655 265 80 25 ganska
750 264 34 21 väl
798 264 42 21 kan
855 264 112 27 tillämpas.

274 320 55 22 Herr
349 320 180 21 Grundfeldt:
552 320 7 21 i
574 322 89 19 motsats
686 320 31 21 till
740 320 26 22 de
781 320 125 27 föregående
921 321 94 21 talarene

205 355 62 15 anser
279 349 43 26 jag,
338 350 32 20 att
385 354 25 16 en
425 355 28 20 ny
467 348 152 22 klassifikation
635 348 65 22 borde
721 349 86 21 komma
828 350 32 20 till
882 349 67 25 stånd,
973 349 43 21 oaf-

206 378 46 20 sedt
267 379 32 19 att
315 384 25 14 en
355 384 27 20 ny
394 377 202 27 landtdagsordning
611 379 24 19 är
650 379 32 19 att
696 377 102 27 förvänta,
815 378 87 21 emedan
917 378 40 21 den
975 378 41 21 blir

205 406 97 26 gällande
323 406 54 20 först
398 405 46 22 från
467 407 61 19 nästa
550 406 110 26 landtdag;
683 406 38 21 och
743 412 45 15 som
808 406 37 27 jag
859 413 37 14 var
911 412 26 16 en
952 406 64 22 bland

206 434 53 25 dem,
275 440 45 15 som
335 434 34 21 vid
385 435 30 20 ett
430 434 126 27 föregående
571 434 154 22 sammanträde
740 435 79 26 vrkade
831 435 27 26 pä
868 441 26 15 en
904 442 27 20 ny
941 435 75 22 klassi-

205 463 93 26 fikation,
314 463 101 21 vidhåller
429 463 36 26 jag
480 465 55 19 ännu
550 463 68 21 denna
633 463 42 21 min
691 463 59 27 åsigt.

273 519 56 21 Herr
349 519 161 26 Lindeqvist:
532 519 34 27 jag
586 519 94 22 anhåller
695 520 6 20 i
716 519 68 22 likhet
806 520 46 21 med
868 520 49 21 herr
932 519 83 22 Grund-

205 547 53 21 feldt
279 549 32 19 att
333 553 27 20 ny
382 547 152 22 klassifikation
556 548 35 21 må
613 550 115 24 uppgöras;
745 548 37 27 jag
796 555 62 14 anser
873 549 88 20 rättvisa
976 549 39 21 och

205 575 96 27 billighet
314 576 79 26 fordra,
408 577 32 19 att
455 576 40 21 den
509 576 57 21 förra
580 575 182 22 klassifikationen
772 577 104 27 undergår
886 577 128 26 förändring,

205 605 48 20 med
274 604 99 22 afseende
395 604 50 21 derå
463 607 32 19 att
517 604 171 22 förhållanderna
702 606 6 20 i
724 611 25 15 en
766 606 51 20 eller
832 612 68 14 annan
915 606 47 21 stad
977 612 38 14 un-

205 632 83 28 dergått
303 633 106 27 betydliga
423 632 146 28 förändringar
584 634 65 20 sedan
664 634 51 20 sista
730 634 134 26 landtdagen.

272 689 55 21 Herr
342 689 181 21 Grundfeldt:
539 690 162 26 olämpligheten
718 690 22 21 af
762 690 38 22 den
823 690 58 22 förra
902 690 113 22 klassifise-

205 718 72 26 ringen
292 718 61 20 torde
368 718 48 21 bäst
430 718 89 21 framstå
535 718 64 27 deraf,
615 720 32 19 att
662 719 120 27 Nykarleby
797 726 29 14 nu
840 720 82 20 betalar
933 720 28 27 1/;
971 722 44 19 mot

204 746 137 27 Helsingfors,
358 746 67 21 ehuru
440 746 39 21 den
494 747 57 21 förra
566 749 24 19 är
605 753 26 15 en
646 748 46 20 stad
707 748 47 20 med
777 748 74 20 endast
874 748 61 26 1,000
957 749 58 20 inne-

204 774 84 25 vånare,
311 775 39 20 och
371 775 36 26 jag
429 775 72 26 tycker
524 777 31 19 att
576 775 46 21 häri
643 776 47 20 ieke
712 776 66 21 finnes
800 776 39 21 den
854 776 92 27 ringaste
967 783 48 20 pro-

203 803 89 25 portion.

271 859 56 21 Herr
342 858 147 22 Cederman:
503 859 36 27 jag
553 860 107 20 förmodar
675 861 32 19 att
720 860 63 26 ingen
798 860 54 21 enda
871 860 23 21 af
914 860 101 21 Finlands

204 887 71 21 städer
290 887 65 21 sedan
371 888 50 20 sista
436 887 126 27 landtdagen
577 888 114 26 undergått
712 888 69 26 någon
804 888 24 21 så
847 889 102 26 väsentlig
972 888 42 22 för-

203 915 90 27 ändring
307 916 7 20 i
329 916 46 20 sina
389 915 152 27 förhållanden,
557 918 32 19 att
604 916 27 27 på
646 916 64 21 sådan
726 917 67 26 grund
809 923 25 15 en
849 924 27 20 ny
896 916 118 22 klassifika-

203 944 44 20 tion
263 950 49 15 vore
328 944 23 20 af
363 944 75 24 nöden,
455 944 95 21 hvarföre
566 944 40 22 den
621 944 58 22 förra
694 947 51 19 utan
760 946 72 20 vidare
847 945 114 28 omgångar
980 946 35 21 må

203 972 56 26 gälla
273 972 61 21 äfven
349 972 33 21 för
397 972 69 21 denna
480 973 108 27 landtdag.

271 1029 58 21 Härå
344 1028 130 22 framställde
490 1030 49 20 herr
552 1030 154 21 Talmannen
721 1030 92 27 följande
828 1031 142 27 proposition:

270 1086 68 21 Anser
353 1086 84 21 ståndet
452 1086 40 21 den
511 1086 34 21 vid
569 1087 83 21 senaste
674 1086 101 28 landtdag
796 1088 7 20 i
825 1087 138 21 omförmälda
983 1088 31 20 af-

203 1114 77 21 seende
295 1116 92 24 antagna
402 1114 150 21 klassifikation
568 1114 23 22 af
600 1115 83 21 landets
697 1115 71 21 städer
778 1116 53 20 böra
840 1116 58 26 gälla
908 1116 61 21 äfven
981 1116 32 21 för

203 1142 68 21 denna
286 1142 115 26 landtdag?
416 1143 51 21 eller
481 1143 55 21 skall
550 1150 27 20 ny
592 1142 152 22 klassifikation
759 1144 119 26 uppgöras?

270 1198 46 22 Den
332 1205 45 15 som
392 1199 48 22 ville
455 1199 36 22 det
506 1199 58 22 förra
579 1200 67 21 skulle
662 1206 60 15 svara
738 1200 29 27 ja,
789 1200 41 21 den
852 1207 44 15 som
919 1201 94 22 önskade

203 1227 35 21 det
253 1233 74 15 senare
342 1227 41 28 nej.

269 1284 161 26 Propositionen
445 1285 126 22 besvarades
586 1285 47 22 med
646 1285 22 27 ja
684 1285 38 22 och
738 1286 40 27 nej,
800 1287 117 26 hvarjemte
939 1287 72 26 begär-

201 1313 38 20 des
253 1313 101 26 votering,
371 1319 44 15 som
431 1313 81 22 således
527 1314 113 21 anställdes
656 1315 88 20 medelst
760 1315 70 20 slutna
845 1316 76 25 sedlar,
941 1316 72 21 hvilka

201 1341 53 21 efter
269 1347 82 20 upprop
367 1341 133 21 aflemnades.
530 1343 56 20 Derä
601 1343 39 20 och
656 1343 63 19 sedan
735 1349 25 14 en
776 1343 22 21 af
807 1344 204 26 voteringssedlarna

201 1370 142 25 undantagits,
366 1370 103 20 befunnos
490 1371 25 19 de
536 1370 67 26 öfriga
624 1370 34 20 vid
680 1371 120 25 öppnandet
818 1372 107 20 innehålla
947 1374 26 19 16
988 1374 24 25 ja

201 1397 39 21 och
257 1398 26 21 10
298 1397 43 27 nej;
356 1398 7 20 i
378 1397 52 27 följd
451 1398 75 21 hvaraf
546 1399 40 21 den
608 1398 35 22 vid
665 1398 58 22 förra
745 1399 128 27 landtdagen
895 1401 116 27 uppgjorda

200 1426 180 21 klassifikationen
395 1426 22 20 af
431 1427 98 21 städerna
544 1427 82 21 komme
642 1428 32 20 att
688 1427 62 22 lända
765 1428 32 21 till
819 1427 140 24 efterrättelse
981 1430 30 20 äf-

200 1461 39 15 ven
254 1454 35 22 vid
304 1454 68 22 denna
387 1455 106 26 landtdag.

267 1511 31 22 Pä
313 1512 23 21 af
349 1512 49 21 herr
412 1511 156 27 Talmannen
583 1513 117 21 framställd
715 1514 66 27 fräga,
797 1514 103 22 huruvida
915 1515 96 22 ständets

201 1540 136 23 medlemmar
351 1541 54 22 hade
420 1542 113 26 petitioner
548 1543 32 21 att
594 1542 123 26 framställa,
733 1544 118 26 uppträdde
871 1544 48 22 herr
939 1544 70 22 Volff
