1092 1792
828 129 11 19 a

843 129 12 19 en

290 130 179 21 Borgareständet.
495 132 53 16 1867.
574 132 22 16 18
608 132 56 17 Febr.

69 216 69 26 uppgå
153 218 15 18 t.
185 222 30 14 ex.
231 215 113 27 utgifterna
359 216 31 20 för
405 216 167 27 ingvarteringen
587 216 80 27 årligen
683 217 31 21 till
730 218 58 20 öfver
807 218 75 24 20,000

68 244 66 24 mark,
150 250 26 14 en
191 250 88 19 summa,
295 244 99 21 hvarmed
409 244 50 21 flera
481 246 80 25 nyttiga
583 245 81 26 företag
685 245 69 21 kunde
776 245 104 26 bekostas,

68 278 34 21 om
118 272 68 21 denna
201 278 80 15 summa
295 272 54 26 finge
365 272 22 21 af
400 273 73 21 staden
489 273 91 21 enskildt
594 274 32 20 för
641 274 46 20 dess
697 273 63 21 behof
770 274 111 20 användas.

69 300 109 27 Onskeligt
193 306 48 16 vore
257 300 36 21 det
314 300 81 21 derföre
417 303 32 19 att
471 301 46 21 hela
539 302 38 20 den
600 302 86 21 stående
708 302 173 26 ingvarteringen,

68 328 70 22 derest
152 329 123 26 regeringen
291 335 61 15 anser
369 328 157 23 förhällandena
548 329 134 27 ovilkorligen
705 330 83 27 päkalla
811 336 25 15 en
859 331 23 20 sä

66 360 46 18 stor
127 358 146 26 truppstyrkas
289 357 110 21 underhäll
414 358 6 20 i
436 358 77 26 landet,
529 364 44 16 som
589 364 28 15 nu
632 360 24 19 är
675 358 63 28 fallet,
757 358 124 22 bekostades

68 386 22 20 af
102 386 87 26 kronan,
206 386 38 21 och
259 386 150 21 kommunerne
427 386 90 22 derifrän
539 386 44 22 helt
605 387 39 21 och
665 387 65 21 kället
751 386 129 26 frikallades;

66 420 48 16 men
130 415 26 22 dä
171 415 103 27 yrkandet
289 416 26 25 pä
331 421 25 14 en
371 415 64 21 sädan
457 415 95 21 befrielse
574 416 18 26 ej
615 415 60 21 torde
696 416 70 20 kunna
788 416 93 26 päräkna

67 443 71 26 nådigt
155 443 63 24 bifall,
235 443 71 27 tyckes
321 443 132 25 åtminstone,
470 444 46 21 med
531 444 97 21 afseende
644 444 70 26 derpä,
733 446 31 18 att
782 444 32 21 för
832 446 49 18 när-

68 472 91 20 varande
175 472 25 21 de
215 471 60 21 flesta
289 472 22 21 af
325 472 98 20 städerna
439 472 5 20 i
461 472 39 21 den
516 474 68 19 vestra
606 472 38 21 och
667 472 47 22 hela
736 478 62 16 norra
820 472 60 21 delen

67 500 46 21 utaf
127 500 71 22 landet
213 500 32 20 till
260 502 67 19 större
343 499 60 22 delen
418 502 36 19 äro
470 500 85 22 alldeles
572 500 90 22 befriade
678 500 45 21 frän
746 501 38 20 den
805 500 75 27 ifräga-

67 529 91 21 varande
174 531 85 24 tungan,
275 528 100 22 rättvisan
391 528 70 21 fordra
477 531 30 19 att
522 530 68 25 nägon
606 528 115 27 fördelning
736 528 22 21 af
779 529 25 21 de
822 529 58 21 kost-

67 557 71 26 nader,
154 563 45 15 som
215 557 98 21 städerna
328 557 5 20 i
350 559 57 19 östra
422 557 39 21 och
476 558 62 20 södra
553 558 60 21 delen
624 557 21 21 af
656 556 70 22 landet
736 556 20 22 fä
766 557 114 21 vidkännas

66 584 33 22 för
114 586 174 26 ingvarteringen,
304 586 65 20 borde
385 592 37 20 ega
437 592 52 18 rum,
505 586 52 20 eller
572 588 32 19 att
618 589 114 23 trupperna
751 586 17 26 ej
789 586 92 26 ständigt

65 614 120 26 gvarhällas
200 614 7 20 i
222 620 79 15 samma
316 614 77 24 städer,
408 616 51 18 utan
481 614 71 26 hvarje
575 614 47 22 stad
636 614 7 20 i
658 614 31 22 sin
712 617 34 18 tur
768 614 40 21 fick
830 614 50 21 bära

63 643 65 26 sagde
144 642 80 22 besvär.

134 671 40 27 Jag
189 672 64 25 vägar
267 670 134 26 fördenskull,
417 670 54 22 efter
485 672 83 20 samräd
583 671 47 21 med
646 672 56 20 mina
716 671 162 25 kommittenter,

68 700 38 20 hos
121 699 108 26 Välloflige
244 700 177 25 Borgareständet
436 700 105 20 vördsamt
556 700 109 21 hemställä
682 706 32 14 om
737 700 17 26 ej
778 700 102 25 Borgare-

66 728 84 20 ständet
166 728 47 20 ville
229 728 68 21 säsom
313 729 31 19 ett
359 728 155 26 önskningsmäl
530 728 36 21 hos
581 728 59 20 Hans
655 728 115 26 Kejserliga
782 727 98 26 Majestät

66 756 6 20 i
87 756 167 26 underdänighet
269 756 84 21 anhälla
368 762 34 14 om
422 756 123 26 vidtagande
568 758 22 19 af
610 756 97 26 antingen
729 756 99 26 ätgärder
849 756 30 20 uti

65 784 37 22 det
117 784 52 26 syfte
182 784 36 26 jag
233 784 38 21 här
287 784 60 21 ofvan
363 786 71 19 nämnt
449 784 32 21 för
496 786 31 18 att
542 784 52 21 lätta
610 784 39 21 den
664 791 26 14 en
706 784 33 21 del
756 784 21 21 af
797 784 82 21 landets

66 812 71 22 städer
152 819 28 15 nu
195 813 23 20 sä
233 812 114 27 tryckande
369 812 231 27 ingvarteringsbördan
624 813 51 21 eller
696 812 22 21 af
738 812 65 22 andra
827 813 53 20 mätt

65 841 39 21 och
119 843 52 24 steg,
187 847 44 15 som
248 842 57 20 Hans
326 841 117 27 Kejserliga
464 841 98 27 Majestät
583 841 69 21 kunde
670 840 56 22 finna
748 841 31 21 för
800 847 78 15 samma

65 870 97 21 ändamål
177 869 104 27 lämpliga.
311 869 129 27 Helsingfors
457 870 38 21 den
513 871 25 21 18
554 870 100 21 Februari
671 870 74 21 1867.*

132 926 156 27 Uppläsningen
304 927 21 20 af
339 927 58 20 detta
412 927 177 26 petitionsförslag
604 927 79 22 afbröts
698 933 74 20 genom
792 927 86 21 ankom-

63 957 47 19 sten
125 955 23 21 af
161 961 26 15 en
202 955 122 27 deputation
339 955 46 21 från
401 955 164 26 Prestaständet,
588 956 74 21 anförd
678 955 21 21 af
718 956 160 26 kontraktspro-

63 986 47 19 sten
126 984 81 24 Hellön,
223 990 44 15 som
282 984 131 21 meddelade:
429 986 32 19 att
475 985 83 20 ståndet
573 985 27 25 pä
615 984 121 27 inbjudning
751 984 22 21 af
790 984 87 21 Ridder-

63 1012 76 26 skapet
154 1012 39 21 och
208 1013 68 20 Adeln
291 1012 81 21 förenat
387 1011 30 28 sig
432 1013 6 19 i
454 1013 89 20 nämnde
560 1013 72 20 ständs
655 1013 79 20 fattade
757 1011 73 27 beslut,
846 1014 32 19 att

65 1040 40 21 alla
120 1041 206 20 ständerutskottens
342 1041 145 20 betänkanden
501 1041 64 26 jemte
584 1041 46 21 dem
653 1041 113 26 ätföljande
786 1047 92 15 reserva-

64 1069 69 21 tioner
147 1069 74 24 skulle,
241 1075 74 20 genom
337 1069 118 21 utskottens
478 1069 87 26 försorg,
588 1069 32 21 till
642 1069 59 27 tryck
723 1069 108 21 befordras
850 1069 28 26 pä

64 1098 89 20 svenska
176 1098 39 21 och
235 1097 66 22 finska
323 1097 90 27 spräken
435 1097 31 21 till
491 1098 34 20 det
540 1097 57 22 antal
620 1098 110 26 exemplar,
754 1099 31 19 att
807 1098 71 25 hvarje

64 1125 159 27 landtdagsman
241 1129 53 18 samt
309 1133 25 14 en
349 1126 52 21 hvar
415 1125 22 21 af
450 1126 99 21 ständens
565 1126 39 21 och
619 1126 118 21 utskottens
747 1125 130 22 sekreterare

63 1154 40 21 och
118 1154 174 27 kanslibetjening
308 1154 60 21 deraf
381 1153 69 22 kunde
465 1154 80 21 erhålla
560 1156 30 19 ett
606 1155 104 26 exemplar
725 1155 12 20 å
758 1155 34 20 det
814 1154 63 27 språk

64 1182 41 21 han
121 1185 23 19 är
159 1183 88 26 mäktig;
263 1183 104 21 äfvensom
384 1185 31 18 att
435 1183 157 21 statsutskottet
607 1183 67 21 skulle
696 1183 135 26 bemyndigas
846 1185 32 18 att

63 1211 49 27 ingä
127 1211 31 21 till
173 1211 68 22 finans
256 1211 143 27 expeditionen
415 1211 6 20 i
436 1211 116 26 Kejserliga
567 1211 90 22 Senaten
673 1212 46 21 med
734 1211 97 22 anhällan
844 1217 34 15 om

63 1240 160 21 utanordnande
238 1239 22 22 af
273 1239 67 22 medel
356 1239 45 22 från
417 1241 137 20 statsverkets
574 1240 111 25 tillgångar
708 1239 56 22 såväl
787 1239 31 22 till
839 1239 37 22 be-

63 1269 108 20 stridande
187 1269 21 20 af
222 1269 115 20 kostnaden
353 1269 32 20 för
395 1268 133 21 förenämnde
539 1268 157 21 betänkandens
706 1268 115 27 tryckning,
832 1274 44 15 som

63 1297 32 20 till
111 1296 108 22 aflönande
235 1297 22 20 af
269 1297 130 21 sekreterare
415 1297 39 20 och
469 1297 105 26 betjening
589 1297 34 20 vid
638 1297 119 21 utskottens
779 1296 97 26 kanslier,

63 1325 115 26 hvarjemte
192 1325 159 22 Prestaständet
366 1325 31 20 för
419 1325 31 21 sin
467 1325 33 21 del
522 1325 85 21 beslutit
628 1327 31 18 att
680 1325 57 21 äfven
760 1324 116 27 Kejserliga

64 1353 91 21 Senaten
170 1353 66 21 borde
251 1353 7 21 i
273 1353 131 26 erforderligt
420 1353 56 21 antal
492 1353 105 27 exemplar
612 1353 79 21 erhålla
706 1353 33 21 del
760 1353 21 21 af
801 1353 75 20 omför-

64 1381 68 21 mälde
148 1381 153 26 betänkanden,
316 1381 72 22 hvarat
403 1383 30 19 ett
449 1381 81 21 derföre
545 1382 72 26 nödigt
627 1384 68 19 större
705 1382 57 21 anta]
772 1381 105 27 exemplar

62 1409 66 22 borde
143 1409 89 27 tryckas.

130 1465 69 21 Jemte
215 1465 34 21 det
264 1465 49 21 herr
334 1465 174 22 Talmannen
500 1461 15 34 i
531 1465 111 26 anledning
667 1465 60 21 häraf
748 1465 127 23 meddelade,

62 1495 33 20 att
110 1494 177 27 Borgareständet
302 1493 60 22 äfven
377 1494 40 21 fätt
437 1496 106 24 emottaga
559 1493 163 28 Ridderskapets
738 1494 38 21 och
799 1493 77 22 Adelns

64 1523 124 21 omnämnda
205 1522 128 28 inbjudning,
349 1529 46 15 men
410 1524 32 20 att
457 1523 87 21 ärendet
558 1525 56 18 ännu
625 1523 46 21 icke
690 1523 67 21 blifvit
771 1523 6 20 i
792 1523 84 21 ständet
