1700 1981
607 212 182 22 Borgareständet.
814 214 55 17 1867.
892 214 12 16 6
917 214 61 17 Mars.
1133 209 40 21 129

384 298 103 21 oväntadt
510 296 51 22 eller
582 297 66 21 verka
669 297 160 22 afskräckande.
865 298 47 21 Den
934 298 95 22 enskilda
1051 298 42 21 blir
1113 298 7 21 i
1142 299 60 21 detta

386 332 43 14 som
446 326 67 20 andra
528 326 37 20 fall
580 327 92 25 tvungen
687 327 32 19 att
734 326 136 21 underordna
881 326 32 21 sin
928 326 54 26 åsigt
992 326 67 22 under
1069 326 73 26 lagens
1152 327 50 21 bud.

385 353 61 22 Hvad
472 354 102 21 särskildt
595 354 100 21 beträffar
713 354 74 27 frågan
809 360 34 16 om
864 354 73 25 haren,
952 355 29 25 så,
997 356 52 20 utan
1064 356 32 20 att
1111 355 92 21 tillmäta

384 382 44 26 mig
443 382 69 26 någon
528 382 117 21 auktoritet
660 382 7 20 i
682 384 77 24 ämnet,
775 382 94 22 anhåller
878 383 36 27 jag
925 383 75 21 endast
1009 383 22 21 få
1041 383 70 21 erinra
1121 383 79 26 derom,

385 412 31 19 att
440 411 112 21 ständerne
574 410 35 21 vid
634 412 83 20 senaste
737 411 107 27 landtdag,
860 411 53 21 efter
927 418 26 14 en
969 412 83 26 mycket
1067 411 74 21 ordrik
1155 411 47 26 och,

385 438 68 22 såsom
475 438 37 27 jag
535 438 64 22 också
621 440 36 20 vill
679 439 86 27 hoppas,
789 440 71 20 sakrik
881 440 125 26 diskussion,
1025 439 83 22 beslöto
1123 442 33 19 att
1170 440 32 22 uti

384 468 62 20 deras
473 468 121 21 infordrade
617 468 40 21 och
679 467 79 28 afgifna
779 468 98 27 yttrande
898 468 108 26 angående
1027 468 120 26 grunderne
1169 468 33 22 för

384 496 70 21 denna
469 502 29 15 nu
513 496 120 27 föreslagna
645 496 124 28 jagtstadga
785 496 37 22 hos
838 496 59 22 Hans
907 496 118 28 Kejserliga
1035 496 101 27 Majestät
1146 496 56 22 före-

384 524 38 26 slå,
438 526 32 20 att
485 524 65 22 haren
566 525 68 21 skulle
649 525 6 21 i
671 525 40 21 den
726 525 105 22 blifvande
845 526 158 26 propositionen
1019 528 104 24 upptagas
1138 525 64 22 bland

384 554 78 27 nyttigt
477 553 107 26 vildbråd;
600 554 39 21 och
653 554 36 26 jag
704 554 37 21 ber
757 556 32 18 att
803 554 22 21 få
839 554 117 24 framhålla,
972 554 54 22 huru
1042 554 109 27 olämpligt
1166 554 36 22 det

384 588 56 21 vore,
462 588 40 21 om,
518 582 65 22 sedan
599 582 60 22 Hans
674 582 117 27 Kejserliga
806 583 99 26 Majestät
919 589 28 15 nu
962 582 46 28 gått
1023 583 69 21 denna
1107 582 94 22 ständer-

385 617 38 15 nas
439 611 80 21 önskan
538 612 33 20 till
586 613 75 25 mötes,
677 612 114 21 ständerne
807 612 66 21 skulle
888 615 76 18 stanna
978 612 7 21 i
1000 618 26 15 en
1041 613 88 20 motsatt
1140 611 61 27 åsigt.

452 679 57 21 Herr
524 680 173 26 Lindeqvist:
713 679 144 22 förekommen
872 680 23 21 af
908 680 56 21 Herr
974 676 118 30 Öhrnberg,
1105 680 97 21 anhåller

382 707 38 28 jag
440 707 75 22 endast
532 709 33 20 att
587 709 33 20 till
643 708 54 21 hvad
720 708 41 21 han
785 709 70 21 anfört
877 709 7 20 i
900 708 97 22 afseende
1012 708 13 21 å
1039 707 127 22 bemötande
1181 708 23 21 af

385 737 55 21 Herr
463 736 128 22 Cedermans
613 739 82 19 senaste
717 737 99 26 yttrande
837 737 20 21 få
877 737 93 26 tillägga,
993 739 31 18 att
1043 737 36 21 det
1094 736 66 22 finnes
1176 743 26 15 en

385 768 45 18 stor
451 765 78 26 mängd
552 765 99 27 djurslag,
674 771 34 16 om
731 765 81 21 hviikas
834 765 131 22 hänförande
985 765 32 21 till
1037 765 40 21 den
1096 771 40 15 ena
1151 765 51 21 eller

384 794 66 21 andra
472 794 23 21 af
514 793 161 27 ifrågavarande
694 794 82 21 klasser
791 795 135 26 meningarne
942 794 19 26 ej
976 795 71 20 kunna
1061 800 51 15 vara
1127 793 74 22 delade

385 825 15 18 t.
424 829 31 14 ex.
472 823 26 20 de
513 822 108 21 såkallade
637 822 116 27 högdjuren
769 823 38 21 och
823 822 156 27 hönsfåglarne,
995 829 33 14 om
1043 822 83 21 hvilkas
1141 824 61 25 nytta

384 851 43 21 alla
444 853 37 19 äro
497 857 49 15 ense
562 853 55 19 samt
633 851 12 20 å
660 851 65 21 andra
740 851 60 21 sidan
815 853 15 18 t.
847 858 30 14 ex.
894 851 88 26 björnen
997 851 39 20 och
1051 857 84 20 vargen,
1150 851 51 20 hvil-

386 879 38 21 kas
447 879 105 27 egenskap
577 879 24 21 af
619 879 114 27 skadedjur
755 882 24 18 är
801 880 44 20 lika
865 879 130 27 obestridlig.
1024 879 40 27 Jag
1083 885 63 15 anser
1161 879 40 21 den

386 908 159 26 ifrågavarande
568 907 180 22 klassifikationen
771 908 82 22 derföre
874 908 60 21 äfven
949 908 27 26 på
992 908 68 21 denna
1075 909 68 25 grund
1158 907 44 22 för-

385 943 61 15 svara
461 937 32 20 sin
508 937 62 26 plats.

454 1005 57 20 Herr
534 1005 124 26 Östring:
681 1005 44 20 lika
739 1005 48 20 med
803 1005 25 21 de
844 1005 35 20 två
895 1007 82 19 senaste
993 1005 82 20 talarne
1091 1011 61 15 anser
1166 1005 36 26 jag

386 1033 42 26 mig
453 1033 53 21 böra
528 1035 97 24 motsäga
646 1033 54 21 Herr
721 1033 127 21 Cedermans
870 1033 79 26 förslag
971 1039 33 15 om
1029 1033 135 22 uteslutande
1182 1033 22 21 af

385 1062 69 21 denna
479 1062 18 26 $
528 1062 65 20 Detta
611 1061 67 21 skulle
694 1062 109 26 nemligen,
819 1064 58 18 utom
892 1061 56 22 hvad
963 1061 66 22 redan
1044 1062 95 21 deremot
1155 1062 49 20 blif-

386 1091 30 20 vit
440 1090 104 25 anmärkt,
567 1091 19 25 ej
609 1090 89 27 bespara
713 1091 38 25 tid,
767 1091 50 20 utan
833 1091 96 26 tvertom,
945 1092 22 24 ty
983 1090 25 21 de
1024 1090 57 21 olika
1096 1089 106 27 åsigterna

386 1119 68 21 skulle
470 1119 82 21 ändock
567 1118 52 21 söka
634 1121 32 18 att
681 1119 66 20 under
763 1118 145 22 diskussionen
923 1121 53 24 göra
991 1119 31 26 sig
1037 1119 104 26 gällande,
1155 1124 47 16 men

386 1147 20 26 ej
421 1148 28 26 på
465 1149 31 19 ett
510 1149 51 19 utan
576 1147 28 27 på
618 1147 50 21 flere
683 1147 75 21 ställen
775 1147 64 21 deraf.
869 1147 60 21 Hvad
945 1147 100 21 beträffar
1061 1147 35 20 det
1106 1153 30 15 nu
1147 1146 57 22 före-

387 1176 92 21 varande
504 1176 67 21 första
593 1177 116 20 momentet
731 1175 22 21 af
773 1175 41 26 $:n,
830 1175 23 21 så
868 1176 34 21 vill
917 1175 42 27 jag,
976 1175 66 21 ehuru
1055 1176 37 26 jag
1107 1176 19 26 ej
1141 1182 63 15 anser

385 1205 121 25 gräsanden
528 1210 51 15 vara
603 1204 23 21 så
646 1210 55 19 noga
715 1205 27 26 på
757 1204 132 25 födoämnen,
905 1210 46 15 som
966 1204 55 21 Herr
1036 1205 70 26 Bergh
1121 1205 82 26 uppgif-

388 1234 36 23 vit,
446 1235 52 25 utan
520 1233 107 26 verkligen
649 1234 52 25 göra
717 1233 66 20 skada
799 1233 58 20 äfven
873 1233 27 26 på
915 1233 46 25 fisk,
977 1232 71 26 likväl,
1063 1233 29 26 på
1107 1233 35 20 det
1158 1233 46 20 skäl

387 1261 55 21 Herr
458 1261 112 26 Öbrnberg
589 1261 71 21 anfört
676 1261 50 21 eller
741 1263 32 18 att
788 1261 82 21 landets
886 1261 85 21 ständer
986 1261 35 20 vid
1036 1263 83 19 senaste
1135 1261 69 21 landt-

388 1291 40 25 dag
452 1290 102 21 hänförde
577 1289 122 22 densamma
721 1289 32 21 till
778 1290 35 20 det
835 1290 81 26 nyttiga
941 1289 124 25 vildbrådet,
1078 1295 45 15 som
1138 1289 66 21 borde

388 1318 104 27 fridlysas,
508 1318 60 21 äfven
583 1318 34 21 för
631 1318 42 21 min
689 1318 33 21 del
737 1317 26 27 gå
778 1319 21 19 in
815 1317 75 28 derpå;
906 1324 48 15 men
969 1318 67 21 måste
1047 1318 95 21 deremot
1152 1317 54 22 fort-

387 1347 89 20 farande
498 1347 60 26 yrka,
581 1348 32 19 att
637 1347 42 20 alla
701 1347 67 25 öfriga
786 1347 6 20 i
809 1347 58 20 detta
881 1348 94 19 moment
990 1346 53 21 efter
1059 1347 25 20 de
1100 1347 106 26 egentliga

388 1375 148 26 hönsfåglarne
557 1377 107 24 upptagne
681 1375 101 27 fågelslag
803 1375 66 21 måtte
887 1375 104 21 uteslutas
1013 1375 47 20 från
1081 1375 25 21 de
1121 1375 84 27 fridlys-

388 1406 33 19 tas
437 1404 65 21 antal.

457 1466 56 21 Herr
537 1461 97 32 Bårgh:
656 1466 7 21 i
686 1466 112 27 anledning
820 1465 23 21 af
859 1466 55 21 Herr
928 1465 163 28 Bronikowskijs
1106 1466 99 27 yttrande

389 1495 109 26 angående
521 1496 84 20 arterna
628 1495 23 20 af
668 1495 125 26 andslägtet,
817 1495 37 20 ber
871 1495 37 26 jag
923 1495 21 20 få
958 1495 95 26 upplysa,
1069 1496 32 19 att
1116 1495 89 21 vianden

389 1525 25 19 är
435 1523 126 21 densamma.
578 1523 48 21 med
649 1524 39 20 den
711 1523 22 21 af
747 1524 42 25 mig
804 1522 125 22 omnämnda
945 1523 119 21 bläsanden.
1095 1523 39 21 Att
1148 1523 58 22 krik-

390 1551 68 21 anden
482 1551 100 20 särskildt
604 1551 122 25 uppräknas
742 1551 65 20 bland
823 1551 25 21 de
863 1551 96 25 fridlysta
973 1552 84 19 arterne
1073 1551 22 20 af
1108 1551 98 26 andsläg-

390 1581 31 19 tet
443 1578 36 22 vill
500 1579 36 26 jag
558 1585 65 19 gerna
640 1578 27 27 gå
682 1579 21 20 in
718 1578 35 26 på,
769 1578 67 21 ehuru
851 1579 40 20 den
907 1580 23 18 är
945 1585 59 14 mera
1018 1579 94 26 sällsynt.
1142 1579 64 21 Emot

389 1606 58 23 Herr
469 1607 133 27 Lindeqvists
621 1606 54 28 åsigt
690 1608 32 20 att
737 1607 65 21 haren
818 1613 50 15 vore
884 1606 123 27 tillräckligt
1022 1606 95 28 skyddad
1132 1608 76 20 endast

1127 1646 11 18 9
