1084 1842
215 137 41 21 590
399 139 182 23 Borgareståndet.
607 140 54 17 1867.
685 140 27 17 24
723 140 63 21 April.

254 224 44 27 2:0)
314 224 67 22 Gillar
401 224 86 21 ståndet
509 224 56 21 Herr
585 224 81 26 Berghs
688 224 80 26 förslag
790 224 79 25 derom,
890 224 33 20 att
945 223 64 21 den
997 219 16 36 i

186 253 116 21 utskottets
316 252 89 22 motiver
420 252 33 21 till
476 252 4 27 $
497 253 10 21 1
524 253 88 26 intagna
625 254 72 19 satsen
713 252 73 24 ,lifvet
803 254 22 19 är
828 252 58 28 icke
901 252 28 26 på
943 253 66 19 annat

186 283 44 21 sätt
251 281 131 21 okränkbart
397 282 27 20 än
438 281 105 21 friheten"
559 281 108 21 äfvensom
683 280 55 22 hvad
753 280 56 22 Herr
825 280 111 27 Öhrnberg
952 281 59 20 emot

186 310 117 22 motiverna
318 309 99 21 anmärkt
431 309 47 21 icke
492 309 40 21 bör
547 309 49 27 ingå
611 309 6 21 i
633 310 125 21 ständernas
773 308 144 28 underdåniga
932 315 49 15 svar
995 308 14 22 å

188 339 40 21 den
243 338 78 27 nådiga
336 337 175 27 propositionen?

254 400 164 28 Propositionen
432 400 128 22 besvarades
576 400 102 26 enhälligt
691 400 100 26 jakande,

256 464 26 26 $$
298 464 20 25 2,
334 463 19 26 3,
368 464 14 20 4
398 463 39 21 och
452 464 12 20 5
480 462 123 27 godkändes
617 464 54 20 utan
685 462 127 22 diskussion.

573 553 16 27 $
603 554 20 20 6.

257 616 41 22 Vid
313 615 156 28 behandlingen
484 616 23 20 af
520 616 71 21 denna
605 615 12 27 $
632 616 120 27 uppträdde
767 615 92 27 följande
874 616 79 21 talare:

256 679 55 21 Herr
327 678 111 27 Östring:
455 679 32 21 för
502 678 44 22 min
561 678 34 22 del
605 678 42 21 kan
657 678 35 27 jag
702 678 47 22 icke
759 678 62 24 finna,
832 678 56 22 hvad
897 678 114 27 anledning

187 708 112 21 Utskottet
313 707 47 21 haft
376 707 31 21 till
422 708 32 20 att
469 708 78 26 skärpa
562 707 40 21 den
612 707 7 21 i
631 707 159 27 propositionen
805 706 34 22 för
848 706 162 28 ifrågavarande

187 736 59 22 brott
260 738 110 24 upptagna
384 735 231 26 straffbestämmelsen,
631 735 40 21 och
686 736 36 20 det
737 736 56 20 ända
807 735 88 26 derhän,
911 737 33 19 att
958 737 54 25 göra

188 771 26 15 en
230 770 76 21 person
329 764 91 24 lidande,
443 770 45 15 som
503 764 49 22 med
566 764 83 21 brottet
663 764 88 20 alldeles
766 763 55 22 intet
835 764 39 21 har
889 764 33 21 att
936 763 75 22 skaffa.

180 793 39 26 -Ty
235 794 35 20 det
285 793 42 21 kan
342 793 84 26 mycket
441 792 41 21 lätt
496 792 78 24 hända,
589 794 32 19 att
636 792 41 21 den
692 792 111 26 brottslige
818 792 47 22 icke
878 792 42 21 kan
931 794 81 20 ersätta

189 822 81 26 djurets
285 823 65 24 ägare
365 821 81 21 skadan
461 820 34 22 för
510 821 82 27 djurets
607 820 86 26 förlust;
710 821 39 21 och
765 820 69 27 någon
849 827 70 15 annan
934 822 77 20 ersätt-

188 850 50 26 ning
254 852 122 19 omnämner
391 850 18 26 ej
425 849 67 21 heller
506 849 146 27 lagförslaget.
682 849 89 21 Derföre
786 849 64 27 yrkar
863 849 36 27 jag
914 849 28 27 på
952 851 59 19 anta-

189 878 78 28 gandet
282 878 22 21 af
318 878 59 22 detta
392 878 116 26 stadgande
520 878 8 21 i
540 877 93 27 enlighet
643 878 48 20 med
703 877 40 21 den
756 877 78 27 nådiga
845 878 166 27 propositionen.

257 941 57 22 Herr
328 940 83 23 Holm:
425 941 37 26 jag
476 941 86 21 förenar
577 940 42 27 mig
634 940 49 22 med
697 941 57 21 Herr
769 936 92 31 Östring.

258 1003 56 22 Herr
337 1003 151 26 Ohrnberg:
510 1003 116 22 utskottets
647 1003 134 22 betänkande
796 1003 7 21 i
818 1003 69 22 denna
902 1003 35 22 del
951 1003 62 22 torde

190 1031 54 25 icke,
265 1032 69 21 såvidt
354 1031 37 27 jag
412 1031 40 21 har
467 1031 43 27 mig
525 1031 86 24 bekant,
627 1032 100 32 uttrycka
741 1032 272 21 utskottsmedlemmarnes

190 1059 105 28 enhälliga
317 1060 65 26 äsigt;
404 1061 52 20 utan
477 1061 92 20 tvärtom
592 1065 51 16 voro
665 1061 57 20 inom
744 1060 107 21 utskottet
868 1059 83 28 många,
966 1066 46 15 som

191 1088 79 27 ansågo
286 1088 158 32 propositionen
460 1088 63 21 hafva
538 1089 114 24 företräde,
669 1088 67 21 ehuru
751 1089 26 20 de
792 1088 46 21 icke
853 1076 76 33 ansett
939 1077 74 38 nödigt

190 1118 32 19 att
245 1122 108 15 reservera
374 1117 32 26 sig
424 1115 8 21 i
452 1116 81 27 frågan.
562 1116 41 21 Till
625 1104 48 33 stöd
695 1117 32 21 för
748 1117 116 21 utskottets
886 1116 126 27 tillgörande

189 1145 74 20 kunna
284 1145 46 21 icke
354 1145 68 20 andra
444 1145 46 20 skäl
508 1144 104 27 åberopas
627 1146 27 19 än
669 1145 32 26 de,
717 1151 46 15 som
778 1145 81 21 anförts
873 1145 8 20 i
895 1145 117 21 utskottets

190 1173 141 25 betänkande,
355 1173 39 21 och
412 1179 62 15 anses
489 1173 62 22 dessa
565 1173 46 21 skäl
626 1173 47 22 icke
688 1157 202 47 tillfredsställande,
905 1173 25 22 så
944 1173 69 22 måste

190 1201 116 22 utskottets
328 1201 80 27 förslag
428 1201 46 21 häri
496 1202 155 21 underkännas.
682 1202 43 21 För
739 1203 44 20 min
799 1202 33 21 del
848 1202 54 22 skall
915 1203 37 26 jag
965 1201 48 22 icke

190 1230 112 21 underlåta
317 1232 32 19 att
364 1230 70 21 dertill
449 1230 94 27 bidraga.

260 1292 56 21 Herr
338 1291 118 22 Ottelin:
471 1293 7 20 i
494 1292 93 27 enlighet
608 1292 48 21 med
678 1293 55 20 hvad
753 1293 37 26 jag
805 1293 65 21 redan
885 1293 7 20 i
907 1293 106 20 utskottet

192 1321 74 24 röstat,
289 1320 67 22 måste
377 1320 37 27 jag
435 1320 61 21 äfven
518 1327 29 14 nu
569 1321 53 26 yrka
644 1321 27 26 på
694 1321 119 26 antagande
833 1321 22 21 af
872 1321 40 21 den
935 1321 78 26 nådiga

191 1349 159 26 propositionen
365 1348 7 21 i
388 1349 68 21 denna
471 1349 39 21 del.

260 1409 61 22 Efter
336 1409 70 21 slutad
421 1409 119 22 diskussion
550 1410 131 21 framställde
691 1410 56 21 Herr
757 1410 167 21 Talmannen
933 1410 79 21 nedan-

192 1438 87 22 stående
294 1438 142 26 proposition:

261 1501 95 27 Antager
378 1501 85 22 ståndet
482 1501 140 22 förevarande
642 1501 153 28 lagstadgande
817 1501 65 28 enligt
897 1501 116 22 utskottets

193 1529 93 28 förslag?
308 1530 52 21 eller
375 1530 7 21 i
398 1529 217 23 öfverensstämmelse
629 1530 48 22 med
692 1531 41 20 den
747 1530 79 28 nådiga
840 1530 173 28 propositionen?
