1084 1781
218 110 40 21 166
417 114 181 22 Borgareståndet.
623 115 53 17 1867.
700 114 10 17 6
724 114 61 18 Mars.

188 201 87 26 påföljd,
298 207 45 15 som
362 201 42 20 kan
426 200 81 21 drabba
527 201 84 26 honom,
626 200 125 21 inskränker
766 201 32 25 sig
812 200 32 21 till
859 196 89 30 varning
962 199 39 21 och

188 229 178 26 tillrättavisning.

195 309 9 4 <
256 285 55 22 Herr
332 285 176 22 Granström:
535 285 66 26 jemte
624 285 35 21 det
680 285 35 26 jag
729 285 84 21 förenar
829 285 42 26 mig
885 285 47 20 med
946 284 56 21 Herr

190 314 118 26 Öhrnberg,
332 314 67 21 skulle
423 314 36 26 jag
474 314 85 21 förorda
574 314 127 25 antagandet
716 313 22 21 af
751 313 55 21 hvad
820 315 86 24 prosten
921 312 59 21 Siren
995 313 7 20 i

190 343 32 20 sin
237 342 128 21 reservation
381 344 56 19 emot
452 341 114 22 utskottets
582 342 132 21 betänkande
729 342 7 20 i
770 342 25 21 19
806 341 115 26 föreslagit,
933 341 68 20 såsom

189 370 33 21 för
238 370 130 21 ändamålets
382 370 103 21 vinnande
500 370 129 26 tillräckligt.

257 427 69 22 Sedan
348 427 118 21 diskussion
489 427 6 21 i
518 428 70 20 ämnet
610 426 100 27 upphört,
728 426 132 21 framställde
879 426 55 21 Herr
947 425 54 22 Tal-

189 462 110 15 mannen
315 455 32 22 till
361 455 95 22 ståndets
471 455 129 22 besvarande
615 455 91 26 följande
721 455 164 26 propositioner:

258 512 42 26 1:0)
330 512 93 26 Antager
445 512 84 21 ståndet
546 511 69 22 första
629 513 115 20 momentet
760 511 22 22 af
796 512 13 25 8
825 512 26 21 19
866 512 7 20 i
888 511 115 21 utskottets

189 540 132 22 bstänkande
337 541 154 21 oförändradt?

257 597 76 21 Denna
354 597 130 26 proposition
507 597 126 21 besvarades
656 597 22 21 af
695 597 85 21 ståndet
794 596 98 27 erhälligt
905 596 96 27 jakande.

258 653 43 27 2:0)
317 653 42 22 Vill
375 653 83 22 ståndet
472 654 41 21 till-
521 654 131 26 proposition
667 653 8 21 i
690 655 70 20 ämnet
776 655 76 25 antaga
867 655 114 20 momentet
995 653 8 21 i

191 683 36 20 det
242 682 57 21 förra
313 682 134 21 alternativet
463 682 22 21 af
499 682 12 27 $
528 683 25 20 19
568 682 7 21 i
591 682 144 21 betänkandet
750 683 51 20 eller
815 688 80 15 samma
911 684 92 19 moment

189 711 8 21 i
212 711 36 21 det
263 717 74 15 senare
352 710 148 22 alternativet?

258 767 37 25 De,
317 773 46 16 som
387 767 65 22 önska
467 768 36 21 det
516 767 64 26 förra,
597 773 61 16 svara
670 767 29 27 ja,
716 767 38 22 och
771 767 31 26 de,
818 767 71 22 hvilka
903 767 49 27 vilja
968 767 35 22 det

191 802 81 19 senare,
287 802 62 16 svara
364 797 39 26 nej.

259 853 83 27 Frågan
363 853 45 22 blef
429 853 22 21 af
468 853 84 21 ståndet
567 853 103 22 besvarad
686 853 46 21 med
748 853 152 27 öfvervägande
915 853 87 27 plurali-

191 883 31 20 tet
242 881 103 27 jakande;
369 881 82 27 tillfölje
466 881 75 22 hvaraf
555 882 67 21 andra
636 883 114 20 momentet
765 882 7 20 i
787 882 35 21 det
836 881 58 22 förra
909 881 92 22 alterna-

190 910 52 21 tivet
256 910 23 21 af
291 911 12 24 $
320 911 25 20 19
361 910 68 21 skulle
443 909 70 22 såsom
528 910 130 26 proposition
674 910 122 26 uppställas.

258 966 59 21 Härä
331 966 131 22 framställde
477 967 55 21 Herr
547 967 166 21 Talmannen
728 966 92 27 följande
835 968 76 20 tvenne
925 965 78 28 förslag

190 995 33 21 till
234 995 217 26 kontraproposition
443 991 13 34 :

258 1052 69 21 Anser
349 1052 90 26 ständet,
457 1054 32 19 att
504 1052 48 21 hela
567 1052 66 21 andra
649 1054 114 19 momentet
778 1052 7 21 i
800 1052 36 20 det
851 1058 73 15 senare
939 1052 63 21 alter-

190 1080 80 22 nativet
285 1080 24 21 af
322 1081 11 25 $
350 1080 25 21 19
390 1080 6 21 i
412 1080 115 22 utskottets
543 1080 133 22 betänkande
692 1080 39 21 bör
746 1080 65 27 utgä?
827 1080 51 22 eller

258 1137 42 21 Vill
315 1136 84 22 ståndet
421 1137 32 21 till
473 1138 115 26 stadgande
612 1137 7 21 i
642 1139 70 19 ämnet
732 1139 78 24 antaga
831 1137 36 21 det
882 1137 21 21 af
917 1139 86 24 prosten

192 1164 60 22 Sirén
273 1165 7 21 i
302 1165 53 22 hans
378 1168 56 18 emot
456 1166 10 25 $
484 1166 23 20 19
524 1166 6 20 i
545 1165 115 21 utskottets
676 1165 133 21 betänkande
824 1165 97 21 anmälda
937 1171 66 15 reser-

189 1194 71 20 vation
274 1193 75 27 gjorda
363 1193 86 27 förslag.

258 1250 38 23 De,
312 1256 45 14 som
373 1250 92 21 önskade
477 1252 77 24 antaga
564 1250 40 21 den
614 1250 58 21 förra
684 1250 240 26 kontrapropositionen,
935 1250 67 21 skulle

191 1284 61 15 svara
265 1278 98 26 jakande,
381 1278 38 21 och
435 1279 31 25 de,
482 1278 72 21 hvilka
568 1278 114 21 förordade
697 1279 128 26 antagandet
839 1278 24 21 af
871 1279 40 21 den
922 1284 79 20 senare,

190 1312 62 15 svara
266 1306 103 22 nekande.

258 1362 75 20 Denna
355 1362 60 26 fråga
438 1362 44 21 blef
502 1362 23 20 af
546 1362 86 21 ståndet
654 1362 104 21 besvarad
778 1363 48 20 med
849 1362 153 27 öfvervägande

189 1390 107 26 pluralitet
315 1390 99 27 jakande,
430 1390 98 22 hvarföre
544 1390 42 22 den
600 1390 59 22 förra
673 1390 235 28 kontrapropositionen
925 1391 43 21 blef
981 1391 23 21 af

188 1418 83 22 ståndet
285 1419 106 26 godkänd.

258 1476 55 22 Herr
333 1476 159 22 Talmannen
514 1476 131 22 framställde
668 1483 28 15 nu
717 1477 31 22 till
764 1477 93 23 ståndets
874 1478 128 22 besvarande

189 1504 92 28 följande
296 1506 141 26 proposition:
