1084 1786
296 132 181 22 Borgareståndet.
500 133 55 17 1867.
579 133 25 17 26
618 133 61 17 Mars.
841 128 38 21 301

92 220 66 27 högre
181 220 39 21 och
241 220 38 21 bör
301 220 87 20 inverka
410 219 158 22 bestämmdnde
590 220 27 26 på
640 219 41 21 alla
696 219 47 21 dess
758 219 150 26 tillgöranden;

92 248 40 22 och
147 249 58 21 detta
220 250 25 19 är
259 248 36 21 det
310 248 124 26 tillbörligas
454 248 39 20 och
508 248 112 26 skickligas
635 248 65 20 makt.
730 247 109 22 Utskottet
854 248 55 20 hade

92 277 47 21 med
163 277 46 21 skäl
230 276 113 22 blottställt
358 276 31 26 sig
403 276 32 21 för
450 282 26 15 en
491 276 90 26 befogad
596 276 142 25 anmärkning,
755 282 34 15 om
805 276 103 21 utskottet

92 305 73 21 tillåtit
186 305 32 26 sig
239 307 38 23 att,
299 306 51 19 utan
365 305 74 20 hinder
454 304 23 21 af
490 304 164 26 Ridderskapets
670 303 37 22 och
724 303 78 22 Adelns
818 303 68 22 beslut
901 304 6 20 i

91 333 140 28 nyssberörda
251 333 64 27 fråga,
340 333 37 21 hos
398 332 96 27 samtliga
516 332 88 21 stånden
627 331 38 22 och
687 332 81 21 således
791 332 59 21 äfven
869 332 38 21 hos

89 361 156 28 Ridderskapet
253 362 38 21 och
303 361 67 22 Adeln
381 361 75 22 föreslå
467 361 128 27 antagandet
605 360 22 22 af
635 361 155 27 propositionen
800 361 107 26 angående

92 397 26 21 ny
140 391 175 26 konkursstadga,
331 391 6 20 i
353 390 26 21 de
400 390 63 26 delar,
486 397 45 14 som
554 390 53 27 angå
629 390 40 21 den
690 389 115 22 forensiska
824 389 81 28 frågan;

90 419 40 21 och
151 419 104 22 utskottet
277 419 54 22 hade
353 419 40 21 fätt
413 419 58 21 finna
492 419 31 26 sig
546 419 74 26 deruti,
643 425 33 14 om
699 418 153 27 Ridderskapet
868 418 38 21 och

89 447 75 26 Adeln,
183 448 66 26 jemte
269 449 36 20 det
320 448 117 21 detsamma
452 447 54 21 hade
521 447 133 21 äterförvisat
668 446 79 27 frägan,
763 447 144 21 tillrättavisat

90 477 112 24 utskottet,
226 476 33 21 för
281 477 35 20 det
338 476 104 21 utskottet
464 475 87 22 sälunda
573 475 107 28 ignorerat
697 475 154 26 Ridderskapet
867 475 38 22 och

90 504 80 21 Adelns
192 505 75 20 beslut.
298 505 64 21 Detta
385 505 63 20 borde
471 505 104 20 utskottet
590 504 23 21 sä
628 504 82 27 mycket
728 504 65 21 hellre
808 504 97 25 undvika,

89 539 46 14 som
159 532 31 22 ett
212 534 75 20 sädant
302 533 125 26 tillgörande
442 533 22 21 af
477 533 104 20 utskottet
597 533 74 20 endast
686 532 53 21 hade
754 532 105 22 föranledt
873 532 32 21 till

90 561 77 25 onödig
189 561 134 27 tidsutdrägt.
341 573 24 3 —
381 561 64 21 Detta
466 566 34 16 om
514 561 115 21 utskottets
644 560 130 27 tillgörande.
790 573 28 2 —
834 561 71 21 Under

88 589 157 26 förmiddagens
267 590 49 26 lopp
338 590 120 20 inhemtade
482 590 184 25 Borgareständet,
691 591 31 19 att
746 589 158 21 Bondeständet

89 618 65 21 redan
169 618 32 20 för
215 619 31 20 sin
262 618 33 21 del
310 617 46 22 icke
371 617 89 22 allenast
471 617 86 21 beslutit
568 619 31 19 att
609 617 137 21 efterkomma
755 617 149 26 lagutskottets

89 646 134 27 uppmaning,
238 648 51 19 utan
305 646 39 21 ock
360 649 31 18 att
406 646 106 21 utsträcka
528 645 149 27 inbjudningen
691 645 32 21 till
738 646 40 21 den
789 645 115 23 forensiska

88 675 74 26 frägan
176 675 7 21 i
198 675 48 21 hela
261 675 47 21 dess
323 675 54 25 vidd,
394 675 64 21 sädan
474 675 39 21 den
525 675 155 21 förekommer
670 671 12 35 i
692 675 38 20 den
742 675 75 26 nädiga
826 681 77 21 propo-

88 703 96 28 sitionen,
199 704 108 27 angående
325 704 86 27 behörig
427 703 90 22 domstol
532 703 32 21 för
578 703 133 27 upptagande
726 703 22 21 af
762 703 141 27 hvarjehanda

88 732 43 21 mål
145 733 92 20 rörande
258 732 119 22 frälsemän.
406 732 149 27 Lagutskottet
570 732 69 21 kunde
655 731 130 27 naturligtvis
801 732 51 27 icke,
868 739 34 15 om

83 761 107 21 utskottet
213 761 39 21 ock
274 763 70 20 ansett
367 761 35 21 det
424 761 90 26 önskligt
537 763 31 18 att
591 761 162 26 Ridderskapets
770 761 38 20 och
823 761 79 22 Adelns

84 789 69 21 beslut
173 789 132 22 fränträddes
320 789 7 21 i
343 790 40 21 alla
406 790 47 21 dess
476 789 103 21 särskilda
601 789 64 24 delar,
680 789 76 22 föreslä
772 789 88 22 ständen
876 796 25 15 en

83 818 23 21 sä
122 817 130 22 omfattande
267 818 129 27 inbjudning.
426 817 86 22 Säledes
527 817 61 22 faller
603 818 104 21 utskottet
722 818 18 26 ej
757 817 66 22 heller
838 819 64 26 nägot

82 846 8 21 i
106 846 68 21 denna
197 846 33 21 del
253 846 47 21 med
320 847 45 21 skäl
381 847 31 20 till
428 846 46 21 last.
504 846 41 21 Vid
560 847 65 20 första
640 847 114 26 päseendet
769 846 38 21 och
824 846 26 21 dä
866 847 35 21 det

83 874 143 26 meddelande,
250 875 84 21 ständet
353 875 83 21 erhällit
457 875 45 21 frän
524 875 164 23 Bondeständet,
704 875 98 21 förvissar
816 876 85 20 ständet

82 902 81 27 derom,
179 905 32 19 att
225 910 25 14 en
265 903 65 22 sädan
346 903 122 27 inbjudning
483 903 94 21 kommer
593 905 31 19 att
639 903 38 21 hos
691 903 153 27 Ridderskapet
860 904 39 21 och

84 932 66 20 Adeln
166 934 67 24 göras,
249 932 41 21 kan
306 932 35 22 det
357 938 66 21 synas,
440 938 45 15 som
499 932 178 26 Borgareständet
692 932 69 22 kunde
776 931 32 22 för
823 932 32 21 sin
866 932 33 22 del

83 960 44 21 läta
141 960 74 27 frägan
229 961 88 24 förfalla,
331 962 3 20 i
345 962 40 20 den
400 961 144 27 förhoppning,
556 962 32 20 att
597 960 163 28 Ridderskapets
771 960 39 22 och
820 961 79 21 Adelns

83 988 125 28 tillgörande
223 990 8 21 i
246 990 111 27 anledning
379 990 22 21 af
420 990 40 21 den
482 990 105 21 blifvande
606 989 147 27 inbjudningen
769 989 67 22 blefve
852 990 47 21 det-

83 1024 85 20 samma,
185 1024 34 15 om
234 1018 148 28 inbjudningen
403 1021 59 24 göres
478 1019 22 21 af
514 1020 30 20 ett
559 1018 51 22 eller
625 1018 40 22 alla
681 1019 11 21 3
708 1018 77 22 ofrälse
800 1018 97 26 ständen;

83 1052 47 15 men
149 1047 36 26 jag
207 1047 68 22 skulle
297 1047 56 22 hälla
376 1048 50 25 före,
450 1050 31 18 att
492 1047 184 27 Borgareständet,
692 1053 34 15 om
742 1048 35 20 det
793 1047 105 26 begagnar

83 1075 39 21 den
145 1076 140 26 nyssnämnda
305 1076 180 27 omständigheten
508 1077 69 20 såsom
597 1076 148 26 förevändning
768 1077 31 19 att
814 1075 84 22 komma

81 1103 47 21 från
143 1103 70 26 saken,
229 1104 67 21 skulle
312 1104 116 21 blottställa
443 1105 31 26 sig
488 1104 32 21 för
536 1111 25 14 en
577 1104 89 26 befogad
681 1104 143 27 anmärkning,
837 1104 60 22 hvar-

82 1131 44 22 före
141 1138 47 15 man
204 1133 35 20 vid
253 1135 97 19 närmare
366 1133 108 26 besinning
488 1133 18 26 ej
522 1133 67 21 borde
603 1132 43 21 låta
661 1133 40 21 den
716 1133 182 26 omständigheten

80 1159 87 22 inverka
183 1161 26 26 på
225 1161 97 21 beslutet.
352 1161 30 27 Ty
397 1161 67 21 ehvad
480 1167 47 15 man
538 1167 66 20 anser,
616 1163 32 19 att
660 1167 24 15 en
696 1161 65 21 sådan
775 1161 122 27 inbjudning

81 1188 39 20 bör
134 1189 107 21 meddelas
257 1189 52 21 eller
323 1189 46 22 icke
384 1190 111 24 meddelas,
511 1191 23 19 så
549 1189 39 21 bör
603 1190 39 20 den
659 1190 187 26 omständigheten,
863 1196 33 14 om

82 1217 26 20 de
130 1217 65 27 öfriga
218 1218 88 21 stånden
329 1218 72 21 förena
421 1218 31 26 sig
475 1218 71 21 derom
569 1218 50 21 eller
641 1218 51 26 icke,
712 1224 50 15 vara
777 1218 33 20 för
824 1218 72 26 frågan

81 1245 85 21 alldeles
181 1246 134 21 fremmande.
340 1246 41 27 Jag
395 1246 79 21 tillåter
488 1247 42 25 mig
546 1246 81 22 derföre
642 1248 31 19 att
683 1252 93 21 upprepa
786 1246 42 21 min
839 1246 56 22 hem-

80 1273 82 25 ställan,
179 1274 36 21 det
233 1274 178 27 Borgareståndet
426 1276 66 20 måtte
507 1275 44 21 låta
567 1275 28 21 all
609 1274 144 28 betänklighet
768 1275 44 21 fara
828 1275 45 26 och,
889 1275 7 21 i

80 1302 138 22 medvetande
240 1302 22 22 af
283 1306 32 18 att
335 1304 83 20 ståndet
436 1304 6 20 i
460 1304 68 21 denna
551 1304 65 26 fråga,
640 1303 88 22 likasom
744 1304 6 20 i
766 1303 41 21 alla
830 1304 66 26 öfriga

78 1331 70 20 såsom
167 1332 37 25 jag
225 1331 87 27 hoppas,
336 1332 54 21 låter
412 1332 115 21 bestämma
548 1333 31 25 sig
596 1332 75 21 endast
685 1332 21 21 af
720 1332 120 21 samhällets
856 1332 40 21 och

79 1359 47 20 vårt
148 1359 126 27 fosterlands
294 1360 39 26 väl,
349 1360 71 21 skrida
434 1360 31 21 till
480 1360 123 27 inbjudning
618 1360 7 21 i
641 1360 34 21 det
690 1361 130 21 omfattande
834 1360 60 28 syfte,

79 1392 44 15 som
139 1387 56 21 Herr
211 1388 84 26 Östring
310 1388 112 26 föreslagit.
452 1389 42 21 Det
510 1391 22 19 är
547 1388 82 27 möjligt
643 1391 32 19 att
690 1389 149 27 inbjudningen
850 1390 45 21 icke

79 1414 80 21 medför
181 1415 80 21 önskad
283 1416 85 26 påföljd.
398 1416 42 20 Det
460 1418 24 18 är
506 1417 39 20 ock
568 1417 86 26 möjligt,
670 1420 32 18 att
716 1418 179 25 Borgareståndet

79 1441 128 23 blottställer
219 1443 31 26 sig
265 1443 32 21 för
312 1450 25 14 en
353 1444 137 26 anmärkning
504 1444 47 22 från
566 1445 35 21 det
615 1444 111 28 höglofliga
741 1446 94 21 ståndets
850 1446 45 22 sida

79 1470 78 27 derom,
174 1473 31 19 att
220 1471 177 26 Borgareståndet
408 1472 17 26 ej
437 1472 67 21 skulle
514 1472 98 27 iakttagit
622 1473 100 26 tillbörlig
732 1474 161 27 granlagenhet;

78 1505 48 15 men
142 1505 34 16 om
191 1499 40 22 ock
245 1499 46 22 från
307 1502 30 19 ett
352 1499 51 22 eller
417 1503 63 18 annat
495 1500 43 22 håll
553 1507 25 15 en
594 1502 64 21 sådan
674 1503 138 27 anmärkning
826 1503 68 22 skulle

78 1529 69 25 göras,
171 1529 23 21 så
216 1531 45 19 tror
274 1529 36 27 jag
326 1529 59 27 dock,
401 1531 31 20 att
448 1530 83 21 ståndet
546 1530 6 21 i
568 1530 31 22 sin
615 1530 76 27 helhet,
707 1530 88 23 likasom
810 1532 42 22 alla
868 1533 26 21 de
