1086 1800
279 129 180 22 Borgareståndet.
484 130 56 17 1867.
562 131 27 16 22
599 130 63 17 Mars.
812 124 41 21 283

68 215 71 21 kunde
165 215 65 21 anlita
253 214 114 28 jernvägen
389 214 40 22 och
450 215 82 22 hvilkas
553 215 86 21 område
660 214 69 22 blefve
750 215 133 27 utvidgadt
871 210 15 36 i

68 250 80 14 samma
163 243 48 21 mån
233 243 69 21 banan
317 243 67 21 skulle
398 243 119 22 utsträckas
532 244 22 21 åt
568 245 75 24 vester,
659 243 85 21 hvarest
758 246 70 18 vestra
843 243 40 21 Ta-

68 272 107 21 vastlands
201 272 131 21 vidsträckta
358 272 56 26 sjöar
435 272 154 27 otvifvelaktigt
607 272 7 20 i
629 278 26 15 en
670 278 49 14 snar
733 272 85 21 framtid
832 278 51 15 vore

53 325 2 2 —
69 300 117 22 förbundne
201 300 48 21 med
265 300 40 21 den
320 306 42 21 nya
378 302 72 24 vägen.

137 357 42 21 För
201 358 32 20 att
255 357 64 21 sedan
341 357 75 21 beröra
440 357 40 21 den
503 357 57 21 öfver
575 356 47 22 hela
636 357 47 21 värt
697 357 50 21 land
761 357 33 21 för
808 358 74 20 närva-

69 386 65 21 rande
149 385 104 21 utbredda
267 386 111 26 stockning
392 386 7 20 i
414 384 236 24 affairsverksamheten,
666 391 45 16 som
725 386 48 21 bäst
788 387 24 19 är
826 385 58 21 känd

70 414 40 21 och
131 414 112 26 uppfattad
265 414 22 21 af
308 414 162 22 medlemmarne
492 414 46 22 utaf
559 414 59 22 detta
633 414 68 26 ständ,
716 414 23 21 sä
754 414 67 21 mäste
836 414 48 21 dess

69 442 163 22 öfvervinnande
247 442 72 22 säkert
333 442 70 21 kunna
418 444 90 20 emotses
523 448 74 22 genom
613 442 124 28 indragning
745 442 22 22 af
772 442 113 22 utländska

69 471 111 26 kapitaler,
203 470 81 22 hvilkas
306 471 137 21 användande
456 471 33 21 för
501 471 180 27 jernvägsföretag
696 477 49 15 vore
760 471 78 27 egnadt
853 472 32 20 att

69 499 100 21 förskaffa
183 498 73 23 landet
271 506 25 14 en
312 499 135 27 oberäknelig
462 500 80 21 förmän
556 500 33 20 för
603 499 126 21 kommande
743 500 56 20 tider
806 499 39 21 och
851 501 33 20 att

69 528 67 22 under
159 534 25 16 en
207 528 52 27 följd
279 528 24 21 af
315 528 25 21 är
354 527 92 27 aflägsna
462 529 25 21 de
502 528 127 22 statsverket
643 528 94 27 ständigt
751 528 134 27 betungande

69 556 242 28 undsättningsarbeten,
327 562 44 16 som
387 556 75 22 främst
476 557 44 21 afse
536 557 73 21 endast
623 557 115 21 understöd
753 557 33 21 för
793 556 92 23 tillfället

70 586 23 21 ät
108 586 41 21 den
163 585 8 22 i
186 585 52 28 följd
253 585 23 22 af
289 585 101 27 felslagna
404 586 90 21 skördar
507 585 120 22 nödställda
641 586 154 27 befolkningen.

137 642 11 21 I
163 643 71 21 stället
249 643 32 20 för
296 644 32 19 att
343 643 71 22 vidare
428 642 90 22 utbreda
533 649 33 15 oss
581 642 59 22 öfver
655 643 26 21 de
691 642 126 27 välgörande
823 642 61 21 verk-

71 671 80 26 ningar,
175 677 44 15 som
242 671 35 21 det
301 671 23 20 af
345 677 33 16 oss
392 671 112 21 förordade
519 671 104 27 företaget
637 671 84 21 komme
735 673 33 18 att
783 671 100 26 medföra,

69 699 116 22 inskränka
206 699 21 21 vi
249 705 34 15 oss
304 699 32 21 till
351 699 133 27 äberopande
499 699 23 21 af
535 700 92 26 exempel
643 699 46 21 frän
704 699 66 21 andra
783 699 79 28 länder,
877 700 8 20 i

70 727 72 22 hvilka
163 728 72 27 odling
257 728 39 21 och
318 727 65 28 högre
402 728 125 21 civilisation
541 727 46 27 följt
602 729 47 20 med
665 728 60 27 dessa
740 727 144 22 kommunika-

71 756 166 26 tionsanstalter;
259 756 39 21 och
320 756 22 21 få.
363 757 21 20 vi
406 756 118 21 framställa
545 756 40 21 den
607 756 99 27 begäran,
725 757 32 20 att
770 755 114 28 Vällofliga

72 784 179 27 Borgareständet
272 784 49 21 ville
341 785 73 21 förena
435 785 31 26 sig
489 791 33 14 om
542 785 38 21 vär
601 785 89 26 petition
705 786 54 19 samt
773 784 39 21 hos
827 785 58 20 Hans

71 813 118 26 Kejserliga
209 813 100 26 Majestät
331 813 151 26 underdänigst
504 813 90 25 anhälla,
615 815 38 24 att,
669 813 23 21 sä
707 814 57 20 snart
779 812 107 27 Styrelsen

71 841 67 22 finner
158 843 89 24 utvägar
268 841 32 21 till
315 841 130 22 betäckande
460 841 23 22 af
496 841 143 28 räntegaranti
654 842 13 20 &
681 843 32 20 ett
727 841 109 21 utländskt
851 841 35 21 län

70 870 33 21 för
118 869 130 28 anläggande
263 869 23 22 af
298 876 25 15 en
336 870 88 27 jernväg
438 870 47 21 frän
500 870 130 27 Helsingfors
645 870 59 21 öfver
718 869 74 22 Lahtis
807 869 32 22 till
854 869 32 22 S:t

70 898 135 27 Petersburg,
226 899 7 20 i
252 898 214 22 öfverensstämmelse
482 899 47 21 med
544 899 35 21 det
594 898 23 22 af
630 899 82 20 landets
726 898 159 27 ingeniörkorps

70 927 118 27 uppgjorda
202 927 85 26 förslag,
303 929 31 20 ett
348 927 75 22 sädant
437 927 35 21 län
488 927 64 22 borde
566 929 104 26 upptagas
685 927 38 21 och
738 927 83 21 arbetet
828 926 58 21 oför-

70 956 103 27 dröjligen
188 955 113 27 begynnas.

208 1011 22 22 C.
246 1012 111 21 Rosenius.
531 1011 67 22 Wold.
615 1011 134 22 Hackman."

138 1093 67 25 Äfven
228 1098 59 21 detta
310 1097 178 28 petitionsförslag
502 1097 68 22 beslöt
585 1097 85 21 ståndet
685 1098 31 20 att
731 1097 108 21 remittera
853 1096 33 21 till

70 1126 49 21 dess
133 1125 95 22 enskilda
243 1125 174 27 besvärsutskott,
434 1125 33 22 för
482 1128 32 19 att
528 1127 7 20 i
549 1126 151 26 sammanhang
714 1125 48 21 med
777 1126 36 20 det
827 1126 59 20 näst-

69 1154 127 27 föregående
212 1154 135 27 handläggas.

137 1211 128 28 Ytterligare
279 1211 141 21 framställdes
435 1212 22 20 af
473 1212 55 21 Herr
549 1211 168 28 Lindegvist
739 1212 31 20 ett
784 1210 102 28 skriftligt

69 1240 180 28 petitionsförslag
264 1240 22 22 af
299 1240 91 27 följande
405 1240 88 27 lydelse:

349 1324 126 25 »Vördsamt
490 1324 116 22 memorial!

138 1381 74 22 Redan
234 1381 33 21 för
281 1388 45 14 mer
341 1383 27 19 än
383 1383 31 19 ett
429 1382 121 20 decennium
566 1380 89 22 tillbaka
670 1380 85 22 väcktes
771 1379 18 27 ej
805 1380 82 21 mindre

70 1410 8 20 i
93 1409 140 27 Björneborgs
249 1410 38 20 och
303 1410 81 20 Raumo
399 1410 72 21 städer
486 1412 26 19 än
528 1410 38 21 ock
581 1410 35 20 vid
631 1409 113 26 behörigen
755 1408 78 26 utlyste
840 1414 46 15 soc-

70 1438 143 21 kenstämmor
235 1437 8 21 i
258 1438 25 20 de
299 1438 129 21 förbemälde
444 1438 70 20 städer
529 1438 123 26 angifvande
667 1437 95 25 socknar,
778 1436 59 26 fråga
851 1442 34 15 om

71 1465 141 27 Björneborgs
227 1466 46 20 läns
288 1465 102 27 skiljande
400 1466 48 20 från
458 1460 46 26 Åbo
515 1466 40 20 län.
578 1466 33 20 De
619 1464 185 26 omständigheter,
815 1464 72 20 hvilka

71 1494 27 21 då
113 1494 87 25 vållade,
216 1495 32 20 att
263 1500 26 15 en
304 1494 65 21 sådan
384 1494 90 26 delning,
490 1494 67 21 ehuru
571 1493 46 21 från
633 1493 75 27 många
723 1492 42 22 håll
777 1492 108 27 tillstyrkt,

70 1523 20 27 ej
111 1524 49 21 kom
181 1522 33 22 till
232 1523 69 26 stånd,
316 1527 50 17 utan
382 1525 31 19 att
429 1518 45 26 Åbo
490 1523 40 21 och
543 1522 143 28 Björneborgs
700 1522 35 20 län
750 1521 135 25 fortfarande,
