1084 1803
294 133 180 22 Borgareståndet.
499 134 55 18 1867.
578 134 27 18 80
616 134 62 18 Mars.
827 128 40 22 319

79 219 103 22 handelns
196 219 92 27 höjande
302 220 28 26 på
344 220 40 21 den
400 222 39 23 ort,
454 226 46 15 som
515 220 53 26 tagit
582 219 84 27 frågans
680 220 89 22 initiativ
784 226 34 14 om
832 220 64 26 hand,

78 249 51 19 utan
145 248 40 20 ock
199 247 34 21 för
246 248 160 21 stambanornes
420 248 91 22 framtid.
540 248 47 22 Den
595 250 77 24 satsen,
683 250 31 19 att
723 248 174 22 hufvudbanorne

77 276 7 20 i
100 278 30 18 ett
145 275 50 21 land
210 275 52 22 först
278 276 79 21 erhålla
371 277 70 25 någon
457 276 106 27 betydelse
579 282 75 20 genom
669 276 95 26 bibanor,
780 278 23 18 är
813 276 22 20 af
843 282 52 15 vun-

76 310 41 15 nen
133 304 120 21 erfarenhet
267 304 23 21 sä
306 304 117 26 bekräftad,
440 306 31 19 att
486 305 121 21 densamma
621 305 67 21 mäste
703 310 60 16 anses
778 305 69 20 säsom
863 306 32 20 ett

76 332 188 22 statsekonomiskt
285 332 76 22 axiom.
390 332 108 27 Fleräriga
520 332 160 22 ränteförluster
703 333 27 27 pä
747 332 148 27 anläggnings-

75 360 105 27 kapitaler
205 360 39 21 och
268 360 144 27 förnämligast
438 361 86 27 sälänge
549 361 43 21 tills
610 360 89 23 bibanor
714 361 87 21 anslutit
816 360 31 27 sig
861 361 33 21 till

75 389 181 26 hufvudbanorne,
278 389 63 22 hafva
363 390 55 26 gjort
440 389 71 28 hvarje
536 389 122 28 ytterligare
673 389 58 22 bevis
745 389 33 22 för
789 389 58 22 detta
856 389 38 26 pä-

75 417 87 22 stäende
179 417 134 27 öfverflödigt.
345 418 42 21 För
403 420 31 19 att
448 418 46 21 icke
510 417 104 28 beskyllas
629 420 32 19 att
676 418 74 21 endast
764 417 45 22 föra
823 417 71 23 lokala

74 446 114 21 intressens
203 445 63 27 talan,
283 446 93 27 förbigär
387 447 36 26 jag
438 447 40 20 här
492 447 44 21 helt
551 446 39 22 och
605 446 65 23 hället
683 447 39 21 den
734 446 99 22 särskilta
843 446 50 27 vigt,

75 480 45 15 som
136 474 136 22 förevarande
285 475 87 26 jernväg
387 475 39 21 har
442 475 32 21 för
488 475 70 27 Borgä
573 475 54 25 stad,
637 475 33 21 för
679 475 83 22 hvilken
772 475 121 21 densamma

74 505 24 19 är
113 509 26 14 en
155 503 100 26 lifsfräga,
269 504 39 20 och
323 503 36 21 vill
374 503 132 22 uteslutande
521 503 112 28 uppehålla
649 504 41 26 mig
708 503 33 22 vid
759 504 39 21 den
806 503 87 22 allmän-

74 537 51 16 nare
140 531 115 27 betydelse,
270 537 45 16 som
330 531 73 27 frägan
419 534 55 25 äger,
490 531 121 28 isynnerhet
626 532 32 21 för
673 533 40 20 den
728 532 63 21 redan
808 531 85 22 trafike-

74 560 51 20 rade
148 555 138 36 Helsingfors
292 560 144 21 —Tavastehus
459 560 63 21 linien
538 560 39 22 och
593 561 25 20 de
633 561 20 21 af
667 560 83 21 landets
764 562 74 24 regent
853 560 39 21 och

74 588 87 21 ständer
185 588 106 21 dessutom
307 588 162 22 sanktionerade
484 588 72 22 banor.
586 588 74 22 Linien
675 588 217 22 Riihimäki—Lahtis

74 616 56 21 afser
154 618 32 20 att
210 618 56 19 sätta
291 617 95 22 området
404 617 21 21 af
440 619 30 19 ett
484 619 55 19 stort
554 618 125 26 vattendrag
693 618 7 20 i
715 624 26 14 en
756 617 136 21 underlättad

72 644 181 22 kommunikation
269 646 47 20 med
331 646 75 20 kusten
422 646 39 21 och
477 646 119 27 derigenom
611 645 78 22 bereda
704 646 109 26 möjlighet
823 645 32 21 för
865 652 26 14 en

72 675 68 19 större
156 675 80 25 export,
252 674 91 21 särdeles
358 674 22 21 af
393 674 184 26 skogsprodukter.
607 674 40 22 Om
663 674 88 22 allenast
765 674 126 21 stambanan

72 702 98 21 Lahtis—
179 698 129 36 Helsingfors
320 702 106 26 existerar,
438 704 23 19 sä
470 703 85 21 beredes
567 702 116 28 dymedelst
693 702 81 21 tillfälle
785 703 22 20 ät
818 702 72 27 fastig-

72 729 112 28 hetsägare
211 731 95 26 omkring
328 730 86 27 Päijäne
436 731 125 26 vattendrag
583 732 32 20 att
630 731 76 21 afsätta
721 731 46 21 sina
782 737 61 15 varor
858 730 33 22 till

72 758 131 27 Helsingfors
219 758 57 27 eller,
292 759 80 21 hvilket
387 761 23 18 är
426 759 121 23 detsamma,
563 760 22 21 åt
601 759 47 22 dess
664 761 122 25 exportörer
801 759 46 26 och,
858 758 33 22 för

72 789 32 19 att
119 787 74 21 endast
208 786 56 22 hälla
277 787 43 26 mig
330 787 32 21 till
374 787 168 26 exportartiklar,
554 787 74 22 blifver
639 787 80 22 vinsten
730 787 21 21 af
761 787 129 22 sistnämnde

69 815 89 26 jernväg
174 815 26 21 dä
216 815 32 21 för
263 816 25 20 de
303 815 60 26 kring
379 816 85 26 Päijäne
479 815 84 22 bosatta
575 816 140 27 jordägarene
733 815 31 21 till
780 822 25 15 en
816 815 74 26 början

72 843 126 26 fullkomligt
214 843 104 22 beroende
334 843 22 22 af
369 844 53 21 huru
438 844 82 27 mycket
535 844 131 26 Helsingfors
681 845 122 24 exportörer
818 844 72 21 kunna

72 871 51 22 eller
146 871 90 22 behöfva
259 872 99 27 uppköpa
372 873 48 20 med
436 872 26 21 de
477 872 108 27 kapitaler,
602 879 45 15 som
663 872 21 21 af
698 873 46 20 dem
759 871 130 23 innehafvas.

70 900 61 21 Dock
155 900 40 21 har
209 899 112 27 tillförene,
336 901 58 26 långt
408 901 72 21 förrän
496 902 65 25 några
570 901 113 27 jernvägar
697 907 37 15 ens
748 901 55 21 varit
817 900 8 21 i
839 900 49 22 Fin-

70 929 49 20 land
134 928 109 27 pätänkta,
259 935 25 15 en
300 929 94 27 betydlig
408 929 108 22 trädvaru-
532 929 39 22 och
585 935 70 16 annan
671 931 74 25 export
759 931 36 25 ägt
805 935 46 16 rum
861 929 28 27 pä

70 957 83 21 landets
168 957 94 27 sydkust,
278 958 39 21 och
332 958 71 21 ibland
418 958 26 21 de
459 959 78 24 städer,
547 964 46 15 som
605 958 110 27 sysselsatt
722 958 31 27 sig
763 958 48 21 med
820 958 69 21 denna

70 985 121 27 affärsgren,
208 986 38 21 har
261 986 70 26 Borgä
346 986 54 25 stad,
416 986 66 21 ehuru
498 987 39 20 den
552 987 67 26 ligger
633 986 54 21 blott
702 987 41 21 fem
759 986 38 21 och
809 992 25 15 en
845 985 45 22 half

70 1014 37 21 mil
132 1015 46 20 från
194 1020 26 15 en
233 1016 68 19 större
316 1014 150 27 handelsplats,
481 1014 132 27 Helsingfors
628 1015 52 23 stad,
696 1014 68 25 hafva,
779 1015 9 19 i
799 1014 90 27 förhäl-

70 1043 65 21 lande
158 1043 34 20 till
214 1043 110 20 städernes
335 1043 133 27 folkmängd
484 1043 38 21 och
538 1043 83 22 oafsedt
634 1043 25 21 de
674 1043 97 26 fördelar,
787 1049 45 15 som
847 1042 42 22 tidt

70 1071 38 21 och
135 1071 43 21 ofta
201 1071 133 27 tillskyndats
356 1071 160 25 hufvudstaden,
531 1072 94 21 utmärkt
640 1072 31 25 sig
685 1078 75 19 genom
776 1077 25 15 en
817 1071 72 26 mäng-

70 1099 74 26 faldigt
159 1101 67 19 större
242 1102 73 24 export
331 1099 39 22 och
385 1106 68 15 annan
469 1099 202 22 affärsverksamhet.
687 1099 86 26 Päijäne
783 1099 32 26 sjö
825 1101 63 25 utgör

70 1129 56 20 ännu
149 1127 32 22 för
204 1128 130 21 närvarande
357 1128 39 21 den
415 1127 61 24 källa,
493 1128 104 21 hvarifrän
613 1128 69 26 Borgä
697 1128 46 21 stad
757 1128 84 21 hämtar
855 1128 33 21 sin

69 1155 150 26 handelsvinst,
245 1156 38 21 och
308 1156 36 21 det
358 1156 42 21 kan
416 1156 81 21 derföre
512 1157 48 21 med
575 1156 99 21 säkerhet
689 1158 94 24 antagas,
799 1157 38 25 att,
853 1161 35 16 om

70 1184 60 21 äfven
154 1184 71 27 Borgå
240 1185 92 21 erhåller
346 1191 26 14 en
386 1185 279 26 jernvägskommunikation
680 1185 48 21 med
743 1185 86 26 Päijäne
844 1185 44 20 vat-

70 1213 95 26 tendrag,
191 1214 23 20 sä
241 1213 67 21 skulle
332 1213 93 22 rörelsen
447 1213 53 22 ifrän
518 1213 74 22 Lahtis
606 1213 33 21 till
653 1213 70 26 Borgä
739 1212 62 22 blifva
816 1212 73 22 fulltut

69 1241 44 22 lika
137 1241 57 26 liflig,
210 1248 44 15 som
270 1243 27 25 pä
312 1241 131 28 Helsingfors
456 1242 53 21 stad.
538 1242 47 21 Den
601 1241 190 22 statsekonomiska
806 1241 82 21 vinsten

70 1271 23 20 af
103 1276 25 15 en
143 1270 279 26 jernvägskommunikation
437 1270 33 21 till
484 1271 70 26 Borgå
569 1270 74 21 blifver
655 1270 130 27 följaktligen
797 1269 47 26 den,
855 1271 33 20 att

70 1299 36 20 tvä
120 1301 64 23 orter,
200 1298 6 21 i
221 1299 71 20 stället
306 1299 32 20 för
353 1305 33 18 en,
398 1298 128 22 oförtöfvadt
535 1298 54 22 efter
598 1299 218 21 kommunikationens
823 1298 65 21 inrät-

69 1327 65 22 tande
156 1327 104 27 uppträda
282 1327 70 22 säsom
370 1327 135 26 efterfrägare
520 1327 21 22 af
555 1327 163 27 exportartiklar
733 1327 52 21 ifrän
800 1326 87 27 Päijäne

70 1356 93 25 omräde,
180 1356 38 20 och
234 1356 40 21 den
290 1356 90 21 enskilta
394 1355 82 22 vinsten
491 1355 74 22 blifver
580 1362 25 15 en
621 1355 22 21 af
655 1355 159 22 konkurrensen
823 1355 64 21 fram-

70 1383 71 22 kallad
156 1384 136 26 prisstegring
307 1385 27 25 pä
349 1384 154 27 producentens
518 1389 67 16 varor.
615 1384 33 21 En
663 1383 86 27 lifligare
764 1383 54 21 bäde
825 1383 63 27 gods-

70 1412 39 21 och
126 1412 138 26 persontrafik
281 1413 40 20 kan
338 1412 62 21 också
415 1412 48 21 med
475 1412 78 21 visshet
563 1412 90 21 förutses
662 1412 56 26 uppå
728 1411 160 27 Helsingfors
873 1407 18 36 —

70 1439 130 21 Tavastehus
226 1441 38 19 och
286 1440 213 20 Riihimäki-Lahtis
519 1441 120 25 jernvägar,
653 1440 8 20 i
675 1439 100 21 händelse
791 1445 24 15 en
831 1439 56 21 sido-

70 1467 56 21 bana
148 1467 32 21 till
202 1467 70 26 Borgå
294 1468 47 20 stad
359 1467 105 27 anlägges,
480 1469 21 25 ty
517 1468 120 21 densamma
652 1467 95 21 kommer
762 1468 32 20 att
808 1466 79 22 tillföra

72 1496 26 22 de
122 1495 138 22 omförmälda
283 1496 190 27 statsjernvägarne
495 1502 26 15 en
536 1496 55 22 ökad
607 1495 78 22 rörelse
700 1495 39 23 och
754 1495 42 22 kan
811 1494 76 27 alldrig

70 1524 65 23 blifva
156 1530 26 16 en
204 1524 131 22 konkurrent
350 1525 32 21 till
397 1524 54 28 dem,
468 1526 50 20 enär
532 1531 49 16 man
596 1524 13 22 &
623 1524 70 28 Borgä
708 1524 64 22 linien
786 1522 101 24 behöfver
