1084 1823
221 132 42 21 430
414 137 183 21 Borgareståndet,
621 137 56 17 1867.
700 137 10 16 4
725 137 63 20 April.

192 222 33 21 till
247 223 73 20 vatten
340 221 40 21 och
397 221 61 26 bröd,
481 227 45 14 som
548 221 141 21 förekommer
708 221 6 20 i
731 220 36 21 det
783 221 22 20 af
819 220 60 21 Hans
894 220 119 27 Kejserliga

192 249 101 28 Majestät
315 250 115 21 ständerna
451 249 110 26 förelagda
582 249 229 26 kriminal-lagförslag,
833 249 36 21 mä
883 249 72 21 kunna
970 249 43 21 till-

193 279 82 26 lämpas
289 279 7 20 i
311 278 69 21 denna
394 277 132 27 författning.

261 335 56 21 Herr
332 334 98 27 Bergh:
446 334 32 21 för
493 336 33 19 att
542 334 131 21 förekomma
689 340 26 15 en
730 335 129 26 omsägning,
871 333 28 22 dä
910 334 35 21 det
956 334 56 22 förut

193 363 7 22 i
220 363 126 27 paragrafen
368 363 60 21 heter
451 379 5 10 ,
458 363 73 26 enligt
551 363 79 21 allmän
651 363 56 26 lag',
729 363 124 21 hemställer
872 362 35 27 jag
923 364 38 24 att,
977 369 35 16 om

193 392 56 21 Herr
264 392 75 21 Holms
354 391 79 26 förslag
449 391 22 21 af
485 391 85 21 ståndet
585 393 94 24 antages,
696 391 65 21 orden
776 391 81 26 ,enligt
866 391 79 21 allmän
956 391 55 27 lag*,

192 426 46 15 som
253 419 67 22 finnas
336 421 70 20 straxt
421 419 53 22 efter
490 419 61 22 ordet
567 419 136 27 ,treskiftes'*
719 419 66 21 borde
800 419 58 27 utgå.

260 476 58 21 Enär
342 475 69 28 nägon
436 476 68 21 talare
525 476 72 21 vidare
623 476 46 21 icke
694 476 97 21 anmälde
815 476 38 26 sig,
879 475 133 22 förklarades

192 505 147 21 diskussionen
362 511 50 14 vara
436 504 77 26 slutad,
533 504 80 27 hvarpä
628 504 55 21 Herr
698 504 166 22 Talmannen
879 503 134 23 framställde

193 533 91 26 följande
299 533 140 26 proposition:

261 591 95 25 Antager
379 589 86 22 ståndet
486 589 12 28 $
521 590 27 21 42
569 590 7 20 i
595 589 116 22 utskottets
726 589 135 22 betänkande
876 589 136 27 oförändrad,

193 619 51 20 eller
259 618 48 22 med
322 619 40 20 den
378 617 134 28 omställning
527 618 81 21 Herrar
624 618 63 21 Holm
703 617 39 22 och
758 619 71 26 Bergh
844 618 116 27 föreslagit.

260 675 39 25 De,
321 681 45 15 som
389 675 51 26 vilja
455 675 36 20 det
506 675 63 26 förra,
585 681 61 15 svara
659 675 28 26 ja,
704 675 39 21 och
759 675 32 26 de,
807 675 72 21 hvilka
895 675 66 20 önska
977 675 36 21 det

192 709 81 20 senare,
290 709 62 15 svara
366 703 40 26 nej.

260 759 162 26 Propositionen
444 759 128 22 besvarades
594 761 75 19 nästan
692 759 101 27 enhälligt
811 759 102 26 jakande;
928 759 84 36 tillfölje

192 787 75 22 hvaraf
282 788 12 27 $
310 788 26 20 42
352 787 129 22 oförändrad
497 794 37 15 var
549 787 23 22 af
585 787 86 22 ståndet
686 790 98 24 antagen.

261 844 13 27 &
289 844 28 21 43
332 844 46 21 blef
391 844 23 21 af
427 844 84 22 ståndet
526 846 51 19 utan
593 844 120 22 diskussion
728 844 105 28 godkänd.

261 900 69 23 Sedan
354 901 74 27 frågan
450 907 34 16 om
505 901 184 27 vattenledningar
711 901 40 22 och
776 902 125 21 vattenverk
922 901 90 22 sålunda

192 929 68 22 blifvit
283 929 23 22 af
326 929 84 22 ståndet
432 930 32 21 till
485 929 43 22 slut
551 930 125 25 behandlad,
700 930 68 21 skulle
791 930 42 27 lag-
849 931 40 20 och
905 930 107 22 ekonomi-

193 959 105 20 utskottet
320 960 55 19 samt
397 958 138 21 medstånden
557 964 76 21 genom
656 959 79 26 utdrag
749 965 26 14 ur
789 958 130 27 protokollet
934 959 77 21 under-

193 989 68 18 rättas
284 993 34 15 om
333 987 95 21 ståndets
443 987 7 20 i
466 987 64 26 sagde
546 987 60 26 fråga
621 987 81 21 fattade
718 987 79 26 beslut;
813 987 92 22 varande
921 987 91 22 berörda

192 1015 195 26 protokollsutdrag
402 1015 23 21 af
437 1015 93 26 följande
546 1015 89 28 lydelse:

260 1071 186 27 Borgareståndet,
473 1078 44 15 som
541 1073 66 20 under
629 1072 106 27 gårdagen
759 1073 40 20 och
822 1073 67 21 denne
917 1073 40 26 dag
978 1073 33 21 till

192 1099 75 28 åtgärd
282 1099 94 22 förehaft
391 1101 52 25 Lag-
460 1101 39 20 och
514 1100 246 22 Ekonomie-utskottets
775 1101 132 22 betänkande
922 1101 8 21 i
940 1101 72 21 anled-

192 1129 49 26 ning
256 1128 23 21 af
292 1128 82 26 Nådiga
389 1129 159 26 propositionen
564 1129 110 27 angående
685 1129 184 27 vattenledningar
879 1129 39 22 och
929 1132 82 19 vatten-

191 1157 58 25 verk,
273 1156 40 22 har
337 1157 73 21 dervid
431 1159 87 20 stannat
539 1158 7 21 i
567 1158 91 27 följande
681 1158 75 27 beslut,
780 1158 6 20 i
809 1158 36 21 det
867 1160 32 19 att
922 1157 89 23 Ståndet

192 1185 90 27 antagit:

260 1244 11 25 8
288 1243 10 20 1
316 1243 64 26 enligt
396 1243 82 26 Nädiga
493 1243 166 26 propositionen.

260 1299 11 28 8
287 1300 55 21 2—5
358 1299 66 27 enligt
439 1300 36 21 det
491 1300 61 21 dessa
567 1300 60 21 delar
640 1301 48 20 med
699 1300 156 27 propositionen
867 1300 43 22 lika
921 1301 90 27 lydande

193 1327 150 22 betänkandet.

260 1385 10 24 8
287 1384 11 20 6
315 1384 6 19 i
337 1383 93 27 enlighet
445 1384 47 21 med
508 1385 40 20 den
563 1384 85 27 Nädiga
661 1385 166 26 propositionen.

260 1440 12 27 8
288 1441 12 20 7
316 1440 60 21 äfven
392 1441 6 20 i
414 1440 94 27 enlighet
523 1441 86 21 dermed
625 1441 34 21 för
675 1441 70 27 öfrigt,
757 1443 59 20 utom
827 1443 33 20 att
871 1441 67 22 andra
948 1448 63 15 mom.

192 1469 6 21 i
221 1469 219 21 öfverensstämmelse
462 1470 47 21 med
533 1470 40 22 den
592 1470 23 21 af
628 1469 118 23 Ständerne
761 1471 35 21 vid
812 1473 83 19 senaste
910 1470 102 28 landtdag

191 1498 97 22 uttalade
310 1497 54 28 äsigt
386 1498 7 21 i
415 1498 74 27 frägan
514 1505 33 15 om
563 1498 173 22 förekommande
751 1499 24 21 af
788 1500 67 21 skada
868 1506 76 21 genom
960 1506 51 21 upp-

191 1527 107 27 dämning,
314 1527 68 21 skulle
398 1527 81 21 erhälla
493 1527 94 27 följande
603 1528 89 27 lydelse:
708 1528 53 27 ,Det
770 1528 84 22 afiedda
864 1530 83 20 vattnet
957 1528 55 22 skall
