1098 1823
235 133 26 20 90
431 136 182 22 Borgareståndet.
638 137 55 16 1867.
717 136 25 16 23
754 136 58 16 Febr.

273 222 31 20 På
319 222 72 20 derom
407 221 21 21 af
442 221 49 21 herr
506 220 155 22 Talmannen
677 219 117 21 framställd
808 219 129 27 proposition
952 218 69 21 beslöt

206 250 89 26 ståndet,
318 252 31 19 att
371 250 158 26 ifrågavarande
551 249 76 26 nådiga
643 248 129 27 proposition
787 247 67 21 skulle
869 247 32 21 till
916 247 42 26 lag-
982 246 37 22 och

209 278 200 21 ekonomiutskottet
431 278 173 24 återremitteras,
626 280 54 18 samt
696 279 31 18 att
742 276 42 21 alla
799 276 31 21 till
847 276 64 21 saken
927 275 93 21 hörande

207 307 125 26 handlingar
352 306 39 22 och
413 306 129 27 protokollet
565 306 57 20 öfver
645 306 39 20 den
702 312 28 14 nu
745 304 109 22 förefallna
876 304 144 21 diskussionen

207 336 71 20 dervid
293 336 65 20 borde
373 335 32 21 till
421 335 103 21 utskottet
540 334 143 22 öfverlemnas.

273 392 56 21 Herr
343 391 156 22 Talmannen
514 391 97 26 föredrog
621 391 71 21 vidare
703 390 43 27 lag-
758 390 38 22 och
809 390 210 21 ekonomiutskottets

207 421 34 21 vid
263 423 82 19 senaste
366 420 84 26 plenum
466 420 116 26 bordlagda
602 419 133 21 betänkande
752 419 6 20 i
774 418 112 27 anledning
902 418 22 21 af
945 418 75 26 nådiga

206 449 156 27 propositionen
377 448 39 22 N:o
433 450 19 23 7,
468 449 107 26 angående
591 448 226 26 kapellförsamlingars
836 447 122 21 frikallande
974 446 46 22 från

206 478 144 27 skyldigheten
365 480 32 18 att
411 478 68 27 bygga
494 477 39 21 och
548 477 123 21 underhålla
686 477 145 26 moderkyrka.

274 534 58 21 Herr
354 534 78 21 Holm
456 534 65 21 erhöll
536 534 52 21 först
611 534 60 21 ordet
686 533 38 22 och
740 533 92 27 yttrade:
850 533 43 27 lag-
909 533 39 21 och
971 533 49 21 eko-

207 563 161 21 nomiutskottet
390 565 60 24 säger
469 563 6 20 i
490 563 37 21 sitt
548 562 138 26 betänkande,
710 564 31 19 att
756 562 35 21 det
806 568 50 15 vore
871 561 149 22 öfverenstäm-

207 592 75 21 mande
297 591 48 21 med
359 592 87 21 rättvisa
462 592 39 21 och
516 591 101 26 billighet,
633 597 33 14 om
690 591 216 26 kapellförsamlingar
927 590 93 21 frikallas

207 620 45 21 frän
267 620 143 27 skyldigheten
427 622 31 19 att
473 620 110 21 framdeles
594 620 67 27 bygga
671 619 39 22 och
726 619 122 22 underhälla
864 620 60 20 deras
939 619 81 21 moder-

207 649 71 26 kyrka.
309 649 136 26 Riktigheten
466 649 62 21 häraf
546 649 60 20 torde
629 649 59 25 dock,
711 648 55 21 hvad
788 648 72 27 sjelfva
874 648 149 26 rättsgrunden

207 678 71 25 angår,
299 677 71 21 kunna
385 678 79 25 ganska
487 677 82 26 mycket
585 676 98 21 betviflas.
714 676 28 21 Af
763 677 39 20 den
823 683 28 14 nu
866 677 96 26 gällande
978 676 45 27 lag-

207 706 122 26 stiftningen
351 706 7 20 i
374 708 76 22 ämnet,
473 707 105 25 upptagen
601 706 5 19 i
623 705 40 21 den
678 706 76 25 nädiga
769 705 163 26 propositionen,
955 711 68 20 synes,

207 736 32 19 att
254 733 216 28 kapellförsamlingar
492 734 45 21 icke
556 736 36 19 äro
608 736 31 18 att
655 740 60 15 anses
726 734 69 21 säsom
807 733 149 27 sjelfständiga,
973 735 50 20 utan

209 763 72 20 endast
297 763 68 20 säsom
381 762 129 27 afdelningar
526 763 20 20 af
560 762 225 27 moderförsamlingar,
801 762 32 21 till
848 762 70 21 hvilka
936 762 26 21 de
984 762 39 21 ock

207 791 6 20 i
229 791 92 26 kyrkligt
336 791 97 20 afseende
455 791 128 21 fortfarande
599 791 82 24 räknas,
704 791 24 20 sä
743 793 31 18 att
789 791 32 20 till
836 791 94 26 exempel
945 791 78 26 kapell-

208 819 216 26 församlingsboerne,
449 820 36 20 der
508 819 131 21 annorlunda
660 819 16 26 ej
698 819 42 21 kan
762 825 50 15 vara
828 819 195 26 öfverenskommet,

208 850 36 18 äro
266 847 131 26 berättigade
421 850 30 19 att
468 848 60 21 äfven
550 848 112 26 inrymmas
680 847 7 20 i
703 847 231 27 moderförsamlingens
949 847 72 27 kyrka.

207 876 42 20 För
264 876 202 27 kapellförsamlings
489 876 146 26 berättigande
658 878 32 18 att
712 876 61 21 hafva
796 882 51 19 egen
869 876 67 27 kyrka
957 875 66 28 ligger

207 906 75 20 nästan
305 904 60 22 alltid
388 911 25 14 en
428 904 75 26 Kongl
523 905 52 21 eller
589 904 104 27 Kejserlig
710 904 115 22 resolution
840 904 33 21 till
887 905 73 26 grund,
984 904 39 21 och

208 933 67 21 denna
290 933 120 25 resolution,
427 940 45 14 som
484 933 66 21 blifvit
565 934 53 20 efter
629 933 167 21 vederbörandes
810 933 93 21 hörande
918 933 104 26 utfärdad,

208 961 93 26 reglerar
314 961 76 26 jemväl
405 961 158 21 förhållandena
579 961 88 21 emellan
682 961 79 27 kapell-
780 961 38 21 och
834 961 189 21 moderförsamlin-

208 995 39 20 gen
270 989 51 21 eller
335 988 113 22 stadfäster
463 990 26 20 de
504 990 47 20 dem
567 990 89 20 emellan
677 989 88 21 träffade
780 989 124 27 föreningar.
936 990 31 20 De
982 989 41 21 frä-

208 1024 45 20 gor,
271 1024 44 14 som
331 1018 70 20 kunna
416 1019 76 25 uppstä
508 1018 87 21 emellan
612 1018 25 20 de
652 1018 55 21 bäda
725 1018 171 26 församlingarna
912 1024 33 15 om
960 1018 63 26 bygg-

209 1046 50 21 nad-
282 1046 38 21 och
342 1046 239 27 underhällsskyldighet
604 1046 21 21 af
644 1046 146 27 moderkyrka,
813 1048 36 19 äro
864 1046 82 22 säledes
961 1048 62 20 rätts-

209 1075 79 24 tvister,
303 1074 82 21 hvilkas
400 1075 113 26 afgörande
529 1075 50 20 bero
595 1076 27 25 pä
637 1074 95 27 tolkning
747 1075 21 20 af
782 1075 104 26 ingängna
899 1075 124 21 kontrakter

209 1102 52 21 eller
275 1103 131 26 tillämpning
429 1103 21 21 af
464 1103 102 21 särskilda
582 1103 136 26 öfverhetliga
733 1103 143 21 resolutioner.
900 1104 70 26 Något
985 1103 37 21 all-

208 1133 59 19 mänt
288 1131 78 27 lagbud
388 1131 31 21 till
442 1132 85 20 rättelse
543 1132 34 20 vid
592 1131 78 21 sädana
685 1132 83 20 tvisters
788 1132 90 21 slitande
892 1132 51 21 eller
958 1132 7 20 i
987 1132 36 21 det

209 1159 58 27 syfte,
290 1160 115 21 utskottets
429 1160 132 21 betänkande
577 1160 117 25 framställt,
710 1160 47 23 kan,
774 1160 52 21 efter
841 1161 42 20 min
898 1161 61 26 äsigt,
975 1160 48 27 följ-

209 1188 91 26 aktligen
323 1188 45 20 icke
383 1188 111 27 lämpligen
510 1188 101 26 utfärdas,
628 1188 47 21 med
693 1188 80 22 mindre
788 1191 27 19 än
830 1191 32 19 att
877 1188 89 27 lagligen
982 1189 41 21 för-

209 1216 96 21 värfvade
328 1216 125 26 rättigheter
475 1217 50 21 eller
548 1217 75 26 älagda
638 1217 142 27 skyldigheter
798 1217 120 26 derigenom
934 1217 89 21 skulle
1012 1212 15 36 i

208 1244 55 22 vissa
285 1244 36 21 fall
341 1245 85 21 komma
446 1247 32 19 att
493 1245 122 21 förnärmas.
645 1246 101 20 Deremot
764 1246 35 20 vill
812 1246 35 26 jag
862 1246 46 21 icke
922 1246 100 25 bestrida,

209 1275 31 18 att
262 1273 142 26 hvarjehanda
424 1274 197 26 billighetsgrunder
635 1273 112 22 förefinnas
762 1274 31 20 till
809 1274 57 20 bifall
882 1275 12 20 å
909 1275 55 21 hvad
979 1274 43 26 lag-

209 1301 38 21 och
270 1301 200 21 ekonomiutskottet
491 1302 112 26 föreslagit.
633 1302 32 20 De
687 1302 180 27 ansträngningar,
888 1309 44 15 som
958 1303 65 21 erfor-

209 1329 48 21 dras
273 1330 32 20 för
320 1332 32 18 att
368 1330 146 21 åstadkomma
524 1331 162 27 uppbyggandet
706 1330 21 21 af
736 1337 25 14 en
776 1337 52 21 egen
843 1331 73 27 kyrka,
932 1331 63 21 blifva
1010 1332 12 20 å

208 1358 26 20 de
255 1358 45 20 från
324 1358 153 26 moderkyrkan
498 1359 92 25 aflägsna
613 1362 91 22 orterna,
726 1360 7 19 i
749 1366 47 13 mon
820 1359 21 21 af
854 1360 82 20 landets
952 1360 70 26 odling

207 1385 39 21 och
261 1385 128 27 folkökning,
405 1386 42 20 förr
462 1386 51 21 eller
527 1393 74 14 senare
616 1386 138 26 nödvändiga,
777 1386 38 22 och
830 1387 145 27 skyldigheten
990 1388 32 20 för

207 1413 172 27 befolkningarna
393 1414 7 20 i
415 1420 80 15 samma
510 1416 57 19 orter
582 1416 31 19 att
628 1414 122 21 underhålla
760 1415 61 21 äfven
832 1416 190 21 moderförsamlin-

207 1448 50 20 gens
279 1442 66 27 kyrka
368 1445 62 24 utgör
444 1443 66 21 under
526 1443 70 27 dylika
617 1442 145 22 förhållanden
778 1445 30 19 ett
823 1444 89 26 verkligt
934 1444 87 28 ingrepp

207 1470 50 22 eller
277 1470 74 22 hinder
373 1471 6 21 i
394 1472 75 21 sakens
492 1472 104 26 naturliga
617 1472 125 26 utveckling.
771 1472 81 21 Härtill
866 1473 101 24 kommer,
990 1476 32 18 att

207 1500 35 21 det
257 1500 132 26 oskiljaktiga
405 1502 171 24 sammanhanget
591 1500 75 22 mellan
680 1501 192 27 moderförsamling
888 1502 38 21 och
942 1502 79 27 kapell-

206 1528 120 27 församling
348 1528 46 22 haft
408 1529 62 27 högst
485 1529 102 28 olyckliga
608 1529 88 27 frukter,
711 1530 6 20 i
734 1530 34 21 det
784 1532 31 19 att
830 1530 116 22 detsamma
968 1531 53 21 varit
