1092 1817
300 135 180 22 Borgareståndet.
505 136 54 17 1867.
584 137 19 15 11
615 136 63 21 April.
829 130 40 21 531

450 222 15 26 $
478 223 51 20 279.

148 277 55 21 Herr
218 278 87 26 Bergh
322 277 66 22 erhöll
403 278 61 21 ordet
479 278 39 21 och
532 278 93 26 yttrade:
643 278 37 26 jag
693 278 67 21 beder
775 279 32 19 att
822 278 21 21 fä
858 278 41 20 för-

79 306 52 20 orda
154 306 36 20 det
210 312 74 15 senare
302 306 135 21 alternativet
451 306 8 20 i
473 307 114 20 utskottets
603 306 139 24 betänkande,
759 306 89 21 emedan
863 307 37 20 det

78 334 57 21 förra
150 334 72 26 tyckes
238 334 71 20 alltför
324 334 83 26 mycket
421 334 115 21 inskränka
550 334 160 27 församlingens
725 334 86 21 valrätt.

146 396 82 21 Herrar
250 396 148 21 Granström
417 396 39 21 och
476 396 125 22 Snellman
616 396 99 22 förenade
732 396 33 27 sig
781 396 47 21 med
844 396 56 21 Herr

78 424 77 27 Bergh.

146 485 56 22 Herr
211 485 150 22 Wendelin:
370 486 37 27 jag
419 492 61 15 anser
490 486 146 27 kyrkoherden
643 486 47 21 icke
697 486 54 21 böra
760 486 139 21 tillerkännas

77 514 69 27 nägon
167 516 89 20 rösträtt
278 515 36 21 vid
332 515 140 25 klockareval,
489 515 86 21 emedan
591 515 35 21 det
641 515 46 21 icke
703 517 23 19 är
743 515 154 27 kyrkoherden,

76 545 53 19 utan
144 543 150 27 församlingen
310 549 78 20 ensam,
403 549 45 16 som
464 543 78 21 aflönar
555 543 120 22 klockaren.

146 605 61 21 Efter
222 605 70 22 slutad
308 605 118 22 diskussion
444 605 129 22 framställde
590 606 54 21 Herr
667 601 72 36 Talma
748 613 60 14 nnen
823 607 77 20 nedan-

77 633 88 22 stäende
182 634 140 27 proposition:

145 694 98 29 Antager
258 696 84 21 ståndet
358 696 35 21 det
408 702 74 15 senare
497 697 133 21 alternativet
645 697 23 21 af
681 697 12 26 8
709 698 41 20 279
765 697 7 21 i
784 697 115 22 utskottets

77 724 135 22 betänkande
227 724 151 22 oförändradt?

145 787 75 21 Denna
235 787 131 27 proposition
381 787 126 22 besvarades
521 790 75 19 nästan
612 788 103 27 enhälligt
727 788 100 27 jakande,
838 789 61 20 hvar-

76 815 84 27 igenom
176 816 13 27 $
204 821 38 16 var
256 816 24 21 af
293 816 85 21 ståndet
392 819 98 24 antagen.

146 873 26 27 $$
195 873 48 26 280,
266 873 48 26 281,
336 874 48 25 282,
404 874 41 21 283
461 873 39 22 och
516 874 41 21 284
571 873 122 28 godkändes
709 873 22 22 af
747 874 84 21 ståndet
846 876 52 19 utan

77 901 126 21 diskussion.

146 958 12 27 8
175 958 40 21 285
236 958 45 21 blef
300 958 8 21 i
330 958 92 27 enlighet
436 959 48 21 med
500 959 113 22 utskottets
628 959 136 22 betänkande
779 966 26 14 ur
820 959 78 27 lagför-

77 985 67 27 slaget
159 986 113 21 utesluten.

146 1043 26 27 $$
188 1043 112 21 286—328
317 1043 88 27 gillades
419 1045 52 20 utan
488 1044 124 21 diskussion.

445 1129 15 27 $
475 1131 49 20 329.

142 1185 57 21 Herr
221 1185 89 26 Bergh
332 1185 72 21 anhöll
425 1191 34 15 om
481 1186 61 21 ordet
561 1186 39 21 och
614 1187 94 25 yttrade:
726 1187 28 26 pä
773 1187 26 20 de
813 1187 8 20 i
835 1187 62 20 moti-

74 1219 65 15 verna
153 1215 108 24 upptagna
276 1213 47 22 skäl
337 1213 116 27 tillstyrker
466 1214 37 27 jag
518 1215 128 26 antagandet
661 1215 23 21 af
700 1215 35 21 det
746 1221 78 15 senare
835 1215 63 21 alter-

74 1242 80 21 nativet
176 1241 24 21 af
220 1241 68 22 denna
311 1242 19 27 S,
346 1242 88 21 emedan
450 1242 36 21 det
501 1242 44 21 deri
559 1243 120 26 föreslagna
697 1243 202 21 öfverensstämmer

74 1270 48 21 med
146 1270 40 21 den
208 1270 218 27 rättegängsordning,
448 1276 45 15 som
514 1271 8 20 i
542 1271 114 21 allmänhet
676 1271 115 27 iakttages,
807 1272 40 21 och
863 1272 36 20 det

74 1304 61 21 synes
157 1298 109 27 olämpligt
286 1300 32 19 att
340 1299 7 20 i
370 1299 61 20 dessa
446 1299 88 21 ärender
547 1299 64 21 hafva
625 1305 26 15 en
668 1299 80 21 särkild
764 1300 133 26 rättegängs-

74 1327 97 26 ordning.

144 1382 57 22 Herr
215 1382 77 22 Holm
308 1382 104 22 instämde
426 1383 8 21 i
448 1383 56 21 Herr
518 1383 80 27 Berghs
613 1384 105 26 yttrande.

142 1438 101 22 Härefter
258 1439 130 21 framställde
403 1440 56 20 Herr
498 1440 142 20 Talmannen
651 1440 92 26 följande
754 1441 143 25 proposition:

143 1494 67 22 Gillar
234 1495 84 21 ständet
341 1495 36 21 det
395 1501 74 15 senare
484 1495 134 21 alternativet
633 1496 23 21 af
672 1496 12 27 &
701 1496 41 21 329
758 1496 7 20 i
781 1496 118 22 utskottets

73 1523 149 22 betänkande?
