1084 1770
225 120 42 21 250
416 126 181 21 Borgareståndet.
620 126 55 18 1867.
697 127 22 17 15
732 126 62 18 Mars.

269 211 124 27 Högtärade
408 212 56 21 Herr
478 212 87 22 Talman
581 214 55 20 samt
650 212 110 28 Välloflige
775 212 167 28 Borgarestånd!

264 268 81 22 Genom
368 268 98 27 rensning
488 268 23 22 af
532 269 62 26 sjöar,
617 269 38 21 åar
677 269 39 21 och
736 270 70 21 forsar
824 270 30 20 uti
869 270 141 26 vattudragen

198 296 89 22 emellan
309 297 130 21 Tavastehus
454 297 38 21 och
508 297 141 21 Tammerfors
665 298 78 25 städer,
757 298 40 20 har
812 298 66 20 under
894 298 25 21 de
934 299 77 20 tvänne

195 325 138 21 sistförflutne
355 331 107 15 somrarne
483 326 212 26 sjökommunikation
718 326 89 21 emellan
823 326 89 22 berörde
930 326 79 24 städer,

195 354 7 20 i
225 353 117 27 förenining
364 354 290 26 Helsingfors
510 349 12 36 —
528 354 126 26 Tavastehus
674 354 94 27 jernväg,
791 355 55 20 varit
868 354 85 27 öppnad
971 355 40 21 och

195 382 122 26 isynnerhet
331 381 143 27 godstrafiken
489 382 31 22 uti
536 383 130 27 tilltagande,
682 383 67 21 ehuru
764 382 65 27 några
844 383 105 21 farkoster
965 383 45 21 icke

195 410 72 22 kunna
290 416 86 20 passera
397 411 35 21 det
447 411 96 27 omkring
558 411 33 27 sju
605 412 57 20 verst
677 411 61 27 långa
753 411 137 25 vattenfallet,
906 418 45 15 som
966 411 45 21 för-

197 445 50 14 enar
262 439 133 26 Wanajavesi
410 440 126 25 vattendrag
551 440 48 20 med
615 439 111 27 Pyhäjärvi
742 440 30 26 sjö
786 440 38 20 och
837 440 83 21 hvaruti
932 440 79 21 Herala

196 469 55 19 samt
266 467 113 21 Kuokkala
394 467 68 22 forsar
474 467 136 26 förekomma,
622 469 50 20 utan
683 467 54 22 både
747 473 137 22 passagerare
894 469 38 20 och
944 467 66 23 frakt-

195 495 52 26 gods
272 496 80 26 nödgas
375 496 58 21 öfver
448 497 36 20 det
499 499 44 22 näs,
559 503 45 15 som
619 497 69 21 bildas
703 497 47 21 utaf
764 497 63 26 sagde
842 497 117 25 vattenfall,
975 497 36 21 be-

195 524 84 21 fordras
299 525 123 26 landvägen,
446 525 134 27 hvarigenom
600 526 118 27 synnerliga
741 525 141 27 olägenheter,
902 525 109 27 tidspillan

196 553 39 21 och
250 553 121 25 kostnader,
387 554 93 21 särdeles
496 554 47 21 med
558 554 99 21 afseende
672 554 12 21 å
698 555 86 25 godsets
800 554 22 20 af
837 555 39 20 och
891 554 120 27 pålastning

195 580 107 22 äfvensom
327 581 65 22 behof
412 582 23 20 af
456 584 31 19 ett
507 583 66 20 ökadt
588 583 59 20 antal
662 582 110 26 farkoster,
789 582 166 27 åstadkommes;
971 583 39 21 och

195 616 46 15 som
257 610 62 21 dessa
335 610 135 26 olägenheter
486 611 47 21 med
549 611 77 21 lätthet
641 611 70 21 kunna
726 611 143 27 undanrödjas
882 611 127 27 derigenom,

195 640 32 19 att
243 644 25 16 en
283 638 63 22 kanal
362 639 46 21 med
425 639 79 21 slussar
519 640 27 26 på
561 640 63 20 södra
639 640 59 20 sidan
714 646 34 14 om
764 640 98 21 Lembois
877 640 27 26 by
916 640 24 20 af
947 640 63 21 Lem-

193 667 50 27 pälä
257 668 78 20 socken
350 668 39 21 och
403 668 131 21 Tavastehus
549 668 35 21 län
600 670 80 25 öppnas
692 674 75 20 genom
778 668 123 22 förberörde
913 668 96 27 omkring

194 702 26 14 en
243 696 44 20 half
309 698 57 19 verst
381 696 65 21 breda
460 698 47 24 näs;
523 697 24 21 så
562 697 38 20 och
617 696 26 22 då
659 703 24 14 en
699 696 65 22 sådan
780 697 66 21 lättad
862 697 147 21 kommunika-

195 724 50 25 tion,
261 724 76 21 hvaraf
351 725 18 27 ej
385 725 81 21 mindre
482 725 115 21 socknarne
613 725 95 27 omkring
720 726 152 20 ofvanberörde
883 726 126 25 vattendrag

195 754 26 19 än
237 753 108 21 trakterne
361 753 95 27 omkring
472 753 104 27 Näsijärvi
592 754 31 26 sjö
639 754 54 20 ända
708 754 31 20 till
751 754 29 20 tio
791 754 12 20 å
814 754 40 20 tolf
864 754 48 20 mils
924 754 84 21 afstånd

193 784 76 18 norrut
293 782 48 20 från
362 782 142 21 Tammerfors
526 782 65 26 draga
616 784 65 25 nytta,
704 782 82 21 således
808 788 50 15 vore
873 782 23 22 af
909 782 99 22 behofvet

194 809 105 27 påkallad,
325 810 89 22 utbeder
435 811 36 26 jag
493 811 42 26 mig
556 811 114 25 vördsamt,
692 810 57 27 uppå
769 811 55 21 mine
839 810 168 22 kommittenters

195 838 72 21 derom
287 838 75 27 gjorda
383 838 105 26 anhållan,
504 846 33 14 om
553 839 110 27 Välloflige
677 839 188 27 Borgareståndets
880 840 127 21 medverkan

193 867 33 20 till
248 867 131 26 underdånig
403 868 89 25 petition
514 868 37 20 hos
575 868 58 20 Hans
655 868 117 26 Kejserliga
793 868 105 25 Maiestät,
914 868 93 21 Landets

194 895 123 26 Storfurste,
340 901 33 15 om
395 896 78 21 farleds
496 896 109 26 öppnande
628 896 123 21 förmedelst
769 896 152 21 ofvanberörde
936 896 69 21 kanal.

193 923 140 27 Helsingfors,
350 924 41 21 den
406 924 26 21 12
448 924 58 21 Mars
522 925 60 20 1867.

730 981 24 22 0.
771 981 25 21 R.
814 982 123 21 Grönholm.

262 1049 89 21 Ständet
373 1050 68 21 beslöt
464 1051 31 20 att
517 1050 108 21 remittera
646 1049 203 27 petitionsförslaget
864 1049 33 21 till
912 1048 95 23 ständets

195 1078 96 21 enskilda
306 1078 175 22 besvärsutskott.

262 1134 56 22 Herr
339 1134 147 22 Cederman
506 1134 119 22 inlemnade
643 1136 31 20 ett
688 1134 114 28 sälydande
817 1134 188 28 petitionsförslag:

418 1210 39 21 Till
472 1209 111 27 Vällofliga
597 1209 183 27 Borgareständet.

260 1266 69 22 Bland
351 1266 243 22 samhällsinstitutioner
616 1268 24 20 är
662 1266 138 22 helsovärden
822 1266 135 22 tvifvelsutan
973 1272 32 20 en,

193 1300 45 16 som
253 1295 64 21 minst
332 1294 33 22 fär
379 1295 80 21 lemnas
473 1295 13 21 &
502 1296 51 20 sido.
583 1295 54 22 Värt
652 1295 48 21 land
715 1295 39 21 har
770 1295 63 21 ocksä
848 1295 6 21 i
870 1294 70 22 denna
954 1294 52 22 rikt-

192 1323 51 26 ning
257 1324 58 25 gjort
328 1323 79 26 ganska
424 1324 90 27 mycket;
530 1330 48 15 men
593 1324 83 27 mycket
690 1324 92 21 äterstär
797 1325 63 24 ännu,
875 1329 45 15 som
931 1325 75 18 väntar

191 1351 29 27 pä
241 1352 136 26 tillgörande;
399 1352 39 21 och
461 1352 36 21 det
520 1354 23 19 är
563 1352 67 21 folket
652 1353 6 20 i
681 1353 25 20 de
727 1352 117 27 aflägsnare
859 1351 110 22 trakterna
985 1351 22 21 af

191 1379 120 28 Uleäborgs
333 1380 40 25 län,
390 1386 44 15 som
449 1381 7 20 i
472 1380 58 21 detta
545 1380 98 22 afseende
659 1381 44 21 stär
718 1381 110 26 bedjande.
857 1381 32 20 En
905 1380 52 21 hvar
970 1381 37 20 vet

192 1409 33 19 att
239 1407 6 21 i
261 1407 119 28 Uleåborgs
395 1408 41 23 län,
452 1413 45 16 som
513 1409 54 20 dock
582 1410 102 25 upptager
699 1411 53 19 nära
767 1414 25 15 en
808 1408 102 26 tredjedel
925 1408 23 21 af
958 1408 49 21 hela

191 1435 102 22 Finlands
312 1437 64 25 areal,
391 1435 67 22 finnes
473 1436 19 27 ej
507 1443 59 14 mera
581 1438 26 19 än
623 1439 31 18 ett
669 1437 53 20 enda
737 1437 87 20 allmänt
839 1436 93 27 sjukhus,
949 1435 35 22 det
998 1435 9 21 i

192 1463 119 28 Uleäborgs
327 1465 54 20 stad.
410 1464 48 21 Men
475 1470 25 16 en
515 1465 52 21 hvar
582 1465 39 21 har
636 1465 45 21 icke
696 1465 88 22 kommit
799 1465 32 21 att
845 1465 66 21 tänka
925 1463 34 28 pä,
974 1465 33 20 att

191 1492 34 23 till
247 1493 68 22 denna
338 1493 54 22 enda
406 1493 116 28 inrättning
536 1493 55 22 skall
603 1493 83 22 skickas
700 1494 62 27 sjuka
777 1494 47 21 frän
838 1494 83 21 trakter
936 1493 27 26 pä
978 1493 27 21 20

191 1522 33 22 till
239 1523 27 21 70
281 1522 47 22 mils
343 1522 83 22 afständ
440 1525 56 19 samt
510 1524 33 20 att
558 1523 61 21 dessa
633 1523 180 27 sjuktransporter
828 1522 44 22 ofta
887 1523 37 21 ske
938 1522 67 22 under
