1092 1823
290 137 181 21 Borgareståndet.
496 138 55 17 1867.
575 138 23 16 12
610 138 62 21 April.
828 133 38 20 541

148 224 55 21 Herr
218 224 164 27 Lindegvist:
398 224 32 20 för
445 224 41 20 min
503 224 33 21 del
552 224 91 26 päyrkar
650 224 37 26 jag
699 226 31 19 att
738 224 159 26 ifrågavarande

80 252 76 26 nådiga
178 252 129 26 proposition
331 253 65 20 måtte
414 252 32 21 till
462 258 26 20 ny
505 252 125 25 behandling
645 252 22 20 af
680 252 219 26 grundlagsutskottet

80 280 127 21 remitteras.
238 280 32 21 Då
286 281 58 20 Hans
360 280 116 26 Kejserliga
492 280 98 26 Majestät
601 280 35 21 vid
646 280 174 26 nästföregående
830 280 69 21 landt-

81 309 40 25 dag
136 308 92 21 förelade
244 309 112 20 ständerna
371 309 129 26 proposition
516 310 6 20 i
537 315 79 15 samma
631 311 68 23 ämne,
710 308 118 21 förklarade
839 308 59 21 Hans

81 337 99 27 Majestät
200 337 139 26 uttryckligen
360 339 31 19 att
413 336 134 27 lagförslaget
563 336 65 22 borde
643 336 84 22 affattas
742 337 67 21 under
823 336 75 22 rättvis

80 365 133 27 tillämpning
234 365 22 21 af
276 365 96 27 gällande
394 365 133 27 grundlagar.
557 365 74 21 Såsom
654 365 78 21 bekant
753 368 24 18 är
800 365 44 21 blef
858 365 39 21 den

81 394 77 26 nådiga
173 394 156 26 propositionen
346 394 45 20 icke
406 394 99 25 godkänd
517 394 21 21 af
547 394 118 24 ständerna,
679 393 70 21 hvilka
760 394 5 20 i
777 394 36 20 sitt
823 394 74 20 under-

81 422 76 27 däniga
180 428 48 15 svar
242 422 118 25 framhöllo,
376 424 32 19 att
423 422 82 22 landets
521 422 90 21 embets-
626 422 39 21 och
681 422 126 26 tjenstemän
822 422 76 26 grund-

81 450 111 27 lagsenligt
215 457 49 14 vore
278 450 139 27 eberättigade
439 453 31 18 att
493 451 33 20 vid
549 451 90 20 skeende
662 450 124 26 indragning
802 450 21 21 af
837 451 61 20 deras

81 479 88 26 tjenster
184 479 32 20 för
231 479 31 20 sin
279 479 65 20 lifstid
359 479 51 20 eller
424 479 127 21 ätminstone
566 479 30 20 till
613 479 48 21 dess
677 479 25 20 de
717 480 27 25 pä
759 485 51 20 egen
821 479 76 20 ansök-

81 507 50 27 ning
156 507 79 21 erhölle
258 514 68 15 annan
346 507 70 26 tjenst,
432 507 82 26 åtnjuta
530 507 39 21 alla
585 507 45 21 sina
646 507 121 26 inkomster,
783 507 115 26 hvarjemte

79 536 115 21 ständerne
216 536 6 20 i
245 535 166 26 underdänighet
433 535 91 25 anhöllo,
543 538 32 19 att
594 535 59 22 Hans
667 535 116 27 Kejserliga
799 536 100 26 Majestät

81 564 48 21 ville
145 565 34 20 vid
195 564 67 21 denna
278 564 101 27 landtdag
394 563 114 26 framlägga
524 567 45 24 nytt
585 563 113 27 lagförslag
713 564 5 20 i
735 564 88 21 nämnde
838 563 59 28 syfte.

82 593 58 20 Hans
156 593 100 26 Majestät
271 592 38 21 har
325 592 37 21 och
378 593 6 19 i
400 593 66 20 näder
480 592 68 21 funnit
563 593 50 26 godt
629 594 31 19 att
671 599 27 14 nu
709 592 115 21 framställa
834 595 65 23 ytter-

81 621 65 26 ligare
169 621 130 26 proposition
322 621 6 20 i
352 623 76 18 ämnet.
459 621 97 20 Hvarken
579 621 6 20 i
609 621 68 20 denna
700 621 71 20 eller
762 616 13 35 i
788 621 38 20 den
843 620 55 22 förra

82 649 157 26 propositionen
262 649 72 25 finnes,
355 649 69 21 sävidt
444 649 36 26 jag
500 649 80 21 kunnat
595 649 58 25 fatta,
670 649 92 20 uttaladt
777 651 32 18 att
824 649 75 26 lagför-

80 677 70 26 slaget
171 677 67 21 skulle
260 677 67 26 äsyfta
349 677 145 26 upphäfvande
517 678 50 21 eller
590 677 87 26 ändring
693 677 21 20 af
727 677 172 26 grundlagsstad-

80 705 108 27 ganderne
210 706 6 20 i
232 708 76 19 ämnet.
338 705 42 22 Det
396 706 87 21 oaktadt
498 706 38 21 har
550 705 225 28 grundlagsutskottet,
794 706 105 25 utgäende

82 741 25 14 ur
122 741 24 14 en
164 734 76 27 oriktig
256 734 111 27 synpunkt,
383 735 5 20 i
404 735 37 20 sitt
457 734 131 21 betänkande
603 733 94 22 förordat
707 734 137 27 stadganden,
853 741 45 14 som

80 763 68 26 enligt
162 763 42 21 min
220 763 143 27 öfvertygelse,
380 763 17 26 ej
414 765 36 19 äro
466 763 68 26 enliga
549 763 46 21 med
612 763 81 20 landets
708 763 131 26 grundlagar.
863 763 36 21 Ut-

82 792 92 21 skottets
196 791 132 22 betänkande
352 798 60 21 synes
434 791 48 27 mig,
506 791 61 22 hafva
586 791 31 21 till
632 792 53 26 syfte
700 793 31 19 att
747 791 32 21 för
794 792 12 20 å
822 791 76 21 allmän

81 823 44 18 stat
140 820 102 27 uppförde
265 821 88 20 embets-
370 820 38 21 och
424 821 123 26 tjenstemän
563 820 75 26 stadga
653 821 30 20 ett
699 820 93 21 tillständ
808 820 21 21 af
836 820 63 21 oviss-

81 849 37 20 het
141 849 38 21 och
203 849 117 25 osäkerhet,
341 855 44 14 som
406 849 6 20 i
436 855 24 14 en
480 849 83 20 framtid
579 849 17 26 ej
613 849 41 20 kan
670 851 64 18 annat
749 850 25 19 än
791 848 62 21 lända
867 848 32 21 till

82 877 66 21 skada
170 877 32 21 för
224 877 70 21 landet
309 877 7 21 i
330 877 32 21 sin
378 877 71 21 helhet
485 877 33 21 Dä
532 877 153 26 grundlagarne
701 877 121 26 uttryckligt
837 876 62 21 fram-

82 905 64 26 hälla,
170 908 32 19 att
225 905 40 22 alla
288 905 66 22 under
376 905 71 27 lagens
471 905 54 27 hägn
546 905 52 22 böra
613 905 82 27 ätnjuta
711 905 41 21 lika
767 907 50 24 rätt,
833 905 65 21 borde

80 934 222 27 grundlagsutskottet
320 934 60 22 äfven
396 935 61 21 hafva
472 935 53 26 tagit
540 934 68 22 denna
623 934 155 26 omständighet
793 934 6 20 i
816 934 82 20 betrak-

82 964 70 20 tande.
184 963 48 21 Men
256 963 65 27 enligt
340 963 115 21 utskottets
471 963 133 21 betänkande
619 962 67 21 skulle
701 962 46 22 icke
762 962 41 22 alla
819 965 80 18 statens

80 992 128 25 tjenstemän
231 992 37 21 ske
283 998 79 14 samma
377 993 49 23 rätt,
443 994 50 18 utan
508 992 83 20 komme
607 991 32 24 de,
655 998 45 13 som
715 991 34 20 vid
764 990 135 21 utfärdandet

83 1020 22 21 af
124 1021 40 20 den
186 1019 104 22 blifvande
310 1019 149 27 författningen
481 1019 110 22 innehafva
609 1019 82 21 embete
712 1019 51 21 eller
783 1019 68 27 tjenst,
868 1021 31 19 att

82 1049 84 26 ätnjuta
187 1049 111 25 förmoner,
322 1048 70 21 hvilka
415 1049 31 25 de,
464 1055 43 14 som
524 1048 64 21 redan
604 1048 47 21 med
667 1048 74 26 mänga
757 1047 142 28 uppoffringar

81 1077 41 21 och
144 1077 115 22 kostnader
278 1077 84 22 arbetat
384 1077 31 26 sig
430 1077 20 21 in
466 1078 26 26 pä
508 1076 227 27 tjenstemannabanan,
751 1077 6 20 i
773 1083 25 14 en
814 1075 85 22 framtid

81 1106 19 26 ej
124 1106 67 21 skulle
210 1105 85 22 erhålla.
325 1105 39 27 Jag
386 1106 41 21 kan
448 1106 74 21 härvid
543 1105 46 22 icke
605 1105 110 21 underlåta
730 1107 31 19 att
776 1105 68 21 uttala
859 1105 40 20 den

82 1134 146 28 öfvertygelse,
251 1137 32 19 att
304 1134 44 22 lika
370 1135 22 20 så
415 1134 56 25 visst,
494 1141 44 15 som
554 1135 47 20 vårt
614 1133 151 27 jemförelsevis
781 1133 118 27 folkfattiga

80 1163 52 21 land
153 1165 23 18 är
197 1163 119 26 välsignadt
334 1163 47 21 med
403 1163 96 21 embeten
522 1163 37 20 och
583 1163 93 26 tjenster,
699 1162 21 21 af
739 1161 69 22 hvilka
824 1163 75 25 många

81 1194 51 18 utan
153 1197 47 15 men
220 1191 32 21 för
267 1191 72 22 landet
354 1191 80 21 saklöst
448 1191 70 21 kunde
532 1191 104 26 indragas,
652 1191 65 20 likaså
733 1193 43 18 rätt
791 1197 61 14 anser
865 1190 36 27 jag

82 1222 32 19 att
136 1220 42 21 alla
193 1221 120 20 nuvarande
328 1219 134 22 innehafvare
477 1219 22 22 af
512 1219 87 27 tjenster
613 1219 106 26 oförryckt
735 1218 115 22 bibehållas
866 1219 34 20 vid

82 1249 27 20 de
131 1248 112 25 förmoner,
266 1255 45 14 som
334 1248 67 21 blifvit
424 1248 52 21 hvar
491 1249 39 20 och
545 1254 32 21 en
587 1247 170 27 tillförsäkrade.
778 1247 69 22 Jemte
863 1247 36 21 det

77 1277 39 26 jag
136 1277 82 21 säledes
234 1277 6 20 i
256 1277 66 20 likhet
337 1277 48 20 med
400 1276 54 21 hvad
470 1276 79 21 Herrar
564 1271 111 31 Öhrnberg
690 1275 39 22 och
744 1275 85 26 Östring
844 1275 6 21 i
866 1275 32 21 sin

82 1305 129 21 reservation
228 1305 77 26 jemväl
320 1305 106 26 tillstyrkt,
444 1305 90 26 päyrkar
548 1306 32 19 att
595 1305 39 20 den
649 1303 76 26 nädiga
741 1304 156 27 propositionen

82 1333 66 22 mätte
170 1333 32 21 till
225 1340 27 20 ny
268 1333 126 26 behandling
409 1333 21 21 af
444 1333 217 26 grundlagsutskottet
677 1332 144 25 öfverlemnas,
837 1338 62 15 anser

78 1361 42 28 jag
140 1362 42 26 mig
202 1361 100 22 särskildt
324 1362 50 20 böra
389 1361 111 21 framhälla
515 1360 181 27 nödvändigheten
712 1360 22 21 af
747 1362 33 19 att
795 1360 104 21 utskottet

82 1391 48 20 med
152 1390 146 27 noggrannhet
320 1390 39 21 och
380 1389 195 27 samvetsgrannhet
593 1389 90 27 pröfvar,
699 1389 70 20 hvilka
784 1389 116 20 inkomster

81 1421 38 19 äro
140 1418 150 25 säbeskaffade,
307 1420 32 20 att
354 1419 32 25 de,
401 1419 7 20 i
423 1418 100 21 händelse
538 1419 67 26 nägon
621 1417 64 27 tjenst
699 1417 104 26 indrages,
819 1417 17 26 ej
848 1417 52 21 böra

80 1447 176 25 tillgodokomma
278 1447 155 24 innehafvaren,
453 1447 36 24 jag
512 1452 72 14 menar
606 1446 79 20 sådana
709 1445 122 24 inkomster,
854 1451 45 15 som

82 1476 76 24 utgöra
181 1476 31 19 ett
232 1474 98 25 vederlag
352 1473 32 21 för
399 1473 26 21 de
440 1473 86 26 utgifter
540 1473 167 26 tjenstemannen
721 1473 7 20 i
745 1472 37 21 och
799 1472 32 21 för
846 1472 54 26 tjen-

80 1504 49 19 sten
152 1503 67 20 mäste
241 1502 121 24 vidkännas,
384 1507 47 16 men
454 1501 70 20 hvilka
544 1500 87 21 alldeles
646 1500 95 27 upphöra
756 1502 38 19 när
809 1500 91 27 tjensten

80 1531 106 25 indrages.
