1084 1803
222 138 41 21 308
405 138 182 27 Borgareståndet.
611 142 55 18 1867.
689 142 26 17 26
727 141 63 18 Mars.

193 229 77 26 nådiga
292 228 159 27 propositionen
473 228 40 21 N:o
529 228 34 26 20,
579 227 109 27 angående
703 227 126 27 tryckfrihet
843 228 7 21 i
866 227 90 22 Finland
971 227 40 22 och

193 263 35 15 om
250 256 95 22 vilkoren
359 257 34 20 för
408 257 48 20 dess
470 256 144 27 begagnande,
629 256 33 21 till
677 256 150 26 lagutskottet;
844 256 76 26 nådiga
934 262 77 21 propo-

193 285 91 22 sitionen
300 285 39 22 N:o
355 285 33 26 28,
404 285 108 26 angående
528 285 100 27 utvidgad
643 285 98 20 handels-
757 284 39 22 och
811 285 156 26 näringsfrihet,
977 285 34 21 till

192 313 45 27 lag-
253 313 38 22 och
307 313 213 26 ekonomiutskottet;
536 314 77 26 nådiga
627 313 160 27 propositionen
802 313 39 21 N:o
858 314 33 25 29,
908 319 34 17 om
950 315 61 20 anta-

193 342 69 26 gande
277 342 23 21 af
313 348 26 15 en
354 342 123 27 förordning
492 341 108 27 angående
615 343 97 20 närmare
724 342 142 26 begränsning
879 341 21 21 af
909 342 58 21 tiden
977 341 34 22 för

192 370 124 22 löftesmäns
332 370 134 26 ansvarighet
481 376 27 15 m.
524 376 34 19 m.,
574 370 33 22 till
622 370 140 26 lagutskottet
777 370 40 21 och
829 370 76 26 nådiga
915 370 96 26 proposi-

193 399 72 22 tionen
280 398 40 22 N:o
331 399 34 26 30,
376 398 108 28 angående
499 399 116 27 utgörande
628 398 23 21 af
662 398 113 27 bevillning
785 398 32 22 för
829 399 54 21 1868
894 398 40 22 och
943 398 68 28 påföl-

190 428 67 27 jande
280 427 30 26 är,
325 428 32 20 till
372 429 63 19 stats-
451 427 39 21 och
505 427 238 27 bevillningsutskottet;
760 427 106 21 äfvensom
882 428 32 20 att
929 427 82 22 Bonde-

194 456 84 22 ständet
300 456 33 21 till
348 456 42 21 alla
406 456 58 21 delar
479 456 94 26 godkänt
591 455 40 22 och
646 456 81 25 antagit
742 457 65 20 stats-
822 456 39 21 och
876 456 135 27 bevillnings-

193 484 117 22 utskottets
325 484 139 26 betänkande,
480 484 6 21 i
501 484 112 27 anledning
629 484 22 21 af
664 484 78 26 nädiga
756 484 158 28 propositionen
929 484 39 22 N:o
986 484 25 22 19

192 513 109 27 angäende
316 513 70 22 finska
400 513 163 21 militiefondens
579 513 121 21 ersättande
716 512 33 22 för
764 513 147 27 minskningen
926 513 23 21 af
963 513 48 21 dess

192 542 117 22 inkomster
331 548 75 20 genom
428 542 149 27 upphörandet
599 542 22 21 af
635 541 264 27 bränvinsförpaktningen
913 542 32 21 uti
960 542 51 22 fäst-

192 571 103 27 ningarna
309 570 7 21 i
332 570 95 22 Finland.

260 627 100 22 Härefter
374 627 72 22 anhöll
461 628 55 21 Herr
530 628 138 22 Rosenius
683 634 33 15 om
728 628 61 21 ordet
799 628 39 21 och
848 629 94 26 yttrade:
958 628 53 22 Bor-

191 656 137 28 gareständet
350 657 38 21 har
403 656 35 22 vid
454 656 78 27 dagens
547 656 222 26 förmiddags-session
785 656 27 26 pä
827 664 25 14 en
867 658 66 21 vecka
947 657 64 21 bord-

192 686 45 26 lagt
251 685 174 21 bankutskottets
437 685 134 22 betänkande
584 685 6 21 i
603 685 112 27 anledning
726 685 21 21 af
757 684 78 28 nädiga
845 686 165 28 propositionen,

192 714 109 27 angäende
316 714 102 26 styrelsen
434 714 40 21 och
488 714 156 26 förvaltningen
659 714 22 21 af
695 714 102 21 Finlands
812 714 67 27 bank;
897 721 48 15 men
955 721 55 15 eme-

192 743 43 21 dan
244 742 161 22 Prestaständet
420 742 98 27 bordlagt
534 749 81 14 samma
629 742 134 22 betänkande
778 743 27 26 pä
820 743 87 22 kortare
918 743 31 22 tid
960 744 51 21 eller

192 771 33 21 till
248 773 62 20 nästa
332 771 92 26 plenum,
439 771 96 21 anhåller
549 771 42 27 jag,
607 771 36 21 det
658 771 185 27 Borgareständet,
859 773 48 20 med
922 772 89 27 ändring

192 800 23 21 af
236 800 36 21 sitt
293 799 59 22 förra
372 799 69 22 beslut
462 800 39 21 och
516 799 34 22 till
564 799 103 22 vinnande
683 800 23 21 af
719 800 37 26 tid,
770 800 78 27 jemväl
863 801 68 21 skulle
948 801 63 21 bord-

192 828 62 27 lägga
278 828 64 27 sagde
364 828 134 21 betänkande
520 828 33 21 till
575 828 179 22 förstinträffande
777 830 162 25 sammanträde,
955 829 56 22 helst

192 857 116 22 utskottets
330 857 134 21 betänkande
486 856 176 27 hufvudsakligen
683 857 38 26 gär
740 859 24 19 ut
782 857 28 27 pä
825 858 124 25 detsamma,
965 865 45 14 som

190 885 118 22 ständerna
322 886 34 21 vid
372 886 58 21 förra
444 886 129 27 landtdagen
588 886 6 21 i
611 886 64 21 saken
691 885 93 22 beslutit.

260 942 56 22 Herr
337 943 210 26 Bronikowskij:
571 949 44 15 som
631 943 180 27 bordläggningen
826 943 27 26 pä
869 950 26 15 en
909 944 66 21 vecka
990 944 23 22 af

191 971 161 28 ifrägavarande
375 971 134 21 betänkande
532 971 78 22 skedde
625 971 28 27 pä
668 971 44 22 min
727 971 100 28 begäran,
843 978 61 15 anser
917 973 36 27 jag
968 973 43 27 mig

192 1006 28 15 nu
245 999 61 22 äfven
328 1000 82 26 skyldig
432 1002 32 19 att
487 1000 118 21 framställa
625 1000 73 21 skälen
720 1001 35 21 för
772 1001 65 26 sagde
851 1002 43 21 min
909 1001 100 28 begäran.

191 1028 64 22 Först
273 1029 39 21 och
327 1028 75 22 främst
416 1028 63 21 hafva
495 1029 25 21 de
535 1028 61 22 flesta
612 1028 23 21 af
647 1028 97 23 ständets
758 1030 138 21 medlemmar
911 1031 46 20 icke
973 1030 37 21 be-

191 1057 66 21 vistat
281 1059 83 19 senaste
388 1057 102 26 landtdag
509 1058 40 21 och
572 1057 81 22 säledes
675 1057 46 22 icke
743 1057 82 22 kunnat
845 1059 48 21 med
908 1059 102 26 tillbörlig

191 1085 149 27 noggrannhet
358 1084 52 28 följa
424 1086 49 20 med
492 1086 46 21 dess
553 1085 159 27 förhandlingar
726 1086 7 21 i
749 1086 138 26 bankfrägan.
915 1087 44 21 För
974 1087 36 21 det

192 1114 66 21 andra
280 1116 24 19 är
325 1114 143 21 betänkandet
490 1115 81 25 ganska
591 1114 110 27 vidlyftigt,
718 1116 55 20 samt
787 1115 88 21 framför
890 1116 39 20 allt
944 1116 65 21 saken

191 1142 23 22 af
235 1142 40 22 den
295 1142 51 27 vigt,
370 1144 31 19 att
416 1142 127 22 ätminstone
555 1143 37 26 jag
607 1142 46 22 icke
668 1149 62 15 anser
745 1143 42 27 mig
801 1144 72 20 kunna
887 1145 72 26 moget
973 1144 36 22 be-

190 1171 84 26 grunda
294 1171 40 21 den
356 1170 28 26 pä
406 1171 86 21 kortare
512 1172 36 26 tid,
564 1171 55 21 helst
632 1171 37 27 jag
683 1172 46 21 icke
745 1174 24 18 är
784 1178 42 20 nog
840 1172 147 22 hemmastadd
1002 1173 7 21 i

191 1199 165 21 bankväsendet.
386 1199 32 21 De
440 1199 47 21 äter
509 1200 22 20 af
552 1199 94 22 ständets
668 1200 143 26 medlemmar,
834 1200 72 22 hvilka
920 1201 7 21 i
942 1200 67 22 likhet

190 1227 50 21 med
262 1228 56 20 Herr
340 1228 103 20 Rosenius
466 1228 69 20 såsom
558 1228 117 20 ledamöter
697 1228 7 20 i
725 1228 163 22 bankutskottet
907 1229 102 26 handlagt

191 1255 82 27 frägan,
288 1255 63 21 hafva
366 1256 133 26 naturligtvis
515 1256 66 21 redan
595 1256 62 21 tänkt
671 1256 32 27 sig
717 1256 22 21 in
753 1257 8 20 i
775 1257 73 24 saken,
864 1257 45 21 deri
925 1258 25 20 de
963 1257 46 21 der-

190 1284 46 21 före
260 1285 36 20 äro
319 1284 92 20 beredde
434 1285 32 19 att
488 1286 59 25 yttra
561 1284 37 26 sig,
615 1284 80 22 hvilket
709 1284 19 27 ej
744 1285 65 21 borde
824 1292 51 14 vara
886 1286 61 21 fallet
961 1286 49 21 med

191 1312 67 26 öfrige
280 1312 197 22 ständsledamöter.
507 1312 41 27 Jag
567 1313 64 27 yrkar
653 1312 63 22 alltså
731 1313 137 26 fortfarande,
885 1314 35 22 det
935 1314 74 22 betän-

191 1340 42 21 kan
249 1340 35 21 det
299 1341 46 20 icke
361 1340 34 21 mä
410 1341 128 26 bordiäggas
553 1341 28 26 pä
595 1341 87 21 kortare
697 1342 31 20 tid
743 1344 28 18 än
786 1348 25 14 en
827 1343 71 20 vecka.

260 1396 54 22 Herr
330 1396 147 22 Snellman:
491 1397 36 27 jag
542 1403 61 15 anser
619 1397 36 22 det
669 1397 47 22 icke
731 1404 51 15 vara
792 1398 101 27 lämpligt,
909 1400 32 20 att
951 1398 57 22 stän-

190 1425 37 22 det
248 1425 113 22 förändrar
383 1426 37 20 sitt
442 1425 69 22 beslut
534 1432 34 15 om
589 1426 154 21 betänkandets
765 1427 152 27 bordläggning
940 1428 27 25 pä
983 1434 26 15 en

191 1453 71 27 vecka,
286 1453 39 23 och
349 1454 35 22 det
402 1453 48 22 med
465 1454 24 21 sä
504 1454 83 27 mycket
602 1461 60 15 mera
677 1455 52 26 skäl,
746 1461 45 16 som
807 1455 64 22 saken
887 1457 23 20 är
925 1456 22 21 af
961 1463 47 20 syn-

190 1483 68 25 nerlig
279 1483 51 27 vigt.
359 1483 114 21 Dessutom
497 1485 23 19 är
542 1489 25 16 en
588 1483 23 21 af
632 1484 25 21 de
675 1484 118 22 ledamöter
807 1485 7 20 i
830 1484 91 27 ständet,
936 1485 72 22 hvilka

190 1511 80 27 yrkade
295 1511 155 22 betänkandets
475 1511 153 28 bordläggning
654 1511 28 29 pä
697 1513 73 27 längre
785 1513 32 22 tid
832 1514 105 27 nämligen
952 1514 55 22 Herr

190 1539 133 28 Grundfeldt,
339 1547 28 15 nu
382 1541 47 21 icke
444 1541 39 21 här
498 1541 138 22 närvarande.
