1700 1934
534 223 26 21 68
734 228 180 21 Borgareståndet.
938 228 55 17 1867.
1016 229 18 16 11
1046 228 58 17 Febr.

574 313 55 21 Herr
643 313 75 21 Holm
734 313 93 26 begärde
843 313 60 21 ordet
918 313 39 21 och
971 312 104 26 framhöll,
1092 313 100 21 hurusom
1204 313 40 20 den
1259 312 61 26 fråga

506 341 136 21 förenämnde
657 341 180 27 petitionsförslag
853 341 114 21 omfattade
982 341 7 21 i
1004 341 162 25 hufvudsakliga
1181 341 58 21 delar
1254 341 65 21 redan

506 369 117 21 innehölles
639 369 6 21 i
661 369 59 21 Hans
734 369 119 27 Kejserliga
867 369 110 27 Majestäts
991 369 82 26 Nådiga
1088 370 131 26 proposition
1235 375 34 14 om
1284 374 36 15 an-

506 398 44 26 slag
561 397 31 21 till
603 397 147 21 förbättrande
763 397 22 21 af
796 397 93 21 farleden
903 397 88 21 emellan
1002 398 84 25 Nyslott
1097 397 39 21 och
1146 397 83 26 Kuopio
1241 397 78 24 städer,

505 426 7 21 i
528 426 84 21 hvilken
627 426 129 26 proposition
771 426 65 21 bland
851 427 65 20 annat
925 426 118 27 föreslagits
1054 427 32 20 att
1098 425 64 26 sagde
1174 425 67 22 farled
1254 425 66 21 skulle

505 454 86 27 bringas
606 454 8 21 i
629 455 75 21 sådant
719 455 65 26 skick,
800 456 33 20 att
848 455 121 21 densamma
984 455 140 21 obehindradt
1133 455 70 20 kunde
1214 455 106 26 begagnas

506 483 60 21 äfven
582 483 22 21 af
618 483 75 26 fartyg,
710 483 71 21 hvilka
797 483 60 21 skola
871 489 85 20 passera
979 483 69 21 Saima
1069 483 64 21 kanal
1156 483 38 20 och
1218 483 81 21 således
1313 483 7 20 i

506 511 67 21 likhet
588 511 48 21 med
652 511 68 21 denna
735 511 80 21 erhålla
830 517 25 15 en
871 511 86 27 djuplek
972 511 23 21 af
1008 512 34 20 nio
1057 511 36 22 fot.
1117 511 44 21 Och
1176 517 45 15 som
1236 511 84 26 petitio-

506 546 41 15 nen
562 539 56 27 förty
633 540 54 20 hade
703 539 120 22 omedelbar
838 540 125 26 gemenskap
979 540 47 21 med
1042 541 63 25 sagde
1126 539 83 27 Nådiga
1226 539 95 27 proposi-

506 569 50 24 tion,
572 568 84 21 hvilken
671 567 98 22 förvisats
785 568 31 21 till
832 568 127 27 behandling
974 568 23 21 af
1017 570 62 19 stats-
1095 568 39 21 och
1149 568 124 26 bevillnings
1288 569 32 20 ut-

507 597 87 26 skottet,
609 597 125 21 hemstallde
750 596 87 25 talaren,
854 603 33 14 om
902 597 46 21 icke
963 597 114 26 petitionen
1097 597 77 26 jemväl
1197 597 69 20 kunde
1289 602 32 15 re-

506 625 96 22 mitteras
617 625 32 22 till
665 631 80 15 samma
759 626 93 25 utskott;
868 627 33 19 att
915 626 6 20 i
938 625 98 21 afseende
1051 625 12 21 å
1078 625 115 26 beredning
1208 625 113 26 hänskjuta

507 653 74 27 frågan
597 654 32 21 till
644 653 95 22 ståndets
755 654 95 26 enskilda
864 654 175 24 besvärsutskott,
1055 654 65 26 ansåg
1136 654 81 21 talaren
1234 653 34 22 vid
1278 659 43 16 om-

508 683 100 20 förmäldt
623 682 132 21 förhållande
771 683 73 20 endast
859 682 95 21 medföra
969 683 74 20 besvär
1058 683 39 20 och
1112 682 135 27 tidsutdrägt.

575 733 56 22 Herr
649 733 166 22 Talmannen
836 735 109 20 anmärkte
960 735 79 24 härvid,
1055 735 33 20 att
1103 734 40 21 den
1158 733 23 21 af
1194 734 48 21 herr
1258 733 62 22 Holm

508 763 126 20 omnämnda
648 761 81 27 Nådiga
745 762 156 27 propositionen
916 763 22 20 af
954 763 83 21 ståndet
1053 763 129 21 remitterats
1202 762 31 21 till
1255 762 65 21 hand-

508 791 98 26 läggning
628 791 53 21 först
702 790 23 21 af
745 791 97 21 ekonomi
864 791 105 22 utskottet
991 791 38 22 och
1052 791 91 22 derefter
1164 791 22 21 af
1205 793 61 18 stats-
1282 791 39 21 och

507 819 124 27 bevillnings
646 819 111 21 utskottet.

576 870 55 21 Herr
653 870 141 21 Lindblom
817 870 102 27 upplyste,
935 872 32 19 att
982 871 65 21 sedan
1063 871 26 20 de
1103 871 32 20 tre
1152 870 66 27 öfriga
1233 869 88 22 stånden

509 899 119 20 remitterat
643 899 158 26 propositionen
817 899 80 21 direkte
907 899 32 21 till
952 900 61 20 stats-
1025 899 38 20 och
1073 899 125 26 bevillnings
1209 899 111 25 utskottet,

508 927 54 21 hade
578 927 96 21 ekonomi
696 927 104 22 utskottet
822 929 70 19 ansett
909 928 31 25 sig
955 928 6 20 i
977 927 111 26 anledning
1110 927 23 21 af
1153 927 101 21 remissen
1274 926 47 21 från

510 955 176 27 borgareståndet
702 955 17 27 ej
735 955 72 22 kunna
821 956 84 26 tillgöra
920 958 71 22 annat,
1012 957 26 19 än
1054 955 128 21 öfverlemna
1197 955 125 27 propositio-

510 990 51 15 nens
577 984 126 26 behandling
717 984 33 21 till
766 985 151 21 förstbemälda
931 985 88 21 utskott.
1049 984 42 21 För
1107 985 32 20 sin
1154 984 34 22 del
1203 984 48 21 ville
1267 984 55 21 Herr

509 1012 111 22 Lindblom
635 1012 114 28 hänskjuta
771 1013 158 27 ifrågavarande
952 1013 98 27 petitions
1073 1012 78 27 förslag
1173 1013 32 21 till
1228 1012 94 22 ståndets

510 1041 94 21 enskilda
619 1041 86 21 besvärs
719 1041 88 21 utskott.

576 1092 55 22 Herr
653 1092 137 21 Hackman
812 1092 101 22 beträdde
936 1092 39 21 den
997 1092 22 21 af
1032 1092 49 21 herr
1100 1092 112 22 Lindblom
1227 1092 94 21 uttalade

508 1120 89 26 mening.

576 1171 31 21 På
621 1171 24 21 af
657 1171 50 21 herr
728 1171 159 22 talmannen
906 1171 52 21 härå
973 1171 119 21 framställd
1106 1171 131 27 proposition
1253 1171 69 22 beslöt

510 1199 83 22 ståndet
608 1200 47 21 med
671 1200 152 26 öfvervägande
839 1199 160 27 röstpluralitet,
1016 1201 31 19 att
1062 1200 49 20 berr
1133 1200 111 26 Ehnbergs
1266 1200 54 20 före-

510 1228 91 21 nämnda
615 1228 100 27 petitions
730 1227 79 28 förslag
827 1228 67 21 skulle
915 1228 32 21 till
969 1228 94 21 ståndets
1083 1228 96 21 enskilda
1202 1228 120 22 besvärsut-

509 1257 57 21 skott
581 1258 124 21 remitteras.

578 1309 99 21 Härefter
692 1309 129 21 förekommo
837 1309 31 21 till
891 1308 74 26 åtgärd
987 1308 91 27 följande
1099 1309 23 20 af
1135 1309 68 20 nedan
1225 1309 95 21 bemälde

510 1336 209 22 ståndsmedlemmar
733 1339 100 25 uppsatta
847 1337 208 26 petitionsmemorial
1069 1337 114 27 nemligen:

577 1394 55 21 Herr
655 1389 127 31 Östrings
804 1393 113 28 sålydande
932 1394 142 26 andragande:

622 1451 134 26 »Högtärade
771 1450 79 21 talman
866 1450 39 21 och
919 1450 112 27 Vällofliga
1045 1450 165 27 Borgarestånd!

579 1505 93 22 Oaktadt
687 1507 110 20 städernas
811 1506 112 26 Magistrat
939 1506 38 21 och
987 1506 163 21 Rådstufvurätt
1160 1508 36 19 äro
1209 1505 46 22 icke
1266 1506 55 21 blott

510 1535 91 26 stadens,
617 1535 51 20 utan
683 1534 60 21 äfven
757 1535 81 20 statens
852 1534 146 21 funktionärer
1014 1533 39 21 och
1068 1534 69 21 såsom
1152 1533 79 22 sådana
1246 1534 33 21 stå
1289 1535 31 20 uti

510 1562 95 28 vidlyftig
619 1562 167 27 korrespondens
801 1563 48 21 med
867 1562 82 21 landets
967 1562 226 27 embetsmyndigheter
1212 1563 108 26 angående

510 1591 75 28 många
600 1592 97 25 ärenden,
713 1591 68 22 såsom
797 1590 112 23 brottmåls
923 1591 186 27 undersökningar,
1125 1591 141 27 exekutioner,
1286 1598 33 15 re-

511 1621 73 22 misser
599 1620 22 23 af
634 1621 105 22 allmänna
754 1620 73 28 medel,
843 1627 26 15 m.
885 1627 34 20 m.,
934 1619 70 22 hvilka
1019 1620 38 21 alls
1078 1619 47 23 icke
1143 1621 48 21 röra
1210 1620 109 22 städernas
