1098 1814
297 141 179 22 Borgareståndet.
502 142 53 17 1867,
579 143 26 16 28
617 142 47 17 Jan.
826 137 23 20 11

67 225 119 28 Styrelsens
200 227 142 26 tillgöranden
356 228 8 20 i
378 227 112 26 anledning
504 227 24 21 af
541 228 25 21 de
581 227 47 22 utaf
647 227 119 21 Ständerna
780 227 35 21 vid
830 227 49 21 sist-

67 254 71 21 hållna
153 255 101 25 landtdag
270 254 81 22 fattade
366 255 75 25 beslut,
457 255 71 22 hvilka
543 256 74 21 vunnit
632 255 58 22 Hans
706 255 117 27 Kejserliga
834 255 45 22 Ma-

62 283 79 26 jestäts
163 283 82 26 Nådiga
270 283 59 21 bifall
345 283 39 22 och
400 284 112 26 samtycke,
528 284 106 21 äfvensom
650 284 55 21 hvad
720 283 59 22 Hans
794 284 85 26 Kejser-

66 311 43 26 liga
124 311 98 26 Majestät
237 311 7 20 i
260 311 70 27 öfrigt,
346 312 32 21 till
393 312 49 27 följe
459 311 23 21 af
495 312 185 27 förhandlingarne
694 311 35 22 vid
739 312 140 27 nyssberörde

66 339 108 27 landtdag,
191 339 91 27 behagat
296 340 93 27 påbjuda
405 341 39 20 och
459 340 87 22 hvarom
562 341 65 26 enligt
645 341 75 20 sakens
736 340 144 22 beskaffenhet

66 367 122 22 Ständerna
212 368 65 22 borde
294 368 80 22 erhålla
389 369 128 26 kännedom;
532 369 117 27 hvarjemte
663 369 170 27 tillkännagifves
849 369 32 20 att

66 397 124 26 tillräckligt
212 398 58 21 antal
285 398 84 26 tryckta
384 397 106 27 exemplar
504 398 22 21 af
540 398 129 21 berättelsen
685 398 82 21 komme
782 399 33 20 att
829 397 51 22 Bor-

64 425 139 27 gareståndet
217 426 32 21 till
264 426 110 27 utdelning
388 426 64 21 bland
467 427 47 21 dess
529 427 137 21 medlemmar
681 426 177 22 tillhandahållas.

134 488 57 21 Från
206 488 59 21 Hans
280 489 110 20 Excellens
404 488 222 28 Generalguvernören
642 489 23 21 af
678 489 39 21 den
733 489 46 26 1*/,
791 489 8 20 i
813 489 67 20 denne

67 516 83 27 mänad,
175 517 47 21 med
238 517 132 27 förteckning
384 517 13 21 &
412 517 25 21 de
452 518 89 21 ärender
555 518 59 21 Hans
629 517 117 27 Kejserliga
760 517 99 27 Majestät
873 517 7 21 i

67 545 72 21 Näder
158 545 70 22 täckts
242 546 33 21 till
291 546 129 21 Ständernas
435 546 156 27 handläggning
601 546 34 21 vid
645 552 29 15 nu
684 546 115 27 pästäende
811 546 69 21 Jandt-

64 574 44 27 dag
122 573 134 22 öfverlemna.

135 636 56 21 Frän
214 637 54 21 Herr
292 637 103 21 Senatorn
410 637 56 21 Pehr
481 638 101 20 Peterson
598 637 23 21 af
635 638 40 20 den
690 638 27 20 24
733 637 83 24 dennes,
832 637 47 21 med

66 664 156 22 underrättelse
238 667 32 19 att
285 666 25 20 de
326 665 23 21 af
358 666 104 21 ombuden
473 666 32 21 för
517 666 179 26 Borgareständet
706 665 115 22 aflemnade
831 665 48 21 full-

66 693 84 22 makter
171 694 66 26 enligt
259 694 107 21 föreskrift
388 694 68 22 blifvit
478 694 22 21 af
518 694 55 22 Herr
588 694 103 22 Senatorn
706 694 119 26 granskade
841 694 39 21 och

63 722 46 21 alla
131 723 114 26 godkända
268 725 54 19 samt
337 723 104 21 ombuden
457 729 25 15 en
496 723 53 21 hvar
564 722 99 22 försedda
678 723 47 21 med
740 722 140 27 inträdespol-

67 750 29 21 let
111 750 33 22 till
159 753 45 19 säte
220 751 38 21 och
274 753 91 20 stämma
379 752 7 20 i
402 751 89 21 ständet.

134 813 68 21 Dessa
225 813 126 25 skrifvelser,
372 814 71 20 hvilka
465 814 46 20 icke
526 814 123 21 föranledde
664 814 31 20 till
711 813 72 21 vidare
799 813 80 27 åtgärd,

65 841 70 21 skulle
162 842 63 20 bland
252 841 99 22 Ständets
366 842 124 27 handlingar
504 842 95 21 förvaras
615 844 54 19 samt
685 841 116 21 ärenderna
815 842 7 20 i
837 842 44 21 dia-

67 870 41 21 riet
122 870 84 21 afföras.

136 932 61 27 Uppä
212 933 72 21 derom
300 934 23 20 af
336 934 55 20 Herr
406 933 171 21 Talmannen
598 933 61 27 gjord
674 932 160 27 framställning,
844 932 37 21 be-

65 962 54 21 slöts
141 962 101 26 enhälligt
264 964 31 19 att
318 962 99 21 Ständets
440 961 159 27 förhandlingar
620 961 68 21 skulle
707 967 52 15 vara
774 960 106 26 offentliga

66 992 56 20 samt
136 990 95 21 tillträde
246 990 32 22 för
293 990 89 22 ähörare
398 992 64 25 öppet
476 990 24 22 sä
514 991 58 26 längt
587 991 113 25 utrymmet
713 989 56 22 inom
780 990 100 20 sessions-

66 1020 91 20 rummet
172 1019 36 21 det
222 1019 90 27 medgaf.

134 1081 70 27 Fräga
226 1082 86 21 väcktes
334 1082 53 20 härä
402 1081 22 21 af
438 1081 54 21 Herr
510 1082 184 22 Talmannen,
717 1080 103 22 huruvida
834 1080 45 21 icke

66 1116 28 15 en
116 1110 41 21 viss
175 1110 153 21 klassifikation
344 1110 22 21 af
379 1110 82 21 landets
476 1110 71 21 städer
562 1110 65 20 borde
643 1116 35 19 nu,
695 1110 88 20 likasom
798 1109 35 21 vid
849 1115 32 15 se-

67 1141 60 19 naste
149 1139 106 26 landtdag,
278 1140 106 25 uppgöras
406 1139 7 20 i
435 1139 98 21 afseende
551 1139 13 20 ä
578 1138 95 26 grunden
688 1138 33 21 för
736 1138 62 20 deras
814 1138 66 20 delta-

67 1168 69 26 gande
151 1167 6 21 i
174 1166 98 23 Ständets
288 1173 155 21 gemensamma
458 1168 92 25 utgifter,
566 1166 116 27 hvarjemte
697 1167 32 21 till
745 1166 89 21 Ständet
850 1165 30 21 öf-

67 1196 151 26 verlemnades,
242 1202 33 15 om
291 1196 40 21 den
346 1196 58 21 förra
418 1196 181 22 klassifikationen
614 1195 67 21 skulle
696 1194 118 22 bibehällas
829 1194 52 22 eller

66 1231 28 21 ny
108 1226 118 26 upprättas.

134 1282 56 21 Herr
212 1282 172 21 Grundfeldt
404 1281 66 27 ansäg
492 1282 41 20 den
554 1281 57 21 förra
633 1280 180 22 klassifikationen
834 1280 46 21 icke

68 1317 51 15 vara
141 1310 53 22 efter
209 1310 79 22 sädana
302 1310 92 27 grunder
409 1310 110 27 uppgjord,
535 1312 32 19 ait
582 1310 41 21 den
637 1310 72 21 vidare
723 1315 50 15 vore
789 1308 91 28 tillämp-

68 1340 28 26 lig
112 1342 54 18 samt
180 1340 81 26 yrkade
276 1341 32 19 att
323 1339 121 21 densamma
460 1339 66 21 skulle
541 1338 142 22 underkastas
697 1345 26 14 en
739 1338 95 21 revision.

135 1396 80 21 Herrar
230 1396 166 21 Granström
420 1396 39 21 och
474 1395 95 27 Wolff
589 1395 104 21 instämde
707 1395 53 20 hvar
775 1394 54 21 efter
844 1400 36 14 an-

67 1430 42 14 nan
123 1424 7 21 i
146 1425 55 20 Herr
216 1423 138 22 Grundfeldts
368 1424 100 27 yrkande.

136 1480 54 20 Herr
212 1479 134 21 Lindblom
361 1479 50 21 fann
427 1479 46 21 skäl
487 1479 47 20 icke
548 1485 52 14 vara
614 1479 116 20 förhanden
745 1477 32 21 till
792 1478 88 26 ändring

64 1507 26 21 af
111 1508 39 21 den
171 1509 48 20 utaf
237 1507 89 22 Ständet
341 1508 34 21 vid
390 1509 83 20 senaste
488 1507 102 26 landtdag
605 1507 112 27 godkända
731 1506 150 22 klassifikatio-

67 1543 47 21 nen,
130 1537 84 22 hvilken
230 1537 82 22 derföre
325 1537 78 27 jemväl
418 1543 29 15 nu
461 1537 70 20 kunde
547 1536 65 21 blifva
626 1535 104 28 gällande.
