1092 1817
292 137 181 23 Borgareständet.
499 139 54 17 1867.
579 138 23 18 12
614 138 63 21 April.
829 133 40 20 545

79 229 55 20 man,
153 229 34 15 om
203 230 48 14 man
266 224 18 26 ej
300 226 24 18 är
338 224 84 27 intagen
438 224 22 20 af
474 230 24 15 en
513 224 57 21 förut
583 224 69 20 fattad
667 224 89 26 mening,
773 224 70 21 kunna
859 223 39 21 och

77 251 54 21 böra
153 251 45 21 frän
221 252 126 21 ständernas
367 252 99 27 yttrande
488 252 65 26 draga
575 252 40 21 den
631 251 92 27 slutsats,
740 254 32 19 att
787 252 26 21 de
829 254 69 19 ansett

77 279 165 27 likställigheten
262 280 89 21 emellan
366 280 90 21 embets-
471 280 40 21 och
527 281 124 26 tjenstemän
667 280 51 21 böra
735 280 94 22 fortfara.
858 280 41 26 Jag

78 308 68 21 mäste
162 308 132 26 naturligtvis
309 308 109 26 medgifva,
435 310 31 19 att
476 308 112 22 ständerna
599 308 35 21 vid
646 308 141 22 innevarande
797 308 101 26 landtdag

77 336 20 26 ej
120 338 36 20 äro
179 336 85 21 bundna
286 336 22 22 af
330 337 26 21 de
378 336 135 28 grundsatser
528 336 111 22 ständerne
655 336 34 21 vid
704 336 51 22 sista
770 337 128 26 landtdagen

77 364 47 27 följt
146 364 39 22 och
208 364 105 27 iakttagit.
344 365 49 21 Men
416 371 41 20 nog
472 365 60 21 torde
547 365 36 21 det
597 365 63 21 lända
674 364 111 22 samhället
800 365 39 21 och
854 365 44 26 lag-

76 393 124 27 stiftningen
216 392 30 22 till
262 393 95 26 fromma,
373 400 33 15 om
423 400 25 15 en
464 393 91 27 följande
569 393 102 27 landtdag
685 394 18 26 ej
719 396 51 19 utan
785 394 56 26 goda
851 394 47 22 skäl

76 421 130 22 åsidosätter
228 421 51 21 eller
300 422 98 22 förnekar
414 422 25 22 de
454 422 142 26 grundsatser,
612 428 45 15 som
673 422 33 21 vid
723 422 174 26 nästföregäende

78 449 101 27 landtdag
194 450 86 21 uttalats
296 450 39 21 och
350 450 63 26 följts,
428 453 23 24 ty
466 450 63 21 enhet
543 451 6 20 i
565 451 136 25 grundsatser
717 450 39 21 och
771 451 78 25 äsigter
860 451 38 21 har

76 477 8 20 i
101 477 115 22 allmänhet
234 477 124 22 framställts
372 479 69 21 säsom
457 481 31 19 ett
503 478 129 27 nödvändigt
648 478 66 21 vilkor
729 477 32 22 för
775 478 123 22 samhällets

79 505 95 27 välgäng.
207 507 45 20 Här
266 507 39 20 har
319 509 77 24 yttrats
411 509 32 19 att
454 508 70 25 nägon
536 509 56 18 orätt
605 507 17 26 ej
634 507 67 20 skulle
712 506 37 21 ske
762 507 54 25 dem,
828 507 70 22 hvilka

78 534 103 21 tillhörde
197 535 41 20 den
252 541 74 15 senare
341 535 83 21 klassen
439 535 23 21 af
476 535 39 22 den
531 535 111 26 indelning,
658 541 45 15 som
718 535 6 20 i
740 535 158 26 propositionen

77 562 41 21 och
141 563 113 21 utskottets
277 563 134 22 betänkande
426 563 93 25 föresläs,
535 563 87 21 emedan
638 564 26 21 de
679 564 72 24 redan,
767 563 27 21 dä
809 563 26 22 de
849 564 49 21 sökt

77 590 40 22 och
140 593 108 20 utnämnts
268 591 32 22 till
316 591 96 27 tjensten,
428 592 52 21 känt
495 592 25 21 de
535 592 80 27 följder,
631 598 44 15 som
691 592 26 21 de
732 592 167 21 underskattade

76 619 39 26 sig.
146 619 30 22 Pä
192 626 80 15 samma
286 620 68 27 grund
370 620 38 21 och
424 621 47 20 med
487 627 78 14 samma
581 620 45 21 skäl
643 620 69 21 kunde
727 626 47 16 man
791 621 33 26 dä,
836 621 62 20 efter-

77 653 46 15 som
140 654 48 15 man
204 649 59 20 ställt
278 649 77 20 tanken
372 649 26 26 pä
413 649 112 26 besparing
540 649 21 20 af
575 649 138 21 statsverkets
727 648 87 27 utgifter
828 650 72 21 säsom

80 675 74 27 högsta
174 683 86 14 normen
282 677 32 21 för
337 677 39 21 den
399 677 158 27 ifrägavarande
576 677 109 26 ätgärden,
701 677 48 22 med
764 683 36 15 ens
817 677 81 22 diktera

77 706 34 19 att
134 704 25 21 de
181 705 134 26 tjenstemän,
337 711 45 15 som
405 707 93 20 utnämts
522 705 52 22 efter
589 705 161 26 författningens
765 705 132 26 utfärdande,

78 732 66 21 borde
167 733 79 21 erhälla
268 734 58 21 intet.
356 733 92 22 Sälunda
464 734 67 21 blefve
546 734 138 26 besparingen
699 736 70 19 störst.
800 733 48 22 Men
861 735 37 26 jag

79 760 80 22 lemnar
174 761 58 21 äsido
248 763 39 20 den
306 761 140 28 uppfattning,
462 768 44 15 som
523 763 108 20 betraktar
645 762 178 27 tjenstemannens
839 762 58 21 ställ-

79 789 50 27 ning
151 790 69 20 såsom
243 790 96 26 grnndad
361 790 27 26 pä
408 792 31 19 ett
454 790 100 21 kontrakt
569 790 88 21 emellan
673 790 78 21 honom
767 791 38 20 och
821 793 76 23 staten,

77 822 56 17 samt
148 824 62 15 anser
225 817 33 22 för
274 819 41 20 min
331 818 33 22 del
380 819 113 20 omtanken
509 825 33 14 om
557 818 122 22 samhällets
694 818 34 21 väl
739 819 38 20 och
787 818 111 27 värdighet

78 848 77 24 utgöra
178 847 53 20 enda
252 847 86 21 motivet
360 846 33 21 för
408 846 130 22 bedömande
552 847 22 21 af
588 847 135 21 förevarande
738 846 64 27 fräga.
833 847 66 21 Detta

79 874 33 21 väl
135 874 39 21 och
196 875 68 21 denna
286 875 109 27 värdighet
410 875 118 27 äfventyras
543 882 34 15 om
593 881 47 15 man
656 877 50 19 utan
722 875 107 27 nödtväng
844 875 54 21 inför

78 909 26 14 en
120 903 64 21 sädan
200 903 82 21 skilnad
298 903 88 22 emellan
402 904 90 21 embets-
507 904 38 21 och
561 904 134 27 tjenstemän,
711 909 45 16 som
772 904 125 27 propositio-

79 937 39 15 nen
134 931 40 22 och
190 932 114 21 utskottets
320 932 132 21 betänkande
468 932 47 21 sökt
531 931 164 28 tillvägabringa.

147 988 56 21 Herr
217 988 89 21 Wolff:
319 989 37 26 jag
371 989 94 21 biträder
480 989 40 20 den
536 989 21 21 af
566 989 55 21 Herr
632 988 105 23 Snellman
748 989 84 27 yttrade
842 989 55 26 äsigt

78 1016 6 21 i
107 1017 71 21 saken.
208 1016 40 27 Jag
267 1017 104 21 erkänner
394 1017 49 22 visst
466 1017 35 21 det
520 1017 128 27 högsinnade
671 1017 6 20 i
700 1017 39 21 den
756 1017 23 21 af
792 1017 105 26 ätskilliga

79 1045 67 21 talare
161 1045 39 21 här
214 1045 131 22 framställda
360 1045 60 27 äsigt,
436 1048 32 18 att
483 1045 173 26 tjenstemännen,
672 1045 57 21 såväl
740 1045 25 21 de
777 1046 120 21 nuvarande

77 1079 47 15 som
148 1074 32 24 de,
199 1073 70 21 hvilka
284 1073 93 22 härefter
392 1076 117 23 utnämnas,
525 1074 65 21 borde
605 1073 118 22 bibehållas
739 1074 34 21 vid
788 1073 43 22 lika
846 1076 50 24 rätt,

78 1101 40 22 och
140 1102 68 21 skulle
224 1108 77 20 ogerna
316 1102 105 27 uppträda
436 1102 101 27 deremot,
552 1108 33 15 om
601 1102 36 21 det
651 1101 46 22 icke
712 1102 129 21 förekomme
856 1102 41 26 mig

78 1130 66 26 nägot
164 1130 142 27 besynnerligt
327 1133 32 18 att
382 1131 6 20 i
405 1131 59 20 detta
480 1130 96 21 afseende
592 1137 58 14 mera
665 1132 26 19 än
707 1130 60 27 eljest
782 1130 58 21 äldre
856 1130 41 21 för-

78 1158 81 26 domar,
176 1165 33 14 om
222 1159 36 26 jag
273 1159 24 20 sä
311 1158 32 21 får
358 1159 96 27 uttrycka
470 1159 48 26 mig,
533 1158 60 22 skola
608 1159 124 21 oinskränkt
747 1158 93 22 fortfara.
872 1159 24 20 Vi

78 1186 63 22 hafva
156 1187 82 27 nyligen
255 1187 38 20 här
307 1187 6 20 i
328 1187 180 26 Borgareständet
523 1187 114 21 behandlat
648 1189 30 19 ett
689 1189 64 19 annat
765 1187 132 21 betänkande

78 1214 46 22 frän
145 1215 226 27 grundlagsutskottet,
394 1222 45 15 som
462 1215 63 22 rörde
546 1215 178 27 Borgareständet
746 1217 51 19 nära
816 1216 38 20 och
870 1216 27 26 pä

78 1243 81 22 hvilket
177 1245 47 20 dess
239 1244 89 22 beständ
343 1244 67 21 skulle
425 1247 90 24 tryggas.
546 1244 78 21 Dervid
639 1245 65 26 ansäg
719 1250 47 15 man
782 1244 54 21 hvad
851 1250 45 15 som

78 1271 131 28 förebragtes
232 1273 32 20 till
282 1273 48 20 stöd
345 1272 32 21 för
393 1273 154 21 bibehällandet
563 1272 21 21 af
598 1272 58 22 äldre
672 1272 150 25 förhällanden,
838 1273 59 21 inne-

78 1299 54 23 fatta
152 1301 120 21 föräldrade
295 1301 84 26 äsigter.
407 1301 33 21 Nu
461 1303 68 24 yttrar
545 1307 46 14 man
607 1307 25 14 en
649 1303 87 19 motsatt
751 1301 146 26 öfvertygelse.

79 1328 44 27 Mig
142 1329 72 27 tyckes
230 1329 53 22 dock
299 1329 39 21 den
354 1335 40 15 ena
408 1329 184 22 samhällsklassen
608 1335 49 15 vara
673 1329 119 26 berättigad
808 1331 31 18 att
855 1329 42 21 lika

78 1357 84 27 mycket
177 1357 112 26 behjertas,
305 1363 45 15 som
366 1363 25 15 en
407 1364 74 14 annan.
505 1358 42 20 För
563 1357 62 26 öfrigt
641 1357 38 21 och
696 1358 27 20 dä
738 1357 89 21 embets-
842 1359 55 19 samt

78 1384 168 28 tjenstemännen
261 1386 70 20 känna
346 1385 93 21 vilkoren
454 1385 33 21 för
502 1386 101 26 tjenstens
618 1385 127 25 erhällande,
762 1384 39 22 och
815 1384 82 22 säledes

79 1412 60 22 äfven
155 1414 35 20 det
206 1414 44 26 öde,
266 1420 46 15 som
327 1415 74 19 väntar
416 1414 55 26 dem,
487 1416 34 19 mä
536 1414 25 21 de
576 1412 49 28 foga
639 1413 32 27 sig
685 1413 96 22 derefter.

147 1469 57 21 Herr
218 1469 160 27 Lindegvist:
394 1471 32 19 att
441 1468 105 22 bibehälla
561 1470 80 20 statens
656 1468 88 22 embets-
760 1469 39 21 och
813 1469 84 26 tjenste-

79 1500 48 20 män
142 1497 130 22 fortfarande
287 1498 34 21 vid
337 1498 61 21 deras
412 1496 155 22 löneförmoner
582 1497 38 21 har
634 1496 55 22 Herr
705 1496 64 22 Wolff
781 1499 70 19 ansett
866 1497 31 21 för

78 1533 26 15 en
119 1526 92 28 gammal
226 1526 88 22 fördom.
344 1526 39 27 Jag
399 1526 107 22 bekänner
521 1528 31 19 att
563 1526 37 27 jag
614 1525 46 22 icke
675 1526 40 21 kan
731 1526 98 27 uppfatta
843 1526 55 22 hvad

809 1565 22 18 35
