1084 1803
284 132 180 22 Borgareståndet.
489 133 55 17 1867.
567 134 13 16 2
591 133 63 21 April
816 126 41 22 333

136 219 56 21 Herr
215 218 142 27 Öhrnberg:
388 218 67 22 ehuru
477 219 66 27 enligt
564 218 43 22 min
622 218 135 28 uppfattning
773 218 113 22 diskussio-

68 254 41 14 nen
129 247 91 21 rörande
241 248 67 20 denna
323 247 59 27 fråga
397 248 65 20 redan
478 247 103 26 afslutats,
597 247 81 27 hoppas
691 247 36 27 jag
743 247 54 21 dock
812 248 36 20 det
863 248 24 20 är

69 276 43 26 mig
134 276 79 21 tillåtet
235 277 32 19 att
290 277 56 19 ännu
368 276 58 26 yttra
440 276 43 26 mig
498 276 7 20 i
519 276 153 25 hufvudsaken,
689 276 73 21 såvida
777 282 25 14 en
817 282 69 14 annan

69 304 93 22 ledamot
182 304 79 26 jemväl
283 304 85 21 erhällit
390 304 83 21 tillfälle
496 304 77 21 dertill.
603 304 89 22 Ständet
706 304 39 21 har
759 310 75 20 genom
849 304 38 20 sitt

69 339 49 15 svar
138 333 28 27 pä
186 333 56 21 Herr
263 332 139 22 Talmannens
424 333 131 26 proposition
573 333 94 26 godkänt
681 333 116 21 utskottets
812 332 75 22 betän-

69 362 69 21 kande
160 361 130 21 beträffande
313 362 26 20 de
361 361 36 21 tvä
414 361 77 27 frägor,
506 362 73 20 hvilka
593 361 105 21 föranledt
712 361 59 21 Hans
787 361 99 26 Majestät

69 391 32 20 att
120 390 47 21 icke
189 389 104 22 stadfästa
315 390 123 21 ständernes
461 390 35 21 vid
517 390 52 21 sista
587 389 101 27 landtdag
702 390 101 26 vidtagna
817 389 70 21 beslut

69 419 7 20 i
99 420 75 19 ämnet.
206 419 99 21 Likasom
324 419 31 20 uti
378 418 60 22 dessa
455 418 77 27 frägor,
548 418 38 21 har
601 419 105 20 utskottet
721 418 61 21 äfven
797 418 6 21 i
819 418 68 27 öfriga

69 447 59 21 delar
150 447 23 20 af
191 447 159 27 propositionen
365 447 102 27 tillstyrkt
482 448 47 20 dess
545 447 123 27 antagande,
684 453 47 15 men
748 447 76 21 derhos
839 447 48 20 lätit

69 476 38 21 sitt
124 475 148 27 tillstyrkande
287 475 85 27 ätföljas
387 475 22 21 af
422 475 104 22 särskilda
541 475 162 26 bestämningar,
720 475 47 21 dem
782 475 105 21 utskottet

69 504 27 27 pä
118 504 39 21 här
182 504 88 21 anförda
294 504 46 21 skäl
362 506 70 19 ansett
453 504 53 21 böra
520 504 7 21 i
542 505 124 20 ständernes
681 504 144 27 underdäniga
839 509 48 16 svar

68 533 123 20 framhällas
213 532 69 21 säsom
306 532 157 27 önskningsmäl
485 533 39 20 och
547 533 72 20 hvilka
639 532 88 25 säledes,
750 532 45 21 ifall
818 532 25 21 de
865 532 24 21 af

68 561 60 21 Hans
150 561 101 27 Majestät
272 561 128 27 godkändes,
423 561 68 21 skulle
505 561 50 26 ingä
569 561 7 21 i
592 561 40 21 den
646 561 107 21 blifvande
767 560 120 22 författnin-

69 595 40 21 gen
131 595 34 15 om
188 589 94 21 bankens
304 589 88 27 styrelse
414 589 40 21 och
469 589 134 27 förvaltning.
633 589 40 27 Jag
687 593 36 23 tog
738 590 43 26 mig
796 589 91 21 friheten

69 618 117 26 hemställa,
207 620 31 19 att
261 618 84 21 ståndet
366 618 66 21 måtte
457 618 116 21 tillsvidare
590 618 117 20 förbehälla
722 618 32 26 sig
769 618 32 21 sin
816 618 70 20 beslu-

68 647 109 21 tanderätt
203 646 108 26 angående
334 646 40 22 den
392 646 130 21 sistnämnda
536 646 175 27 hufvudpunkten
727 646 50 21 eller
791 646 96 26 proposi-

68 675 83 21 tionens
174 675 118 26 antagande
313 676 55 20 samt
394 675 116 21 emellertid
534 675 71 27 ingå
597 670 14 36 i
624 674 128 27 granskning
767 674 22 22 af
803 674 25 21 de
843 676 44 19 sär-

69 704 69 21 skilda
152 703 190 26 önskningsmälen,
359 703 38 21 och
410 704 37 25 jag
462 704 41 19 kan
518 703 113 27 omöjligen
646 704 45 20 inse
702 704 32 19 att
744 703 65 21 saken
820 702 67 21 skulle

69 732 81 21 förlora
165 732 65 27 nägot
245 732 71 26 derpä.
346 731 38 22 Ett
398 732 77 21 sädant
490 733 42 19 sätt
548 734 31 19 att
594 731 27 27 gä
635 732 32 21 till
683 733 53 25 väga
753 731 68 21 skulle
836 731 51 21 fast-

69 767 45 15 mer
129 761 78 26 antyda
223 762 31 19 att
269 760 86 21 ständet
370 760 48 21 ville
432 761 49 20 med
496 760 38 21 full
549 760 119 21 kännedom
683 766 34 15 om
732 760 56 21 hvad
803 759 84 22 ständet

70 791 38 24 gör
122 789 55 21 fatta
192 789 38 21 sitt
245 789 76 25 beslut,
336 789 116 25 hvaremot,
470 789 26 20 dä
511 795 48 15 man
575 789 62 20 söker
648 789 66 20 drifva
725 789 65 20 saken
801 789 86 24 derhän,

69 819 32 20 att
116 817 84 22 ständet
214 817 68 22 skulle
297 817 54 22 först
365 819 57 25 yttra
437 818 32 26 sig
484 823 33 15 om
532 818 169 26 propositionens
715 817 119 26 antagande
848 817 39 20 och

69 846 64 21 sedan
148 847 33 20 till
197 847 97 26 pröfning
309 848 93 25 upptaga
417 846 190 26 önskningsmälen,
624 847 35 20 det
675 845 105 22 förefaller
790 845 42 27 mig
841 851 46 15 som

70 881 34 15 om
129 881 49 15 man
204 875 50 21 ville
278 875 28 26 pä
328 875 197 26 öfverraskningens
547 877 40 24 väg
609 874 162 27 tillvägabringa
792 874 95 21 ständets

70 903 69 22 beslut
160 904 8 21 i
190 903 80 27 frägan.
299 903 41 27 Jag
361 903 103 22 vidhäller
487 903 82 22 derföre
591 903 43 21 min
657 902 160 27 framställning,
833 902 56 21 helst

67 933 37 26 jag
118 932 7 21 i
140 933 122 20 densamma
277 931 69 22 blifvit
360 932 136 21 understödd.

138 989 56 22 Herr
216 989 138 21 Rosenius:
384 989 33 20 för
440 989 42 20 min
503 989 33 20 del
559 988 69 21 skulle
647 988 36 27 jag
704 994 50 15 anse
768 987 121 27 lämpligast

70 1019 32 20 att
132 1018 86 21 ståndet
242 1017 54 21 först
318 1017 49 21 ville
392 1017 103 26 genomgå
515 1017 160 26 propositionen
696 1017 39 20 och
757 1016 75 27 pröfva
854 1021 35 16 om

70 1047 184 25 bestämningarne
279 1047 45 20 deri
348 1048 36 18 äro
410 1046 112 26 antaglige.
553 1045 106 21 Måhända
680 1045 67 21 skulle
763 1045 84 21 ståndet
862 1044 27 21 dä

70 1076 85 20 komma
171 1075 33 20 till
219 1081 79 14 samma
314 1074 88 21 resultat
417 1081 45 14 som
478 1074 111 21 utskottet.

138 1131 71 22 Sedan
230 1131 147 21 diskussionen
393 1131 87 20 härmed
495 1130 113 21 förklarats
623 1130 70 21 slutad
709 1129 39 22 och
764 1129 55 22 Herr
834 1129 56 20 Tal-

71 1167 110 14 mannen
196 1162 105 25 upprepat
317 1159 151 22 ofvanstäende
483 1159 138 27 proposition,
643 1158 74 21 skreds
739 1157 32 22 till
794 1157 97 26 votering

72 1189 102 26 deröfver,
189 1189 88 20 hvarvid
292 1190 97 19 rösterne
404 1188 75 21 utföllo
495 1188 48 21 med
558 1188 28 21 23
598 1187 24 27 ja
637 1189 56 19 emot
705 1187 12 20 3
729 1186 41 27 nej;
787 1187 38 20 och
837 1192 53 20 upp-

71 1218 68 27 skjöts
161 1217 7 20 i
193 1217 51 26 följd
267 1217 62 21 häraf
349 1217 48 21 med
420 1217 125 26 afgörandet
567 1216 23 21 af
603 1215 75 26 frägan
692 1215 7 20 i
715 1215 69 21 denna
799 1215 34 20 del
848 1215 43 20 tills

71 1246 145 22 betänkandet
230 1246 8 20 i
253 1245 67 26 öfrige
334 1245 93 27 punkter
439 1245 114 26 undergätt
563 1244 134 27 granskning,
708 1243 84 22 hvilken
802 1243 88 27 gransk-

72 1275 50 27 ning
136 1274 73 27 aflopp
225 1280 45 15 som
285 1274 71 26 följer:

420 1358 103 21 Punkten
538 1358 20 21 1.

141 1415 57 22 Herr
219 1415 97 26 Bergh:
346 1415 47 20 Den
415 1414 89 26 ändring
525 1414 105 21 utskottet
651 1413 8 21 i
675 1413 67 20 denna
757 1412 68 27 punkt
839 1412 53 21 före-

74 1443 63 26 slagit
152 1445 24 18 är
190 1443 110 25 ingenting
314 1444 66 18 aunat
394 1444 27 18 än
436 1447 26 15 en
477 1442 122 24 förändring
614 1441 22 19 af
649 1441 139 19 redaktionen
803 1440 38 20 och
857 1441 36 19 det

73 1472 43 20 kan
136 1471 48 21 med
199 1470 46 21 skäl
260 1470 141 26 ifrägasättas,
417 1469 104 21 huruvida
536 1470 69 20 denna
620 1468 119 26 derigenom
756 1468 40 20 blir
811 1467 80 21 bättre:

75 1500 38 21 Att
135 1501 51 25 säga
208 1499 36 20 det
266 1498 108 27 primitiva
396 1497 40 21 och
458 1496 220 28 hypotheksfonderna
699 1498 133 24 gemensamt
853 1495 40 21 och

74 1528 136 29 uteslutande
224 1527 53 21 bära
292 1533 63 15 namn
371 1526 22 22 af
406 1526 103 21 Finlands
524 1525 56 21 bank
596 1526 23 20 är
635 1524 117 28 egentligen
762 1523 46 23 icke
819 1524 74 27 spräk-
