1084 1831
215 133 40 21 348
400 136 182 21 Borgareståndet.
606 136 54 17 1867.
683 137 13 16 2
708 136 62 21 April

186 223 70 21 kunde
280 222 81 22 derföre
381 222 104 26 svårligen
507 223 111 25 garantera
634 223 30 19 ett
679 221 109 21 utländskt
803 222 34 21 lån
853 222 32 21 för
899 222 101 21 banken
989 217 16 35 i

186 251 100 22 händelse
307 251 116 21 detsamma
443 249 68 22 blefve
532 249 78 27 nödigt.
639 249 75 27 Någon
736 250 84 21 fruktan
843 252 31 20 att
900 250 102 29 styrelsen

187 279 48 33 sjelf
255 279 67 33 skulle
343 279 71 21 kunna
429 279 111 26 disponera
555 277 58 23 öfver
627 278 58 21 lånet
698 278 34 21 till
747 279 66 21 andra
828 279 97 22 ändamål
941 285 62 16 anser

184 309 37 26 jag
243 307 17 28 ej
280 307 71 22 kunna
365 307 84 22 komma
464 307 73 27 ifråga.
567 307 43 21 För
625 307 43 21 min
684 307 34 21 del
732 307 67 22 måste
811 307 37 27 jag
865 307 82 22 derföre
962 308 41 21 för-

188 337 52 21 orda
261 338 31 19 att
315 336 62 22 13:de
395 336 93 26 punkten
504 335 7 21 i
526 335 158 28 propositionen
699 335 116 22 bibehålles
830 337 70 20 såsom
917 338 30 20 ett
961 336 42 21 till-

187 365 49 27 lägg
251 365 31 21 till
299 365 60 21 13:de
373 365 94 26 punkten
482 365 6 20 i
504 365 114 20 utskottets
634 363 138 22 betänkande.
795 364 128 27 Härigenom
935 365 68 22 skulle

188 400 47 15 man
258 393 59 22 äfven
335 393 70 26 undgå
420 393 36 21 det
470 393 110 26 oformliga
595 392 50 26 deri,
661 394 32 19 att
708 392 52 21 först
775 399 74 20 genom
864 393 48 22 hela
928 399 75 22 propo-

188 422 99 21 sitionens
309 421 118 27 antagande
448 421 7 21 i
477 421 137 22 oförändradt
634 421 60 21 skick
714 421 125 27 bemyndiga
853 421 104 28 styrelsen
972 424 31 19 att

187 451 70 21 lemna
279 457 25 15 en
327 450 65 21 sådan
413 450 82 27 garanti
510 450 38 21 och
564 450 120 21 sedermera
698 456 75 20 genom
788 449 180 28 framställningen
983 451 23 21 af

188 481 32 20 ett
234 479 155 26 önskningsmål
404 479 6 20 i
426 480 86 20 motsatt
527 478 53 27 syfte
590 478 96 27 återtaga
701 479 59 20 detta
775 478 171 28 bemyndigande.

257 536 55 22 Herr
332 535 166 28 Lindeqvist:
526 536 7 20 i
556 535 112 27 anledning
690 535 22 21 af
731 535 56 22 Herr
802 535 84 22 Rosenii
905 536 98 28 yttrande

189 565 34 22 vill
244 566 35 26 jag
300 566 75 24 erinra,
395 566 32 20 att
440 564 37 27 jag
491 564 18 27 ej
524 564 108 22 bestämdt
647 564 90 27 påyrkat
753 564 35 21 det
803 564 83 22 banken
901 564 18 27 ej
935 564 70 22 skulle

189 594 21 21 få
229 593 78 28 utgifva
321 593 70 22 sedlar
406 593 27 27 på
447 593 145 26 fordringarne
606 592 39 22 hos
661 592 47 22 dess
723 593 113 21 utländska
851 593 84 27 ombud,
953 595 50 20 utan

189 622 74 22 endast
276 624 67 25 yttrat
358 623 32 20 att
402 622 37 27 jag
453 622 55 21 helst
522 622 50 26 såge
587 623 31 20 att
634 622 60 20 dessa
706 621 118 27 fordringar
835 622 17 26 ej
863 621 56 28 finge
929 622 74 22 beräk-

189 658 37 15 nas
242 652 68 20 såsom
326 650 68 28 grund
407 650 33 21 för
455 650 165 27 sedelutgifning.
643 650 120 21 "Dessutom
779 656 61 16 anser
853 651 37 26 jag
900 651 42 27 mig
953 650 52 22 böra

190 682 81 23 nämna,
292 681 31 20 att
335 680 37 26 jag
387 679 18 27 ej
421 686 62 14 anser
497 680 65 26 något
577 679 45 21 skäl
637 678 111 22 förefinnas
764 681 31 19 att
810 679 96 27 förvägra
921 680 82 21 banken

190 711 32 19 att
236 708 79 27 utgifva
338 708 71 21 sedlar
433 708 26 26 på
480 708 154 27 räntebärande
656 709 134 25 statspapper
806 708 37 21 och
859 708 144 27 obligationer.

190 737 62 22 Hvad
266 736 100 22 beträffar
381 736 35 21 det
431 736 22 22 af
466 736 56 22 Herr
537 736 85 26 Östring
637 736 125 21 omnämnda
771 736 130 22 förhållande
911 739 32 19 att
955 737 50 21 ban-

191 767 40 20 ken
253 765 68 22 kunde
343 767 92 25 upptaga
456 767 31 19 ett
504 764 109 22 utländskt
628 764 34 22 lån
678 764 38 22 och
733 765 17 26 ej
766 767 74 25 genast
855 765 48 27 vilja
917 765 88 27 indraga

190 794 124 25 detsamma,
336 794 25 21 så
381 800 61 14 anser
459 794 37 26 jag
518 796 32 19 att
572 794 34 21 det
622 799 49 16 vore
686 793 62 25 högst
762 793 118 28 oförsigtigt
895 796 32 20 att
943 794 61 27 depo-

189 829 51 15 nera
256 823 34 21 det
306 822 37 22 hos
359 822 44 22 sina
418 822 112 22 utländska
546 822 78 22 ombud
640 822 38 22 och
694 822 64 27 derpå
769 822 78 27 utgifva
862 823 76 26 sedlar,
954 826 51 18 utan

189 851 67 22 borde
278 851 57 21 lånet
358 850 31 22 till
410 851 72 21 landet
504 851 98 26 indragas
624 851 7 21 i
646 850 156 22 räntebärande
817 851 112 22 utländska
945 853 62 20 stats-

190 886 85 22 papper,
291 881 26 25 på
332 880 71 20 hvilka
417 880 64 21 sedan
497 880 69 21 sedlar
581 880 69 21 kunde
663 879 97 27 utgifvas.

259 936 55 22 Herr
335 937 95 26 Bergh:
460 937 69 21 såsom
549 937 41 27 mig
605 942 61 22 synes
681 936 38 22 har
734 936 169 22 beskaffenheten
919 937 23 21 af
955 937 51 21 ban-

190 966 52 21 kens
267 965 119 26 fordringar
408 966 38 21 hos
468 965 47 21 dess
537 965 111 22 utländska
669 965 77 21 ombud
767 965 67 21 blifvit
856 965 150 25 missförstådd,

192 994 87 22 sålunda
301 996 32 20 att
358 1001 47 15 man
421 994 104 21 derunder
541 994 74 22 tänker
630 994 31 27 sig
676 994 83 27 vanliga
773 994 124 27 fordringar,
913 1001 44 15 som
974 994 32 22 väl

192 1026 37 19 äro
253 1023 105 27 ostridiga,
375 1029 46 15 men
437 1023 58 21 detta
511 1023 87 22 oaktadt
613 1023 70 21 kunna
698 1029 50 15 vara
762 1023 155 22 underkastade
932 1023 75 27 betyd-

192 1052 28 27 lig
242 1052 43 21 risk
307 1054 32 19 att
358 1052 17 26 ej
391 1053 26 25 gå
432 1054 32 22 ut;
481 1058 46 15 men
542 1051 75 22 sådant
632 1053 24 20 är
670 1051 18 27 ej
704 1051 59 22 fallet
778 1051 48 22 med
841 1053 61 20 dessa
916 1052 90 22 fordrin-

192 1087 43 20 gar.
265 1081 46 21 Den
332 1081 54 21 enda
401 1080 116 21 skillnaden
533 1080 88 21 emellan
637 1080 47 21 dem
700 1080 38 21 och
754 1080 93 21 bankens
859 1081 66 26 öfriga
936 1081 71 20 valuta

193 1112 24 18 är
235 1110 32 20 att
282 1109 68 21 denna
365 1115 73 14 senare
453 1108 93 21 förvaras
560 1109 6 20 i
582 1108 93 21 bankens
690 1108 63 26 hvalf,
770 1109 74 20 medan
860 1109 39 21 den
915 1109 55 21 förra
983 1111 24 19 är

192 1137 98 27 placerad
313 1137 38 22 hos
374 1137 47 21 dess
442 1136 114 21 utländska
578 1136 83 22 ombud.
691 1137 41 21 Det
754 1139 24 19 är
799 1137 59 21 äfven
880 1137 72 27 nödigt
973 1139 32 19 att

192 1166 63 21 hafva
276 1171 25 16 en
325 1165 34 22 del
381 1165 23 21 af
418 1165 93 21 bankens
526 1165 70 21 valuta
612 1166 26 25 på
654 1165 98 21 utländsk
767 1167 41 24 ort,
822 1165 32 21 för
869 1168 32 19 att
917 1165 90 22 undvika

193 1194 96 21 remisser
304 1193 32 22 till
351 1193 131 22 betäckande
497 1193 22 21 af
533 1193 25 21 de
574 1193 70 22 vexlar
658 1194 26 26 på
700 1193 98 22 utländsk
814 1195 44 24 ort,
869 1200 45 15 som
924 1194 83 21 banken

193 1222 99 25 försäljer.
323 1222 98 21 Bankens
442 1221 72 21 valuta
535 1222 6 20 i
564 1221 70 22 silfver
656 1221 51 22 eller
729 1223 139 26 statspapper,
889 1222 119 21 förvarad
996 1217 17 37 i

194 1250 93 21 bankens
309 1250 62 24 hvalf,
395 1251 40 20 kan
451 1250 18 26 ej
485 1256 50 15 vara
550 1250 86 21 säkrare
651 1251 26 20 än
694 1250 38 21 den
749 1250 76 25 valuta,
841 1257 45 14 som
901 1252 24 19 är
940 1250 67 27 place-

194 1279 37 20 rad
252 1281 14 18 t.
283 1284 30 16 ex.
326 1279 39 20 hos
379 1278 114 22 Rotschild.
524 1279 42 20 Det
580 1285 49 14 vore
644 1278 82 21 derföre
742 1278 61 27 högst
817 1279 142 26 besynnerligt
974 1285 34 15 om

194 1313 48 15 man
257 1307 48 21 ville
321 1309 64 24 vägra
400 1307 81 21 banken
497 1308 32 19 att
543 1306 55 32 gifva
613 1309 23 19 ut
650 1306 70 22 sedlar
735 1308 26 25 på
777 1307 47 21 dess
839 1307 119 26 fordringar
969 1307 39 21 hos

195 1335 60 22 desså
275 1335 85 21 ombud.
383 1335 100 32 Omöjligt
505 1337 24 19 är
546 1335 23 27 ju
584 1335 46 21 icke
646 1337 30 20 att
692 1335 82 21 banken
790 1335 68 21 kunde
874 1335 79 22 förlora
968 1336 40 21 den

194 1364 77 25 valuta,
297 1369 44 16 som
364 1363 66 22 finnes
449 1363 7 20 i
481 1363 48 21 dess
550 1363 60 25 hvalf,
635 1363 38 21 och
692 1363 48 20 ville
755 1370 47 13 man
818 1370 50 14 vara
883 1363 126 26 fullkomligt

195 1391 68 25 säker,
285 1391 66 21 borde
375 1391 81 20 banken
479 1390 82 21 derföre
584 1391 18 26 ej
627 1391 82 20 tillåtas
733 1393 31 18 att
784 1397 25 20 ge
830 1394 22 17 ut
875 1392 64 26 några
962 1391 47 22 sed-

194 1419 33 21 lar
242 1408 46 32 alls.

263 1476 56 22 Herr
343 1477 140 21 Rosenius:
513 1477 51 21 herr
577 1476 69 28 Bergh
662 1476 39 22 har
716 1477 66 21 redan
797 1477 134 21 förekommit
947 1477 42 27 mig
1003 1478 7 21 i

196 1506 136 21 bemötandet
353 1506 24 21 af
397 1505 54 21 Herr
466 1506 132 26 Lindeqvists
614 1506 164 26 anmärkningar
792 1506 109 27 angående
916 1506 95 22 bankens

196 1534 161 28 sedelutgifning
379 1534 28 27 på
428 1534 68 27 grund
517 1534 22 21 af
552 1534 120 27 fordringar
686 1534 40 21 hos
741 1534 48 22 dess
804 1535 113 22 utländska
933 1535 77 22 ombud
