1092 1792
315 126 179 23 Borgareständet.
518 128 54 17 1867.
595 128 8 16 5
620 128 62 21 April.
837 122 41 22 439

474 240 50 27 $:2.

158 296 56 21 Herr
236 296 136 21 Cederman
394 295 90 27 begärde
500 296 60 21 ordet
575 296 38 21 och
629 296 95 22 anförde:
740 296 69 22 denna
823 297 10 24 $
850 296 57 22 inne-

90 324 68 22 häller
174 326 11 19 2
201 326 127 24 momenter;
344 324 36 22 det
395 330 38 15 ena
449 330 33 15 om
498 324 100 27 Kejsaren
613 325 38 21 och
668 324 141 22 Storfurstens
824 327 42 19 rätt
877 327 31 19 att

89 352 153 22 sammankalla
264 353 135 25 landtdagen,
414 352 54 22 både
483 352 85 27 lagtima
584 353 38 21 och
637 353 77 21 urtima
729 353 106 26 landtdag.
866 353 42 21 Det

90 382 66 20 andra
178 387 62 15 mom.
263 381 116 21 innehåller
395 388 34 14 om
444 381 26 21 de
485 381 100 27 göromål,
601 381 99 21 hvarmed
716 382 76 21 urtima
807 382 101 26 landtdag

91 410 38 21 har
151 411 32 20 att
203 409 81 21 befatta
306 410 36 26 sig.
374 409 71 27 Enligt
468 410 40 20 min
532 410 62 21 tanke
617 412 36 19 äro
675 410 60 21 dessa
758 416 55 16 mom
843 410 22 21 af
885 411 23 20 sä

90 437 114 27 heterogen
228 438 149 25 beskaffenhet,
401 441 31 18 att
455 438 25 20 de
500 438 45 21 icke
565 438 64 21 borde
644 438 7 20 i
666 444 79 16 samma
761 438 11 27 $
787 438 121 22 förblandas

90 466 48 22 med
160 466 124 22 hvarandra.
315 466 89 22 Derföre
421 466 87 22 föreslär
521 466 41 26 jag,
579 469 31 18 att
625 466 36 21 det
675 473 74 15 senare
765 473 61 15 mom.
843 467 65 21 borde

91 494 103 22 uteslutas
215 494 45 22 från
277 495 68 21 denna
360 495 12 25 &
389 495 37 21 och
442 494 78 22 införas
535 494 6 20 i
557 495 38 20 den
613 496 19 25 8,
648 501 43 15 som
708 495 132 21 tvifvelsutan
856 495 52 22 före-

90 524 96 20 kommer
207 523 73 26 längre
303 523 52 21 fram
375 523 6 21 i
399 523 99 26 förslaget
521 523 37 21 och
581 523 90 21 handlar
691 530 33 14 om
747 524 53 20 hvad
823 524 86 26 lagtima

90 552 101 25 landtdag
214 552 38 20 har
273 554 32 19 att
326 551 80 21 befatta
420 552 32 26 sig
468 552 52 20 med.
551 551 42 21 För
608 552 62 26 öfrigt
685 552 51 20 eller
751 551 129 23 beträffande
896 553 9 20 1

91 582 126 19 momentets
240 580 138 27 ordalydelse,
400 580 74 26 tycker
486 580 42 26 jag,
545 582 30 18 att
591 580 35 20 det
641 582 23 19 är
679 580 48 26 föga
742 580 69 22 bättre
827 582 25 20 än
869 581 39 21 den

92 608 75 26 nädiga
190 609 162 26 propositionen.
383 608 40 26 Jag
445 608 88 22 föreslär
555 608 89 26 derföre,
666 611 30 19 att
715 615 62 15 mom.
796 612 7 18 1
822 612 86 22 antages

90 636 65 27 enligt
170 637 164 27 propositionen.

159 694 55 20 Herr
230 692 151 28 Ohrnberg:
396 694 24 20 de
431 694 34 20 vid
476 694 67 20 denna
554 695 11 25 $
579 693 97 27 upplästa
687 694 114 21 motiverna
814 694 93 27 upplysa,

89 721 54 22 att
139 717 12 36 i
163 723 35 19 det
220 722 78 25 förslag
318 722 32 21 till
370 722 130 26 proposition
523 722 3 20 i
549 724 76 22 ämnet,
649 728 44 15 som
716 728 37 15 var
775 722 22 21 af
817 722 91 22 Senaten

90 750 114 22 hemstäldt
226 750 31 21 tili
280 750 59 22 Hans
361 750 117 27 Kejserliga
496 750 108 26 Majestäts
620 750 95 27 pröfning
731 751 38 21 och
785 751 123 27 antagande.

90 779 69 26 ingick
182 779 39 21 den
244 779 138 27 bestämning,
404 781 32 19 att
451 780 85 25 lagtima
551 779 100 26 Jandtdag
666 779 67 21 skulle
748 780 161 20 sammankallas

90 808 62 20 hvart
167 807 67 27 tredje
249 808 29 20 är.
309 807 44 22 Och
369 808 115 21 utskottets
500 807 106 27 pluralitet
622 807 74 26 skulle,
713 814 32 15 om
763 808 54 20 valet
830 808 80 20 kunnat

91 842 60 15 anses
173 836 51 24 fritt,
247 836 45 21 icke
315 836 72 21 tvekat
410 839 32 18 att
456 836 110 27 föredraga
581 836 128 21 sistnämnda
725 836 184 26 tidsbestämning;

91 864 79 21 hvilket
192 864 38 21 ock
246 865 63 21 redan
326 864 91 26 framgär
432 865 22 21 af
468 865 39 20 den
523 870 89 20 omsorg,
629 865 99 21 hvarmed
743 865 104 21 utskottet
862 865 48 20 sökt

91 892 85 22 bemöta
192 893 25 21 de
232 894 51 23 skäl,
299 899 44 16 som
360 893 96 27 möjligen
472 893 69 22 kunde
557 893 82 22 anföras
655 892 31 22 till
702 894 47 20 stöd
760 892 32 22 för
803 899 25 16 en
838 893 72 26 längre

90 921 116 25 mellantid,
228 922 51 21 eller
302 922 79 21 kanske
403 925 80 18 rättare
506 922 41 25 det,
571 922 99 21 hvarmed
685 923 104 20 utskottet
804 922 48 21 sökt
868 922 43 21 visa

90 950 146 27 önskligheten
268 951 64 26 deraf,
362 953 32 19 att
422 951 133 21 mellantiden
585 951 88 21 emellan
703 953 207 24 representanternas

90 979 170 21 sammanträden
276 979 45 21 icke
336 979 35 21 mä
386 979 63 21 blifva
465 980 23 20 sä
503 979 48 26 läng
566 985 45 15 som
623 980 11 20 5
647 980 29 20 är.
701 979 153 22 Erfarenheten
865 979 46 21 frän

91 1007 40 21 den
154 1007 136 22 sistförflatna
312 1007 38 22 och
373 1007 139 22 innevarande
534 1008 99 26 landtdag
653 1007 55 22 visar
730 1008 45 25 ock,
792 1010 31 19 att
846 1008 65 21 ehuru

91 1035 53 22 sista
160 1035 101 27 landtdag
276 1036 131 21 behandlade
423 1036 39 21 och
478 1035 92 27 afgjorde
586 1039 30 18 ett
631 1036 102 27 betydligt
748 1037 57 20 antal
817 1036 93 27 proposi-

91 1064 69 21 tioner
177 1064 3 20 i
197 1064 183 27 maktpäliggande
395 1065 77 26 frägor,
495 1065 67 20 denna
577 1064 100 26 landtdag
693 1065 81 20 ändock
789 1065 53 20 efter
856 1064 55 21 blott

91 1093 13 21 3
120 1093 34 21 års
176 1093 107 21 mellantid
305 1093 40 21 fått
367 1093 31 26 sig
420 1093 93 26 förelagd
536 1093 159 27 propositioner,
711 1093 70 22 hvilka
798 1093 113 21 hvarken
897 1089 19 35 i

91 1121 57 21 antal
170 1121 51 22 eller
244 1121 42 26 vigt
308 1122 34 20 stä
363 1121 52 21 efter
438 1121 53 26 dem,
515 1128 44 15 som
581 1122 51 20 sista
652 1121 100 27 landtdag
773 1121 138 22 behandlade.

92 1150 48 21 Men
164 1150 26 21 dä
212 1149 200 27 tidsbestämningen
434 1150 57 21 skett
512 1153 55 18 emot
582 1150 102 21 Senatens
699 1150 131 25 hemställan,
846 1151 66 25 ansåg

92 1178 104 21 utskottet
218 1178 30 26 sig
270 1178 45 21 icke
333 1178 52 21 böra
400 1178 77 21 föreslä
493 1179 66 26 nägon
576 1179 88 25 ändring
681 1179 48 20 deri.
761 1178 44 22 Och
822 1179 39 20 kan
875 1179 36 26 jag

91 1207 47 20 ieke
152 1206 34 21 för
201 1207 41 20 min
259 1207 39 26 del,
315 1207 66 20 ehuru
396 1207 151 26 föredragande
558 1207 39 21 den
609 1207 84 20 kortare
705 1207 206 26 tidsbestämningen,

91 1235 69 21 tillåta
176 1235 41 26 mig
232 1237 32 18 att
280 1235 39 21 här
333 1235 85 21 förorda
434 1235 39 21 den
490 1235 85 21 kortare
590 1235 63 21 tiden.
679 1235 56 21 Herr
745 1235 116 22 Cederman
874 1235 38 21 har

91 1263 69 21 anfört
182 1263 52 21 först
250 1276 27 2 —
290 1264 36 26 jag
348 1267 104 23 upptager
475 1264 51 20 hans
549 1263 162 27 anmärkningar
731 1263 6 20 i
753 1264 39 21 den
815 1263 96 26 ordning,

94 1291 84 21 hvartill
201 1292 123 26 paragrafen
347 1291 65 26 gifver
435 1292 117 26 anledning,
575 1292 17 26 ej
609 1291 6 21 i
631 1292 39 20 den
687 1292 94 27 ordning,
798 1292 58 20 hvari
871 1292 41 20 han

92 1319 114 21 framställt
226 1320 58 25 dem;
302 1332 23 2 —
342 1320 41 21 han
399 1320 38 20 har
452 1320 75 24 anfört,
542 1322 32 19 att
590 1320 39 21 den
645 1320 21 21 af
680 1320 103 21 utskottet
802 1320 2 20 i
823 1322 7 19 1
849 1326 61 15 mom.

93 1347 119 26 föreslagna
227 1348 144 27 ordalydelsen
388 1349 16 25 ej
422 1349 53 25 ägde
490 1349 65 25 nägot
570 1348 105 21 företräde
690 1348 86 21 framför
787 1348 40 21 den
837 1348 76 26 nädiga

94 1376 164 27 propositionen,
280 1379 49 18 utan
353 1376 65 26 enligt
440 1376 52 21 hans
514 1377 54 26 äsigt
588 1383 50 14 vore
653 1378 73 19 sämre.
757 1376 40 27 Jag
813 1377 40 20 kan
869 1377 43 20 deri

94 1405 46 20 icke
162 1405 72 20 förena
257 1405 47 26 mig.
334 1404 110 22 Utskottet
466 1405 99 21 betänkte
588 1411 54 20 noga
664 1405 59 21 dessa
739 1406 48 24 ord;
804 1404 39 22 och
859 1404 54 22 hvad

93 1438 45 15 som
161 1432 109 21 bestämde
292 1432 114 21 utskottets
423 1432 131 27 tillgörande,
570 1438 37 15 var
623 1433 40 20 den
678 1433 187 25 omständigheten,
882 1435 31 18 att

94 1460 61 21 ordet
178 1462 66 25 ,äga'
265 1461 115 21 innesluter
402 1467 24 14 en
450 1460 78 21 dubbel
550 1461 137 24 bemärkelse,
702 1461 7 20 i
725 1461 35 21 det
775 1463 32 18 att
822 1461 35 21 det
872 1461 41 20 kan

94 1489 106 27 begagnas
221 1489 46 22 icke
289 1489 54 22 blott
358 1489 7 21 i
380 1495 80 16 samma
482 1489 107 28 betydelse
604 1495 45 15 som
665 1488 73 22 verbet
753 1506 4 10 ,
761 1489 86 26 ,skola'',
863 1491 51 19 utan

94 1517 39 22 ock
155 1519 69 21 såsom
247 1519 71 26 något,
340 1524 45 16 som
408 1518 63 21 beror
485 1519 27 26 pä
527 1523 79 17 annans
625 1517 190 27 förgodtfinnande.
844 1518 69 27 Fråga
