<?xml version="1.0" encoding="UTF-8"?>
<alto xmlns="http://www.loc.gov/standards/alto/ns-v3#" xmlns:xlink="http://www.w3.org/1999/xlink" xmlns:xsi="http://www.w3.org/2001/XMLSchema-instance" xsi:schemaLocation="http://www.loc.gov/standards/alto/ns-v3# http://www.loc.gov/alto/v3/alto-3-0.xsd">
	<Description>
		<MeasurementUnit>pixel</MeasurementUnit>
		<sourceImageInformation>
			<fileName>/tmp/tess_jx5ohi6z_input.PNG</fileName>
		</sourceImageInformation>
		<OCRProcessing ID="OCR_0">
			<ocrProcessingStep>
				<processingSoftware>
					<softwareName>tesseract 5.3.4</softwareName>
				</processingSoftware>
			</ocrProcessingStep>
		</OCRProcessing>
	</Description>
	<Layout>
		<Page WIDTH="1092" HEIGHT="1820" PHYSICAL_IMG_NR="0" ID="page_0">
			<PrintSpace HPOS="0" VPOS="0" WIDTH="1092" HEIGHT="1820">
				<ComposedBlock ID="cblock_0" HPOS="197" VPOS="340" WIDTH="109" HEIGHT="27">
					<TextBlock ID="block_0" HPOS="197" VPOS="340" WIDTH="109" HEIGHT="27">
						<TextLine ID="line_0" HPOS="197" VPOS="340" WIDTH="109" HEIGHT="27">
							<String ID="string_0" HPOS="197" VPOS="340" WIDTH="109" HEIGHT="27" WC="0.91" CONTENT="bordlagd."/>
						</TextLine>
					</TextBlock>
				</ComposedBlock>
				<ComposedBlock ID="cblock_1" HPOS="419" VPOS="135" WIDTH="365" HEIGHT="22">
					<TextBlock ID="block_1" HPOS="419" VPOS="135" WIDTH="365" HEIGHT="22">
						<TextLine ID="line_1" HPOS="419" VPOS="135" WIDTH="365" HEIGHT="22">
							<String ID="string_1" HPOS="419" VPOS="135" WIDTH="181" HEIGHT="22" WC="0.91" CONTENT="Borgareständet."/><SP WIDTH="24" VPOS="135" HPOS="600"/>
							<String ID="string_2" HPOS="624" VPOS="136" WIDTH="52" HEIGHT="18" WC="0.96" CONTENT="1867."/><SP WIDTH="24" VPOS="136" HPOS="676"/>
							<String ID="string_3" HPOS="700" VPOS="137" WIDTH="26" HEIGHT="16" WC="0.75" CONTENT="30"/><SP WIDTH="12" VPOS="137" HPOS="726"/>
							<String ID="string_4" HPOS="738" VPOS="136" WIDTH="46" HEIGHT="17" WC="0.96" CONTENT="Jan."/>
						</TextLine>
					</TextBlock>
				</ComposedBlock>
				<GraphicalElement ID="cblock_2" HPOS="197" VPOS="86" WIDTH="813" HEIGHT="183"></GraphicalElement >
				<ComposedBlock ID="cblock_3" HPOS="197" VPOS="220" WIDTH="815" HEIGHT="119">
					<TextBlock ID="block_2" HPOS="197" VPOS="220" WIDTH="815" HEIGHT="119">
						<TextLine ID="line_2" HPOS="197" VPOS="220" WIDTH="814" HEIGHT="28">
							<String ID="string_5" HPOS="197" VPOS="221" WIDTH="38" HEIGHT="20" WC="0.94" CONTENT="dre"/><SP WIDTH="20" VPOS="221" HPOS="235"/>
							<String ID="string_6" HPOS="255" VPOS="220" WIDTH="84" HEIGHT="27" WC="0.94" CONTENT="lämplig"/><SP WIDTH="14" VPOS="220" HPOS="339"/>
							<String ID="string_7" HPOS="353" VPOS="221" WIDTH="56" HEIGHT="20" WC="0.93" CONTENT="samt"/><SP WIDTH="13" VPOS="221" HPOS="409"/>
							<String ID="string_8" HPOS="422" VPOS="220" WIDTH="122" HEIGHT="27" WC="0.90" CONTENT="isynnerhet"/><SP WIDTH="14" VPOS="220" HPOS="544"/>
							<String ID="string_9" HPOS="558" VPOS="221" WIDTH="7" HEIGHT="20" WC="0.93" CONTENT="i"/><SP WIDTH="15" VPOS="221" HPOS="565"/>
							<String ID="string_10" HPOS="580" VPOS="220" WIDTH="98" HEIGHT="22" WC="0.93" CONTENT="afseende"/><SP WIDTH="15" VPOS="220" HPOS="678"/>
							<String ID="string_11" HPOS="693" VPOS="220" WIDTH="13" HEIGHT="21" WC="0.93" CONTENT="å"/><SP WIDTH="14" VPOS="220" HPOS="706"/>
							<String ID="string_12" HPOS="720" VPOS="227" WIDTH="28" HEIGHT="14" WC="0.93" CONTENT="nu"/><SP WIDTH="15" VPOS="227" HPOS="748"/>
							<String ID="string_13" HPOS="763" VPOS="221" WIDTH="138" HEIGHT="21" WC="0.93" CONTENT="förevarande"/><SP WIDTH="14" VPOS="221" HPOS="901"/>
							<String ID="string_14" HPOS="915" VPOS="221" WIDTH="96" HEIGHT="27" WC="0.92" CONTENT="proposi-"/>
						</TextLine>
						<TextLine ID="line_3" HPOS="197" VPOS="247" WIDTH="607" HEIGHT="28">
							<String ID="string_15" HPOS="197" VPOS="249" WIDTH="44" HEIGHT="21" WC="0.96" CONTENT="tion"/><SP WIDTH="16" VPOS="249" HPOS="241"/>
							<String ID="string_16" HPOS="257" VPOS="248" WIDTH="24" HEIGHT="22" WC="0.93" CONTENT="sä"/><SP WIDTH="14" VPOS="248" HPOS="281"/>
							<String ID="string_17" HPOS="295" VPOS="247" WIDTH="109" HEIGHT="23" WC="0.92" CONTENT="beskaffad"/><SP WIDTH="14" VPOS="247" HPOS="404"/>
							<String ID="string_18" HPOS="418" VPOS="249" WIDTH="73" HEIGHT="21" WC="0.92" CONTENT="remiss"/><SP WIDTH="15" VPOS="249" HPOS="491"/>
							<String ID="string_19" HPOS="506" VPOS="248" WIDTH="46" HEIGHT="22" WC="0.92" CONTENT="icke"/><SP WIDTH="15" VPOS="248" HPOS="552"/>
							<String ID="string_20" HPOS="567" VPOS="249" WIDTH="65" HEIGHT="21" WC="0.93" CONTENT="borde"/><SP WIDTH="15" VPOS="249" HPOS="632"/>
							<String ID="string_21" HPOS="647" VPOS="248" WIDTH="157" HEIGHT="27" WC="0.92" CONTENT="ifrägakomma."/>
						</TextLine>
						<TextLine ID="line_4" HPOS="266" VPOS="311" WIDTH="746" HEIGHT="28">
							<String ID="string_22" HPOS="266" VPOS="311" WIDTH="71" HEIGHT="28" WC="0.91" CONTENT="Enligt"/><SP WIDTH="22" VPOS="311" HPOS="337"/>
							<String ID="string_23" HPOS="359" VPOS="311" WIDTH="98" HEIGHT="22" WC="0.91" CONTENT="anhällan"/><SP WIDTH="22" VPOS="311" HPOS="457"/>
							<String ID="string_24" HPOS="479" VPOS="311" WIDTH="23" HEIGHT="22" WC="0.93" CONTENT="af"/><SP WIDTH="22" VPOS="311" HPOS="502"/>
							<String ID="string_25" HPOS="524" VPOS="311" WIDTH="49" HEIGHT="22" WC="0.92" CONTENT="herr"/><SP WIDTH="17" VPOS="311" HPOS="573"/>
							<String ID="string_26" HPOS="590" VPOS="311" WIDTH="191" HEIGHT="28" WC="0.91" CONTENT="Bronikowskij"/><SP WIDTH="16" VPOS="311" HPOS="781"/>
							<String ID="string_27" HPOS="797" VPOS="311" WIDTH="44" HEIGHT="22" WC="0.92" CONTENT="blef"/><SP WIDTH="13" VPOS="311" HPOS="841"/>
							<String ID="string_28" HPOS="854" VPOS="312" WIDTH="158" HEIGHT="27" WC="0.96" CONTENT="propositionen"/>
						</TextLine>
					</TextBlock>
				</ComposedBlock>
				<ComposedBlock ID="cblock_4" HPOS="266" VPOS="403" WIDTH="747" HEIGHT="90">
					<TextBlock ID="block_3" HPOS="266" VPOS="403" WIDTH="747" HEIGHT="90">
						<TextLine ID="line_5" HPOS="266" VPOS="403" WIDTH="498" HEIGHT="27">
							<String ID="string_29" HPOS="266" VPOS="403" WIDTH="78" HEIGHT="21" WC="0.92" CONTENT="Vidare"/><SP WIDTH="15" VPOS="403" HPOS="344"/>
							<String ID="string_30" HPOS="359" VPOS="403" WIDTH="109" HEIGHT="26" WC="0.92" CONTENT="föredrogs"/><SP WIDTH="15" VPOS="403" HPOS="468"/>
							<String ID="string_31" HPOS="483" VPOS="403" WIDTH="77" HEIGHT="27" WC="0.91" CONTENT="nädiga"/><SP WIDTH="13" VPOS="403" HPOS="560"/>
							<String ID="string_32" HPOS="573" VPOS="403" WIDTH="191" HEIGHT="27" WC="0.92" CONTENT="propositionerna:"/>
						</TextLine>
						<TextLine ID="line_6" HPOS="267" VPOS="464" WIDTH="746" HEIGHT="29">
							<String ID="string_33" HPOS="267" VPOS="466" WIDTH="56" HEIGHT="26" WC="0.90" CONTENT="18:0)"/><SP WIDTH="23" VPOS="466" HPOS="323"/>
							<String ID="string_34" HPOS="346" VPOS="465" WIDTH="108" HEIGHT="27" WC="0.92" CONTENT="angäende"/><SP WIDTH="20" VPOS="465" HPOS="454"/>
							<String ID="string_35" HPOS="474" VPOS="465" WIDTH="81" HEIGHT="22" WC="0.92" CONTENT="inlösen"/><SP WIDTH="22" VPOS="465" HPOS="555"/>
							<String ID="string_36" HPOS="577" VPOS="464" WIDTH="21" HEIGHT="22" WC="0.93" CONTENT="af"/><SP WIDTH="22" VPOS="464" HPOS="598"/>
							<String ID="string_37" HPOS="620" VPOS="465" WIDTH="190" HEIGHT="27" WC="0.88" CONTENT="donationsgodsen"/><SP WIDTH="22" VPOS="465" HPOS="810"/>
							<String ID="string_38" HPOS="832" VPOS="465" WIDTH="7" HEIGHT="21" WC="0.93" CONTENT="i"/><SP WIDTH="20" VPOS="465" HPOS="839"/>
							<String ID="string_39" HPOS="859" VPOS="465" WIDTH="99" HEIGHT="28" WC="0.93" CONTENT="Wiborgs"/><SP WIDTH="16" VPOS="465" HPOS="958"/>
							<String ID="string_40" HPOS="974" VPOS="466" WIDTH="39" HEIGHT="21" WC="0.96" CONTENT="och"/>
						</TextLine>
					</TextBlock>
				</ComposedBlock>
				<ComposedBlock ID="cblock_5" HPOS="199" VPOS="494" WIDTH="652" HEIGHT="89">
					<TextBlock ID="block_4" HPOS="199" VPOS="494" WIDTH="652" HEIGHT="89">
						<TextLine ID="line_7" HPOS="199" VPOS="494" WIDTH="190" HEIGHT="22">
							<String ID="string_41" HPOS="199" VPOS="494" WIDTH="32" HEIGHT="22" WC="0.93" CONTENT="S:t"/><SP WIDTH="14" VPOS="494" HPOS="231"/>
							<String ID="string_42" HPOS="245" VPOS="494" WIDTH="87" HEIGHT="22" WC="0.96" CONTENT="Michels"/><SP WIDTH="15" VPOS="494" HPOS="332"/>
							<String ID="string_43" HPOS="347" VPOS="494" WIDTH="42" HEIGHT="21" WC="0.96" CONTENT="län."/>
						</TextLine>
						<TextLine ID="line_8" HPOS="266" VPOS="556" WIDTH="585" HEIGHT="27">
							<String ID="string_44" HPOS="266" VPOS="556" WIDTH="155" HEIGHT="23" WC="0.92" CONTENT="Remitterades"/><SP WIDTH="15" VPOS="556" HPOS="421"/>
							<String ID="string_45" HPOS="436" VPOS="556" WIDTH="32" HEIGHT="22" WC="0.93" CONTENT="till"/><SP WIDTH="15" VPOS="556" HPOS="468"/>
							<String ID="string_46" HPOS="483" VPOS="558" WIDTH="62" HEIGHT="20" WC="0.93" CONTENT="stats-"/><SP WIDTH="17" VPOS="558" HPOS="545"/>
							<String ID="string_47" HPOS="562" VPOS="556" WIDTH="39" HEIGHT="22" WC="0.93" CONTENT="och"/><SP WIDTH="15" VPOS="556" HPOS="601"/>
							<String ID="string_48" HPOS="616" VPOS="556" WIDTH="235" HEIGHT="27" WC="0.92" CONTENT="bevillningsutskottet."/>
						</TextLine>
					</TextBlock>
				</ComposedBlock>
				<ComposedBlock ID="cblock_6" HPOS="199" VPOS="619" WIDTH="816" HEIGHT="57">
					<TextBlock ID="block_5" HPOS="199" VPOS="619" WIDTH="816" HEIGHT="57">
						<TextLine ID="line_9" HPOS="269" VPOS="619" WIDTH="746" HEIGHT="28">
							<String ID="string_49" HPOS="269" VPOS="620" WIDTH="55" HEIGHT="27" WC="0.91" CONTENT="19:0)"/><SP WIDTH="15" VPOS="620" HPOS="324"/>
							<String ID="string_50" HPOS="339" VPOS="620" WIDTH="108" HEIGHT="26" WC="0.91" CONTENT="angäende"/><SP WIDTH="15" VPOS="620" HPOS="447"/>
							<String ID="string_51" HPOS="462" VPOS="619" WIDTH="68" HEIGHT="22" WC="0.93" CONTENT="finska"/><SP WIDTH="14" VPOS="619" HPOS="530"/>
							<String ID="string_52" HPOS="544" VPOS="619" WIDTH="162" HEIGHT="22" WC="0.91" CONTENT="militiefondens"/><SP WIDTH="15" VPOS="619" HPOS="706"/>
							<String ID="string_53" HPOS="721" VPOS="620" WIDTH="120" HEIGHT="20" WC="0.92" CONTENT="ersättande"/><SP WIDTH="15" VPOS="620" HPOS="841"/>
							<String ID="string_54" HPOS="856" VPOS="619" WIDTH="33" HEIGHT="22" WC="0.93" CONTENT="för"/><SP WIDTH="11" VPOS="619" HPOS="889"/>
							<String ID="string_55" HPOS="900" VPOS="620" WIDTH="115" HEIGHT="21" WC="0.92" CONTENT="minsknin-"/>
						</TextLine>
						<TextLine ID="line_10" HPOS="199" VPOS="647" WIDTH="816" HEIGHT="29">
							<String ID="string_56" HPOS="199" VPOS="655" WIDTH="40" HEIGHT="21" WC="0.96" CONTENT="gen"/><SP WIDTH="22" VPOS="655" HPOS="239"/>
							<String ID="string_57" HPOS="261" VPOS="648" WIDTH="22" HEIGHT="22" WC="0.96" CONTENT="af"/><SP WIDTH="21" VPOS="648" HPOS="283"/>
							<String ID="string_58" HPOS="304" VPOS="649" WIDTH="49" HEIGHT="21" WC="0.96" CONTENT="dess"/><SP WIDTH="21" VPOS="649" HPOS="353"/>
							<String ID="string_59" HPOS="374" VPOS="648" WIDTH="117" HEIGHT="22" WC="0.96" CONTENT="inkomster"/><SP WIDTH="15" VPOS="648" HPOS="491"/>
							<String ID="string_60" HPOS="506" VPOS="655" WIDTH="74" HEIGHT="20" WC="0.93" CONTENT="genom"/><SP WIDTH="16" VPOS="655" HPOS="580"/>
							<String ID="string_61" HPOS="596" VPOS="648" WIDTH="136" HEIGHT="27" WC="0.92" CONTENT="upphörande"/><SP WIDTH="15" VPOS="648" HPOS="732"/>
							<String ID="string_62" HPOS="747" VPOS="647" WIDTH="23" HEIGHT="22" WC="0.93" CONTENT="af"/><SP WIDTH="13" VPOS="647" HPOS="770"/>
							<String ID="string_63" HPOS="783" VPOS="647" WIDTH="232" HEIGHT="28" WC="0.92" CONTENT="bränvinsförpaktnin-"/>
						</TextLine>
					</TextBlock>
				</ComposedBlock>
				<ComposedBlock ID="cblock_7" HPOS="199" VPOS="677" WIDTH="816" HEIGHT="151">
					<TextBlock ID="block_6" HPOS="199" VPOS="677" WIDTH="816" HEIGHT="90">
						<TextLine ID="line_11" HPOS="199" VPOS="677" WIDTH="374" HEIGHT="27">
							<String ID="string_64" HPOS="199" VPOS="683" WIDTH="40" HEIGHT="21" WC="0.93" CONTENT="gen"/><SP WIDTH="14" VPOS="683" HPOS="239"/>
							<String ID="string_65" HPOS="253" VPOS="678" WIDTH="32" HEIGHT="21" WC="0.91" CONTENT="uti"/><SP WIDTH="13" VPOS="678" HPOS="285"/>
							<String ID="string_66" HPOS="298" VPOS="677" WIDTH="145" HEIGHT="27" WC="0.92" CONTENT="fästningarna"/><SP WIDTH="14" VPOS="677" HPOS="443"/>
							<String ID="string_67" HPOS="457" VPOS="677" WIDTH="6" HEIGHT="21" WC="0.96" CONTENT="i"/><SP WIDTH="15" VPOS="677" HPOS="463"/>
							<String ID="string_68" HPOS="478" VPOS="677" WIDTH="95" HEIGHT="21" WC="0.94" CONTENT="Finland."/>
						</TextLine>
						<TextLine ID="line_12" HPOS="267" VPOS="738" WIDTH="748" HEIGHT="29">
							<String ID="string_69" HPOS="267" VPOS="740" WIDTH="56" HEIGHT="21" WC="0.90" CONTENT="Herr"/><SP WIDTH="14" VPOS="740" HPOS="323"/>
							<String ID="string_70" HPOS="337" VPOS="739" WIDTH="87" HEIGHT="27" WC="0.93" CONTENT="Bergh"/><SP WIDTH="15" VPOS="739" HPOS="424"/>
							<String ID="string_71" HPOS="439" VPOS="740" WIDTH="90" HEIGHT="27" WC="0.91" CONTENT="yttrade,"/><SP WIDTH="16" VPOS="740" HPOS="529"/>
							<String ID="string_72" HPOS="545" VPOS="741" WIDTH="33" HEIGHT="19" WC="0.93" CONTENT="att"/><SP WIDTH="14" VPOS="741" HPOS="578"/>
							<String ID="string_73" HPOS="592" VPOS="739" WIDTH="86" HEIGHT="22" WC="0.92" CONTENT="emedan"/><SP WIDTH="16" VPOS="739" HPOS="678"/>
							<String ID="string_74" HPOS="694" VPOS="738" WIDTH="114" HEIGHT="28" WC="0.93" CONTENT="föreslaget"/><SP WIDTH="14" VPOS="738" HPOS="808"/>
							<String ID="string_75" HPOS="822" VPOS="746" WIDTH="57" HEIGHT="20" WC="0.93" CONTENT="vore,"/><SP WIDTH="15" VPOS="746" HPOS="879"/>
							<String ID="string_76" HPOS="894" VPOS="740" WIDTH="33" HEIGHT="21" WC="0.86" CONTENT="att"/><SP WIDTH="11" VPOS="740" HPOS="927"/>
							<String ID="string_77" HPOS="938" VPOS="739" WIDTH="77" HEIGHT="27" WC="0.92" CONTENT="ifräga-"/>
						</TextLine>
					</TextBlock>
					<TextBlock ID="block_7" HPOS="200" VPOS="768" WIDTH="815" HEIGHT="27">
						<TextLine ID="line_13" HPOS="200" VPOS="768" WIDTH="815" HEIGHT="27">
							<String ID="string_78" HPOS="200" VPOS="768" WIDTH="91" HEIGHT="22" WC="0.92" CONTENT="varande"/><SP WIDTH="23" VPOS="768" HPOS="291"/>
							<String ID="string_79" HPOS="314" VPOS="768" WIDTH="117" HEIGHT="27" WC="0.95" CONTENT="ersättning"/><SP WIDTH="22" VPOS="768" HPOS="431"/>
							<String ID="string_80" HPOS="453" VPOS="768" WIDTH="54" HEIGHT="21" WC="0.93" CONTENT="skall"/><SP WIDTH="15" VPOS="768" HPOS="507"/>
							<String ID="string_81" HPOS="522" VPOS="768" WIDTH="51" HEIGHT="26" WC="0.92" CONTENT="utgä"/><SP WIDTH="15" VPOS="768" HPOS="573"/>
							<String ID="string_82" HPOS="588" VPOS="774" WIDTH="25" HEIGHT="16" WC="0.93" CONTENT="ur"/><SP WIDTH="15" VPOS="774" HPOS="613"/>
							<String ID="string_83" HPOS="628" VPOS="768" WIDTH="213" HEIGHT="26" WC="0.91" CONTENT="bevillningsmedlen,"/><SP WIDTH="16" VPOS="768" HPOS="841"/>
							<String ID="string_84" HPOS="857" VPOS="768" WIDTH="68" HEIGHT="22" WC="0.93" CONTENT="denna"/><SP WIDTH="14" VPOS="768" HPOS="925"/>
							<String ID="string_85" HPOS="939" VPOS="774" WIDTH="76" HEIGHT="21" WC="0.92" CONTENT="propo-"/>
						</TextLine>
					</TextBlock>
					<TextBlock ID="block_8" HPOS="201" VPOS="796" WIDTH="814" HEIGHT="32">
						<TextLine ID="line_14" HPOS="201" VPOS="796" WIDTH="814" HEIGHT="32">
							<String ID="string_86" HPOS="201" VPOS="797" WIDTH="63" HEIGHT="22" WC="0.93" CONTENT="sition"/><SP WIDTH="19" VPOS="797" HPOS="264"/>
							<String ID="string_87" HPOS="283" VPOS="797" WIDTH="68" HEIGHT="21" WC="0.93" CONTENT="borde"/><SP WIDTH="23" VPOS="797" HPOS="351"/>
							<String ID="string_88" HPOS="374" VPOS="796" WIDTH="138" HEIGHT="32" WC="0.74" CONTENT="öfverlemnas"/><SP WIDTH="22" VPOS="796" HPOS="512"/>
							<String ID="string_89" HPOS="534" VPOS="797" WIDTH="32" HEIGHT="21" WC="0.93" CONTENT="till"/><SP WIDTH="20" VPOS="797" HPOS="566"/>
							<String ID="string_90" HPOS="586" VPOS="796" WIDTH="114" HEIGHT="27" WC="0.95" CONTENT="beredning"/><SP WIDTH="16" VPOS="796" HPOS="700"/>
							<String ID="string_91" HPOS="716" VPOS="796" WIDTH="22" HEIGHT="22" WC="0.93" CONTENT="af"/><SP WIDTH="13" VPOS="796" HPOS="738"/>
							<String ID="string_92" HPOS="751" VPOS="798" WIDTH="61" HEIGHT="20" WC="0.90" CONTENT="stats-"/><SP WIDTH="17" VPOS="798" HPOS="812"/>
							<String ID="string_93" HPOS="829" VPOS="797" WIDTH="39" HEIGHT="21" WC="0.93" CONTENT="och"/><SP WIDTH="15" VPOS="797" HPOS="868"/>
							<String ID="string_94" HPOS="883" VPOS="797" WIDTH="132" HEIGHT="27" WC="0.87" CONTENT="bevillnings-"/>
						</TextLine>
					</TextBlock>
				</ComposedBlock>
				<ComposedBlock ID="cblock_8" HPOS="200" VPOS="826" WIDTH="816" HEIGHT="88">
					<TextBlock ID="block_9" HPOS="200" VPOS="826" WIDTH="816" HEIGHT="88">
						<TextLine ID="line_15" HPOS="200" VPOS="826" WIDTH="111" HEIGHT="21">
							<String ID="string_95" HPOS="200" VPOS="826" WIDTH="111" HEIGHT="21" WC="0.92" CONTENT="utskottet."/>
						</TextLine>
						<TextLine ID="line_16" HPOS="268" VPOS="887" WIDTH="748" HEIGHT="27">
							<String ID="string_96" HPOS="268" VPOS="888" WIDTH="57" HEIGHT="22" WC="0.91" CONTENT="Derä"/><SP WIDTH="18" VPOS="888" HPOS="325"/>
							<String ID="string_97" HPOS="343" VPOS="888" WIDTH="148" HEIGHT="22" WC="0.92" CONTENT="remitterades"/><SP WIDTH="14" VPOS="888" HPOS="491"/>
							<String ID="string_98" HPOS="505" VPOS="888" WIDTH="159" HEIGHT="26" WC="0.96" CONTENT="propositionen"/><SP WIDTH="14" VPOS="888" HPOS="664"/>
							<String ID="string_99" HPOS="678" VPOS="888" WIDTH="33" HEIGHT="21" WC="0.93" CONTENT="till"/><SP WIDTH="15" VPOS="888" HPOS="711"/>
							<String ID="string_100" HPOS="726" VPOS="889" WIDTH="62" HEIGHT="20" WC="0.93" CONTENT="stats-"/><SP WIDTH="16" VPOS="889" HPOS="788"/>
							<String ID="string_101" HPOS="804" VPOS="888" WIDTH="39" HEIGHT="21" WC="0.93" CONTENT="och"/><SP WIDTH="14" VPOS="888" HPOS="843"/>
							<String ID="string_102" HPOS="857" VPOS="887" WIDTH="159" HEIGHT="26" WC="0.91" CONTENT="bevillningsut-"/>
						</TextLine>
					</TextBlock>
				</ComposedBlock>
				<ComposedBlock ID="cblock_9" HPOS="200" VPOS="917" WIDTH="609" HEIGHT="88">
					<TextBlock ID="block_10" HPOS="200" VPOS="917" WIDTH="609" HEIGHT="88">
						<TextLine ID="line_17" HPOS="200" VPOS="917" WIDTH="85" HEIGHT="22">
							<String ID="string_103" HPOS="200" VPOS="917" WIDTH="85" HEIGHT="22" WC="0.90" CONTENT="skottet."/>
						</TextLine>
						<TextLine ID="line_18" HPOS="268" VPOS="978" WIDTH="541" HEIGHT="27">
							<String ID="string_104" HPOS="268" VPOS="979" WIDTH="59" HEIGHT="21" WC="0.91" CONTENT="Härä"/><SP WIDTH="15" VPOS="979" HPOS="327"/>
							<String ID="string_105" HPOS="342" VPOS="979" WIDTH="109" HEIGHT="26" WC="0.92" CONTENT="föredrogs"/><SP WIDTH="15" VPOS="979" HPOS="451"/>
							<String ID="string_106" HPOS="466" VPOS="979" WIDTH="71" HEIGHT="20" WC="0.93" CONTENT="vidare"/><SP WIDTH="16" VPOS="979" HPOS="537"/>
							<String ID="string_107" HPOS="553" VPOS="978" WIDTH="76" HEIGHT="27" WC="0.92" CONTENT="nädiga"/><SP WIDTH="14" VPOS="978" HPOS="629"/>
							<String ID="string_108" HPOS="643" VPOS="978" WIDTH="166" HEIGHT="27" WC="0.96" CONTENT="propositionen:"/>
						</TextLine>
					</TextBlock>
				</ComposedBlock>
				<ComposedBlock ID="cblock_10" HPOS="201" VPOS="1040" WIDTH="817" HEIGHT="85">
					<TextBlock ID="block_11" HPOS="201" VPOS="1040" WIDTH="817" HEIGHT="85">
						<TextLine ID="line_19" HPOS="269" VPOS="1040" WIDTH="748" HEIGHT="29">
							<String ID="string_109" HPOS="269" VPOS="1041" WIDTH="56" HEIGHT="28" WC="0.89" CONTENT="23:0)"/><SP WIDTH="22" VPOS="1041" HPOS="325"/>
							<String ID="string_110" HPOS="347" VPOS="1040" WIDTH="108" HEIGHT="27" WC="0.89" CONTENT="angäende"/><SP WIDTH="22" VPOS="1040" HPOS="455"/>
							<String ID="string_111" HPOS="477" VPOS="1041" WIDTH="73" HEIGHT="26" WC="0.92" CONTENT="anslag"/><SP WIDTH="22" VPOS="1041" HPOS="550"/>
							<String ID="string_112" HPOS="572" VPOS="1041" WIDTH="32" HEIGHT="21" WC="0.93" CONTENT="till"/><SP WIDTH="18" VPOS="1041" HPOS="604"/>
							<String ID="string_113" HPOS="622" VPOS="1041" WIDTH="146" HEIGHT="21" WC="0.93" CONTENT="förbättrande"/><SP WIDTH="15" VPOS="1041" HPOS="768"/>
							<String ID="string_114" HPOS="783" VPOS="1040" WIDTH="23" HEIGHT="22" WC="0.93" CONTENT="af"/><SP WIDTH="12" VPOS="1040" HPOS="806"/>
							<String ID="string_115" HPOS="818" VPOS="1040" WIDTH="95" HEIGHT="22" WC="0.92" CONTENT="farleden"/><SP WIDTH="15" VPOS="1040" HPOS="913"/>
							<String ID="string_116" HPOS="928" VPOS="1041" WIDTH="89" HEIGHT="22" WC="0.92" CONTENT="emellan"/>
						</TextLine>
						<TextLine ID="line_20" HPOS="201" VPOS="1069" WIDTH="817" HEIGHT="28">
							<String ID="string_117" HPOS="201" VPOS="1070" WIDTH="86" HEIGHT="27" WC="0.95" CONTENT="Nyslott"/><SP WIDTH="22" VPOS="1070" HPOS="287"/>
							<String ID="string_118" HPOS="309" VPOS="1069" WIDTH="39" HEIGHT="21" WC="0.95" CONTENT="och"/><SP WIDTH="20" VPOS="1069" HPOS="348"/>
							<String ID="string_119" HPOS="368" VPOS="1069" WIDTH="83" HEIGHT="26" WC="0.93" CONTENT="Kuopio"/><SP WIDTH="24" VPOS="1069" HPOS="451"/>
							<String ID="string_120" HPOS="475" VPOS="1070" WIDTH="77" HEIGHT="23" WC="0.92" CONTENT="städer,"/><SP WIDTH="22" VPOS="1070" HPOS="552"/>
							<String ID="string_121" HPOS="574" VPOS="1075" WIDTH="45" HEIGHT="15" WC="0.93" CONTENT="som"/><SP WIDTH="16" VPOS="1075" HPOS="619"/>
							<String ID="string_122" HPOS="635" VPOS="1069" WIDTH="146" HEIGHT="22" WC="0.93" CONTENT="remitterades"/><SP WIDTH="14" VPOS="1069" HPOS="781"/>
							<String ID="string_123" HPOS="795" VPOS="1069" WIDTH="54" HEIGHT="22" WC="0.96" CONTENT="först"/><SP WIDTH="14" VPOS="1069" HPOS="849"/>
							<String ID="string_124" HPOS="863" VPOS="1069" WIDTH="33" HEIGHT="21" WC="0.93" CONTENT="till"/><SP WIDTH="15" VPOS="1069" HPOS="896"/>
							<String ID="string_125" HPOS="911" VPOS="1070" WIDTH="107" HEIGHT="21" WC="0.89" CONTENT="ekonomi-"/>
						</TextLine>
						<TextLine ID="line_21" HPOS="202" VPOS="1097" WIDTH="816" HEIGHT="28">
							<String ID="string_126" HPOS="202" VPOS="1098" WIDTH="104" HEIGHT="21" WC="0.93" CONTENT="utskottet"/><SP WIDTH="21" VPOS="1098" HPOS="306"/>
							<String ID="string_127" HPOS="327" VPOS="1099" WIDTH="54" HEIGHT="19" WC="0.93" CONTENT="samt"/><SP WIDTH="16" VPOS="1099" HPOS="381"/>
							<String ID="string_128" HPOS="397" VPOS="1097" WIDTH="91" HEIGHT="22" WC="0.90" CONTENT="derefter"/><SP WIDTH="16" VPOS="1097" HPOS="488"/>
							<String ID="string_129" HPOS="504" VPOS="1097" WIDTH="67" HEIGHT="22" WC="0.93" CONTENT="skulle"/><SP WIDTH="16" VPOS="1097" HPOS="571"/>
							<String ID="string_130" HPOS="587" VPOS="1098" WIDTH="138" HEIGHT="21" WC="0.92" CONTENT="öfverlemnas"/><SP WIDTH="15" VPOS="1098" HPOS="725"/>
							<String ID="string_131" HPOS="740" VPOS="1097" WIDTH="32" HEIGHT="22" WC="0.93" CONTENT="till"/><SP WIDTH="15" VPOS="1097" HPOS="772"/>
							<String ID="string_132" HPOS="787" VPOS="1098" WIDTH="116" HEIGHT="27" WC="0.90" CONTENT="beredning"/><SP WIDTH="15" VPOS="1098" HPOS="903"/>
							<String ID="string_133" HPOS="918" VPOS="1098" WIDTH="23" HEIGHT="21" WC="0.93" CONTENT="af"/><SP WIDTH="14" VPOS="1098" HPOS="941"/>
							<String ID="string_134" HPOS="955" VPOS="1099" WIDTH="63" HEIGHT="20" WC="0.93" CONTENT="stats-"/>
						</TextLine>
					</TextBlock>
				</ComposedBlock>
				<ComposedBlock ID="cblock_11" HPOS="193" VPOS="1125" WIDTH="298" HEIGHT="28">
					<TextBlock ID="block_12" HPOS="193" VPOS="1125" WIDTH="298" HEIGHT="28">
						<TextLine ID="line_22" HPOS="193" VPOS="1125" WIDTH="298" HEIGHT="28">
							<String ID="string_135" HPOS="193" VPOS="1127" WIDTH="48" HEIGHT="21" WC="0.82" CONTENT="-och"/><SP WIDTH="16" VPOS="1127" HPOS="241"/>
							<String ID="string_136" HPOS="257" VPOS="1125" WIDTH="234" HEIGHT="28" WC="0.52" CONTENT="bevillningsutskottet."/>
						</TextLine>
					</TextBlock>
				</ComposedBlock>
				<ComposedBlock ID="cblock_12" HPOS="271" VPOS="1280" WIDTH="610" HEIGHT="85">
					<TextBlock ID="block_13" HPOS="271" VPOS="1280" WIDTH="610" HEIGHT="85">
						<TextLine ID="line_23" HPOS="271" VPOS="1280" WIDTH="530" HEIGHT="27">
							<String ID="string_137" HPOS="271" VPOS="1281" WIDTH="169" HEIGHT="22" WC="0.95" CONTENT="Sammanträdet"/><SP WIDTH="15" VPOS="1281" HPOS="440"/>
							<String ID="string_138" HPOS="455" VPOS="1281" WIDTH="109" HEIGHT="26" WC="0.96" CONTENT="upphörde"/><SP WIDTH="14" VPOS="1281" HPOS="564"/>
							<String ID="string_139" HPOS="578" VPOS="1280" WIDTH="29" HEIGHT="21" WC="0.93" CONTENT="kl."/><SP WIDTH="17" VPOS="1280" HPOS="607"/>
							<String ID="string_140" HPOS="624" VPOS="1281" WIDTH="27" HEIGHT="26" WC="0.86" CONTENT="3/,"/><SP WIDTH="14" VPOS="1281" HPOS="651"/>
							<String ID="string_141" HPOS="665" VPOS="1281" WIDTH="32" HEIGHT="20" WC="0.96" CONTENT="till"/><SP WIDTH="16" VPOS="1281" HPOS="697"/>
							<String ID="string_142" HPOS="713" VPOS="1281" WIDTH="12" HEIGHT="20" WC="0.96" CONTENT="7"/><SP WIDTH="16" VPOS="1281" HPOS="725"/>
							<String ID="string_143" HPOS="741" VPOS="1286" WIDTH="18" HEIGHT="15" WC="0.96" CONTENT="e."/><SP WIDTH="15" VPOS="1286" HPOS="759"/>
							<String ID="string_144" HPOS="774" VPOS="1287" WIDTH="27" HEIGHT="14" WC="0.95" CONTENT="m."/>
						</TextLine>
						<TextLine ID="line_24" HPOS="786" VPOS="1347" WIDTH="95" HEIGHT="18">
							<String ID="string_145" HPOS="786" VPOS="1347" WIDTH="23" HEIGHT="18" WC="0.92" CONTENT="In"/><SP WIDTH="11" VPOS="1347" HPOS="809"/>
							<String ID="string_146" HPOS="820" VPOS="1348" WIDTH="61" HEIGHT="17" WC="0.91" CONTENT="fidem:"/>
						</TextLine>
					</TextBlock>
				</ComposedBlock>
				<ComposedBlock ID="cblock_13" HPOS="727" VPOS="1386" WIDTH="222" HEIGHT="22">
					<TextBlock ID="block_14" HPOS="727" VPOS="1386" WIDTH="222" HEIGHT="22">
						<TextLine ID="line_25" HPOS="727" VPOS="1386" WIDTH="222" HEIGHT="22">
							<String ID="string_147" HPOS="727" VPOS="1386" WIDTH="73" HEIGHT="22" WC="0.92" CONTENT="Sixtus"/><SP WIDTH="18" VPOS="1386" HPOS="800"/>
							<String ID="string_148" HPOS="818" VPOS="1386" WIDTH="131" HEIGHT="22" WC="0.96" CONTENT="Calamnius."/>
						</TextLine>
					</TextBlock>
				</ComposedBlock>
			</PrintSpace>
		</Page>
	</Layout>
</alto>
