1081 1773
291 128 182 23 Borgareståndet.
495 129 55 18 1867.
573 129 27 18 30
612 129 61 18 Mars.
818 123 41 22 313

72 214 105 23 tänkande
199 215 7 21 i
228 214 112 28 anledning
360 214 23 22 af
399 215 76 26 nådiga
489 215 158 27 propositionen
663 215 107 26 angående
785 215 103 28 styrelsen

72 243 38 22 och
125 243 153 26 förvaltningen
294 243 22 22 af
326 243 101 22 Finlands
437 243 56 22 bank
503 243 33 22 till
542 243 49 27 följe
603 244 24 21 af
635 244 94 21 ständets
739 244 41 21 den
792 245 28 20 26
830 243 57 23 inne-

70 272 92 21 varande
184 271 56 22 Mars
262 271 80 22 fattade
363 271 76 26 beslut,
462 272 68 21 blifvit
545 272 31 21 till
592 274 60 19 nästa
667 272 84 27 plenum
767 272 119 27 bordlagdt,

70 300 70 21 anhöll
169 302 31 19 att
229 299 43 28 lag-
298 300 39 22 och
359 300 212 23 ekonomiutskottets
593 301 137 21 förevarande
752 300 136 23 betänkande

69 329 69 21 mätte
154 328 126 27 bordläggas
295 329 27 26 pä
337 329 46 22 ätta
398 329 70 26 dagar.
499 329 48 21 Men
563 330 27 27 pä
605 329 56 22 Herr
675 328 140 23 Talmannens
825 329 62 21 fram-

70 357 99 27 ställning
189 357 78 22 beslöts
290 359 31 20 att
341 357 102 26 sistsagde
458 357 134 22 betänkande
607 357 68 22 skulle
687 357 77 28 jemväl
779 357 32 22 till
826 360 61 19 nästa

70 385 84 33 plenum
170 385 66 22 hållas
251 385 127 28 tillgängligt
392 386 33 21 för
439 387 96 21 ständets
550 386 136 22 medlemmar
701 387 12 20 &
727 386 77 21 bordet
818 386 6 21 i
841 387 46 21 dess

70 420 144 16 sessionsrum.

138 473 39 20 2:0.
209 471 234 28 Grundlagsutskottets
463 472 65 27 jemte
553 471 107 23 skrifvelse
683 473 39 21 den
743 473 28 20 30
792 472 7 21 i
820 473 67 21 denna

70 500 76 21 mänad
168 499 31 22 hit
218 500 105 21 ankomna
338 500 133 22 betänkande
486 501 7 20 i
508 501 113 26 anledning
636 501 22 20 af
671 501 76 26 nädiga
761 501 126 27 propositio-

70 535 40 15 nen
133 528 107 27 angäende
263 535 27 21 ny
308 529 207 27 landtdagsordning,
530 529 81 22 hvilket
626 529 133 22 betänkande
775 529 112 22 bordlades

69 557 33 21 till
116 557 66 22 andra
196 557 84 27 plenum
296 557 98 22 härefter.

138 615 40 21 3:0.
208 614 235 27 Kyrkolagsutskottets
465 614 107 22 skrifvelse
594 614 23 21 af
637 615 40 21 den
699 615 27 21 28
745 615 143 21 innevarande

70 643 58 22 Mars
147 643 47 21 med
210 643 114 21 utskottets
339 643 133 21 betänkande
487 643 6 21 i
509 643 112 26 anledning
635 643 22 22 af
671 643 75 26 nädiga
761 643 126 27 propositio-

70 678 40 15 nen
130 671 108 27 angäende
258 678 27 21 ny
307 671 103 28 kyrkolag
425 671 32 22 för
473 672 25 22 de
513 671 241 28 evangelisk-lutherska
769 672 117 21 församlin-

70 706 64 22 garne
148 700 8 22 i
170 700 78 22 landet.

138 757 31 22 Pä
183 757 93 28 begäran
291 757 23 22 af
327 757 56 23 Herr
398 753 112 33 Östring
525 757 43 23 blef
583 757 58 23 detta
656 757 133 23 betänkande
804 758 27 27 pä
842 758 45 22 ätta

70 786 64 28 dagar
149 786 117 28 bordlagdt.

136 844 41 21 4:0.
207 844 228 27 grundlagsutskottets
457 844 31 21 uti
509 842 107 23 skrifvelse
640 844 39 21 den
695 844 27 20 30
736 844 7 20 i
759 844 67 21 denne
842 844 43 21 mä-

68 872 42 23 nåd
133 872 122 23 öfversända
270 872 145 22 betänkande;
437 872 6 21 i
468 872 111 27 anledning
601 872 22 22 af
636 872 78 27 nådiga
729 872 157 27 propositionen

69 901 109 28 angäende
202 901 35 27 lag
258 901 33 22 för
312 902 89 21 ähörare
416 901 35 22 vid
466 901 100 22 ständens
581 901 169 22 sammanträden
765 901 67 21 under
847 902 38 26 pä-

69 931 87 21 stäende
176 931 111 26 landtdag;
310 931 39 20 och
370 930 68 21 skulle
460 931 63 26 sagde
538 930 141 23 betänkande,
692 929 83 27 jemlikt
790 930 96 21 ständets

69 959 72 50 0
164 965 28 16 nu
214 959 99 26 vidtagna
335 958 74 27 beslut,
432 958 67 22 hällas
521 959 13 21 å
555 958 76 22 bordet
655 958 32 21 till
711 959 66 21 andra
800 958 87 27 plenum

84 990 84 19 ärefter.

138 1045 39 22 5:o.
207 1045 33 21 En
262 1044 21 22 af
305 1045 234 27 expeditionsutskottet
560 1045 39 21 den
615 1045 27 21 27
658 1044 6 21 i
680 1044 66 22 denne
761 1045 76 20 månad
852 1044 32 22 till

68 1073 179 28 Borgareständet
269 1073 77 22 afläten
368 1073 114 26 skrifvelse,
499 1073 43 22 deri
557 1073 105 22 utskottet
677 1073 128 25 framhåller,
821 1073 64 22 huru-

68 1109 45 14 som
132 1102 145 22 erfarenheten
291 1103 55 20 bäde
362 1102 33 21 vid
411 1105 82 18 senaste
509 1103 39 21 och
563 1108 29 15 nu
607 1103 114 26 pästäende
737 1101 101 28 landtdag
848 1101 38 28 gif-

68 1131 30 20 vit
120 1131 34 21 vid
177 1131 88 26 handen,
290 1133 32 19 att
340 1131 88 21 ständen
443 1131 57 21 inom
516 1130 39 23 den
571 1130 66 22 finska
653 1129 233 28 representantförsam-

68 1159 70 27 lingen
160 1159 130 22 beträffande
311 1159 90 22 flertalet
423 1159 23 21 af
469 1159 25 21 de
510 1159 31 21 till
557 1159 122 22 ständernes
695 1159 126 26 behandling
836 1159 51 21 hän-

68 1188 86 27 skjutna
175 1187 77 27 frågor,
275 1188 128 21 åtminstone
425 1189 6 20 i
455 1187 122 27 detaljerna,
600 1189 84 20 stannat
706 1187 7 21 i
729 1188 22 20 så
766 1187 121 27 skiljaktiga

68 1217 70 21 beslut
160 1218 32 20 att
211 1216 90 27 lagenlig
315 1216 109 27 pluralitet
439 1216 22 21 af
475 1217 25 20 de
515 1217 56 21 olika
586 1216 135 27 meningarne
735 1216 46 21 icke
796 1215 90 22 förefun-

68 1245 48 26 nits,
132 1245 108 22 äfvensom
256 1245 103 26 antagligt
374 1251 49 15 vore
439 1247 31 19 att
485 1245 70 26 dylika
570 1245 167 26 skiljaktigheter
748 1244 59 21 äfven
824 1244 62 21 fram-

68 1276 50 24 gent
141 1273 135 27 förekomme,
299 1273 61 22 deraf
379 1280 25 15 en
420 1273 121 28 oundviklig
556 1273 51 27 följd
622 1273 67 21 blefve
705 1275 32 19 att
750 1272 50 21 flere
816 1272 71 27 frågor

69 1303 99 26 antingen
190 1302 44 21 helt
257 1302 39 21 och
318 1301 65 22 hållet
398 1302 52 21 eller
464 1301 7 21 i
487 1302 54 22 vissa
557 1302 58 21 delar
629 1301 84 22 komme
728 1303 32 19 att
775 1301 88 26 förfalla,
879 1301 8 21 i

68 1330 100 23 händelse
191 1330 17 27 ej
232 1331 40 21 den
295 1331 34 20 vid
347 1330 51 22 sista
413 1330 100 27 landtdag
529 1330 93 22 anlitade
637 1332 90 24 utvägen
741 1330 61 21 stode
818 1331 69 25 öppen

69 1361 38 24 att,
130 1359 64 22 innan
217 1359 113 22 ständerne
345 1359 114 26 åtskiljdes,
475 1359 6 20 i
496 1359 71 27 hvarje
583 1359 82 25 ärende,
682 1359 38 21 der
733 1358 76 21 sådant
822 1358 65 21 erfor-

69 1387 83 24 drades,
175 1386 86 27 inbjuda
277 1389 30 19 ett
323 1387 50 21 eller
391 1387 50 21 flere
456 1387 63 22 stånd
533 1389 32 20 att
579 1387 34 20 vid
629 1387 87 26 förnyad
731 1386 156 27 handläggning

68 1415 22 21 af
111 1415 93 25 ärendet,
220 1415 47 21 med
283 1415 127 26 frångående
425 1414 22 21 af
460 1415 55 20 hvad
531 1414 43 21 deri
590 1414 89 27 tidigare
694 1414 104 26 tillgjorts,
814 1414 74 21 förena

68 1444 32 26 sig
123 1449 33 15 om
179 1449 25 15 en
220 1443 116 26 föreslagen
351 1443 201 26 sammanjemkning
567 1442 22 22 af
602 1442 101 22 besluten.
734 1442 38 21 Att
787 1441 100 27 förslaget

69 1471 31 22 till
116 1478 26 15 en
156 1470 56 28 dylik
228 1471 199 27 sammanjemkning
441 1471 7 20 i
464 1470 71 28 hvarje
550 1470 36 22 fall
595 1471 65 21 borde
667 1472 104 25 uppgöras
779 1470 21 21 af
807 1476 81 16 samma

70 1500 106 22 allmänna
195 1500 112 26 utskottet,
323 1506 44 16 som
382 1499 57 21 förut
452 1499 101 27 handlagt
569 1500 92 26 ärendet,
677 1500 71 26 syntes
764 1498 123 22 otvifvelak-

68 1529 47 27 tigt,
139 1531 50 19 enär
213 1529 58 21 detta
292 1529 83 22 utskott
389 1528 32 22 till
436 1527 49 28 följe
500 1528 23 22 af
536 1528 47 22 dess
598 1528 64 27 insigt
676 1528 7 21 i
697 1527 85 28 frågans
798 1526 90 27 detaljer
