1081 1775
226 130 40 20 572
405 134 181 30 Borgareståndet.
610 135 57 17 1867.
689 135 27 16 24
727 134 63 22 April.

197 219 71 21 kunna
291 219 32 21 till
337 218 58 22 Hans
410 218 116 27 Kejserliga
542 218 98 27 Majestät
655 218 48 26 ingå
718 218 48 22 med
781 218 130 26 underdånig
927 218 87 29 petition

198 253 34 15 om
252 246 155 27 ifrågavararde
422 246 93 26 afgifters
530 247 137 21 nedsättande
678 246 32 21 till
722 246 51 22 visst
783 246 59 26 lägre
854 246 74 27 belopp
940 248 26 19 än
979 246 36 22 det

198 275 127 21 nuvarande.
355 274 92 23 Oaktadt
468 275 109 21 Utskottet
591 274 82 22 således
688 275 27 26 på
731 275 169 27 ofvanupptagna
915 274 45 22 skäl
976 274 37 22 fin-

198 310 38 14 ner
258 304 31 26 sig
310 303 45 21 icke
377 303 72 21 kunna
466 304 106 27 tillstyrka
587 303 177 27 Borgareståndet
779 305 32 20 att
826 303 7 21 i
847 303 168 26 underdånighet

199 332 126 26 petitionera
347 338 34 15 om
403 331 63 21 sluss-
489 332 38 21 och
549 332 186 26 kanalafgifternas
758 332 138 21 nedsättande
918 331 32 21 till
966 331 48 21 de
1002 327 15 36 i

199 360 132 21 memorialet
353 359 117 27 föreslagna
495 360 82 27 belopp,
599 366 62 15 anser
681 359 110 22 Utskottet
810 360 32 26 sig
866 360 64 20 likväl
944 359 71 22 kunna

200 388 91 24 förorda,
315 390 31 19 att
361 388 178 26 Borgareståndet
553 388 67 21 skulle
636 388 37 21 hos
689 388 59 21 Hans
763 388 117 27 Kejserliga
895 388 99 26 Majestät
1008 388 6 20 i

199 416 167 26 underdånighet
389 416 83 21 anhålla
495 423 33 15 om
551 422 26 15 en
595 416 89 22 revision
700 416 22 20 af
733 416 109 26 afgifterne
857 415 32 22 för
904 416 89 21 trafiken
1008 416 6 20 i

200 444 114 22 allmänhet
329 445 12 21 å
356 444 70 22 Saima
441 444 69 22 kanal.
540 444 71 27 Enligt
626 444 55 22 hvad
695 444 104 26 sjelffallet
813 446 31 25 är,
856 444 53 21 skall
922 445 35 21 det
967 444 47 22 med

200 472 321 22 kommunikationsanstalterna
536 473 86 21 afsedda
637 473 97 21 ändamål
749 472 119 22 motverkas
880 479 33 15 om
926 472 90 22 trafiken

200 502 14 20 å
244 502 106 20 desamma
372 501 91 21 belastas
486 502 46 20 med
556 502 65 26 högre
646 501 88 26 afgifter,
757 503 26 19 än
805 501 168 27 oundgängligen
991 502 24 20 är

200 529 79 27 nödigt.
310 529 83 21 Sådana
414 530 153 26 oundgängliga
587 529 82 27 afgifter
684 529 55 21 hvad
754 529 71 21 Saima
839 529 63 21 kanal
916 528 100 22 beträffar

201 559 45 23 äro,
270 558 53 20 efter
343 557 120 22 Utskottets
486 558 69 26 tanke,
577 558 32 24 de,
632 563 44 15 som
700 557 105 21 erfordras
820 557 32 21 för
866 557 150 21 sammanbrin-

201 586 67 26 gande
289 586 22 21 af
331 588 61 19 ränta
410 586 39 21 och
465 586 127 27 amortering
607 586 12 21 å
635 586 35 21 det
685 585 87 22 statslän
785 585 23 22 af
823 586 111 25 1,500,000
950 584 65 27 rubel,

201 619 45 16 som
274 614 68 21 blifvit
364 613 21 22 af
406 614 93 21 Landets
520 614 104 27 Regering
646 614 32 21 för
699 613 187 27 kanalbyggnaden
908 615 108 25 upptaget,

202 641 105 22 äfvensom
330 642 32 21 för
384 642 100 21 kanalens
506 643 66 26 årliga
592 642 125 26 förvaltning
733 644 38 19 och
787 641 119 22 underhåll.
936 642 81 21 Endast

202 669 60 22 dessa
283 670 86 27 utgifter
390 677 61 14 anser
465 670 109 22 Utskottet
589 671 52 20 böra
656 670 22 21 af
690 671 144 20 inkomsterna
848 670 33 21 för
895 669 122 22 kanaltrafi-

202 698 40 21 ken
265 698 110 25 bestridas,
397 698 103 25 hvarföre,
521 705 33 14 om
578 699 144 20 inkomsterna
737 699 69 20 lemna
822 699 63 26 något
902 698 115 21 öfverskott

202 726 125 27 derutöfver,
345 727 106 20 desamma
466 727 65 26 enligt
545 727 120 21 Utskottets
680 727 55 26 åsigt
749 728 37 19 äro
801 726 65 27 högre
878 728 26 19 än
915 726 26 21 de
951 726 66 22 borde

202 760 57 15 vara.
288 755 111 21 Utskottet
421 754 32 21 får
475 754 82 22 derföre
572 755 107 21 vördsamt
693 754 82 25 föreslå,
791 757 33 18 att
838 754 180 26 Borgareståndet

202 782 68 21 skulle
285 783 32 20 till
332 782 59 22 Hans
406 783 115 26 Kejserliga
535 783 109 27 Majestäts
659 783 48 26 ingå
722 783 47 21 med
785 783 130 26 underdånig
929 783 88 26 petition

204 811 77 25 derom,
305 813 32 19 att
354 811 58 21 Hans
427 811 99 26 Majestät
541 811 6 20 i
563 811 70 22 Nåder
648 811 48 20 ville
711 811 44 21 låta
769 810 111 27 afgifterne
896 811 32 21 för
943 811 75 26 begag-

203 839 79 20 nandet
297 839 22 21 af
332 839 70 22 Saima
416 839 63 21 kanal
495 839 137 22 underkastas
647 839 128 26 granskning
789 839 6 20 i
811 839 35 21 det
861 839 54 27 syfte
930 841 37 22 att,
984 845 34 15 om

204 867 25 20 de
245 867 93 21 befinnas
353 867 70 21 lemna
438 867 115 21 öfverskott
568 867 82 21 utöfver
660 867 54 21 hvad
725 867 32 21 för
768 867 139 21 betäckandet
919 867 22 21 af
947 867 71 21 ofvan-

203 895 91 21 nämnda
318 895 114 21 kostnader
453 897 24 19 är
498 895 107 27 behöfligt,
627 896 24 20 så
671 897 45 19 stor
735 895 134 26 nedsättning
884 895 7 20 i
908 894 109 27 afgifterne

202 923 65 21 måtte
293 923 93 27 beviljas,
409 925 32 19 att
463 923 107 21 desamma
585 924 82 20 komme
683 925 30 19 att
729 923 6 21 i
751 922 117 28 möjligaste
883 924 67 20 måtto
966 925 52 19 mot-

202 956 60 16 svara
278 952 73 20 endast
363 951 64 26 sagde
442 952 110 21 kosnader.

270 996 137 27 Helsingfors,
423 997 39 21 den
479 998 26 20 30
521 997 57 21 Mars
595 998 60 20 1867.

512 1047 22 21 C.
550 1048 27 20 A.
597 1042 116 32 Öhrnberg.

307 1097 60 21 Gust.
384 1098 25 20 A.
426 1097 121 22 Lindblom.
715 1098 70 21 Jakob
802 1098 85 22 Krank.

304 1148 28 20 P.
351 1144 94 32 Östring.
713 1150 27 20 A.
756 1150 22 20 J.
795 1150 120 20 Mustonen.

691 1201 74 20 Sixtus
783 1200 132 21 Calamnius.

572 1267 42 21 N:o
630 1269 19 18 7.

407 1318 188 25 Borgareständets
620 1318 101 20 Enskilda
743 1317 185 21 Besvärsutskotts
947 1318 73 21 betän-

338 1345 68 20 kande
421 1345 6 20 i
443 1345 112 26 anledning
570 1345 23 21 af
605 1344 116 27 föreslagen
736 1345 132 27 underdänig
883 1345 89 26 petition
985 1351 34 16 om

339 1373 129 22 afskaffande
483 1373 23 21 af
519 1373 42 22 alla
572 1373 139 27 exporttullar
721 1375 55 20 samt
785 1373 121 27 isynnerhet
914 1373 26 22 de
948 1373 72 28 skogs-

338 1401 143 27 produkterne
502 1401 88 28 pälagde
613 1401 53 27 tull-,
689 1402 107 26 sägnings-
819 1402 38 21 och
876 1402 143 22 universitets-

339 1429 185 28 fonds-afgifterne.

270 1486 36 21 Uti
329 1488 31 19 ett
383 1486 33 21 vid
434 1486 188 27 Borgareständets
641 1487 155 22 sammanträde
812 1487 39 21 den
870 1488 24 21 18
909 1487 111 22 nästvikne

202 1514 103 22 Februari
326 1514 125 27 föredraget,
475 1514 22 21 af
510 1515 103 22 särskilda
629 1515 46 21 utaf
689 1515 98 22 Ständets
802 1515 136 22 medlemmar
954 1516 65 27 enligt
