<?xml version="1.0" encoding="UTF-8"?>
<alto xmlns="http://www.loc.gov/standards/alto/ns-v3#" xmlns:xlink="http://www.w3.org/1999/xlink" xmlns:xsi="http://www.w3.org/2001/XMLSchema-instance" xsi:schemaLocation="http://www.loc.gov/standards/alto/ns-v3# http://www.loc.gov/alto/v3/alto-3-0.xsd">
	<Description>
		<MeasurementUnit>pixel</MeasurementUnit>
		<sourceImageInformation>
			<fileName>/tmp/tess_ob_s_3ym_input.PNG</fileName>
		</sourceImageInformation>
		<OCRProcessing ID="OCR_0">
			<ocrProcessingStep>
				<processingSoftware>
					<softwareName>tesseract 5.3.4</softwareName>
				</processingSoftware>
			</ocrProcessingStep>
		</OCRProcessing>
	</Description>
	<Layout>
		<Page WIDTH="1086" HEIGHT="1781" PHYSICAL_IMG_NR="0" ID="page_0">
			<PrintSpace HPOS="0" VPOS="0" WIDTH="1086" HEIGHT="1781">
				<ComposedBlock ID="cblock_0" HPOS="223" VPOS="134" WIDTH="574" HEIGHT="26">
					<TextBlock ID="block_0" HPOS="223" VPOS="134" WIDTH="574" HEIGHT="26">
						<TextLine ID="line_0" HPOS="223" VPOS="134" WIDTH="574" HEIGHT="26">
							<String ID="string_0" HPOS="223" VPOS="134" WIDTH="42" HEIGHT="21" WC="0.96" CONTENT="310"/><SP WIDTH="147" VPOS="134" HPOS="265"/>
							<String ID="string_1" HPOS="412" VPOS="138" WIDTH="183" HEIGHT="22" WC="0.91" CONTENT="Borgareståndet."/><SP WIDTH="24" VPOS="138" HPOS="595"/>
							<String ID="string_2" HPOS="619" VPOS="138" WIDTH="55" HEIGHT="18" WC="0.86" CONTENT="1887."/><SP WIDTH="23" VPOS="138" HPOS="674"/>
							<String ID="string_3" HPOS="697" VPOS="138" WIDTH="26" HEIGHT="17" WC="0.95" CONTENT="26"/><SP WIDTH="12" VPOS="138" HPOS="723"/>
							<String ID="string_4" HPOS="735" VPOS="138" WIDTH="62" HEIGHT="17" WC="0.96" CONTENT="Mars."/>
						</TextLine>
					</TextBlock>
				</ComposedBlock>
				<GraphicalElement ID="cblock_1" HPOS="196" VPOS="178" WIDTH="816" HEIGHT="6"></GraphicalElement >
				<ComposedBlock ID="cblock_2" HPOS="194" VPOS="222" WIDTH="818" HEIGHT="142">
					<TextBlock ID="block_1" HPOS="194" VPOS="222" WIDTH="818" HEIGHT="142">
						<TextLine ID="line_1" HPOS="194" VPOS="222" WIDTH="818" HEIGHT="28">
							<String ID="string_5" HPOS="194" VPOS="223" WIDTH="34" HEIGHT="22" WC="0.94" CONTENT="till"/><SP WIDTH="25" VPOS="223" HPOS="228"/>
							<String ID="string_6" HPOS="253" VPOS="223" WIDTH="85" HEIGHT="26" WC="0.95" CONTENT="ledning"/><SP WIDTH="21" VPOS="223" HPOS="338"/>
							<String ID="string_7" HPOS="359" VPOS="223" WIDTH="7" HEIGHT="21" WC="0.96" CONTENT="i"/><SP WIDTH="23" VPOS="223" HPOS="366"/>
							<String ID="string_8" HPOS="389" VPOS="223" WIDTH="59" HEIGHT="21" WC="0.93" CONTENT="detta"/><SP WIDTH="22" VPOS="223" HPOS="448"/>
							<String ID="string_9" HPOS="470" VPOS="223" WIDTH="107" HEIGHT="21" WC="0.92" CONTENT="afseendet"/><SP WIDTH="22" VPOS="223" HPOS="577"/>
							<String ID="string_10" HPOS="599" VPOS="223" WIDTH="46" HEIGHT="21" WC="0.96" CONTENT="icke"/><SP WIDTH="22" VPOS="223" HPOS="645"/>
							<String ID="string_11" HPOS="667" VPOS="223" WIDTH="39" HEIGHT="21" WC="0.89" CONTENT="har"/><SP WIDTH="23" VPOS="223" HPOS="706"/>
							<String ID="string_12" HPOS="729" VPOS="222" WIDTH="90" HEIGHT="28" WC="0.89" CONTENT="tillgjort"/><SP WIDTH="17" VPOS="222" HPOS="819"/>
							<String ID="string_13" HPOS="836" VPOS="223" WIDTH="71" HEIGHT="26" WC="0.96" CONTENT="något,"/><SP WIDTH="17" VPOS="223" HPOS="907"/>
							<String ID="string_14" HPOS="924" VPOS="223" WIDTH="23" HEIGHT="21" WC="0.96" CONTENT="så"/><SP WIDTH="15" VPOS="223" HPOS="947"/>
							<String ID="string_15" HPOS="962" VPOS="229" WIDTH="50" HEIGHT="18" WC="0.96" CONTENT="vore"/>
						</TextLine>
						<TextLine ID="line_2" HPOS="195" VPOS="251" WIDTH="815" HEIGHT="27">
							<String ID="string_16" HPOS="195" VPOS="252" WIDTH="62" HEIGHT="22" WC="0.96" CONTENT="äfven"/><SP WIDTH="20" VPOS="252" HPOS="257"/>
							<String ID="string_17" HPOS="277" VPOS="252" WIDTH="37" HEIGHT="26" WC="0.96" CONTENT="jag"/><SP WIDTH="15" VPOS="252" HPOS="314"/>
							<String ID="string_18" HPOS="329" VPOS="251" WIDTH="32" HEIGHT="22" WC="0.96" CONTENT="för"/><SP WIDTH="15" VPOS="251" HPOS="361"/>
							<String ID="string_19" HPOS="376" VPOS="251" WIDTH="43" HEIGHT="22" WC="0.96" CONTENT="min"/><SP WIDTH="15" VPOS="251" HPOS="419"/>
							<String ID="string_20" HPOS="434" VPOS="252" WIDTH="34" HEIGHT="21" WC="0.96" CONTENT="del"/><SP WIDTH="14" VPOS="252" HPOS="468"/>
							<String ID="string_21" HPOS="482" VPOS="252" WIDTH="51" HEIGHT="26" WC="0.97" CONTENT="böjd"/><SP WIDTH="15" VPOS="252" HPOS="533"/>
							<String ID="string_22" HPOS="548" VPOS="253" WIDTH="32" HEIGHT="19" WC="0.96" CONTENT="att"/><SP WIDTH="15" VPOS="253" HPOS="580"/>
							<String ID="string_23" HPOS="595" VPOS="252" WIDTH="83" HEIGHT="24" WC="0.96" CONTENT="föreslå,"/><SP WIDTH="17" VPOS="252" HPOS="678"/>
							<String ID="string_24" HPOS="695" VPOS="252" WIDTH="36" HEIGHT="20" WC="0.96" CONTENT="det"/><SP WIDTH="14" VPOS="252" HPOS="731"/>
							<String ID="string_25" HPOS="745" VPOS="251" WIDTH="116" HEIGHT="22" WC="0.96" CONTENT="utskottets"/><SP WIDTH="15" VPOS="251" HPOS="861"/>
							<String ID="string_26" HPOS="876" VPOS="252" WIDTH="134" HEIGHT="22" WC="0.92" CONTENT="betänkande"/>
						</TextLine>
						<TextLine ID="line_3" HPOS="195" VPOS="280" WIDTH="817" HEIGHT="26">
							<String ID="string_27" HPOS="195" VPOS="280" WIDTH="48" HEIGHT="22" WC="0.96" CONTENT="icke"/><SP WIDTH="15" VPOS="280" HPOS="243"/>
							<String ID="string_28" HPOS="258" VPOS="281" WIDTH="68" HEIGHT="21" WC="0.93" CONTENT="skulle"/><SP WIDTH="16" VPOS="281" HPOS="326"/>
							<String ID="string_29" HPOS="342" VPOS="282" WIDTH="94" HEIGHT="24" WC="0.90" CONTENT="antagas."/><SP WIDTH="30" VPOS="282" HPOS="436"/>
							<String ID="string_30" HPOS="466" VPOS="280" WIDTH="61" HEIGHT="21" WC="0.93" CONTENT="Hade"/><SP WIDTH="10" VPOS="280" HPOS="527"/>
							<String ID="string_31" HPOS="537" VPOS="280" WIDTH="180" HEIGHT="26" WC="0.92" CONTENT="Borgareständet"/><SP WIDTH="10" VPOS="280" HPOS="717"/>
							<String ID="string_32" HPOS="727" VPOS="280" WIDTH="90" HEIGHT="21" WC="0.92" CONTENT="allenast"/><SP WIDTH="11" VPOS="280" HPOS="817"/>
							<String ID="string_33" HPOS="828" VPOS="280" WIDTH="77" HEIGHT="22" WC="0.92" CONTENT="önskat"/><SP WIDTH="12" VPOS="280" HPOS="905"/>
							<String ID="string_34" HPOS="917" VPOS="281" WIDTH="95" HEIGHT="21" WC="0.92" CONTENT="inhemta"/>
						</TextLine>
						<TextLine ID="line_4" HPOS="195" VPOS="308" WIDTH="816" HEIGHT="27">
							<String ID="string_35" HPOS="195" VPOS="309" WIDTH="116" HEIGHT="21" WC="0.93" CONTENT="utskottets"/><SP WIDTH="23" VPOS="309" HPOS="311"/>
							<String ID="string_36" HPOS="334" VPOS="308" WIDTH="54" HEIGHT="27" WC="0.91" CONTENT="åsigt"/><SP WIDTH="16" VPOS="308" HPOS="388"/>
							<String ID="string_37" HPOS="404" VPOS="309" WIDTH="8" HEIGHT="21" WC="0.96" CONTENT="i"/><SP WIDTH="15" VPOS="309" HPOS="412"/>
							<String ID="string_38" HPOS="427" VPOS="311" WIDTH="79" HEIGHT="23" WC="0.96" CONTENT="ämnet,"/><SP WIDTH="15" VPOS="311" HPOS="506"/>
							<String ID="string_39" HPOS="521" VPOS="311" WIDTH="51" HEIGHT="19" WC="0.96" CONTENT="utan"/><SP WIDTH="15" VPOS="311" HPOS="572"/>
							<String ID="string_40" HPOS="587" VPOS="311" WIDTH="33" HEIGHT="19" WC="0.96" CONTENT="att"/><SP WIDTH="14" VPOS="311" HPOS="620"/>
							<String ID="string_41" HPOS="634" VPOS="308" WIDTH="21" HEIGHT="21" WC="0.96" CONTENT="få"/><SP WIDTH="15" VPOS="308" HPOS="655"/>
							<String ID="string_42" HPOS="670" VPOS="308" WIDTH="69" HEIGHT="27" WC="0.96" CONTENT="någon"/><SP WIDTH="15" VPOS="308" HPOS="739"/>
							<String ID="string_43" HPOS="754" VPOS="309" WIDTH="119" HEIGHT="21" WC="0.96" CONTENT="kännedom"/><SP WIDTH="16" VPOS="309" HPOS="873"/>
							<String ID="string_44" HPOS="889" VPOS="315" WIDTH="33" HEIGHT="15" WC="0.95" CONTENT="om"/><SP WIDTH="15" VPOS="315" HPOS="922"/>
							<String ID="string_45" HPOS="937" VPOS="310" WIDTH="74" HEIGHT="21" WC="0.96" CONTENT="skälen"/>
						</TextLine>
						<TextLine ID="line_5" HPOS="195" VPOS="336" WIDTH="646" HEIGHT="28">
							<String ID="string_46" HPOS="195" VPOS="338" WIDTH="80" HEIGHT="25" WC="0.96" CONTENT="derför,"/><SP WIDTH="16" VPOS="338" HPOS="275"/>
							<String ID="string_47" HPOS="291" VPOS="338" WIDTH="27" HEIGHT="20" WC="0.96" CONTENT="då"/><SP WIDTH="15" VPOS="338" HPOS="318"/>
							<String ID="string_48" HPOS="333" VPOS="337" WIDTH="54" HEIGHT="21" WC="0.96" CONTENT="hade"/><SP WIDTH="15" VPOS="337" HPOS="387"/>
							<String ID="string_49" HPOS="402" VPOS="337" WIDTH="144" HEIGHT="21" WC="0.96" CONTENT="betänkandet"/><SP WIDTH="15" VPOS="337" HPOS="546"/>
							<String ID="string_50" HPOS="561" VPOS="338" WIDTH="55" HEIGHT="20" WC="0.96" CONTENT="varit"/><SP WIDTH="15" VPOS="338" HPOS="616"/>
							<String ID="string_51" HPOS="631" VPOS="337" WIDTH="7" HEIGHT="21" WC="0.93" CONTENT="i"/><SP WIDTH="15" VPOS="337" HPOS="638"/>
							<String ID="string_52" HPOS="653" VPOS="337" WIDTH="41" HEIGHT="21" WC="0.92" CONTENT="allo"/><SP WIDTH="16" VPOS="337" HPOS="694"/>
							<String ID="string_53" HPOS="710" VPOS="336" WIDTH="131" HEIGHT="28" WC="0.96" CONTENT="tillräckligt."/>
						</TextLine>
					</TextBlock>
				</ComposedBlock>
				<ComposedBlock ID="cblock_3" HPOS="192" VPOS="390" WIDTH="820" HEIGHT="481">
					<TextBlock ID="block_2" HPOS="192" VPOS="390" WIDTH="820" HEIGHT="481">
						<TextLine ID="line_6" HPOS="264" VPOS="390" WIDTH="748" HEIGHT="31">
							<String ID="string_54" HPOS="264" VPOS="394" WIDTH="55" HEIGHT="22" WC="0.92" CONTENT="Herr"/><SP WIDTH="22" VPOS="394" HPOS="319"/>
							<String ID="string_55" HPOS="341" VPOS="390" WIDTH="122" HEIGHT="31" WC="0.91" CONTENT="Östring:"/><SP WIDTH="28" VPOS="390" HPOS="463"/>
							<String ID="string_56" HPOS="491" VPOS="394" WIDTH="37" HEIGHT="27" WC="0.96" CONTENT="jag"/><SP WIDTH="14" VPOS="394" HPOS="528"/>
							<String ID="string_57" HPOS="542" VPOS="394" WIDTH="43" HEIGHT="21" WC="0.96" CONTENT="kan"/><SP WIDTH="14" VPOS="394" HPOS="585"/>
							<String ID="string_58" HPOS="599" VPOS="394" WIDTH="46" HEIGHT="21" WC="0.96" CONTENT="icke"/><SP WIDTH="16" VPOS="394" HPOS="645"/>
							<String ID="string_59" HPOS="661" VPOS="394" WIDTH="61" HEIGHT="26" WC="0.96" CONTENT="fatta,"/><SP WIDTH="15" VPOS="394" HPOS="722"/>
							<String ID="string_60" HPOS="737" VPOS="395" WIDTH="33" HEIGHT="20" WC="0.96" CONTENT="att"/><SP WIDTH="14" VPOS="395" HPOS="770"/>
							<String ID="string_61" HPOS="784" VPOS="394" WIDTH="40" HEIGHT="21" WC="0.96" CONTENT="här"/><SP WIDTH="14" VPOS="394" HPOS="824"/>
							<String ID="string_62" HPOS="838" VPOS="400" WIDTH="51" HEIGHT="16" WC="0.96" CONTENT="vore"/><SP WIDTH="15" VPOS="400" HPOS="889"/>
							<String ID="string_63" HPOS="904" VPOS="394" WIDTH="59" HEIGHT="27" WC="0.96" CONTENT="fråga"/><SP WIDTH="15" VPOS="394" HPOS="963"/>
							<String ID="string_64" HPOS="978" VPOS="401" WIDTH="34" HEIGHT="15" WC="0.96" CONTENT="om"/>
						</TextLine>
						<TextLine ID="line_7" HPOS="193" VPOS="422" WIDTH="818" HEIGHT="28">
							<String ID="string_65" HPOS="193" VPOS="424" WIDTH="33" HEIGHT="20" WC="0.93" CONTENT="att"/><SP WIDTH="23" VPOS="424" HPOS="226"/>
							<String ID="string_66" HPOS="249" VPOS="423" WIDTH="78" HEIGHT="27" WC="0.92" CONTENT="afgöra,"/><SP WIDTH="23" VPOS="423" HPOS="327"/>
							<String ID="string_67" HPOS="350" VPOS="422" WIDTH="104" HEIGHT="22" WC="0.96" CONTENT="huruvida"/><SP WIDTH="22" VPOS="422" HPOS="454"/>
							<String ID="string_68" HPOS="476" VPOS="423" WIDTH="115" HEIGHT="21" WC="0.95" CONTENT="utskottets"/><SP WIDTH="25" VPOS="423" HPOS="591"/>
							<String ID="string_69" HPOS="616" VPOS="422" WIDTH="132" HEIGHT="22" WC="0.95" CONTENT="betänkande"/><SP WIDTH="25" VPOS="422" HPOS="748"/>
							<String ID="string_70" HPOS="773" VPOS="424" WIDTH="24" HEIGHT="20" WC="0.95" CONTENT="är"/><SP WIDTH="18" VPOS="424" HPOS="797"/>
							<String ID="string_71" HPOS="815" VPOS="423" WIDTH="49" HEIGHT="21" WC="0.95" CONTENT="kort"/><SP WIDTH="16" VPOS="423" HPOS="864"/>
							<String ID="string_72" HPOS="880" VPOS="423" WIDTH="51" HEIGHT="21" WC="0.96" CONTENT="eller"/><SP WIDTH="15" VPOS="423" HPOS="931"/>
							<String ID="string_73" HPOS="946" VPOS="423" WIDTH="65" HEIGHT="27" WC="0.96" CONTENT="långt."/>
						</TextLine>
						<TextLine ID="line_8" HPOS="193" VPOS="451" WIDTH="819" HEIGHT="27">
							<String ID="string_74" HPOS="193" VPOS="451" WIDTH="74" HEIGHT="27" WC="0.96" CONTENT="Enligt"/><SP WIDTH="22" VPOS="451" HPOS="267"/>
							<String ID="string_75" HPOS="289" VPOS="452" WIDTH="44" HEIGHT="20" WC="0.96" CONTENT="min"/><SP WIDTH="22" VPOS="452" HPOS="333"/>
							<String ID="string_76" HPOS="355" VPOS="451" WIDTH="134" HEIGHT="27" WC="0.96" CONTENT="uppfattning"/><SP WIDTH="19" VPOS="451" HPOS="489"/>
							<String ID="string_77" HPOS="508" VPOS="452" WIDTH="67" HEIGHT="26" WC="0.96" CONTENT="gäller"/><SP WIDTH="22" VPOS="452" HPOS="575"/>
							<String ID="string_78" HPOS="597" VPOS="451" WIDTH="35" HEIGHT="21" WC="0.96" CONTENT="det"/><SP WIDTH="22" VPOS="451" HPOS="632"/>
							<String ID="string_79" HPOS="654" VPOS="453" WIDTH="33" HEIGHT="19" WC="0.96" CONTENT="att"/><SP WIDTH="19" VPOS="453" HPOS="687"/>
							<String ID="string_80" HPOS="706" VPOS="451" WIDTH="124" HEIGHT="26" WC="0.95" CONTENT="bestämma,"/><SP WIDTH="23" VPOS="451" HPOS="830"/>
							<String ID="string_81" HPOS="853" VPOS="457" WIDTH="34" HEIGHT="15" WC="0.96" CONTENT="om"/><SP WIDTH="18" VPOS="457" HPOS="887"/>
							<String ID="string_82" HPOS="905" VPOS="458" WIDTH="25" HEIGHT="14" WC="0.96" CONTENT="en"/><SP WIDTH="16" VPOS="458" HPOS="930"/>
							<String ID="string_83" HPOS="946" VPOS="452" WIDTH="66" HEIGHT="21" WC="0.96" CONTENT="sådan"/>
						</TextLine>
						<TextLine ID="line_9" HPOS="193" VPOS="479" WIDTH="818" HEIGHT="28">
							<String ID="string_84" HPOS="193" VPOS="480" WIDTH="66" HEIGHT="26" WC="0.95" CONTENT="skatt,"/><SP WIDTH="16" VPOS="480" HPOS="259"/>
							<String ID="string_85" HPOS="275" VPOS="486" WIDTH="45" HEIGHT="15" WC="0.96" CONTENT="som"/><SP WIDTH="15" VPOS="486" HPOS="320"/>
							<String ID="string_86" HPOS="335" VPOS="480" WIDTH="41" HEIGHT="21" WC="0.93" CONTENT="den"/><SP WIDTH="14" VPOS="480" HPOS="376"/>
							<String ID="string_87" HPOS="390" VPOS="479" WIDTH="152" HEIGHT="27" WC="0.88" CONTENT="ifrägakomna,"/><SP WIDTH="17" VPOS="479" HPOS="542"/>
							<String ID="string_88" HPOS="559" VPOS="480" WIDTH="36" HEIGHT="21" WC="0.96" CONTENT="det"/><SP WIDTH="14" VPOS="480" HPOS="595"/>
							<String ID="string_89" HPOS="609" VPOS="480" WIDTH="36" HEIGHT="20" WC="0.96" CONTENT="vill"/><SP WIDTH="16" VPOS="480" HPOS="645"/>
							<String ID="string_90" HPOS="661" VPOS="481" WIDTH="51" HEIGHT="25" WC="0.96" CONTENT="säga"/><SP WIDTH="14" VPOS="481" HPOS="712"/>
							<String ID="string_91" HPOS="726" VPOS="486" WIDTH="26" HEIGHT="15" WC="0.96" CONTENT="en"/><SP WIDTH="18" VPOS="486" HPOS="752"/>
							<String ID="string_92" HPOS="770" VPOS="480" WIDTH="91" HEIGHT="27" WC="0.93" CONTENT="egentlig"/><SP WIDTH="16" VPOS="480" HPOS="861"/>
							<String ID="string_93" HPOS="877" VPOS="480" WIDTH="134" HEIGHT="27" WC="0.93" CONTENT="grundskatt,"/>
						</TextLine>
						<TextLine ID="line_10" HPOS="193" VPOS="508" WIDTH="819" HEIGHT="28">
							<String ID="string_94" HPOS="193" VPOS="508" WIDTH="42" HEIGHT="22" WC="0.96" CONTENT="bör"/><SP WIDTH="22" VPOS="508" HPOS="235"/>
							<String ID="string_95" HPOS="257" VPOS="508" WIDTH="53" HEIGHT="22" WC="0.96" CONTENT="efter"/><SP WIDTH="22" VPOS="508" HPOS="310"/>
							<String ID="string_96" HPOS="332" VPOS="508" WIDTH="208" HEIGHT="26" WC="0.96" CONTENT="omständigheterna"/><SP WIDTH="22" VPOS="508" HPOS="540"/>
							<String ID="string_97" HPOS="562" VPOS="508" WIDTH="111" HEIGHT="21" WC="0.96" CONTENT="förändras"/><SP WIDTH="23" VPOS="508" HPOS="673"/>
							<String ID="string_98" HPOS="696" VPOS="508" WIDTH="52" HEIGHT="22" WC="0.95" CONTENT="eller"/><SP WIDTH="15" VPOS="508" HPOS="748"/>
							<String ID="string_99" HPOS="763" VPOS="508" WIDTH="46" HEIGHT="22" WC="0.96" CONTENT="icke"/><SP WIDTH="15" VPOS="508" HPOS="809"/>
							<String ID="string_100" HPOS="824" VPOS="508" WIDTH="118" HEIGHT="22" WC="0.72" CONTENT="förändras."/><SP WIDTH="29" VPOS="508" HPOS="942"/>
							<String ID="string_101" HPOS="971" VPOS="508" WIDTH="41" HEIGHT="28" WC="0.96" CONTENT="Jag"/>
						</TextLine>
						<TextLine ID="line_11" HPOS="193" VPOS="536" WIDTH="818" HEIGHT="28">
							<String ID="string_102" HPOS="193" VPOS="537" WIDTH="68" HEIGHT="21" WC="0.96" CONTENT="måste"/><SP WIDTH="17" VPOS="537" HPOS="261"/>
							<String ID="string_103" HPOS="278" VPOS="536" WIDTH="97" HEIGHT="22" WC="0.96" CONTENT="bekänna"/><SP WIDTH="19" VPOS="536" HPOS="375"/>
							<String ID="string_104" HPOS="394" VPOS="538" WIDTH="32" HEIGHT="20" WC="0.96" CONTENT="att"/><SP WIDTH="13" VPOS="538" HPOS="426"/>
							<String ID="string_105" HPOS="439" VPOS="537" WIDTH="36" HEIGHT="26" WC="0.96" CONTENT="jag"/><SP WIDTH="15" VPOS="537" HPOS="475"/>
							<String ID="string_106" HPOS="490" VPOS="537" WIDTH="73" HEIGHT="21" WC="0.96" CONTENT="tillhör"/><SP WIDTH="15" VPOS="537" HPOS="563"/>
							<String ID="string_107" HPOS="578" VPOS="537" WIDTH="53" HEIGHT="25" WC="0.96" CONTENT="dem,"/><SP WIDTH="18" VPOS="537" HPOS="631"/>
							<String ID="string_108" HPOS="649" VPOS="536" WIDTH="71" HEIGHT="22" WC="0.96" CONTENT="hvilka"/><SP WIDTH="15" VPOS="536" HPOS="720"/>
							<String ID="string_109" HPOS="735" VPOS="543" WIDTH="50" HEIGHT="15" WC="0.93" CONTENT="anse"/><SP WIDTH="16" VPOS="543" HPOS="785"/>
							<String ID="string_110" HPOS="801" VPOS="537" WIDTH="154" HEIGHT="27" WC="0.92" CONTENT="grundskatten"/><SP WIDTH="10" VPOS="537" HPOS="955"/>
							<String ID="string_111" HPOS="965" VPOS="537" WIDTH="46" HEIGHT="22" WC="0.96" CONTENT="icke"/>
						</TextLine>
						<TextLine ID="line_12" HPOS="192" VPOS="565" WIDTH="820" HEIGHT="27">
							<String ID="string_112" HPOS="192" VPOS="565" WIDTH="55" HEIGHT="21" WC="0.96" CONTENT="böra"/><SP WIDTH="20" VPOS="565" HPOS="247"/>
							<String ID="string_113" HPOS="267" VPOS="565" WIDTH="95" HEIGHT="27" WC="0.96" CONTENT="undergå"/><SP WIDTH="22" VPOS="565" HPOS="362"/>
							<String ID="string_114" HPOS="384" VPOS="565" WIDTH="123" HEIGHT="27" WC="0.96" CONTENT="förändring"/><SP WIDTH="15" VPOS="565" HPOS="507"/>
							<String ID="string_115" HPOS="522" VPOS="566" WIDTH="51" HEIGHT="21" WC="0.93" CONTENT="eller"/><SP WIDTH="13" VPOS="566" HPOS="573"/>
							<String ID="string_116" HPOS="586" VPOS="565" WIDTH="114" HEIGHT="27" WC="0.92" CONTENT="jemkning."/><SP WIDTH="30" VPOS="565" HPOS="700"/>
							<String ID="string_117" HPOS="730" VPOS="566" WIDTH="55" HEIGHT="20" WC="0.84" CONTENT="Herr"/><SP WIDTH="16" VPOS="566" HPOS="785"/>
							<String ID="string_118" HPOS="801" VPOS="566" WIDTH="70" HEIGHT="26" WC="0.96" CONTENT="Bergh"/><SP WIDTH="15" VPOS="566" HPOS="871"/>
							<String ID="string_119" HPOS="886" VPOS="566" WIDTH="40" HEIGHT="21" WC="0.96" CONTENT="har"/><SP WIDTH="14" VPOS="566" HPOS="926"/>
							<String ID="string_120" HPOS="940" VPOS="566" WIDTH="72" HEIGHT="22" WC="0.96" CONTENT="anfört"/>
						</TextLine>
						<TextLine ID="line_13" HPOS="194" VPOS="594" WIDTH="817" HEIGHT="28">
							<String ID="string_121" HPOS="194" VPOS="594" WIDTH="69" HEIGHT="22" WC="0.96" CONTENT="såsom"/><SP WIDTH="16" VPOS="594" HPOS="263"/>
							<String ID="string_122" HPOS="279" VPOS="594" WIDTH="46" HEIGHT="22" WC="0.96" CONTENT="skäl"/><SP WIDTH="16" VPOS="594" HPOS="325"/>
							<String ID="string_123" HPOS="341" VPOS="594" WIDTH="32" HEIGHT="21" WC="0.93" CONTENT="för"/><SP WIDTH="15" VPOS="594" HPOS="373"/>
							<String ID="string_124" HPOS="388" VPOS="594" WIDTH="68" HEIGHT="26" WC="0.90" CONTENT="afslag"/><SP WIDTH="15" VPOS="594" HPOS="456"/>
							<String ID="string_125" HPOS="471" VPOS="594" WIDTH="12" HEIGHT="21" WC="0.93" CONTENT="å"/><SP WIDTH="15" VPOS="594" HPOS="483"/>
							<String ID="string_126" HPOS="498" VPOS="594" WIDTH="163" HEIGHT="27" WC="0.95" CONTENT="propositionen,"/><SP WIDTH="16" VPOS="594" HPOS="661"/>
							<String ID="string_127" HPOS="677" VPOS="595" WIDTH="33" HEIGHT="20" WC="0.96" CONTENT="att"/><SP WIDTH="15" VPOS="595" HPOS="710"/>
							<String ID="string_128" HPOS="725" VPOS="594" WIDTH="36" HEIGHT="21" WC="0.96" CONTENT="det"/><SP WIDTH="12" VPOS="594" HPOS="761"/>
							<String ID="string_129" HPOS="773" VPOS="594" WIDTH="97" HEIGHT="27" WC="0.96" CONTENT="utgjorde"/><SP WIDTH="11" VPOS="594" HPOS="870"/>
							<String ID="string_130" HPOS="881" VPOS="596" WIDTH="31" HEIGHT="20" WC="0.96" CONTENT="ett"/><SP WIDTH="11" VPOS="596" HPOS="912"/>
							<String ID="string_131" HPOS="923" VPOS="595" WIDTH="88" HEIGHT="27" WC="0.95" CONTENT="ingrepp"/>
						</TextLine>
						<TextLine ID="line_14" HPOS="194" VPOS="622" WIDTH="818" HEIGHT="28">
							<String ID="string_132" HPOS="194" VPOS="623" WIDTH="7" HEIGHT="20" WC="0.96" CONTENT="i"/><SP WIDTH="18" VPOS="623" HPOS="201"/>
							<String ID="string_133" HPOS="219" VPOS="623" WIDTH="158" HEIGHT="26" WC="0.94" CONTENT="äganderätten."/><SP WIDTH="24" VPOS="623" HPOS="377"/>
							<String ID="string_134" HPOS="401" VPOS="622" WIDTH="48" HEIGHT="21" WC="0.95" CONTENT="Men"/><SP WIDTH="16" VPOS="622" HPOS="449"/>
							<String ID="string_135" HPOS="465" VPOS="623" WIDTH="39" HEIGHT="21" WC="0.96" CONTENT="här"/><SP WIDTH="15" VPOS="623" HPOS="504"/>
							<String ID="string_136" HPOS="519" VPOS="625" WIDTH="24" HEIGHT="18" WC="0.96" CONTENT="är"/><SP WIDTH="14" VPOS="625" HPOS="543"/>
							<String ID="string_137" HPOS="557" VPOS="622" WIDTH="60" HEIGHT="26" WC="0.96" CONTENT="fråga"/><SP WIDTH="16" VPOS="622" HPOS="617"/>
							<String ID="string_138" HPOS="633" VPOS="629" WIDTH="33" HEIGHT="14" WC="0.95" CONTENT="om"/><SP WIDTH="16" VPOS="629" HPOS="666"/>
							<String ID="string_139" HPOS="682" VPOS="623" WIDTH="91" HEIGHT="26" WC="0.96" CONTENT="skatten,"/><SP WIDTH="22" VPOS="623" HPOS="773"/>
							<String ID="string_140" HPOS="795" VPOS="630" WIDTH="46" HEIGHT="14" WC="0.96" CONTENT="som"/><SP WIDTH="15" VPOS="630" HPOS="841"/>
							<String ID="string_141" HPOS="856" VPOS="624" WIDTH="7" HEIGHT="20" WC="0.96" CONTENT="i"/><SP WIDTH="16" VPOS="624" HPOS="863"/>
							<String ID="string_142" HPOS="879" VPOS="624" WIDTH="39" HEIGHT="20" WC="0.96" CONTENT="och"/><SP WIDTH="14" VPOS="624" HPOS="918"/>
							<String ID="string_143" HPOS="932" VPOS="624" WIDTH="34" HEIGHT="20" WC="0.96" CONTENT="för"/><SP WIDTH="14" VPOS="624" HPOS="966"/>
							<String ID="string_144" HPOS="980" VPOS="624" WIDTH="32" HEIGHT="26" WC="0.96" CONTENT="sig"/>
						</TextLine>
						<TextLine ID="line_15" HPOS="193" VPOS="651" WIDTH="819" HEIGHT="28">
							<String ID="string_145" HPOS="193" VPOS="651" WIDTH="50" HEIGHT="26" WC="0.96" CONTENT="sjelf"/><SP WIDTH="14" VPOS="651" HPOS="243"/>
							<String ID="string_146" HPOS="257" VPOS="651" WIDTH="65" HEIGHT="21" WC="0.96" CONTENT="under"/><SP WIDTH="15" VPOS="651" HPOS="322"/>
							<String ID="string_147" HPOS="337" VPOS="651" WIDTH="95" HEIGHT="21" WC="0.96" CONTENT="tidernas"/><SP WIDTH="14" VPOS="651" HPOS="432"/>
							<String ID="string_148" HPOS="446" VPOS="651" WIDTH="50" HEIGHT="26" WC="0.93" CONTENT="lopp"/><SP WIDTH="16" VPOS="651" HPOS="496"/>
							<String ID="string_149" HPOS="512" VPOS="651" WIDTH="114" HEIGHT="27" WC="0.92" CONTENT="undergått"/><SP WIDTH="15" VPOS="651" HPOS="626"/>
							<String ID="string_150" HPOS="641" VPOS="651" WIDTH="102" HEIGHT="26" WC="0.96" CONTENT="väsentlig"/><SP WIDTH="10" VPOS="651" HPOS="743"/>
							<String ID="string_151" HPOS="753" VPOS="651" WIDTH="130" HEIGHT="27" WC="0.96" CONTENT="förändring."/><SP WIDTH="16" VPOS="651" HPOS="883"/>
							<String ID="string_152" HPOS="899" VPOS="652" WIDTH="33" HEIGHT="20" WC="0.96" CONTENT="En"/><SP WIDTH="12" VPOS="652" HPOS="932"/>
							<String ID="string_153" HPOS="944" VPOS="651" WIDTH="68" HEIGHT="28" WC="0.96" CONTENT="kyrka"/>
						</TextLine>
						<TextLine ID="line_16" HPOS="192" VPOS="679" WIDTH="820" HEIGHT="28">
							<String ID="string_154" HPOS="192" VPOS="679" WIDTH="72" HEIGHT="21" WC="0.96" CONTENT="kunde"/><SP WIDTH="15" VPOS="679" HPOS="264"/>
							<String ID="string_155" HPOS="279" VPOS="679" WIDTH="82" HEIGHT="22" WC="0.96" CONTENT="fordom"/><SP WIDTH="15" VPOS="679" HPOS="361"/>
							<String ID="string_156" HPOS="376" VPOS="679" WIDTH="80" HEIGHT="27" WC="0.96" CONTENT="byggas"/><SP WIDTH="15" VPOS="679" HPOS="456"/>
							<String ID="string_157" HPOS="471" VPOS="679" WIDTH="33" HEIGHT="21" WC="0.96" CONTENT="för"/><SP WIDTH="16" VPOS="679" HPOS="504"/>
							<String ID="string_158" HPOS="520" VPOS="679" WIDTH="66" HEIGHT="28" WC="0.96" CONTENT="några"/><SP WIDTH="14" VPOS="679" HPOS="586"/>
							<String ID="string_159" HPOS="600" VPOS="679" WIDTH="83" HEIGHT="21" WC="0.96" CONTENT="hundra"/><SP WIDTH="14" VPOS="679" HPOS="683"/>
							<String ID="string_160" HPOS="697" VPOS="680" WIDTH="67" HEIGHT="24" WC="0.96" CONTENT="mark,"/><SP WIDTH="17" VPOS="680" HPOS="764"/>
							<String ID="string_161" HPOS="781" VPOS="680" WIDTH="27" HEIGHT="21" WC="0.96" CONTENT="då"/><SP WIDTH="15" VPOS="680" HPOS="808"/>
							<String ID="string_162" HPOS="823" VPOS="680" WIDTH="40" HEIGHT="21" WC="0.96" CONTENT="den"/><SP WIDTH="15" VPOS="680" HPOS="863"/>
							<String ID="string_163" HPOS="878" VPOS="686" WIDTH="28" HEIGHT="15" WC="0.92" CONTENT="nu"/><SP WIDTH="11" VPOS="686" HPOS="906"/>
							<String ID="string_164" HPOS="917" VPOS="681" WIDTH="95" HEIGHT="20" WC="0.91" CONTENT="deremot"/>
						</TextLine>
						<TextLine ID="line_17" HPOS="192" VPOS="707" WIDTH="820" HEIGHT="28">
							<String ID="string_165" HPOS="192" VPOS="707" WIDTH="47" HEIGHT="22" WC="0.96" CONTENT="icke"/><SP WIDTH="22" VPOS="707" HPOS="239"/>
							<String ID="string_166" HPOS="261" VPOS="708" WIDTH="42" HEIGHT="21" WC="0.96" CONTENT="kan"/><SP WIDTH="22" VPOS="708" HPOS="303"/>
							<String ID="string_167" HPOS="325" VPOS="707" WIDTH="101" HEIGHT="28" WC="0.96" CONTENT="uppföras"/><SP WIDTH="23" VPOS="707" HPOS="426"/>
							<String ID="string_168" HPOS="449" VPOS="714" WIDTH="36" HEIGHT="15" WC="0.96" CONTENT="ens"/><SP WIDTH="23" VPOS="714" HPOS="485"/>
							<String ID="string_169" HPOS="508" VPOS="708" WIDTH="33" HEIGHT="21" WC="0.96" CONTENT="för"/><SP WIDTH="21" VPOS="708" HPOS="541"/>
							<String ID="string_170" HPOS="562" VPOS="708" WIDTH="67" HEIGHT="26" WC="0.96" CONTENT="några"/><SP WIDTH="24" VPOS="708" HPOS="629"/>
							<String ID="string_171" HPOS="653" VPOS="711" WIDTH="61" HEIGHT="18" WC="0.96" CONTENT="tusen"/><SP WIDTH="22" VPOS="711" HPOS="714"/>
							<String ID="string_172" HPOS="736" VPOS="708" WIDTH="68" HEIGHT="21" WC="0.95" CONTENT="mark."/><SP WIDTH="30" VPOS="708" HPOS="804"/>
							<String ID="string_173" HPOS="834" VPOS="708" WIDTH="86" HEIGHT="21" WC="0.84" CONTENT="Således"/><SP WIDTH="16" VPOS="708" HPOS="920"/>
							<String ID="string_174" HPOS="936" VPOS="710" WIDTH="24" HEIGHT="19" WC="0.96" CONTENT="är"/><SP WIDTH="16" VPOS="710" HPOS="960"/>
							<String ID="string_175" HPOS="976" VPOS="709" WIDTH="36" HEIGHT="21" WC="0.96" CONTENT="det"/>
						</TextLine>
						<TextLine ID="line_18" HPOS="193" VPOS="736" WIDTH="819" HEIGHT="27">
							<String ID="string_176" HPOS="193" VPOS="736" WIDTH="74" HEIGHT="26" WC="0.96" CONTENT="sjelfva"/><SP WIDTH="14" VPOS="736" HPOS="267"/>
							<String ID="string_177" HPOS="281" VPOS="737" WIDTH="92" HEIGHT="25" WC="0.96" CONTENT="skatten,"/><SP WIDTH="17" VPOS="737" HPOS="373"/>
							<String ID="string_178" HPOS="390" VPOS="742" WIDTH="44" HEIGHT="15" WC="0.93" CONTENT="som"/><SP WIDTH="16" VPOS="742" HPOS="434"/>
							<String ID="string_179" HPOS="450" VPOS="736" WIDTH="113" HEIGHT="27" WC="0.92" CONTENT="undergätt"/><SP WIDTH="15" VPOS="736" HPOS="563"/>
							<String ID="string_180" HPOS="578" VPOS="736" WIDTH="131" HEIGHT="27" WC="0.96" CONTENT="förändring,"/><SP WIDTH="14" VPOS="736" HPOS="709"/>
							<String ID="string_181" HPOS="723" VPOS="736" WIDTH="22" HEIGHT="27" WC="0.96" CONTENT="ja"/><SP WIDTH="15" VPOS="736" HPOS="745"/>
							<String ID="string_182" HPOS="760" VPOS="736" WIDTH="45" HEIGHT="21" WC="0.93" CONTENT="ofta"/><SP WIDTH="14" VPOS="736" HPOS="805"/>
							<String ID="string_183" HPOS="819" VPOS="737" WIDTH="139" HEIGHT="21" WC="0.91" CONTENT="tiodubblats."/><SP WIDTH="16" VPOS="737" HPOS="958"/>
							<String ID="string_184" HPOS="974" VPOS="737" WIDTH="38" HEIGHT="22" WC="0.96" CONTENT="Att"/>
						</TextLine>
						<TextLine ID="line_19" HPOS="192" VPOS="764" WIDTH="818" HEIGHT="27">
							<String ID="string_185" HPOS="192" VPOS="765" WIDTH="51" HEIGHT="26" WC="0.93" CONTENT="vilja"/><SP WIDTH="23" VPOS="765" HPOS="243"/>
							<String ID="string_186" HPOS="266" VPOS="764" WIDTH="82" HEIGHT="22" WC="0.93" CONTENT="fördela"/><SP WIDTH="22" VPOS="764" HPOS="348"/>
							<String ID="string_187" HPOS="370" VPOS="770" WIDTH="26" HEIGHT="16" WC="0.93" CONTENT="en"/><SP WIDTH="21" VPOS="770" HPOS="396"/>
							<String ID="string_188" HPOS="417" VPOS="765" WIDTH="111" HEIGHT="21" WC="0.91" CONTENT="tiodubbel"/><SP WIDTH="22" VPOS="765" HPOS="528"/>
							<String ID="string_189" HPOS="550" VPOS="765" WIDTH="59" HEIGHT="21" WC="0.91" CONTENT="skatt"/><SP WIDTH="22" VPOS="765" HPOS="609"/>
							<String ID="string_190" HPOS="631" VPOS="765" WIDTH="27" HEIGHT="26" WC="0.97" CONTENT="pä"/><SP WIDTH="22" VPOS="765" HPOS="658"/>
							<String ID="string_191" HPOS="680" VPOS="771" WIDTH="80" HEIGHT="15" WC="0.96" CONTENT="samma"/><SP WIDTH="23" VPOS="771" HPOS="760"/>
							<String ID="string_192" HPOS="783" VPOS="767" WIDTH="49" HEIGHT="24" WC="0.96" CONTENT="sätt,"/><SP WIDTH="21" VPOS="767" HPOS="832"/>
							<String ID="string_193" HPOS="853" VPOS="771" WIDTH="45" HEIGHT="16" WC="0.96" CONTENT="som"/><SP WIDTH="22" VPOS="771" HPOS="898"/>
							<String ID="string_194" HPOS="920" VPOS="765" WIDTH="27" HEIGHT="22" WC="0.95" CONTENT="dä"/><SP WIDTH="23" VPOS="765" HPOS="947"/>
							<String ID="string_195" HPOS="970" VPOS="766" WIDTH="40" HEIGHT="21" WC="0.95" CONTENT="den"/>
						</TextLine>
						<TextLine ID="line_20" HPOS="193" VPOS="793" WIDTH="819" HEIGHT="28">
							<String ID="string_196" HPOS="193" VPOS="793" WIDTH="98" HEIGHT="26" WC="0.96" CONTENT="utgjorde"/><SP WIDTH="22" VPOS="793" HPOS="291"/>
							<String ID="string_197" HPOS="313" VPOS="793" WIDTH="56" HEIGHT="22" WC="0.93" CONTENT="blott"/><SP WIDTH="22" VPOS="793" HPOS="369"/>
							<String ID="string_198" HPOS="391" VPOS="794" WIDTH="36" HEIGHT="26" WC="0.51" CONTENT="1/;,"/><SP WIDTH="22" VPOS="794" HPOS="427"/>
							<String ID="string_199" HPOS="449" VPOS="793" WIDTH="23" HEIGHT="21" WC="0.96" CONTENT="af"/><SP WIDTH="22" VPOS="793" HPOS="472"/>
							<String ID="string_200" HPOS="494" VPOS="793" WIDTH="40" HEIGHT="22" WC="0.95" CONTENT="den"/><SP WIDTH="15" VPOS="793" HPOS="534"/>
							<String ID="string_201" HPOS="549" VPOS="793" WIDTH="132" HEIGHT="26" WC="0.96" CONTENT="nuvarande;"/><SP WIDTH="16" VPOS="793" HPOS="681"/>
							<String ID="string_202" HPOS="697" VPOS="794" WIDTH="37" HEIGHT="20" WC="0.96" CONTENT="det"/><SP WIDTH="15" VPOS="794" HPOS="734"/>
							<String ID="string_203" HPOS="749" VPOS="795" WIDTH="23" HEIGHT="20" WC="0.93" CONTENT="är"/><SP WIDTH="16" VPOS="795" HPOS="772"/>
							<String ID="string_204" HPOS="788" VPOS="794" WIDTH="45" HEIGHT="21" WC="0.93" CONTENT="deri"/><SP WIDTH="12" VPOS="794" HPOS="833"/>
							<String ID="string_205" HPOS="845" VPOS="794" WIDTH="37" HEIGHT="27" WC="0.96" CONTENT="jag"/><SP WIDTH="15" VPOS="794" HPOS="882"/>
							<String ID="string_206" HPOS="897" VPOS="800" WIDTH="63" HEIGHT="16" WC="0.96" CONTENT="anser"/><SP WIDTH="15" VPOS="800" HPOS="960"/>
							<String ID="string_207" HPOS="975" VPOS="795" WIDTH="37" HEIGHT="21" WC="0.96" CONTENT="det"/>
						</TextLine>
						<TextLine ID="line_21" HPOS="192" VPOS="821" WIDTH="820" HEIGHT="28">
							<String ID="string_208" HPOS="192" VPOS="821" WIDTH="117" HEIGHT="27" WC="0.92" CONTENT="obehöriga"/><SP WIDTH="30" VPOS="821" HPOS="309"/>
							<String ID="string_209" HPOS="339" VPOS="822" WIDTH="72" HEIGHT="26" WC="0.95" CONTENT="ligger."/><SP WIDTH="36" VPOS="822" HPOS="411"/>
							<String ID="string_210" HPOS="447" VPOS="822" WIDTH="41" HEIGHT="27" WC="0.93" CONTENT="Jag"/><SP WIDTH="26" VPOS="822" HPOS="488"/>
							<String ID="string_211" HPOS="514" VPOS="822" WIDTH="67" HEIGHT="21" WC="0.92" CONTENT="mäste"/><SP WIDTH="22" VPOS="822" HPOS="581"/>
							<String ID="string_212" HPOS="603" VPOS="821" WIDTH="83" HEIGHT="22" WC="0.92" CONTENT="derföre"/><SP WIDTH="23" VPOS="821" HPOS="686"/>
							<String ID="string_213" HPOS="709" VPOS="822" WIDTH="106" HEIGHT="27" WC="0.91" CONTENT="tillstyrka"/><SP WIDTH="20" VPOS="822" HPOS="815"/>
							<String ID="string_214" HPOS="835" VPOS="823" WIDTH="130" HEIGHT="26" WC="0.91" CONTENT="antagandet"/><SP WIDTH="22" VPOS="823" HPOS="965"/>
							<String ID="string_215" HPOS="987" VPOS="822" WIDTH="25" HEIGHT="23" WC="0.96" CONTENT="af"/>
						</TextLine>
						<TextLine ID="line_22" HPOS="192" VPOS="850" WIDTH="269" HEIGHT="21">
							<String ID="string_216" HPOS="192" VPOS="850" WIDTH="116" HEIGHT="21" WC="0.91" CONTENT="utskottets"/><SP WIDTH="15" VPOS="850" HPOS="308"/>
							<String ID="string_217" HPOS="323" VPOS="850" WIDTH="138" HEIGHT="21" WC="0.92" CONTENT="betänkande."/>
						</TextLine>
					</TextBlock>
				</ComposedBlock>
				<ComposedBlock ID="cblock_4" HPOS="192" VPOS="906" WIDTH="821" HEIGHT="193">
					<TextBlock ID="block_3" HPOS="192" VPOS="906" WIDTH="821" HEIGHT="193">
						<TextLine ID="line_23" HPOS="262" VPOS="906" WIDTH="751" HEIGHT="28">
							<String ID="string_218" HPOS="262" VPOS="906" WIDTH="57" HEIGHT="22" WC="0.96" CONTENT="Herr"/><SP WIDTH="14" VPOS="906" HPOS="319"/>
							<String ID="string_219" HPOS="333" VPOS="907" WIDTH="99" HEIGHT="26" WC="0.96" CONTENT="Bergh:"/><SP WIDTH="30" VPOS="907" HPOS="432"/>
							<String ID="string_220" HPOS="462" VPOS="913" WIDTH="34" HEIGHT="15" WC="0.92" CONTENT="om"/><SP WIDTH="16" VPOS="913" HPOS="496"/>
							<String ID="string_221" HPOS="512" VPOS="907" WIDTH="39" HEIGHT="21" WC="0.96" CONTENT="ock"/><SP WIDTH="11" VPOS="907" HPOS="551"/>
							<String ID="string_222" HPOS="562" VPOS="906" WIDTH="143" HEIGHT="22" WC="0.96" CONTENT="förhållandet"/><SP WIDTH="14" VPOS="906" HPOS="705"/>
							<String ID="string_223" HPOS="719" VPOS="907" WIDTH="48" HEIGHT="21" WC="0.92" CONTENT="med"/><SP WIDTH="15" VPOS="907" HPOS="767"/>
							<String ID="string_224" HPOS="782" VPOS="907" WIDTH="160" HEIGHT="27" WC="0.96" CONTENT="ifrågavarande"/><SP WIDTH="12" VPOS="907" HPOS="942"/>
							<String ID="string_225" HPOS="954" VPOS="907" WIDTH="59" HEIGHT="22" WC="0.96" CONTENT="skatt"/>
						</TextLine>
						<TextLine ID="line_24" HPOS="192" VPOS="935" WIDTH="820" HEIGHT="27">
							<String ID="string_226" HPOS="192" VPOS="941" WIDTH="91" HEIGHT="15" WC="0.91" CONTENT="numera"/><SP WIDTH="22" VPOS="941" HPOS="283"/>
							<String ID="string_227" HPOS="305" VPOS="935" WIDTH="18" HEIGHT="26" WC="0.91" CONTENT="ej"/><SP WIDTH="24" VPOS="935" HPOS="323"/>
							<String ID="string_228" HPOS="347" VPOS="937" WIDTH="23" HEIGHT="19" WC="0.93" CONTENT="är"/><SP WIDTH="21" VPOS="937" HPOS="370"/>
							<String ID="string_229" HPOS="391" VPOS="935" WIDTH="123" HEIGHT="26" WC="0.90" CONTENT="detsamma,"/><SP WIDTH="24" VPOS="935" HPOS="514"/>
							<String ID="string_230" HPOS="538" VPOS="941" WIDTH="44" HEIGHT="16" WC="0.96" CONTENT="som"/><SP WIDTH="23" VPOS="941" HPOS="582"/>
							<String ID="string_231" HPOS="605" VPOS="935" WIDTH="34" HEIGHT="21" WC="0.92" CONTENT="för"/><SP WIDTH="15" VPOS="935" HPOS="639"/>
							<String ID="string_232" HPOS="654" VPOS="935" WIDTH="69" HEIGHT="21" WC="0.92" CONTENT="sekler"/><SP WIDTH="22" VPOS="935" HPOS="723"/>
							<String ID="string_233" HPOS="745" VPOS="936" WIDTH="94" HEIGHT="26" WC="0.95" CONTENT="tillbaka,"/><SP WIDTH="24" VPOS="936" HPOS="839"/>
							<String ID="string_234" HPOS="863" VPOS="936" WIDTH="24" HEIGHT="21" WC="0.96" CONTENT="sä"/><SP WIDTH="15" VPOS="936" HPOS="887"/>
							<String ID="string_235" HPOS="902" VPOS="936" WIDTH="38" HEIGHT="21" WC="0.96" CONTENT="har"/><SP WIDTH="16" VPOS="936" HPOS="940"/>
							<String ID="string_236" HPOS="956" VPOS="936" WIDTH="56" HEIGHT="22" WC="0.96" CONTENT="dock"/>
						</TextLine>
						<TextLine ID="line_25" HPOS="194" VPOS="963" WIDTH="818" HEIGHT="28">
							<String ID="string_237" HPOS="194" VPOS="963" WIDTH="62" HEIGHT="21" WC="0.93" CONTENT="äfven"/><SP WIDTH="12" VPOS="963" HPOS="256"/>
							<String ID="string_238" HPOS="268" VPOS="963" WIDTH="180" HEIGHT="27" WC="0.92" CONTENT="jordegendomen"/><SP WIDTH="15" VPOS="963" HPOS="448"/>
							<String ID="string_239" HPOS="463" VPOS="964" WIDTH="64" HEIGHT="20" WC="0.96" CONTENT="sedan"/><SP WIDTH="15" VPOS="964" HPOS="527"/>
							<String ID="string_240" HPOS="542" VPOS="964" WIDTH="47" HEIGHT="21" WC="0.93" CONTENT="dess"/><SP WIDTH="16" VPOS="964" HPOS="589"/>
							<String ID="string_241" HPOS="605" VPOS="963" WIDTH="58" HEIGHT="27" WC="0.93" CONTENT="stigit"/><SP WIDTH="15" VPOS="963" HPOS="663"/>
							<String ID="string_242" HPOS="678" VPOS="965" WIDTH="7" HEIGHT="19" WC="0.96" CONTENT="i"/><SP WIDTH="13" VPOS="965" HPOS="685"/>
							<String ID="string_243" HPOS="698" VPOS="965" WIDTH="69" HEIGHT="20" WC="0.95" CONTENT="värde."/><SP WIDTH="17" VPOS="965" HPOS="767"/>
							<String ID="string_244" HPOS="784" VPOS="964" WIDTH="45" HEIGHT="21" WC="0.93" CONTENT="Och"/><SP WIDTH="12" VPOS="964" HPOS="829"/>
							<String ID="string_245" HPOS="841" VPOS="965" WIDTH="88" HEIGHT="20" WC="0.92" CONTENT="emedan"/><SP WIDTH="10" VPOS="965" HPOS="929"/>
							<String ID="string_246" HPOS="939" VPOS="965" WIDTH="73" HEIGHT="26" WC="0.92" CONTENT="fastig-"/>
						</TextLine>
						<TextLine ID="line_26" HPOS="194" VPOS="992" WIDTH="817" HEIGHT="27">
							<String ID="string_247" HPOS="194" VPOS="992" WIDTH="75" HEIGHT="21" WC="0.90" CONTENT="hetens"/><SP WIDTH="26" VPOS="992" HPOS="269"/>
							<String ID="string_248" HPOS="295" VPOS="993" WIDTH="62" HEIGHT="25" WC="0.90" CONTENT="ägare"/><SP WIDTH="19" VPOS="993" HPOS="357"/>
							<String ID="string_249" HPOS="376" VPOS="992" WIDTH="104" HEIGHT="21" WC="0.92" CONTENT="beräknat"/><SP WIDTH="14" VPOS="992" HPOS="480"/>
							<String ID="string_250" HPOS="494" VPOS="992" WIDTH="74" HEIGHT="21" WC="0.92" CONTENT="värdet"/><SP WIDTH="16" VPOS="992" HPOS="568"/>
							<String ID="string_251" HPOS="584" VPOS="992" WIDTH="23" HEIGHT="21" WC="0.93" CONTENT="af"/><SP WIDTH="13" VPOS="992" HPOS="607"/>
							<String ID="string_252" HPOS="620" VPOS="992" WIDTH="123" HEIGHT="21" WC="0.92" CONTENT="densamma"/><SP WIDTH="13" VPOS="992" HPOS="743"/>
							<String ID="string_253" HPOS="756" VPOS="992" WIDTH="78" HEIGHT="27" WC="0.91" CONTENT="jemväl"/><SP WIDTH="15" VPOS="992" HPOS="834"/>
							<String ID="string_254" HPOS="849" VPOS="993" WIDTH="48" HEIGHT="21" WC="0.93" CONTENT="med"/><SP WIDTH="15" VPOS="993" HPOS="897"/>
							<String ID="string_255" HPOS="912" VPOS="993" WIDTH="99" HEIGHT="22" WC="0.92" CONTENT="afseende"/>
						</TextLine>
						<TextLine ID="line_27" HPOS="194" VPOS="1020" WIDTH="818" HEIGHT="27">
							<String ID="string_256" HPOS="194" VPOS="1020" WIDTH="13" HEIGHT="21" WC="0.92" CONTENT="&amp;"/><SP WIDTH="23" VPOS="1020" HPOS="207"/>
							<String ID="string_257" HPOS="230" VPOS="1020" WIDTH="27" HEIGHT="21" WC="0.93" CONTENT="de"/><SP WIDTH="22" VPOS="1020" HPOS="257"/>
							<String ID="string_258" HPOS="279" VPOS="1026" WIDTH="70" HEIGHT="21" WC="0.93" CONTENT="onera,"/><SP WIDTH="23" VPOS="1026" HPOS="349"/>
							<String ID="string_259" HPOS="372" VPOS="1026" WIDTH="45" HEIGHT="15" WC="0.96" CONTENT="som"/><SP WIDTH="21" VPOS="1026" HPOS="417"/>
							<String ID="string_260" HPOS="438" VPOS="1020" WIDTH="129" HEIGHT="26" WC="0.93" CONTENT="fastigheten"/><SP WIDTH="19" VPOS="1020" HPOS="567"/>
							<String ID="string_261" HPOS="586" VPOS="1020" WIDTH="79" HEIGHT="27" WC="0.92" CONTENT="ätfölja,"/><SP WIDTH="16" VPOS="1020" HPOS="665"/>
							<String ID="string_262" HPOS="681" VPOS="1021" WIDTH="42" HEIGHT="20" WC="0.96" CONTENT="kan"/><SP WIDTH="13" VPOS="1021" HPOS="723"/>
							<String ID="string_263" HPOS="736" VPOS="1021" WIDTH="36" HEIGHT="26" WC="0.93" CONTENT="jag"/><SP WIDTH="15" VPOS="1021" HPOS="772"/>
							<String ID="string_264" HPOS="787" VPOS="1021" WIDTH="47" HEIGHT="21" WC="0.92" CONTENT="icke"/><SP WIDTH="15" VPOS="1021" HPOS="834"/>
							<String ID="string_265" HPOS="849" VPOS="1020" WIDTH="63" HEIGHT="27" WC="0.96" CONTENT="finna,"/><SP WIDTH="16" VPOS="1020" HPOS="912"/>
							<String ID="string_266" HPOS="928" VPOS="1023" WIDTH="32" HEIGHT="19" WC="0.96" CONTENT="att"/><SP WIDTH="16" VPOS="1023" HPOS="960"/>
							<String ID="string_267" HPOS="976" VPOS="1021" WIDTH="36" HEIGHT="22" WC="0.95" CONTENT="det"/>
						</TextLine>
						<TextLine ID="line_28" HPOS="193" VPOS="1048" WIDTH="819" HEIGHT="29">
							<String ID="string_268" HPOS="193" VPOS="1049" WIDTH="24" HEIGHT="20" WC="0.95" CONTENT="af"/><SP WIDTH="23" VPOS="1049" HPOS="217"/>
							<String ID="string_269" HPOS="240" VPOS="1049" WIDTH="55" HEIGHT="21" WC="0.93" CONTENT="Herr"/><SP WIDTH="23" VPOS="1049" HPOS="295"/>
							<String ID="string_270" HPOS="318" VPOS="1048" WIDTH="86" HEIGHT="27" WC="0.90" CONTENT="Ostring"/><SP WIDTH="22" VPOS="1048" HPOS="404"/>
							<String ID="string_271" HPOS="426" VPOS="1048" WIDTH="88" HEIGHT="21" WC="0.92" CONTENT="anförda"/><SP WIDTH="20" VPOS="1048" HPOS="514"/>
							<String ID="string_272" HPOS="534" VPOS="1048" WIDTH="144" HEIGHT="21" WC="0.92" CONTENT="förhällandet"/><SP WIDTH="22" VPOS="1048" HPOS="678"/>
							<String ID="string_273" HPOS="700" VPOS="1049" WIDTH="99" HEIGHT="21" WC="0.92" CONTENT="inverkar"/><SP WIDTH="22" VPOS="1049" HPOS="799"/>
							<String ID="string_274" HPOS="821" VPOS="1049" WIDTH="36" HEIGHT="22" WC="0.93" CONTENT="det"/><SP WIDTH="19" VPOS="1049" HPOS="857"/>
							<String ID="string_275" HPOS="876" VPOS="1050" WIDTH="92" HEIGHT="26" WC="0.93" CONTENT="ringaste"/><SP WIDTH="16" VPOS="1050" HPOS="968"/>
							<String ID="string_276" HPOS="984" VPOS="1051" WIDTH="28" HEIGHT="26" WC="0.96" CONTENT="pä"/>
						</TextLine>
						<TextLine ID="line_29" HPOS="194" VPOS="1077" WIDTH="74" HEIGHT="22">
							<String ID="string_277" HPOS="194" VPOS="1077" WIDTH="74" HEIGHT="22" WC="0.96" CONTENT="saken."/>
						</TextLine>
					</TextBlock>
				</ComposedBlock>
				<ComposedBlock ID="cblock_5" HPOS="192" VPOS="1133" WIDTH="819" HEIGHT="220">
					<TextBlock ID="block_4" HPOS="192" VPOS="1133" WIDTH="819" HEIGHT="220">
						<TextLine ID="line_30" HPOS="261" VPOS="1133" WIDTH="750" HEIGHT="28">
							<String ID="string_278" HPOS="261" VPOS="1133" WIDTH="57" HEIGHT="22" WC="0.93" CONTENT="Herr"/><SP WIDTH="14" VPOS="1133" HPOS="318"/>
							<String ID="string_279" HPOS="332" VPOS="1133" WIDTH="213" HEIGHT="27" WC="0.88" CONTENT="Bronikowskij:"/><SP WIDTH="30" VPOS="1133" HPOS="545"/>
							<String ID="string_280" HPOS="575" VPOS="1133" WIDTH="104" HEIGHT="22" WC="0.88" CONTENT="vidhäller"/><SP WIDTH="15" VPOS="1133" HPOS="679"/>
							<String ID="string_281" HPOS="694" VPOS="1140" WIDTH="49" HEIGHT="15" WC="0.96" CONTENT="man"/><SP WIDTH="15" VPOS="1140" HPOS="743"/>
							<String ID="string_282" HPOS="758" VPOS="1135" WIDTH="27" HEIGHT="20" WC="0.93" CONTENT="de"/><SP WIDTH="15" VPOS="1135" HPOS="785"/>
							<String ID="string_283" HPOS="800" VPOS="1134" WIDTH="85" HEIGHT="27" WC="0.90" CONTENT="äsister,"/><SP WIDTH="16" VPOS="1134" HPOS="885"/>
							<String ID="string_284" HPOS="901" VPOS="1141" WIDTH="45" HEIGHT="15" WC="0.96" CONTENT="som"/><SP WIDTH="10" VPOS="1141" HPOS="946"/>
							<String ID="string_285" HPOS="956" VPOS="1135" WIDTH="55" HEIGHT="22" WC="0.96" CONTENT="Herr"/>
						</TextLine>
						<TextLine ID="line_31" HPOS="193" VPOS="1161" WIDTH="817" HEIGHT="28">
							<String ID="string_286" HPOS="193" VPOS="1162" WIDTH="71" HEIGHT="26" WC="0.93" CONTENT="Bergh"/><SP WIDTH="22" VPOS="1162" HPOS="264"/>
							<String ID="string_287" HPOS="286" VPOS="1163" WIDTH="85" HEIGHT="24" WC="0.92" CONTENT="uttalat,"/><SP WIDTH="23" VPOS="1163" HPOS="371"/>
							<String ID="string_288" HPOS="394" VPOS="1161" WIDTH="23" HEIGHT="22" WC="0.93" CONTENT="sä"/><SP WIDTH="21" VPOS="1161" HPOS="417"/>
							<String ID="string_289" HPOS="438" VPOS="1164" WIDTH="46" HEIGHT="19" WC="0.91" CONTENT="tror"/><SP WIDTH="13" VPOS="1164" HPOS="484"/>
							<String ID="string_290" HPOS="497" VPOS="1162" WIDTH="43" HEIGHT="26" WC="0.96" CONTENT="jag,"/><SP WIDTH="16" VPOS="1162" HPOS="540"/>
							<String ID="string_291" HPOS="556" VPOS="1164" WIDTH="32" HEIGHT="19" WC="0.96" CONTENT="att"/><SP WIDTH="15" VPOS="1164" HPOS="588"/>
							<String ID="string_292" HPOS="603" VPOS="1169" WIDTH="49" HEIGHT="14" WC="0.92" CONTENT="man"/><SP WIDTH="15" VPOS="1169" HPOS="652"/>
							<String ID="string_293" HPOS="667" VPOS="1162" WIDTH="45" HEIGHT="21" WC="0.92" CONTENT="icke"/><SP WIDTH="16" VPOS="1162" HPOS="712"/>
							<String ID="string_294" HPOS="728" VPOS="1163" WIDTH="83" HEIGHT="21" WC="0.91" CONTENT="komme"/><SP WIDTH="16" VPOS="1163" HPOS="811"/>
							<String ID="string_295" HPOS="827" VPOS="1165" WIDTH="31" HEIGHT="19" WC="0.96" CONTENT="ett"/><SP WIDTH="15" VPOS="1165" HPOS="858"/>
							<String ID="string_296" HPOS="873" VPOS="1165" WIDTH="45" HEIGHT="24" WC="0.93" CONTENT="steg"/><SP WIDTH="15" VPOS="1165" HPOS="918"/>
							<String ID="string_297" HPOS="933" VPOS="1164" WIDTH="77" HEIGHT="21" WC="0.92" CONTENT="framät"/>
						</TextLine>
						<TextLine ID="line_32" HPOS="192" VPOS="1189" WIDTH="818" HEIGHT="29">
							<String ID="string_298" HPOS="192" VPOS="1189" WIDTH="28" HEIGHT="27" WC="0.93" CONTENT="pä"/><SP WIDTH="15" VPOS="1189" HPOS="220"/>
							<String ID="string_299" HPOS="235" VPOS="1189" WIDTH="143" HEIGHT="22" WC="0.91" CONTENT="reformernas"/><SP WIDTH="15" VPOS="1189" HPOS="378"/>
							<String ID="string_300" HPOS="393" VPOS="1190" WIDTH="61" HEIGHT="21" WC="0.95" CONTENT="bana."/><SP WIDTH="18" VPOS="1190" HPOS="454"/>
							<String ID="string_301" HPOS="472" VPOS="1189" WIDTH="38" HEIGHT="22" WC="0.96" CONTENT="Om"/><SP WIDTH="12" VPOS="1189" HPOS="510"/>
							<String ID="string_302" HPOS="522" VPOS="1197" WIDTH="48" HEIGHT="14" WC="0.93" CONTENT="man"/><SP WIDTH="11" VPOS="1197" HPOS="570"/>
							<String ID="string_303" HPOS="581" VPOS="1191" WIDTH="39" HEIGHT="20" WC="0.96" CONTENT="ock"/><SP WIDTH="11" VPOS="1191" HPOS="620"/>
							<String ID="string_304" HPOS="631" VPOS="1191" WIDTH="67" HEIGHT="21" WC="0.96" CONTENT="skulle"/><SP WIDTH="12" VPOS="1191" HPOS="698"/>
							<String ID="string_305" HPOS="710" VPOS="1191" WIDTH="56" HEIGHT="21" WC="0.95" CONTENT="finna"/><SP WIDTH="11" VPOS="1191" HPOS="766"/>
							<String ID="string_306" HPOS="777" VPOS="1197" WIDTH="22" HEIGHT="16" WC="0.42" CONTENT="en"/><SP WIDTH="10" VPOS="1197" HPOS="799"/>
							<String ID="string_307" HPOS="809" VPOS="1191" WIDTH="135" HEIGHT="27" WC="0.42" CONTENT="lagstiftning"/><SP WIDTH="11" VPOS="1191" HPOS="944"/>
							<String ID="string_308" HPOS="955" VPOS="1193" WIDTH="55" HEIGHT="20" WC="0.96" CONTENT="huru"/>
						</TextLine>
						<TextLine ID="line_33" HPOS="192" VPOS="1218" WIDTH="818" HEIGHT="29">
							<String ID="string_309" HPOS="192" VPOS="1218" WIDTH="80" HEIGHT="21" WC="0.95" CONTENT="absurd"/><SP WIDTH="16" VPOS="1218" HPOS="272"/>
							<String ID="string_310" HPOS="288" VPOS="1225" WIDTH="45" HEIGHT="15" WC="0.96" CONTENT="som"/><SP WIDTH="20" VPOS="1225" HPOS="333"/>
							<String ID="string_311" HPOS="353" VPOS="1218" WIDTH="61" HEIGHT="26" WC="0.96" CONTENT="helst,"/><SP WIDTH="15" VPOS="1218" HPOS="414"/>
							<String ID="string_312" HPOS="429" VPOS="1218" WIDTH="24" HEIGHT="21" WC="0.96" CONTENT="sä"/><SP WIDTH="15" VPOS="1218" HPOS="453"/>
							<String ID="string_313" HPOS="468" VPOS="1218" WIDTH="70" HEIGHT="21" WC="0.96" CONTENT="kunde"/><SP WIDTH="16" VPOS="1218" HPOS="538"/>
							<String ID="string_314" HPOS="554" VPOS="1225" WIDTH="48" HEIGHT="14" WC="0.96" CONTENT="man"/><SP WIDTH="15" VPOS="1225" HPOS="602"/>
							<String ID="string_315" HPOS="617" VPOS="1219" WIDTH="35" HEIGHT="21" WC="0.93" CONTENT="vid"/><SP WIDTH="15" VPOS="1219" HPOS="652"/>
							<String ID="string_316" HPOS="667" VPOS="1219" WIDTH="75" HEIGHT="21" WC="0.92" CONTENT="sädant"/><SP WIDTH="15" VPOS="1219" HPOS="742"/>
							<String ID="string_317" HPOS="757" VPOS="1219" WIDTH="132" HEIGHT="22" WC="0.92" CONTENT="förhällande"/><SP WIDTH="14" VPOS="1219" HPOS="889"/>
							<String ID="string_318" HPOS="903" VPOS="1220" WIDTH="47" HEIGHT="21" WC="0.92" CONTENT="icke"/><SP WIDTH="10" VPOS="1220" HPOS="950"/>
							<String ID="string_319" HPOS="960" VPOS="1221" WIDTH="50" HEIGHT="26" WC="0.93" CONTENT="taga"/>
						</TextLine>
						<TextLine ID="line_34" HPOS="193" VPOS="1247" WIDTH="817" HEIGHT="28">
							<String ID="string_320" HPOS="193" VPOS="1248" WIDTH="31" HEIGHT="19" WC="0.96" CONTENT="ett"/><SP WIDTH="16" VPOS="1248" HPOS="224"/>
							<String ID="string_321" HPOS="240" VPOS="1248" WIDTH="46" HEIGHT="25" WC="0.96" CONTENT="steg"/><SP WIDTH="14" VPOS="1248" HPOS="286"/>
							<String ID="string_322" HPOS="300" VPOS="1247" WIDTH="32" HEIGHT="20" WC="0.96" CONTENT="till"/><SP WIDTH="15" VPOS="1247" HPOS="332"/>
							<String ID="string_323" HPOS="347" VPOS="1248" WIDTH="32" HEIGHT="19" WC="0.93" CONTENT="att"/><SP WIDTH="15" VPOS="1248" HPOS="379"/>
							<String ID="string_324" HPOS="394" VPOS="1247" WIDTH="102" HEIGHT="20" WC="0.92" CONTENT="förändra"/><SP WIDTH="15" VPOS="1247" HPOS="496"/>
							<String ID="string_325" HPOS="511" VPOS="1248" WIDTH="128" HEIGHT="21" WC="0.92" CONTENT="densamma."/><SP WIDTH="30" VPOS="1248" HPOS="639"/>
							<String ID="string_326" HPOS="669" VPOS="1247" WIDTH="42" HEIGHT="27" WC="0.93" CONTENT="Jag"/><SP WIDTH="14" VPOS="1247" HPOS="711"/>
							<String ID="string_327" HPOS="725" VPOS="1250" WIDTH="46" HEIGHT="19" WC="0.92" CONTENT="tror"/><SP WIDTH="15" VPOS="1250" HPOS="771"/>
							<String ID="string_328" HPOS="786" VPOS="1248" WIDTH="61" HEIGHT="27" WC="0.96" CONTENT="dock,"/><SP WIDTH="16" VPOS="1248" HPOS="847"/>
							<String ID="string_329" HPOS="863" VPOS="1250" WIDTH="32" HEIGHT="20" WC="0.93" CONTENT="att"/><SP WIDTH="14" VPOS="1250" HPOS="895"/>
							<String ID="string_330" HPOS="909" VPOS="1249" WIDTH="101" HEIGHT="21" WC="0.91" CONTENT="nationen"/>
						</TextLine>
						<TextLine ID="line_35" HPOS="192" VPOS="1275" WIDTH="816" HEIGHT="28">
							<String ID="string_331" HPOS="192" VPOS="1281" WIDTH="51" HEIGHT="15" WC="0.91" CONTENT="vore"/><SP WIDTH="14" VPOS="1281" HPOS="243"/>
							<String ID="string_332" HPOS="257" VPOS="1275" WIDTH="49" HEIGHT="27" WC="0.92" CONTENT="föga"/><SP WIDTH="18" VPOS="1275" HPOS="306"/>
							<String ID="string_333" HPOS="324" VPOS="1275" WIDTH="99" HEIGHT="26" WC="0.92" CONTENT="betjenad"/><SP WIDTH="15" VPOS="1275" HPOS="423"/>
							<String ID="string_334" HPOS="438" VPOS="1275" WIDTH="48" HEIGHT="22" WC="0.96" CONTENT="med"/><SP WIDTH="16" VPOS="1275" HPOS="486"/>
							<String ID="string_335" HPOS="502" VPOS="1282" WIDTH="25" HEIGHT="15" WC="0.93" CONTENT="en"/><SP WIDTH="15" VPOS="1282" HPOS="527"/>
							<String ID="string_336" HPOS="542" VPOS="1275" WIDTH="66" HEIGHT="22" WC="0.92" CONTENT="sädan"/><SP WIDTH="15" VPOS="1275" HPOS="608"/>
							<String ID="string_337" HPOS="623" VPOS="1276" WIDTH="64" HEIGHT="27" WC="0.92" CONTENT="äsigt;"/><SP WIDTH="17" VPOS="1276" HPOS="687"/>
							<String ID="string_338" HPOS="704" VPOS="1277" WIDTH="39" HEIGHT="20" WC="0.96" CONTENT="och"/><SP WIDTH="14" VPOS="1277" HPOS="743"/>
							<String ID="string_339" HPOS="757" VPOS="1276" WIDTH="36" HEIGHT="27" WC="0.96" CONTENT="jag"/><SP WIDTH="15" VPOS="1276" HPOS="793"/>
							<String ID="string_340" HPOS="808" VPOS="1277" WIDTH="41" HEIGHT="21" WC="0.93" CONTENT="kan"/><SP WIDTH="16" VPOS="1277" HPOS="849"/>
							<String ID="string_341" HPOS="865" VPOS="1277" WIDTH="83" HEIGHT="21" WC="0.92" CONTENT="derföre"/><SP WIDTH="15" VPOS="1277" HPOS="948"/>
							<String ID="string_342" HPOS="963" VPOS="1277" WIDTH="45" HEIGHT="22" WC="0.92" CONTENT="icke"/>
						</TextLine>
						<TextLine ID="line_36" HPOS="192" VPOS="1303" WIDTH="816" HEIGHT="28">
							<String ID="string_343" HPOS="192" VPOS="1303" WIDTH="84" HEIGHT="21" WC="0.90" CONTENT="biträda"/><SP WIDTH="22" VPOS="1303" HPOS="276"/>
							<String ID="string_344" HPOS="298" VPOS="1304" WIDTH="64" HEIGHT="26" WC="0.91" CONTENT="sagde"/><SP WIDTH="19" VPOS="1304" HPOS="362"/>
							<String ID="string_345" HPOS="381" VPOS="1303" WIDTH="60" HEIGHT="27" WC="0.89" CONTENT="äsigt,"/><SP WIDTH="25" VPOS="1303" HPOS="441"/>
							<String ID="string_346" HPOS="466" VPOS="1306" WIDTH="51" HEIGHT="19" WC="0.92" CONTENT="utan"/><SP WIDTH="23" VPOS="1306" HPOS="517"/>
							<String ID="string_347" HPOS="540" VPOS="1310" WIDTH="105" HEIGHT="21" WC="0.91" CONTENT="upprepar"/><SP WIDTH="22" VPOS="1310" HPOS="645"/>
							<String ID="string_348" HPOS="667" VPOS="1305" WIDTH="44" HEIGHT="21" WC="0.93" CONTENT="min"/><SP WIDTH="14" VPOS="1305" HPOS="711"/>
							<String ID="string_349" HPOS="725" VPOS="1305" WIDTH="100" HEIGHT="21" WC="0.92" CONTENT="anhällan"/><SP WIDTH="16" VPOS="1305" HPOS="825"/>
							<String ID="string_350" HPOS="841" VPOS="1311" WIDTH="33" HEIGHT="16" WC="0.96" CONTENT="om"/><SP WIDTH="16" VPOS="1311" HPOS="874"/>
							<String ID="string_351" HPOS="890" VPOS="1305" WIDTH="118" HEIGHT="26" WC="0.96" CONTENT="antagande"/>
						</TextLine>
						<TextLine ID="line_37" HPOS="192" VPOS="1331" WIDTH="309" HEIGHT="22">
							<String ID="string_352" HPOS="192" VPOS="1331" WIDTH="24" HEIGHT="21" WC="0.93" CONTENT="af"/><SP WIDTH="12" VPOS="1331" HPOS="216"/>
							<String ID="string_353" HPOS="228" VPOS="1332" WIDTH="117" HEIGHT="21" WC="0.92" CONTENT="utskottets"/><SP WIDTH="16" VPOS="1332" HPOS="345"/>
							<String ID="string_354" HPOS="361" VPOS="1331" WIDTH="140" HEIGHT="22" WC="0.92" CONTENT="betänkande."/>
						</TextLine>
					</TextBlock>
				</ComposedBlock>
				<ComposedBlock ID="cblock_6" HPOS="192" VPOS="1387" WIDTH="817" HEIGHT="85">
					<TextBlock ID="block_5" HPOS="192" VPOS="1387" WIDTH="817" HEIGHT="85">
						<TextLine ID="line_38" HPOS="261" VPOS="1387" WIDTH="748" HEIGHT="28">
							<String ID="string_355" HPOS="261" VPOS="1388" WIDTH="54" HEIGHT="20" WC="0.93" CONTENT="Herr"/><SP WIDTH="14" VPOS="1388" HPOS="315"/>
							<String ID="string_356" HPOS="329" VPOS="1387" WIDTH="155" HEIGHT="22" WC="0.92" CONTENT="Talmannen"/><SP WIDTH="15" VPOS="1387" HPOS="484"/>
							<String ID="string_357" HPOS="499" VPOS="1387" WIDTH="127" HEIGHT="28" WC="0.92" CONTENT="förklarade,"/><SP WIDTH="17" VPOS="1387" HPOS="626"/>
							<String ID="string_358" HPOS="643" VPOS="1387" WIDTH="27" HEIGHT="22" WC="0.95" CONTENT="dä"/><SP WIDTH="15" VPOS="1387" HPOS="670"/>
							<String ID="string_359" HPOS="685" VPOS="1389" WIDTH="66" HEIGHT="21" WC="0.93" CONTENT="andre"/><SP WIDTH="16" VPOS="1389" HPOS="751"/>
							<String ID="string_360" HPOS="767" VPOS="1389" WIDTH="66" HEIGHT="22" WC="0.92" CONTENT="talare"/><SP WIDTH="16" VPOS="1389" HPOS="833"/>
							<String ID="string_361" HPOS="849" VPOS="1389" WIDTH="46" HEIGHT="22" WC="0.92" CONTENT="icke"/><SP WIDTH="15" VPOS="1389" HPOS="895"/>
							<String ID="string_362" HPOS="910" VPOS="1390" WIDTH="99" HEIGHT="22" WC="0.92" CONTENT="anmälde"/>
						</TextLine>
						<TextLine ID="line_39" HPOS="194" VPOS="1416" WIDTH="814" HEIGHT="30">
							<String ID="string_363" HPOS="194" VPOS="1416" WIDTH="37" HEIGHT="27" WC="0.93" CONTENT="sig,"/><SP WIDTH="17" VPOS="1416" HPOS="231"/>
							<String ID="string_364" HPOS="248" VPOS="1416" WIDTH="145" HEIGHT="22" WC="0.92" CONTENT="diskussionen"/><SP WIDTH="15" VPOS="1416" HPOS="393"/>
							<String ID="string_365" HPOS="408" VPOS="1423" WIDTH="51" HEIGHT="15" WC="0.93" CONTENT="vara"/><SP WIDTH="15" VPOS="1423" HPOS="459"/>
							<String ID="string_366" HPOS="474" VPOS="1416" WIDTH="70" HEIGHT="22" WC="0.92" CONTENT="slutad"/><SP WIDTH="15" VPOS="1416" HPOS="544"/>
							<String ID="string_367" HPOS="559" VPOS="1418" WIDTH="56" HEIGHT="20" WC="0.93" CONTENT="samt"/><SP WIDTH="14" VPOS="1418" HPOS="615"/>
							<String ID="string_368" HPOS="629" VPOS="1417" WIDTH="133" HEIGHT="23" WC="0.92" CONTENT="framställde"/><SP WIDTH="15" VPOS="1417" HPOS="762"/>
							<String ID="string_369" HPOS="777" VPOS="1418" WIDTH="34" HEIGHT="22" WC="0.93" CONTENT="till"/><SP WIDTH="10" VPOS="1418" HPOS="811"/>
							<String ID="string_370" HPOS="821" VPOS="1418" WIDTH="84" HEIGHT="22" WC="0.93" CONTENT="ständet"/><SP WIDTH="11" VPOS="1418" HPOS="905"/>
							<String ID="string_371" HPOS="916" VPOS="1419" WIDTH="92" HEIGHT="27" WC="0.96" CONTENT="följande"/>
						</TextLine>
						<TextLine ID="line_40" HPOS="192" VPOS="1445" WIDTH="141" HEIGHT="27">
							<String ID="string_372" HPOS="192" VPOS="1445" WIDTH="141" HEIGHT="27" WC="0.94" CONTENT="proposition:"/>
						</TextLine>
					</TextBlock>
				</ComposedBlock>
				<ComposedBlock ID="cblock_7" HPOS="191" VPOS="1502" WIDTH="817" HEIGHT="56">
					<TextBlock ID="block_6" HPOS="191" VPOS="1502" WIDTH="817" HEIGHT="56">
						<TextLine ID="line_41" HPOS="260" VPOS="1502" WIDTH="748" HEIGHT="28">
							<String ID="string_373" HPOS="260" VPOS="1502" WIDTH="95" HEIGHT="27" WC="0.92" CONTENT="Antager"/><SP WIDTH="14" VPOS="1502" HPOS="355"/>
							<String ID="string_374" HPOS="369" VPOS="1502" WIDTH="86" HEIGHT="22" WC="0.92" CONTENT="ständet"/><SP WIDTH="15" VPOS="1502" HPOS="455"/>
							<String ID="string_375" HPOS="470" VPOS="1503" WIDTH="46" HEIGHT="27" WC="0.92" CONTENT="lag-"/><SP WIDTH="16" VPOS="1503" HPOS="516"/>
							<String ID="string_376" HPOS="532" VPOS="1503" WIDTH="38" HEIGHT="22" WC="0.96" CONTENT="och"/><SP WIDTH="16" VPOS="1503" HPOS="570"/>
							<String ID="string_377" HPOS="586" VPOS="1503" WIDTH="99" HEIGHT="23" WC="0.93" CONTENT="ekonomi"/><SP WIDTH="18" VPOS="1503" HPOS="685"/>
							<String ID="string_378" HPOS="703" VPOS="1504" WIDTH="117" HEIGHT="22" WC="0.92" CONTENT="utskottets"/><SP WIDTH="11" VPOS="1504" HPOS="820"/>
							<String ID="string_379" HPOS="831" VPOS="1504" WIDTH="134" HEIGHT="23" WC="0.92" CONTENT="betänkande"/><SP WIDTH="11" VPOS="1504" HPOS="965"/>
							<String ID="string_380" HPOS="976" VPOS="1506" WIDTH="32" HEIGHT="22" WC="0.91" CONTENT="uti"/>
						</TextLine>
						<TextLine ID="line_42" HPOS="191" VPOS="1531" WIDTH="254" HEIGHT="27">
							<String ID="string_381" HPOS="191" VPOS="1531" WIDTH="146" HEIGHT="27" WC="0.81" CONTENT="ifrägakomna"/><SP WIDTH="16" VPOS="1531" HPOS="337"/>
							<String ID="string_382" HPOS="353" VPOS="1532" WIDTH="92" HEIGHT="22" WC="0.96" CONTENT="ärende?"/>
						</TextLine>
					</TextBlock>
				</ComposedBlock>
				<GraphicalElement ID="cblock_8" HPOS="1075" VPOS="0" WIDTH="8" HEIGHT="382"></GraphicalElement >
				<GraphicalElement ID="cblock_9" HPOS="1075" VPOS="0" WIDTH="11" HEIGHT="722"></GraphicalElement >
			</PrintSpace>
		</Page>
	</Layout>
</alto>
