1700 1964
621 214 182 21 Borgareståndet.
827 215 53 17 1867.
905 215 24 16 18
942 215 56 16 Febr.
1159 209 26 21 85

398 300 33 21 för
453 301 32 19 att
500 300 66 26 enligt
589 301 47 20 dess
651 300 73 26 gjorda
740 300 104 27 åtagande
866 301 96 20 förvaras
977 300 54 21 intill
1047 300 91 21 skeende
1152 300 62 21 utbe-

398 328 86 25 talning,
500 328 69 21 skulle
585 329 50 20 herr
650 329 179 21 kommerserådet
844 329 73 21 bärom
932 328 135 21 underrättas
1079 335 75 19 genom
1166 335 48 19 pro-

398 356 162 27 tokollsutdrag.

466 412 48 21 Med
530 413 207 26 tillkännagifvande,
753 415 33 19 att
800 413 157 26 protokollerne
973 413 58 21 öfver
1047 412 96 22 ståndets
1158 412 55 22 före-

398 441 80 26 gående
490 441 171 21 sammanträden
671 441 67 21 under
751 442 68 21 denna
833 441 101 26 landtdag
944 447 87 15 numera
1046 447 49 15 vore
1107 443 106 25 uppsatte,

398 469 124 21 hemställde
534 470 48 20 herr
597 469 162 22 Talmannen
774 470 32 21 till
821 469 90 26 ståndet,
927 469 103 22 huruvida
1045 470 53 25 icke,
1113 469 33 21 till
1161 470 53 21 und-

397 497 102 22 vikande.
510 498 23 20 af
548 498 40 21 den
603 498 106 26 betydliga
724 498 42 21 tids
781 499 92 25 utdrägt,
889 504 45 15 som
951 504 50 15 vore
1016 498 87 21 förenad
1119 498 49 21 med
1180 499 33 26 ju-

398 526 79 26 stering
492 526 23 21 af
529 526 95 21 ståndets
639 527 131 25 protokoller
785 533 74 20 genom
875 526 61 21 deras
948 527 125 26 uppläsning
1085 526 56 21 inför
1156 527 57 20 stån-

398 554 41 25 det,
453 554 131 27 justeringen
599 555 78 24 kunde,
693 555 26 26 på
735 556 48 24 sätt,
800 555 53 20 efter
868 555 72 21 derom
955 555 78 20 fattadt
1048 555 76 25 beslut,
1145 555 68 21 under

398 589 74 14 senare
494 583 60 20 delen
570 583 23 20 af
606 582 58 21 förra
684 583 128 26 landtdagen
828 583 62 25 skett,
907 583 92 26 försiggå
1014 582 95 27 sålunda,
1131 584 32 20 att
1178 589 35 15 en-

398 611 47 20 dast
468 611 26 20 de
516 611 77 25 utdrag
614 617 26 14 ur
661 611 136 26 protokollet,
820 617 45 14 som
887 611 106 21 innehålla
1011 611 96 21 ståndets
1121 611 93 21 beslut
1203 607 14 35 i

398 639 136 21 diskuterade
550 639 71 26 frågor
637 639 51 22 eller
703 640 61 26 eljest
785 639 123 26 expedieras
923 639 47 21 från
985 639 97 24 kansliet,
1105 640 109 26 upplästes

397 667 21 20 in
432 668 69 26 plena,
512 668 111 21 hvaremot
637 668 130 25 protokollet
782 668 6 20 i
799 669 31 20 sin
841 667 76 27 helhet,
935 668 64 21 sedan
1010 668 36 21 det
1061 667 22 21 af
1093 668 120 21 notarierne

397 695 110 22 aflemnats
529 696 33 21 rill
586 696 146 21 sekreteraren
751 696 39 21 och
805 696 24 21 af
842 696 146 22 sekreteraren
1002 696 120 26 granskats,
1145 697 68 20 skulle

397 725 95 20 anmälas
507 725 33 20 till
554 725 154 27 bordläggning
717 725 34 21 för
767 725 66 26 några
846 725 71 26 dagar,
928 725 119 21 hvarunder
1059 724 95 22 ståndets
1167 725 46 21 her-

398 759 37 15 rar
458 754 118 20 ledamöter
596 759 50 16 vore
668 755 7 19 i
690 754 82 20 tillfälle
788 755 32 19 att
835 759 98 20 genomse
949 754 116 20 detsamma
1080 753 39 22 och
1140 753 74 21 dervid

396 781 78 22 föreslå
490 782 26 21 de
532 781 119 27 ändringar,
667 782 85 21 hvartill
764 782 25 20 de
800 782 69 21 kunde
882 789 50 14 anse
947 781 113 27 anledning
1075 782 137 21 förekomma.

397 810 95 27 Anginge
515 810 139 25 ändringarne
677 812 66 19 annat
764 812 27 19 än
807 811 67 24 stilen,
897 811 36 20 det
953 810 36 21 vill
1004 812 50 24 säga
1069 810 96 27 åsyftade
1188 810 25 21 de

398 839 88 26 ändring
501 838 23 21 af
539 838 64 27 något
619 839 114 20 anförande
749 839 32 20 till
800 839 73 26 sjelfva
887 839 122 25 innehållet,
1033 839 67 20 skulle
1115 839 98 20 anmälan

398 867 72 21 derom
482 867 121 21 sedermera
617 867 23 21 af
653 867 50 20 herr
717 867 129 21 Talmannen
856 869 63 24 göras
934 867 55 21 inför
1003 866 92 27 ståndet,
1110 873 45 14 som
1167 867 46 20 der-

398 895 53 21 efter
466 895 133 22 resolverade
615 895 7 21 i
637 896 74 25 saken;
728 895 39 21 och
781 901 50 16 vore
847 896 129 25 protokollet
991 895 52 21 derå
1057 897 32 20 att
1105 901 60 15 anses
1181 895 33 21 så-

398 930 44 15 som
456 923 111 27 justeradt.
765 932 2 3 :

465 981 11 20 I
491 981 113 26 anledning
625 980 62 21 häraf
700 981 84 26 yttrade
800 981 31 26 sig
846 981 91 26 följande
956 980 95 21 ståndets
1066 981 146 20 medlemmar:

465 1038 55 20 Herr
535 1037 98 27 Bergh,
657 1044 44 15 som
717 1037 65 28 ansåg
797 1038 73 26 nödigt
892 1039 32 20 att
939 1039 96 20 närmare
1055 1037 118 21 bestämma
1188 1037 24 21 ti-

398 1067 47 22 den,
468 1066 67 21 under
557 1067 84 20 hvilken
664 1068 31 19 ett
710 1067 107 26 protokoll
827 1067 66 20 borde
906 1072 50 15 vara
967 1066 112 27 bordlagdt
1089 1067 55 20 samt
1158 1066 8 21 i
1181 1065 33 22 så-

398 1095 50 21 dant
459 1095 97 21 afseende
566 1095 93 26 föreslog
675 1095 44 20 åtta
735 1095 72 26 dagar.

466 1151 56 22 Herr
546 1151 167 26 Grundfeldt,
737 1158 44 14 som
805 1151 74 21 trodde
894 1151 90 21 nämnde
1011 1151 29 21 tid
1064 1157 51 14 vara
1141 1151 73 21 alltför

397 1180 67 26 knapt
485 1181 96 24 tilltagen
603 1180 40 21 och
658 1180 65 27 ansåg
739 1181 120 20 densamma
879 1179 112 27 lämpligen
1006 1180 71 20 kunna
1093 1180 120 21 utsträckas

398 1208 32 21 till
444 1208 80 26 fjorton
540 1209 71 26 dagar.

467 1265 55 21 Herr
545 1264 143 27 Öhrnberg,
711 1271 45 14 som
771 1265 32 20 för
819 1265 31 20 sin
866 1264 33 21 del
914 1264 19 27 ej
948 1264 49 21 fann
1011 1264 70 27 någon
1101 1263 113 28 anledning

398 1293 132 21 förekomma
544 1295 33 18 att
591 1293 114 20 inskränka
720 1293 139 26 protokollets
873 1293 152 26 bordläggning
1041 1293 31 20 till
1083 1292 72 21 alltför
1165 1293 49 20 kort

399 1321 37 27 tid,
453 1322 88 21 emedan
557 1321 12 21 å
588 1327 39 15 ena
643 1321 59 21 sidan
717 1321 129 27 protokollet
861 1321 84 21 komme
960 1323 32 19 att
1007 1321 31 20 till
1061 1321 153 26 bordläggning

400 1351 96 20 anmälas
511 1351 53 20 först
579 1350 64 20 sedan
659 1351 42 20 alla
715 1350 78 25 utdrag
808 1350 68 25 derur,
893 1356 44 15 som
954 1350 65 20 borde
1035 1349 129 26 expedieras,
1181 1355 32 15 re-

400 1378 40 21 dan
464 1385 50 14 vore
527 1378 108 26 justerade
652 1379 39 20 och
711 1378 104 21 utskrifna
830 1380 54 19 samt
905 1378 130 26 protokollet
1050 1377 81 22 således
1146 1378 19 26 ej
1180 1378 34 20 för

400 1407 59 20 detta
482 1406 97 21 ändamål
594 1406 107 26 behöfligt,
723 1407 75 20 medan
814 1406 13 21 å
838 1407 66 20 andra
919 1407 59 20 sidan
993 1406 66 21 borde
1073 1409 60 23 tagas
1148 1406 7 20 i
1177 1406 37 20 be-

400 1435 120 25 traktande,
538 1436 31 19 att
581 1434 85 21 ståndet
677 1435 108 26 utgjordes
800 1434 22 21 af
832 1436 96 19 närmare
940 1435 72 20 trettio
1028 1434 124 25 ledamöter,
1168 1440 46 14 som

400 1469 26 15 en
441 1463 52 20 hvar
507 1463 70 20 kunde
594 1463 67 21 önska
675 1466 32 18 att
722 1463 122 26 genomläsa
859 1463 135 26 protokollet,
1009 1462 34 21 för
1058 1463 80 20 hvilket
1150 1462 62 21 ända-

400 1491 41 21 mål
457 1492 40 20 den
512 1491 120 26 föreslagna
648 1491 57 21 tiden
720 1491 22 20 af
755 1491 46 20 åtta
816 1491 65 26 dagar
895 1493 71 24 syntes
981 1497 41 20 nog
1037 1491 55 20 kort.

468 1547 55 20 Herr
539 1546 144 22 Cederman
699 1547 65 26 ansåg
778 1547 33 20 för
826 1548 31 19 sin
873 1547 34 20 del
921 1546 102 26 lämpligt,
1040 1548 37 24 att,
1098 1546 65 26 jemte
1179 1547 36 20 det

404 1575 130 27 protokollet
548 1575 54 27 finge
619 1575 22 21 af
654 1575 95 20 ståndets
763 1575 136 21 inedlemmar
914 1575 67 20 under
993 1574 223 27 bordläggningstiden

400 1610 116 21 genomses,
533 1604 117 21 detsamma
665 1604 61 21 äfven
741 1603 65 22 borde
823 1604 22 21 af
858 1604 144 21 sekreteraren
1019 1602 13 22 å
1047 1603 111 22 bestämda
1179 1603 37 21 da-
