1086 1795
289 136 180 22 Börgareståndet.
493 136 55 18 1887.
570 137 26 17 22
608 136 62 18 Mars.
820 131 41 21 289

142 222 55 22 Herr
220 222 170 22 Cederman:
406 223 32 21 för
460 222 43 21 min
523 223 33 21 del
575 228 61 16 anser
650 222 35 26 jag
700 224 32 19 att
747 228 25 16 en
787 222 101 22 anhållan

71 257 35 15 om
121 250 139 27 landtdagens
274 250 131 28 förlängning
420 252 51 20 utan
487 250 120 22 utsättande
622 250 21 24 af
662 251 67 25 någon
745 250 96 22 bestämd
857 250 31 22 tid

72 279 18 26 ej
114 281 23 19 är
157 278 92 27 lämplig,
273 280 22 26 ty
316 278 121 28 derigenom
459 279 97 21 försättes
575 279 58 21 Hans
648 278 100 26 Majestät
763 279 124 26 Kejsaren
875 274 15 36 i

71 307 157 27 nödvändighet
242 309 38 24 att,
296 307 71 21 derest
381 307 143 27 ansökningen
540 308 72 20 vinner
622 306 73 27 nådigt
705 306 104 26 afseende,
820 307 68 21 antin-

70 342 41 20 gen
127 336 75 26 bevilja
214 342 25 14 en
254 336 147 27 prolongation
417 336 27 26 på
460 335 108 22 obestämd
581 335 31 22 tid
622 335 51 21 eller
686 335 62 22 också
758 335 48 27 sjelf
814 334 73 28 pröfva

71 364 54 21 huru
140 364 49 26 lång
204 364 36 25 tid,
256 370 45 16 som
317 366 56 20 ännu
387 364 41 21 kan
443 364 82 22 fordras
541 364 31 21 till
586 364 239 26 landtdagsärendernes
835 363 52 22 slut-

70 392 94 22 förande.
194 392 42 22 Det
250 392 57 22 förra
322 392 134 22 alternativet
471 395 31 23 är,
517 393 69 21 såsom
600 392 36 27 jag
651 392 87 26 fruktar,
753 392 47 22 icke
815 391 74 27 antag-

71 421 44 27 ligt,
141 421 87 21 emedan
251 422 65 26 enligt
337 421 96 27 gällande
453 421 146 27 författningar
614 421 41 21 viss
670 421 30 21 tid
716 421 32 21 för
763 420 123 22 ständernes

71 456 145 15 sammanvaro
232 450 60 21 torde
308 450 52 21 böra
375 455 49 16 vara
439 452 66 19 utsatt
521 450 45 25 och,
581 449 55 21 hvad
651 450 35 21 det
701 455 74 16 senare
796 449 90 22 alterna-

71 478 52 22 tivet
148 478 104 27 beträffar,
279 479 35 21 det
334 478 58 22 alltid
409 479 65 21 måste
490 478 31 22 för
537 478 57 22 Hans
606 477 99 28 Majestät
720 478 101 27 Kejsaren
836 483 51 16 vara

70 508 86 21 svårare
180 509 26 20 än
232 507 32 22 för
286 507 112 22 ständerne
420 507 71 27 sjelfve
507 510 31 19 att
553 506 79 28 pröfva,
648 507 53 22 huru
717 507 48 27 lång
780 506 30 22 tid
827 507 60 22 dessa

70 538 57 19 ännu
151 536 70 21 kunna
236 536 31 21 för
282 535 120 22 ändamålet
417 535 94 22 behöfva.
540 536 40 27 Jag
595 542 61 15 anser
671 535 88 27 derföre,
774 535 7 22 i
796 537 89 20 motsats

71 564 33 22 till
129 565 25 21 de
176 564 125 27 föregående
322 564 87 27 talarne,
433 571 26 15 en
475 565 93 21 bestämd
584 564 32 21 tid
630 564 32 21 för
678 565 39 21 den
732 563 153 28 prolongation,

71 599 46 16 som
133 593 94 27 begäres,
242 593 52 21 böra
309 593 6 21 i
330 593 123 22 ständernes
468 593 153 26 framställning
636 594 54 26 ingå.

139 639 55 21 Herr
217 639 99 26 Bergh:
336 638 59 22 äfven
415 639 36 26 jag
472 638 88 26 befarar,
584 640 31 19 att
638 639 70 20 derest
724 638 111 27 ständerne
853 638 33 21 till

70 666 117 22 Monarken
212 667 47 26 ingå
286 667 47 21 med
348 673 25 15 en
389 668 65 21 sådan
469 667 152 26 framställning
636 667 55 21 Herr
706 666 111 27 Öhrnberg
832 667 54 21 före-

69 695 68 28 slagit,
154 702 26 15 en
195 695 131 27 förlängning
342 695 20 22 af
376 695 127 27 landtdagen
518 695 26 27 på
560 695 109 22 obestämd
684 695 31 21 tid
726 695 53 21 dock
791 695 18 26 ej
821 695 64 22 bevil-

67 724 41 27 jas,
130 727 51 19 utan
202 731 26 14 en
252 725 39 20 viss
310 724 30 21 tid
356 724 31 21 för
401 724 138 26 landtdagens
555 724 117 21 afslutande
686 725 101 24 utsättes;
803 723 40 22 och
858 724 27 21 då

70 752 116 23 Monarken
201 753 7 20 i
224 753 40 21 alla
280 753 111 21 händelser
405 753 46 21 icke
466 753 41 20 kan
524 759 38 20 ega
577 753 39 21 den
632 753 118 20 kännedom
768 758 45 16 som
828 755 57 19 stän-

71 781 63 22 derne
159 788 33 14 om
208 782 64 25 tiden,
288 787 44 15 som
347 782 61 26 åtgår
423 781 32 21 till
470 781 125 21 ärendernas
610 781 136 25 slutförande,
761 781 62 21 torde
838 781 47 21 här-

70 810 34 21 vid
119 810 70 21 kunna
204 812 93 24 antagas,
313 812 31 19 att
360 810 57 20 tiden
433 809 31 21 för
479 810 157 26 förlängningen
656 809 125 21 bestämmes
799 810 86 20 kortare

70 840 26 19 än
121 845 36 15 sex
181 838 83 26 veckor,
289 838 83 22 hvilken
399 838 30 21 tid
452 838 64 26 jemte
539 839 35 20 det
589 840 56 19 ännu
660 838 133 20 återstående
808 838 22 20 af
844 838 39 20 den

69 867 161 27 ursprungligen
245 867 109 21 bestämda
369 866 56 22 tiden
441 866 32 21 för
489 866 126 27 landtdagen
630 866 54 21 dock
695 868 79 19 ansetts
784 872 50 15 vara
845 866 40 22 den

69 896 77 20 minsta
171 896 83 25 möjliga
280 895 32 21 för
336 895 153 26 behandlingen
512 896 22 20 af
556 895 54 20 blott
626 895 25 20 de
666 894 76 26 frågor,
759 900 45 15 som
820 895 65 20 redan

69 923 88 22 kommit
180 924 112 21 ständerne
317 923 110 25 tillhanda;
452 923 38 20 och
507 923 26 21 då
548 923 106 21 dessutom
670 924 54 19 ännu
739 922 50 21 flere
804 922 80 27 ytterli-

68 958 51 20 gare
141 952 153 27 propositioner
317 954 36 19 äro
375 954 32 18 att
421 951 66 21 under
503 952 67 21 denna
584 951 100 26 landtdag
698 950 103 27 förvänta,
816 951 68 21 blefve

69 981 36 20 det
120 987 25 14 en
161 980 83 21 absolut
259 980 122 27 omöjlighet
396 981 32 20 att
450 979 77 22 afsluta
545 979 238 27 landtdagsärendernes
793 979 91 21 behand-

69 1008 42 28 ling
126 1009 56 22 inom
198 1009 40 20 den
253 1009 88 21 sålunda
357 1009 110 20 bestämda
482 1009 64 21 tiden.

137 1055 56 21 Herr
208 1055 146 21 Rosenius:
367 1054 36 27 jag
417 1054 123 21 instämmer
554 1053 48 22 med
617 1053 81 21 Herrar
712 1053 117 22 Cederman
845 1053 40 22 och

69 1083 70 27 Bergh
155 1090 33 15 om
203 1083 184 28 nödvändigheten
403 1085 32 19 att
450 1083 6 20 i
472 1083 39 21 den
526 1082 160 27 ifrågavarande
702 1082 182 27 framställningen

69 1114 81 19 utsätta
173 1119 25 14 en
220 1113 41 20 viss
283 1113 37 25 tid,
343 1112 67 21 under
432 1111 84 22 hvilken
540 1111 133 26 förlängning
698 1111 93 26 begäres.
822 1111 62 20 Hvad

69 1141 66 26 angår
151 1141 35 21 det
202 1141 22 21 af
238 1141 54 21 Herr
308 1141 121 25 Lindegvist
453 1140 117 26 åberopade
591 1139 142 21 förhållandet
751 1139 34 21 vid
801 1140 83 20 senaste

69 1169 108 26 landtdag,
201 1169 37 21 ber
258 1169 37 26 jag
316 1169 22 21 få
360 1169 70 21 erinra
454 1169 78 25 derom,
555 1169 32 20 att
608 1168 21 20 vi
652 1167 26 22 då
692 1168 46 21 icke
753 1167 47 21 haft
815 1167 69 26 någon

69 1197 102 27 landtdag
191 1198 28 26 på
240 1197 73 22 femtio
337 1197 30 24 år,
389 1197 39 20 och
452 1197 18 26 ej
493 1197 52 26 ägde
568 1196 40 21 den
628 1196 99 21 säkerhet
749 1202 44 15 som
809 1202 28 15 nu
852 1197 33 20 att

69 1227 113 20 ständerne
200 1227 47 20 åter
262 1225 68 22 skulle
346 1225 162 22 sammankallas
524 1225 53 21 efter
592 1225 56 20 blott
662 1224 65 27 några
743 1224 34 21 års
793 1224 90 27 förlopp.

69 1254 34 21 Nu
119 1255 95 21 deremot
228 1257 40 24 äga
283 1255 19 20 vi
317 1254 78 22 visshet
410 1255 73 20 derom
499 1256 37 22 att,
552 1259 34 16 om
601 1253 61 21 äfven
677 1253 42 21 alla
729 1253 32 20 till
771 1253 113 21 ständerne

69 1283 35 21 vid
125 1283 69 21 denna
214 1283 102 26 landtdag
338 1282 154 22 öfverlemnade
507 1282 73 27 frågor
596 1281 18 27 ej
630 1288 28 14 nu
673 1282 64 20 hinna
752 1281 89 27 afgöras,
858 1282 26 21 de

70 1311 55 22 dock
148 1312 85 21 komma
255 1311 32 22 till
309 1311 114 26 afgörande
446 1313 71 19 senast
538 1311 56 20 inom
617 1310 42 21 fem
681 1310 30 26 år,
729 1309 27 21 då
771 1309 113 22 ständerne

70 1342 61 20 nästa
146 1341 54 26 gång
216 1341 84 20 komma
316 1341 32 19 att
362 1339 165 21 sammanträda.
556 1339 112 21 Dessutom
684 1338 74 23 skulle,
773 1338 61 21 äfven
849 1345 36 15 om

69 1375 27 15 en
110 1369 149 27 prolongation
274 1368 23 21 af
311 1368 126 27 landtdagen
452 1368 28 26 på
495 1368 110 20 obestämd
620 1367 51 21 eller
683 1367 71 25 längre
769 1366 31 20 tid
811 1368 26 19 än
848 1373 37 15 sex

69 1398 85 25 veckor,
169 1398 70 21 kunde
255 1397 93 27 beviljas,
363 1399 68 19 större
447 1397 61 21 delen
523 1396 22 21 af
558 1396 95 21 ståndets
668 1395 116 21 ledamöter
793 1396 90 26 troligen

69 1426 63 26 högst
155 1432 78 20 ogerna
255 1426 130 20 underkasta
407 1426 32 25 sig
461 1426 32 18 att
515 1424 21 20 af
551 1424 39 20 den
608 1424 141 20 instundande
764 1429 119 15 sommaren

70 1454 39 19 här
121 1454 7 20 i
144 1453 131 26 Helsingfors
290 1453 107 26 tillbringa
412 1453 80 20 kanske
507 1452 49 21 Juni
572 1452 39 21 och
626 1452 44 20 Juli
684 1450 107 21 månader.

139 1499 55 21 Herr
216 1493 153 32 Öhrnberg:
395 1497 56 22 Herr
475 1497 85 21 Rosenii
582 1496 154 27 framställning
758 1501 61 22 synes
841 1496 43 27 mig

71 1527 108 27 ionebära,
201 1529 32 20 att
255 1527 41 21 han
319 1526 107 28 uppfattat
448 1526 48 21 mitt
518 1525 80 28 förslag
619 1525 69 22 såsom
703 1525 68 21 skulle
784 1525 36 27 jag
835 1525 58 30 med.

797 1564 21 18 19
