1084 1820
220 125 40 22 298
409 129 182 22 Borgareståndet.
615 131 56 16 1887.
694 130 25 17 26
731 131 62 16 Mars.

192 215 44 21 låta
250 214 170 27 propositionens
435 215 150 21 remitterande
601 215 32 20 till
647 215 128 26 granskning
785 215 6 20 i
802 215 145 26 lagutskottet,
959 215 50 22 eller

192 244 64 26 något
271 243 22 21 af
310 243 26 21 de
358 243 66 26 öfriga
446 243 106 22 allmänna
574 243 113 22 utskotten.
719 243 9 21 I
744 243 155 27 propositionen
922 243 87 28 antydes

192 272 46 26 ock,
261 273 31 20 att
315 271 58 22 Hans
395 271 118 28 Kejserliga
528 271 99 28 Majestät
643 271 45 27 sjelf
703 271 120 22 förbehållit
837 272 31 26 sig
883 274 32 19 att
929 272 79 27 afgöra,

192 307 33 15 om
249 300 58 21 Hans
329 301 117 25 Kejserliga
468 300 99 27 Majestät
589 301 64 20 sedan
676 300 48 21 ville
746 301 31 20 till
797 301 97 26 samtliga
909 300 100 22 ståndens

191 329 97 27 pröfning
310 329 115 26 framlägga
446 329 73 26 frågan
544 329 127 21 oförändrad
694 328 51 22 eller
767 329 114 21 förändrad
904 329 51 21 eller
970 330 39 20 ock

192 357 87 22 alldeles
301 357 46 22 icke
362 357 112 26 hänskjuta
490 357 39 22 den
545 357 31 22 till
593 358 110 21 desamma.
733 357 41 27 Jag
788 357 42 22 kan
845 357 46 22 icke
907 357 56 26 dölja
977 357 33 22 för

191 385 49 28 mig,
256 386 32 21 till
303 386 85 21 hvilken
403 386 102 27 väsentlig
520 386 99 21 afvikelse
635 386 19 21 vi
669 385 67 22 skulle
751 385 89 27 komma,
857 392 34 15 om
907 388 31 19 ett
947 386 61 21 stånd

191 415 68 21 skulle
281 415 88 21 tillvälla
390 415 31 26 sig
443 415 127 26 rättigheten
593 417 32 19 att
639 421 75 20 genom
729 415 37 20 sitt
781 415 106 21 afslående
902 415 65 21 ändra
983 421 25 15 en

192 443 63 27 nådig
270 443 130 27 proposition
416 443 39 21 och
470 443 121 26 derigenom
605 443 86 21 inverka
705 443 29 27 på
745 443 25 21 de
781 443 65 27 öfriga
856 443 95 21 stånden.
976 443 33 21 En

192 472 66 21 sådan
280 471 181 27 landtdagspraxis
486 478 63 15 anser
567 472 36 26 jag
626 471 41 27 mig
688 471 52 21 böra
760 472 46 21 från
829 471 73 27 början
925 472 26 26 på
975 472 34 21 det

191 499 143 23 bestämdaste
349 502 101 20 motsätta
464 500 47 27 mig.
542 500 40 28 Jag
597 506 62 16 anser
675 500 81 22 derföre
768 502 32 19 att
811 506 34 16 om
855 500 155 27 Ridderskapet

192 528 39 22 och
252 529 69 21 Adeln
344 529 59 21 äfven
425 528 68 22 skulle
515 530 112 26 godkänna
641 528 158 28 propositionen
814 535 33 15 om
863 536 27 20 ny
905 529 104 21 konkurs-

191 557 81 27 stadga,
288 558 24 21 så
327 557 67 22 skulle
417 557 54 22 dock
492 558 94 21 hvarken
603 558 218 26 grundlagsutskottet
836 557 51 22 eller
903 558 25 21 de
944 557 65 27 öfriga

191 586 90 22 stånden
303 586 71 22 kunna
389 586 48 26 ingå
452 586 6 21 i
474 586 95 27 pröfning
585 586 22 22 af
620 586 158 26 propositionen
794 592 33 15 om
843 586 67 22 forum
925 586 84 27 privile-

191 615 87 26 giatum,
295 617 50 19 utan
361 621 49 15 vara
425 616 92 25 tvungna
533 616 31 20 att
579 617 63 25 vägra
658 621 26 14 en
699 614 65 22 sådan
775 614 103 28 pröfning,
890 618 55 18 samt
955 614 54 22 blott

192 644 83 21 anmäla
290 644 31 26 sig
337 650 50 15 vara
409 644 144 21 urståndsatta
569 646 32 19 att
616 644 44 21 deri
675 644 53 26 ingå.
759 644 88 27 Följden
862 644 59 21 deraf
935 644 74 27 blefve,

192 674 32 19 att
238 672 46 21 icke
300 672 54 22 blott
369 672 164 27 Ridderskapets
544 673 38 21 och
593 673 78 21 Adelns
687 672 96 27 förtidiga
799 673 128 26 omröstning
942 672 68 22 skulle

192 700 56 28 ligga
262 701 6 21 i
284 703 72 24 vägen,
380 703 51 20 utan
453 701 40 22 ock
508 704 32 19 att
557 701 24 22 de
597 701 66 26 öfriga
677 701 89 21 stånden
781 701 72 27 gjorde
868 701 32 27 sig
915 701 95 28 skyldiga

192 729 32 21 till
240 736 25 15 en
280 730 153 26 inkonseqvens
449 730 50 26 deri,
515 732 32 19 att
562 730 38 21 hos
615 729 154 27 Ridderskapet
785 730 38 21 och
839 730 68 21 Adeln
922 732 51 25 göra
984 736 25 15 en

192 758 129 27 inbjudning,
344 764 44 15 som
405 759 17 26 ej
439 758 67 21 skulle
528 759 47 21 leda
596 759 31 20 till
643 759 64 26 något
721 758 97 22 resultat.
847 758 75 22 Gällde
937 759 73 26 frågan

192 787 47 21 åter
254 787 56 21 blott
324 787 158 26 propositionen
497 793 33 15 om
547 787 77 26 förslag
639 787 32 20 till
687 793 26 21 ny
727 787 176 26 konkursstadga,
913 788 24 20 så
950 793 61 16 anser

190 815 37 26 jag
241 815 140 27 lagutskottet
395 821 50 16 vara
461 815 144 22 oförhindradt
620 817 32 20 att
667 815 52 22 efter
731 815 60 22 bästa
802 815 94 22 förstånd
906 815 104 22 behandla

193 843 36 22 det
251 845 77 20 ämnet.
344 856 27 3 —
386 843 40 27 Jag
448 844 115 27 tillstyrker
587 844 88 25 derföre,
698 846 31 19 att
747 845 25 26 vi,
789 845 68 21 såsom
873 844 19 21 vi
908 851 48 20 nyss
971 845 39 20 fått

193 871 67 23 erfara
282 875 32 19 att
334 872 60 22 äfven
409 873 158 21 Bondeståndet
583 873 92 25 beslutit,
690 874 109 21 utsträcka
814 873 149 28 inbjudningen
979 873 31 21 till

192 901 147 26 upphäfvande
360 901 23 21 af
403 901 164 27 Ridderskapets
585 901 39 22 och
639 901 72 21 adelns
733 901 160 27 ifrågavarande
913 902 70 21 beslut
1003 902 7 20 i

191 929 33 21 sin
239 929 77 21 helhet.

261 992 55 21 Herr
338 992 91 26 Bergh:
452 992 56 22 Herr
531 992 111 27 Öhrnberg
664 992 38 22 har
721 994 72 26 yttrat,
809 994 31 20 att
855 993 36 21 det
906 994 17 26 ej
939 993 71 27 gåfves

192 1021 70 27 någon
284 1027 69 15 annan
374 1022 64 25 utväg
459 1020 32 22 för
513 1021 154 27 Ridderskapet
688 1021 39 21 och
749 1022 67 20 Adeln
837 1023 32 20 att
891 1022 66 21 ändra
974 1022 37 21 sitt

192 1049 70 22 beslut
277 1050 6 20 i
298 1050 72 26 frågan
394 1056 33 14 om
450 1049 67 22 forum
540 1050 159 26 privilegiatum,
721 1056 34 15 om
778 1056 48 15 man
841 1050 46 22 icke
902 1050 67 22 skulle
983 1051 27 26 gå

191 1078 38 20 det
250 1077 103 21 tillhanda
374 1078 47 21 med
444 1084 25 14 en
490 1078 128 27 inbjudning.
649 1078 42 20 För
713 1078 42 21 min
778 1078 34 21 del
826 1078 41 22 kan
881 1079 35 26 jag
932 1079 17 26 ej
965 1078 44 22 inse

192 1106 66 21 detta.
288 1106 40 21 Om
343 1106 140 26 lagutskottet
497 1106 132 21 behandlade
644 1106 73 27 frågan
733 1113 34 15 om
783 1113 26 20 ny
824 1106 186 27 konkursstadga
997 1102 16 35 i

192 1134 216 21 öfverensstämmelse
426 1134 49 21 med
490 1135 26 21 de
531 1135 91 26 grunder
636 1134 59 22 Hans
710 1134 116 28 Kejserliga
841 1135 100 26 Majestät
955 1135 56 21 före-

191 1162 64 26 slagit
278 1162 38 22 och
339 1162 88 22 sålunda
442 1165 51 19 utan
508 1162 97 22 afseende
621 1164 12 20 å
647 1162 68 22 forum
731 1163 159 27 privilegiatum,
906 1165 23 20 så
944 1163 66 22 finnes

193 1191 35 21 det
250 1191 46 21 icke
319 1190 69 28 något,
412 1197 44 15 som
479 1191 70 22 kunde
571 1191 74 22 hindra
667 1191 154 27 Ridderskapet
842 1192 38 22 och
895 1192 68 22 Adeln
979 1194 32 20 att

192 1219 74 27 frångå
294 1220 46 20 dess
367 1219 76 26 beslut,
472 1220 68 21 sävidt
565 1220 34 20 det
624 1222 35 19 rör
683 1220 190 27 konkursstadgan.
903 1220 45 22 Och
973 1222 38 20 när

191 1247 156 27 Ridderskapet
362 1248 40 20 och
416 1247 68 22 Adeln
499 1248 74 21 blifver
588 1248 75 22 försatt
673 1248 6 21 i
690 1248 81 22 tillfälle
786 1251 31 19 att
829 1250 6 20 i
846 1249 57 21 detta
914 1249 97 21 afseende

192 1275 74 27 frångå
288 1276 36 21 sitt
347 1276 75 26 beslut,
440 1277 24 20 sä
478 1276 67 22 finner
558 1277 36 25 jag
610 1277 25 26 ej,
651 1276 97 22 hvarföre
763 1277 35 21 det
814 1278 26 21 dä
855 1278 18 26 ej
889 1278 27 26 pä
931 1284 80 15 samma

191 1305 57 25 gäng
262 1304 70 22 kunde
354 1304 72 27 frängä
442 1304 36 22 sitt
494 1304 69 22 beslut
578 1305 60 21 äfven
653 1305 7 22 i
675 1306 26 20 de
717 1306 65 21 andra
798 1306 213 26 omständigheterna.

192 1332 76 27 Nägon
290 1333 53 21 falsk
364 1333 80 27 blygsel
467 1333 65 22 borde
554 1334 45 21 icke
621 1334 67 21 heller
710 1334 75 21 hindra
803 1334 154 26 Ridderskapet
973 1334 38 22 och

192 1361 68 20 Adeln
282 1364 32 17 att
336 1361 65 20 ändra
422 1362 65 25 sagde
502 1362 75 20 beslut.
608 1362 44 20 Och
668 1362 35 20 det
718 1364 29 23 är,
764 1362 53 20 efter
832 1362 42 20 min
889 1362 60 26 äsigt,
965 1362 46 21 icke

191 1389 111 25 passande,
321 1390 32 19 att
368 1390 32 19 ett
415 1389 50 20 eller
480 1388 51 21 flera
546 1389 22 20 af
583 1389 25 21 de
623 1389 66 21 andra
703 1390 96 25 ständen,
815 1390 48 21 med
877 1389 134 27 äberopande

191 1415 22 22 af
226 1415 51 23 flere
300 1415 51 23 eller
372 1416 56 22 färre
450 1416 53 26 skäl,
526 1417 51 21 söka
591 1417 68 22 förmå
673 1417 154 28 Ridderskapet
843 1418 38 22 och
897 1418 68 22 Adeln
980 1419 32 21 att

191 1444 75 28 frängä
281 1447 31 21 ett
327 1445 76 25 beslut,
419 1452 45 15 som
480 1446 25 26 vi,
521 1446 128 22 ätminstone
664 1446 21 21 af
699 1446 157 28 granlagenhet,
880 1448 67 21 mäste
961 1453 51 16 anse

191 1474 57 22 hvila
262 1474 27 28 pä
304 1475 64 26 något
390 1474 52 22 skäl.
472 1474 74 22 Praxis
567 1475 46 22 från
635 1475 57 22 förra
711 1475 128 28 landtdagen
854 1476 55 22 visar
924 1476 40 27 väl,
981 1478 31 20 att

191 1501 52 23 flera
265 1504 63 20 ständ
349 1504 65 21 vändt
436 1503 32 27 sig
483 1503 32 22 till
529 1504 179 28 Borgareständet
723 1506 47 20 med
785 1505 93 27 begäran
893 1507 32 20 att
939 1505 74 28 frängä

191 1532 48 22 dess
254 1538 26 16 en
296 1533 55 27 gäng
366 1532 80 22 fattade
462 1532 77 28 beslut,
555 1539 46 16 men
618 1534 35 21 det
668 1533 39 22 har
721 1534 46 22 icke
781 1534 52 27 gällt
849 1536 32 20 att
895 1535 72 27 afsäga
982 1535 31 27 sig
