1084 1842
280 139 181 22 Borgareståndet.
486 140 54 18 1867.
563 140 27 17 24
602 140 61 21 April.
825 134 41 22 563

77 224 109 30 äfvensom
197 225 60 21 Herr
271 226 188 20 Kommercerådet
477 225 113 23 Sundman,
605 226 7 19 i
628 225 98 21 afseende
744 225 13 21 å
776 225 118 20 kännedom

78 259 34 15 om
128 253 26 21 de
170 253 84 27 belopp,
271 260 45 14 som
331 253 32 21 för
378 254 72 26 hvarje
465 254 48 20 stad
529 253 65 21 borde
609 253 111 21 inbetalas.

147 370 111 21 Sessionen
273 369 96 22 slutades
384 370 27 21 kl.
427 370 12 20 2
455 377 18 14 e.
489 377 26 14 m.

664 426 21 17 In
697 426 62 17 fidem:

602 461 75 21 Sixtus
694 461 132 21 Calamnius.

297 608 154 33 Onsdagen
469 608 57 27 den
544 608 33 27 24
594 608 87 33 April

78 677 29 20 kl.
125 677 23 20 11
166 677 14 20 f.
196 683 26 14 m.
239 677 172 20 sammanträdde
425 677 34 20 till
474 676 84 26 plenum
573 677 7 20 i
596 676 106 27 vällofliga
719 675 178 27 Borgareståndet

79 705 48 21 dess
142 705 97 26 samtlige
255 705 123 24 ledamöter,
393 707 59 19 utom
467 704 83 22 Herrar
564 705 110 26 Rosenius,
692 705 116 26 Hackman,
829 704 67 21 Gran-

80 735 73 23 ström,
169 733 63 21 Utter
246 733 40 21 och
301 733 110 26 Petrelius,
427 733 72 21 hvilka
513 733 48 21 med
576 733 96 21 tillstånd
687 733 47 21 från
750 733 73 21 staden
839 733 58 20 bort-

80 763 51 24 rest,
151 763 55 20 samt
226 761 80 22 Herrar
321 761 117 22 Cederman
454 762 39 21 och
507 762 113 27 Nylander,
636 761 72 22 hvilka
723 761 108 21 anmäldes
847 767 51 15 vara

80 790 24 21 af
117 790 98 27 sjukdom
230 790 103 21 hindrade
347 792 32 19 att
395 791 166 20 sammanträdet
576 790 81 21 bivista.

149 846 114 27 Upplästes
278 846 32 21 till
325 846 102 26 justering
442 847 77 25 utdrag
534 852 25 15 ur
574 845 95 22 ståndets
685 846 115 26 protokoll:

152 903 41 26 1:0)
208 902 34 20 för
257 903 40 20 den
313 903 12 21 8
341 903 7 19 i
363 903 68 19 denna
446 902 83 26 månad,
545 902 108 26 angående
668 902 96 20 ståndets
779 902 70 20 beslut
864 907 34 15 om

81 930 122 21 återremiss
224 930 34 21 till
279 930 220 26 grundlagsutskottet
521 930 23 20 af
564 930 24 26 $$
615 930 25 20 73
666 930 38 20 och
730 931 26 19 75
778 930 7 20 i
807 929 92 21 berörda

80 958 95 21 utskotts
190 958 135 21 betänkande
339 958 7 21 i
362 958 111 26 anledning
488 958 21 20 af
524 957 76 27 nådiga
615 958 160 26 propositionen
790 958 39 20 N:o
841 958 11 20 1
865 964 34 14 om

80 986 213 27 landtdagsordning;

150 1043 43 26 2:0)
216 1043 33 21 för
272 1043 40 21 den
337 1043 24 21 11
385 1042 142 22 innevarande
549 1042 66 26 April,
638 1042 146 21 innefattande
804 1032 95 31 ståndets

81 1071 71 21 beslut
167 1077 34 15 om
216 1071 121 26 uttaxering
351 1071 23 21 af
386 1070 75 27 bidrag
477 1071 32 21 till
524 1070 95 22 ståndets
634 1070 73 26 kassa;
723 1070 39 21 och

151 1128 43 26 3:0)
209 1128 33 20 för
258 1128 40 20 den
314 1128 17 23 5
342 1128 84 26 dennes,
442 1127 109 27 angående
566 1127 95 21 ståndets
681 1126 69 22 beslut
765 1127 7 21 i
787 1127 113 25 anledning

81 1156 24 20 af
123 1156 166 26 Ridderskapets
305 1156 39 21 och
366 1156 79 20 Adelns
467 1156 124 26 inbjudning
613 1162 33 14 om
674 1155 168 21 öfverlemnande
867 1154 33 21 till

82 1184 190 26 bankfullmäktige
287 1185 32 19 att
335 1184 44 20 läta
393 1186 96 24 uppgöra
504 1184 77 26 ritning
601 1184 39 20 och
662 1183 183 26 kostnadsförslag
867 1182 33 21 till

82 1214 31 20 ett
135 1214 48 24 nytt
203 1212 103 26 bankhus,
328 1212 33 21 för
383 1214 32 19 att
437 1212 113 21 ständerne
575 1212 34 20 vid
634 1214 61 18 nästa
720 1212 101 26 landtdag
845 1210 56 22 före-

81 1240 80 26 läggas,
177 1247 27 14 m.
223 1247 27 14 m.

150 1269 130 21 Ledamoten
296 1269 7 20 i
318 1268 118 27 Kejserliga
452 1270 97 19 senatens
562 1268 82 26 justitie
666 1268 151 26 departement,
837 1267 64 21 verk-

82 1297 41 25 lige
138 1297 116 21 statsrädet
269 1297 40 21 och
323 1297 100 21 riddaren
439 1297 56 21 Herr
510 1297 52 21 Klas
576 1296 143 21 Nordenheim
734 1296 109 21 aumäldes
861 1295 39 21 och

83 1325 73 21 infann
171 1325 38 26 sig,
225 1325 74 26 åtföljd
315 1324 23 21 af
351 1325 55 21 Herr
421 1325 106 21 allmänna
549 1324 289 21 referendariesekreteraren
861 1323 40 21 och

83 1354 99 20 riddaren
198 1353 114 27 Snellman,
328 1355 55 19 samt
398 1355 105 24 emottogs
518 1353 22 21 af
553 1359 26 15 en
595 1353 123 26 deputation
734 1352 48 21 utaf
794 1358 37 15 sex
843 1352 58 20 med-

82 1382 89 20 lemmar
186 1382 7 20 i
208 1381 95 26 ständet;
320 1381 50 21 derä
385 1382 49 20 herr
449 1369 92 39 verklige
558 1381 115 21 statsrädet
688 1380 142 22 Nordenheim
843 1380 57 20 med-

84 1410 76 21 delade
175 1410 85 20 ständet
270 1410 59 20 Hans
339 1409 119 27 Kejserliga
468 1410 108 26 Majeststs
586 1409 77 26 nädiga
674 1409 92 26 reskript
775 1408 126 27 sälydande:

153 1466 41 24 »Vi
216 1466 120 20 Alexander
359 1466 39 20 den
421 1466 71 19 Andre
516 1466 48 20 med
587 1465 59 20 Guds
671 1465 54 20 nåde
750 1465 87 25 Kejsare
863 1464 39 20 och

85 1492 165 27 Sjelfherrskare
273 1493 58 21 öfver
351 1493 48 21 hela
418 1492 111 27 Ryssland,
544 1492 53 22 Tsar
612 1492 22 21 af
649 1492 73 24 Polen,
738 1492 116 20 Storfurste
869 1491 34 21 till

84 1519 97 27 Finland,
197 1522 39 20 etc.
252 1522 38 20 etc.
307 1522 39 20 etc.
