<?xml version="1.0" encoding="UTF-8"?>
<alto xmlns="http://www.loc.gov/standards/alto/ns-v3#" xmlns:xlink="http://www.w3.org/1999/xlink" xmlns:xsi="http://www.w3.org/2001/XMLSchema-instance" xsi:schemaLocation="http://www.loc.gov/standards/alto/ns-v3# http://www.loc.gov/alto/v3/alto-3-0.xsd">
	<Description>
		<MeasurementUnit>pixel</MeasurementUnit>
		<sourceImageInformation>
			<fileName>/tmp/tess__4y49cu4_input.PNG</fileName>
		</sourceImageInformation>
		<OCRProcessing ID="OCR_0">
			<ocrProcessingStep>
				<processingSoftware>
					<softwareName>tesseract 5.3.4</softwareName>
				</processingSoftware>
			</ocrProcessingStep>
		</OCRProcessing>
	</Description>
	<Layout>
		<Page WIDTH="1084" HEIGHT="1848" PHYSICAL_IMG_NR="0" ID="page_0">
			<PrintSpace HPOS="0" VPOS="0" WIDTH="1084" HEIGHT="1848">
				<ComposedBlock ID="cblock_0" HPOS="315" VPOS="120" WIDTH="560" HEIGHT="26">
					<TextBlock ID="block_0" HPOS="315" VPOS="120" WIDTH="560" HEIGHT="26">
						<TextLine ID="line_0" HPOS="315" VPOS="120" WIDTH="560" HEIGHT="26">
							<String ID="string_0" HPOS="315" VPOS="124" WIDTH="180" HEIGHT="22" WC="0.91" CONTENT="Borgareståndet."/><SP WIDTH="25" VPOS="124" HPOS="495"/>
							<String ID="string_1" HPOS="520" VPOS="126" WIDTH="54" HEIGHT="17" WC="0.94" CONTENT="1867."/><SP WIDTH="25" VPOS="126" HPOS="574"/>
							<String ID="string_2" HPOS="599" VPOS="126" WIDTH="24" HEIGHT="16" WC="0.96" CONTENT="19"/><SP WIDTH="11" VPOS="126" HPOS="623"/>
							<String ID="string_3" HPOS="634" VPOS="125" WIDTH="64" HEIGHT="18" WC="0.96" CONTENT="Mars."/><SP WIDTH="136" VPOS="125" HPOS="698"/>
							<String ID="string_4" HPOS="834" VPOS="120" WIDTH="41" HEIGHT="20" WC="0.96" CONTENT="263"/>
						</TextLine>
					</TextBlock>
				</ComposedBlock>
				<GraphicalElement ID="cblock_1" HPOS="90" VPOS="164" WIDTH="806" HEIGHT="4"></GraphicalElement >
				<ComposedBlock ID="cblock_2" HPOS="88" VPOS="210" WIDTH="815" HEIGHT="140">
					<TextBlock ID="block_1" HPOS="88" VPOS="210" WIDTH="815" HEIGHT="140">
						<TextLine ID="line_1" HPOS="90" VPOS="210" WIDTH="813" HEIGHT="26">
							<String ID="string_5" HPOS="90" VPOS="210" WIDTH="107" HEIGHT="21" WC="0.96" CONTENT="bristande"/><SP WIDTH="21" VPOS="210" HPOS="197"/>
							<String ID="string_6" HPOS="218" VPOS="210" WIDTH="119" HEIGHT="21" WC="0.96" CONTENT="kännedom"/><SP WIDTH="23" VPOS="210" HPOS="337"/>
							<String ID="string_7" HPOS="360" VPOS="216" WIDTH="35" HEIGHT="15" WC="0.95" CONTENT="om"/><SP WIDTH="20" VPOS="216" HPOS="395"/>
							<String ID="string_8" HPOS="415" VPOS="210" WIDTH="62" HEIGHT="21" WC="0.96" CONTENT="dessa"/><SP WIDTH="22" VPOS="210" HPOS="477"/>
							<String ID="string_9" HPOS="499" VPOS="210" WIDTH="179" HEIGHT="26" WC="0.96" CONTENT="omständigheter"/><SP WIDTH="22" VPOS="210" HPOS="678"/>
							<String ID="string_10" HPOS="700" VPOS="211" WIDTH="63" HEIGHT="25" WC="0.96" CONTENT="utgör"/><SP WIDTH="17" VPOS="211" HPOS="763"/>
							<String ID="string_11" HPOS="780" VPOS="210" WIDTH="75" HEIGHT="21" WC="0.96" CONTENT="hinder"/><SP WIDTH="15" VPOS="210" HPOS="855"/>
							<String ID="string_12" HPOS="870" VPOS="210" WIDTH="33" HEIGHT="21" WC="0.96" CONTENT="för"/>
						</TextLine>
						<TextLine ID="line_2" HPOS="90" VPOS="237" WIDTH="813" HEIGHT="28">
							<String ID="string_13" HPOS="90" VPOS="237" WIDTH="128" HEIGHT="27" WC="0.91" CONTENT="landtdagen"/><SP WIDTH="24" VPOS="237" HPOS="218"/>
							<String ID="string_14" HPOS="242" VPOS="240" WIDTH="31" HEIGHT="19" WC="0.96" CONTENT="att"/><SP WIDTH="22" VPOS="240" HPOS="273"/>
							<String ID="string_15" HPOS="295" VPOS="237" WIDTH="34" HEIGHT="22" WC="0.96" CONTENT="för"/><SP WIDTH="21" VPOS="237" HPOS="329"/>
							<String ID="string_16" HPOS="350" VPOS="238" WIDTH="131" HEIGHT="21" WC="0.95" CONTENT="närvarande"/><SP WIDTH="15" VPOS="238" HPOS="481"/>
							<String ID="string_17" HPOS="496" VPOS="238" WIDTH="50" HEIGHT="26" WC="0.96" CONTENT="ingå"/><SP WIDTH="14" VPOS="238" HPOS="546"/>
							<String ID="string_18" HPOS="560" VPOS="238" WIDTH="7" HEIGHT="21" WC="0.93" CONTENT="i"/><SP WIDTH="15" VPOS="238" HPOS="567"/>
							<String ID="string_19" HPOS="582" VPOS="237" WIDTH="98" HEIGHT="28" WC="0.92" CONTENT="pröfning"/><SP WIDTH="14" VPOS="237" HPOS="680"/>
							<String ID="string_20" HPOS="694" VPOS="238" WIDTH="23" HEIGHT="21" WC="0.95" CONTENT="af"/><SP WIDTH="13" VPOS="238" HPOS="717"/>
							<String ID="string_21" HPOS="730" VPOS="237" WIDTH="72" HEIGHT="26" WC="0.96" CONTENT="saken,"/><SP WIDTH="15" VPOS="237" HPOS="802"/>
							<String ID="string_22" HPOS="817" VPOS="238" WIDTH="86" HEIGHT="21" WC="0.96" CONTENT="hvilken"/>
						</TextLine>
						<TextLine ID="line_3" HPOS="88" VPOS="265" WIDTH="815" HEIGHT="28">
							<String ID="string_23" HPOS="88" VPOS="266" WIDTH="83" HEIGHT="21" WC="0.92" CONTENT="derföre"/><SP WIDTH="11" VPOS="266" HPOS="171"/>
							<String ID="string_24" HPOS="182" VPOS="266" WIDTH="65" HEIGHT="26" WC="0.97" CONTENT="enligt"/><SP WIDTH="10" VPOS="266" HPOS="247"/>
							<String ID="string_25" HPOS="257" VPOS="266" WIDTH="42" HEIGHT="21" WC="0.96" CONTENT="min"/><SP WIDTH="11" VPOS="266" HPOS="299"/>
							<String ID="string_26" HPOS="310" VPOS="265" WIDTH="64" HEIGHT="22" WC="0.96" CONTENT="tanke"/><SP WIDTH="10" VPOS="265" HPOS="374"/>
							<String ID="string_27" HPOS="384" VPOS="266" WIDTH="39" HEIGHT="21" WC="0.93" CONTENT="bör"/><SP WIDTH="10" VPOS="266" HPOS="423"/>
							<String ID="string_28" HPOS="433" VPOS="266" WIDTH="79" HEIGHT="21" WC="0.92" CONTENT="lemnas"/><SP WIDTH="9" VPOS="266" HPOS="512"/>
							<String ID="string_29" HPOS="521" VPOS="266" WIDTH="105" HEIGHT="21" WC="0.96" CONTENT="beroende"/><SP WIDTH="8" VPOS="266" HPOS="626"/>
							<String ID="string_30" HPOS="634" VPOS="266" WIDTH="32" HEIGHT="21" WC="0.96" CONTENT="till"/><SP WIDTH="8" VPOS="266" HPOS="666"/>
							<String ID="string_31" HPOS="674" VPOS="267" WIDTH="62" HEIGHT="20" WC="0.93" CONTENT="nästa"/><SP WIDTH="6" VPOS="267" HPOS="736"/>
							<String ID="string_32" HPOS="742" VPOS="266" WIDTH="112" HEIGHT="27" WC="0.86" CONTENT="landtdag:"/><SP WIDTH="9" VPOS="266" HPOS="854"/>
							<String ID="string_33" HPOS="863" VPOS="267" WIDTH="40" HEIGHT="21" WC="0.97" CONTENT="och"/>
						</TextLine>
						<TextLine ID="line_4" HPOS="90" VPOS="294" WIDTH="813" HEIGHT="27">
							<String ID="string_34" HPOS="90" VPOS="295" WIDTH="70" HEIGHT="21" WC="0.93" CONTENT="kunde"/><SP WIDTH="15" VPOS="295" HPOS="160"/>
							<String ID="string_35" HPOS="175" VPOS="294" WIDTH="116" HEIGHT="22" WC="0.92" CONTENT="emellertid"/><SP WIDTH="16" VPOS="294" HPOS="291"/>
							<String ID="string_36" HPOS="307" VPOS="295" WIDTH="74" HEIGHT="26" WC="0.91" CONTENT="ätgärd"/><SP WIDTH="15" VPOS="295" HPOS="381"/>
							<String ID="string_37" HPOS="396" VPOS="294" WIDTH="95" HEIGHT="27" WC="0.92" CONTENT="vidtagas"/><SP WIDTH="16" VPOS="294" HPOS="491"/>
							<String ID="string_38" HPOS="507" VPOS="301" WIDTH="34" HEIGHT="15" WC="0.93" CONTENT="om"/><SP WIDTH="15" VPOS="301" HPOS="541"/>
							<String ID="string_39" HPOS="556" VPOS="295" WIDTH="189" HEIGHT="21" WC="0.92" CONTENT="ästadkommande"/><SP WIDTH="15" VPOS="295" HPOS="745"/>
							<String ID="string_40" HPOS="760" VPOS="295" WIDTH="23" HEIGHT="21" WC="0.97" CONTENT="af"/><SP WIDTH="13" VPOS="295" HPOS="783"/>
							<String ID="string_41" HPOS="796" VPOS="295" WIDTH="40" HEIGHT="21" WC="0.93" CONTENT="den"/><SP WIDTH="14" VPOS="295" HPOS="836"/>
							<String ID="string_42" HPOS="850" VPOS="301" WIDTH="53" HEIGHT="20" WC="0.92" CONTENT="upp-"/>
						</TextLine>
						<TextLine ID="line_5" HPOS="88" VPOS="322" WIDTH="814" HEIGHT="28">
							<String ID="string_43" HPOS="88" VPOS="323" WIDTH="83" HEIGHT="27" WC="0.92" CONTENT="lysning"/><SP WIDTH="21" VPOS="323" HPOS="171"/>
							<String ID="string_44" HPOS="192" VPOS="323" WIDTH="8" HEIGHT="21" WC="0.93" CONTENT="i"/><SP WIDTH="21" VPOS="323" HPOS="200"/>
							<String ID="string_45" HPOS="221" VPOS="323" WIDTH="139" HEIGHT="21" WC="0.92" CONTENT="förenämnda"/><SP WIDTH="21" VPOS="323" HPOS="360"/>
							<String ID="string_46" HPOS="381" VPOS="323" WIDTH="126" HEIGHT="25" WC="0.96" CONTENT="hänseende,"/><SP WIDTH="23" VPOS="323" HPOS="507"/>
							<String ID="string_47" HPOS="530" VPOS="329" WIDTH="46" HEIGHT="15" WC="0.93" CONTENT="som"/><SP WIDTH="19" VPOS="329" HPOS="576"/>
							<String ID="string_48" HPOS="595" VPOS="322" WIDTH="99" HEIGHT="28" WC="0.91" CONTENT="möjligen"/><SP WIDTH="15" VPOS="322" HPOS="694"/>
							<String ID="string_49" HPOS="709" VPOS="323" WIDTH="45" HEIGHT="21" WC="0.93" CONTENT="stär"/><SP WIDTH="14" VPOS="323" HPOS="754"/>
							<String ID="string_50" HPOS="768" VPOS="325" WIDTH="33" HEIGHT="19" WC="0.93" CONTENT="att"/><SP WIDTH="14" VPOS="325" HPOS="801"/>
							<String ID="string_51" HPOS="815" VPOS="323" WIDTH="87" HEIGHT="22" WC="0.93" CONTENT="erhälla."/>
						</TextLine>
					</TextBlock>
				</ComposedBlock>
				<ComposedBlock ID="cblock_3" HPOS="88" VPOS="379" WIDTH="815" HEIGHT="85">
					<TextBlock ID="block_2" HPOS="88" VPOS="379" WIDTH="815" HEIGHT="85">
						<TextLine ID="line_6" HPOS="156" VPOS="379" WIDTH="744" HEIGHT="27">
							<String ID="string_52" HPOS="156" VPOS="380" WIDTH="58" HEIGHT="21" WC="0.91" CONTENT="Enär"/><SP WIDTH="14" VPOS="380" HPOS="214"/>
							<String ID="string_53" HPOS="228" VPOS="379" WIDTH="51" HEIGHT="22" WC="0.92" CONTENT="flere"/><SP WIDTH="15" VPOS="379" HPOS="279"/>
							<String ID="string_54" HPOS="294" VPOS="380" WIDTH="68" HEIGHT="21" WC="0.96" CONTENT="talare"/><SP WIDTH="14" VPOS="380" HPOS="362"/>
							<String ID="string_55" HPOS="376" VPOS="379" WIDTH="47" HEIGHT="22" WC="0.93" CONTENT="icke"/><SP WIDTH="14" VPOS="379" HPOS="423"/>
							<String ID="string_56" HPOS="437" VPOS="379" WIDTH="92" HEIGHT="22" WC="0.92" CONTENT="anmälte"/><SP WIDTH="16" VPOS="379" HPOS="529"/>
							<String ID="string_57" HPOS="545" VPOS="380" WIDTH="31" HEIGHT="26" WC="0.93" CONTENT="sig"/><SP WIDTH="10" VPOS="380" HPOS="576"/>
							<String ID="string_58" HPOS="586" VPOS="379" WIDTH="121" HEIGHT="22" WC="0.96" CONTENT="förklarade"/><SP WIDTH="11" VPOS="379" HPOS="707"/>
							<String ID="string_59" HPOS="718" VPOS="379" WIDTH="56" HEIGHT="22" WC="0.93" CONTENT="Herr"/><SP WIDTH="10" VPOS="379" HPOS="774"/>
							<String ID="string_60" HPOS="784" VPOS="379" WIDTH="116" HEIGHT="22" WC="0.91" CONTENT="Talman-"/>
						</TextLine>
						<TextLine ID="line_7" HPOS="90" VPOS="407" WIDTH="813" HEIGHT="23">
							<String ID="string_61" HPOS="90" VPOS="415" WIDTH="50" HEIGHT="14" WC="0.93" CONTENT="nen"/><SP WIDTH="22" VPOS="415" HPOS="140"/>
							<String ID="string_62" HPOS="162" VPOS="408" WIDTH="145" HEIGHT="21" WC="0.92" CONTENT="diskussionen"/><SP WIDTH="22" VPOS="408" HPOS="307"/>
							<String ID="string_63" HPOS="329" VPOS="408" WIDTH="71" HEIGHT="21" WC="0.91" CONTENT="slutad"/><SP WIDTH="15" VPOS="408" HPOS="400"/>
							<String ID="string_64" HPOS="415" VPOS="408" WIDTH="39" HEIGHT="22" WC="0.93" CONTENT="och"/><SP WIDTH="15" VPOS="408" HPOS="454"/>
							<String ID="string_65" HPOS="469" VPOS="408" WIDTH="130" HEIGHT="22" WC="0.92" CONTENT="framställde"/><SP WIDTH="16" VPOS="408" HPOS="599"/>
							<String ID="string_66" HPOS="615" VPOS="409" WIDTH="32" HEIGHT="20" WC="0.93" CONTENT="till"/><SP WIDTH="15" VPOS="409" HPOS="647"/>
							<String ID="string_67" HPOS="662" VPOS="407" WIDTH="95" HEIGHT="23" WC="0.91" CONTENT="ständets"/><SP WIDTH="15" VPOS="407" HPOS="757"/>
							<String ID="string_68" HPOS="772" VPOS="408" WIDTH="131" HEIGHT="22" WC="0.91" CONTENT="besvarande"/>
						</TextLine>
						<TextLine ID="line_8" HPOS="88" VPOS="436" WIDTH="249" HEIGHT="28">
							<String ID="string_69" HPOS="88" VPOS="437" WIDTH="92" HEIGHT="27" WC="0.96" CONTENT="följande"/><SP WIDTH="16" VPOS="437" HPOS="180"/>
							<String ID="string_70" HPOS="196" VPOS="436" WIDTH="141" HEIGHT="27" WC="0.95" CONTENT="proposition:"/>
						</TextLine>
					</TextBlock>
				</ComposedBlock>
				<ComposedBlock ID="cblock_4" HPOS="89" VPOS="493" WIDTH="815" HEIGHT="142">
					<TextBlock ID="block_3" HPOS="89" VPOS="493" WIDTH="815" HEIGHT="142">
						<TextLine ID="line_9" HPOS="156" VPOS="493" WIDTH="746" HEIGHT="27">
							<String ID="string_71" HPOS="156" VPOS="493" WIDTH="43" HEIGHT="22" WC="0.92" CONTENT="Vill"/><SP WIDTH="22" VPOS="493" HPOS="199"/>
							<String ID="string_72" HPOS="221" VPOS="493" WIDTH="84" HEIGHT="22" WC="0.92" CONTENT="ständet"/><SP WIDTH="19" VPOS="493" HPOS="305"/>
							<String ID="string_73" HPOS="324" VPOS="493" WIDTH="6" HEIGHT="21" WC="0.93" CONTENT="i"/><SP WIDTH="22" VPOS="493" HPOS="330"/>
							<String ID="string_74" HPOS="352" VPOS="493" WIDTH="63" HEIGHT="27" WC="0.92" CONTENT="afsigt"/><SP WIDTH="21" VPOS="493" HPOS="415"/>
							<String ID="string_75" HPOS="436" VPOS="495" WIDTH="33" HEIGHT="20" WC="0.93" CONTENT="att"/><SP WIDTH="21" VPOS="495" HPOS="469"/>
							<String ID="string_76" HPOS="490" VPOS="493" WIDTH="113" HEIGHT="22" WC="0.91" CONTENT="medverka"/><SP WIDTH="22" VPOS="493" HPOS="603"/>
							<String ID="string_77" HPOS="625" VPOS="493" WIDTH="33" HEIGHT="22" WC="0.93" CONTENT="till"/><SP WIDTH="21" VPOS="493" HPOS="658"/>
							<String ID="string_78" HPOS="679" VPOS="493" WIDTH="138" HEIGHT="22" WC="0.92" CONTENT="förevarande"/><SP WIDTH="15" VPOS="493" HPOS="817"/>
							<String ID="string_79" HPOS="832" VPOS="493" WIDTH="70" HEIGHT="27" WC="0.92" CONTENT="frägas"/>
						</TextLine>
						<TextLine ID="line_10" HPOS="89" VPOS="521" WIDTH="815" HEIGHT="28">
							<String ID="string_80" HPOS="89" VPOS="522" WIDTH="82" HEIGHT="27" WC="0.96" CONTENT="lösning"/><SP WIDTH="15" VPOS="522" HPOS="171"/>
							<String ID="string_81" HPOS="186" VPOS="523" WIDTH="7" HEIGHT="20" WC="0.96" CONTENT="i"/><SP WIDTH="19" VPOS="523" HPOS="193"/>
							<String ID="string_82" HPOS="212" VPOS="522" WIDTH="36" HEIGHT="21" WC="0.93" CONTENT="det"/><SP WIDTH="18" VPOS="522" HPOS="248"/>
							<String ID="string_83" HPOS="266" VPOS="523" WIDTH="31" HEIGHT="20" WC="0.91" CONTENT="uti"/><SP WIDTH="22" VPOS="523" HPOS="297"/>
							<String ID="string_84" HPOS="319" VPOS="522" WIDTH="40" HEIGHT="21" WC="0.92" CONTENT="den"/><SP WIDTH="15" VPOS="522" HPOS="359"/>
							<String ID="string_85" HPOS="374" VPOS="522" WIDTH="83" HEIGHT="26" WC="0.92" CONTENT="Nädiga"/><SP WIDTH="14" VPOS="522" HPOS="457"/>
							<String ID="string_86" HPOS="471" VPOS="522" WIDTH="157" HEIGHT="27" WC="0.93" CONTENT="propositionen"/><SP WIDTH="14" VPOS="522" HPOS="628"/>
							<String ID="string_87" HPOS="642" VPOS="522" WIDTH="86" HEIGHT="26" WC="0.92" CONTENT="angifna"/><SP WIDTH="14" VPOS="522" HPOS="728"/>
							<String ID="string_88" HPOS="742" VPOS="521" WIDTH="54" HEIGHT="28" WC="0.95" CONTENT="syfte"/><SP WIDTH="15" VPOS="521" HPOS="796"/>
							<String ID="string_89" HPOS="811" VPOS="528" WIDTH="28" HEIGHT="15" WC="0.93" CONTENT="nu"/><SP WIDTH="15" VPOS="528" HPOS="839"/>
							<String ID="string_90" HPOS="854" VPOS="524" WIDTH="50" HEIGHT="24" WC="0.92" CONTENT="taga"/>
						</TextLine>
						<TextLine ID="line_11" HPOS="89" VPOS="550" WIDTH="814" HEIGHT="27">
							<String ID="string_91" HPOS="89" VPOS="550" WIDTH="26" HEIGHT="23" WC="0.95" CONTENT="de"/><SP WIDTH="23" VPOS="550" HPOS="115"/>
							<String ID="string_92" HPOS="138" VPOS="551" WIDTH="106" HEIGHT="21" WC="0.93" CONTENT="särskilda"/><SP WIDTH="22" VPOS="551" HPOS="244"/>
							<String ID="string_93" HPOS="266" VPOS="550" WIDTH="85" HEIGHT="21" WC="0.90" CONTENT="delarne"/><SP WIDTH="20" VPOS="550" HPOS="351"/>
							<String ID="string_94" HPOS="371" VPOS="550" WIDTH="23" HEIGHT="21" WC="0.93" CONTENT="af"/><SP WIDTH="20" VPOS="550" HPOS="394"/>
							<String ID="string_95" HPOS="414" VPOS="551" WIDTH="117" HEIGHT="21" WC="0.96" CONTENT="utskottets"/><SP WIDTH="25" VPOS="551" HPOS="531"/>
							<String ID="string_96" HPOS="556" VPOS="550" WIDTH="133" HEIGHT="21" WC="0.96" CONTENT="betänkande"/><SP WIDTH="22" VPOS="550" HPOS="689"/>
							<String ID="string_97" HPOS="711" VPOS="551" WIDTH="67" HEIGHT="20" WC="0.93" CONTENT="under"/><SP WIDTH="15" VPOS="551" HPOS="778"/>
							<String ID="string_98" HPOS="793" VPOS="550" WIDTH="110" HEIGHT="27" WC="0.92" CONTENT="pröfning?"/>
						</TextLine>
						<TextLine ID="line_12" HPOS="89" VPOS="579" WIDTH="814" HEIGHT="27">
							<String ID="string_99" HPOS="89" VPOS="579" WIDTH="52" HEIGHT="21" WC="0.95" CONTENT="eller"/><SP WIDTH="15" VPOS="579" HPOS="141"/>
							<String ID="string_100" HPOS="156" VPOS="585" WIDTH="62" HEIGHT="15" WC="0.93" CONTENT="anser"/><SP WIDTH="15" VPOS="585" HPOS="218"/>
							<String ID="string_101" HPOS="233" VPOS="579" WIDTH="84" HEIGHT="22" WC="0.95" CONTENT="ståndet"/><SP WIDTH="15" VPOS="579" HPOS="317"/>
							<String ID="string_102" HPOS="332" VPOS="579" WIDTH="157" HEIGHT="27" WC="0.96" CONTENT="propositionen"/><SP WIDTH="16" VPOS="579" HPOS="489"/>
							<String ID="string_103" HPOS="505" VPOS="579" WIDTH="33" HEIGHT="21" WC="0.96" CONTENT="för"/><SP WIDTH="15" VPOS="579" HPOS="538"/>
							<String ID="string_104" HPOS="553" VPOS="579" WIDTH="132" HEIGHT="21" WC="0.93" CONTENT="närvarande"/><SP WIDTH="15" VPOS="579" HPOS="685"/>
							<String ID="string_105" HPOS="700" VPOS="579" WIDTH="18" HEIGHT="26" WC="0.96" CONTENT="ej"/><SP WIDTH="13" VPOS="579" HPOS="718"/>
							<String ID="string_106" HPOS="731" VPOS="579" WIDTH="53" HEIGHT="21" WC="0.95" CONTENT="böra"/><SP WIDTH="10" VPOS="579" HPOS="784"/>
							<String ID="string_107" HPOS="794" VPOS="579" WIDTH="109" HEIGHT="21" WC="0.93" CONTENT="föranleda"/>
						</TextLine>
						<TextLine ID="line_13" HPOS="90" VPOS="607" WIDTH="411" HEIGHT="28">
							<String ID="string_108" HPOS="90" VPOS="608" WIDTH="32" HEIGHT="21" WC="0.93" CONTENT="till"/><SP WIDTH="14" VPOS="608" HPOS="122"/>
							<String ID="string_109" HPOS="136" VPOS="608" WIDTH="70" HEIGHT="27" WC="0.92" CONTENT="nägon"/><SP WIDTH="15" VPOS="608" HPOS="206"/>
							<String ID="string_110" HPOS="221" VPOS="608" WIDTH="76" HEIGHT="26" WC="0.92" CONTENT="ätgärd"/><SP WIDTH="14" VPOS="608" HPOS="297"/>
							<String ID="string_111" HPOS="311" VPOS="607" WIDTH="8" HEIGHT="22" WC="0.92" CONTENT="i"/><SP WIDTH="15" VPOS="607" HPOS="319"/>
							<String ID="string_112" HPOS="334" VPOS="607" WIDTH="75" HEIGHT="28" WC="0.92" CONTENT="sjelfva"/><SP WIDTH="14" VPOS="607" HPOS="409"/>
							<String ID="string_113" HPOS="423" VPOS="608" WIDTH="78" HEIGHT="21" WC="0.96" CONTENT="saken?"/>
						</TextLine>
					</TextBlock>
				</ComposedBlock>
				<ComposedBlock ID="cblock_5" HPOS="93" VPOS="664" WIDTH="810" HEIGHT="56">
					<TextBlock ID="block_4" HPOS="93" VPOS="664" WIDTH="810" HEIGHT="56">
						<TextLine ID="line_14" HPOS="157" VPOS="664" WIDTH="746" HEIGHT="27">
							<String ID="string_114" HPOS="157" VPOS="665" WIDTH="46" HEIGHT="21" WC="0.96" CONTENT="Den"/><SP WIDTH="22" VPOS="665" HPOS="203"/>
							<String ID="string_115" HPOS="225" VPOS="671" WIDTH="45" HEIGHT="15" WC="0.92" CONTENT="som"/><SP WIDTH="23" VPOS="671" HPOS="270"/>
							<String ID="string_116" HPOS="293" VPOS="665" WIDTH="79" HEIGHT="21" WC="0.92" CONTENT="önskar"/><SP WIDTH="21" VPOS="665" HPOS="372"/>
							<String ID="string_117" HPOS="393" VPOS="665" WIDTH="36" HEIGHT="21" WC="0.93" CONTENT="det"/><SP WIDTH="23" VPOS="665" HPOS="429"/>
							<String ID="string_118" HPOS="452" VPOS="665" WIDTH="59" HEIGHT="21" WC="0.90" CONTENT="förra"/><SP WIDTH="21" VPOS="665" HPOS="511"/>
							<String ID="string_119" HPOS="532" VPOS="670" WIDTH="74" HEIGHT="16" WC="0.90" CONTENT="svarar"/><SP WIDTH="19" VPOS="670" HPOS="606"/>
							<String ID="string_120" HPOS="625" VPOS="665" WIDTH="29" HEIGHT="26" WC="0.96" CONTENT="ja,"/><SP WIDTH="16" VPOS="665" HPOS="654"/>
							<String ID="string_121" HPOS="670" VPOS="665" WIDTH="39" HEIGHT="21" WC="0.96" CONTENT="den"/><SP WIDTH="17" VPOS="665" HPOS="709"/>
							<String ID="string_122" HPOS="726" VPOS="671" WIDTH="45" HEIGHT="15" WC="0.92" CONTENT="som"/><SP WIDTH="15" VPOS="671" HPOS="771"/>
							<String ID="string_123" HPOS="786" VPOS="666" WIDTH="69" HEIGHT="20" WC="0.91" CONTENT="röstar"/><SP WIDTH="14" VPOS="666" HPOS="855"/>
							<String ID="string_124" HPOS="869" VPOS="664" WIDTH="34" HEIGHT="22" WC="0.96" CONTENT="för"/>
						</TextLine>
						<TextLine ID="line_15" HPOS="93" VPOS="693" WIDTH="264" HEIGHT="27">
							<String ID="string_125" HPOS="93" VPOS="693" WIDTH="33" HEIGHT="22" WC="0.96" CONTENT="det"/><SP WIDTH="14" VPOS="693" HPOS="126"/>
							<String ID="string_126" HPOS="140" VPOS="699" WIDTH="75" HEIGHT="16" WC="0.93" CONTENT="senare"/><SP WIDTH="15" VPOS="699" HPOS="215"/>
							<String ID="string_127" HPOS="230" VPOS="699" WIDTH="72" HEIGHT="16" WC="0.93" CONTENT="svarar"/><SP WIDTH="15" VPOS="699" HPOS="302"/>
							<String ID="string_128" HPOS="317" VPOS="699" WIDTH="40" HEIGHT="21" WC="0.95" CONTENT="nej."/>
						</TextLine>
					</TextBlock>
				</ComposedBlock>
				<ComposedBlock ID="cblock_6" HPOS="89" VPOS="749" WIDTH="814" HEIGHT="142">
					<TextBlock ID="block_5" HPOS="89" VPOS="749" WIDTH="814" HEIGHT="142">
						<TextLine ID="line_16" HPOS="157" VPOS="749" WIDTH="746" HEIGHT="28">
							<String ID="string_129" HPOS="157" VPOS="750" WIDTH="105" HEIGHT="21" WC="0.92" CONTENT="Häröfver"/><SP WIDTH="22" VPOS="750" HPOS="262"/>
							<String ID="string_130" HPOS="284" VPOS="750" WIDTH="115" HEIGHT="21" WC="0.92" CONTENT="anställdes"/><SP WIDTH="23" VPOS="750" HPOS="399"/>
							<String ID="string_131" HPOS="422" VPOS="750" WIDTH="27" HEIGHT="27" WC="0.93" CONTENT="pä"/><SP WIDTH="22" VPOS="750" HPOS="449"/>
							<String ID="string_132" HPOS="471" VPOS="749" WIDTH="93" HEIGHT="28" WC="0.92" CONTENT="begäran"/><SP WIDTH="23" VPOS="749" HPOS="564"/>
							<String ID="string_133" HPOS="587" VPOS="750" WIDTH="101" HEIGHT="27" WC="0.93" CONTENT="votering,"/><SP WIDTH="23" VPOS="750" HPOS="688"/>
							<String ID="string_134" HPOS="711" VPOS="756" WIDTH="45" HEIGHT="15" WC="0.93" CONTENT="som"/><SP WIDTH="23" VPOS="756" HPOS="756"/>
							<String ID="string_135" HPOS="779" VPOS="749" WIDTH="61" HEIGHT="22" WC="0.92" CONTENT="utföll"/><SP WIDTH="15" VPOS="749" HPOS="840"/>
							<String ID="string_136" HPOS="855" VPOS="751" WIDTH="48" HEIGHT="20" WC="0.96" CONTENT="med"/>
						</TextLine>
						<TextLine ID="line_17" HPOS="89" VPOS="778" WIDTH="814" HEIGHT="28">
							<String ID="string_137" HPOS="89" VPOS="779" WIDTH="90" HEIGHT="21" WC="0.92" CONTENT="aderton"/><SP WIDTH="18" VPOS="779" HPOS="179"/>
							<String ID="string_138" HPOS="197" VPOS="778" WIDTH="23" HEIGHT="27" WC="0.96" CONTENT="ja"/><SP WIDTH="22" VPOS="778" HPOS="220"/>
							<String ID="string_139" HPOS="242" VPOS="780" WIDTH="44" HEIGHT="20" WC="0.96" CONTENT="mot"/><SP WIDTH="22" VPOS="780" HPOS="286"/>
							<String ID="string_140" HPOS="308" VPOS="779" WIDTH="33" HEIGHT="27" WC="0.96" CONTENT="sju"/><SP WIDTH="15" VPOS="779" HPOS="341"/>
							<String ID="string_141" HPOS="356" VPOS="779" WIDTH="45" HEIGHT="26" WC="0.69" CONTENT="nej;"/><SP WIDTH="16" VPOS="779" HPOS="401"/>
							<String ID="string_142" HPOS="417" VPOS="779" WIDTH="6" HEIGHT="20" WC="0.96" CONTENT="i"/><SP WIDTH="16" VPOS="779" HPOS="423"/>
							<String ID="string_143" HPOS="439" VPOS="778" WIDTH="52" HEIGHT="27" WC="0.96" CONTENT="följd"/><SP WIDTH="15" VPOS="778" HPOS="491"/>
							<String ID="string_144" HPOS="506" VPOS="778" WIDTH="76" HEIGHT="22" WC="0.96" CONTENT="hvaraf"/><SP WIDTH="14" VPOS="778" HPOS="582"/>
							<String ID="string_145" HPOS="596" VPOS="785" WIDTH="28" HEIGHT="14" WC="0.93" CONTENT="nu"/><SP WIDTH="15" VPOS="785" HPOS="624"/>
							<String ID="string_146" HPOS="639" VPOS="778" WIDTH="73" HEIGHT="21" WC="0.92" CONTENT="skreds"/><SP WIDTH="16" VPOS="778" HPOS="712"/>
							<String ID="string_147" HPOS="728" VPOS="778" WIDTH="32" HEIGHT="21" WC="0.93" CONTENT="till"/><SP WIDTH="14" VPOS="778" HPOS="760"/>
							<String ID="string_148" HPOS="774" VPOS="779" WIDTH="129" HEIGHT="26" WC="0.95" CONTENT="granskning"/>
						</TextLine>
						<TextLine ID="line_18" HPOS="90" VPOS="806" WIDTH="813" HEIGHT="28">
							<String ID="string_149" HPOS="90" VPOS="807" WIDTH="23" HEIGHT="22" WC="0.92" CONTENT="af"/><SP WIDTH="19" VPOS="807" HPOS="113"/>
							<String ID="string_150" HPOS="132" VPOS="807" WIDTH="116" HEIGHT="22" WC="0.91" CONTENT="utskottets"/><SP WIDTH="21" VPOS="807" HPOS="248"/>
							<String ID="string_151" HPOS="269" VPOS="807" WIDTH="135" HEIGHT="22" WC="0.92" CONTENT="betänkande"/><SP WIDTH="15" VPOS="807" HPOS="404"/>
							<String ID="string_152" HPOS="419" VPOS="807" WIDTH="106" HEIGHT="26" WC="0.90" CONTENT="punktvis,"/><SP WIDTH="16" VPOS="807" HPOS="525"/>
							<String ID="string_153" HPOS="541" VPOS="807" WIDTH="73" HEIGHT="22" WC="0.92" CONTENT="dervid"/><SP WIDTH="14" VPOS="807" HPOS="614"/>
							<String ID="string_154" HPOS="628" VPOS="806" WIDTH="92" HEIGHT="27" WC="0.92" CONTENT="ständet,"/><SP WIDTH="14" VPOS="806" HPOS="720"/>
							<String ID="string_155" HPOS="734" VPOS="807" WIDTH="28" HEIGHT="27" WC="0.96" CONTENT="pä"/><SP WIDTH="15" VPOS="807" HPOS="762"/>
							<String ID="string_156" HPOS="777" VPOS="808" WIDTH="56" HEIGHT="21" WC="0.93" CONTENT="Herr"/><SP WIDTH="13" VPOS="808" HPOS="833"/>
							<String ID="string_157" HPOS="846" VPOS="807" WIDTH="57" HEIGHT="22" WC="0.91" CONTENT="Tal-"/>
						</TextLine>
						<TextLine ID="line_19" HPOS="89" VPOS="835" WIDTH="814" HEIGHT="28">
							<String ID="string_158" HPOS="89" VPOS="842" WIDTH="129" HEIGHT="15" WC="0.96" CONTENT="mannens"/><SP WIDTH="22" VPOS="842" HPOS="218"/>
							<String ID="string_159" HPOS="240" VPOS="835" WIDTH="161" HEIGHT="27" WC="0.94" CONTENT="framställning,"/><SP WIDTH="22" VPOS="835" HPOS="401"/>
							<String ID="string_160" HPOS="423" VPOS="835" WIDTH="111" HEIGHT="27" WC="0.40" CONTENT="godkände"/><SP WIDTH="24" VPOS="835" HPOS="534"/>
							<String ID="string_161" HPOS="558" VPOS="836" WIDTH="39" HEIGHT="21" WC="0.96" CONTENT="den"/><SP WIDTH="25" VPOS="836" HPOS="597"/>
							<String ID="string_162" HPOS="622" VPOS="835" WIDTH="22" HEIGHT="22" WC="0.93" CONTENT="af"/><SP WIDTH="20" VPOS="835" HPOS="644"/>
							<String ID="string_163" HPOS="664" VPOS="835" WIDTH="106" HEIGHT="22" WC="0.96" CONTENT="utskottet"/><SP WIDTH="14" VPOS="835" HPOS="770"/>
							<String ID="string_164" HPOS="784" VPOS="836" WIDTH="119" HEIGHT="27" WC="0.96" CONTENT="föreslagna"/>
						</TextLine>
						<TextLine ID="line_20" HPOS="89" VPOS="864" WIDTH="684" HEIGHT="27">
							<String ID="string_165" HPOS="89" VPOS="865" WIDTH="81" HEIGHT="26" WC="0.96" CONTENT="ingress"/><SP WIDTH="14" VPOS="865" HPOS="170"/>
							<String ID="string_166" HPOS="184" VPOS="865" WIDTH="34" HEIGHT="20" WC="0.93" CONTENT="till"/><SP WIDTH="14" VPOS="865" HPOS="218"/>
							<String ID="string_167" HPOS="232" VPOS="864" WIDTH="123" HEIGHT="22" WC="0.92" CONTENT="ständernes"/><SP WIDTH="16" VPOS="864" HPOS="355"/>
							<String ID="string_168" HPOS="371" VPOS="870" WIDTH="48" HEIGHT="15" WC="0.93" CONTENT="svar"/><SP WIDTH="15" VPOS="870" HPOS="419"/>
							<String ID="string_169" HPOS="434" VPOS="864" WIDTH="12" HEIGHT="21" WC="0.90" CONTENT="å"/><SP WIDTH="15" VPOS="864" HPOS="446"/>
							<String ID="string_170" HPOS="461" VPOS="864" WIDTH="160" HEIGHT="27" WC="0.96" CONTENT="ifrågavarande"/><SP WIDTH="14" VPOS="864" HPOS="621"/>
							<String ID="string_171" HPOS="635" VPOS="864" WIDTH="138" HEIGHT="27" WC="0.96" CONTENT="proposition."/>
						</TextLine>
					</TextBlock>
				</ComposedBlock>
				<ComposedBlock ID="cblock_7" HPOS="89" VPOS="920" WIDTH="814" HEIGHT="52">
					<TextBlock ID="block_6" HPOS="89" VPOS="920" WIDTH="814" HEIGHT="52">
						<TextLine ID="line_21" HPOS="157" VPOS="920" WIDTH="746" HEIGHT="28">
							<String ID="string_172" HPOS="157" VPOS="921" WIDTH="64" HEIGHT="21" WC="0.96" CONTENT="Mom."/><SP WIDTH="24" VPOS="921" HPOS="221"/>
							<String ID="string_173" HPOS="245" VPOS="922" WIDTH="10" HEIGHT="21" WC="0.88" CONTENT="1"/><SP WIDTH="24" VPOS="922" HPOS="255"/>
							<String ID="string_174" HPOS="279" VPOS="921" WIDTH="7" HEIGHT="21" WC="0.88" CONTENT="i"/><SP WIDTH="22" VPOS="921" HPOS="286"/>
							<String ID="string_175" HPOS="308" VPOS="921" WIDTH="64" HEIGHT="27" WC="0.90" CONTENT="sagde"/><SP WIDTH="25" VPOS="921" HPOS="372"/>
							<String ID="string_176" HPOS="397" VPOS="921" WIDTH="133" HEIGHT="22" WC="0.96" CONTENT="betänkande"/><SP WIDTH="22" VPOS="921" HPOS="530"/>
							<String ID="string_177" HPOS="552" VPOS="920" WIDTH="123" HEIGHT="22" WC="0.93" CONTENT="föranledde"/><SP WIDTH="26" VPOS="920" HPOS="675"/>
							<String ID="string_178" HPOS="701" VPOS="921" WIDTH="32" HEIGHT="21" WC="0.95" CONTENT="till"/><SP WIDTH="22" VPOS="921" HPOS="733"/>
							<String ID="string_179" HPOS="755" VPOS="920" WIDTH="92" HEIGHT="28" WC="0.93" CONTENT="följande"/><SP WIDTH="15" VPOS="920" HPOS="847"/>
							<String ID="string_180" HPOS="862" VPOS="921" WIDTH="41" HEIGHT="22" WC="0.93" CONTENT="dis-"/>
						</TextLine>
						<TextLine ID="line_22" HPOS="89" VPOS="950" WIDTH="95" HEIGHT="22">
							<String ID="string_181" HPOS="89" VPOS="950" WIDTH="95" HEIGHT="22" WC="0.92" CONTENT="kussion:"/>
						</TextLine>
					</TextBlock>
				</ComposedBlock>
				<ComposedBlock ID="cblock_8" HPOS="89" VPOS="1006" WIDTH="814" HEIGHT="282">
					<TextBlock ID="block_7" HPOS="89" VPOS="1006" WIDTH="814" HEIGHT="282">
						<TextLine ID="line_23" HPOS="157" VPOS="1006" WIDTH="746" HEIGHT="28">
							<String ID="string_182" HPOS="157" VPOS="1006" WIDTH="56" HEIGHT="22" WC="0.96" CONTENT="Herr"/><SP WIDTH="21" VPOS="1006" HPOS="213"/>
							<String ID="string_183" HPOS="234" VPOS="1006" WIDTH="101" HEIGHT="28" WC="0.96" CONTENT="Bergh:"/><SP WIDTH="30" VPOS="1006" HPOS="335"/>
							<String ID="string_184" HPOS="365" VPOS="1007" WIDTH="41" HEIGHT="26" WC="0.93" CONTENT="Jag"/><SP WIDTH="21" VPOS="1007" HPOS="406"/>
							<String ID="string_185" HPOS="427" VPOS="1006" WIDTH="90" HEIGHT="22" WC="0.95" CONTENT="föreslår"/><SP WIDTH="22" VPOS="1006" HPOS="517"/>
							<String ID="string_186" HPOS="539" VPOS="1008" WIDTH="33" HEIGHT="19" WC="0.93" CONTENT="att"/><SP WIDTH="14" VPOS="1008" HPOS="572"/>
							<String ID="string_187" HPOS="586" VPOS="1006" WIDTH="65" HEIGHT="22" WC="0.90" CONTENT="orden"/><SP WIDTH="17" VPOS="1006" HPOS="651"/>
							<String ID="string_188" HPOS="668" VPOS="1006" WIDTH="68" HEIGHT="24" WC="0.89" CONTENT=",helst"/><SP WIDTH="14" VPOS="1006" HPOS="736"/>
							<String ID="string_189" HPOS="750" VPOS="1006" WIDTH="57" HEIGHT="21" WC="0.93" CONTENT="inom"/><SP WIDTH="14" VPOS="1006" HPOS="807"/>
							<String ID="string_190" HPOS="821" VPOS="1006" WIDTH="82" HEIGHT="22" WC="0.63" CONTENT="landet&quot;"/>
						</TextLine>
						<TextLine ID="line_24" HPOS="90" VPOS="1034" WIDTH="813" HEIGHT="28">
							<String ID="string_191" HPOS="90" VPOS="1034" WIDTH="66" HEIGHT="22" WC="0.91" CONTENT="mätte"/><SP WIDTH="22" VPOS="1034" HPOS="156"/>
							<String ID="string_192" HPOS="178" VPOS="1034" WIDTH="58" HEIGHT="27" WC="0.91" CONTENT="utgä."/><SP WIDTH="29" VPOS="1034" HPOS="236"/>
							<String ID="string_193" HPOS="265" VPOS="1034" WIDTH="30" HEIGHT="28" WC="0.96" CONTENT="Ty"/><SP WIDTH="23" VPOS="1034" HPOS="295"/>
							<String ID="string_194" HPOS="318" VPOS="1034" WIDTH="28" HEIGHT="22" WC="0.96" CONTENT="dä"/><SP WIDTH="17" VPOS="1034" HPOS="346"/>
							<String ID="string_195" HPOS="363" VPOS="1034" WIDTH="73" HEIGHT="22" WC="0.96" CONTENT="landet"/><SP WIDTH="14" VPOS="1034" HPOS="436"/>
							<String ID="string_196" HPOS="450" VPOS="1035" WIDTH="33" HEIGHT="21" WC="0.96" CONTENT="för"/><SP WIDTH="15" VPOS="1035" HPOS="483"/>
							<String ID="string_197" HPOS="498" VPOS="1035" WIDTH="131" HEIGHT="21" WC="0.93" CONTENT="närvarande"/><SP WIDTH="15" VPOS="1035" HPOS="629"/>
							<String ID="string_198" HPOS="644" VPOS="1035" WIDTH="55" HEIGHT="21" WC="0.92" CONTENT="lider"/><SP WIDTH="14" VPOS="1035" HPOS="699"/>
							<String ID="string_199" HPOS="713" VPOS="1034" WIDTH="23" HEIGHT="21" WC="0.96" CONTENT="af"/><SP WIDTH="14" VPOS="1034" HPOS="736"/>
							<String ID="string_200" HPOS="750" VPOS="1041" WIDTH="26" HEIGHT="15" WC="0.93" CONTENT="en"/><SP WIDTH="14" VPOS="1041" HPOS="776"/>
							<String ID="string_201" HPOS="790" VPOS="1035" WIDTH="113" HEIGHT="27" WC="0.93" CONTENT="penninge-"/>
						</TextLine>
						<TextLine ID="line_25" HPOS="89" VPOS="1063" WIDTH="814" HEIGHT="27">
							<String ID="string_202" HPOS="89" VPOS="1064" WIDTH="50" HEIGHT="26" WC="0.89" CONTENT="kris,"/><SP WIDTH="29" VPOS="1064" HPOS="139"/>
							<String ID="string_203" HPOS="168" VPOS="1063" WIDTH="125" HEIGHT="22" WC="0.91" CONTENT="förorsakad"/><SP WIDTH="23" VPOS="1063" HPOS="293"/>
							<String ID="string_204" HPOS="316" VPOS="1064" WIDTH="62" HEIGHT="20" WC="0.91" CONTENT="deraf"/><SP WIDTH="18" VPOS="1064" HPOS="378"/>
							<String ID="string_205" HPOS="396" VPOS="1066" WIDTH="33" HEIGHT="19" WC="0.96" CONTENT="att"/><SP WIDTH="22" VPOS="1066" HPOS="429"/>
							<String ID="string_206" HPOS="451" VPOS="1070" WIDTH="26" HEIGHT="14" WC="0.91" CONTENT="en"/><SP WIDTH="22" VPOS="1070" HPOS="477"/>
							<String ID="string_207" HPOS="499" VPOS="1064" WIDTH="77" HEIGHT="26" WC="0.89" CONTENT="mängd"/><SP WIDTH="21" VPOS="1064" HPOS="576"/>
							<String ID="string_208" HPOS="597" VPOS="1063" WIDTH="105" HEIGHT="26" WC="0.92" CONTENT="kapitaler"/><SP WIDTH="15" VPOS="1063" HPOS="702"/>
							<String ID="string_209" HPOS="717" VPOS="1065" WIDTH="37" HEIGHT="20" WC="0.93" CONTENT="äro"/><SP WIDTH="16" VPOS="1065" HPOS="754"/>
							<String ID="string_210" HPOS="770" VPOS="1063" WIDTH="83" HEIGHT="22" WC="0.91" CONTENT="fästade"/><SP WIDTH="10" VPOS="1063" HPOS="853"/>
							<String ID="string_211" HPOS="863" VPOS="1064" WIDTH="40" HEIGHT="21" WC="0.97" CONTENT="och"/>
						</TextLine>
						<TextLine ID="line_26" HPOS="90" VPOS="1092" WIDTH="813" HEIGHT="26">
							<String ID="string_212" HPOS="90" VPOS="1092" WIDTH="90" HEIGHT="26" WC="0.96" CONTENT="troligen"/><SP WIDTH="23" VPOS="1092" HPOS="180"/>
							<String ID="string_213" HPOS="203" VPOS="1092" WIDTH="19" HEIGHT="26" WC="0.96" CONTENT="ej"/><SP WIDTH="22" VPOS="1092" HPOS="222"/>
							<String ID="string_214" HPOS="244" VPOS="1092" WIDTH="57" HEIGHT="21" WC="0.93" CONTENT="inom"/><SP WIDTH="22" VPOS="1092" HPOS="301"/>
							<String ID="string_215" HPOS="323" VPOS="1092" WIDTH="49" HEIGHT="26" WC="0.95" CONTENT="lång"/><SP WIDTH="20" VPOS="1092" HPOS="372"/>
							<String ID="string_216" HPOS="392" VPOS="1092" WIDTH="34" HEIGHT="21" WC="0.96" CONTENT="tid"/><SP WIDTH="19" VPOS="1092" HPOS="426"/>
							<String ID="string_217" HPOS="445" VPOS="1092" WIDTH="70" HEIGHT="21" WC="0.93" CONTENT="kunna"/><SP WIDTH="16" VPOS="1092" HPOS="515"/>
							<String ID="string_218" HPOS="531" VPOS="1092" WIDTH="94" HEIGHT="26" WC="0.77" CONTENT="lösgöras"/><SP WIDTH="15" VPOS="1092" HPOS="625"/>
							<String ID="string_219" HPOS="640" VPOS="1094" WIDTH="56" HEIGHT="19" WC="0.93" CONTENT="samt"/><SP WIDTH="14" VPOS="1094" HPOS="696"/>
							<String ID="string_220" HPOS="710" VPOS="1092" WIDTH="65" HEIGHT="21" WC="0.96" CONTENT="blifva"/><SP WIDTH="14" VPOS="1092" HPOS="775"/>
							<String ID="string_221" HPOS="789" VPOS="1092" WIDTH="33" HEIGHT="21" WC="0.96" CONTENT="för"/><SP WIDTH="15" VPOS="1092" HPOS="822"/>
							<String ID="string_222" HPOS="837" VPOS="1092" WIDTH="66" HEIGHT="21" WC="0.96" CONTENT="andra"/>
						</TextLine>
						<TextLine ID="line_27" HPOS="90" VPOS="1120" WIDTH="813" HEIGHT="27">
							<String ID="string_223" HPOS="90" VPOS="1120" WIDTH="99" HEIGHT="22" WC="0.95" CONTENT="ändamål"/><SP WIDTH="15" VPOS="1120" HPOS="189"/>
							<String ID="string_224" HPOS="204" VPOS="1120" WIDTH="124" HEIGHT="27" WC="0.95" CONTENT="disponibla,"/><SP WIDTH="16" VPOS="1120" HPOS="328"/>
							<String ID="string_225" HPOS="344" VPOS="1126" WIDTH="63" HEIGHT="15" WC="0.96" CONTENT="anser"/><SP WIDTH="12" VPOS="1126" HPOS="407"/>
							<String ID="string_226" HPOS="419" VPOS="1120" WIDTH="37" HEIGHT="26" WC="0.96" CONTENT="jag"/><SP WIDTH="14" VPOS="1120" HPOS="456"/>
							<String ID="string_227" HPOS="470" VPOS="1120" WIDTH="48" HEIGHT="22" WC="0.96" CONTENT="bäst"/><SP WIDTH="15" VPOS="1120" HPOS="518"/>
							<String ID="string_228" HPOS="533" VPOS="1122" WIDTH="32" HEIGHT="20" WC="0.96" CONTENT="att"/><SP WIDTH="15" VPOS="1122" HPOS="565"/>
							<String ID="string_229" HPOS="580" VPOS="1122" WIDTH="31" HEIGHT="20" WC="0.93" CONTENT="ett"/><SP WIDTH="15" VPOS="1122" HPOS="611"/>
							<String ID="string_230" HPOS="626" VPOS="1120" WIDTH="110" HEIGHT="22" WC="0.96" CONTENT="utländskt"/><SP WIDTH="12" VPOS="1120" HPOS="736"/>
							<String ID="string_231" HPOS="748" VPOS="1120" WIDTH="33" HEIGHT="22" WC="0.93" CONTENT="län"/><SP WIDTH="11" VPOS="1120" HPOS="781"/>
							<String ID="string_232" HPOS="792" VPOS="1122" WIDTH="111" HEIGHT="25" WC="0.92" CONTENT="upptages,"/>
						</TextLine>
						<TextLine ID="line_28" HPOS="90" VPOS="1148" WIDTH="813" HEIGHT="27">
							<String ID="string_233" HPOS="90" VPOS="1148" WIDTH="135" HEIGHT="27" WC="0.93" CONTENT="hvarigenom"/><SP WIDTH="23" VPOS="1148" HPOS="225"/>
							<String ID="string_234" HPOS="248" VPOS="1148" WIDTH="220" HEIGHT="27" WC="0.40" CONTENT="kapitaltillsängarne"/><SP WIDTH="23" VPOS="1148" HPOS="468"/>
							<String ID="string_235" HPOS="491" VPOS="1149" WIDTH="56" HEIGHT="21" WC="0.96" CONTENT="inom"/><SP WIDTH="16" VPOS="1149" HPOS="547"/>
							<String ID="string_236" HPOS="563" VPOS="1148" WIDTH="71" HEIGHT="22" WC="0.96" CONTENT="landet"/><SP WIDTH="14" VPOS="1148" HPOS="634"/>
							<String ID="string_237" HPOS="648" VPOS="1149" WIDTH="72" HEIGHT="21" WC="0.93" CONTENT="kunde"/><SP WIDTH="16" VPOS="1149" HPOS="720"/>
							<String ID="string_238" HPOS="736" VPOS="1150" WIDTH="58" HEIGHT="20" WC="0.93" CONTENT="ökas."/><SP WIDTH="29" VPOS="1150" HPOS="794"/>
							<String ID="string_239" HPOS="823" VPOS="1149" WIDTH="42" HEIGHT="21" WC="0.96" CONTENT="Det"/><SP WIDTH="14" VPOS="1149" HPOS="865"/>
							<String ID="string_240" HPOS="879" VPOS="1151" WIDTH="24" HEIGHT="19" WC="0.96" CONTENT="är"/>
						</TextLine>
						<TextLine ID="line_29" HPOS="90" VPOS="1177" WIDTH="813" HEIGHT="27">
							<String ID="string_241" HPOS="90" VPOS="1177" WIDTH="107" HEIGHT="21" WC="0.93" CONTENT="dessutom"/><SP WIDTH="23" VPOS="1177" HPOS="197"/>
							<String ID="string_242" HPOS="220" VPOS="1178" WIDTH="103" HEIGHT="26" WC="0.95" CONTENT="antagligt"/><SP WIDTH="21" VPOS="1178" HPOS="323"/>
							<String ID="string_243" HPOS="344" VPOS="1179" WIDTH="39" HEIGHT="22" WC="0.96" CONTENT="att,"/><SP WIDTH="24" VPOS="1179" HPOS="383"/>
							<String ID="string_244" HPOS="407" VPOS="1183" WIDTH="33" HEIGHT="15" WC="0.93" CONTENT="om"/><SP WIDTH="21" VPOS="1183" HPOS="440"/>
							<String ID="string_245" HPOS="461" VPOS="1177" WIDTH="57" HEIGHT="21" WC="0.93" CONTENT="lånet"/><SP WIDTH="15" VPOS="1177" HPOS="518"/>
							<String ID="string_246" HPOS="533" VPOS="1179" WIDTH="103" HEIGHT="25" WC="0.93" CONTENT="upptages"/><SP WIDTH="15" VPOS="1179" HPOS="636"/>
							<String ID="string_247" HPOS="651" VPOS="1177" WIDTH="7" HEIGHT="21" WC="0.93" CONTENT="i"/><SP WIDTH="15" VPOS="1177" HPOS="658"/>
							<String ID="string_248" HPOS="673" VPOS="1177" WIDTH="102" HEIGHT="26" WC="0.93" CONTENT="utlandet,"/><SP WIDTH="17" VPOS="1177" HPOS="775"/>
							<String ID="string_249" HPOS="792" VPOS="1177" WIDTH="111" HEIGHT="26" WC="0.91" CONTENT="obligatio-"/>
						</TextLine>
						<TextLine ID="line_30" HPOS="90" VPOS="1205" WIDTH="813" HEIGHT="26">
							<String ID="string_250" HPOS="90" VPOS="1211" WIDTH="67" HEIGHT="15" WC="0.91" CONTENT="nerna"/><SP WIDTH="21" VPOS="1211" HPOS="157"/>
							<String ID="string_251" HPOS="178" VPOS="1211" WIDTH="41" HEIGHT="20" WC="0.94" CONTENT="nog"/><SP WIDTH="19" VPOS="1211" HPOS="219"/>
							<String ID="string_252" HPOS="238" VPOS="1205" WIDTH="52" HEIGHT="21" WC="0.96" CONTENT="söka"/><SP WIDTH="17" VPOS="1205" HPOS="290"/>
							<String ID="string_253" HPOS="307" VPOS="1205" WIDTH="32" HEIGHT="26" WC="0.96" CONTENT="sig"/><SP WIDTH="15" VPOS="1205" HPOS="339"/>
							<String ID="string_254" HPOS="354" VPOS="1205" WIDTH="32" HEIGHT="21" WC="0.96" CONTENT="till"/><SP WIDTH="15" VPOS="1205" HPOS="386"/>
							<String ID="string_255" HPOS="401" VPOS="1205" WIDTH="56" HEIGHT="21" WC="0.96" CONTENT="baka"/><SP WIDTH="15" VPOS="1205" HPOS="457"/>
							<String ID="string_256" HPOS="472" VPOS="1205" WIDTH="31" HEIGHT="21" WC="0.96" CONTENT="till"/><SP WIDTH="15" VPOS="1205" HPOS="503"/>
							<String ID="string_257" HPOS="518" VPOS="1205" WIDTH="96" HEIGHT="25" WC="0.93" CONTENT="Finland,"/><SP WIDTH="16" VPOS="1205" HPOS="614"/>
							<String ID="string_258" HPOS="630" VPOS="1205" WIDTH="98" HEIGHT="21" WC="0.91" CONTENT="hvarföre"/><SP WIDTH="15" VPOS="1205" HPOS="728"/>
							<String ID="string_259" HPOS="743" VPOS="1205" WIDTH="160" HEIGHT="26" WC="0.92" CONTENT="ifrägavarande"/>
						</TextLine>
						<TextLine ID="line_31" HPOS="90" VPOS="1233" WIDTH="813" HEIGHT="27">
							<String ID="string_260" HPOS="90" VPOS="1234" WIDTH="38" HEIGHT="20" WC="0.90" CONTENT="ord"/><SP WIDTH="22" VPOS="1234" HPOS="128"/>
							<String ID="string_261" HPOS="150" VPOS="1240" WIDTH="63" HEIGHT="20" WC="0.96" CONTENT="synas"/><SP WIDTH="21" VPOS="1240" HPOS="213"/>
							<String ID="string_262" HPOS="234" VPOS="1234" WIDTH="43" HEIGHT="25" WC="0.96" CONTENT="mig"/><SP WIDTH="21" VPOS="1234" HPOS="277"/>
							<String ID="string_263" HPOS="298" VPOS="1234" WIDTH="87" HEIGHT="20" WC="0.93" CONTENT="alldeles"/><SP WIDTH="16" VPOS="1234" HPOS="385"/>
							<String ID="string_264" HPOS="401" VPOS="1233" WIDTH="134" HEIGHT="27" WC="0.84" CONTENT="öfverflödiga"/><SP WIDTH="15" VPOS="1233" HPOS="535"/>
							<String ID="string_265" HPOS="550" VPOS="1234" WIDTH="40" HEIGHT="21" WC="0.93" CONTENT="och"/><SP WIDTH="14" VPOS="1234" HPOS="590"/>
							<String ID="string_266" HPOS="604" VPOS="1233" WIDTH="56" HEIGHT="21" WC="0.96" CONTENT="blott"/><SP WIDTH="14" VPOS="1233" HPOS="660"/>
							<String ID="string_267" HPOS="674" VPOS="1234" WIDTH="33" HEIGHT="21" WC="0.96" CONTENT="för"/><SP WIDTH="14" VPOS="1234" HPOS="707"/>
							<String ID="string_268" HPOS="721" VPOS="1234" WIDTH="122" HEIGHT="26" WC="0.93" CONTENT="regeringen"/><SP WIDTH="14" VPOS="1234" HPOS="843"/>
							<String ID="string_269" HPOS="857" VPOS="1234" WIDTH="46" HEIGHT="21" WC="0.93" CONTENT="hin-"/>
						</TextLine>
						<TextLine ID="line_32" HPOS="90" VPOS="1262" WIDTH="86" HEIGHT="26">
							<String ID="string_270" HPOS="90" VPOS="1262" WIDTH="86" HEIGHT="26" WC="0.67" CONTENT="derliga."/>
						</TextLine>
					</TextBlock>
				</ComposedBlock>
				<ComposedBlock ID="cblock_9" HPOS="89" VPOS="1318" WIDTH="814" HEIGHT="112">
					<TextBlock ID="block_8" HPOS="89" VPOS="1318" WIDTH="814" HEIGHT="112">
						<TextLine ID="line_33" HPOS="157" VPOS="1318" WIDTH="746" HEIGHT="27">
							<String ID="string_271" HPOS="157" VPOS="1318" WIDTH="57" HEIGHT="21" WC="0.93" CONTENT="Herr"/><SP WIDTH="14" VPOS="1318" HPOS="214"/>
							<String ID="string_272" HPOS="228" VPOS="1318" WIDTH="170" HEIGHT="27" WC="0.91" CONTENT="Lindegvist:"/><SP WIDTH="29" VPOS="1318" HPOS="398"/>
							<String ID="string_273" HPOS="427" VPOS="1318" WIDTH="70" HEIGHT="21" WC="0.92" CONTENT="Jemte"/><SP WIDTH="18" VPOS="1318" HPOS="497"/>
							<String ID="string_274" HPOS="515" VPOS="1319" WIDTH="37" HEIGHT="20" WC="0.96" CONTENT="det"/><SP WIDTH="12" VPOS="1319" HPOS="552"/>
							<String ID="string_275" HPOS="564" VPOS="1319" WIDTH="36" HEIGHT="26" WC="0.96" CONTENT="jag"/><SP WIDTH="14" VPOS="1319" HPOS="600"/>
							<String ID="string_276" HPOS="614" VPOS="1319" WIDTH="7" HEIGHT="20" WC="0.93" CONTENT="i"/><SP WIDTH="15" VPOS="1319" HPOS="621"/>
							<String ID="string_277" HPOS="636" VPOS="1318" WIDTH="42" HEIGHT="22" WC="0.92" CONTENT="allo"/><SP WIDTH="15" VPOS="1318" HPOS="678"/>
							<String ID="string_278" HPOS="693" VPOS="1319" WIDTH="140" HEIGHT="21" WC="0.92" CONTENT="understöder"/><SP WIDTH="13" VPOS="1319" HPOS="833"/>
							<String ID="string_279" HPOS="846" VPOS="1318" WIDTH="57" HEIGHT="22" WC="0.96" CONTENT="Herr"/>
						</TextLine>
						<TextLine ID="line_34" HPOS="89" VPOS="1346" WIDTH="813" HEIGHT="27">
							<String ID="string_280" HPOS="89" VPOS="1347" WIDTH="81" HEIGHT="26" WC="0.88" CONTENT="Berghs"/><SP WIDTH="20" VPOS="1347" HPOS="170"/>
							<String ID="string_281" HPOS="190" VPOS="1346" WIDTH="79" HEIGHT="27" WC="0.96" CONTENT="förslag"/><SP WIDTH="22" VPOS="1346" HPOS="269"/>
							<String ID="string_282" HPOS="291" VPOS="1347" WIDTH="38" HEIGHT="20" WC="0.96" CONTENT="ber"/><SP WIDTH="20" VPOS="1347" HPOS="329"/>
							<String ID="string_283" HPOS="349" VPOS="1347" WIDTH="38" HEIGHT="26" WC="0.96" CONTENT="jag"/><SP WIDTH="22" VPOS="1347" HPOS="387"/>
							<String ID="string_284" HPOS="409" VPOS="1348" WIDTH="31" HEIGHT="19" WC="0.93" CONTENT="att"/><SP WIDTH="22" VPOS="1348" HPOS="440"/>
							<String ID="string_285" HPOS="462" VPOS="1347" WIDTH="21" HEIGHT="20" WC="0.92" CONTENT="fä"/><SP WIDTH="19" VPOS="1347" HPOS="483"/>
							<String ID="string_286" HPOS="502" VPOS="1347" WIDTH="69" HEIGHT="21" WC="0.92" CONTENT="säsom"/><SP WIDTH="15" VPOS="1347" HPOS="571"/>
							<String ID="string_287" HPOS="586" VPOS="1349" WIDTH="32" HEIGHT="19" WC="0.96" CONTENT="ett"/><SP WIDTH="14" VPOS="1349" HPOS="618"/>
							<String ID="string_288" HPOS="632" VPOS="1347" WIDTH="124" HEIGHT="26" WC="0.96" CONTENT="ytterligare"/><SP WIDTH="15" VPOS="1347" HPOS="756"/>
							<String ID="string_289" HPOS="771" VPOS="1347" WIDTH="46" HEIGHT="21" WC="0.93" CONTENT="skäl"/><SP WIDTH="14" VPOS="1347" HPOS="817"/>
							<String ID="string_290" HPOS="831" VPOS="1347" WIDTH="71" HEIGHT="21" WC="0.93" CONTENT="derför"/>
						</TextLine>
						<TextLine ID="line_35" HPOS="90" VPOS="1375" WIDTH="813" HEIGHT="26">
							<String ID="string_291" HPOS="90" VPOS="1375" WIDTH="95" HEIGHT="26" WC="0.92" CONTENT="tillägga,"/><SP WIDTH="21" VPOS="1375" HPOS="185"/>
							<String ID="string_292" HPOS="206" VPOS="1377" WIDTH="33" HEIGHT="19" WC="0.96" CONTENT="att"/><SP WIDTH="15" VPOS="1377" HPOS="239"/>
							<String ID="string_293" HPOS="254" VPOS="1375" WIDTH="65" HEIGHT="26" WC="0.96" CONTENT="enligt"/><SP WIDTH="15" VPOS="1375" HPOS="319"/>
							<String ID="string_294" HPOS="334" VPOS="1375" WIDTH="43" HEIGHT="20" WC="0.96" CONTENT="min"/><SP WIDTH="13" VPOS="1375" HPOS="377"/>
							<String ID="string_295" HPOS="390" VPOS="1375" WIDTH="64" HEIGHT="22" WC="0.93" CONTENT="tanke"/><SP WIDTH="14" VPOS="1375" HPOS="454"/>
							<String ID="string_296" HPOS="468" VPOS="1375" WIDTH="145" HEIGHT="26" WC="0.92" CONTENT="upptagandet"/><SP WIDTH="15" VPOS="1375" HPOS="613"/>
							<String ID="string_297" HPOS="628" VPOS="1375" WIDTH="24" HEIGHT="21" WC="0.96" CONTENT="af"/><SP WIDTH="12" VPOS="1375" HPOS="652"/>
							<String ID="string_298" HPOS="664" VPOS="1377" WIDTH="32" HEIGHT="20" WC="0.96" CONTENT="ett"/><SP WIDTH="15" VPOS="1377" HPOS="696"/>
							<String ID="string_299" HPOS="711" VPOS="1375" WIDTH="35" HEIGHT="21" WC="0.96" CONTENT="län"/><SP WIDTH="14" VPOS="1375" HPOS="746"/>
							<String ID="string_300" HPOS="760" VPOS="1376" WIDTH="57" HEIGHT="21" WC="0.96" CONTENT="inom"/><SP WIDTH="14" VPOS="1376" HPOS="817"/>
							<String ID="string_301" HPOS="831" VPOS="1375" WIDTH="72" HEIGHT="22" WC="0.96" CONTENT="landet"/>
						</TextLine>
						<TextLine ID="line_36" HPOS="90" VPOS="1402" WIDTH="689" HEIGHT="28">
							<String ID="string_302" HPOS="90" VPOS="1402" WIDTH="12" HEIGHT="22" WC="0.88" CONTENT="å"/><SP WIDTH="15" VPOS="1402" HPOS="102"/>
							<String ID="string_303" HPOS="117" VPOS="1403" WIDTH="46" HEIGHT="26" WC="0.95" CONTENT="fyra"/><SP WIDTH="15" VPOS="1403" HPOS="163"/>
							<String ID="string_304" HPOS="178" VPOS="1403" WIDTH="97" HEIGHT="26" WC="0.96" CONTENT="miljoner"/><SP WIDTH="14" VPOS="1403" HPOS="275"/>
							<String ID="string_305" HPOS="289" VPOS="1403" WIDTH="61" HEIGHT="20" WC="0.96" CONTENT="mark"/><SP WIDTH="15" VPOS="1403" HPOS="350"/>
							<String ID="string_306" HPOS="365" VPOS="1403" WIDTH="66" HEIGHT="20" WC="0.96" CONTENT="under"/><SP WIDTH="15" VPOS="1403" HPOS="431"/>
							<String ID="string_307" HPOS="446" VPOS="1404" WIDTH="132" HEIGHT="20" WC="0.96" CONTENT="närvarande"/><SP WIDTH="15" VPOS="1404" HPOS="578"/>
							<String ID="string_308" HPOS="593" VPOS="1403" WIDTH="31" HEIGHT="21" WC="0.96" CONTENT="tid"/><SP WIDTH="15" VPOS="1403" HPOS="624"/>
							<String ID="string_309" HPOS="639" VPOS="1405" WIDTH="24" HEIGHT="18" WC="0.96" CONTENT="är"/><SP WIDTH="15" VPOS="1405" HPOS="663"/>
							<String ID="string_310" HPOS="678" VPOS="1403" WIDTH="101" HEIGHT="27" WC="0.96" CONTENT="omöjligt."/>
						</TextLine>
					</TextBlock>
				</ComposedBlock>
				<ComposedBlock ID="cblock_10" HPOS="94" VPOS="1453" WIDTH="809" HEIGHT="91">
					<TextBlock ID="block_9" HPOS="94" VPOS="1453" WIDTH="809" HEIGHT="91">
						<TextLine ID="line_37" HPOS="157" VPOS="1453" WIDTH="745" HEIGHT="33">
							<String ID="string_311" HPOS="157" VPOS="1459" WIDTH="56" HEIGHT="22" WC="0.92" CONTENT="Herr"/><SP WIDTH="22" VPOS="1459" HPOS="213"/>
							<String ID="string_312" HPOS="235" VPOS="1453" WIDTH="145" HEIGHT="32" WC="0.88" CONTENT="Öhrnberg:"/><SP WIDTH="30" VPOS="1453" HPOS="380"/>
							<String ID="string_313" HPOS="410" VPOS="1459" WIDTH="42" HEIGHT="21" WC="0.96" CONTENT="För"/><SP WIDTH="16" VPOS="1459" HPOS="452"/>
							<String ID="string_314" HPOS="468" VPOS="1460" WIDTH="43" HEIGHT="20" WC="0.96" CONTENT="min"/><SP WIDTH="15" VPOS="1460" HPOS="511"/>
							<String ID="string_315" HPOS="526" VPOS="1459" WIDTH="34" HEIGHT="21" WC="0.96" CONTENT="del"/><SP WIDTH="14" VPOS="1459" HPOS="560"/>
							<String ID="string_316" HPOS="574" VPOS="1465" WIDTH="63" HEIGHT="15" WC="0.97" CONTENT="anser"/><SP WIDTH="13" VPOS="1465" HPOS="637"/>
							<String ID="string_317" HPOS="650" VPOS="1459" WIDTH="36" HEIGHT="27" WC="0.96" CONTENT="jag"/><SP WIDTH="14" VPOS="1459" HPOS="686"/>
							<String ID="string_318" HPOS="700" VPOS="1459" WIDTH="26" HEIGHT="22" WC="0.93" CONTENT="de"/><SP WIDTH="16" VPOS="1459" HPOS="726"/>
							<String ID="string_319" HPOS="742" VPOS="1459" WIDTH="111" HEIGHT="22" WC="0.92" CONTENT="anmärkta"/><SP WIDTH="14" VPOS="1459" HPOS="853"/>
							<String ID="string_320" HPOS="867" VPOS="1465" WIDTH="35" HEIGHT="16" WC="0.93" CONTENT="or-"/>
						</TextLine>
						<TextLine ID="line_38" HPOS="94" VPOS="1487" WIDTH="809" HEIGHT="28">
							<String ID="string_321" HPOS="94" VPOS="1489" WIDTH="36" HEIGHT="20" WC="0.91" CONTENT="len"/><SP WIDTH="24" VPOS="1489" HPOS="130"/>
							<String ID="string_322" HPOS="154" VPOS="1488" WIDTH="18" HEIGHT="27" WC="0.90" CONTENT="ej"/><SP WIDTH="23" VPOS="1488" HPOS="172"/>
							<String ID="string_323" HPOS="195" VPOS="1489" WIDTH="77" HEIGHT="26" WC="0.96" CONTENT="kunna,"/><SP WIDTH="19" VPOS="1489" HPOS="272"/>
							<String ID="string_324" HPOS="291" VPOS="1487" WIDTH="28" HEIGHT="28" WC="0.96" CONTENT="pä"/><SP WIDTH="15" VPOS="1487" HPOS="319"/>
							<String ID="string_325" HPOS="334" VPOS="1489" WIDTH="43" HEIGHT="20" WC="0.96" CONTENT="sätt"/><SP WIDTH="14" VPOS="1489" HPOS="377"/>
							<String ID="string_326" HPOS="391" VPOS="1494" WIDTH="49" HEIGHT="15" WC="0.93" CONTENT="man"/><SP WIDTH="15" VPOS="1494" HPOS="440"/>
							<String ID="string_327" HPOS="455" VPOS="1494" WIDTH="60" HEIGHT="21" WC="0.91" CONTENT="synes"/><SP WIDTH="16" VPOS="1494" HPOS="515"/>
							<String ID="string_328" HPOS="531" VPOS="1487" WIDTH="79" HEIGHT="27" WC="0.92" CONTENT="befara,"/><SP WIDTH="16" VPOS="1487" HPOS="610"/>
							<String ID="string_329" HPOS="626" VPOS="1487" WIDTH="56" HEIGHT="22" WC="0.91" CONTENT="välla"/><SP WIDTH="15" VPOS="1487" HPOS="682"/>
							<String ID="string_330" HPOS="697" VPOS="1488" WIDTH="64" HEIGHT="27" WC="0.91" CONTENT="nägot"/><SP WIDTH="15" VPOS="1488" HPOS="761"/>
							<String ID="string_331" HPOS="776" VPOS="1489" WIDTH="56" HEIGHT="20" WC="0.92" CONTENT="ondt."/><SP WIDTH="29" VPOS="1489" HPOS="832"/>
							<String ID="string_332" HPOS="861" VPOS="1489" WIDTH="42" HEIGHT="21" WC="0.96" CONTENT="Det"/>
						</TextLine>
						<TextLine ID="line_39" HPOS="95" VPOS="1516" WIDTH="807" HEIGHT="28">
							<String ID="string_333" HPOS="95" VPOS="1519" WIDTH="19" HEIGHT="19" WC="0.66" CONTENT="ir"/><SP WIDTH="22" VPOS="1519" HPOS="114"/>
							<String ID="string_334" HPOS="136" VPOS="1517" WIDTH="102" HEIGHT="27" WC="0.95" CONTENT="naturligt"/><SP WIDTH="21" VPOS="1517" HPOS="238"/>
							<String ID="string_335" HPOS="259" VPOS="1518" WIDTH="33" HEIGHT="20" WC="0.93" CONTENT="att"/><SP WIDTH="21" VPOS="1518" HPOS="292"/>
							<String ID="string_336" HPOS="313" VPOS="1517" WIDTH="110" HEIGHT="27" WC="0.96" CONTENT="styrelsen,"/><SP WIDTH="21" VPOS="1517" HPOS="423"/>
							<String ID="string_337" HPOS="444" VPOS="1523" WIDTH="46" HEIGHT="15" WC="0.96" CONTENT="som"/><SP WIDTH="16" VPOS="1523" HPOS="490"/>
							<String ID="string_338" HPOS="506" VPOS="1516" WIDTH="54" HEIGHT="22" WC="0.93" CONTENT="skall"/><SP WIDTH="16" VPOS="1516" HPOS="560"/>
							<String ID="string_339" HPOS="576" VPOS="1517" WIDTH="64" HEIGHT="26" WC="0.96" CONTENT="draga"/><SP WIDTH="14" VPOS="1517" HPOS="640"/>
							<String ID="string_340" HPOS="654" VPOS="1517" WIDTH="83" HEIGHT="27" WC="0.96" CONTENT="försorg"/><SP WIDTH="15" VPOS="1517" HPOS="737"/>
							<String ID="string_341" HPOS="752" VPOS="1523" WIDTH="34" HEIGHT="16" WC="0.93" CONTENT="om"/><SP WIDTH="14" VPOS="1523" HPOS="786"/>
							<String ID="string_342" HPOS="800" VPOS="1516" WIDTH="102" HEIGHT="23" WC="0.92" CONTENT="verkstäl-"/>
						</TextLine>
					</TextBlock>
				</ComposedBlock>
			</PrintSpace>
		</Page>
	</Layout>
</alto>
