1086 1809
230 135 39 20 188
418 140 181 21 Borgareständet.
624 140 55 16 1867.
704 139 23 17 12
739 139 62 16 Mars.

200 224 42 26 mig
257 225 22 20 af
293 224 90 21 tillfället
395 226 31 19 att
441 224 93 26 upplysa,
551 224 35 22 det
597 223 158 26 ifrågavarande
765 224 58 26 intyg
833 223 64 21 sedan
909 228 26 15 en
943 222 71 28 längre

199 252 31 21 tid
246 252 89 22 tillbaka
350 252 46 21 icke
407 258 58 15 mera
476 252 108 21 benämnts
596 251 155 22 helfrihetsbref
762 253 50 19 utan
823 250 109 22 certifikat.
949 250 66 22 Äfven

198 280 36 27 jag
249 287 61 15 anser
321 280 81 22 derföre
417 286 80 16 samma
507 280 153 27 stämpelafgift,
671 286 45 15 som
726 280 66 27 gäller
805 279 31 21 för
846 280 25 20 de
880 279 135 26 sistnämnda,

200 309 39 21 ock
261 316 49 15 vara
325 309 85 27 lämplig
424 309 32 21 för
471 309 160 26 helfrihetsbref;
649 311 22 24 ty
686 311 32 19 att
732 309 109 21 städernas
856 308 74 27 fartyg,
946 307 69 21 hvilka

200 338 65 21 redan
287 337 56 22 förut
365 340 37 19 äro
424 337 51 26 högt
497 337 130 26 beskattade,
650 339 56 19 ännu
721 337 69 21 dertill
805 336 68 22 skulle
888 336 90 21 drabbas
994 335 22 22 af

200 366 40 21 den
256 366 117 27 föreslagna
387 365 144 28 förhöjningen
543 368 12 19 &
565 365 175 28 stämpelafgiften
751 365 32 22 för
792 364 155 23 helfrihetsbref
956 365 60 20 hvart

200 395 68 26 tredje
283 396 30 23 år,
329 401 49 15 vore
393 395 104 26 gränslöst
513 394 86 27 obilligt.

268 451 56 22 Herr
346 451 125 27 Östring:
494 451 40 27 Jag
555 452 41 21 kan
619 451 46 21 icke
687 451 48 27 ingå
753 451 6 20 i
774 451 70 26 någon
859 450 155 27 undersökning

200 479 94 22 hvarken
319 486 34 15 om
369 479 148 28 lämpligheten
533 481 21 20 af
567 482 32 19 att
614 479 156 22 helfrihetsbref
784 479 59 22 skola
858 479 84 27 förnyas
956 479 62 21 hvart

200 509 67 26 tredje
282 509 24 21 år
321 508 51 22 eller
387 515 33 15 om
436 509 115 21 skillnaden
568 508 87 22 emellan
671 509 70 20 stads-
757 508 38 21 och
807 507 209 28 landtmannafartyg,

200 539 22 25 ty
245 537 75 22 sådant
343 543 60 15 anser
419 538 36 26 jag
468 538 46 20 icke
528 537 84 22 tillhöra
624 537 149 26 författningen
789 543 33 14 om
837 536 179 27 stämpelpappers

200 565 92 28 afgiften.
322 565 95 22 Nämnde
442 566 90 21 skillnad
556 567 67 20 måste
649 567 26 25 på
698 572 68 15 annan
789 567 40 24 väg
848 565 114 27 upphäfvas
978 565 39 21 och

200 594 60 21 äfven
273 594 38 26 jag
325 600 50 15 vore
391 594 55 26 villig
462 594 70 21 dertill
547 594 117 21 medverka.
694 594 46 21 Här
754 594 42 21 kan
811 593 54 22 blott
880 593 64 21 blifva
959 593 58 26 fråga

202 629 34 14 om
258 623 99 26 beloppet
381 622 21 21 af
424 623 35 21 det
481 623 175 26 stämpelpapper,
679 629 44 15 som
746 622 53 21 skall
818 622 31 21 till
863 621 157 22 helfrihetsbref

201 651 112 26 begagnas.
343 651 12 20 I
370 651 57 21 detta
445 651 97 21 afseende
557 651 78 21 tilltror
651 652 35 25 jag
702 651 41 26 mig
758 651 17 26 ej
793 657 38 20 ega
846 650 35 26 fog
896 652 31 19 att
942 650 76 21 föreslå

202 679 178 26 Borgareståndet
398 679 132 22 förkastande
545 679 22 22 af
581 680 34 20 det
630 679 6 20 i
652 680 158 25 propositionen
825 681 107 24 upptagna
946 679 38 20 och
999 678 20 21 af

202 708 104 21 utskottet
318 707 77 27 jemväl
410 708 114 26 tillstyrkta
539 707 75 27 belopp
630 708 22 20 af
666 714 24 15 en
707 708 58 20 mark
780 707 33 21 för
823 707 71 26 hvarje
906 707 29 20 tio
944 707 74 21 lästers

201 736 69 26 fartyg
285 738 54 19 samt
354 736 120 21 derutöfver
489 736 32 21 för
535 736 51 21 hvar
601 736 62 21 femte
679 736 40 21 läst
735 737 26 20 50
777 736 68 27 penni.
876 736 74 21 Denna
960 735 59 27 afgift

202 770 60 20 synes
285 764 42 26 mig
349 765 17 24 ej
390 771 49 14 vara
454 765 114 26 synnerligt
584 767 44 18 stor
643 765 5 19 i
661 764 119 26 jemförelse
796 765 47 20 med
858 764 72 21 värdet
946 763 22 22 af
981 764 35 21 det

201 793 74 26 fartyg,
291 799 44 14 som
353 793 119 26 derigenom
487 793 116 26 betryggas.
633 793 38 21 Ett
687 793 71 20 trettio
769 793 75 21 lästers
855 792 68 27 fartyg
933 793 83 20 komme

202 820 87 22 sålunda
312 823 30 18 att
364 821 84 26 erlägga
471 822 71 20 trettio
566 821 58 21 mark
649 821 61 22 hvart
725 821 66 26 tredje
807 822 24 20 år
845 821 50 21 eller
911 821 29 20 tio
958 820 59 21 mark

202 849 33 21 för
245 849 51 21 året.
327 849 41 20 För
383 849 47 21 hela
441 849 99 21 Finlands
552 849 59 22 flotta
622 849 67 21 blefve
700 849 58 22 detta
769 850 17 26 ej
797 851 69 25 någon
876 852 44 18 stor
930 855 86 18 summa,

203 877 39 21 den
265 877 98 27 uppgifne
381 878 49 20 visst
450 878 44 20 icke
522 878 29 20 tili
568 880 81 19 ettusen
665 878 58 21 mark
739 878 85 26 årligen.
853 877 41 22 Vill
910 883 47 15 man
972 877 46 21 åter

200 905 89 27 jemföra
303 906 156 21 helfrihetsbref
473 906 47 21 med
535 906 104 26 fastebref,
655 907 23 21 så
694 909 61 24 utgör
771 906 74 22 kartan
864 906 32 21 för
910 906 37 21 det
961 906 57 21 förra

201 934 47 21 icke
270 941 25 14 en
317 935 101 26 tredjedel
434 935 22 21 af
468 935 54 21 hvad
538 935 32 21 för
585 935 98 21 fastebret
698 937 12 19 å
725 941 70 16 annan
807 935 40 22 fast
863 935 101 26 egendom
978 934 39 21 fin-

202 969 37 14 nes
259 963 137 21 föreskrifvet.
427 963 71 26 Enligt
518 970 27 14 nu
559 964 97 25 gällande
672 965 42 25 pris
730 966 106 19 motsvara
851 963 40 22 fem
906 963 65 22 läster
986 965 31 19 ett

202 991 174 26 fastighetsvärde
398 991 22 22 af
441 992 87 27 ungefär
551 993 61 25 1,500
628 993 65 20 mark.
723 993 42 20 För
789 993 58 20 detta
871 991 63 22 värde
949 991 67 22 skulle

202 1019 81 22 således
307 1019 83 27 jemlikt
414 1019 136 23 förevarande
574 1027 60 14 mom.
663 1021 94 26 erläggas
780 1027 25 14 en
820 1020 120 25 karteafgift
955 1019 21 22 af
990 1021 26 20 50

203 1048 70 26 penni;
297 1048 107 21 hvaremot
426 1048 32 21 för
480 1055 67 15 annan
568 1049 99 26 fastighet
682 1055 79 15 samma
777 1049 58 26 afgift
849 1050 67 20 måste
932 1050 84 25 utgöras

202 1075 65 22 redan
283 1076 32 21 för
330 1079 30 19 ett
375 1077 63 21 värde
453 1077 22 20 af
488 1078 41 20 500
544 1077 65 21 mark.
640 1077 57 21 Enär
712 1083 27 15 nu
755 1077 155 27 propositionen
926 1077 55 21 afser
991 1083 25 15 en

202 1105 64 26 nödig
280 1105 118 26 förhöjning
420 1105 21 21 af
456 1105 244 27 kartasigillata-afgiften
716 1106 39 21 och
770 1112 75 20 genom
860 1106 157 26 ifrägavarande

203 1133 116 26 stadgande
340 1133 45 22 icke
408 1133 99 22 särskildt
523 1135 61 20 omak
601 1134 70 26 vällas,
687 1135 27 20 dä
729 1135 38 20 här
783 1135 74 20 endast
872 1136 23 19 är
910 1134 58 26 fråga
983 1141 34 14 om

203 1161 98 26 afgiftens
321 1161 83 28 belopp,
424 1162 68 21 skulle
505 1163 36 26 jag
556 1163 104 26 tillstyrka
675 1163 178 26 Borgareständet
869 1165 32 19 att
915 1163 46 20 icke
976 1163 40 20 för-

203 1189 61 22 kasta
287 1190 40 21 den
349 1191 117 26 föreslagna
487 1191 144 26 förhöjningen
653 1191 6 20 i
679 1191 68 21 denna
762 1191 39 21 del.
831 1192 46 20 Den
893 1191 91 21 drabbar
998 1191 18 26 ej

204 1217 65 22 heller
290 1218 132 21 uteslutande
443 1219 177 26 borgareständet,
641 1220 86 21 emedan
748 1221 75 25 många
838 1220 65 21 andra
917 1225 100 21 personer

204 1248 36 19 äro
257 1247 129 26 berättigade
402 1249 31 19 att
448 1248 51 20 reda
514 1248 7 20 i
536 1247 73 28 fartyg.

272 1303 55 21 Herr
348 1303 213 27 Bronikowskij:
584 1304 72 21 Sävidt
676 1305 36 26 jag
736 1305 80 21 fattade
832 1305 55 20 Herr
901 1304 117 22 Snellmans

203 1331 98 27 yttrande
323 1331 47 26 gick
392 1332 34 21 det
448 1334 23 19 ut
494 1333 69 25 derpä,
580 1335 31 18 att
626 1333 99 21 rubriken
741 1333 156 21 helfrihetsbref
910 1333 68 21 skulle
994 1339 24 16 ur

203 1359 148 26 författningen
366 1359 45 21 helt
426 1360 38 20 och
479 1359 65 22 hället
560 1361 55 25 utgä,
631 1361 87 20 emedan
729 1361 37 21 der
776 1361 55 20 förut
842 1361 105 26 upptagits
958 1362 60 20 certi-

203 1386 58 26 fikat,
286 1393 45 15 som
355 1387 129 22 innefattade
509 1389 120 20 detsamma.
660 1388 43 21 För
725 1389 40 21 min
790 1389 33 21 del
841 1395 61 15 anser
914 1389 36 26 jag
965 1389 53 21 dock

203 1415 73 27 nödigt
298 1417 32 20 att
353 1415 98 22 rubriken
472 1417 101 25 gvarstär,
596 1423 33 14 om
651 1417 38 20 ock
706 1417 159 27 kartabeloppet
881 1418 137 21 underkastas

204 1444 95 26 ändring;
323 1446 22 25 ty
361 1444 60 21 äfven
437 1451 34 14 om
486 1444 155 22 helfrihetsbref
655 1445 6 21 i
677 1446 78 26 dagligt
771 1445 29 22 tal
816 1446 111 21 benämnes
943 1446 75 22 certifi-

203 1473 44 26 kat,
271 1473 24 21 sä
310 1475 74 24 utgöra
400 1473 25 22 de
441 1473 63 21 likväl
520 1473 111 27 ingalunda
647 1480 79 15 samma
742 1475 97 27 begrepp.
871 1475 108 21 Certifikat
994 1478 24 19 är

204 1501 102 27 nemligen
330 1503 31 20 ett
382 1502 178 27 ursprungsbevis,
582 1509 45 15 som
650 1503 94 22 utfärdas
766 1505 13 20 &
793 1510 69 22 varor,
877 1504 70 22 hvilka
962 1504 55 22 föras

203 1534 15 17 t.
244 1536 31 16 ex.
301 1530 32 22 till
357 1531 107 28 Ryssland.
495 1531 60 22 Hvad
575 1532 46 21 åter
639 1533 66 26 angår
720 1532 55 22 Herr
790 1532 95 28 Östrings
898 1534 119 26 jemförelse
