1084 1792
208 120 42 21 440
403 124 181 22 Borgareståndet.
610 125 53 17 1867.
687 126 12 16 &
711 125 63 21 April.

179 216 38 16 var
231 210 60 21 äfven
312 211 32 20 att
362 210 96 20 använda
473 209 61 21 ordet
549 209 87 25 ,,skola'"
651 208 7 21 i
673 208 71 22 stället
759 208 33 22 för
807 210 72 25 ,äga'',
895 215 48 15 men
958 209 40 21 den

178 244 29 15 nu
229 237 118 27 föreslagna
369 238 137 21 redaktionen
529 238 75 26 ansågs
627 236 22 22 af
670 237 115 21 utskottets
806 237 108 26 pluralitet
936 237 62 22 hafva

178 266 112 22 företräde.
320 266 45 22 Och
382 266 26 21 då
423 266 35 21 det
474 266 111 27 omöjligen
600 266 41 21 kan
657 264 108 23 föranleda
780 265 32 22 till
824 265 139 27 villrådighet,
973 266 26 21 så

178 295 60 21 torde
260 294 46 22 skäl
329 294 19 27 ej
369 294 130 22 förekomma
520 297 33 18 att
574 296 51 25 göra
639 295 69 25 någon
723 294 89 27 ändring
826 294 6 21 i
848 294 149 22 betänkandet.

177 323 167 22 Vidkommande
366 324 46 20 åter
434 323 56 21 Herr
504 322 127 22 Cedermans
647 322 138 27 anmärkning
800 324 57 20 emot
873 323 36 21 det
923 329 75 15 senare

178 358 70 19 mom.,
263 353 23 20 så
299 352 35 21 vill
346 351 37 27 jag
398 351 73 22 förena
488 351 42 26 mig
546 351 46 21 med
607 351 76 22 honom
700 350 49 24 deri,
765 354 32 18 att
813 357 25 15 en
853 351 145 26 systematiskt

177 379 106 28 uppställd
299 380 89 27 ordning
404 379 53 22 hade
472 379 81 22 kunnat
567 382 50 24 göra
633 379 88 21 rättvisa
735 379 23 21 åt
772 379 53 21 hans
839 379 84 26 förslag.
948 379 48 22 Men

178 408 69 22 såvidt
266 408 36 27 jag
325 409 40 20 kan
386 408 98 27 påminna
507 408 46 26 mig,
578 408 61 21 ordas
661 408 36 21 det
712 407 17 27 ej
746 414 34 15 om
796 408 26 21 de
836 408 77 21 urtima
928 407 68 22 landt-

178 437 93 26 dagarna
292 439 70 23 annat,
385 438 26 19 än
434 436 67 21 såvidt
524 436 25 21 de
570 436 62 21 hafva
652 436 127 27 gemenskap
795 436 47 21 med
858 436 25 21 de
899 436 96 27 lagtima;

178 464 82 23 derföre
275 465 39 22 och
330 465 32 21 för
377 467 32 19 att
424 465 26 27 på
466 471 25 15 en
506 465 61 26 gång,
584 465 27 21 då
625 464 54 22 både
695 464 86 27 lagtima
791 464 38 22 och
841 464 77 22 urtima
928 465 69 21 landt-

178 493 66 27 dagar
258 493 66 22 första
339 494 81 26 gången
431 495 93 23 nämnas,
536 493 60 21 äfven
607 493 5 20 i
624 493 150 26 sammanhang
785 493 84 21 dermed
880 493 117 22 bestämma

178 522 61 21 deras
263 521 130 25 befogenhet,
408 528 61 21 synes
485 522 42 26 mig
542 528 44 14 som
603 521 68 21 denna
685 521 156 26 omständighet
856 521 69 21 kunde
940 521 57 27 gälla

178 549 32 22 för
225 553 31 18 ett
270 550 46 21 skäl
331 553 32 18 att
378 550 68 22 lemna
461 550 124 27 paragrafen
601 549 96 22 ovidrörd
713 550 6 21 i
735 549 68 22 denna
819 549 38 22 del.

248 607 54 21 Herr
317 606 98 27 Bergh:
435 607 34 26 jag
490 613 61 14 anser
567 607 39 20 den
622 606 126 27 förändring,
763 613 45 15 som
825 607 104 20 utskottet
944 606 51 22 före-

178 635 68 27 slagit,
270 635 65 28 eller
343 635 143 22 uteslutandet
500 635 21 21 af
536 635 65 21 orden
617 637 54 24 ,äga
686 637 44 19 att"
746 635 46 21 icke
807 641 50 15 vara
873 635 67 26 någon
956 635 40 21 för-

178 664 99 26 bättring.
309 664 73 27 ,Åga"
403 666 23 19 är
448 666 30 19 ett
501 663 44 26 ord,
568 669 44 16 som
629 663 86 22 innebär
731 663 54 22 både
800 670 26 14 en
841 663 101 26 rättighet
957 663 39 22 och

178 699 26 14 en
219 692 129 27 skyldighet;
363 692 38 21 och
418 698 61 15 anser
491 692 36 27 jag
543 692 36 21 det
594 698 49 15 vara
658 692 6 20 i
680 692 11 27 &
707 693 12 20 2
730 691 23 22 af
763 693 40 20 den
816 692 76 27 nådiga
902 691 94 28 proposi-

179 720 70 22 tionen
264 721 143 26 fullkomligen
423 721 73 26 riktigt
511 720 124 27 begagnadt.
661 720 172 22 Sammanställer
844 727 47 14 man
902 721 35 20 det
948 721 47 21 med

179 749 61 22 ordet
262 767 5 8 ,
270 749 154 26 åtminstone",
440 755 44 16 som
500 748 139 22 förekommer
655 749 71 26 längre
741 749 53 21 fram
809 749 7 20 i
832 750 10 25 $
857 749 12 21 2
885 750 24 20 sä
924 751 23 19 är
963 749 36 22 det

178 779 44 20 rätt
244 777 100 27 uttryckt,
365 777 36 22 det
423 778 113 21 ständerna
552 780 53 24 ,äga
620 780 32 18 att
667 790 27 3 —
711 789 24 3 —
753 790 27 3 —
794 777 128 22 åtminstone
938 778 62 21 hvart

179 807 43 21 5:te
237 807 24 21 år
276 806 199 22 sammankomma".
506 806 41 22 Det
563 809 23 19 är
600 805 82 23 således
697 806 27 28 pä
739 812 25 16 en
779 807 56 26 gång
850 806 61 22 deras
926 806 71 27 rättig-

178 835 38 21 het
232 835 38 21 och
285 834 119 28 skyldighet
418 837 32 19 att
465 836 27 26 på
508 835 39 21 den
563 835 56 21 tiden
630 835 184 21 sammankomma.
839 834 11 22 1
861 835 39 21 den
910 836 89 21 svenska

179 863 213 27 riksdagsordningen
413 863 67 22 finnes
502 864 61 21 ordet
583 864 86 26 ,skola'
687 863 124 27 begagnadt,
827 870 46 15 men
887 864 36 27 jag
938 870 62 15 anser

180 892 58 22 detta
254 898 50 16 vara
319 892 81 22 mindre
414 892 102 27 lämpligt,
532 895 21 24 ty
570 893 35 20 det
619 891 88 23 innebär
725 898 57 15 mera
797 898 26 15 en
837 892 120 27 skyldighet
972 894 27 20 än

180 927 26 15 en
221 920 106 27 rättighet.

248 978 56 21 Herr
319 977 139 27 Öhrnberg:
482 980 50 18 utan
548 980 32 18 att
594 977 62 21 hafva
671 978 65 26 något
751 979 63 23 emot,
830 979 31 20 att
876 977 124 27 propositio-

180 1012 51 15 nens
255 1006 131 28 ordalydelse
406 1005 68 22 skulle
493 1006 112 26 begagnas,
627 1005 34 22 för
675 1012 70 15 annan
760 1006 99 21 händelse
875 1008 26 19 än
917 1008 32 19 att
965 1006 36 22 det

180 1034 68 22 skulle
262 1034 48 22 leda
325 1034 31 22 till
372 1034 144 27 skiljaktighet
526 1034 6 21 i
543 1034 100 22 ståndens
654 1034 68 22 beslut
734 1037 55 18 samt
801 1034 62 22 deraf
871 1034 130 22 härrörande

180 1062 225 27 sammanjemkningar
427 1062 106 22 äfvensom
556 1063 135 26 tidsutdrägt,
713 1062 80 22 hvilket
808 1063 69 21 kunde
893 1064 107 26 äfventyra

180 1091 48 21 hela
252 1091 249 27 lagstiftvingsåtgärden,
524 1091 41 21 kan
586 1092 36 26 jag
644 1091 81 22 ändock
748 1091 45 21 icke
809 1090 72 23 förena
897 1091 41 27 mig
954 1091 47 22 med

180 1120 56 21 Herr
258 1120 80 26 Berghs
359 1120 138 26 uppfattning,
514 1120 35 21 det
565 1120 38 20 här
618 1119 65 22 borde
698 1120 95 26 antydas,
809 1122 32 19 att
856 1120 35 21 det
906 1122 24 18 är
944 1122 57 19 stän-

181 1148 76 22 dernas
279 1148 101 27 rättighet
402 1150 32 19 att
456 1149 186 20 sammankomma.
672 1148 46 21 Den
736 1148 7 20 i
758 1147 99 27 förslaget
880 1148 120 28 begagnade

180 1176 149 22 mellansatsen
352 1177 41 26 ,,på
414 1176 102 26 Kejsaren
532 1176 39 22 och
587 1176 142 22 Storfurstens
743 1176 100 22 kallelse
859 1176 94 26 innebär,
970 1179 32 19 att

181 1204 59 22 detta
254 1204 221 22 sammankommande
491 1205 17 26 ej
524 1204 42 22 kan
581 1207 40 24 äga
635 1210 46 16 rum
697 1204 63 22 innan
776 1205 125 21 monarkens
913 1204 88 22 kallelse

180 1232 97 27 föregått,
294 1232 38 22 och
348 1235 32 19 att
395 1233 33 21 vid
444 1232 76 22 sådant
535 1232 131 22 förhållande
681 1232 43 22 tala
740 1239 33 15 om
785 1239 25 15 en
821 1233 108 27 rättighet,
940 1238 61 22 synes

181 1261 43 27 mig
239 1260 109 27 vanskligt.

250 1318 55 21 Herr
326 1317 91 27 Bergh:
439 1317 35 27 jag
490 1318 37 21 har
542 1318 18 26 ej
577 1318 67 27 yrkat,
661 1319 32 19 att
708 1317 60 21 ordet
783 1318 128 25 ,rättighet*
927 1318 52 20 skall
994 1318 7 20 i

180 1345 124 28 paragrafen
327 1345 84 24 införas,
432 1351 47 15 men
502 1351 67 20 anser,
592 1347 32 19 att
646 1345 59 21 Hans
721 1344 116 27 Kejserliga
853 1344 104 27 Majestät,
974 1346 27 21 dä

181 1373 47 22 Han
250 1374 94 26 godkänt
366 1374 40 20 den
428 1373 131 27 ordalydelse
579 1373 156 26 propositionen
751 1373 122 26 innehäller,
886 1374 45 27 just
946 1374 55 22 velat

181 1401 126 23 tillerkänna
329 1402 113 21 ständerna
458 1409 24 14 en
498 1401 107 28 rättighet.
637 1401 45 22 Och
697 1402 26 21 dä
739 1402 36 21 det
789 1403 113 25 anmärkts,
919 1405 32 19 att
966 1403 35 21 det

181 1437 51 16 vore
252 1430 45 22 skäl
320 1433 32 19 att
373 1433 51 24 göra
439 1431 23 21 sä
477 1431 21 21 fä
513 1431 112 26 ändringar
647 1437 45 15 som
715 1431 82 27 möjligt
811 1431 7 21 i
833 1432 168 27 propositionens

182 1459 138 28 ordalydelse,
344 1461 24 20 sä
389 1459 67 22 skulle
476 1460 36 26 jag
534 1459 77 22 föreslä
635 1460 168 27 propositionens
829 1461 124 26 antagande,
978 1462 24 21 sä

181 1489 85 27 mycket
287 1495 45 15 mer
354 1495 45 16 som
420 1495 75 20 genom
519 1488 114 22 utskottets
654 1488 121 28 förändring
790 1489 53 22 intet
857 1490 78 26 vinnes,
952 1491 48 20 utan

182 1518 40 21 den
237 1517 55 22 blott
306 1519 24 20 är
345 1524 25 15 en
386 1517 88 27 likgiltig
489 1517 142 28 ordställning.
