1084 1773
220 126 40 21 378
407 130 182 22 Borgareständet.
614 132 55 16 1867.
691 132 9 15 3
713 130 65 21 April.

191 218 24 18 är
239 217 32 19 att
293 216 93 26 upptaga
406 215 160 26 bestämningen
589 215 72 21 derom
683 215 6 20 i
705 214 95 22 bankens
815 216 48 20 stat.
893 214 47 21 Den
955 214 54 21 enda

192 244 75 26 ätgärd
282 244 36 26 jag
334 244 32 20 för
381 244 131 21 närvarande
528 249 62 15 anser
605 243 42 26 mig
662 243 53 21 böra
729 242 79 22 föreslä
819 244 23 20 är
853 244 32 20 att
895 244 114 20 momentet

192 272 7 21 i
224 272 68 21 denna
314 272 34 20 del
374 271 67 21 måtte
466 272 167 21 äterremitteras
659 271 31 21 till
710 271 170 24 bankutskottet,
896 277 45 15 som
957 270 52 27 egde

192 301 107 21 inkomma
314 301 48 21 med
377 300 80 26 förslag
471 300 7 21 i
493 302 78 19 ämnet.
588 321 3 2 .

260 357 54 21 Herr
329 356 101 27 Bergh:
454 357 26 21 de
500 357 76 27 många
598 357 45 26 slag
663 356 23 22 af
703 357 49 26 laga
767 356 70 22 förfall
853 356 56 21 Herr
924 355 85 28 Östring

192 385 74 27 antydt
291 385 115 22 inskränka
424 385 31 27 sig
473 386 65 26 enligt
555 386 25 20 12
595 385 48 27 kap.
662 386 9 20 1
688 385 11 27 &
714 386 26 20 R.
755 385 24 21 B.
795 384 33 22 till
843 384 100 28 följande:
959 384 51 27 ,Om

191 420 49 16 man
255 414 47 26 sjuk
317 416 34 24 är;
366 420 34 15 om
416 420 48 16 man
480 415 6 21 i
501 414 129 27 Konungens
646 414 39 21 och
700 414 74 21 Rikets
789 413 64 27 tjenst
864 415 24 19 är
896 413 114 27 uppbädad

192 442 51 22 eller
264 443 70 26 faren;
358 448 34 15 om
414 448 49 16 man
484 444 6 20 i
512 442 95 23 häktelse
623 443 71 25 sitter;
711 449 33 15 om
760 448 48 16 man
824 442 23 22 af
860 442 83 22 fienden
959 442 51 21 eller

191 478 70 15 annan
282 471 54 26 fara,
359 471 75 22 vädeld
457 472 51 21 eller
523 471 103 22 vattuflod
641 471 95 22 hindras:
753 478 34 15 om
803 477 48 15 man
866 471 55 22 ifrän
936 471 74 21 sinnen

193 501 97 20 kommen
316 501 33 25 är;
365 506 35 15 om
414 507 50 14 man
480 501 52 20 eller
547 501 83 24 hustru,
645 500 53 21 barn
713 501 52 20 eller
779 499 106 22 föräldrar
901 501 26 20 dö
943 500 67 21 under

193 529 40 21 den
248 529 30 21 tid
294 535 49 15 man
358 528 40 21 bör
413 529 31 26 sig
459 529 32 20 för
506 531 70 19 rätten
591 529 95 25 inställa;
703 535 33 14 om
752 535 49 14 man
815 529 58 20 förut
892 529 33 20 tili
940 535 70 14 annan

192 559 45 19 rätt
259 559 24 19 är
305 557 69 21 stämd
396 559 32 19 att
450 563 62 16 svara
533 558 12 21 å
567 563 80 16 samma
667 557 48 22 tid."
745 557 43 27 Mig
804 557 71 27 tyckes
891 559 32 19 att
939 557 36 21 det
989 557 20 26 ej

191 592 51 15 vore
257 586 132 27 synnerligen
404 585 79 27 vädiigt
498 592 34 15 om
549 585 177 27 bankfullmäktig
741 586 6 20 i
763 586 42 21 alla
820 585 61 22 dessa
893 585 38 21 fall
941 585 68 22 skulle

192 614 116 26 berättigas
323 614 99 21 fränvara
437 616 52 19 utan
504 615 120 26 skyldighet
639 616 31 19 att
686 615 79 20 ersätta
780 614 145 26 suppleauten.

259 670 55 21 Herr
330 670 153 27 ÖOhrnberg:
506 670 33 22 för
563 670 42 21 min
621 671 33 20 del
670 671 68 20 skulle
752 670 35 27 jag
802 670 78 21 föreslå
895 671 41 20 den
947 671 62 26 utväg

191 699 33 20 för
245 699 109 26 lösningen
376 699 24 20 af
420 699 138 21 förevarande
577 699 66 26 fräga,
666 701 32 18 att
713 699 40 20 den
769 699 120 22 mellansats
904 699 105 22 utskottet

191 727 40 21 här
251 727 65 21 infört
337 727 125 26 sälydande:
479 728 58 26 ,med
553 728 108 26 undantag
676 727 23 22 af
712 728 78 21 arvode
805 727 34 22 för
854 727 155 22 bankfullmäk-

191 756 41 26 tigs
248 756 118 26 suppleant,
381 755 81 22 hvilket
478 757 95 26 erlägges
589 756 22 21 af
625 755 126 28 fullmäktig,
767 762 46 15 som
828 756 23 21 af
869 756 140 27 suppleanten

191 784 139 27 företrädes,*
348 784 66 21 måtte
431 785 103 20 uteslutas
550 785 39 20 och
599 785 170 26 propositionens
779 785 149 26 bestämning
919 780 12 36 i
939 786 70 20 denna

191 813 34 20 del
241 813 117 21 bibehällas
374 813 134 21 oförändrad.

259 869 56 21 Herr
337 869 145 22 Snellman:
508 869 28 22 dä
556 870 36 27 jag
615 875 61 15 anser
697 869 183 27 bankfullmäktig,
897 875 44 16 som
957 871 52 20 utan

191 898 47 26 laga
260 897 70 22 förfall
352 900 24 18 är
396 898 146 26 fränvarande,
566 898 82 26 skyldig
667 900 32 19 att
715 898 86 27 erlägga
815 898 78 21 arvode
909 898 22 21 ät
947 904 61 20 supp-

191 926 63 25 leant,
278 932 61 15 anser
359 926 36 26 jag
417 927 126 27 stadgandet
565 926 128 22 härutinnan
715 927 54 20 böra
787 927 92 26 gvarstä,
897 932 48 16 men
960 927 48 21 med

191 954 73 27 tillägg
280 955 20 25 ,i
315 954 100 22 händelse
430 954 178 27 bankfullmäktig
623 958 51 18 utan
689 956 48 26 laga
752 955 70 21 förfall
837 955 62 21 borta
914 955 42 21 är.*

259 1012 55 21 Herr
336 1012 100 26 Bergh:
458 1012 65 26 enligt
533 1013 55 25 min
600 1012 65 21 tanke
680 1012 68 21 skulle
763 1011 184 27 bankfullmäktig,
963 1017 45 15 som

190 1041 95 25 företoge
310 1041 32 25 sig
365 1042 33 19 att
422 1041 52 20 utan
495 1041 49 26 laga
561 1040 71 22 förfall
648 1040 101 21 uteblifva
765 1040 39 21 och
819 1040 89 22 sålunda
923 1040 85 27 påkalla

192 1068 122 27 suppleants
330 1068 145 28 tjenstgöring,
491 1069 27 26 på
534 1071 31 19 ett
580 1070 62 26 högst
653 1069 118 27 betänkligt
781 1070 43 20 sätt
835 1068 117 22 åsidosätta
963 1068 45 22 sina

191 1097 132 27 åligganden,
348 1097 98 22 hvarföre
469 1098 42 21 han
533 1098 7 21 i
567 1098 76 20 sådant
667 1097 38 21 fall
726 1098 66 20 borde
816 1098 123 20 bedömmas
955 1097 52 21 efter

190 1127 115 20 momentet
320 1126 7 20 1
343 1126 38 20 och
397 1126 33 20 för
445 1126 35 20 det
495 1126 41 21 han
546 1126 115 21 underlåtit
671 1126 91 26 fullgöra
772 1126 55 21 hvad
838 1126 77 21 honom
928 1126 79 26 åligger

190 1154 23 20 af
226 1154 182 21 advokatfiskalen
424 1154 6 20 i
445 1149 46 26 Åbo
507 1154 88 21 Hofrätt
609 1154 99 27 lagföras.
739 1154 32 20 En
789 1154 59 26 dylik
862 1154 146 21 försummelse

190 1188 61 20 synes
274 1182 42 26 mig
332 1182 18 27 ej
366 1188 36 15 ens
418 1182 23 21 så
456 1182 21 21 få
492 1182 126 22 förutsättas
634 1182 39 22 och
688 1182 97 22 förordar
799 1182 61 22 äfven
873 1183 36 26 jag
925 1182 82 22 derföre

190 1210 129 26 antagandet
334 1210 23 21 af
371 1210 40 21 den
426 1210 77 28 nådiga
517 1211 165 26 propositionen.

258 1266 56 22 Herr
329 1266 149 22 Snellman:
501 1266 6 21 i
523 1268 99 20 motsatts
637 1266 33 22 till
685 1267 55 21 Herr
750 1266 70 27 Bergh
830 1273 62 15 anser
900 1267 37 26 jag
945 1273 61 15 mom.

190 1295 6 21 1
219 1295 18 26 ej
260 1301 52 15 vara
332 1295 15 21 å
366 1295 162 26 ifrågavarande
547 1295 37 22 fall
599 1295 101 27 lämpligt,
716 1297 22 24 ty
753 1295 50 26 föga
817 1295 70 21 kunde
903 1295 104 21 bankfull-

190 1323 86 26 mäktig,
302 1328 46 16 som
373 1323 73 21 ställer
472 1324 39 20 och
533 1323 81 20 aflönar
639 1323 112 26 suppleant
766 1323 7 20 i
789 1322 36 22 sitt
841 1323 67 25 ställe,
923 1323 86 21 komma

190 1350 67 21 under
273 1350 43 22 åtal
330 1351 34 21 för
378 1350 153 27 försumlighet.
561 1351 40 26 Jag
617 1350 129 22 återhemtar
761 1351 82 21 således
858 1352 49 20 mitt
921 1351 86 27 förslag.

258 1407 55 21 Herr
328 1407 218 27 Bronikowskij:
567 1407 34 22 för
625 1408 42 21 min
683 1408 34 22 del
732 1408 67 22 finner
812 1408 36 28 jag
863 1409 52 21 visst
930 1409 41 21 den
986 1408 23 22 af

188 1436 58 21 Herr
266 1436 71 27 Bergh
356 1436 110 27 påpekade
487 1438 65 25 utväg
567 1436 71 22 kunna
653 1436 83 27 anlitas,
752 1444 48 14 men
813 1438 37 27 jag
865 1439 46 20 tror
925 1439 32 20 att
973 1444 34 15 om

189 1464 177 27 bankfullmäktig
381 1464 23 22 af
417 1465 94 21 enskilda
527 1465 177 27 angelägenheter
718 1466 71 27 någon
803 1466 55 28 gång
873 1468 24 20 är
917 1466 90 22 hindrad

189 1495 32 19 att
236 1493 79 21 infinna
330 1494 31 26 sig
375 1494 35 20 vid
421 1494 162 26 sammanträde,
594 1494 42 21 han
645 1494 119 27 derigenom
777 1495 18 27 ej
809 1495 27 27 på
843 1496 32 20 ett
887 1495 24 21 så
919 1495 88 22 betänk-

190 1522 38 26 ligt
244 1523 42 21 sätt
301 1522 104 22 åsidosatt
420 1522 46 22 sina
480 1522 132 27 åligganden,
629 1525 31 19 att
676 1525 59 19 detta
750 1524 66 21 borde
831 1524 65 21 blifva
918 1524 89 22 föremål
