1081 1825
210 130 43 22 494
342 127 25 33 —
346 134 235 22 Borgareståndet.
606 135 54 17 1887.
685 136 13 16 8
710 135 62 21 April
788 138 42 1 ——

183 226 46 15 som
248 226 49 15 man
315 220 56 21 velat
386 220 115 27 förebygga
515 226 75 20 genom
607 220 40 21 den
662 219 39 21 här
715 219 120 27 föreslagna
849 219 149 27 förändringen

181 248 25 21 af
219 250 11 25 $
247 248 32 22 73.

251 306 55 27 Herr
321 305 163 22 Lindblom:
498 305 37 33 jag
549 306 38 21 ber
602 306 32 20 att
649 304 21 22 få
686 305 136 26 understödja
837 305 56 21 Herr
905 301 93 30 Östring.

182 334 57 21 Herr
255 330 86 30 Östring
357 335 39 20 har
412 334 79 21 kanske
505 335 8 20 i
528 334 32 21 för
571 333 83 27 mycket
665 335 71 20 svarta
746 333 69 27 färger
826 333 91 22 skildrat
927 334 25 21 de
963 333 35 22 vä-

181 362 46 25 dor,
241 369 44 15 som
300 369 75 20 genom
391 363 68 20 denna
475 363 29 26 $:s
520 351 118 43 antagande
654 362 68 21 skulle
740 362 71 21 kunna
827 361 83 28 uppstä,
931 368 47 15 men
991 362 8 21 i

180 391 67 21 likhet
262 391 48 22 med
326 391 78 22 honom
417 397 62 15 anser
493 391 36 26 jag
538 391 7 21 i
553 391 71 26 frågor
634 391 23 20 af
664 390 40 21 den
714 391 50 26 vigt,
773 396 44 15 som
826 390 172 27 bevillningsmäl,

180 426 27 21 en
222 419 81 28 afgjord
319 420 108 26 pluralitet
437 420 56 21 inom
504 419 104 22 utskottet
618 419 52 21 böra
680 421 52 24 göra
743 420 30 27 sig
784 419 103 26 gällande.
903 419 34 20 Då
945 420 56 21 Herr

181 444 88 31 Östring
292 448 109 27 föreslagit
424 449 122 20 densamma
568 448 74 22 endast
667 448 34 21 till
723 448 27 27 2,
773 448 58 21 delar
849 447 22 22 af
884 448 116 21 utskottets

180 477 146 26 medlemmar,
341 483 62 15 anser
416 477 37 26 jag
469 477 39 21 den
524 477 113 27 ingalunda
651 483 51 14 vara
717 476 33 21 för
765 477 51 26 högt
831 477 102 26 tilltagen.
948 477 51 20 Man

180 505 69 22 mäste
268 506 116 21 förutsätta
399 507 32 19 att
447 512 33 15 om
496 505 79 26 frägan,
591 506 63 21 innan
670 505 39 21 den
724 505 95 21 kommer
834 505 67 21 under
915 505 85 21 utskot-

182 535 42 20 tets
240 534 133 27 behandling,
389 536 24 19 är
429 534 85 21 bifallen
530 535 22 20 af
566 537 32 18 tre
613 533 68 26 ständ,
697 534 135 26 pluraliteten
847 534 6 20 i
869 534 62 21 dessa
945 533 55 22 skall

181 563 34 20 till
237 563 138 21 medlemmar
397 563 6 21 i
418 563 105 21 utskottet
535 563 78 26 invälja
628 569 107 20 personer,
751 562 71 21 hvilka
837 563 47 20 dela
899 561 101 22 ständens

180 591 62 28 äsigt.

249 649 56 21 Herr
321 649 169 21 Granström:
520 649 7 21 i
542 649 67 21 likhet
624 648 48 21 med
687 648 56 22 Herr
757 648 111 22 Lindblom
884 648 39 22 och
931 648 68 22 under

185 678 134 32 äberopande
341 678 23 21 af
382 678 25 21 de
422 678 48 20 utaf
484 678 54 21 Herr
554 674 85 30 Östring
654 677 89 21 anförda
758 678 94 25 motiver,
865 677 85 21 förenar
963 677 37 27 jag

182 707 43 27 mig
239 713 35 15 om
289 713 25 15 en
330 706 108 27 pluralitet
453 706 23 21 af
489 706 27 28 ?/;
532 706 64 22 delar.

250 764 56 21 Herr
321 764 96 26 Bergh:
433 764 56 21 Herr
504 760 123 30 Öhrnbergs
642 763 131 27 principiella
788 764 123 26 utläggning
926 763 23 21 af
958 764 40 21 den

181 792 82 27 aflagda
279 793 82 21 sedelns
376 792 108 27 betydelse
499 792 41 21 kan
554 792 36 26 jag
606 792 18 26 ej
639 792 56 26 gilla.
711 792 46 21 Den
773 793 24 19 är
812 792 7 20 i
834 792 41 21 alla
886 792 113 22 afseenden

181 821 118 26 förkastlig,
323 821 87 21 emedan
436 820 39 22 den
497 820 87 22 innebär
608 822 31 19 ett
659 820 114 27 afgörande
790 820 23 21 af
826 821 101 27 slumpen.
958 820 40 23 Om

181 856 49 15 man
253 849 65 22 ocksä
339 850 7 20 i
369 849 126 27 afseende
483 845 12 35 ä
510 850 69 21 denna
594 849 68 21 sedels
677 849 137 27 begagnande
829 849 67 22 skulle
912 849 86 26 vidtaga

180 879 40 20 den
245 878 123 26 förändring
390 878 56 21 Herr
469 877 110 28 Ohrnberg
598 877 114 26 föreslagit,
729 877 23 22 sä
767 877 40 22 blir
823 879 35 20 det
873 878 83 21 ändock
971 879 27 20 30

180 909 70 19 röster
272 907 23 20 af
315 907 28 20 60
356 913 53 21 som
433 907 72 26 afgöra
528 906 70 24 saken,
616 906 46 21 icke
678 907 24 20 31
721 907 68 20 säsom
805 907 55 21 Herr
875 907 123 27 Lindegvist

181 937 70 20 ansett
274 935 55 22 Herr
352 935 121 27 Ohrnbergs
496 935 54 26 äsigt
572 935 111 21 innefatta.
712 935 71 26 Enligt
805 935 55 21 Herr
875 935 123 28 Ohrnbergs

181 965 80 26 princip
285 964 66 21 skulle
374 963 27 21 dä
423 964 41 21 den
486 963 82 27 aflagda
589 963 72 22 sedeln
676 963 63 22 hafva
753 965 72 20 votum
841 964 100 21 decisium
956 965 40 20 och

181 999 49 15 man
245 993 68 21 skulle
329 992 89 21 sälunda
433 999 75 20 genom
524 999 25 15 en
564 992 91 27 lottning
669 992 94 22 förklara
778 994 31 20 ett
816 992 79 27 förslag
906 993 89 27 bifallet,

180 1027 51 20 som,
257 1022 7 20 i
284 1021 100 21 händelse
399 1021 72 21 sedeln
481 1021 23 32 ej
520 1021 55 22 hade
591 1022 96 25 öppnats,
702 1021 69 21 skulle
785 1021 69 22 blifvit
869 1021 127 23 förkastadt.

179 1050 41 26 Jag
236 1050 38 21 har
290 1056 25 15 en
330 1049 56 32 gång
400 1049 63 27 förut,
479 1049 7 21 i
500 1050 62 26 fråga
576 1056 35 15 om
618 1050 35 20 val
665 1049 32 21 till
710 1052 175 25 representanter,
897 1050 99 21 anmärkt

179 1078 40 21 den
242 1078 91 25 oriktiga
356 1078 108 32 principen
486 1078 6 20 i
515 1067 32 32 att
568 1078 44 21 låta
632 1079 95 24 slumpen
751 1079 116 20 bestämma
882 1079 112 26 utgången.

178 1107 42 20 Det
235 1107 41 20 kan
291 1112 86 20 passera
394 1106 7 20 i
416 1107 81 20 mindre
512 1107 78 32 vigtiga
606 1106 77 26 frågor,
699 1112 47 15 men
761 1107 7 20 i
783 1107 86 26 sådana,
886 1113 45 14 som
946 1109 50 19 röra

178 1135 83 20 landets
283 1134 88 24 välfärd,
395 1136 24 18 är
442 1135 36 20 det
495 1135 7 19 i
525 1135 88 26 sanning
627 1135 140 21 nedsättande
782 1136 33 19 att
829 1124 89 32 sålunda
933 1135 62 22 kasta

178 1163 41 21 lott
237 1169 33 14 om
289 1163 56 20 hvad
359 1169 45 14 som
420 1163 39 20 bör
474 1164 68 25 göras.
572 1163 11 21 I
598 1162 74 27 sjelfva
689 1163 64 20 saken
768 1163 38 21 ber
818 1163 36 27 jag
869 1165 32 20 att
916 1163 21 22 få
953 1164 43 21 till-

178 1191 63 27 lägga
263 1193 32 19 att
315 1191 109 27 principen
444 1191 33 20 för
493 1191 25 21 de
532 1191 116 21 förstärkta
663 1191 108 21 utskotten
787 1193 24 19 är
826 1192 46 26 den,
889 1194 32 19 att
936 1193 59 21 stån-

180 1220 40 21 den
245 1220 26 26 på
292 1220 51 20 hvar
362 1220 31 20 sin
410 1220 45 20 sida
470 1220 60 20 skola
545 1220 81 26 tvingas
642 1222 32 18 att
690 1220 30 20 dit
735 1220 78 27 invälja
829 1221 25 20 de
869 1220 125 28 ledamöter,

178 1254 45 15 som
238 1248 113 27 kraftigast
366 1248 66 21 förstå
449 1250 31 19 att
495 1248 98 22 utveckla
608 1248 26 21 de
650 1248 83 27 åsigter,
750 1248 72 22 hvilka
836 1250 56 20 inom
904 1250 90 21 stånden

178 1277 55 26 gjort
256 1278 31 25 sig
309 1277 96 26 gällande
430 1276 38 22 och
490 1277 46 21 icke
558 1278 123 25 ledamöter,
698 1277 25 21 de
739 1278 37 20 der
791 1277 68 21 såsom
875 1279 117 25 voterings-

177 1305 108 21 maskiner
300 1305 53 21 blott
369 1305 68 21 skulle
452 1311 60 15 svara
525 1305 23 26 ja
563 1306 51 20 eller
625 1306 40 26 nej,
676 1306 6 20 i
693 1306 80 20 hvilket
783 1306 38 21 fall
829 1306 36 21 det
875 1306 118 22 förstärkta

178 1334 105 20 utskottet
303 1334 18 26 ej
337 1334 101 20 innebure
453 1334 64 26 något
532 1334 106 26 framsteg.
670 1334 111 27 Meningen
797 1336 24 20 är
835 1337 32 19 att
883 1336 25 20 de
923 1336 69 20 värdi-

177 1364 59 23 gaste
252 1362 136 21 medlemmar
403 1362 23 21 af
439 1350 85 32 ståndet
539 1362 60 21 skola
613 1363 90 20 insättas
718 1363 37 20 der
771 1363 38 20 och
825 1365 32 18 att
872 1364 35 20 det
923 1364 18 26 ej
952 1364 40 20 bör

177 1389 65 22 blifva
253 1389 74 21 endast
342 1391 31 19 ett
387 1390 176 26 räkne-exempel,
575 1396 44 15 som
630 1389 21 21 af
664 1391 105 20 utskottet
780 1391 95 20 kommer
885 1393 32 19 att
928 1391 63 21 lösas.

246 1446 55 21 Herr
316 1445 92 22 Wolff:
432 1446 134 22 förutseende
582 1448 32 20 att
629 1447 42 21 min
687 1447 105 22 måbända
806 1447 120 22 föråldrade
936 1447 56 28 åsigt

175 1475 7 21 i
206 1475 40 22 den
269 1475 65 26 fråga,
357 1481 44 15 som
417 1481 28 16 nu
460 1475 121 27 behandlas,
598 1475 18 28 ej
632 1475 73 22 vinner
719 1476 64 27 något
795 1477 122 24 understöd,
933 1483 57 15 nem-

176 1504 57 26 ligen
256 1504 40 21 den
318 1505 31 20 att
367 1503 47 27 fyra
428 1503 62 25 stånd
505 1504 65 21 borde
586 1505 151 27 samstämmigt
753 1511 52 15 vara
819 1512 48 15 ense
883 1512 34 15 om
932 1505 59 22 bifail

177 1533 33 21 till
232 1533 79 26 förslag
335 1533 7 21 i
364 1533 173 27 bevillningsmål,
556 1533 36 22 vill
605 1534 36 27 jag
656 1533 112 23 hemställa
783 1536 32 20 att
830 1535 13 27 $
858 1535 65 22 måtte
938 1535 52 27 god-
