<?xml version="1.0" encoding="UTF-8"?>
<alto xmlns="http://www.loc.gov/standards/alto/ns-v3#" xmlns:xlink="http://www.w3.org/1999/xlink" xmlns:xsi="http://www.w3.org/2001/XMLSchema-instance" xsi:schemaLocation="http://www.loc.gov/standards/alto/ns-v3# http://www.loc.gov/alto/v3/alto-3-0.xsd">
	<Description>
		<MeasurementUnit>pixel</MeasurementUnit>
		<sourceImageInformation>
			<fileName>/tmp/tess_hths5omy_input.PNG</fileName>
		</sourceImageInformation>
		<OCRProcessing ID="OCR_0">
			<ocrProcessingStep>
				<processingSoftware>
					<softwareName>tesseract 5.3.4</softwareName>
				</processingSoftware>
			</ocrProcessingStep>
		</OCRProcessing>
	</Description>
	<Layout>
		<Page WIDTH="1084" HEIGHT="1795" PHYSICAL_IMG_NR="0" ID="page_0">
			<PrintSpace HPOS="0" VPOS="0" WIDTH="1084" HEIGHT="1795">
				<ComposedBlock ID="cblock_0" HPOS="311" VPOS="126" WIDTH="567" HEIGHT="27">
					<TextBlock ID="block_0" HPOS="311" VPOS="126" WIDTH="567" HEIGHT="27">
						<TextLine ID="line_0" HPOS="311" VPOS="126" WIDTH="567" HEIGHT="27">
							<String ID="string_0" HPOS="311" VPOS="129" WIDTH="181" HEIGHT="22" WC="0.91" CONTENT="Borgareståndet."/><SP WIDTH="24" VPOS="129" HPOS="492"/>
							<String ID="string_1" HPOS="516" VPOS="131" WIDTH="56" HEIGHT="18" WC="0.95" CONTENT="1867."/><SP WIDTH="24" VPOS="131" HPOS="572"/>
							<String ID="string_2" HPOS="596" VPOS="132" WIDTH="13" HEIGHT="17" WC="0.93" CONTENT="3"/><SP WIDTH="11" VPOS="132" HPOS="609"/>
							<String ID="string_3" HPOS="620" VPOS="131" WIDTH="64" HEIGHT="22" WC="0.94" CONTENT="April."/><SP WIDTH="153" VPOS="131" HPOS="684"/>
							<String ID="string_4" HPOS="837" VPOS="126" WIDTH="41" HEIGHT="22" WC="0.96" CONTENT="399"/>
						</TextLine>
					</TextBlock>
				</ComposedBlock>
				<GraphicalElement ID="cblock_1" HPOS="87" VPOS="170" WIDTH="822" HEIGHT="5"></GraphicalElement >
				<ComposedBlock ID="cblock_2" HPOS="86" VPOS="215" WIDTH="822" HEIGHT="56">
					<TextBlock ID="block_1" HPOS="86" VPOS="215" WIDTH="822" HEIGHT="56">
						<TextLine ID="line_1" HPOS="86" VPOS="215" WIDTH="822" HEIGHT="28">
							<String ID="string_5" HPOS="86" VPOS="215" WIDTH="34" HEIGHT="22" WC="0.93" CONTENT="till"/><SP WIDTH="21" VPOS="215" HPOS="120"/>
							<String ID="string_6" HPOS="141" VPOS="215" WIDTH="139" HEIGHT="22" WC="0.93" CONTENT="förevarande"/><SP WIDTH="22" VPOS="215" HPOS="280"/>
							<String ID="string_7" HPOS="302" VPOS="216" WIDTH="21" HEIGHT="27" WC="0.70" CONTENT="$,"/><SP WIDTH="23" VPOS="216" HPOS="323"/>
							<String ID="string_8" HPOS="346" VPOS="217" WIDTH="32" HEIGHT="20" WC="0.96" CONTENT="att"/><SP WIDTH="18" VPOS="217" HPOS="378"/>
							<String ID="string_9" HPOS="396" VPOS="217" WIDTH="57" HEIGHT="20" WC="0.93" CONTENT="inom"/><SP WIDTH="15" VPOS="217" HPOS="453"/>
							<String ID="string_10" HPOS="468" VPOS="216" WIDTH="138" HEIGHT="21" WC="0.91" CONTENT="förenämnda"/><SP WIDTH="15" VPOS="216" HPOS="606"/>
							<String ID="string_11" HPOS="621" VPOS="217" WIDTH="32" HEIGHT="21" WC="0.96" CONTENT="tre"/><SP WIDTH="16" VPOS="217" HPOS="653"/>
							<String ID="string_12" HPOS="669" VPOS="216" WIDTH="34" HEIGHT="21" WC="0.93" CONTENT="län"/><SP WIDTH="16" VPOS="216" HPOS="703"/>
							<String ID="string_13" HPOS="719" VPOS="216" WIDTH="126" HEIGHT="21" WC="0.92" CONTENT="damluckor"/><SP WIDTH="15" VPOS="216" HPOS="845"/>
							<String ID="string_14" HPOS="860" VPOS="217" WIDTH="48" HEIGHT="21" WC="0.96" CONTENT="icke"/>
						</TextLine>
						<TextLine ID="line_2" HPOS="87" VPOS="243" WIDTH="489" HEIGHT="28">
							<String ID="string_15" HPOS="87" VPOS="243" WIDTH="53" HEIGHT="21" WC="0.96" CONTENT="böra"/><SP WIDTH="12" VPOS="243" HPOS="140"/>
							<String ID="string_16" HPOS="152" VPOS="245" WIDTH="80" HEIGHT="26" WC="0.96" CONTENT="öppnas"/><SP WIDTH="15" VPOS="245" HPOS="232"/>
							<String ID="string_17" HPOS="247" VPOS="244" WIDTH="45" HEIGHT="21" WC="0.96" CONTENT="före"/><SP WIDTH="16" VPOS="244" HPOS="292"/>
							<String ID="string_18" HPOS="308" VPOS="245" WIDTH="40" HEIGHT="20" WC="0.96" CONTENT="den"/><SP WIDTH="17" VPOS="245" HPOS="348"/>
							<String ID="string_19" HPOS="365" VPOS="245" WIDTH="9" HEIGHT="20" WC="0.96" CONTENT="1"/><SP WIDTH="18" VPOS="245" HPOS="374"/>
							<String ID="string_20" HPOS="392" VPOS="244" WIDTH="50" HEIGHT="21" WC="0.93" CONTENT="Juni"/><SP WIDTH="15" VPOS="244" HPOS="442"/>
							<String ID="string_21" HPOS="457" VPOS="245" WIDTH="73" HEIGHT="26" WC="0.96" CONTENT="hvarje"/><SP WIDTH="16" VPOS="245" HPOS="530"/>
							<String ID="string_22" HPOS="546" VPOS="244" WIDTH="30" HEIGHT="21" WC="0.96" CONTENT="år."/>
						</TextLine>
					</TextBlock>
				</ComposedBlock>
				<ComposedBlock ID="cblock_3" HPOS="86" VPOS="299" WIDTH="823" HEIGHT="456">
					<TextBlock ID="block_2" HPOS="86" VPOS="299" WIDTH="823" HEIGHT="456">
						<TextLine ID="line_3" HPOS="154" VPOS="299" WIDTH="753" HEIGHT="28">
							<String ID="string_23" HPOS="154" VPOS="300" WIDTH="56" HEIGHT="21" WC="0.96" CONTENT="Herr"/><SP WIDTH="21" VPOS="300" HPOS="210"/>
							<String ID="string_24" HPOS="231" VPOS="301" WIDTH="93" HEIGHT="26" WC="0.96" CONTENT="Bergh:"/><SP WIDTH="22" VPOS="301" HPOS="324"/>
							<String ID="string_25" HPOS="346" VPOS="300" WIDTH="6" HEIGHT="21" WC="0.93" CONTENT="i"/><SP WIDTH="22" VPOS="300" HPOS="352"/>
							<String ID="string_26" HPOS="374" VPOS="300" WIDTH="68" HEIGHT="21" WC="0.96" CONTENT="likhet"/><SP WIDTH="22" VPOS="300" HPOS="442"/>
							<String ID="string_27" HPOS="464" VPOS="301" WIDTH="48" HEIGHT="21" WC="0.96" CONTENT="med"/><SP WIDTH="15" VPOS="301" HPOS="512"/>
							<String ID="string_28" HPOS="527" VPOS="300" WIDTH="56" HEIGHT="21" WC="0.93" CONTENT="Herr"/><SP WIDTH="16" VPOS="300" HPOS="583"/>
							<String ID="string_29" HPOS="599" VPOS="299" WIDTH="86" HEIGHT="27" WC="0.85" CONTENT="Ostring"/><SP WIDTH="14" VPOS="299" HPOS="685"/>
							<String ID="string_30" HPOS="699" VPOS="306" WIDTH="63" HEIGHT="14" WC="0.96" CONTENT="anser"/><SP WIDTH="12" VPOS="306" HPOS="762"/>
							<String ID="string_31" HPOS="774" VPOS="299" WIDTH="43" HEIGHT="27" WC="0.96" CONTENT="jag,"/><SP WIDTH="16" VPOS="299" HPOS="817"/>
							<String ID="string_32" HPOS="833" VPOS="301" WIDTH="32" HEIGHT="20" WC="0.97" CONTENT="att"/><SP WIDTH="15" VPOS="301" HPOS="865"/>
							<String ID="string_33" HPOS="880" VPOS="306" WIDTH="27" HEIGHT="15" WC="0.97" CONTENT="en"/>
						</TextLine>
						<TextLine ID="line_4" HPOS="86" VPOS="327" WIDTH="821" HEIGHT="28">
							<String ID="string_34" HPOS="86" VPOS="328" WIDTH="43" HEIGHT="21" WC="0.96" CONTENT="viss"/><SP WIDTH="21" VPOS="328" HPOS="129"/>
							<String ID="string_35" HPOS="150" VPOS="329" WIDTH="42" HEIGHT="26" WC="0.96" CONTENT="dag"/><SP WIDTH="22" VPOS="329" HPOS="192"/>
							<String ID="string_36" HPOS="214" VPOS="328" WIDTH="33" HEIGHT="21" WC="0.93" CONTENT="för"/><SP WIDTH="23" VPOS="328" HPOS="247"/>
							<String ID="string_37" HPOS="270" VPOS="328" WIDTH="123" HEIGHT="21" WC="0.91" CONTENT="damluckas"/><SP WIDTH="22" VPOS="328" HPOS="393"/>
							<String ID="string_38" HPOS="415" VPOS="329" WIDTH="112" HEIGHT="26" WC="0.91" CONTENT="öppnande"/><SP WIDTH="22" VPOS="329" HPOS="527"/>
							<String ID="string_39" HPOS="549" VPOS="328" WIDTH="66" HEIGHT="21" WC="0.93" CONTENT="borde"/><SP WIDTH="18" VPOS="328" HPOS="615"/>
							<String ID="string_40" HPOS="633" VPOS="328" WIDTH="82" HEIGHT="25" WC="0.93" CONTENT="fixeras,"/><SP WIDTH="16" VPOS="328" HPOS="715"/>
							<String ID="string_41" HPOS="731" VPOS="330" WIDTH="22" HEIGHT="25" WC="0.96" CONTENT="ty"/><SP WIDTH="15" VPOS="330" HPOS="753"/>
							<String ID="string_42" HPOS="768" VPOS="329" WIDTH="7" HEIGHT="20" WC="0.96" CONTENT="i"/><SP WIDTH="16" VPOS="329" HPOS="775"/>
							<String ID="string_43" HPOS="791" VPOS="329" WIDTH="64" HEIGHT="20" WC="0.96" CONTENT="annat"/><SP WIDTH="14" VPOS="329" HPOS="855"/>
							<String ID="string_44" HPOS="869" VPOS="327" WIDTH="38" HEIGHT="22" WC="0.94" CONTENT="fall"/>
						</TextLine>
						<TextLine ID="line_5" HPOS="88" VPOS="356" WIDTH="821" HEIGHT="27">
							<String ID="string_45" HPOS="88" VPOS="356" WIDTH="68" HEIGHT="21" WC="0.96" CONTENT="skulle"/><SP WIDTH="22" VPOS="356" HPOS="156"/>
							<String ID="string_46" HPOS="178" VPOS="363" WIDTH="49" HEIGHT="14" WC="0.93" CONTENT="man"/><SP WIDTH="25" VPOS="363" HPOS="227"/>
							<String ID="string_47" HPOS="252" VPOS="357" WIDTH="81" HEIGHT="21" WC="0.93" CONTENT="riskera"/><SP WIDTH="22" VPOS="357" HPOS="333"/>
							<String ID="string_48" HPOS="355" VPOS="358" WIDTH="33" HEIGHT="20" WC="0.93" CONTENT="att"/><SP WIDTH="20" VPOS="358" HPOS="388"/>
							<String ID="string_49" HPOS="408" VPOS="357" WIDTH="46" HEIGHT="21" WC="0.91" CONTENT="icke"/><SP WIDTH="19" VPOS="357" HPOS="454"/>
							<String ID="string_50" HPOS="473" VPOS="357" WIDTH="63" HEIGHT="21" WC="0.92" CONTENT="hafva"/><SP WIDTH="15" VPOS="357" HPOS="536"/>
							<String ID="string_51" HPOS="551" VPOS="357" WIDTH="69" HEIGHT="26" WC="0.92" CONTENT="nägon"/><SP WIDTH="15" VPOS="357" HPOS="620"/>
							<String ID="string_52" HPOS="635" VPOS="358" WIDTH="60" HEIGHT="25" WC="0.92" CONTENT="nytta"/><SP WIDTH="15" VPOS="358" HPOS="695"/>
							<String ID="string_53" HPOS="710" VPOS="356" WIDTH="23" HEIGHT="21" WC="0.93" CONTENT="af"/><SP WIDTH="13" VPOS="356" HPOS="733"/>
							<String ID="string_54" HPOS="746" VPOS="356" WIDTH="163" HEIGHT="27" WC="0.92" CONTENT="ifrägavarande"/>
						</TextLine>
						<TextLine ID="line_6" HPOS="87" VPOS="385" WIDTH="820" HEIGHT="27">
							<String ID="string_55" HPOS="87" VPOS="385" WIDTH="161" HEIGHT="26" WC="0.92" CONTENT="lagstadgande,"/><SP WIDTH="24" VPOS="385" HPOS="248"/>
							<String ID="string_56" HPOS="272" VPOS="385" WIDTH="51" HEIGHT="22" WC="0.93" CONTENT="eller"/><SP WIDTH="23" VPOS="385" HPOS="323"/>
							<String ID="string_57" HPOS="346" VPOS="385" WIDTH="39" HEIGHT="22" WC="0.92" CONTENT="ock"/><SP WIDTH="22" VPOS="385" HPOS="385"/>
							<String ID="string_58" HPOS="407" VPOS="388" WIDTH="33" HEIGHT="19" WC="0.93" CONTENT="att"/><SP WIDTH="14" VPOS="388" HPOS="440"/>
							<String ID="string_59" HPOS="454" VPOS="385" WIDTH="204" HEIGHT="27" WC="0.92" CONTENT="kronobetjeningen"/><SP WIDTH="15" VPOS="385" HPOS="658"/>
							<String ID="string_60" HPOS="673" VPOS="385" WIDTH="84" HEIGHT="21" WC="0.92" CONTENT="komme"/><SP WIDTH="16" VPOS="385" HPOS="757"/>
							<String ID="string_61" HPOS="773" VPOS="387" WIDTH="32" HEIGHT="18" WC="0.96" CONTENT="att"/><SP WIDTH="15" VPOS="387" HPOS="805"/>
							<String ID="string_62" HPOS="820" VPOS="385" WIDTH="87" HEIGHT="21" WC="0.96" CONTENT="alldeles"/>
						</TextLine>
						<TextLine ID="line_7" HPOS="86" VPOS="413" WIDTH="821" HEIGHT="28">
							<String ID="string_63" HPOS="86" VPOS="414" WIDTH="132" HEIGHT="27" WC="0.92" CONTENT="godtyckligt"/><SP WIDTH="21" VPOS="414" HPOS="218"/>
							<String ID="string_64" HPOS="239" VPOS="415" WIDTH="82" HEIGHT="26" WC="0.92" CONTENT="ingripa"/><SP WIDTH="22" VPOS="415" HPOS="321"/>
							<String ID="string_65" HPOS="343" VPOS="415" WIDTH="7" HEIGHT="20" WC="0.94" CONTENT="i"/><SP WIDTH="22" VPOS="415" HPOS="350"/>
							<String ID="string_66" HPOS="372" VPOS="414" WIDTH="72" HEIGHT="22" WC="0.96" CONTENT="saken."/><SP WIDTH="30" VPOS="414" HPOS="444"/>
							<String ID="string_67" HPOS="474" VPOS="415" WIDTH="49" HEIGHT="21" WC="0.96" CONTENT="Men"/><SP WIDTH="20" VPOS="415" HPOS="523"/>
							<String ID="string_68" HPOS="543" VPOS="414" WIDTH="37" HEIGHT="27" WC="0.96" CONTENT="jag"/><SP WIDTH="15" VPOS="414" HPOS="580"/>
							<String ID="string_69" HPOS="595" VPOS="414" WIDTH="42" HEIGHT="21" WC="0.93" CONTENT="kan"/><SP WIDTH="15" VPOS="414" HPOS="637"/>
							<String ID="string_70" HPOS="652" VPOS="413" WIDTH="46" HEIGHT="22" WC="0.92" CONTENT="icke"/><SP WIDTH="14" VPOS="413" HPOS="698"/>
							<String ID="string_71" HPOS="712" VPOS="414" WIDTH="75" HEIGHT="21" WC="0.92" CONTENT="förena"/><SP WIDTH="14" VPOS="414" HPOS="787"/>
							<String ID="string_72" HPOS="801" VPOS="414" WIDTH="43" HEIGHT="26" WC="0.96" CONTENT="mig"/><SP WIDTH="15" VPOS="414" HPOS="844"/>
							<String ID="string_73" HPOS="859" VPOS="414" WIDTH="48" HEIGHT="21" WC="0.96" CONTENT="med"/>
						</TextLine>
						<TextLine ID="line_8" HPOS="86" VPOS="442" WIDTH="822" HEIGHT="26">
							<String ID="string_74" HPOS="86" VPOS="443" WIDTH="56" HEIGHT="20" WC="0.91" CONTENT="Herr"/><SP WIDTH="21" VPOS="443" HPOS="142"/>
							<String ID="string_75" HPOS="163" VPOS="443" WIDTH="87" HEIGHT="25" WC="0.88" CONTENT="Ostring"/><SP WIDTH="23" VPOS="443" HPOS="250"/>
							<String ID="string_76" HPOS="273" VPOS="443" WIDTH="51" HEIGHT="24" WC="0.92" CONTENT="deri,"/><SP WIDTH="24" VPOS="443" HPOS="324"/>
							<String ID="string_77" HPOS="348" VPOS="444" WIDTH="31" HEIGHT="20" WC="0.96" CONTENT="att"/><SP WIDTH="22" VPOS="444" HPOS="379"/>
							<String ID="string_78" HPOS="401" VPOS="443" WIDTH="58" HEIGHT="21" WC="0.96" CONTENT="tiden"/><SP WIDTH="24" VPOS="443" HPOS="459"/>
							<String ID="string_79" HPOS="483" VPOS="444" WIDTH="6" HEIGHT="20" WC="0.92" CONTENT="i"/><SP WIDTH="15" VPOS="444" HPOS="489"/>
							<String ID="string_80" HPOS="504" VPOS="443" WIDTH="64" HEIGHT="25" WC="0.92" CONTENT="sagde"/><SP WIDTH="16" VPOS="443" HPOS="568"/>
							<String ID="string_81" HPOS="584" VPOS="442" WIDTH="97" HEIGHT="22" WC="0.91" CONTENT="afseende"/><SP WIDTH="18" VPOS="442" HPOS="681"/>
							<String ID="string_82" HPOS="699" VPOS="442" WIDTH="63" HEIGHT="21" WC="0.92" CONTENT="borde"/><SP WIDTH="16" VPOS="442" HPOS="762"/>
							<String ID="string_83" HPOS="778" VPOS="442" WIDTH="130" HEIGHT="21" WC="0.92" CONTENT="bestämmas"/>
						</TextLine>
						<TextLine ID="line_9" HPOS="86" VPOS="470" WIDTH="823" HEIGHT="28">
							<String ID="string_84" HPOS="86" VPOS="470" WIDTH="47" HEIGHT="22" WC="0.93" CONTENT="frän"/><SP WIDTH="17" VPOS="470" HPOS="133"/>
							<String ID="string_85" HPOS="150" VPOS="471" WIDTH="40" HEIGHT="21" WC="0.96" CONTENT="den"/><SP WIDTH="17" VPOS="471" HPOS="190"/>
							<String ID="string_86" HPOS="207" VPOS="472" WIDTH="8" HEIGHT="18" WC="0.96" CONTENT="1"/><SP WIDTH="19" VPOS="472" HPOS="215"/>
							<String ID="string_87" HPOS="234" VPOS="471" WIDTH="49" HEIGHT="27" WC="0.93" CONTENT="Maj,"/><SP WIDTH="17" VPOS="471" HPOS="283"/>
							<String ID="string_88" HPOS="300" VPOS="471" WIDTH="87" HEIGHT="21" WC="0.93" CONTENT="emedan"/><SP WIDTH="13" VPOS="471" HPOS="387"/>
							<String ID="string_89" HPOS="400" VPOS="471" WIDTH="37" HEIGHT="27" WC="0.93" CONTENT="jag"/><SP WIDTH="15" VPOS="471" HPOS="437"/>
							<String ID="string_90" HPOS="452" VPOS="473" WIDTH="52" HEIGHT="24" WC="0.92" CONTENT="tror,"/><SP WIDTH="16" VPOS="473" HPOS="504"/>
							<String ID="string_91" HPOS="520" VPOS="473" WIDTH="33" HEIGHT="19" WC="0.96" CONTENT="att"/><SP WIDTH="16" VPOS="473" HPOS="553"/>
							<String ID="string_92" HPOS="569" VPOS="472" WIDTH="36" HEIGHT="20" WC="0.93" CONTENT="det"/><SP WIDTH="14" VPOS="472" HPOS="605"/>
							<String ID="string_93" HPOS="619" VPOS="477" WIDTH="86" HEIGHT="15" WC="0.93" CONTENT="snarare"/><SP WIDTH="9" VPOS="477" HPOS="705"/>
							<String ID="string_94" HPOS="714" VPOS="477" WIDTH="49" HEIGHT="14" WC="0.93" CONTENT="vore"/><SP WIDTH="12" VPOS="477" HPOS="763"/>
							<String ID="string_95" HPOS="775" VPOS="472" WIDTH="30" HEIGHT="20" WC="0.93" CONTENT="ett"/><SP WIDTH="12" VPOS="472" HPOS="805"/>
							<String ID="string_96" HPOS="817" VPOS="470" WIDTH="92" HEIGHT="27" WC="0.92" CONTENT="baksteg"/>
						</TextLine>
						<TextLine ID="line_10" HPOS="86" VPOS="498" WIDTH="822" HEIGHT="28">
							<String ID="string_97" HPOS="86" VPOS="501" WIDTH="27" HEIGHT="19" WC="0.95" CONTENT="än"/><SP WIDTH="23" VPOS="501" HPOS="113"/>
							<String ID="string_98" HPOS="136" VPOS="501" WIDTH="32" HEIGHT="19" WC="0.93" CONTENT="ett"/><SP WIDTH="22" VPOS="501" HPOS="168"/>
							<String ID="string_99" HPOS="190" VPOS="498" WIDTH="101" HEIGHT="28" WC="0.93" CONTENT="framsteg"/><SP WIDTH="15" VPOS="498" HPOS="291"/>
							<String ID="string_100" HPOS="306" VPOS="500" WIDTH="6" HEIGHT="20" WC="0.96" CONTENT="i"/><SP WIDTH="16" VPOS="500" HPOS="312"/>
							<String ID="string_101" HPOS="328" VPOS="499" WIDTH="164" HEIGHT="27" WC="0.77" CONTENT="lagstiftningen."/><SP WIDTH="32" VPOS="499" HPOS="492"/>
							<String ID="string_102" HPOS="524" VPOS="500" WIDTH="55" HEIGHT="21" WC="0.93" CONTENT="1734"/><SP WIDTH="16" VPOS="500" HPOS="579"/>
							<String ID="string_103" HPOS="595" VPOS="498" WIDTH="34" HEIGHT="22" WC="0.93" CONTENT="ärs"/><SP WIDTH="15" VPOS="498" HPOS="629"/>
							<String ID="string_104" HPOS="644" VPOS="499" WIDTH="35" HEIGHT="25" WC="0.96" CONTENT="lag"/><SP WIDTH="15" VPOS="499" HPOS="679"/>
							<String ID="string_105" HPOS="694" VPOS="499" WIDTH="92" HEIGHT="27" WC="0.96" CONTENT="stadgar,"/><SP WIDTH="15" VPOS="499" HPOS="786"/>
							<String ID="string_106" HPOS="801" VPOS="501" WIDTH="32" HEIGHT="19" WC="0.93" CONTENT="att"/><SP WIDTH="16" VPOS="501" HPOS="833"/>
							<String ID="string_107" HPOS="849" VPOS="499" WIDTH="59" HEIGHT="20" WC="0.92" CONTENT="dam-"/>
						</TextLine>
						<TextLine ID="line_11" HPOS="86" VPOS="527" WIDTH="823" HEIGHT="28">
							<String ID="string_108" HPOS="86" VPOS="528" WIDTH="63" HEIGHT="21" WC="0.92" CONTENT="lucka"/><SP WIDTH="21" VPOS="528" HPOS="149"/>
							<String ID="string_109" HPOS="170" VPOS="527" WIDTH="53" HEIGHT="21" WC="0.93" CONTENT="skall"/><SP WIDTH="23" VPOS="527" HPOS="223"/>
							<String ID="string_110" HPOS="246" VPOS="529" WIDTH="81" HEIGHT="26" WC="0.92" CONTENT="öppnas"/><SP WIDTH="23" VPOS="529" HPOS="327"/>
							<String ID="string_111" HPOS="350" VPOS="528" WIDTH="40" HEIGHT="20" WC="0.96" CONTENT="den"/><SP WIDTH="17" VPOS="528" HPOS="390"/>
							<String ID="string_112" HPOS="407" VPOS="530" WIDTH="9" HEIGHT="18" WC="0.96" CONTENT="1"/><SP WIDTH="18" VPOS="530" HPOS="416"/>
							<String ID="string_113" HPOS="434" VPOS="528" WIDTH="49" HEIGHT="26" WC="0.96" CONTENT="Maj,"/><SP WIDTH="17" VPOS="528" HPOS="483"/>
							<String ID="string_114" HPOS="500" VPOS="528" WIDTH="39" HEIGHT="21" WC="0.96" CONTENT="och"/><SP WIDTH="16" VPOS="528" HPOS="539"/>
							<String ID="string_115" HPOS="555" VPOS="528" WIDTH="27" HEIGHT="20" WC="0.96" CONTENT="dä"/><SP WIDTH="14" VPOS="528" HPOS="582"/>
							<String ID="string_116" HPOS="596" VPOS="534" WIDTH="38" HEIGHT="14" WC="0.96" CONTENT="var"/><SP WIDTH="15" VPOS="534" HPOS="634"/>
							<String ID="string_117" HPOS="649" VPOS="527" WIDTH="40" HEIGHT="21" WC="0.96" CONTENT="den"/><SP WIDTH="17" VPOS="527" HPOS="689"/>
							<String ID="string_118" HPOS="706" VPOS="528" WIDTH="9" HEIGHT="20" WC="0.96" CONTENT="1"/><SP WIDTH="18" VPOS="528" HPOS="715"/>
							<String ID="string_119" HPOS="733" VPOS="527" WIDTH="42" HEIGHT="27" WC="0.93" CONTENT="Maj"/><SP WIDTH="16" VPOS="527" HPOS="775"/>
							<String ID="string_120" HPOS="791" VPOS="527" WIDTH="118" HEIGHT="21" WC="0.92" CONTENT="detsamma"/>
						</TextLine>
						<TextLine ID="line_12" HPOS="86" VPOS="555" WIDTH="822" HEIGHT="27">
							<String ID="string_121" HPOS="86" VPOS="562" WIDTH="46" HEIGHT="15" WC="0.96" CONTENT="som"/><SP WIDTH="21" VPOS="562" HPOS="132"/>
							<String ID="string_122" HPOS="153" VPOS="556" WIDTH="40" HEIGHT="21" WC="0.96" CONTENT="den"/><SP WIDTH="24" VPOS="556" HPOS="193"/>
							<String ID="string_123" HPOS="217" VPOS="556" WIDTH="26" HEIGHT="20" WC="0.95" CONTENT="12"/><SP WIDTH="23" VPOS="556" HPOS="243"/>
							<String ID="string_124" HPOS="266" VPOS="556" WIDTH="42" HEIGHT="26" WC="0.92" CONTENT="Maj"/><SP WIDTH="21" VPOS="556" HPOS="308"/>
							<String ID="string_125" HPOS="329" VPOS="556" WIDTH="135" HEIGHT="21" WC="0.92" CONTENT="nuförtiden.."/><SP WIDTH="23" VPOS="556" HPOS="464"/>
							<String ID="string_126" HPOS="487" VPOS="557" WIDTH="45" HEIGHT="21" WC="0.96" CONTENT="När"/><SP WIDTH="23" VPOS="557" HPOS="532"/>
							<String ID="string_127" HPOS="555" VPOS="556" WIDTH="39" HEIGHT="21" WC="0.96" CONTENT="den"/><SP WIDTH="23" VPOS="556" HPOS="594"/>
							<String ID="string_128" HPOS="617" VPOS="562" WIDTH="41" HEIGHT="20" WC="0.91" CONTENT="nya"/><SP WIDTH="19" VPOS="562" HPOS="658"/>
							<String ID="string_129" HPOS="677" VPOS="556" WIDTH="116" HEIGHT="21" WC="0.91" CONTENT="kalendern"/><SP WIDTH="14" VPOS="556" HPOS="793"/>
							<String ID="string_130" HPOS="807" VPOS="555" WIDTH="101" HEIGHT="26" WC="0.91" CONTENT="infördes,"/>
						</TextLine>
						<TextLine ID="line_13" HPOS="86" VPOS="584" WIDTH="821" HEIGHT="28">
							<String ID="string_131" HPOS="86" VPOS="584" WIDTH="50" HEIGHT="22" WC="0.96" CONTENT="fann"/><SP WIDTH="23" VPOS="584" HPOS="136"/>
							<String ID="string_132" HPOS="159" VPOS="591" WIDTH="49" HEIGHT="15" WC="0.96" CONTENT="man"/><SP WIDTH="24" VPOS="591" HPOS="208"/>
							<String ID="string_133" HPOS="232" VPOS="584" WIDTH="40" HEIGHT="22" WC="0.96" CONTENT="den"/><SP WIDTH="22" VPOS="584" HPOS="272"/>
							<String ID="string_134" HPOS="294" VPOS="586" WIDTH="10" HEIGHT="19" WC="0.96" CONTENT="1"/><SP WIDTH="26" VPOS="586" HPOS="304"/>
							<String ID="string_135" HPOS="330" VPOS="584" WIDTH="43" HEIGHT="28" WC="0.96" CONTENT="Maj"/><SP WIDTH="24" VPOS="584" HPOS="373"/>
							<String ID="string_136" HPOS="397" VPOS="585" WIDTH="33" HEIGHT="21" WC="0.96" CONTENT="för"/><SP WIDTH="22" VPOS="585" HPOS="430"/>
							<String ID="string_137" HPOS="452" VPOS="585" WIDTH="59" HEIGHT="21" WC="0.93" CONTENT="detta"/><SP WIDTH="19" VPOS="585" HPOS="511"/>
							<String ID="string_138" HPOS="530" VPOS="584" WIDTH="97" HEIGHT="22" WC="0.96" CONTENT="ändamål"/><SP WIDTH="15" VPOS="584" HPOS="627"/>
							<String ID="string_139" HPOS="642" VPOS="590" WIDTH="52" HEIGHT="15" WC="0.96" CONTENT="vara"/><SP WIDTH="14" VPOS="590" HPOS="694"/>
							<String ID="string_140" HPOS="708" VPOS="584" WIDTH="33" HEIGHT="21" WC="0.93" CONTENT="för"/><SP WIDTH="14" VPOS="584" HPOS="741"/>
							<String ID="string_141" HPOS="755" VPOS="584" WIDTH="54" HEIGHT="26" WC="0.96" CONTENT="tidig"/><SP WIDTH="14" VPOS="584" HPOS="809"/>
							<String ID="string_142" HPOS="823" VPOS="584" WIDTH="84" HEIGHT="25" WC="0.96" CONTENT="termin,"/>
						</TextLine>
						<TextLine ID="line_14" HPOS="86" VPOS="612" WIDTH="822" HEIGHT="28">
							<String ID="string_143" HPOS="86" VPOS="613" WIDTH="98" HEIGHT="21" WC="0.91" CONTENT="hvarföre"/><SP WIDTH="24" VPOS="613" HPOS="184"/>
							<String ID="string_144" HPOS="208" VPOS="613" WIDTH="56" HEIGHT="21" WC="0.93" CONTENT="tiden"/><SP WIDTH="24" VPOS="613" HPOS="264"/>
							<String ID="string_145" HPOS="288" VPOS="613" WIDTH="139" HEIGHT="21" WC="0.92" CONTENT="förändrades"/><SP WIDTH="23" VPOS="613" HPOS="427"/>
							<String ID="string_146" HPOS="450" VPOS="614" WIDTH="32" HEIGHT="20" WC="0.96" CONTENT="till"/><SP WIDTH="19" VPOS="614" HPOS="482"/>
							<String ID="string_147" HPOS="501" VPOS="614" WIDTH="39" HEIGHT="20" WC="0.96" CONTENT="den"/><SP WIDTH="18" VPOS="614" HPOS="540"/>
							<String ID="string_148" HPOS="558" VPOS="614" WIDTH="27" HEIGHT="20" WC="0.96" CONTENT="10"/><SP WIDTH="14" VPOS="614" HPOS="585"/>
							<String ID="string_149" HPOS="599" VPOS="612" WIDTH="50" HEIGHT="27" WC="0.96" CONTENT="Maj,"/><SP WIDTH="17" VPOS="612" HPOS="649"/>
							<String ID="string_150" HPOS="666" VPOS="613" WIDTH="39" HEIGHT="21" WC="0.96" CONTENT="och"/><SP WIDTH="13" VPOS="613" HPOS="705"/>
							<String ID="string_151" HPOS="718" VPOS="613" WIDTH="37" HEIGHT="27" WC="0.96" CONTENT="jag"/><SP WIDTH="14" VPOS="613" HPOS="755"/>
							<String ID="string_152" HPOS="769" VPOS="613" WIDTH="40" HEIGHT="21" WC="0.93" CONTENT="har"/><SP WIDTH="15" VPOS="613" HPOS="809"/>
							<String ID="string_153" HPOS="824" VPOS="613" WIDTH="19" HEIGHT="27" WC="0.93" CONTENT="ej"/><SP WIDTH="15" VPOS="613" HPOS="843"/>
							<String ID="string_154" HPOS="858" VPOS="612" WIDTH="50" HEIGHT="22" WC="0.93" CONTENT="hört"/>
						</TextLine>
						<TextLine ID="line_15" HPOS="86" VPOS="641" WIDTH="821" HEIGHT="28">
							<String ID="string_155" HPOS="86" VPOS="643" WIDTH="32" HEIGHT="20" WC="0.90" CONTENT="att"/><SP WIDTH="22" VPOS="643" HPOS="118"/>
							<String ID="string_156" HPOS="140" VPOS="641" WIDTH="67" HEIGHT="27" WC="0.90" CONTENT="nägra"/><SP WIDTH="23" VPOS="641" HPOS="207"/>
							<String ID="string_157" HPOS="230" VPOS="642" WIDTH="107" HEIGHT="27" WC="0.89" CONTENT="klagomäl"/><SP WIDTH="15" VPOS="642" HPOS="337"/>
							<String ID="string_158" HPOS="352" VPOS="641" WIDTH="104" HEIGHT="28" WC="0.91" CONTENT="försports"/><SP WIDTH="17" VPOS="641" HPOS="456"/>
							<String ID="string_159" HPOS="473" VPOS="642" WIDTH="103" HEIGHT="25" WC="0.92" CONTENT="deröfver,"/><SP WIDTH="17" VPOS="642" HPOS="576"/>
							<String ID="string_160" HPOS="593" VPOS="644" WIDTH="32" HEIGHT="18" WC="0.95" CONTENT="att"/><SP WIDTH="15" VPOS="644" HPOS="625"/>
							<String ID="string_161" HPOS="640" VPOS="642" WIDTH="39" HEIGHT="20" WC="0.96" CONTENT="den"/><SP WIDTH="16" VPOS="642" HPOS="679"/>
							<String ID="string_162" HPOS="695" VPOS="648" WIDTH="28" HEIGHT="14" WC="0.96" CONTENT="nu"/><SP WIDTH="14" VPOS="648" HPOS="723"/>
							<String ID="string_163" HPOS="737" VPOS="642" WIDTH="98" HEIGHT="26" WC="0.96" CONTENT="gällande"/><SP WIDTH="14" VPOS="642" HPOS="835"/>
							<String ID="string_164" HPOS="849" VPOS="641" WIDTH="58" HEIGHT="21" WC="0.96" CONTENT="tiden"/>
						</TextLine>
						<TextLine ID="line_16" HPOS="86" VPOS="669" WIDTH="821" HEIGHT="28">
							<String ID="string_165" HPOS="86" VPOS="676" WIDTH="50" HEIGHT="16" WC="0.92" CONTENT="vore"/><SP WIDTH="23" VPOS="676" HPOS="136"/>
							<String ID="string_166" HPOS="159" VPOS="670" WIDTH="33" HEIGHT="22" WC="0.96" CONTENT="för"/><SP WIDTH="22" VPOS="670" HPOS="192"/>
							<String ID="string_167" HPOS="214" VPOS="676" WIDTH="42" HEIGHT="16" WC="0.96" CONTENT="sen."/><SP WIDTH="31" VPOS="676" HPOS="256"/>
							<String ID="string_168" HPOS="287" VPOS="670" WIDTH="44" HEIGHT="22" WC="0.96" CONTENT="Och"/><SP WIDTH="25" VPOS="670" HPOS="331"/>
							<String ID="string_169" HPOS="356" VPOS="671" WIDTH="27" HEIGHT="21" WC="0.93" CONTENT="dä"/><SP WIDTH="19" VPOS="671" HPOS="383"/>
							<String ID="string_170" HPOS="402" VPOS="671" WIDTH="114" HEIGHT="21" WC="0.92" CONTENT="ständerna"/><SP WIDTH="16" VPOS="671" HPOS="516"/>
							<String ID="string_171" HPOS="532" VPOS="670" WIDTH="35" HEIGHT="22" WC="0.93" CONTENT="vid"/><SP WIDTH="15" VPOS="670" HPOS="567"/>
							<String ID="string_172" HPOS="582" VPOS="669" WIDTH="59" HEIGHT="23" WC="0.93" CONTENT="förra"/><SP WIDTH="14" VPOS="669" HPOS="641"/>
							<String ID="string_173" HPOS="655" VPOS="670" WIDTH="129" HEIGHT="27" WC="0.92" CONTENT="landtdagen"/><SP WIDTH="15" VPOS="670" HPOS="784"/>
							<String ID="string_174" HPOS="799" VPOS="670" WIDTH="108" HEIGHT="26" WC="0.93" CONTENT="föreslogo"/>
						</TextLine>
						<TextLine ID="line_17" HPOS="86" VPOS="698" WIDTH="821" HEIGHT="28">
							<String ID="string_175" HPOS="86" VPOS="699" WIDTH="204" HEIGHT="27" WC="0.91" CONTENT="tidsbestämningen"/><SP WIDTH="15" VPOS="699" HPOS="290"/>
							<String ID="string_176" HPOS="305" VPOS="700" WIDTH="33" HEIGHT="20" WC="0.96" CONTENT="till"/><SP WIDTH="16" VPOS="700" HPOS="338"/>
							<String ID="string_177" HPOS="354" VPOS="699" WIDTH="39" HEIGHT="21" WC="0.95" CONTENT="den"/><SP WIDTH="17" VPOS="699" HPOS="393"/>
							<String ID="string_178" HPOS="410" VPOS="700" WIDTH="25" HEIGHT="20" WC="0.95" CONTENT="15"/><SP WIDTH="16" VPOS="700" HPOS="435"/>
							<String ID="string_179" HPOS="451" VPOS="700" WIDTH="51" HEIGHT="26" WC="0.93" CONTENT="Maj,"/><SP WIDTH="16" VPOS="700" HPOS="502"/>
							<String ID="string_180" HPOS="518" VPOS="699" WIDTH="79" HEIGHT="22" WC="0.91" CONTENT="skedde"/><SP WIDTH="16" VPOS="699" HPOS="597"/>
							<String ID="string_181" HPOS="613" VPOS="699" WIDTH="59" HEIGHT="21" WC="0.96" CONTENT="detta"/><SP WIDTH="15" VPOS="699" HPOS="672"/>
							<String ID="string_182" HPOS="687" VPOS="698" WIDTH="27" HEIGHT="27" WC="0.93" CONTENT="pä"/><SP WIDTH="15" VPOS="698" HPOS="714"/>
							<String ID="string_183" HPOS="729" VPOS="698" WIDTH="110" HEIGHT="28" WC="0.92" CONTENT="grundade"/><SP WIDTH="14" VPOS="698" HPOS="839"/>
							<String ID="string_184" HPOS="853" VPOS="698" WIDTH="54" HEIGHT="22" WC="0.96" CONTENT="skäl."/>
						</TextLine>
						<TextLine ID="line_18" HPOS="86" VPOS="727" WIDTH="820" HEIGHT="28">
							<String ID="string_185" HPOS="86" VPOS="728" WIDTH="40" HEIGHT="27" WC="0.92" CONTENT="Jag"/><SP WIDTH="15" VPOS="728" HPOS="126"/>
							<String ID="string_186" HPOS="141" VPOS="728" WIDTH="99" HEIGHT="22" WC="0.96" CONTENT="förordar"/><SP WIDTH="15" VPOS="728" HPOS="240"/>
							<String ID="string_187" HPOS="255" VPOS="728" WIDTH="63" HEIGHT="21" WC="0.96" CONTENT="alltså"/><SP WIDTH="15" VPOS="728" HPOS="318"/>
							<String ID="string_188" HPOS="333" VPOS="728" WIDTH="120" HEIGHT="27" WC="0.96" CONTENT="antagande"/><SP WIDTH="15" VPOS="728" HPOS="453"/>
							<String ID="string_189" HPOS="468" VPOS="728" WIDTH="23" HEIGHT="21" WC="0.93" CONTENT="af"/><SP WIDTH="13" VPOS="728" HPOS="491"/>
							<String ID="string_190" HPOS="504" VPOS="728" WIDTH="11" HEIGHT="27" WC="0.92" CONTENT="$"/><SP WIDTH="17" VPOS="728" HPOS="515"/>
							<String ID="string_191" HPOS="532" VPOS="730" WIDTH="26" HEIGHT="20" WC="0.96" CONTENT="14"/><SP WIDTH="15" VPOS="730" HPOS="558"/>
							<String ID="string_192" HPOS="573" VPOS="728" WIDTH="7" HEIGHT="20" WC="0.96" CONTENT="i"/><SP WIDTH="15" VPOS="728" HPOS="580"/>
							<String ID="string_193" HPOS="595" VPOS="728" WIDTH="41" HEIGHT="21" WC="0.93" CONTENT="den"/><SP WIDTH="15" VPOS="728" HPOS="636"/>
							<String ID="string_194" HPOS="651" VPOS="728" WIDTH="78" HEIGHT="26" WC="0.96" CONTENT="nådiga"/><SP WIDTH="11" VPOS="728" HPOS="729"/>
							<String ID="string_195" HPOS="740" VPOS="727" WIDTH="166" HEIGHT="27" WC="0.95" CONTENT="propositionen."/>
						</TextLine>
					</TextBlock>
				</ComposedBlock>
				<ComposedBlock ID="cblock_4" HPOS="84" VPOS="780" WIDTH="824" HEIGHT="145">
					<TextBlock ID="block_3" HPOS="84" VPOS="780" WIDTH="824" HEIGHT="145">
						<TextLine ID="line_19" HPOS="152" VPOS="780" WIDTH="756" HEIGHT="32">
							<String ID="string_196" HPOS="152" VPOS="785" WIDTH="57" HEIGHT="21" WC="0.90" CONTENT="Herr"/><SP WIDTH="24" VPOS="785" HPOS="209"/>
							<String ID="string_197" HPOS="233" VPOS="784" WIDTH="154" HEIGHT="22" WC="0.93" CONTENT="Snellman:"/><SP WIDTH="23" VPOS="784" HPOS="387"/>
							<String ID="string_198" HPOS="410" VPOS="785" WIDTH="28" HEIGHT="26" WC="0.96" CONTENT="pä"/><SP WIDTH="22" VPOS="785" HPOS="438"/>
							<String ID="string_199" HPOS="460" VPOS="786" WIDTH="26" HEIGHT="20" WC="0.95" CONTENT="de"/><SP WIDTH="22" VPOS="786" HPOS="486"/>
							<String ID="string_200" HPOS="508" VPOS="785" WIDTH="47" HEIGHT="22" WC="0.96" CONTENT="skäl"/><SP WIDTH="20" VPOS="785" HPOS="555"/>
							<String ID="string_201" HPOS="575" VPOS="784" WIDTH="56" HEIGHT="22" WC="0.96" CONTENT="Herr"/><SP WIDTH="15" VPOS="784" HPOS="631"/>
							<String ID="string_202" HPOS="646" VPOS="780" WIDTH="86" HEIGHT="32" WC="0.93" CONTENT="Östring"/><SP WIDTH="15" VPOS="780" HPOS="732"/>
							<String ID="string_203" HPOS="747" VPOS="784" WIDTH="77" HEIGHT="26" WC="0.93" CONTENT="anfört,"/><SP WIDTH="15" VPOS="784" HPOS="824"/>
							<String ID="string_204" HPOS="839" VPOS="784" WIDTH="69" HEIGHT="21" WC="0.93" CONTENT="finner"/>
						</TextLine>
						<TextLine ID="line_20" HPOS="86" VPOS="812" WIDTH="821" HEIGHT="28">
							<String ID="string_205" HPOS="86" VPOS="813" WIDTH="61" HEIGHT="21" WC="0.92" CONTENT="äfven"/><SP WIDTH="23" VPOS="813" HPOS="147"/>
							<String ID="string_206" HPOS="170" VPOS="814" WIDTH="42" HEIGHT="26" WC="0.95" CONTENT="jag,"/><SP WIDTH="20" VPOS="814" HPOS="212"/>
							<String ID="string_207" HPOS="232" VPOS="815" WIDTH="31" HEIGHT="19" WC="0.96" CONTENT="att"/><SP WIDTH="15" VPOS="815" HPOS="263"/>
							<String ID="string_208" HPOS="278" VPOS="820" WIDTH="25" HEIGHT="14" WC="0.96" CONTENT="en"/><SP WIDTH="16" VPOS="820" HPOS="303"/>
							<String ID="string_209" HPOS="319" VPOS="814" WIDTH="43" HEIGHT="20" WC="0.96" CONTENT="viss"/><SP WIDTH="15" VPOS="814" HPOS="362"/>
							<String ID="string_210" HPOS="377" VPOS="814" WIDTH="31" HEIGHT="21" WC="0.93" CONTENT="tid"/><SP WIDTH="16" VPOS="814" HPOS="408"/>
							<String ID="string_211" HPOS="424" VPOS="814" WIDTH="30" HEIGHT="20" WC="0.93" CONTENT="uti"/><SP WIDTH="15" VPOS="814" HPOS="454"/>
							<String ID="string_212" HPOS="469" VPOS="813" WIDTH="162" HEIGHT="27" WC="0.92" CONTENT="ifrägavarande"/><SP WIDTH="15" VPOS="813" HPOS="631"/>
							<String ID="string_213" HPOS="646" VPOS="813" WIDTH="99" HEIGHT="21" WC="0.92" CONTENT="afseende"/><SP WIDTH="14" VPOS="813" HPOS="745"/>
							<String ID="string_214" HPOS="759" VPOS="812" WIDTH="41" HEIGHT="22" WC="0.93" CONTENT="bör"/><SP WIDTH="15" VPOS="812" HPOS="800"/>
							<String ID="string_215" HPOS="815" VPOS="813" WIDTH="92" HEIGHT="21" WC="0.92" CONTENT="bestäm-"/>
						</TextLine>
						<TextLine ID="line_21" HPOS="84" VPOS="841" WIDTH="823" HEIGHT="28">
							<String ID="string_216" HPOS="84" VPOS="848" WIDTH="52" HEIGHT="18" WC="0.95" CONTENT="mas,"/><SP WIDTH="23" VPOS="848" HPOS="136"/>
							<String ID="string_217" HPOS="159" VPOS="848" WIDTH="47" HEIGHT="15" WC="0.96" CONTENT="men"/><SP WIDTH="17" VPOS="848" HPOS="206"/>
							<String ID="string_218" HPOS="223" VPOS="848" WIDTH="61" HEIGHT="15" WC="0.96" CONTENT="anser"/><SP WIDTH="16" VPOS="848" HPOS="284"/>
							<String ID="string_219" HPOS="300" VPOS="842" WIDTH="36" HEIGHT="21" WC="0.96" CONTENT="det"/><SP WIDTH="14" VPOS="842" HPOS="336"/>
							<String ID="string_220" HPOS="350" VPOS="848" WIDTH="52" HEIGHT="15" WC="0.93" CONTENT="vara"/><SP WIDTH="15" VPOS="848" HPOS="402"/>
							<String ID="string_221" HPOS="417" VPOS="842" WIDTH="101" HEIGHT="27" WC="0.89" CONTENT="likgiltigt"/><SP WIDTH="15" VPOS="842" HPOS="518"/>
							<String ID="string_222" HPOS="533" VPOS="848" WIDTH="34" HEIGHT="15" WC="0.96" CONTENT="om"/><SP WIDTH="16" VPOS="848" HPOS="567"/>
							<String ID="string_223" HPOS="583" VPOS="843" WIDTH="40" HEIGHT="21" WC="0.96" CONTENT="den"/><SP WIDTH="17" VPOS="843" HPOS="623"/>
							<String ID="string_224" HPOS="640" VPOS="844" WIDTH="7" HEIGHT="18" WC="0.96" CONTENT="1"/><SP WIDTH="20" VPOS="844" HPOS="647"/>
							<String ID="string_225" HPOS="667" VPOS="842" WIDTH="51" HEIGHT="20" WC="0.96" CONTENT="eller"/><SP WIDTH="17" VPOS="842" HPOS="718"/>
							<String ID="string_226" HPOS="735" VPOS="842" WIDTH="25" HEIGHT="20" WC="0.96" CONTENT="15"/><SP WIDTH="16" VPOS="842" HPOS="760"/>
							<String ID="string_227" HPOS="776" VPOS="841" WIDTH="43" HEIGHT="27" WC="0.93" CONTENT="Maj"/><SP WIDTH="17" VPOS="841" HPOS="819"/>
							<String ID="string_228" HPOS="836" VPOS="841" WIDTH="71" HEIGHT="21" WC="0.93" CONTENT="dertill"/>
						</TextLine>
						<TextLine ID="line_22" HPOS="84" VPOS="869" WIDTH="824" HEIGHT="29">
							<String ID="string_229" HPOS="84" VPOS="872" WIDTH="98" HEIGHT="20" WC="0.73" CONTENT="utsättes."/><SP WIDTH="31" VPOS="872" HPOS="182"/>
							<String ID="string_230" HPOS="213" VPOS="870" WIDTH="75" HEIGHT="21" WC="0.88" CONTENT="Likväl"/><SP WIDTH="15" VPOS="870" HPOS="288"/>
							<String ID="string_231" HPOS="303" VPOS="870" WIDTH="66" HEIGHT="22" WC="0.96" CONTENT="borde"/><SP WIDTH="15" VPOS="870" HPOS="369"/>
							<String ID="string_232" HPOS="384" VPOS="870" WIDTH="40" HEIGHT="22" WC="0.96" CONTENT="den"/><SP WIDTH="17" VPOS="870" HPOS="424"/>
							<String ID="string_233" HPOS="441" VPOS="872" WIDTH="10" HEIGHT="20" WC="0.96" CONTENT="1"/><SP WIDTH="18" VPOS="872" HPOS="451"/>
							<String ID="string_234" HPOS="469" VPOS="870" WIDTH="41" HEIGHT="28" WC="0.93" CONTENT="Maj"/><SP WIDTH="14" VPOS="870" HPOS="510"/>
							<String ID="string_235" HPOS="524" VPOS="870" WIDTH="66" HEIGHT="22" WC="0.96" CONTENT="hellre"/><SP WIDTH="15" VPOS="870" HPOS="590"/>
							<String ID="string_236" HPOS="605" VPOS="871" WIDTH="134" HEIGHT="23" WC="0.96" CONTENT="bestämmas,"/><SP WIDTH="16" VPOS="871" HPOS="739"/>
							<String ID="string_237" HPOS="755" VPOS="869" WIDTH="28" HEIGHT="27" WC="0.97" CONTENT="pä"/><SP WIDTH="11" VPOS="869" HPOS="783"/>
							<String ID="string_238" HPOS="794" VPOS="870" WIDTH="35" HEIGHT="21" WC="0.96" CONTENT="det"/><SP WIDTH="10" VPOS="870" HPOS="829"/>
							<String ID="string_239" HPOS="839" VPOS="870" WIDTH="69" HEIGHT="21" WC="0.96" CONTENT="skada"/>
						</TextLine>
						<TextLine ID="line_23" HPOS="86" VPOS="898" WIDTH="497" HEIGHT="27">
							<String ID="string_240" HPOS="86" VPOS="898" WIDTH="47" HEIGHT="22" WC="0.88" CONTENT="icke"/><SP WIDTH="15" VPOS="898" HPOS="133"/>
							<String ID="string_241" HPOS="148" VPOS="898" WIDTH="69" HEIGHT="21" WC="0.96" CONTENT="skulle"/><SP WIDTH="15" VPOS="898" HPOS="217"/>
							<String ID="string_242" HPOS="232" VPOS="899" WIDTH="67" HEIGHT="20" WC="0.93" CONTENT="andra"/><SP WIDTH="15" VPOS="899" HPOS="299"/>
							<String ID="string_243" HPOS="314" VPOS="899" WIDTH="122" HEIGHT="26" WC="0.88" CONTENT="derigenom"/><SP WIDTH="16" VPOS="899" HPOS="436"/>
							<String ID="string_244" HPOS="452" VPOS="899" WIDTH="131" HEIGHT="26" WC="0.92" CONTENT="tillskyndas."/>
						</TextLine>
					</TextBlock>
				</ComposedBlock>
				<ComposedBlock ID="cblock_5" HPOS="84" VPOS="955" WIDTH="823" HEIGHT="227">
					<TextBlock ID="block_4" HPOS="84" VPOS="955" WIDTH="823" HEIGHT="227">
						<TextLine ID="line_24" HPOS="155" VPOS="955" WIDTH="752" HEIGHT="26">
							<String ID="string_245" HPOS="155" VPOS="955" WIDTH="57" HEIGHT="21" WC="0.96" CONTENT="Herr"/><SP WIDTH="20" VPOS="955" HPOS="212"/>
							<String ID="string_246" HPOS="232" VPOS="955" WIDTH="124" HEIGHT="26" WC="0.72" CONTENT="Östring:"/><SP WIDTH="24" VPOS="955" HPOS="356"/>
							<String ID="string_247" HPOS="380" VPOS="955" WIDTH="97" HEIGHT="26" WC="0.93" CONTENT="orsaken,"/><SP WIDTH="23" VPOS="955" HPOS="477"/>
							<String ID="string_248" HPOS="500" VPOS="955" WIDTH="98" HEIGHT="22" WC="0.92" CONTENT="hvarföre"/><SP WIDTH="23" VPOS="955" HPOS="598"/>
							<String ID="string_249" HPOS="621" VPOS="955" WIDTH="56" HEIGHT="21" WC="0.96" CONTENT="Herr"/><SP WIDTH="22" VPOS="955" HPOS="677"/>
							<String ID="string_250" HPOS="699" VPOS="955" WIDTH="70" HEIGHT="26" WC="0.93" CONTENT="Bergh"/><SP WIDTH="22" VPOS="955" HPOS="769"/>
							<String ID="string_251" HPOS="791" VPOS="955" WIDTH="46" HEIGHT="21" WC="0.96" CONTENT="icke"/><SP WIDTH="20" VPOS="955" HPOS="837"/>
							<String ID="string_252" HPOS="857" VPOS="955" WIDTH="50" HEIGHT="21" WC="0.96" CONTENT="hört"/>
						</TextLine>
						<TextLine ID="line_25" HPOS="85" VPOS="983" WIDTH="821" HEIGHT="28">
							<String ID="string_253" HPOS="85" VPOS="983" WIDTH="107" HEIGHT="27" WC="0.96" CONTENT="klagomål"/><SP WIDTH="22" VPOS="983" HPOS="192"/>
							<String ID="string_254" HPOS="214" VPOS="983" WIDTH="86" HEIGHT="22" WC="0.96" CONTENT="anföras"/><SP WIDTH="22" VPOS="983" HPOS="300"/>
							<String ID="string_255" HPOS="322" VPOS="983" WIDTH="58" HEIGHT="22" WC="0.96" CONTENT="öfver"/><SP WIDTH="20" VPOS="983" HPOS="380"/>
							<String ID="string_256" HPOS="400" VPOS="984" WIDTH="40" HEIGHT="21" WC="0.96" CONTENT="den"/><SP WIDTH="15" VPOS="984" HPOS="440"/>
							<String ID="string_257" HPOS="455" VPOS="990" WIDTH="28" HEIGHT="14" WC="0.96" CONTENT="nu"/><SP WIDTH="15" VPOS="990" HPOS="483"/>
							<String ID="string_258" HPOS="498" VPOS="984" WIDTH="97" HEIGHT="27" WC="0.93" CONTENT="gällande"/><SP WIDTH="15" VPOS="984" HPOS="595"/>
							<String ID="string_259" HPOS="610" VPOS="983" WIDTH="203" HEIGHT="27" WC="0.91" CONTENT="tidsbestämningen"/><SP WIDTH="16" VPOS="983" HPOS="813"/>
							<String ID="string_260" HPOS="829" VPOS="983" WIDTH="23" HEIGHT="21" WC="0.96" CONTENT="af"/><SP WIDTH="13" VPOS="983" HPOS="852"/>
							<String ID="string_261" HPOS="865" VPOS="984" WIDTH="41" HEIGHT="20" WC="0.96" CONTENT="den"/>
						</TextLine>
						<TextLine ID="line_26" HPOS="87" VPOS="1011" WIDTH="820" HEIGHT="28">
							<String ID="string_262" HPOS="87" VPOS="1013" WIDTH="27" HEIGHT="20" WC="0.96" CONTENT="10"/><SP WIDTH="15" VPOS="1013" HPOS="114"/>
							<String ID="string_263" HPOS="129" VPOS="1012" WIDTH="50" HEIGHT="27" WC="0.93" CONTENT="Maj,"/><SP WIDTH="17" VPOS="1012" HPOS="179"/>
							<String ID="string_264" HPOS="196" VPOS="1014" WIDTH="44" HEIGHT="19" WC="0.93" CONTENT="tror"/><SP WIDTH="13" VPOS="1014" HPOS="240"/>
							<String ID="string_265" HPOS="253" VPOS="1012" WIDTH="37" HEIGHT="27" WC="0.95" CONTENT="jag"/><SP WIDTH="14" VPOS="1012" HPOS="290"/>
							<String ID="string_266" HPOS="304" VPOS="1018" WIDTH="52" HEIGHT="15" WC="0.96" CONTENT="vara"/><SP WIDTH="14" VPOS="1018" HPOS="356"/>
							<String ID="string_267" HPOS="370" VPOS="1013" WIDTH="46" HEIGHT="25" WC="0.96" CONTENT="den,"/><SP WIDTH="16" VPOS="1013" HPOS="416"/>
							<String ID="string_268" HPOS="432" VPOS="1014" WIDTH="34" HEIGHT="19" WC="0.96" CONTENT="att"/><SP WIDTH="15" VPOS="1014" HPOS="466"/>
							<String ID="string_269" HPOS="481" VPOS="1013" WIDTH="66" HEIGHT="26" WC="0.93" CONTENT="enligt"/><SP WIDTH="10" VPOS="1013" HPOS="547"/>
							<String ID="string_270" HPOS="557" VPOS="1012" WIDTH="51" HEIGHT="21" WC="0.92" CONTENT="vära"/><SP WIDTH="15" VPOS="1012" HPOS="608"/>
							<String ID="string_271" HPOS="623" VPOS="1011" WIDTH="210" HEIGHT="22" WC="0.92" CONTENT="naturförhällanden"/><SP WIDTH="11" VPOS="1011" HPOS="833"/>
							<String ID="string_272" HPOS="844" VPOS="1012" WIDTH="63" HEIGHT="26" WC="0.96" CONTENT="ingen"/>
						</TextLine>
						<TextLine ID="line_27" HPOS="86" VPOS="1040" WIDTH="819" HEIGHT="27">
							<String ID="string_273" HPOS="86" VPOS="1040" WIDTH="115" HEIGHT="27" WC="0.96" CONTENT="anledning"/><SP WIDTH="23" VPOS="1040" HPOS="201"/>
							<String ID="string_274" HPOS="224" VPOS="1043" WIDTH="24" HEIGHT="18" WC="0.96" CONTENT="är"/><SP WIDTH="21" VPOS="1043" HPOS="248"/>
							<String ID="string_275" HPOS="269" VPOS="1041" WIDTH="34" HEIGHT="20" WC="0.92" CONTENT="för"/><SP WIDTH="22" VPOS="1041" HPOS="303"/>
							<String ID="string_276" HPOS="325" VPOS="1041" WIDTH="83" HEIGHT="21" WC="0.96" CONTENT="handen"/><SP WIDTH="22" VPOS="1041" HPOS="408"/>
							<String ID="string_277" HPOS="430" VPOS="1043" WIDTH="32" HEIGHT="18" WC="0.96" CONTENT="att"/><SP WIDTH="22" VPOS="1043" HPOS="462"/>
							<String ID="string_278" HPOS="484" VPOS="1041" WIDTH="57" HEIGHT="20" WC="0.93" CONTENT="hålla"/><SP WIDTH="21" VPOS="1041" HPOS="541"/>
							<String ID="string_279" HPOS="562" VPOS="1041" WIDTH="113" HEIGHT="20" WC="0.92" CONTENT="damlucka"/><SP WIDTH="18" VPOS="1041" HPOS="675"/>
							<String ID="string_280" HPOS="693" VPOS="1041" WIDTH="75" HEIGHT="25" WC="0.96" CONTENT="stängd"/><SP WIDTH="17" VPOS="1041" HPOS="768"/>
							<String ID="string_281" HPOS="785" VPOS="1041" WIDTH="40" HEIGHT="20" WC="0.95" CONTENT="den"/><SP WIDTH="15" VPOS="1041" HPOS="825"/>
							<String ID="string_282" HPOS="840" VPOS="1040" WIDTH="65" HEIGHT="25" WC="0.96" CONTENT="tiden,"/>
						</TextLine>
						<TextLine ID="line_28" HPOS="86" VPOS="1068" WIDTH="819" HEIGHT="28">
							<String ID="string_283" HPOS="86" VPOS="1069" WIDTH="89" HEIGHT="21" WC="0.92" CONTENT="emedan"/><SP WIDTH="15" VPOS="1069" HPOS="175"/>
							<String ID="string_284" HPOS="190" VPOS="1069" WIDTH="26" HEIGHT="21" WC="0.96" CONTENT="de"/><SP WIDTH="15" VPOS="1069" HPOS="216"/>
							<String ID="string_285" HPOS="231" VPOS="1069" WIDTH="61" HEIGHT="21" WC="0.96" CONTENT="flesta"/><SP WIDTH="16" VPOS="1069" HPOS="292"/>
							<String ID="string_286" HPOS="308" VPOS="1069" WIDTH="23" HEIGHT="21" WC="0.93" CONTENT="af"/><SP WIDTH="13" VPOS="1069" HPOS="331"/>
							<String ID="string_287" HPOS="344" VPOS="1069" WIDTH="50" HEIGHT="21" WC="0.91" CONTENT="vära"/><SP WIDTH="15" VPOS="1069" HPOS="394"/>
							<String ID="string_288" HPOS="409" VPOS="1069" WIDTH="199" HEIGHT="27" WC="0.93" CONTENT="vattenverksägare"/><SP WIDTH="17" VPOS="1069" HPOS="608"/>
							<String ID="string_289" HPOS="625" VPOS="1069" WIDTH="67" HEIGHT="21" WC="0.93" CONTENT="skulle"/><SP WIDTH="16" VPOS="1069" HPOS="692"/>
							<String ID="string_290" HPOS="708" VPOS="1075" WIDTH="50" HEIGHT="15" WC="0.93" CONTENT="anse"/><SP WIDTH="11" VPOS="1075" HPOS="758"/>
							<String ID="string_291" HPOS="769" VPOS="1069" WIDTH="36" HEIGHT="20" WC="0.93" CONTENT="det"/><SP WIDTH="11" VPOS="1069" HPOS="805"/>
							<String ID="string_292" HPOS="816" VPOS="1068" WIDTH="89" HEIGHT="21" WC="0.93" CONTENT="betänk-"/>
						</TextLine>
						<TextLine ID="line_29" HPOS="85" VPOS="1096" WIDTH="821" HEIGHT="28">
							<String ID="string_293" HPOS="85" VPOS="1097" WIDTH="39" HEIGHT="27" WC="0.93" CONTENT="ligt"/><SP WIDTH="22" VPOS="1097" HPOS="124"/>
							<String ID="string_294" HPOS="146" VPOS="1099" WIDTH="33" HEIGHT="19" WC="0.96" CONTENT="att"/><SP WIDTH="23" VPOS="1099" HPOS="179"/>
							<String ID="string_295" HPOS="202" VPOS="1097" WIDTH="27" HEIGHT="21" WC="0.92" CONTENT="dä"/><SP WIDTH="23" VPOS="1097" HPOS="229"/>
							<String ID="string_296" HPOS="252" VPOS="1097" WIDTH="83" HEIGHT="21" WC="0.89" CONTENT="dämma"/><SP WIDTH="21" VPOS="1097" HPOS="335"/>
							<String ID="string_297" HPOS="356" VPOS="1099" WIDTH="89" HEIGHT="20" WC="0.92" CONTENT="vattnet."/><SP WIDTH="30" VPOS="1099" HPOS="445"/>
							<String ID="string_298" HPOS="475" VPOS="1097" WIDTH="40" HEIGHT="26" WC="0.96" CONTENT="Jag"/><SP WIDTH="21" VPOS="1097" HPOS="515"/>
							<String ID="string_299" HPOS="536" VPOS="1098" WIDTH="36" HEIGHT="21" WC="0.93" CONTENT="vill"/><SP WIDTH="23" VPOS="1098" HPOS="572"/>
							<String ID="string_300" HPOS="595" VPOS="1097" WIDTH="83" HEIGHT="22" WC="0.92" CONTENT="derföre"/><SP WIDTH="15" VPOS="1097" HPOS="678"/>
							<String ID="string_301" HPOS="693" VPOS="1098" WIDTH="46" HEIGHT="21" WC="0.93" CONTENT="icke"/><SP WIDTH="15" VPOS="1098" HPOS="739"/>
							<String ID="string_302" HPOS="754" VPOS="1096" WIDTH="94" HEIGHT="22" WC="0.89" CONTENT="vidhälla"/><SP WIDTH="15" VPOS="1096" HPOS="848"/>
							<String ID="string_303" HPOS="863" VPOS="1097" WIDTH="43" HEIGHT="21" WC="0.96" CONTENT="min"/>
						</TextLine>
						<TextLine ID="line_30" HPOS="86" VPOS="1125" WIDTH="819" HEIGHT="27">
							<String ID="string_304" HPOS="86" VPOS="1126" WIDTH="63" HEIGHT="21" WC="0.90" CONTENT="ofvan"/><SP WIDTH="16" VPOS="1126" HPOS="149"/>
							<String ID="string_305" HPOS="165" VPOS="1126" WIDTH="96" HEIGHT="21" WC="0.90" CONTENT="uttalade"/><SP WIDTH="16" VPOS="1126" HPOS="261"/>
							<String ID="string_306" HPOS="277" VPOS="1126" WIDTH="84" HEIGHT="26" WC="0.95" CONTENT="mening"/><SP WIDTH="15" VPOS="1126" HPOS="361"/>
							<String ID="string_307" HPOS="376" VPOS="1126" WIDTH="6" HEIGHT="20" WC="0.95" CONTENT="i"/><SP WIDTH="16" VPOS="1126" HPOS="382"/>
							<String ID="string_308" HPOS="398" VPOS="1126" WIDTH="70" HEIGHT="21" WC="0.96" CONTENT="denna"/><SP WIDTH="15" VPOS="1126" HPOS="468"/>
							<String ID="string_309" HPOS="483" VPOS="1126" WIDTH="41" HEIGHT="25" WC="0.96" CONTENT="del,"/><SP WIDTH="15" VPOS="1126" HPOS="524"/>
							<String ID="string_310" HPOS="539" VPOS="1128" WIDTH="52" HEIGHT="19" WC="0.96" CONTENT="utan"/><SP WIDTH="16" VPOS="1128" HPOS="591"/>
							<String ID="string_311" HPOS="607" VPOS="1132" WIDTH="63" HEIGHT="15" WC="0.93" CONTENT="anser"/><SP WIDTH="15" VPOS="1132" HPOS="670"/>
							<String ID="string_312" HPOS="685" VPOS="1126" WIDTH="12" HEIGHT="26" WC="0.91" CONTENT="&amp;"/><SP WIDTH="17" VPOS="1126" HPOS="697"/>
							<String ID="string_313" HPOS="714" VPOS="1127" WIDTH="25" HEIGHT="19" WC="0.96" CONTENT="14"/><SP WIDTH="16" VPOS="1127" HPOS="739"/>
							<String ID="string_314" HPOS="755" VPOS="1127" WIDTH="7" HEIGHT="20" WC="0.96" CONTENT="i"/><SP WIDTH="16" VPOS="1127" HPOS="762"/>
							<String ID="string_315" HPOS="778" VPOS="1125" WIDTH="40" HEIGHT="21" WC="0.93" CONTENT="den"/><SP WIDTH="10" VPOS="1125" HPOS="818"/>
							<String ID="string_316" HPOS="828" VPOS="1125" WIDTH="77" HEIGHT="27" WC="0.91" CONTENT="nädiga"/>
						</TextLine>
						<TextLine ID="line_31" HPOS="84" VPOS="1154" WIDTH="532" HEIGHT="28">
							<String ID="string_317" HPOS="84" VPOS="1154" WIDTH="161" HEIGHT="28" WC="0.93" CONTENT="propositionen"/><SP WIDTH="16" VPOS="1154" HPOS="245"/>
							<String ID="string_318" HPOS="261" VPOS="1154" WIDTH="61" HEIGHT="22" WC="0.92" CONTENT="äfven"/><SP WIDTH="16" VPOS="1154" HPOS="322"/>
							<String ID="string_319" HPOS="338" VPOS="1154" WIDTH="46" HEIGHT="22" WC="0.92" CONTENT="deri"/><SP WIDTH="14" VPOS="1154" HPOS="384"/>
							<String ID="string_320" HPOS="398" VPOS="1154" WIDTH="73" HEIGHT="22" WC="0.93" CONTENT="kunna"/><SP WIDTH="14" VPOS="1154" HPOS="471"/>
							<String ID="string_321" HPOS="485" VPOS="1154" WIDTH="131" HEIGHT="27" WC="0.92" CONTENT="godkännas."/>
						</TextLine>
					</TextBlock>
				</ComposedBlock>
				<ComposedBlock ID="cblock_6" HPOS="84" VPOS="1210" WIDTH="822" HEIGHT="85">
					<TextBlock ID="block_5" HPOS="84" VPOS="1210" WIDTH="822" HEIGHT="85">
						<TextLine ID="line_32" HPOS="153" VPOS="1210" WIDTH="751" HEIGHT="28">
							<String ID="string_322" HPOS="153" VPOS="1210" WIDTH="61" HEIGHT="22" WC="0.93" CONTENT="Efter"/><SP WIDTH="16" VPOS="1210" HPOS="214"/>
							<String ID="string_323" HPOS="230" VPOS="1211" WIDTH="69" HEIGHT="21" WC="0.93" CONTENT="slutad"/><SP WIDTH="17" VPOS="1211" HPOS="299"/>
							<String ID="string_324" HPOS="316" VPOS="1211" WIDTH="126" HEIGHT="27" WC="0.92" CONTENT="diskussion,"/><SP WIDTH="16" VPOS="1211" HPOS="442"/>
							<String ID="string_325" HPOS="458" VPOS="1211" WIDTH="120" HEIGHT="22" WC="0.92" CONTENT="hvarunder"/><SP WIDTH="15" VPOS="1211" HPOS="578"/>
							<String ID="string_326" HPOS="593" VPOS="1211" WIDTH="76" HEIGHT="21" WC="0.96" CONTENT="endast"/><SP WIDTH="14" VPOS="1211" HPOS="669"/>
							<String ID="string_327" HPOS="683" VPOS="1211" WIDTH="37" HEIGHT="21" WC="0.97" CONTENT="det"/><SP WIDTH="14" VPOS="1211" HPOS="720"/>
							<String ID="string_328" HPOS="734" VPOS="1210" WIDTH="68" HEIGHT="22" WC="0.93" CONTENT="första"/><SP WIDTH="10" VPOS="1210" HPOS="802"/>
							<String ID="string_329" HPOS="812" VPOS="1211" WIDTH="92" HEIGHT="21" WC="0.92" CONTENT="alterna-"/>
						</TextLine>
						<TextLine ID="line_33" HPOS="85" VPOS="1239" WIDTH="821" HEIGHT="28">
							<String ID="string_330" HPOS="85" VPOS="1240" WIDTH="53" HEIGHT="21" WC="0.93" CONTENT="tivet"/><SP WIDTH="16" VPOS="1240" HPOS="138"/>
							<String ID="string_331" HPOS="154" VPOS="1240" WIDTH="22" HEIGHT="20" WC="0.93" CONTENT="af"/><SP WIDTH="14" VPOS="1240" HPOS="176"/>
							<String ID="string_332" HPOS="190" VPOS="1240" WIDTH="11" HEIGHT="27" WC="0.85" CONTENT="&amp;"/><SP WIDTH="18" VPOS="1240" HPOS="201"/>
							<String ID="string_333" HPOS="219" VPOS="1240" WIDTH="26" HEIGHT="20" WC="0.96" CONTENT="14"/><SP WIDTH="15" VPOS="1240" HPOS="245"/>
							<String ID="string_334" HPOS="260" VPOS="1240" WIDTH="23" HEIGHT="21" WC="0.93" CONTENT="af"/><SP WIDTH="13" VPOS="1240" HPOS="283"/>
							<String ID="string_335" HPOS="296" VPOS="1240" WIDTH="116" HEIGHT="21" WC="0.96" CONTENT="utskottets"/><SP WIDTH="15" VPOS="1240" HPOS="412"/>
							<String ID="string_336" HPOS="427" VPOS="1240" WIDTH="134" HEIGHT="22" WC="0.93" CONTENT="betänkande"/><SP WIDTH="16" VPOS="1240" HPOS="561"/>
							<String ID="string_337" HPOS="577" VPOS="1240" WIDTH="113" HEIGHT="26" WC="0.93" CONTENT="förordats,"/><SP WIDTH="16" VPOS="1240" HPOS="690"/>
							<String ID="string_338" HPOS="706" VPOS="1239" WIDTH="131" HEIGHT="22" WC="0.96" CONTENT="framställde"/><SP WIDTH="11" VPOS="1239" HPOS="837"/>
							<String ID="string_339" HPOS="848" VPOS="1239" WIDTH="58" HEIGHT="21" WC="0.96" CONTENT="Herr"/>
						</TextLine>
						<TextLine ID="line_34" HPOS="84" VPOS="1268" WIDTH="366" HEIGHT="27">
							<String ID="string_340" HPOS="84" VPOS="1268" WIDTH="172" HEIGHT="21" WC="0.91" CONTENT="Talmannen"/><SP WIDTH="16" VPOS="1268" HPOS="256"/>
							<String ID="string_341" HPOS="272" VPOS="1268" WIDTH="94" HEIGHT="26" WC="0.93" CONTENT="följande"/><SP WIDTH="14" VPOS="1268" HPOS="366"/>
							<String ID="string_342" HPOS="380" VPOS="1268" WIDTH="70" HEIGHT="27" WC="0.91" CONTENT="fräga:"/>
						</TextLine>
					</TextBlock>
				</ComposedBlock>
				<ComposedBlock ID="cblock_7" HPOS="82" VPOS="1324" WIDTH="821" HEIGHT="140">
					<TextBlock ID="block_6" HPOS="82" VPOS="1324" WIDTH="821" HEIGHT="140">
						<TextLine ID="line_35" HPOS="152" VPOS="1324" WIDTH="751" HEIGHT="27">
							<String ID="string_343" HPOS="152" VPOS="1324" WIDTH="43" HEIGHT="22" WC="0.92" CONTENT="Vill"/><SP WIDTH="23" VPOS="1324" HPOS="195"/>
							<String ID="string_344" HPOS="218" VPOS="1324" WIDTH="86" HEIGHT="22" WC="0.89" CONTENT="ständet"/><SP WIDTH="22" VPOS="1324" HPOS="304"/>
							<String ID="string_345" HPOS="326" VPOS="1324" WIDTH="32" HEIGHT="22" WC="0.93" CONTENT="till"/><SP WIDTH="24" VPOS="1324" HPOS="358"/>
							<String ID="string_346" HPOS="382" VPOS="1325" WIDTH="209" HEIGHT="26" WC="0.90" CONTENT="kontraproposition"/><SP WIDTH="22" VPOS="1325" HPOS="591"/>
							<String ID="string_347" HPOS="613" VPOS="1327" WIDTH="58" HEIGHT="19" WC="0.96" CONTENT="emot"/><SP WIDTH="14" VPOS="1327" HPOS="671"/>
							<String ID="string_348" HPOS="685" VPOS="1324" WIDTH="68" HEIGHT="22" WC="0.93" CONTENT="första"/><SP WIDTH="15" VPOS="1324" HPOS="753"/>
							<String ID="string_349" HPOS="768" VPOS="1324" WIDTH="135" HEIGHT="21" WC="0.92" CONTENT="alternativet"/>
						</TextLine>
						<TextLine ID="line_36" HPOS="84" VPOS="1352" WIDTH="819" HEIGHT="28">
							<String ID="string_350" HPOS="84" VPOS="1353" WIDTH="22" HEIGHT="21" WC="0.96" CONTENT="af"/><SP WIDTH="14" VPOS="1353" HPOS="106"/>
							<String ID="string_351" HPOS="120" VPOS="1353" WIDTH="11" HEIGHT="26" WC="0.82" CONTENT="8"/><SP WIDTH="17" VPOS="1353" HPOS="131"/>
							<String ID="string_352" HPOS="148" VPOS="1354" WIDTH="26" HEIGHT="20" WC="0.90" CONTENT="14"/><SP WIDTH="16" VPOS="1354" HPOS="174"/>
							<String ID="string_353" HPOS="190" VPOS="1353" WIDTH="7" HEIGHT="21" WC="0.90" CONTENT="i"/><SP WIDTH="15" VPOS="1353" HPOS="197"/>
							<String ID="string_354" HPOS="212" VPOS="1353" WIDTH="116" HEIGHT="21" WC="0.96" CONTENT="utskottets"/><SP WIDTH="14" VPOS="1353" HPOS="328"/>
							<String ID="string_355" HPOS="342" VPOS="1353" WIDTH="134" HEIGHT="22" WC="0.96" CONTENT="betänkande"/><SP WIDTH="16" VPOS="1353" HPOS="476"/>
							<String ID="string_356" HPOS="492" VPOS="1356" WIDTH="79" HEIGHT="24" WC="0.96" CONTENT="antaga"/><SP WIDTH="14" VPOS="1356" HPOS="571"/>
							<String ID="string_357" HPOS="585" VPOS="1359" WIDTH="81" HEIGHT="16" WC="0.96" CONTENT="samma"/><SP WIDTH="15" VPOS="1359" HPOS="666"/>
							<String ID="string_358" HPOS="681" VPOS="1353" WIDTH="112" HEIGHT="21" WC="0.96" CONTENT="alternativ"/><SP WIDTH="15" VPOS="1353" HPOS="793"/>
							<String ID="string_359" HPOS="808" VPOS="1352" WIDTH="49" HEIGHT="21" WC="0.96" CONTENT="med"/><SP WIDTH="10" VPOS="1352" HPOS="857"/>
							<String ID="string_360" HPOS="867" VPOS="1352" WIDTH="36" HEIGHT="21" WC="0.97" CONTENT="det"/>
						</TextLine>
						<TextLine ID="line_37" HPOS="83" VPOS="1380" WIDTH="820" HEIGHT="28">
							<String ID="string_361" HPOS="83" VPOS="1381" WIDTH="24" HEIGHT="21" WC="0.96" CONTENT="af"/><SP WIDTH="17" VPOS="1381" HPOS="107"/>
							<String ID="string_362" HPOS="124" VPOS="1382" WIDTH="57" HEIGHT="21" WC="0.96" CONTENT="Herr"/><SP WIDTH="23" VPOS="1382" HPOS="181"/>
							<String ID="string_363" HPOS="204" VPOS="1382" WIDTH="63" HEIGHT="21" WC="0.96" CONTENT="Holm"/><SP WIDTH="23" VPOS="1382" HPOS="267"/>
							<String ID="string_364" HPOS="290" VPOS="1381" WIDTH="120" HEIGHT="27" WC="0.92" CONTENT="föreslagna"/><SP WIDTH="22" VPOS="1381" HPOS="410"/>
							<String ID="string_365" HPOS="432" VPOS="1382" WIDTH="79" HEIGHT="26" WC="0.90" CONTENT="tillägg,"/><SP WIDTH="16" VPOS="1382" HPOS="511"/>
							<String ID="string_366" HPOS="527" VPOS="1384" WIDTH="32" HEIGHT="19" WC="0.96" CONTENT="att"/><SP WIDTH="14" VPOS="1384" HPOS="559"/>
							<String ID="string_367" HPOS="573" VPOS="1382" WIDTH="57" HEIGHT="21" WC="0.93" CONTENT="inom"/><SP WIDTH="15" VPOS="1382" HPOS="630"/>
							<String ID="string_368" HPOS="645" VPOS="1381" WIDTH="125" HEIGHT="26" WC="0.92" CONTENT="Uleäborgs,"/><SP WIDTH="17" VPOS="1381" HPOS="770"/>
							<String ID="string_369" HPOS="787" VPOS="1381" WIDTH="64" HEIGHT="21" WC="0.96" CONTENT="Wasa"/><SP WIDTH="12" VPOS="1381" HPOS="851"/>
							<String ID="string_370" HPOS="863" VPOS="1380" WIDTH="40" HEIGHT="21" WC="0.96" CONTENT="och"/>
						</TextLine>
						<TextLine ID="line_38" HPOS="82" VPOS="1409" WIDTH="821" HEIGHT="27">
							<String ID="string_371" HPOS="82" VPOS="1410" WIDTH="85" HEIGHT="25" WC="0.96" CONTENT="Kuopio"/><SP WIDTH="19" VPOS="1410" HPOS="167"/>
							<String ID="string_372" HPOS="186" VPOS="1410" WIDTH="33" HEIGHT="20" WC="0.93" CONTENT="län"/><SP WIDTH="17" VPOS="1410" HPOS="219"/>
							<String ID="string_373" HPOS="236" VPOS="1410" WIDTH="111" HEIGHT="21" WC="0.88" CONTENT="damlucka"/><SP WIDTH="15" VPOS="1410" HPOS="347"/>
							<String ID="string_374" HPOS="362" VPOS="1411" WIDTH="47" HEIGHT="20" WC="0.90" CONTENT="icke"/><SP WIDTH="19" VPOS="1411" HPOS="409"/>
							<String ID="string_375" HPOS="428" VPOS="1411" WIDTH="40" HEIGHT="20" WC="0.93" CONTENT="bör"/><SP WIDTH="15" VPOS="1411" HPOS="468"/>
							<String ID="string_376" HPOS="483" VPOS="1412" WIDTH="80" HEIGHT="24" WC="0.92" CONTENT="öppnas"/><SP WIDTH="16" VPOS="1412" HPOS="563"/>
							<String ID="string_377" HPOS="579" VPOS="1409" WIDTH="45" HEIGHT="22" WC="0.96" CONTENT="före"/><SP WIDTH="17" VPOS="1409" HPOS="624"/>
							<String ID="string_378" HPOS="641" VPOS="1410" WIDTH="41" HEIGHT="20" WC="0.96" CONTENT="den"/><SP WIDTH="17" VPOS="1410" HPOS="682"/>
							<String ID="string_379" HPOS="699" VPOS="1411" WIDTH="9" HEIGHT="18" WC="0.96" CONTENT="1"/><SP WIDTH="17" VPOS="1411" HPOS="708"/>
							<String ID="string_380" HPOS="725" VPOS="1409" WIDTH="56" HEIGHT="26" WC="0.96" CONTENT="Juni,"/><SP WIDTH="16" VPOS="1409" HPOS="781"/>
							<String ID="string_381" HPOS="797" VPOS="1409" WIDTH="52" HEIGHT="21" WC="0.93" CONTENT="eller"/><SP WIDTH="14" VPOS="1409" HPOS="849"/>
							<String ID="string_382" HPOS="863" VPOS="1409" WIDTH="40" HEIGHT="20" WC="0.92" CONTENT="ock"/>
						</TextLine>
						<TextLine ID="line_39" HPOS="83" VPOS="1437" WIDTH="413" HEIGHT="27">
							<String ID="string_383" HPOS="83" VPOS="1438" WIDTH="11" HEIGHT="25" WC="0.88" CONTENT="8"/><SP WIDTH="17" VPOS="1438" HPOS="94"/>
							<String ID="string_384" HPOS="111" VPOS="1438" WIDTH="27" HEIGHT="20" WC="0.69" CONTENT="14"/><SP WIDTH="14" VPOS="1438" HPOS="138"/>
							<String ID="string_385" HPOS="152" VPOS="1437" WIDTH="7" HEIGHT="21" WC="0.69" CONTENT="i"/><SP WIDTH="16" VPOS="1437" HPOS="159"/>
							<String ID="string_386" HPOS="175" VPOS="1437" WIDTH="40" HEIGHT="21" WC="0.93" CONTENT="den"/><SP WIDTH="15" VPOS="1437" HPOS="215"/>
							<String ID="string_387" HPOS="230" VPOS="1437" WIDTH="78" HEIGHT="26" WC="0.96" CONTENT="nådiga"/><SP WIDTH="15" VPOS="1437" HPOS="308"/>
							<String ID="string_388" HPOS="323" VPOS="1438" WIDTH="173" HEIGHT="26" WC="0.96" CONTENT="propositionen?"/>
						</TextLine>
					</TextBlock>
				</ComposedBlock>
				<ComposedBlock ID="cblock_8" HPOS="83" VPOS="1492" WIDTH="821" HEIGHT="58">
					<TextBlock ID="block_7" HPOS="83" VPOS="1492" WIDTH="821" HEIGHT="58">
						<TextLine ID="line_40" HPOS="151" VPOS="1492" WIDTH="753" HEIGHT="29">
							<String ID="string_389" HPOS="151" VPOS="1494" WIDTH="39" HEIGHT="26" WC="0.96" CONTENT="De,"/><SP WIDTH="22" VPOS="1494" HPOS="190"/>
							<String ID="string_390" HPOS="212" VPOS="1500" WIDTH="45" HEIGHT="15" WC="0.93" CONTENT="som"/><SP WIDTH="21" VPOS="1500" HPOS="257"/>
							<String ID="string_391" HPOS="278" VPOS="1494" WIDTH="66" HEIGHT="22" WC="0.92" CONTENT="önska"/><SP WIDTH="16" VPOS="1494" HPOS="344"/>
							<String ID="string_392" HPOS="360" VPOS="1494" WIDTH="35" HEIGHT="22" WC="0.93" CONTENT="det"/><SP WIDTH="15" VPOS="1494" HPOS="395"/>
							<String ID="string_393" HPOS="410" VPOS="1493" WIDTH="65" HEIGHT="28" WC="0.93" CONTENT="förra,"/><SP WIDTH="17" VPOS="1493" HPOS="475"/>
							<String ID="string_394" HPOS="492" VPOS="1499" WIDTH="61" HEIGHT="16" WC="0.92" CONTENT="svara"/><SP WIDTH="13" VPOS="1499" HPOS="553"/>
							<String ID="string_395" HPOS="566" VPOS="1493" WIDTH="29" HEIGHT="28" WC="0.96" CONTENT="ja,"/><SP WIDTH="17" VPOS="1493" HPOS="595"/>
							<String ID="string_396" HPOS="612" VPOS="1493" WIDTH="38" HEIGHT="22" WC="0.97" CONTENT="och"/><SP WIDTH="17" VPOS="1493" HPOS="650"/>
							<String ID="string_397" HPOS="667" VPOS="1493" WIDTH="32" HEIGHT="27" WC="0.93" CONTENT="de,"/><SP WIDTH="15" VPOS="1493" HPOS="699"/>
							<String ID="string_398" HPOS="714" VPOS="1493" WIDTH="72" HEIGHT="22" WC="0.92" CONTENT="hvilka"/><SP WIDTH="15" VPOS="1493" HPOS="786"/>
							<String ID="string_399" HPOS="801" VPOS="1492" WIDTH="50" HEIGHT="28" WC="0.96" CONTENT="vilja"/><SP WIDTH="15" VPOS="1492" HPOS="851"/>
							<String ID="string_400" HPOS="866" VPOS="1493" WIDTH="38" HEIGHT="20" WC="0.95" CONTENT="det"/>
						</TextLine>
						<TextLine ID="line_41" HPOS="83" VPOS="1523" WIDTH="213" HEIGHT="27">
							<String ID="string_401" HPOS="83" VPOS="1529" WIDTH="80" HEIGHT="21" WC="0.93" CONTENT="senare,"/><SP WIDTH="17" VPOS="1529" HPOS="163"/>
							<String ID="string_402" HPOS="180" VPOS="1529" WIDTH="62" HEIGHT="16" WC="0.92" CONTENT="svara"/><SP WIDTH="15" VPOS="1529" HPOS="242"/>
							<String ID="string_403" HPOS="257" VPOS="1523" WIDTH="39" HEIGHT="26" WC="0.96" CONTENT="nej."/>
						</TextLine>
					</TextBlock>
				</ComposedBlock>
			</PrintSpace>
		</Page>
	</Layout>
</alto>
