1086 1717
250 99 42 23 950
560 105 40 17 Den
616 104 26 18 26
658 104 42 24 Maj.

222 168 52 27 taga
288 167 34 28 sig
336 166 33 24 för
383 169 34 21 att
430 167 102 23 beskatta
546 168 71 22 finska
632 168 148 28 medborgare,
797 168 32 22 för
845 169 32 21 att
891 168 153 28 göraiallmän

221 195 114 29 filantropi.
365 197 74 22 Ehuru
465 196 58 23 inom
549 197 38 23 det
611 197 135 29 högvördiga
767 197 165 23 Presteständet
953 197 91 22 känslan

222 226 138 28 naturligtvis
374 232 46 16 mer
435 228 28 20 än
478 226 7 22 i
493 226 74 22 andra
582 226 65 22 ständ
662 227 70 21 mäste
747 228 52 25 taga
814 228 25 20 ut
853 226 33 22 sin
896 227 50 26 rätt,
955 226 25 22 sä
987 226 57 22 hade

221 260 50 16 man
294 254 60 28 dock,
379 255 27 21 dä
427 255 166 22 Presteständet
612 258 24 19 är
656 257 32 20 ett
702 255 117 27 riksständ,
834 256 75 21 väntat
924 256 33 21 att
969 254 31 22 uti
1018 262 26 15 en

221 283 69 31 sådan
313 283 40 22 sak
371 284 66 28 något
451 290 59 16 mera
524 284 114 28 besinning
654 284 40 22 och
709 284 67 28 något
790 290 60 16 mera
864 284 88 28 politisk
966 290 78 21 grann-

221 312 102 27 lagenhet
341 312 57 23 hade
416 313 75 22 visats.
522 313 76 23 Såsom
615 313 76 27 frågan
711 320 30 15 nu
755 313 116 28 föreligger
885 313 40 22 och
940 312 104 28 föreiagis

222 340 176 28 Statsutskottet,
415 342 25 21 så
455 348 63 22 synes
533 342 44 28 mig
591 342 48 22 icke
654 342 71 28 någon
740 348 70 16 annan
824 344 42 26 väg
880 348 51 16 vara
946 341 32 22 för
991 342 53 21 han-

222 370 48 26 den,
294 372 27 20 än
344 372 32 20 att
397 370 51 28 följa
471 371 42 22 den
530 370 22 22 af
565 373 164 21 reservanterne
745 370 129 28 föreslagna,
890 370 106 28 nemligen
1012 372 32 20 att

222 402 77 24 genom
322 400 115 22 anvisande
459 400 24 22 af
502 400 70 22 medel
594 400 8 22 i
621 400 95 22 förskott
731 400 125 28 möjliggöra
871 401 32 21 att
918 400 41 22 den
974 399 70 23 finska

220 427 104 29 förening,
348 435 45 16 som
415 428 69 23 bildat
504 428 33 29 sig
560 429 40 22 och
622 435 48 16 som
688 429 50 22 med
754 428 118 29 tillämpning
903 428 23 23 af
937 435 27 16 en
978 428 66 28 riktig

220 456 84 29 princip
319 457 77 22 tänker
409 457 86 28 påkalla
510 458 167 28 medborgarnes
693 458 100 27 frivilliga
808 458 151 28 uppoffringar,
968 458 25 21 så
1000 457 44 22 fort

220 492 47 16 som
286 486 83 28 möjligt
389 486 42 23 kan
446 487 63 22 träda
523 487 8 21 i
546 487 137 22 verksamhet
698 487 41 22 och
755 488 33 21 att
803 487 37 22 det
855 487 46 22 från
916 487 127 22 ständernas

221 515 47 22 sida
289 515 43 22 kan
354 516 57 21 visas
434 517 33 21 att
488 515 69 23 finska
579 515 69 24 folket
669 517 29 27 på
713 517 42 21 den
770 517 58 21 rätta
843 518 68 25 vägen
926 516 36 22 vill
976 515 68 28 något

220 545 53 26 göra
294 543 34 24 för
350 545 60 22 detta
431 545 105 22 ändamål.
566 545 43 28 Jag
628 545 40 22 har
682 545 49 22 icke
747 545 56 22 varit
817 545 8 22 i
839 544 82 23 tillfälle
937 546 33 20 att
986 546 58 21 sätta

219 573 45 27 mig
278 573 21 22 in
314 574 7 21 i
338 574 26 21 de
379 573 70 28 behof,
466 580 45 16 som
526 575 96 21 närmast
636 574 107 28 uppställt
759 574 32 27 sig
806 573 33 23 för
854 574 41 22 den
910 573 70 22 finska
987 573 56 22 före-

216 597 83 60 ningen
313 602 25 28 af
350 602 53 23 röda
417 603 86 31 korset;
515 603 39 28 jag
567 603 41 22 har
623 603 55 30 dock
692 603 52 22 hört
758 598 114 59 uppgifvas,
886 604 32 21 att
926 609 26 16 en
960 609 84 16 summa

220 628 67 25 al'ön
301 624 50 40 half
361 624 80 40 tiljon,
461 624 63 40 sådan
530 631 243 23 reservanterite
783 632 50 27 föreslagit,
853 624 68 40 skulle
933 624 51 40 vara
995 631 48 23 till-

219 660 83 28 räcklig
316 661 34 22 för
364 662 33 21 att
411 661 125 27 föreningen
551 661 70 22 skulle
636 661 25 22 så
668 661 44 22 fort
720 667 47 16 som
774 661 84 27 möjligt
864 661 73 22 kunna
944 661 100 27 begynna

219 688 32 22 sin
275 690 138 22 verksamhet
435 697 36 20 nu,
495 690 40 21 och
557 690 7 21 i
587 690 61 22 detta
662 690 104 22 afseende
781 696 64 21 synes
860 689 43 28 mig
918 691 33 20 ett
966 690 78 21 sådant

218 718 96 23 förskott
326 718 77 27 förslå;
418 725 49 16 men
483 719 34 27 jag
532 725 51 16 vore
598 721 15 20 t.
630 725 18 16 o.
664 725 28 16 m.
703 719 83 22 beredd
794 720 32 20 att
833 718 76 23 föröka
916 718 126 27 detsamma,

218 746 46 23 ifall
286 748 25 21 så
330 748 69 22 skulle
421 721 108 59 behöfvas.
560 747 62 22 Hvad
639 748 41 22 den
696 747 99 23 formella
811 747 61 22 sidan
887 747 23 22 af
923 747 67 22 saken
1005 748 38 21 be-

219 775 81 28 träffar,
317 777 24 22 så
355 776 40 23 har
410 783 26 16 en
451 777 69 22 talare
528 776 104 23 förklarat
641 778 176 21 reservanternes
827 776 81 27 förslag
916 776 125 27 oantagligt,

220 805 90 23 emedan
332 806 38 21 det
392 805 70 23 skulle
485 805 66 22 strida
574 808 58 19 emot
652 806 145 27 reglementet
811 805 33 22 för
859 805 100 22 Finlands
975 805 67 27 bank;

216 834 39 29 jag
277 834 40 23 ber
339 835 55 21 dock
416 834 22 22 få
460 835 52 27 göra
531 835 88 21 ståndet
634 834 165 29 uppmärksamt
813 835 28 26 på
856 835 33 21 att
904 834 117 22 ständerna
1036 835 7 21 i

220 863 104 22 afseende
339 863 13 22 ä
366 863 42 22 alla
422 863 72 27 frågor
508 864 92 21 rörande
614 863 102 23 Finlands
732 863 58 22 bank
805 862 64 23 hafva
883 863 92 22 motions
990 864 52 26 rätt,

218 892 40 23 och
282 894 33 20 att
337 892 84 22 således
437 891 68 28 äfven,
520 891 45 23 ifall
576 892 38 22 det
628 892 70 22 skulle
713 892 104 22 innebära
831 892 72 27 någon
918 891 124 28 förändring

218 921 24 24 af
255 927 26 16 en
296 921 69 28 punkt
379 921 8 21 i
400 921 146 27 reglementet,
564 921 78 22 sådant
656 921 95 22 initiativ
765 921 42 21 kan
818 920 23 22 af
847 921 116 22 ständerna
971 923 70 25 tagas.

216 948 52 25 Men
282 949 40 22 här
338 956 62 21 synes
415 950 44 27 mig
473 949 48 23 icke
529 950 66 27 något
602 950 79 22 sådant
688 949 117 27 behöfvas;
814 951 32 21 ett
853 949 109 22 räntefritt
970 949 72 22 kredi-

217 978 31 23 tiv
269 979 44 22 kan
334 979 67 22 redan
423 985 29 15 nu
466 978 89 28 beviljas
572 979 23 21 åt
608 979 146 27 inrättningar
768 978 49 22 med
833 979 129 27 välgörande
977 978 65 28 syfte-

216 1007 50 28 mål,
289 1007 8 22 i
320 1007 100 22 afseende
442 1007 67 22 hvarå
531 1007 63 23 äfven
616 1008 68 21 andra
702 1007 112 27 undantag
829 1007 72 22 kunna
915 1007 89 27 beviljas
1020 1007 24 22 af

217 1037 170 22 auktoriteterne
402 1036 8 21 i
424 1036 92 22 banken.
546 1036 46 22 Här
607 1039 24 19 är
646 1037 79 22 strikte
742 1038 61 25 taget
817 1036 48 22 icke
880 1035 60 28 fråga
956 1043 34 14 om
1003 1037 39 20 nå-

216 1069 44 24 gon
273 1065 68 22 sådan
356 1065 119 28 inrättning
489 1067 53 20 utan
557 1072 35 15 om
607 1072 26 15 en
648 1065 106 27 förening,
769 1065 66 22 likväl
849 1065 67 22 också
931 1065 71 22 denna
1008 1065 34 22 för

216 1094 131 27 välgörande
369 1094 105 26 ändamål,
497 1101 49 15 men
566 1095 38 27 jag
622 1101 64 15 anser
706 1094 57 22 dock
782 1095 34 20 att
829 1094 211 27 bankreglementets

216 1122 57 23 anda
292 1123 41 22 och
348 1123 86 27 mening
448 1123 48 22 icke
511 1123 93 22 kränkas
620 1123 127 28 derigenom
761 1124 33 20 att
809 1124 32 21 ett
857 1123 78 21 sådant
949 1122 93 22 kreditiv

215 1151 98 28 beviljas,
328 1151 125 28 isynnerhet
468 1158 46 15 som
529 1152 37 21 det
581 1152 50 22 sker
646 1158 79 21 genom
740 1151 73 22 beslut
829 1151 23 22 af
857 1151 97 22 bankens
962 1151 79 28 princi-

215 1181 71 28 paler:
303 1180 122 22 ständerna.
449 1181 42 27 Jag
505 1187 64 15 anser
583 1181 43 27 mig
640 1181 86 22 således
743 1180 54 22 böra
811 1180 86 22 ansluta
906 1180 44 27 mig
957 1180 33 21 till
1000 1180 41 21 den

215 1209 141 27 reservation,
373 1214 46 17 som
433 1209 49 22 utaf
494 1209 76 22 herrar
580 1209 126 28 Schauman,
718 1209 115 27 Mechelin,
842 1209 120 26 Lindblom,
972 1209 68 22 Snell-

214 1245 57 20 man,
280 1238 83 22 Kurtén
372 1238 40 22 och
426 1239 83 27 Nybom
525 1240 24 19 är
562 1238 171 27 underskrifven,
751 1238 56 21 dock
821 1238 50 21 med
879 1237 37 22 det
924 1237 76 28 tillägg
1008 1239 33 20 att

216 1273 34 16 om
264 1267 70 22 under
350 1267 149 22 diskussionen
515 1267 69 22 skulle
599 1267 119 22 framträda
734 1267 68 27 något
815 1266 82 28 förslag
911 1266 7 21 i
934 1266 62 28 syfte,
1008 1268 33 20 att

214 1296 77 22 föröka
306 1302 104 21 summan,
423 1297 38 27 jag
475 1302 52 16 vore
541 1296 81 22 beredd
637 1298 33 20 att
684 1296 89 22 biträda
789 1296 125 21 detsamma.

283 1325 57 22 Herr
354 1325 162 28 Furuhjelm,
532 1325 56 21 Elis:
604 1325 50 22 Man
669 1325 40 21 har
724 1324 59 22 inom
798 1324 130 27 landtdagen
944 1324 29 27 på
982 1324 59 22 vissa

213 1353 52 28 håll,
284 1353 38 23 der
336 1360 50 15 man
400 1353 59 23 förut
473 1354 48 22 icke
535 1353 70 23 funnit
620 1354 138 28 synnerligen
774 1355 46 20 stor
834 1353 138 27 frikostighet
986 1352 7 22 i
1009 1353 31 21 af-

212 1382 89 30 seende
314 1383 13 22 å
341 1382 148 28 bevillningar,
505 1382 95 28 försport
614 1384 32 21 ett
661 1382 108 28 vädjande
785 1382 33 21 till
833 1382 128 22 ständernas
977 1381 63 22 offer-

212 1408 107 30 villighet;
334 1410 83 23 hvilket
431 1412 78 21 nästan
525 1414 89 25 gränsar
628 1411 32 22 till
676 1412 38 21 det
731 1410 98 28 otroliga.
855 1411 50 21 Man
916 1410 40 22 har
962 1409 78 29 begärt

213 1440 77 27 anslag
305 1440 33 22 för
353 1440 70 22 finska
439 1440 220 27 elementarläroverk,
675 1440 33 22 för
725 1441 62 21 snart
802 1439 64 27 sagdt
881 1439 73 28 hvarje
962 1439 78 22 skola
1027 1435 17 37 i

212 1468 75 29 hvarje
303 1469 96 21 småstad
414 1470 7 20 i
436 1469 48 22 vårt
498 1469 60 27 land;
572 1476 49 15 man
636 1469 40 22 har
690 1469 77 22 vidare
782 1468 78 28 begärt
875 1468 75 28 anslag
964 1468 34 22 för
1013 1474 25 15 en

212 1497 56 23 finsk
287 1498 166 22 nationalteater
468 1505 27 15 m.
511 1505 35 20 m.,
562 1498 40 22 och
617 1505 29 15 nu
660 1498 40 22 har
716 1504 51 15 man
782 1498 74 27 vädjat
871 1497 48 21 med
935 1497 25 21 så
974 1497 65 21 beve-

210 1526 72 23 kande
297 1527 87 28 uttryck
400 1533 47 17 som
460 1526 83 30 möjligt
557 1527 32 22 till
600 1527 130 23 ständernas
739 1526 100 28 kristliga
845 1526 193 28 barmhertighets-
