1086 1717
255 112 41 20 834
563 116 40 18 Den
618 116 27 18 22
661 117 41 23 Maj.

225 176 43 22 höll
285 176 33 28 sig
326 177 79 28 stabilt,
417 177 61 23 äfven
487 178 63 22 hållit
559 179 47 21 vårt
616 180 123 27 myntvärde
750 178 81 27 stabilt,
842 178 76 22 liksom
929 185 33 15 om
973 178 69 22 denna

226 206 203 26 transportkostnad
455 207 48 22 icke
529 208 69 21 skulle
624 208 80 22 funnits
730 208 39 21 till.
807 208 88 21 Det.är
916 207 126 27 visserligen

224 234 67 27 något
308 234 140 28 konstgjordt,
464 242 48 15 men
525 236 37 28 jag
577 237 74 27 tycker
670 238 32 20 att
719 236 74 22 landet
808 236 39 22 har
861 236 45 22 haft
922 238 45 20 stor
981 238 61 25 nytta

225 262 65 22 deraf.
320 264 40 21 Att
374 264 59 22 detta
449 265 68 21 skulle
531 266 28 26 på
574 266 66 26 något
655 267 43 20 sätt
713 265 119 22 förhindrat
847 266 26 20 de
889 265 97 22 enskilda
1001 265 40 21 och

223 291 179 27 privatbankerna
417 294 33 20 att
465 293 66 22 drifva
548 294 141 22 vexelrörelse
707 294 97 22 betviflar
818 294 38 27 jag
873 294 27 27 på
910 294 38 22 det
956 294 84 26 högsta,

226 320 38 21 der
287 320 98 22 inverkar
406 322 56 21 blott
477 328 26 16 en
518 324 69 20 större
602 323 84 21 skilnad
702 323 89 22 emellan
805 325 70 19 vexel-
891 326 39 18 och
946 322 96 22 diskont-

224 348 58 22 kurs.
312 349 74 22 Hälles
405 350 70 22 denna
490 351 83 21 skilnad
588 352 123 26 tillräckligt
725 351 41 27 vid,
783 353 33 19 att
831 358 26 14 en
874 351 168 27 vexelprovision

224 377 41 21 blir
278 377 81 27 betald,
375 379 24 21 sä
413 379 72 21 kunna
501 380 65 21 också
581 380 184 27 privatbankerna,
782 386 45 15 som
840 380 38 27 jag
891 380 21 21 af
920 380 122 22 erfarenhet

223 407 42 25 vet,
282 406 68 22 drifva
371 413 27 15 en
417 408 82 27 ganska
519 408 167 22 vinstdrifvande
703 408 143 23 vexelrörelse
861 411 51 19 utan
928 411 32 19 att
974 409 68 21 räkna

222 435 59 26 uppä
302 435 67 28 nägra
389 437 139 27 kursvinster,
544 440 56 19 samt
622 438 55 21 blott
692 444 77 21 genom
784 437 84 22 vinsten
883 438 28 27 pä
926 438 47 26 agio
990 438 52 21 eller

223 463 128 23 differensen
371 465 89 22 emellan
479 466 69 21 vexel-
567 467 40 21 och
623 467 172 22 diskontkursen.
825 467 63 21 Hvad
903 466 138 27 möjligheten

224 491 22 22 af
267 499 26 14 en
315 493 50 22 börs
387 494 107 27 beträffar,
511 495 24 21 sä
554 495 36 21 vill
606 495 38 28 jag
660 495 46 22 icke
721 495 57 22 neka
793 496 32 20 att
840 495 35 22 det
891 501 49 16 vore
956 495 85 27 mycket

222 521 40 21 bra
281 527 34 15 om
334 522 20 21 vi
372 522 71 23 kunde
464 523 63 22 hafva
546 530 26 15 en
587 524 57 27 börs,
660 531 48 15 men
723 523 120 22 emellertid
859 524 28 21 dä
901 524 51 21 våra
967 523 73 22 affärs-

223 549 74 22 städer
312 552 36 19 äro
363 551 86 26 spridda
465 551 58 22 öfver
538 559 26 15 en
579 553 49 27 läng
644 553 56 26 kust,
716 553 25 22 sä
757 559 64 15 anser
833 553 38 27 jag
885 552 32 22 för
931 553 51 21 vära
997 552 43 22 för-

222 578 115 22 hällanden
356 585 26 15 en
402 580 67 22 sådan
488 581 56 21 bank
560 587 45 16 som
620 581 100 22 Finlands
736 581 58 22 bank
809 587 51 15 vara
875 581 48 22 vida
938 583 32 19 att
984 581 56 22 före-

223 606 67 28 draga
308 607 87 23 framför
415 615 26 16 en
459 609 50 22 börs
528 610 7 21 i
553 609 139 28 Helsingfors.
722 611 34 21 En
772 610 66 21 sådan
854 610 69 21 skulle
935 611 38 26 jag
988 617 52 15 anse

220 634 54 23 böra
284 635 85 23 komma
378 637 7 21 i
395 637 66 28 fråga,
473 638 65 21 sedan
548 638 51 22 våra
609 639 122 22 stambanor
742 641 38 19 äro
791 638 83 27 färdiga
885 639 55 21 ända
946 638 54 22 fram
1008 639 32 21 till

223 664 106 27 Uleåborg
348 665 39 22 och
403 673 26 14 en
444 667 76 26 vestlig
536 668 112 21 stambana
662 667 84 22 förenar
762 667 42 21 alla
819 667 131 27 kuststäder,
968 668 24 21 så
1008 670 32 19 att

224 693 20 21 vi
263 693 73 22 kunna
356 695 136 22 centralisera
511 696 49 21 våra
576 696 142 22 vexelaffärer.
750 696 45 21 Min
811 695 141 28 öfvertygelse
968 699 24 18 är
1008 698 32 20 att

222 727 34 16 om
278 722 21 21 vi
319 729 28 14 nu
367 723 69 22 skulle
455 723 97 28 förbjuda
567 725 100 22 Finlands
682 725 69 22 banks
767 725 81 21 rörelse
863 725 47 21 med
926 725 115 22 utländska

222 750 78 27 vexlar,
317 751 25 21 så
358 751 67 22 skulle
434 753 157 22 allmänheten
581 746 10 39 i
601 753 79 28 landet,
691 753 156 22 affärsmännen
858 753 128 28 isynnerhet,
997 754 44 21 lida

222 778 62 22 deraf
298 785 25 16 en
340 781 45 20 stor
398 780 83 23 förlust.

288 807 57 22 Herr
359 809 116 28 Pipping,
491 810 87 21 Fridolf:
595 811 72 21 Under
682 811 41 22 den
739 811 130 27 diskussion,
881 817 45 15 som
936 811 39 21 här
984 811 56 22 före-

221 835 56 22 fallit
299 837 50 21 med
371 838 114 27 anledning
503 839 22 21 af
536 839 179 22 Bankutskottets
731 839 82 28 förslag
829 842 32 19 att
876 840 114 21 ständerna
1005 840 35 22 vid

221 865 70 21 denna
305 865 104 28 landtdag
439 867 67 22 skulle
520 867 62 28 välja,
598 868 7 21 i
621 869 73 21 stället
708 869 33 21 för
757 868 52 27 fyra,
825 869 46 21 åtta
886 868 153 22 bankfullmäk-

220 893 50 27 tige,
290 893 40 22 har
350 901 25 15 en
395 896 51 21 ärad
465 896 66 21 talare
546 897 94 26 påpekat
655 897 40 22 den
710 903 36 16 om
761 897 48 22 icke
823 897 46 27 just
883 897 69 22 likhet
967 898 24 21 så
1006 897 33 22 åt-

219 922 108 22 minstone
342 923 220 24 öfverensstämmelse
578 925 7 21 i
601 926 151 27 organisation,
765 932 46 15 som
818 925 80 22 företer
906 926 32 27 sig
949 926 90 21 emellan

219 950 101 23 Finlands
343 951 58 22 bank
424 953 40 22 och
485 953 130 22 riksbanken
637 955 7 20 i
660 954 93 28 Sverige.
785 955 70 26 Tager
869 961 48 14 man
932 955 32 26 sig
980 955 62 21 deraf

219 979 47 21 skäl
282 981 32 20 att
329 981 85 26 påögna
427 982 76 27 Kungl.
519 983 142 26 kungörelsen
676 984 41 21 den
734 985 28 20 30
778 983 50 22 Juni
842 985 63 24 1876,
922 989 46 16 som
979 983 59 22 inne-

219 1007 67 22 fattar
308 1015 29 15 nu
359 1009 98 27 gällande
479 1011 129 26 reglemente
632 1011 32 22 för
682 1011 95 23 svenska
791 1012 140 21 riksbankens
948 1012 90 27 styrelse

220 1036 40 21 och
283 1036 134 29 förvaltning,
441 1039 25 21 så
487 1039 67 22 finner
575 1047 48 14 man
642 1042 32 19 att
688 1040 132 22 riksbanken
835 1042 69 25 styres
919 1041 23 20 af
955 1041 33 27 sju
1003 1041 35 21 vid

218 1061 88 39 riksdag
321 1067 94 24 utsedde
431 1067 195 29 bunkfullmäktige,
643 1069 71 22 hvilka
729 1069 59 21 inom
804 1069 32 27 sig
850 1069 56 27 välja
920 1069 36 21 två
972 1069 66 27 depu-

218 1094 80 26 terade,
320 1094 26 22 de
363 1095 37 21 der
415 1096 8 21 i
438 1097 93 26 enlighet
545 1098 48 21 med
608 1098 66 27 sagde
689 1098 134 27 reglemente
839 1098 39 21 och
894 1098 108 27 åtskilliga
1017 1098 23 21 af

218 1122 100 27 samtlige
333 1123 188 29 bankfullmäktige
539 1125 121 22 fastställda
675 1126 128 27 speciellare
818 1125 132 22 föreskrifter
970 1127 67 21 hand-

216 1150 64 22 hafva
303 1151 41 22 den
367 1153 84 27 dagliga
471 1153 153 28 förvaltningen
647 1154 22 23 af
690 1155 95 22 svenska
807 1155 90 26 banken,
921 1161 46 16 som
982 1155 56 22 dock

219 1179 79 22 drifver
320 1181 85 27 mycket
427 1183 68 21 större
517 1183 40 21 och
572 1183 6 21 i
594 1183 42 22 alla
651 1183 118 22 afseenden
785 1183 155 22 vidsträcktare
955 1184 81 21 rörelse

218 1210 26 19 än
267 1209 100 22 Finlands
390 1210 63 22 bank.
484 1211 94 22 Svenska
592 1212 130 22 riksbanken
738 1211 104 22 behöfver
857 1213 83 21 således
956 1212 32 22 för
1004 1213 32 21 sin

216 1236 56 23 både
292 1238 91 27 styrelse
398 1239 40 21 och
454 1240 83 27 dagliga
551 1239 126 28 förvaltning
692 1241 57 21 blott
766 1241 33 26 sju
814 1240 138 28 fullmäktige,
969 1241 67 21 ehuru

217 1265 69 22 denna
308 1266 119 28 inrättning
448 1268 53 27 icke,
523 1269 89 21 likasom
634 1269 101 22 Finlands
759 1269 64 27 bank,
841 1269 40 22 har
895 1270 69 26 någon
980 1270 56 21 skild

216 1294 114 22 direktion.
360 1296 32 21 De
408 1297 91 21 svenska
511 1298 202 27 bankfullmäktiges
730 1298 157 22 ofvannämnde
901 1299 35 21 två
947 1299 89 27 depute-

215 1324 59 24 rade,
291 1330 46 15 som
352 1326 52 20 nära
418 1332 43 20 nog
475 1328 106 20 motsvara
595 1327 194 21 bankdirektionen
805 1327 119 26 härstädes,
941 1330 37 18 äro
988 1328 47 21 icke

215 1350 130 28 förpligtade
365 1355 33 19 att
412 1354 7 20 i
435 1354 66 22 andra
518 1357 26 19 än
564 1356 65 26 högst
643 1356 80 27 vigtiga
739 1355 38 21 fall
793 1356 99 21 samråda
904 1356 50 21 med
969 1356 67 27 öfriga

214 1379 140 29 fullmäktige.
386 1382 40 21 Om
445 1383 39 21 den
500 1384 91 21 svenska
605 1384 95 22 bankens
717 1384 152 27 aflöningsstat
884 1384 39 22 har
935 1384 37 27 jag
988 1384 47 22 icke

214 1409 56 21 varit
289 1409 7 21 i
315 1409 84 23 tillfälle
419 1412 33 20 att
471 1411 49 27 sjelf
538 1414 50 25 taga
601 1412 121 23 kännedom
738 1418 51 16 men
803 1413 50 21 hört
867 1412 120 28 uppgifvas,
1003 1415 33 19 att

215 1437 70 22 deruti
306 1444 51 16 vore
373 1440 97 27 anslaget
485 1440 32 22 för
531 1440 41 22 fem
587 1441 195 27 bankfullmäktige
798 1443 62 25 4,000
877 1442 79 21 kronor
971 1442 23 20 åt
1009 1448 26 15 en

214 1465 52 22 hvar
285 1468 56 20 samt
361 1467 104 28 betydligt
480 1475 57 15 mera
552 1470 22 20 åt
587 1470 104 22 hvardera
706 1470 23 22 af
747 1470 27 20 de
790 1470 131 26 deputerade
937 1470 97 22 fullmäk-

213 1494 51 27 tige,
284 1495 81 21 hvilket
384 1496 39 22 allt
437 1498 153 27 sammanlagdt
605 1498 55 22 dock
674 1500 49 21 icke
741 1504 64 21 synes
821 1499 72 21 kunna
908 1505 38 15 ens
962 1501 74 19 närma

213 1523 33 27 sig
256 1524 32 21 till
299 1524 42 22 den
352 1524 189 30 aflöningssumma,
552 1533 46 16 som
608 1527 31 22 uti
650 1528 36 22 det
695 1528 48 21 lilla
755 1527 40 22 och
805 1526 78 28 fattiga
891 1527 88 22 Finland
987 1528 47 22 blif-
