1086 1717
232 107 40 21 694
535 110 41 19 Den
592 110 12 18 4
619 110 43 24 Maj.

202 174 96 21 tressera
319 173 33 32 sig
374 173 77 27 derför,
475 180 49 16 men
545 174 154 23 medvetandet
722 175 33 21 att
776 173 76 28 hvarje
871 173 116 29 jordegare
1004 175 23 21 är

205 201 84 29 skyldig
304 204 33 20 att
350 202 93 28 fullgöra
456 203 57 22 hvad
527 203 80 22 honom
623 204 88 27 åligger,
727 204 40 22 har
781 202 49 22 icke
845 202 32 22 till
892 203 134 27 konseqvens

204 232 33 21 att
259 232 144 22 statsmakten
418 232 40 22 alls
474 232 48 22 icke
538 232 56 22 skall
609 234 51 26 taga
675 232 32 22 till
723 231 101 29 pröfning
837 231 105 23 huruvida
957 232 70 22 denna

204 260 122 29 skyldighet
348 260 71 23 kunde
441 268 52 15 vara
515 261 29 27 på
564 262 126 27 lämpligare
710 263 45 21 sätt
771 260 82 23 ordnad
869 260 39 22 och
923 260 102 22 fördelad.

205 288 56 28 Från
284 291 33 20 ett
339 289 77 23 sådant
438 289 180 23 hetraktelsesätt
640 290 70 22 skulle
729 290 54 28 följa
797 290 74 22 såsom
884 290 141 27 konsegvens,

203 319 33 21 att
258 316 102 24 eftersom
383 318 53 23 hvar
458 318 42 23 och
523 326 27 15 en
572 321 24 20 är
615 319 85 28 skyldig
715 320 34 21 att
764 320 74 26 åtlyda
852 318 117 24 bestående
982 318 43 28 jag,

202 346 34 22 får
257 353 49 16 man
329 347 68 28 aldrig
419 348 66 22 tänka
506 348 29 27 på
558 354 26 16 en
603 348 130 28 förbättring
748 348 8 22 i
770 348 71 27 lagen,
858 347 61 22 äfven
934 354 34 15 om
985 347 41 22 den

204 375 68 23 skulle
296 382 64 16 anses
379 376 83 22 mindre
482 376 199 23 tillfredsställande
696 378 7 21 i
719 378 32 21 ett
770 375 53 23 eller
837 378 66 20 annat
918 376 107 23 afseende.

271 404 50 22 Men
336 404 28 23 då
376 405 38 29 jag
429 406 75 22 tillåtit
519 406 44 27 mig
578 408 33 20 att
626 408 57 20 ännu
699 412 26 16 en
741 406 58 27 gång
815 406 79 27 begära
909 406 67 26 ordet,
989 412 38 16 var

204 432 37 24 det
262 433 48 24 icke
332 433 33 23 för
387 437 33 20 att
442 435 77 28 utbyta
533 435 100 27 repliker.
663 435 43 28 Jag
720 437 38 20 vet
771 435 46 27 mig
831 435 129 23 härutinnan
974 441 52 16 vara

204 463 66 22 andra
290 463 69 22 talare
373 463 8 22 i
397 464 60 22 detta
471 471 47 15 rum
534 465 154 26 underlägsen;
704 466 54 20 utan
774 463 39 22 det
827 470 38 15 var
879 463 33 22 för
926 465 34 20 att
974 466 53 25 säga

204 491 68 29 några
290 492 40 23 ord
344 493 50 22 med
409 493 115 28 anledning
539 493 23 22 af
574 493 56 22 hvad
644 493 92 22 friherre
751 499 44 16 von
809 492 58 23 Born
882 492 40 23 och
936 492 90 23 friherre

202 520 79 23 Wrede
303 523 68 26 yttrat
391 527 35 16 om
447 521 163 29 kapitalisering
632 522 41 22 och
695 521 106 28 aflösning
822 521 23 22 af
862 521 162 28 grundskatten.

200 549 34 22 En
256 549 68 22 sådan
347 551 72 21 metod
441 551 90 22 innebär
554 557 26 16 en
601 551 45 22 inre
662 551 139 28 motsägelse.
832 550 43 23 Det
889 552 24 20 är
928 552 33 21 att
975 551 51 28 vilja

201 578 124 23 ändamålet
338 581 53 20 utan
407 581 32 20 att
453 579 50 29 vilja
518 580 27 22 de
551 580 85 53 yi
652 586 47 16 som
714 580 51 22 leda
779 579 71 22 ja
895 579 26 52 A
935 579 89 28 verklig,

252 607 76 31 tändig
344 608 86 29 aflösning,
507 615 23 18 som
548 610 141 28 förutsätter.
703 610 34 23 att
748 610 93 28 staten
857 632 16 5 har
897 610 128 27 eganderätt

212 635 4 5 ill
254 636 94 28 skatten,
367 611 84 58 mäste”
464 611 161 58 otvivelaktigt
642 610 75 50 las
737 636 33 28 sä,
790 638 34 21 att
837 605 89 66 Skatten
944 605 83 66 betalas

201 664 49 24 fullt
272 665 42 23 och
335 667 33 20 att
389 668 73 21 staten
477 666 86 23 således
578 667 70 22 skulle
663 666 23 23 få
703 668 33 21 ett
753 666 90 27 kapital,
862 672 46 16 som
925 666 99 22 lemnade

199 693 9 22 i
222 693 62 24 ränta
306 695 168 27 grundskattens
496 695 84 28 belopp.
611 695 35 22 Nu
668 696 44 21 kan
735 695 39 22 det
795 695 72 22 hända
889 697 33 20 att
942 701 26 16 en
983 695 41 22 och

200 729 70 16 annan
286 723 70 22 skulle
370 723 63 23 hafva
446 724 125 27 tillräckligt
585 724 45 23 löst
643 725 89 27 kapital,
749 723 34 23 för
799 725 33 21 att
847 725 53 26 göra
914 730 26 16 en
956 724 68 22 sådan

199 751 111 29 betalning
325 753 33 21 till
373 755 78 24 staten,
467 759 48 16 men
530 754 71 27 någon
616 753 123 28 väsendtlig.
754 753 70 22 fördel
839 753 69 22 skulle
923 753 43 22 han
976 753 48 22 icke

201 781 51 22 ernå
275 781 66 22 deraf.
371 781 49 22 Han
441 782 72 22 kunde
537 781 49 29 sjelf
606 782 65 22 hafva
688 781 110 29 kapitalet
812 781 7 22 i
834 781 70 22 fickan
919 781 41 23 och
975 782 49 22 med

200 809 50 22 dess
272 812 64 20 ränta
357 810 72 23 betala
451 811 163 27 grundskatten.
644 811 50 22 Alla
716 811 28 22 de
765 811 122 27 jordegare,
911 817 46 16 som
975 811 49 22 icke

198 837 65 23 hafva
278 841 33 20 ett
325 839 78 23 sådant
417 839 88 29 kapital,
521 839 57 28 finge
594 846 24 16 se
630 841 29 26 på
669 840 41 22 och
721 839 104 23 vidblifva
835 839 33 22 sin
878 839 144 28 beskattning.

200 866 30 23 Så
250 867 66 23 framt
336 875 49 16 man
407 868 37 23 vill
466 869 126 27 möjliggöra
613 868 34 23 för
664 869 147 28 jordegarene
831 870 33 20 att
885 862 74 39 komma
973 868 51 25 från

196 895 218 29 jordbeskattningen
433 897 30 28 pä
477 897 164 28 aflösningsväg,
657 898 25 22 så
697 898 72 22 måste
785 903 49 17 man
849 897 91 22 beträda
955 897 68 28 aflyft-

198 925 90 27 ningens
304 928 48 25 väg.
377 926 79 22 Hvarje
471 926 78 27 rabatt,
566 926 62 23 äfven
644 927 42 22 den
700 926 89 27 minsta,
806 928 24 20 är
845 927 32 21 ett
891 926 132 22 beträdande

199 953 23 22 af
239 954 42 22 den
300 956 48 25 väg,
369 961 46 16 som
449 955 58 22 består
521 955 8 22 i
542 955 116 28 aflyftande
679 955 24 24 af
716 955 74 22 denna
805 955 64 22 skatt.
899 955 45 22 Det
957 957 25 20 är
996 961 27 16 en

198 983 100 22 succesiv
317 983 110 28 aflyftning
445 984 29 27 på
492 984 74 27 längre
585 984 53 22 eller
655 985 89 21 kortare
760 984 39 21 tid.
831 983 40 22 Om
885 990 49 15 man
950 984 74 25 ställer

198 1011 38 22 det
256 1011 26 24 så
304 1014 33 19 att
359 1013 156 26 grundskatten
539 1013 49 28 sjelf
608 1013 55 22 skall
685 1013 109 22 förklaras
813 1014 78 26 utgöra
905 1014 63 20 ränta
983 1013 40 22 och

198 1040 130 28 amortering
347 1041 28 28 på
395 1043 32 20 ett
442 1042 54 21 visst
510 1041 120 23 beräknadt
644 1042 91 27 kapital,
753 1041 27 22 sä
794 1041 40 22 har.
849 1048 49 15 man
912 1042 49 21 med
976 1042 46 21 det-

198 1075 82 16 samma
295 1069 82 28 aflyftat
393 1070 37 22 det
444 1071 78 27 belopp
538 1077 46 16 som
600 1071 55 21 skall
666 1073 112 20 motsvara
788 1070 162 27 amorteringen.
973 1070 50 23 Med

200 1097 41 22 den
255 1105 54 15 rena
323 1098 217 28 aflösningsmetoden
554 1099 96 22 kommer
665 1106 49 15 man
730 1099 51 22 icke
796 1098 66 28 långt.
892 1099 44 22 Det
948 1099 76 22 blifver

196 1126 57 22 blott
268 1133 27 16 en
311 1127 35 22 del
361 1127 23 22 af
395 1128 149 27 jordegarene,
560 1128 72 22 hvilka
647 1129 88 22 komma
750 1129 35 20 att
799 1128 98 27 begagna
912 1127 33 28 sig
956 1127 65 28 deraf,

198 1155 40 22 och
261 1155 29 22 då
312 1157 98 26 qvarstår
433 1157 41 22 den
495 1157 115 27 brokighet
628 1157 40 22 och
685 1157 113 28 ojemnhet
813 1163 46 15 som
874 1157 96 22 vidlåder
984 1157 39 21 vår

194 1184 112 27 jordskatt
320 1185 41 22 och
376 1191 47 16 som
437 1186 8 21 i
459 1186 77 27 många
550 1186 60 22 delar
625 1186 23 21 af
661 1186 82 25 landet,
761 1185 40 22 der
813 1185 137 28 jordskatten
965 1185 7 22 i
983 1185 40 22 och

195 1212 34 22 för
248 1213 34 28 sig
302 1213 50 28 sjelf
371 1214 48 27 icke
440 1217 23 19 är
482 1215 25 21 så
521 1216 60 26 tung,
596 1215 78 22 verkar
689 1214 99 27 skadligt
802 1214 8 21 i
825 1214 77 22 socialt
917 1215 40 21 och
972 1214 51 22 eko-

197 1242 96 22 nomiskt
308 1242 111 28 afseende;
435 1243 76 22 verkar
527 1243 99 28 skadligt,
643 1244 93 21 emedan
751 1243 44 22 den
806 1243 87 22 hindrar
900 1243 123 28 jordstyck-

196 1270 57 28 ning,
272 1271 88 23 hindrar
379 1278 26 16 en
421 1272 58 28 jemn
494 1271 120 29 fördelning
629 1272 24 22 af
666 1273 70 23 andra
751 1272 88 26 bördor,
855 1271 86 23 hvilken
956 1272 67 22 borde

196 1299 156 23 eftersträfvas.
382 1301 42 27 Jag
439 1302 42 21 kan
496 1301 85 22 således
596 1301 34 22 för
644 1302 44 21 min
704 1301 37 22 del
756 1300 50 22 icke
822 1303 65 19 annat
903 1303 26 19 än
939 1301 83 27 hoppas

196 1330 38 25 att,
257 1331 41 20 när
313 1328 70 23 denna
397 1330 140 27 reformfråga
550 1330 30 28 på
594 1330 67 23 allvar
675 1330 102 22 kommer
792 1331 33 20 att
841 1331 67 21 sättas
924 1330 28 28 på
971 1330 51 27 dag-

196 1357 126 28 ordningen,
342 1358 39 22 och
401 1358 39 22 det
459 1358 55 22 skall
532 1359 33 21 väl
584 1359 48 22 icke
652 1359 62 27 dröja
732 1358 35 22 till
783 1364 26 16 en
826 1358 39 22 allt
879 1358 33 22 för
927 1358 96 28 aflägsen

194 1386 97 27 framtid,
308 1387 26 21 så
352 1387 57 23 skall
429 1387 61 23 dette
503 1388 8 21 i
526 1388 18 26 sig
575 1388 54 30 sjelf
640 1382 123 40 äohållbara
782 1387 199 28 aflösningssystem
995 1387 28 22 då

194 1414 48 23 icke
258 1415 66 22 blifva
340 1416 41 26 det,
399 1422 47 16 som
460 1416 73 22 vinner
545 1394 81 44 förord.
914 1427 2 2 ;

263 1444 57 22 Herr
334 1450 41 16 von
390 1444 167 28 Willebrand,
572 1445 65 27 Felix,
654 1452 47 16 som
718 1444 66 23 äfven
800 1444 89 23 anhällit
904 1451 34 15 om
953 1445 68 27 ordet,

194 1472 73 22 afstod
282 1473 48 22 frän
346 1473 124 23 detsamma.

263 1502 58 22 Herr
343 1502 96 23 Taube:
462 1503 41 27 Jag
526 1502 96 23 anhåller
640 1505 34 20 att
689 1503 23 22 få
726 1504 82 20 nämna
823 1504 38 25 att,
879 1502 28 22 dä
919 1502 37 28 jag
970 1508 51 22 nyss

194 1530 84 24 biträdt
300 1530 182 25 Statsutskottets
504 1532 143 28 betänkande,
667 1533 39 27 jag
731 1532 90 22 dermed
843 1532 48 22 icke
906 1532 49 22 ville
970 1534 53 25 säga
