1086 1717
397 134 41 21 Den
455 134 9 20 1
483 134 45 26 Maj.
807 134 39 22 643

51 197 133 25 öfverskrida
206 199 61 23 detta
289 200 55 22 mått
365 200 23 22 af
405 199 112 29 personlig
532 199 65 23 frihet
612 202 24 20 är
651 199 37 23 det
703 204 27 17 en
745 200 130 27 samhällets,

51 228 48 22 icke
121 228 57 22 blott
199 230 51 25 rätt,
273 231 53 19 utan
342 228 60 22 äfven
418 228 56 28 pligt
490 230 33 20 att
538 229 54 21 söka
608 229 44 22 dels
668 228 85 22 hämma
768 228 45 22 dels
828 230 49 20 rent

52 256 23 22 af
87 256 132 23 förekomma
233 257 138 27 möjligheten
387 258 32 20 till
435 264 27 15 en
478 258 68 21 sådan
554 258 124 26 kränkning.
702 257 37 22 Uti
751 258 61 21 denna
820 252 56 37 sats,

52 291 47 16 som
119 285 38 28 jag
178 288 46 19 tror
247 288 23 19 är
290 286 126 26 obestridlig
431 286 99 27 sanning,
546 286 68 27 ligger
628 286 161 27 berättigandet
802 286 33 22 för
850 286 26 22 de

51 314 124 28 preventiva
198 314 106 28 åtgärder,
326 321 47 15 som
394 315 7 21 i
424 315 42 21 den
485 315 79 27 nådiga
578 315 162 27 propositionen
755 314 122 28 föreslagits

51 344 46 20 mot
112 344 32 20 ett
159 342 23 22 af
195 349 35 16 oss
248 344 41 21 alla
303 344 68 21 kändt
386 344 59 26 ondt,
461 343 151 22 lösdrifveriet.
643 344 26 20 Vi
681 343 22 21 få
718 344 47 22 icke
776 344 48 22 med
833 345 44 21 rätt

52 372 130 22 åtminstone
205 372 161 22 sammanställa
388 372 64 22 dessa
469 372 103 27 åtgärder
587 372 52 22 eller
652 372 91 28 jemföra
758 373 48 22 dem
821 373 55 27 med,

52 401 71 21 såsom
139 407 48 15 man
202 401 40 21 här
257 403 54 25 sagt,
328 401 108 22 slafveriet
451 401 42 21 och
508 400 170 28 lifegenskapen;
691 401 38 28 jag
743 402 68 22 skulle
825 408 52 16 anse

53 430 37 21 det
112 436 50 15 vara
186 436 26 15 en
236 430 94 22 särdeles
354 432 46 20 stor
415 430 87 21 skilnad
517 430 91 22 emellan
622 432 32 19 ett
668 429 130 24 fortfarande
813 431 65 27 tvång

53 458 40 22 och
109 460 32 20 ett
160 459 71 27 tvång,
252 459 27 22 då
293 459 92 22 friheten
401 459 151 22 öfverskrides.
582 459 51 22 Man
648 459 39 21 har
702 459 65 22 också
783 461 48 26 sagt
845 461 34 20 att

53 487 37 22 det
109 489 25 20 är
149 487 59 22 svårt
222 489 34 20 att
270 487 103 22 definiera
387 488 133 27 lösdrifveri;
533 488 39 27 jag
586 488 70 21 skulle
670 487 33 22 för
718 488 43 21 min
776 489 35 21 del
826 494 52 16 anse

53 518 33 19 att
107 522 51 15 man
179 518 45 20 rätt
239 517 88 27 lyckligt
342 517 43 21 löst
400 517 41 21 den
456 516 114 28 uppgiften
584 517 32 21 uti
632 517 41 21 den
687 517 79 27 nådiga
779 517 98 28 proposi-

52 545 73 22 tionen
148 545 39 22 och
202 545 120 22 utskottets
337 546 138 21 betänkande
491 545 50 22 med
560 545 132 27 ,arbetsföra
706 552 109 21 personer,
831 552 46 15 som

53 576 52 19 utan
121 576 33 19 att
168 580 40 21 ega
224 574 33 22 sin
272 575 103 26 bergning
391 574 22 22 af
426 581 57 20 egna
498 574 115 27 tillgångar
628 574 51 21 eller
689 575 78 21 andras
775 575 102 26 vårdnad,

53 603 118 27 sysslolösa
186 603 74 28 stryka
276 603 117 27 omkring";
408 603 21 22 d.
445 609 20 16 v.
482 609 18 15 s.
517 609 26 16 en
558 609 46 15 som
612 603 122 27 antagligen
741 603 48 22 icke
797 603 42 22 kan
849 603 29 28 på

55 631 66 28 något
144 631 64 28 ärligt
230 633 46 20 sätt
297 632 114 27 uppehålla
431 632 40 21 sitt
485 631 30 24 lif,
532 634 52 19 utan
598 631 32 22 för
645 633 32 20 att
691 631 76 22 lifnära
782 632 33 27 sig
835 632 43 21 till-

55 660 72 27 griper
142 660 84 28 olofliga
240 661 77 26 medel,
333 661 40 21 här
387 662 97 20 närmast
499 661 99 27 tillgrepp
614 661 52 22 eller
681 661 63 26 stöld,
761 661 37 22 det
813 663 24 20 är
852 667 26 16 en

56 689 68 22 sådan
146 695 78 22 person
248 695 46 16 som
316 696 29 15 nu
367 690 76 21 ställes
466 689 71 23 under
554 690 111 26 kategorin
679 689 132 22 lösdrifvare.
840 690 39 21 Att

56 718 115 22 samhället
188 718 66 22 söker
272 718 84 28 skydda
373 719 34 26 sig
421 720 47 20 mot
483 725 27 15 en
526 718 67 22 sådan
608 721 24 19 är
646 719 49 21 dess
710 718 119 27 rätttighet,
846 720 33 20 att

56 747 113 22 samhället
191 747 65 22 söker
278 747 24 22 så
324 747 46 22 vidt
391 747 84 28 möjligt
494 749 25 20 är
533 747 79 22 afhålla
626 747 77 22 honom
718 747 33 22 för
765 747 114 22 framtiden

55 775 48 22 från
118 777 32 20 ett
165 775 68 28 dylikt
248 775 55 28 ofog,
320 778 24 19 är
359 776 50 21 dess
425 775 131 28 skyldighet.
581 776 50 21 Man
646 776 39 21 har
700 776 83 27 påstått
797 777 33 20 att
838 776 41 21 den

56 804 79 27 nådiga
152 805 162 26 propositionen
330 805 68 22 skulle
413 806 80 26 utgöra
509 811 27 15 en
550 805 116 27 skärpning
680 804 24 22 af
718 807 53 19 1865
787 805 35 21 års
837 804 42 22 för-

55 833 99 27 fattning.
184 833 42 28 Jag
240 833 70 22 måste
330 834 95 21 erkänna
439 835 34 20 att
485 833 39 28 jag
539 834 47 21 icke
600 834 41 21 kan
656 833 57 22 finna
728 833 43 27 det,
787 835 93 20 tvärtom

57 862 68 21 skulle
139 862 38 27 jag
192 868 52 16 anse
260 863 40 21 den
314 869 51 15 vara
381 864 32 20 ett
428 864 50 25 steg
493 863 24 20 åt
532 862 41 21 den
588 862 88 22 liberala
691 862 68 21 sidan.
783 862 47 22 Den
840 862 41 21 har

56 890 91 28 upphäft
169 891 42 21 alla
230 891 71 22 skilda
314 891 122 27 kategorier
451 891 24 22 af
488 891 132 22 lösdrifvare.
650 891 59 21 Hvar
724 891 40 22 och
780 897 32 20 en,
828 893 15 19 t.
860 897 19 16 o.

56 926 27 15 m.
101 920 41 21 den
157 919 122 22 afstraffade
294 920 149 27 brottslingen,
459 920 84 21 lemnas
559 919 82 22 tillfälle
656 921 33 20 att
699 920 80 27 ärligen
789 919 92 28 försörja

57 949 39 26 sig,
113 949 69 21 sävidt
197 949 43 21 han
255 949 56 21 blott
325 949 104 22 undviker
445 950 33 20 att
494 949 74 28 stryka
584 948 95 27 omkring
687 948 109 28 sysslolös.
818 948 63 22 Deri-

57 983 77 21 genom
152 977 90 22 bereder
260 984 49 15 man
322 977 47 28 just
384 984 26 15 en
425 979 47 20 stor
488 977 42 27 del,
545 977 33 22 för
592 977 72 22 hvilka
678 977 38 22 det
729 983 30 15 nu
773 977 55 22 varit
842 979 38 19 nä-

57 1009 49 18 stan
122 1006 96 27 omöjligt
233 1008 33 20 att
280 1006 103 22 förskaffa
399 1007 33 26 sig
447 1006 66 27 ärligt
527 1005 81 23 förvärf
620 1006 7 21 i
643 1006 40 21 och
697 1005 33 22 för
738 1006 41 21 den
789 1005 92 28 onödiga

56 1035 126 26 kontrollen,
206 1041 48 15 som
277 1037 54 20 1865
356 1035 34 21 års
412 1035 128 27 förordning
554 1035 93 22 belastat
662 1035 49 22 dem
725 1034 56 27 med,
797 1034 84 22 tillfälle

58 1064 78 21 dertill.
165 1064 35 21 Nu
215 1070 39 21 ger
268 1070 49 15 man
334 1063 47 22 dem
397 1070 46 15 mer
458 1063 67 22 frihet
541 1063 39 22 och
596 1063 82 22 tillfälle
694 1065 33 20 att
735 1065 53 20 utan
796 1063 85 27 intrång

57 1092 23 22 af
94 1093 133 21 besvärande
242 1093 40 21 och
297 1093 124 21 kränkande
436 1091 82 23 former
528 1091 100 23 förskaffa
638 1093 33 26 sig
679 1092 38 21 sitt
723 1091 157 28 lifsuppehälle.

57 1121 40 22 Att
112 1121 47 22 åter
176 1121 106 22 särskilda
298 1121 123 28 omgångar,
438 1127 48 16 som
501 1121 137 22 föreskrifvas
654 1121 7 21 i
678 1123 52 20 1865
747 1121 34 21 års
797 1120 84 23 förord-

57 1150 58 27 ning,
131 1152 38 19 äro
187 1149 125 28 afskaffade,
332 1151 63 21 torde
409 1150 35 22 väl
459 1150 50 21 icke
525 1156 62 15 anses
603 1150 71 21 såsom
688 1156 26 15 en
729 1149 117 28 skärpning
861 1149 23 22 af

57 1178 152 28 författningen
232 1179 52 22 eller
306 1179 141 27 stadgandet;
471 1179 39 21 det
532 1179 69 21 skulle
621 1179 37 27 jag
673 1185 51 15 anse
738 1178 57 22 blott
810 1178 73 22 såsom

59 1209 32 20 ett
105 1207 71 22 medel
191 1209 33 20 att
238 1207 73 22 kunna
325 1207 123 22 handhafva
462 1207 155 28 författningen
632 1207 40 22 och
686 1207 101 22 förskaffa
795 1207 42 22 den
844 1207 38 22 be-

57 1237 63 26 hörig
141 1237 98 26 respekt;
263 1237 41 21 och
326 1237 37 21 det
385 1236 68 22 borde
471 1236 36 22 väl
522 1236 48 22 icke
585 1243 51 14 vara
650 1242 27 15 en
692 1236 121 27 skärpning,
829 1237 54 20 utan

59 1271 76 21 genom
154 1265 32 22 sin
201 1265 82 28 påföljd
298 1265 67 22 verka
379 1265 82 22 derhän
477 1266 34 20 att
525 1264 151 28 författningen
689 1265 82 21 mindre
787 1264 44 22 ofta
846 1265 37 21 be-

57 1294 75 22 höfver
154 1294 115 27 tillämpas.
300 1294 90 22 Således
405 1294 43 21 kan
460 1294 40 27 jag
515 1294 48 21 icke
577 1294 67 22 heller
658 1293 56 22 fatta
728 1295 33 20 att
775 1300 56 20 man,
849 1300 34 15 om

59 1324 42 21 den
116 1323 77 27 nådiga
207 1323 162 27 propositionen
383 1323 42 21 blir
439 1322 43 28 lag,
500 1322 69 22 skulle
583 1322 64 22 hafva
662 1324 32 20 att
710 1324 82 20 emotse
808 1328 25 16 en
841 1322 43 22 för-

59 1352 79 27 ökning
157 1351 23 22 af
192 1351 166 23 lösdrifvarenes
373 1352 64 26 antal,
454 1353 55 20 utan
524 1353 98 25 tvärtom,
636 1352 47 27 just
697 1351 29 27 på
741 1351 27 22 de
783 1351 101 27 grunder,

57 1380 38 28 jag
116 1380 47 22 haft
177 1383 52 19 äran
244 1380 80 22 anföra.
356 1380 78 22 Vidare
449 1380 42 21 har
506 1386 50 16 man
572 1379 70 23 anfört
655 1382 46 19 mot
716 1380 132 26 antagandet
863 1379 24 21 af

59 1409 162 27 propositionen
236 1408 62 22 äfven
312 1409 107 22 förmenta
426 1408 152 22 brister
512 1404 11 37 i
533 1408 45 22 vårt
585 1408 196 28 fängelseväsende.
809 1408 77 21 Denna

60 1438 140 27 anmärkning
221 1438 43 21 kan
286 1438 54 22 visst
355 1438 44 21 lika
413 1437 35 22 väl
463 1438 70 21 riktas
548 1439 46 19 mot
609 1438 40 21 den
664 1444 29 15 nu
708 1437 101 27 gällande
823 1436 64 27 lagen

60 1473 47 15 som
121 1469 46 19 mot
181 1466 79 28 nådiga
278 1466 139 28 proposition,
433 1466 42 21 och
491 1472 36 15 om
542 1466 41 22 den
598 1466 39 21 har
652 1466 68 27 grund
735 1466 130 21 åtminstone
881 1464 8 22 i

60 1496 68 21 sådan
151 1496 58 26 grad,
226 1501 47 15 som
288 1495 38 22 det
340 1495 81 27 påstås,
438 1494 26 22 så
487 1497 26 19 är
528 1494 38 22 det
580 1495 46 21 icke
642 1494 47 22 skäl
705 1496 33 19 att
753 1493 135 23 fördenskull

60 1523 109 28 upphäfva
182 1523 137 27 nödvändiga
334 1522 135 28 stadganden
485 1523 54 22 eller
552 1523 72 21 lemna
638 1522 135 28 sjelfsvåldet
779 1522 47 22 fritt
833 1528 54 20 rum,

60 1555 53 19 utan
135 1552 21 22 vi
178 1552 61 22 skola
262 1552 53 22 söka
337 1552 66 22 verka
423 1552 90 27 derhän,
534 1552 72 21 såsom
624 1558 26 16 en
671 1551 52 22 ärad
739 1552 69 21 talare
823 1551 67 22 redan
