1086 1717
415 120 41 17 Den
472 118 27 18 22
515 120 41 22 Maj.
822 119 41 20 815

139 182 57 22 Enär
212 183 70 21 denna
296 182 133 28 proposition
446 182 23 22 af
482 182 87 22 ståndet
584 182 131 22 besvarades
731 182 49 22 med
796 182 96 22 öfvervä-

70 212 70 27 gande
156 212 40 27 nej,
210 212 57 20 hade
283 212 86 21 ståndet
384 212 97 21 beslutat
496 213 33 19 att
543 211 33 21 till
590 212 60 22 Hans
666 211 103 27 Majestät
784 211 50 27 ingå
845 211 48 21 med

70 241 42 21 den
134 240 7 21 i
163 240 207 27 nej-propositionen
393 242 111 26 upptagna
526 240 106 28 anhållan,
656 242 57 20 samt
727 242 33 20 att
775 240 118 22 tillsvidare

69 269 49 23 med
133 268 85 28 frågans
234 269 130 27 behandling
379 268 56 28 finge
451 269 69 21 anstå.

139 298 50 21 Som
208 297 60 22 tiden
283 298 67 22 redan
364 297 134 22 framskridit
513 298 32 21 till
560 298 92 21 klockan
668 300 33 19 tre
716 297 175 27 eftermiddagen,

69 333 49 15 men
134 327 108 27 åtskilliga
258 327 96 27 ärender,
371 333 46 15 som
433 333 50 16 voro
501 326 12 22 å
529 326 108 27 daglistan
652 328 115 26 upptagne,
777 330 56 18 ännu
844 326 48 22 icke

68 356 77 21 hunnit
159 356 123 26 behandlas,
299 356 134 27 uppmanade
450 356 51 21 herr
509 356 208 21 Landtmarskalken
725 356 98 21 ståndets
833 355 58 22 med-

69 384 94 26 lemmar,
180 384 72 22 hvilka
267 391 28 15 nu
311 385 110 26 åtskildes,
438 386 32 20 att
486 385 47 21 åter
548 385 183 21 sammankomma
746 384 93 22 klockan
854 390 37 16 sex

69 412 54 23 efter
139 414 120 27 middagen.

260 529 88 24 Samma
364 529 42 30 dag
423 529 29 24 kl.
469 529 15 24 6
501 529 61 24 efter
578 529 124 30 middagen.

136 587 50 22 Med
209 587 115 28 anledning
346 587 23 22 af
388 588 37 21 det
440 588 23 21 af
476 588 160 27 Ridderskapet
658 587 40 22 och
721 587 69 22 Adeln
805 587 28 28 på
848 587 43 22 för-

67 616 116 27 middagen
205 616 82 22 fattade
303 617 72 21 besiut
390 619 33 19 att
437 617 90 28 inbjuda
542 617 141 22 medstånden
700 618 32 20 att
746 616 75 22 förena
836 617 34 26 sig
885 616 7 21 i

67 645 170 28 Ridderskapets
254 645 39 22 och
302 646 79 21 Adelns
392 646 6 21 i
407 646 177 27 jernvägsfrågan
592 646 83 21 fattade
683 645 77 27 beslut,
771 645 120 22 anmodade

67 673 50 22 herr
134 675 208 21 Landtmarskalken
361 674 90 23 friherre
471 681 42 15 von
532 675 59 22 Troil
612 676 56 20 samt
686 675 75 21 herrar
779 674 112 21 Hackman

67 703 41 21 och
123 703 105 22 Mechelin
245 705 32 20 att
292 703 72 22 såsom
379 704 100 21 ståndets
496 704 127 27 deputation
633 703 32 22 till
676 703 142 22 medstånden
826 703 64 21 fram-

66 731 47 22 föra
129 732 69 22 denna
213 732 131 28 inbjudning.

135 818 40 22 Till
198 818 130 28 behandling
350 818 111 28 föredrogs
485 819 225 28 Jernvägsutskottets
731 818 160 23 betänkande
877 814 18 37 i

67 847 114 28 anledning
204 847 22 22 af
247 848 107 21 särskilda
368 848 32 21 till
415 848 116 28 höglofliga
547 849 91 21 stånden
654 849 110 26 angående
778 848 112 27 jernvägs-

66 876 124 28 byggnader
204 877 121 21 inlemnade
340 877 122 27 petitioner.

135 905 56 22 Herr
213 912 41 15 von
276 905 111 22 Alfthan
408 906 137 27 hemställde,
568 906 106 22 huruvida
693 906 46 21 icke
755 906 49 21 med
820 905 71 22 denna

67 933 70 28 frågas
160 934 131 27 behandling
312 935 57 26 finge
388 935 69 26 anstå,
475 935 57 21 intill
548 935 50 22 dess
612 935 225 26 Jernvägsutskottets
853 935 37 20 be-

66 963 108 21 tänkande
194 969 35 16 om
245 964 178 26 stambansnätet,
439 964 105 21 hvarmed
559 964 124 21 densamma
699 964 53 27 egde
769 965 32 20 ett
816 963 73 27 oskilj-

66 991 70 28 aktigt
155 992 159 27 sammanhang,
333 993 84 21 komme
436 993 40 21 hos
493 993 87 22 ståndet
595 993 67 21 under
680 993 166 26 öfverläggning,
863 992 27 21 då

65 1020 106 22 hvardera
187 1021 65 22 dessa
267 1021 152 22 betänkanden
435 1022 6 21 i
458 1023 33 20 ett
507 1022 153 27 sammanhang
675 1022 72 21 kunde
762 1021 125 22 behandlas.

134 1049 70 22 Sedan
220 1050 74 21 herrar
309 1050 129 22 Mechelin
453 1051 42 21 och
511 1051 93 27 Spåre,
622 1050 94 27 Walfrid,
733 1050 84 22 förenat
833 1050 33 26 sig
882 1049 7 21 i

65 1078 69 22 denna
153 1078 50 22 herr
217 1085 42 15 von
275 1079 97 22 Alfthans
387 1080 138 26 hemställan,
542 1080 71 21 beslöt
628 1079 86 22 ståndet
729 1079 28 27 på
772 1078 116 22 framställ-

64 1107 51 27 ning
130 1107 23 21 af
166 1107 50 22 herr
231 1107 208 23 Landtmarskalken
455 1110 34 20 att
504 1109 49 21 med
568 1109 73 21 vidare
653 1107 159 28 handläggning
823 1107 22 21 af
852 1107 37 21 det

64 1142 27 15 nu
114 1135 128 28 föredragna
264 1137 147 22 betänkandet
434 1137 71 22 skulle
524 1137 22 22 få
565 1138 63 21 anstå
646 1137 32 21 till
698 1137 49 21 dess
762 1136 75 27 frågan
853 1142 35 15 om

64 1165 172 22 stambansnätet
250 1165 70 23 blifvit
335 1167 64 26 tagen
414 1166 71 21 under
501 1166 73 27 slutlig
588 1165 104 28 pröfning.

131 1193 124 28 Hvarjemte
276 1195 86 22 ståndet
380 1195 71 22 beslöt
470 1197 35 20 att
519 1195 45 22 låta
579 1195 41 22 den
636 1194 127 27 deputation
779 1199 46 16 som
840 1193 48 21 från

63 1221 87 23 ståndet
165 1223 84 22 komme
264 1225 34 20 att
312 1224 49 21 med
376 1223 128 28 inbjudning
512 1224 32 21 till
552 1224 142 21 medstånden
703 1223 48 27 afgå
759 1223 129 21 underrätta

62 1251 141 22 medstånden
219 1252 79 27 jemväl
309 1259 35 15 om
351 1253 109 27 utgången
469 1253 24 21 af
500 1253 69 22 denna
576 1251 163 30 petitionfrågas
749 1251 137 26 behandling.

129 1338 10 22 I
163 1338 89 28 ordning
275 1339 67 27 enligt
356 1339 232 29 föredragningslistan
604 1338 170 24 öfverlemnades
790 1337 97 23 härefter

61 1366 32 22 till
109 1367 127 22 diskussion:

129 1396 181 22 Bankutskottets
326 1397 117 22 berättelse
461 1398 60 22 öfver
536 1397 117 23 verkställd
668 1396 131 28 granskning
808 1395 23 22 af
837 1395 48 21 Fin-

60 1424 62 22 lands
136 1424 69 22 banks
221 1426 92 26 styrelse
330 1426 39 21 och
385 1426 107 22 tillstånd.

127 1453 57 22 Herr
205 1454 210 25 Nordenskiöld,
439 1455 26 21 N.
490 1456 33 24 K.,
541 1455 67 21 utbad
626 1455 32 27 sig
673 1454 76 22 härvid
765 1452 62 23 ordet
843 1452 41 22 och

60 1482 99 27 uppläste
176 1484 31 20 ett
221 1482 25 22 så
260 1482 91 28 lydande
367 1482 105 28 skriftligt
487 1484 111 27 yttrande:

127 1510 52 22 Med
200 1511 115 27 anledning
337 1511 22 21 af
376 1511 57 22 hvad
453 1512 7 21 i
476 1512 222 27 Bankofullmägtiges
715 1511 41 21 och
772 1509 111 23 Bankout-

59 1539 93 21 skottets
169 1540 129 21 berättelser
313 1542 68 25 yttras
390 1546 34 15 om
434 1541 103 21 Finlands
546 1541 71 21 Banks
627 1540 183 26 kursnoteringar,
820 1538 65 22 utber
906 1545 2 2 :
