1086 1717
246 111 53 21 1016
564 118 41 18 Den
619 118 25 18 31
661 119 43 24 Maj.

214 176 70 27 rooth,
308 177 87 29 Robert,
415 178 127 30 Schauman,
562 181 24 23 B.
604 182 32 27 O.,
652 182 118 28 Hackman,
787 182 129 24 Oker-Blom
932 184 40 22 och
986 184 37 29 Pip

214 204 120 29 pingsköld.
556 240 18 2 W

283 263 71 23 Sedan
368 264 50 24 herr
432 266 210 25 Landtmarskalken
658 271 57 21 ännu
730 272 118 26 uppmanat
863 270 98 24 ständets
976 272 47 21 med

213 291 89 23 lemmar
324 295 33 21 att
378 294 92 24 klockan
492 296 47 22 half
558 297 47 22 ätta
628 298 47 22 äter
697 299 79 22 samlas
796 299 33 21 till
843 300 93 28 plenum,
952 300 71 22 afbröt

214 322 170 23 sammanträdet
397 323 92 24 klockan
504 326 38 22 tvä
556 326 41 22 och
612 328 34 21 tre
662 329 62 26 gvart
739 328 55 22 efter
807 329 122 27 middagen.

337 438 90 27 Samma
442 441 43 30 dag
502 442 95 25 klockan
615 443 51 25 half
678 445 16 23 8
709 443 63 25 efter
787 445 126 29 middagen.

281 495 56 24 Herr
351 497 207 27 Landtmarskalken
573 503 143 28 tillkännagaf
729 505 34 20 att
777 502 47 23 frän
839 503 142 23 medständen
996 510 27 15 an

212 523 90 24 kommit
324 527 107 23 särskilda
451 531 206 29 protokollsutdrag,
678 532 107 28 nemligen
800 532 54 23 ifrån
869 532 154 23 Prestestände

212 554 49 21 med
277 554 169 26 underrättelse:

281 585 33 20 att
336 585 86 23 ständet
440 587 36 22 vid
491 587 152 31 föredragning
658 589 23 23 af
694 590 112 22 Allmänna
820 591 202 22 Besvärsutskottet

251 613 9 4 ä
322 613 27 23 de
370 614 8 23 i
391 615 158 30 anledning.
521 609 39 42 af.
566 619 108 25 särskilda
687 619 61 25 inom
761 619 94 28 Preste-,
871 620 106 27 Borgare-
993 620 30 24 oc]

210 639 168 26 Bondeständen
400 645 79 23 väckta
497 646 184 30 petitionsförslag
696 648 112 27 angående
824 648 46 23 dels
885 647 112 24 införande
1013 655 10 16 a

210 668 114 29 lärotväng
339 671 6 22 i
360 672 90 24 Finland
465 675 46 22 dels
527 676 228 24 landskommunernas
771 677 126 28 äläggande,
913 679 32 20 att
953 677 69 22 enhva

210 697 58 23 inom
290 699 40 22 sitt
344 702 86 23 område
445 703 81 24 inrätta
540 705 130 24 åtminstone
685 713 27 15 en
727 706 68 27 högre
809 706 112 27 folkskola,
937 707 86 21 besluta

210 726 98 23 förkasta
322 729 157 26 betänkandets
495 733 68 23 första
577 737 95 20 moment
687 735 41 22 och
744 735 90 22 omfatta
849 735 27 22 de
887 735 136 23 betänkande

209 755 115 28 vidfogade
345 758 7 21 i
375 759 39 23 sitt
435 761 137 24 slutresultat
594 764 49 22 med
664 764 121 23 hvarandra
800 763 223 24 öfverensstämmand:

208 786 192 29 reservationerna,
416 789 113 24 hvaremot
542 792 158 23 betänkandets
716 793 68 22 andra
797 796 102 24 moment,
914 799 47 16 som
971 793 51 22 afbö

206 813 35 27 jer
256 814 79 23 doktor
349 816 138 26 Nordströms
501 821 185 29 petitionsförslag
701 828 36 16 om
752 821 110 23 införande
877 822 24 22 af
912 822 111 28 lärotvång

210 842 46 23 blef
270 843 22 22 af
306 845 87 23 ståndet
408 849 98 27 antaget;

277 874 33 31 att
324 874 88 23 ståndet
427 877 96 27 godkänt
538 879 166 28 Lagutskottets
716 879 299 28 sammanjemkningsförslag

208 900 116 29 anledning
345 903 23 22 af
387 905 78 28 nådiga
486 908 167 28 propositionen,
669 909 113 28 angående
797 909 113 27 ändring
900 896 15 47 i
928 909 93 27 stadgan

208 929 56 22 dena
280 936 34 16 om
330 931 54 23 börd
399 937 56 20 samt
469 936 155 23 viderboendes
640 938 41 22 och
696 938 69 22 nabos
781 933 131 37 lösningsrätt
925 938 7 27 ;

278 960 33 21 att
325 960 88 24 ståndet
427 964 35 22 vid
477 964 150 30 föredragning
634 956 23 45 af
680 967 211 27 Jernvägsutskottets
902 967 121 21 hemställai

208 993 41 27 om
265 987 130 31 behandling
416 992 8 21 i
439 993 104 23 förstärkt
558 995 147 23 Statsutskott
720 995 23 22 af
756 995 75 27 frågan
846 1002 35 15 om
896 995 127 22 anställande

208 1015 23 23 af
243 1018 165 24 instrumentala
423 1022 189 29 undersökningar,
628 1024 113 28 angående
756 1024 26 23 de
789 1024 123 28 föreslagna
918 1024 102 27 jernvägs

208 1045 177 29 sträckningarne
401 1051 59 22 öster
475 1052 40 21 och
530 1055 72 20 vester
617 1059 34 16 om
666 1053 114 28 Näsijärvi,
796 1055 57 20 samt
862 1059 35 16 om
904 1054 119 21 nedsättan.

208 1073 38 22 det
260 1073 24 22 af
296 1081 27 15 en
338 1076 140 25 kommission
491 1080 35 22 för
540 1082 131 22 utrönandet
686 1081 24 23 af
723 1082 38 22 det
775 1082 3 21 i
786 1082 136 22 ekonomiskt
929 1081 94 23 afseend«

207 1101 178 31 fördelaktigaste
404 1108 304 31 jernvägsbyggnadssystem,
725 1111 96 27 godkänt
837 1111 26 22 de
879 1111 23 22 af
914 1107 109 41 Jernvägs:

206 1131 110 23 utskottet
338 1133 121 31 föreslagne
477 1139 338 28 omröstningspropositionerna,
834 1142 56 20 samt
905 1140 77 21 skridit
996 1140 27 21 til

206 1160 35 22 val
257 1160 23 22 af
292 1163 139 24 medlemmar
445 1166 8 21 i
469 1167 36 22 det
520 1167 118 24 förstärkta
653 1169 182 26 Statsutskottet;

275 1192 33 19 att
323 1192 88 23 ståndet
425 1195 50 22 med
489 1195 60 23 bifall
564 1197 32 22 till
611 1204 27 15 en
652 1197 157 28 framställning
824 1196 23 23 af
861 1197 162 22 Statsutskotte'

206 1223 35 16 om
256 1217 131 32 behandling
401 1223 8 21 i
424 1223 105 24 förstärkt
543 1225 147 24 Statsutskott
706 1226 23 22 af
741 1226 74 27 frågan
831 1232 35 15 om
880 1226 121 28 beviljande
1010 1233 13 15 a

206 1247 75 27 anslag
303 1247 33 23 för
358 1251 79 23 värden
460 1253 23 22 af
500 1254 77 23 särade
595 1255 40 22 och
658 1256 64 27 sjuke
743 1255 94 27 krigare,
853 1255 105 32 godkänt
967 1255 27 22 de
1009 1262 14 15 a

206 1275 170 26 Statsutskottet
390 1279 122 31 föreslagna
526 1284 339 28 omröstningspropositionerna,
881 1285 57 21 samt
950 1286 73 26 jemvä

206 1306 70 20 utsett
290 1308 139 24 medlemmar
443 1311 7 21 i
466 1312 37 21 det
516 1312 118 23 förstärkta
649 1313 182 27 Statsutskottet;

207 1361 4 5 N
275 1336 33 20 att
323 1337 88 23 ståndet
425 1340 96 26 godkänt
535 1342 226 22 Ekonomiutskottets
777 1341 81 28 förslag
875 1340 33 23 till
924 1346 99 18 samman.

202 1362 113 32 jemkning
330 1365 23 22 af
365 1367 102 23 ständens
483 1369 7 21 i
505 1370 120 22 hufvudsak
641 1371 169 27 samstämmiga,
826 1376 49 16 men
885 1370 57 23 hvad
950 1370 73 22 formu.

204 1393 98 25 leringen
324 1393 102 25 beträffar
448 1398 67 22 delvis
538 1400 124 28 skiljaktiga
685 1400 74 22 beslut
777 1400 8 20 i
799 1399 125 28 anledning
937 1399 26 23 af
974 1402 34 31 ett

204 1419 165 26 Bondeständet
383 1424 122 24 framstäldt
519 1428 191 28 petitionsförslag,
727 1428 111 27 angående
855 1428 155 28 inskränkning

204 1448 134 34 handlandes
354 1455 45 20 rätt
413 1456 33 20 att
460 1454 88 30 försälja
563 1457 57 22 vissa
636 1458 58 28 slags
711 1457 157 28 spritdrycker;

274 1478 54 23 ifrån
343 1481 169 31 Bondeständet,
528 1486 150 23 meddelande:
859 1512 3 3 ,
972 1513 4 8 ,

215 1536 8 4 2,
273 1509 33 20 att
329 1510 87 23 ståndet
443 1514 94 26 godkänt
559 1515 226 23 Ekonomiutskottets
802 1515 221 28 sammanjemknings-

204 1534 82 29 förslag
302 1539 111 27 angående
428 1542 132 23 sistnämnda
575 1546 73 26 ämne;
