<?xml version="1.0" encoding="UTF-8"?>
<alto xmlns="http://www.loc.gov/standards/alto/ns-v3#" xmlns:xlink="http://www.w3.org/1999/xlink" xmlns:xsi="http://www.w3.org/2001/XMLSchema-instance" xsi:schemaLocation="http://www.loc.gov/standards/alto/ns-v3# http://www.loc.gov/alto/v3/alto-3-0.xsd">
	<Description>
		<MeasurementUnit>pixel</MeasurementUnit>
		<sourceImageInformation>
			<fileName>/tmp/tess_mizke77f_input.PNG</fileName>
		</sourceImageInformation>
		<OCRProcessing ID="OCR_0">
			<ocrProcessingStep>
				<processingSoftware>
					<softwareName>tesseract 5.3.4</softwareName>
				</processingSoftware>
			</ocrProcessingStep>
		</OCRProcessing>
	</Description>
	<Layout>
		<Page WIDTH="1086" HEIGHT="1717" PHYSICAL_IMG_NR="0" ID="page_0">
			<PrintSpace HPOS="0" VPOS="0" WIDTH="1086" HEIGHT="1717">
				<GraphicalElement ID="cblock_0" HPOS="0" VPOS="829" WIDTH="4" HEIGHT="347"></GraphicalElement >
				<ComposedBlock ID="cblock_1" HPOS="255" VPOS="121" WIDTH="454" HEIGHT="25">
					<TextBlock ID="block_0" HPOS="255" VPOS="121" WIDTH="454" HEIGHT="25">
						<TextLine ID="line_0" HPOS="255" VPOS="121" WIDTH="454" HEIGHT="25">
							<String ID="string_0" HPOS="255" VPOS="121" WIDTH="41" HEIGHT="21" WC="0.96" CONTENT="898"/><SP WIDTH="272" VPOS="121" HPOS="296"/>
							<String ID="string_1" HPOS="568" VPOS="123" WIDTH="42" HEIGHT="18" WC="0.96" CONTENT="Den"/><SP WIDTH="15" VPOS="123" HPOS="610"/>
							<String ID="string_2" HPOS="625" VPOS="121" WIDTH="26" HEIGHT="19" WC="0.96" CONTENT="24"/><SP WIDTH="16" VPOS="121" HPOS="651"/>
							<String ID="string_3" HPOS="667" VPOS="122" WIDTH="42" HEIGHT="24" WC="0.95" CONTENT="Maj."/>
						</TextLine>
					</TextBlock>
				</ComposedBlock>
				<ComposedBlock ID="cblock_2" HPOS="218" VPOS="184" WIDTH="834" HEIGHT="1383">
					<TextBlock ID="block_1" HPOS="218" VPOS="184" WIDTH="834" HEIGHT="1383">
						<TextLine ID="line_1" HPOS="226" VPOS="184" WIDTH="822" HEIGHT="28">
							<String ID="string_4" HPOS="226" VPOS="185" WIDTH="63" HEIGHT="23" WC="0.95" CONTENT="räckt"/><SP WIDTH="18" VPOS="185" HPOS="289"/>
							<String ID="string_5" HPOS="307" VPOS="184" WIDTH="39" HEIGHT="23" WC="0.96" CONTENT="till."/><SP WIDTH="30" VPOS="184" HPOS="346"/>
							<String ID="string_6" HPOS="376" VPOS="185" WIDTH="27" HEIGHT="22" WC="0.89" CONTENT="Vi"/><SP WIDTH="14" VPOS="185" HPOS="403"/>
							<String ID="string_7" HPOS="417" VPOS="185" WIDTH="64" HEIGHT="23" WC="0.96" CONTENT="hafva"/><SP WIDTH="14" VPOS="185" HPOS="481"/>
							<String ID="string_8" HPOS="495" VPOS="185" WIDTH="40" HEIGHT="22" WC="0.93" CONTENT="här"/><SP WIDTH="13" VPOS="185" HPOS="535"/>
							<String ID="string_9" HPOS="548" VPOS="186" WIDTH="48" HEIGHT="22" WC="0.96" CONTENT="icke"/><SP WIDTH="16" VPOS="186" HPOS="596"/>
							<String ID="string_10" HPOS="612" VPOS="186" WIDTH="33" HEIGHT="21" WC="0.95" CONTENT="att"/><SP WIDTH="17" VPOS="186" HPOS="645"/>
							<String ID="string_11" HPOS="662" VPOS="186" WIDTH="50" HEIGHT="26" WC="0.58" CONTENT="göra"/><SP WIDTH="12" VPOS="186" HPOS="712"/>
							<String ID="string_12" HPOS="724" VPOS="180" WIDTH="101" HEIGHT="37" WC="0.58" CONTENT=".hvarken"/><SP WIDTH="14" VPOS="180" HPOS="825"/>
							<String ID="string_13" HPOS="839" VPOS="185" WIDTH="50" HEIGHT="22" WC="0.96" CONTENT="med"/><SP WIDTH="15" VPOS="185" HPOS="889"/>
							<String ID="string_14" HPOS="904" VPOS="187" WIDTH="28" HEIGHT="21" WC="0.96" CONTENT="30"/><SP WIDTH="15" VPOS="187" HPOS="932"/>
							<String ID="string_15" HPOS="947" VPOS="185" WIDTH="53" HEIGHT="22" WC="0.96" CONTENT="eller"/><SP WIDTH="15" VPOS="185" HPOS="1000"/>
							<String ID="string_16" HPOS="1015" VPOS="187" WIDTH="33" HEIGHT="25" WC="0.96" CONTENT="50,"/>
						</TextLine>
						<TextLine ID="line_2" HPOS="225" VPOS="213" WIDTH="824" HEIGHT="29">
							<String ID="string_17" HPOS="225" VPOS="214" WIDTH="22" HEIGHT="22" WC="0.93" CONTENT="vi"/><SP WIDTH="18" VPOS="214" HPOS="247"/>
							<String ID="string_18" HPOS="265" VPOS="213" WIDTH="65" HEIGHT="23" WC="0.96" CONTENT="hafva"/><SP WIDTH="18" VPOS="213" HPOS="330"/>
							<String ID="string_19" HPOS="348" VPOS="214" WIDTH="47" HEIGHT="22" WC="0.96" CONTENT="icke"/><SP WIDTH="16" VPOS="214" HPOS="395"/>
							<String ID="string_20" HPOS="411" VPOS="220" WIDTH="38" HEIGHT="16" WC="0.96" CONTENT="ens"/><SP WIDTH="16" VPOS="220" HPOS="449"/>
							<String ID="string_21" HPOS="465" VPOS="216" WIDTH="32" HEIGHT="20" WC="0.95" CONTENT="att"/><SP WIDTH="14" VPOS="216" HPOS="497"/>
							<String ID="string_22" HPOS="511" VPOS="216" WIDTH="52" HEIGHT="26" WC="0.96" CONTENT="göra"/><SP WIDTH="14" VPOS="216" HPOS="563"/>
							<String ID="string_23" HPOS="577" VPOS="215" WIDTH="50" HEIGHT="21" WC="0.96" CONTENT="med"/><SP WIDTH="15" VPOS="215" HPOS="627"/>
							<String ID="string_24" HPOS="642" VPOS="220" WIDTH="27" HEIGHT="16" WC="0.93" CONTENT="en"/><SP WIDTH="15" VPOS="220" HPOS="669"/>
							<String ID="string_25" HPOS="684" VPOS="214" WIDTH="121" HEIGHT="28" WC="0.96" CONTENT="tidsperiod"/><SP WIDTH="16" VPOS="214" HPOS="805"/>
							<String ID="string_26" HPOS="821" VPOS="214" WIDTH="22" HEIGHT="22" WC="0.96" CONTENT="af"/><SP WIDTH="16" VPOS="214" HPOS="843"/>
							<String ID="string_27" HPOS="859" VPOS="216" WIDTH="26" HEIGHT="19" WC="0.96" CONTENT="10"/><SP WIDTH="15" VPOS="216" HPOS="885"/>
							<String ID="string_28" HPOS="900" VPOS="214" WIDTH="30" HEIGHT="27" WC="0.96" CONTENT="år,"/><SP WIDTH="16" VPOS="214" HPOS="930"/>
							<String ID="string_29" HPOS="946" VPOS="220" WIDTH="46" HEIGHT="16" WC="0.96" CONTENT="som"/><SP WIDTH="16" VPOS="220" HPOS="992"/>
							<String ID="string_30" HPOS="1008" VPOS="214" WIDTH="41" HEIGHT="22" WC="0.95" CONTENT="den"/>
						</TextLine>
						<TextLine ID="line_3" HPOS="226" VPOS="242" WIDTH="824" HEIGHT="29">
							<String ID="string_31" HPOS="226" VPOS="249" WIDTH="47" HEIGHT="16" WC="0.93" CONTENT="som"/><SP WIDTH="18" VPOS="249" HPOS="273"/>
							<String ID="string_32" HPOS="291" VPOS="242" WIDTH="95" HEIGHT="28" WC="0.92" CONTENT="föregick"/><SP WIDTH="21" VPOS="242" HPOS="386"/>
							<String ID="string_33" HPOS="407" VPOS="243" WIDTH="42" HEIGHT="23" WC="0.95" CONTENT="den"/><SP WIDTH="17" VPOS="243" HPOS="449"/>
							<String ID="string_34" HPOS="466" VPOS="242" WIDTH="69" HEIGHT="24" WC="0.93" CONTENT="första"/><SP WIDTH="18" VPOS="242" HPOS="535"/>
							<String ID="string_35" HPOS="553" VPOS="242" WIDTH="171" HEIGHT="29" WC="0.91" CONTENT="myntreformen."/><SP WIDTH="33" VPOS="242" HPOS="724"/>
							<String ID="string_36" HPOS="757" VPOS="243" WIDTH="26" HEIGHT="22" WC="0.93" CONTENT="Vi"/><SP WIDTH="20" VPOS="243" HPOS="783"/>
							<String ID="string_37" HPOS="803" VPOS="242" WIDTH="64" HEIGHT="23" WC="0.93" CONTENT="hafva"/><SP WIDTH="19" VPOS="242" HPOS="867"/>
							<String ID="string_38" HPOS="886" VPOS="245" WIDTH="33" HEIGHT="19" WC="0.96" CONTENT="att"/><SP WIDTH="14" VPOS="245" HPOS="919"/>
							<String ID="string_39" HPOS="933" VPOS="244" WIDTH="53" HEIGHT="26" WC="0.96" CONTENT="göra"/><SP WIDTH="14" VPOS="244" HPOS="986"/>
							<String ID="string_40" HPOS="1000" VPOS="242" WIDTH="50" HEIGHT="22" WC="0.96" CONTENT="med"/>
						</TextLine>
						<TextLine ID="line_4" HPOS="227" VPOS="271" WIDTH="823" HEIGHT="29">
							<String ID="string_41" HPOS="227" VPOS="278" WIDTH="26" HEIGHT="16" WC="0.95" CONTENT="en"/><SP WIDTH="23" VPOS="278" HPOS="253"/>
							<String ID="string_42" HPOS="276" VPOS="272" WIDTH="39" HEIGHT="22" WC="0.95" CONTENT="bra"/><SP WIDTH="22" VPOS="272" HPOS="315"/>
							<String ID="string_43" HPOS="337" VPOS="272" WIDTH="86" HEIGHT="28" WC="0.93" CONTENT="mycket"/><SP WIDTH="21" VPOS="272" HPOS="423"/>
							<String ID="string_44" HPOS="444" VPOS="272" WIDTH="87" HEIGHT="22" WC="0.91" CONTENT="kortare"/><SP WIDTH="19" VPOS="272" HPOS="531"/>
							<String ID="string_45" HPOS="550" VPOS="272" WIDTH="32" HEIGHT="22" WC="0.96" CONTENT="tid"/><SP WIDTH="15" VPOS="272" HPOS="582"/>
							<String ID="string_46" HPOS="597" VPOS="271" WIDTH="23" HEIGHT="23" WC="0.93" CONTENT="af"/><SP WIDTH="14" VPOS="271" HPOS="620"/>
							<String ID="string_47" HPOS="634" VPOS="272" WIDTH="154" HEIGHT="28" WC="0.91" CONTENT="depreciation,"/><SP WIDTH="15" VPOS="272" HPOS="788"/>
							<String ID="string_48" HPOS="803" VPOS="278" WIDTH="50" HEIGHT="16" WC="0.93" CONTENT="men"/><SP WIDTH="14" VPOS="278" HPOS="853"/>
							<String ID="string_49" HPOS="867" VPOS="271" WIDTH="87" HEIGHT="23" WC="0.91" CONTENT="framför"/><SP WIDTH="15" VPOS="271" HPOS="954"/>
							<String ID="string_50" HPOS="969" VPOS="272" WIDTH="44" HEIGHT="26" WC="0.96" CONTENT="allt,"/><SP WIDTH="16" VPOS="272" HPOS="1013"/>
							<String ID="string_51" HPOS="1029" VPOS="272" WIDTH="21" HEIGHT="21" WC="0.97" CONTENT="vi"/>
						</TextLine>
						<TextLine ID="line_5" HPOS="225" VPOS="300" WIDTH="825" HEIGHT="29">
							<String ID="string_52" HPOS="225" VPOS="300" WIDTH="64" HEIGHT="24" WC="0.96" CONTENT="hafva"/><SP WIDTH="14" VPOS="300" HPOS="289"/>
							<String ID="string_53" HPOS="303" VPOS="301" WIDTH="33" HEIGHT="21" WC="0.90" CONTENT="att"/><SP WIDTH="12" VPOS="301" HPOS="336"/>
							<String ID="string_54" HPOS="348" VPOS="302" WIDTH="55" HEIGHT="26" WC="0.96" CONTENT="göra"/><SP WIDTH="14" VPOS="302" HPOS="403"/>
							<String ID="string_55" HPOS="417" VPOS="301" WIDTH="50" HEIGHT="22" WC="0.95" CONTENT="med"/><SP WIDTH="14" VPOS="301" HPOS="467"/>
							<String ID="string_56" HPOS="481" VPOS="307" WIDTH="28" HEIGHT="16" WC="0.86" CONTENT="em"/><SP WIDTH="13" VPOS="307" HPOS="509"/>
							<String ID="string_57" HPOS="522" VPOS="301" WIDTH="77" HEIGHT="28" WC="0.95" CONTENT="period"/><SP WIDTH="14" VPOS="301" HPOS="599"/>
							<String ID="string_58" HPOS="613" VPOS="300" WIDTH="23" HEIGHT="23" WC="0.93" CONTENT="ai"/><SP WIDTH="14" VPOS="300" HPOS="636"/>
							<String ID="string_59" HPOS="650" VPOS="301" WIDTH="155" HEIGHT="27" WC="0.93" CONTENT="depreciation,"/><SP WIDTH="16" VPOS="301" HPOS="805"/>
							<String ID="string_60" HPOS="821" VPOS="301" WIDTH="40" HEIGHT="22" WC="0.93" CONTENT="der"/><SP WIDTH="14" VPOS="301" HPOS="861"/>
							<String ID="string_61" HPOS="875" VPOS="300" WIDTH="175" HEIGHT="28" WC="0.92" CONTENT="depreciationen"/>
						</TextLine>
						<TextLine ID="line_6" HPOS="227" VPOS="329" WIDTH="823" HEIGHT="28">
							<String ID="string_62" HPOS="227" VPOS="329" WIDTH="49" HEIGHT="23" WC="0.91" CONTENT="icke"/><SP WIDTH="17" VPOS="329" HPOS="276"/>
							<String ID="string_63" HPOS="293" VPOS="336" WIDTH="39" HEIGHT="15" WC="0.93" CONTENT="var"/><SP WIDTH="18" VPOS="336" HPOS="332"/>
							<String ID="string_64" HPOS="350" VPOS="329" WIDTH="78" HEIGHT="28" WC="0.92" CONTENT="stadig,"/><SP WIDTH="19" VPOS="329" HPOS="428"/>
							<String ID="string_65" HPOS="447" VPOS="330" WIDTH="48" HEIGHT="22" WC="0.93" CONTENT="icke"/><SP WIDTH="19" VPOS="330" HPOS="495"/>
							<String ID="string_66" HPOS="514" VPOS="336" WIDTH="38" HEIGHT="16" WC="0.93" CONTENT="var"/><SP WIDTH="14" VPOS="336" HPOS="552"/>
							<String ID="string_67" HPOS="566" VPOS="330" WIDTH="72" HEIGHT="26" WC="0.92" CONTENT="stabil,"/><SP WIDTH="22" VPOS="330" HPOS="638"/>
							<String ID="string_68" HPOS="660" VPOS="330" WIDTH="37" HEIGHT="21" WC="0.93" CONTENT="der"/><SP WIDTH="19" VPOS="330" HPOS="697"/>
							<String ID="string_69" HPOS="716" VPOS="329" WIDTH="145" HEIGHT="28" WC="0.92" CONTENT="silfverpriset"/><SP WIDTH="22" VPOS="329" HPOS="861"/>
							<String ID="string_70" HPOS="883" VPOS="330" WIDTH="101" HEIGHT="22" WC="0.92" CONTENT="kastades"/><SP WIDTH="23" VPOS="330" HPOS="984"/>
							<String ID="string_71" HPOS="1007" VPOS="336" WIDTH="43" HEIGHT="21" WC="0.96" CONTENT="upp"/>
						</TextLine>
						<TextLine ID="line_7" HPOS="227" VPOS="358" WIDTH="825" HEIGHT="28">
							<String ID="string_72" HPOS="227" VPOS="358" WIDTH="41" HEIGHT="23" WC="0.93" CONTENT="och"/><SP WIDTH="18" VPOS="358" HPOS="268"/>
							<String ID="string_73" HPOS="286" VPOS="358" WIDTH="47" HEIGHT="22" WC="0.96" CONTENT="åter"/><SP WIDTH="14" VPOS="358" HPOS="333"/>
							<String ID="string_74" HPOS="347" VPOS="358" WIDTH="90" HEIGHT="23" WC="0.92" CONTENT="tillbaka"/><SP WIDTH="14" VPOS="358" HPOS="437"/>
							<String ID="string_75" HPOS="451" VPOS="358" WIDTH="50" HEIGHT="23" WC="0.96" CONTENT="med"/><SP WIDTH="15" VPOS="358" HPOS="501"/>
							<String ID="string_76" HPOS="516" VPOS="365" WIDTH="26" HEIGHT="15" WC="0.93" CONTENT="en"/><SP WIDTH="16" VPOS="365" HPOS="542"/>
							<String ID="string_77" HPOS="558" VPOS="358" WIDTH="68" HEIGHT="22" WC="0.96" CONTENT="sådan"/><SP WIDTH="15" VPOS="358" HPOS="626"/>
							<String ID="string_78" HPOS="641" VPOS="358" WIDTH="112" HEIGHT="28" WC="0.95" CONTENT="hastighet"/><SP WIDTH="14" VPOS="358" HPOS="753"/>
							<String ID="string_79" HPOS="767" VPOS="360" WIDTH="34" HEIGHT="20" WC="0.96" CONTENT="att"/><SP WIDTH="14" VPOS="360" HPOS="801"/>
							<String ID="string_80" HPOS="815" VPOS="359" WIDTH="64" HEIGHT="27" WC="0.93" CONTENT="ingen"/><SP WIDTH="16" VPOS="359" HPOS="879"/>
							<String ID="string_81" HPOS="895" VPOS="358" WIDTH="113" HEIGHT="25" WC="0.96" CONTENT="affärsman"/><SP WIDTH="15" VPOS="358" HPOS="1008"/>
							<String ID="string_82" HPOS="1023" VPOS="359" WIDTH="29" HEIGHT="27" WC="0.96" CONTENT="pä"/>
						</TextLine>
						<TextLine ID="line_8" HPOS="228" VPOS="387" WIDTH="823" HEIGHT="28">
							<String ID="string_83" HPOS="228" VPOS="387" WIDTH="65" HEIGHT="22" WC="0.87" CONTENT="dessa"/><SP WIDTH="21" VPOS="387" HPOS="293"/>
							<String ID="string_84" HPOS="314" VPOS="387" WIDTH="126" HEIGHT="28" WC="0.91" CONTENT="kastningar"/><SP WIDTH="21" VPOS="387" HPOS="440"/>
							<String ID="string_85" HPOS="461" VPOS="387" WIDTH="72" HEIGHT="23" WC="0.93" CONTENT="kunde"/><SP WIDTH="21" VPOS="387" HPOS="533"/>
							<String ID="string_86" HPOS="554" VPOS="387" WIDTH="84" HEIGHT="28" WC="0.96" CONTENT="grunda"/><SP WIDTH="22" VPOS="387" HPOS="638"/>
							<String ID="string_87" HPOS="660" VPOS="394" WIDTH="26" HEIGHT="15" WC="0.93" CONTENT="en"/><SP WIDTH="22" VPOS="394" HPOS="686"/>
							<String ID="string_88" HPOS="708" VPOS="388" WIDTH="145" HEIGHT="26" WC="0.95" CONTENT="spekulation."/><SP WIDTH="31" VPOS="388" HPOS="853"/>
							<String ID="string_89" HPOS="884" VPOS="388" WIDTH="42" HEIGHT="26" WC="0.90" CONTENT="Jag"/><SP WIDTH="22" VPOS="388" HPOS="926"/>
							<String ID="string_90" HPOS="948" VPOS="389" WIDTH="45" HEIGHT="20" WC="0.95" CONTENT="tror"/><SP WIDTH="14" VPOS="389" HPOS="993"/>
							<String ID="string_91" HPOS="1007" VPOS="387" WIDTH="44" HEIGHT="27" WC="0.95" CONTENT="mig"/>
						</TextLine>
						<TextLine ID="line_9" HPOS="228" VPOS="416" WIDTH="824" HEIGHT="29">
							<String ID="string_92" HPOS="228" VPOS="416" WIDTH="48" HEIGHT="23" WC="0.92" CONTENT="icke"/><SP WIDTH="14" VPOS="416" HPOS="276"/>
							<String ID="string_93" HPOS="290" VPOS="416" WIDTH="71" HEIGHT="23" WC="0.93" CONTENT="uttala"/><SP WIDTH="14" VPOS="416" HPOS="361"/>
							<String ID="string_94" HPOS="375" VPOS="416" WIDTH="32" HEIGHT="23" WC="0.96" CONTENT="för"/><SP WIDTH="15" VPOS="416" HPOS="407"/>
							<String ID="string_95" HPOS="422" VPOS="417" WIDTH="86" HEIGHT="28" WC="0.96" CONTENT="mycket"/><SP WIDTH="15" VPOS="417" HPOS="508"/>
							<String ID="string_96" HPOS="523" VPOS="423" WIDTH="33" HEIGHT="16" WC="0.96" CONTENT="om"/><SP WIDTH="12" VPOS="423" HPOS="556"/>
							<String ID="string_97" HPOS="568" VPOS="416" WIDTH="38" HEIGHT="29" WC="0.96" CONTENT="jag"/><SP WIDTH="16" VPOS="416" HPOS="606"/>
							<String ID="string_98" HPOS="622" VPOS="418" WIDTH="63" HEIGHT="26" WC="0.96" CONTENT="säger"/><SP WIDTH="14" VPOS="418" HPOS="685"/>
							<String ID="string_99" HPOS="699" VPOS="418" WIDTH="34" HEIGHT="20" WC="0.93" CONTENT="att"/><SP WIDTH="15" VPOS="418" HPOS="733"/>
							<String ID="string_100" HPOS="748" VPOS="416" WIDTH="57" HEIGHT="23" WC="0.93" CONTENT="intet"/><SP WIDTH="14" VPOS="416" HPOS="805"/>
							<String ID="string_101" HPOS="819" VPOS="416" WIDTH="84" HEIGHT="28" WC="0.96" CONTENT="företag"/><SP WIDTH="9" VPOS="416" HPOS="903"/>
							<String ID="string_102" HPOS="912" VPOS="416" WIDTH="39" HEIGHT="23" WC="0.94" CONTENT="här"/><SP WIDTH="9" VPOS="416" HPOS="951"/>
							<String ID="string_103" HPOS="960" VPOS="416" WIDTH="8" HEIGHT="22" WC="0.94" CONTENT="i"/><SP WIDTH="10" VPOS="416" HPOS="968"/>
							<String ID="string_104" HPOS="978" VPOS="416" WIDTH="74" HEIGHT="22" WC="0.95" CONTENT="landet"/>
						</TextLine>
						<TextLine ID="line_10" HPOS="227" VPOS="445" WIDTH="823" HEIGHT="28">
							<String ID="string_105" HPOS="227" VPOS="445" WIDTH="91" HEIGHT="22" WC="0.96" CONTENT="kommit"/><SP WIDTH="21" VPOS="445" HPOS="318"/>
							<String ID="string_106" HPOS="339" VPOS="445" WIDTH="33" HEIGHT="22" WC="0.93" CONTENT="till"/><SP WIDTH="15" VPOS="445" HPOS="372"/>
							<String ID="string_107" HPOS="387" VPOS="446" WIDTH="64" HEIGHT="22" WC="0.93" CONTENT="ständ"/><SP WIDTH="14" VPOS="446" HPOS="451"/>
							<String ID="string_108" HPOS="465" VPOS="445" WIDTH="70" HEIGHT="23" WC="0.96" CONTENT="under"/><SP WIDTH="14" VPOS="445" HPOS="535"/>
							<String ID="string_109" HPOS="549" VPOS="446" WIDTH="69" HEIGHT="22" WC="0.96" CONTENT="denna"/><SP WIDTH="14" VPOS="446" HPOS="618"/>
							<String ID="string_110" HPOS="632" VPOS="445" WIDTH="76" HEIGHT="28" WC="0.93" CONTENT="period"/><SP WIDTH="15" VPOS="445" HPOS="708"/>
							<String ID="string_111" HPOS="723" VPOS="446" WIDTH="110" HEIGHT="27" WC="0.93" CONTENT="grundadt"/><SP WIDTH="14" VPOS="446" HPOS="833"/>
							<String ID="string_112" HPOS="847" VPOS="446" WIDTH="28" HEIGHT="27" WC="0.93" CONTENT="pä"/><SP WIDTH="16" VPOS="446" HPOS="875"/>
							<String ID="string_113" HPOS="891" VPOS="445" WIDTH="159" HEIGHT="22" WC="0.92" CONTENT="silfvervärdets"/>
						</TextLine>
						<TextLine ID="line_11" HPOS="226" VPOS="473" WIDTH="826" HEIGHT="29">
							<String ID="string_114" HPOS="226" VPOS="473" WIDTH="44" HEIGHT="23" WC="0.83" CONTENT="fall."/><SP WIDTH="30" VPOS="473" HPOS="270"/>
							<String ID="string_115" HPOS="300" VPOS="475" WIDTH="43" HEIGHT="26" WC="0.92" CONTENT="Jag"/><SP WIDTH="19" VPOS="475" HPOS="343"/>
							<String ID="string_116" HPOS="362" VPOS="476" WIDTH="45" HEIGHT="21" WC="0.97" CONTENT="tror"/><SP WIDTH="20" VPOS="476" HPOS="407"/>
							<String ID="string_117" HPOS="427" VPOS="474" WIDTH="44" HEIGHT="28" WC="0.93" CONTENT="mig"/><SP WIDTH="18" VPOS="474" HPOS="471"/>
							<String ID="string_118" HPOS="489" VPOS="475" WIDTH="48" HEIGHT="22" WC="0.96" CONTENT="icke"/><SP WIDTH="19" VPOS="475" HPOS="537"/>
							<String ID="string_119" HPOS="556" VPOS="477" WIDTH="54" HEIGHT="25" WC="0.96" CONTENT="säga"/><SP WIDTH="14" VPOS="477" HPOS="610"/>
							<String ID="string_120" HPOS="624" VPOS="474" WIDTH="33" HEIGHT="22" WC="0.96" CONTENT="för"/><SP WIDTH="14" VPOS="474" HPOS="657"/>
							<String ID="string_121" HPOS="671" VPOS="474" WIDTH="88" HEIGHT="28" WC="0.96" CONTENT="mycket"/><SP WIDTH="15" VPOS="474" HPOS="759"/>
							<String ID="string_122" HPOS="774" VPOS="476" WIDTH="33" HEIGHT="20" WC="0.95" CONTENT="att"/><SP WIDTH="14" VPOS="476" HPOS="807"/>
							<String ID="string_123" HPOS="821" VPOS="481" WIDTH="50" HEIGHT="16" WC="0.96" CONTENT="man"/><SP WIDTH="14" VPOS="481" HPOS="871"/>
							<String ID="string_124" HPOS="885" VPOS="476" WIDTH="39" HEIGHT="26" WC="0.93" CONTENT="gör"/><SP WIDTH="14" VPOS="476" HPOS="924"/>
							<String ID="string_125" HPOS="938" VPOS="475" WIDTH="56" HEIGHT="21" WC="0.96" CONTENT="hvad"/><SP WIDTH="16" VPOS="475" HPOS="994"/>
							<String ID="string_126" HPOS="1010" VPOS="474" WIDTH="42" HEIGHT="22" WC="0.96" CONTENT="alla"/>
						</TextLine>
						<TextLine ID="line_12" HPOS="227" VPOS="502" WIDTH="825" HEIGHT="29">
							<String ID="string_127" HPOS="227" VPOS="502" WIDTH="77" HEIGHT="29" WC="0.91" CONTENT="äsyfta,"/><SP WIDTH="20" VPOS="502" HPOS="304"/>
							<String ID="string_128" HPOS="324" VPOS="503" WIDTH="57" HEIGHT="22" WC="0.92" CONTENT="hvad"/><SP WIDTH="20" VPOS="503" HPOS="381"/>
							<String ID="string_129" HPOS="401" VPOS="503" WIDTH="42" HEIGHT="22" WC="0.97" CONTENT="alla"/><SP WIDTH="20" VPOS="503" HPOS="443"/>
							<String ID="string_130" HPOS="463" VPOS="503" WIDTH="56" HEIGHT="28" WC="0.96" CONTENT="vilja,"/><SP WIDTH="20" VPOS="503" HPOS="519"/>
							<String ID="string_131" HPOS="539" VPOS="503" WIDTH="28" HEIGHT="22" WC="0.96" CONTENT="dä"/><SP WIDTH="15" VPOS="503" HPOS="567"/>
							<String ID="string_132" HPOS="582" VPOS="510" WIDTH="49" HEIGHT="15" WC="0.96" CONTENT="man"/><SP WIDTH="15" VPOS="510" HPOS="631"/>
							<String ID="string_133" HPOS="646" VPOS="505" WIDTH="38" HEIGHT="26" WC="0.96" CONTENT="gör"/><SP WIDTH="14" VPOS="505" HPOS="684"/>
							<String ID="string_134" HPOS="698" VPOS="505" WIDTH="34" HEIGHT="20" WC="0.97" CONTENT="ett"/><SP WIDTH="15" VPOS="505" HPOS="732"/>
							<String ID="string_135" HPOS="747" VPOS="503" WIDTH="46" HEIGHT="22" WC="0.96" CONTENT="slut"/><SP WIDTH="14" VPOS="503" HPOS="793"/>
							<String ID="string_136" HPOS="807" VPOS="503" WIDTH="29" HEIGHT="28" WC="0.96" CONTENT="pä"/><SP WIDTH="15" VPOS="503" HPOS="836"/>
							<String ID="string_137" HPOS="851" VPOS="504" WIDTH="69" HEIGHT="21" WC="0.93" CONTENT="denna"/><SP WIDTH="15" VPOS="504" HPOS="920"/>
							<String ID="string_138" HPOS="935" VPOS="503" WIDTH="117" HEIGHT="22" WC="0.92" CONTENT="osäkerhet"/>
						</TextLine>
						<TextLine ID="line_13" HPOS="227" VPOS="532" WIDTH="825" HEIGHT="27">
							<String ID="string_139" HPOS="227" VPOS="532" WIDTH="32" HEIGHT="21" WC="0.96" CONTENT="till"/><SP WIDTH="17" VPOS="532" HPOS="259"/>
							<String ID="string_140" HPOS="276" VPOS="532" WIDTH="41" HEIGHT="22" WC="0.96" CONTENT="och"/><SP WIDTH="14" VPOS="532" HPOS="317"/>
							<String ID="string_141" HPOS="331" VPOS="532" WIDTH="50" HEIGHT="22" WC="0.96" CONTENT="med"/><SP WIDTH="15" VPOS="532" HPOS="381"/>
							<String ID="string_142" HPOS="396" VPOS="538" WIDTH="35" HEIGHT="16" WC="0.96" CONTENT="om"/><SP WIDTH="16" VPOS="538" HPOS="431"/>
							<String ID="string_143" HPOS="447" VPOS="532" WIDTH="37" HEIGHT="22" WC="0.93" CONTENT="det"/><SP WIDTH="13" VPOS="532" HPOS="484"/>
							<String ID="string_144" HPOS="497" VPOS="539" WIDTH="58" HEIGHT="20" WC="0.95" CONTENT="vore,"/><SP WIDTH="17" VPOS="539" HPOS="555"/>
							<String ID="string_145" HPOS="572" VPOS="532" WIDTH="72" HEIGHT="22" WC="0.93" CONTENT="såsom"/><SP WIDTH="15" VPOS="532" HPOS="644"/>
							<String ID="string_146" HPOS="659" VPOS="532" WIDTH="97" HEIGHT="22" WC="0.92" CONTENT="komitén"/><SP WIDTH="15" VPOS="532" HPOS="756"/>
							<String ID="string_147" HPOS="771" VPOS="532" WIDTH="118" HEIGHT="27" WC="0.96" CONTENT="föreslagit,"/><SP WIDTH="16" VPOS="532" HPOS="889"/>
							<String ID="string_148" HPOS="905" VPOS="539" WIDTH="26" HEIGHT="15" WC="0.93" CONTENT="en"/><SP WIDTH="15" VPOS="539" HPOS="931"/>
							<String ID="string_149" HPOS="946" VPOS="532" WIDTH="106" HEIGHT="27" WC="0.96" CONTENT="återgång"/>
						</TextLine>
						<TextLine ID="line_14" HPOS="227" VPOS="561" WIDTH="825" HEIGHT="28">
							<String ID="string_150" HPOS="227" VPOS="561" WIDTH="33" HEIGHT="21" WC="0.95" CONTENT="till"/><SP WIDTH="23" VPOS="561" HPOS="260"/>
							<String ID="string_151" HPOS="283" VPOS="561" WIDTH="38" HEIGHT="22" WC="0.96" CONTENT="det"/><SP WIDTH="21" VPOS="561" HPOS="321"/>
							<String ID="string_152" HPOS="342" VPOS="561" WIDTH="71" HEIGHT="27" WC="0.93" CONTENT="gamla"/><SP WIDTH="21" VPOS="561" HPOS="413"/>
							<String ID="string_153" HPOS="434" VPOS="561" WIDTH="210" HEIGHT="22" WC="0.92" CONTENT="värdeförhällandet"/><SP WIDTH="22" VPOS="561" HPOS="644"/>
							<String ID="string_154" HPOS="666" VPOS="561" WIDTH="91" HEIGHT="22" WC="0.92" CONTENT="emellan"/><SP WIDTH="22" VPOS="561" HPOS="757"/>
							<String ID="string_155" HPOS="779" VPOS="561" WIDTH="52" HEIGHT="28" WC="0.96" CONTENT="guld"/><SP WIDTH="14" VPOS="561" HPOS="831"/>
							<String ID="string_156" HPOS="845" VPOS="561" WIDTH="42" HEIGHT="22" WC="0.93" CONTENT="och"/><SP WIDTH="15" VPOS="561" HPOS="887"/>
							<String ID="string_157" HPOS="902" VPOS="561" WIDTH="77" HEIGHT="22" WC="0.93" CONTENT="silfver."/><SP WIDTH="30" VPOS="561" HPOS="979"/>
							<String ID="string_158" HPOS="1009" VPOS="561" WIDTH="43" HEIGHT="27" WC="0.96" CONTENT="Jag"/>
						</TextLine>
						<TextLine ID="line_15" HPOS="227" VPOS="589" WIDTH="825" HEIGHT="28">
							<String ID="string_159" HPOS="227" VPOS="589" WIDTH="37" HEIGHT="22" WC="0.93" CONTENT="vill"/><SP WIDTH="22" VPOS="589" HPOS="264"/>
							<String ID="string_160" HPOS="286" VPOS="589" WIDTH="48" HEIGHT="22" WC="0.95" CONTENT="icke"/><SP WIDTH="22" VPOS="589" HPOS="334"/>
							<String ID="string_161" HPOS="356" VPOS="589" WIDTH="89" HEIGHT="23" WC="0.96" CONTENT="förneka"/><SP WIDTH="22" VPOS="589" HPOS="445"/>
							<String ID="string_162" HPOS="467" VPOS="591" WIDTH="34" HEIGHT="21" WC="0.93" CONTENT="att"/><SP WIDTH="13" VPOS="591" HPOS="501"/>
							<String ID="string_163" HPOS="514" VPOS="590" WIDTH="48" HEIGHT="22" WC="0.92" CONTENT="icke"/><SP WIDTH="15" VPOS="590" HPOS="562"/>
							<String ID="string_164" HPOS="577" VPOS="590" WIDTH="152" HEIGHT="27" WC="0.92" CONTENT="silfverprisets"/><SP WIDTH="16" VPOS="590" HPOS="729"/>
							<String ID="string_165" HPOS="745" VPOS="589" WIDTH="96" HEIGHT="24" WC="0.96" CONTENT="fallande"/><SP WIDTH="14" VPOS="589" HPOS="841"/>
							<String ID="string_166" HPOS="855" VPOS="590" WIDTH="40" HEIGHT="24" WC="0.93" CONTENT="har"/><SP WIDTH="14" VPOS="590" HPOS="895"/>
							<String ID="string_167" HPOS="909" VPOS="585" WIDTH="52" HEIGHT="37" WC="0.74" CONTENT="haft."/><SP WIDTH="8" VPOS="585" HPOS="961"/>
							<String ID="string_168" HPOS="969" VPOS="585" WIDTH="38" HEIGHT="37" WC="0.93" CONTENT="ett"/><SP WIDTH="11" VPOS="585" HPOS="1007"/>
							<String ID="string_169" HPOS="1018" VPOS="590" WIDTH="34" HEIGHT="22" WC="0.92" CONTENT="in-"/>
						</TextLine>
						<TextLine ID="line_16" HPOS="222" VPOS="613" WIDTH="829" HEIGHT="59">
							<String ID="string_170" HPOS="222" VPOS="613" WIDTH="74" HEIGHT="59" WC="0.59" CONTENT="Avan"/><SP WIDTH="13" VPOS="613" HPOS="296"/>
							<String ID="string_171" HPOS="309" VPOS="625" WIDTH="27" HEIGHT="20" WC="0.61" CONTENT="e."/><SP WIDTH="4" VPOS="625" HPOS="336"/>
							<String ID="string_172" HPOS="340" VPOS="619" WIDTH="36" HEIGHT="28" WC="0.61" CONTENT="pä"/><SP WIDTH="17" VPOS="619" HPOS="376"/>
							<String ID="string_173" HPOS="393" VPOS="618" WIDTH="211" HEIGHT="25" WC="0.84" CONTENT="värdeförhällandet"/><SP WIDTH="20" VPOS="618" HPOS="604"/>
							<String ID="string_174" HPOS="624" VPOS="619" WIDTH="8" HEIGHT="22" WC="0.96" CONTENT="i"/><SP WIDTH="21" VPOS="619" HPOS="632"/>
							<String ID="string_175" HPOS="653" VPOS="618" WIDTH="80" HEIGHT="23" WC="0.95" CONTENT="landet."/><SP WIDTH="30" VPOS="618" HPOS="733"/>
							<String ID="string_176" HPOS="763" VPOS="619" WIDTH="43" HEIGHT="28" WC="0.96" CONTENT="Jag"/><SP WIDTH="18" VPOS="619" HPOS="806"/>
							<String ID="string_177" HPOS="824" VPOS="619" WIDTH="51" HEIGHT="22" WC="0.96" CONTENT="kom"/><SP WIDTH="15" VPOS="619" HPOS="875"/>
							<String ID="string_178" HPOS="890" VPOS="619" WIDTH="55" HEIGHT="22" WC="0.96" CONTENT="dock"/><SP WIDTH="15" VPOS="619" HPOS="945"/>
							<String ID="string_179" HPOS="960" VPOS="617" WIDTH="33" HEIGHT="24" WC="0.96" CONTENT="för"/><SP WIDTH="14" VPOS="617" HPOS="993"/>
							<String ID="string_180" HPOS="1007" VPOS="619" WIDTH="44" HEIGHT="21" WC="0.97" CONTENT="min"/>
						</TextLine>
						<TextLine ID="line_17" HPOS="228" VPOS="647" WIDTH="823" HEIGHT="28">
							<String ID="string_181" HPOS="228" VPOS="647" WIDTH="28" HEIGHT="22" WC="0.95" CONTENT="del"/><SP WIDTH="28" VPOS="647" HPOS="256"/>
							<String ID="string_182" HPOS="284" VPOS="647" WIDTH="18" HEIGHT="22" WC="0.95" CONTENT="till"/><SP WIDTH="36" VPOS="647" HPOS="302"/>
							<String ID="string_183" HPOS="338" VPOS="649" WIDTH="33" HEIGHT="20" WC="0.95" CONTENT="ett"/><SP WIDTH="13" VPOS="649" HPOS="371"/>
							<String ID="string_184" HPOS="384" VPOS="647" WIDTH="93" HEIGHT="23" WC="0.96" CONTENT="resultat"/><SP WIDTH="14" VPOS="647" HPOS="477"/>
							<String ID="string_185" HPOS="491" VPOS="648" WIDTH="36" HEIGHT="22" WC="0.93" CONTENT="vid"/><SP WIDTH="13" VPOS="648" HPOS="527"/>
							<String ID="string_186" HPOS="540" VPOS="647" WIDTH="100" HEIGHT="28" WC="0.92" CONTENT="pröfning"/><SP WIDTH="14" VPOS="647" HPOS="640"/>
							<String ID="string_187" HPOS="654" VPOS="647" WIDTH="24" HEIGHT="22" WC="0.96" CONTENT="af"/><SP WIDTH="12" VPOS="647" HPOS="678"/>
							<String ID="string_188" HPOS="690" VPOS="647" WIDTH="101" HEIGHT="22" WC="0.96" CONTENT="markens"/><SP WIDTH="15" VPOS="647" HPOS="791"/>
							<String ID="string_189" HPOS="806" VPOS="648" WIDTH="66" HEIGHT="22" WC="0.96" CONTENT="värde"/><SP WIDTH="14" VPOS="648" HPOS="872"/>
							<String ID="string_190" HPOS="886" VPOS="648" WIDTH="8" HEIGHT="21" WC="0.96" CONTENT="i"/><SP WIDTH="14" VPOS="648" HPOS="894"/>
							<String ID="string_191" HPOS="908" VPOS="647" WIDTH="80" HEIGHT="27" WC="0.96" CONTENT="landet,"/><SP WIDTH="17" VPOS="647" HPOS="988"/>
							<String ID="string_192" HPOS="1005" VPOS="654" WIDTH="46" HEIGHT="15" WC="0.96" CONTENT="som"/>
						</TextLine>
						<TextLine ID="line_18" HPOS="226" VPOS="675" WIDTH="824" HEIGHT="29">
							<String ID="string_193" HPOS="226" VPOS="675" WIDTH="26" HEIGHT="22" WC="0.96" CONTENT="så"/><SP WIDTH="19" VPOS="675" HPOS="252"/>
							<String ID="string_194" HPOS="271" VPOS="678" WIDTH="53" HEIGHT="20" WC="0.93" CONTENT="nära"/><SP WIDTH="14" VPOS="678" HPOS="324"/>
							<String ID="string_195" HPOS="338" VPOS="676" WIDTH="201" HEIGHT="23" WC="0.91" CONTENT="öfverensstämmer"/><SP WIDTH="13" VPOS="676" HPOS="539"/>
							<String ID="string_196" HPOS="552" VPOS="676" WIDTH="50" HEIGHT="22" WC="0.96" CONTENT="med"/><SP WIDTH="15" VPOS="676" HPOS="602"/>
							<String ID="string_197" HPOS="617" VPOS="677" WIDTH="41" HEIGHT="21" WC="0.96" CONTENT="den"/><SP WIDTH="10" VPOS="677" HPOS="658"/>
							<String ID="string_198" HPOS="668" VPOS="676" WIDTH="123" HEIGHT="28" WC="0.93" CONTENT="föreslagna"/><SP WIDTH="9" VPOS="676" HPOS="791"/>
							<String ID="string_199" HPOS="800" VPOS="677" WIDTH="250" HEIGHT="27" WC="0.91" CONTENT="konverteringskursen,"/>
						</TextLine>
						<TextLine ID="line_19" HPOS="227" VPOS="705" WIDTH="825" HEIGHT="28">
							<String ID="string_200" HPOS="227" VPOS="706" WIDTH="34" HEIGHT="20" WC="0.96" CONTENT="att"/><SP WIDTH="16" VPOS="706" HPOS="261"/>
							<String ID="string_201" HPOS="277" VPOS="705" WIDTH="39" HEIGHT="28" WC="0.96" CONTENT="jag"/><SP WIDTH="18" VPOS="705" HPOS="316"/>
							<String ID="string_202" HPOS="334" VPOS="705" WIDTH="48" HEIGHT="22" WC="0.96" CONTENT="icke"/><SP WIDTH="19" VPOS="705" HPOS="382"/>
							<String ID="string_203" HPOS="401" VPOS="705" WIDTH="69" HEIGHT="28" WC="0.96" CONTENT="ansåg"/><SP WIDTH="18" VPOS="705" HPOS="470"/>
							<String ID="string_204" HPOS="488" VPOS="705" WIDTH="43" HEIGHT="28" WC="0.96" CONTENT="mig"/><SP WIDTH="13" VPOS="705" HPOS="531"/>
							<String ID="string_205" HPOS="544" VPOS="706" WIDTH="54" HEIGHT="22" WC="0.96" CONTENT="böra"/><SP WIDTH="15" VPOS="706" HPOS="598"/>
							<String ID="string_206" HPOS="613" VPOS="705" WIDTH="58" HEIGHT="22" WC="0.96" CONTENT="fästa"/><SP WIDTH="14" VPOS="705" HPOS="671"/>
							<String ID="string_207" HPOS="685" VPOS="705" WIDTH="67" HEIGHT="28" WC="0.96" CONTENT="något"/><SP WIDTH="16" VPOS="705" HPOS="752"/>
							<String ID="string_208" HPOS="768" VPOS="705" WIDTH="102" HEIGHT="22" WC="0.96" CONTENT="afseende"/><SP WIDTH="14" VPOS="705" HPOS="870"/>
							<String ID="string_209" HPOS="884" VPOS="705" WIDTH="36" HEIGHT="22" WC="0.96" CONTENT="vid"/><SP WIDTH="16" VPOS="705" HPOS="920"/>
							<String ID="string_210" HPOS="936" VPOS="706" WIDTH="41" HEIGHT="21" WC="0.96" CONTENT="den"/><SP WIDTH="15" VPOS="706" HPOS="977"/>
							<String ID="string_211" HPOS="992" VPOS="705" WIDTH="60" HEIGHT="28" WC="0.96" CONTENT="ringa"/>
						</TextLine>
						<TextLine ID="line_20" HPOS="229" VPOS="733" WIDTH="823" HEIGHT="29">
							<String ID="string_212" HPOS="229" VPOS="733" WIDTH="119" HEIGHT="28" WC="0.92" CONTENT="skilnaden,"/><SP WIDTH="21" VPOS="733" HPOS="348"/>
							<String ID="string_213" HPOS="369" VPOS="734" WIDTH="125" HEIGHT="27" WC="0.91" CONTENT="isynnerhet"/><SP WIDTH="19" VPOS="734" HPOS="494"/>
							<String ID="string_214" HPOS="513" VPOS="736" WIDTH="39" HEIGHT="20" WC="0.96" CONTENT="när"/><SP WIDTH="17" VPOS="736" HPOS="552"/>
							<String ID="string_215" HPOS="569" VPOS="734" WIDTH="38" HEIGHT="28" WC="0.96" CONTENT="jag"/><SP WIDTH="15" VPOS="734" HPOS="607"/>
							<String ID="string_216" HPOS="622" VPOS="734" WIDTH="77" HEIGHT="22" WC="0.96" CONTENT="tänker"/><SP WIDTH="14" VPOS="734" HPOS="699"/>
							<String ID="string_217" HPOS="713" VPOS="735" WIDTH="60" HEIGHT="26" WC="0.96" CONTENT="uppå"/><SP WIDTH="15" VPOS="735" HPOS="773"/>
							<String ID="string_218" HPOS="788" VPOS="736" WIDTH="33" HEIGHT="21" WC="0.96" CONTENT="att"/><SP WIDTH="14" VPOS="736" HPOS="821"/>
							<String ID="string_219" HPOS="835" VPOS="735" WIDTH="38" HEIGHT="21" WC="0.93" CONTENT="vår"/><SP WIDTH="15" VPOS="735" HPOS="873"/>
							<String ID="string_220" HPOS="888" VPOS="734" WIDTH="100" HEIGHT="28" WC="0.91" CONTENT="myntlag,"/><SP WIDTH="17" VPOS="734" HPOS="988"/>
							<String ID="string_221" HPOS="1005" VPOS="741" WIDTH="47" HEIGHT="15" WC="0.96" CONTENT="som"/>
						</TextLine>
						<TextLine ID="line_21" HPOS="227" VPOS="762" WIDTH="825" HEIGHT="29">
							<String ID="string_222" HPOS="227" VPOS="762" WIDTH="115" HEIGHT="22" WC="0.86" CONTENT="bestämde"/><SP WIDTH="21" VPOS="762" HPOS="342"/>
							<String ID="string_223" HPOS="363" VPOS="762" WIDTH="70" HEIGHT="23" WC="0.92" CONTENT="silfret"/><SP WIDTH="21" VPOS="762" HPOS="433"/>
							<String ID="string_224" HPOS="454" VPOS="763" WIDTH="33" HEIGHT="22" WC="0.96" CONTENT="till"/><SP WIDTH="21" VPOS="763" HPOS="487"/>
							<String ID="string_225" HPOS="508" VPOS="763" WIDTH="149" HEIGHT="22" WC="0.96" CONTENT="värdemätare"/><SP WIDTH="22" VPOS="763" HPOS="657"/>
							<String ID="string_226" HPOS="679" VPOS="763" WIDTH="8" HEIGHT="22" WC="0.96" CONTENT="i"/><SP WIDTH="21" VPOS="763" HPOS="687"/>
							<String ID="string_227" HPOS="708" VPOS="763" WIDTH="83" HEIGHT="27" WC="0.96" CONTENT="landet,"/><SP WIDTH="19" VPOS="763" HPOS="791"/>
							<String ID="string_228" HPOS="810" VPOS="763" WIDTH="48" HEIGHT="22" WC="0.96" CONTENT="icke"/><SP WIDTH="15" VPOS="763" HPOS="858"/>
							<String ID="string_229" HPOS="873" VPOS="765" WIDTH="39" HEIGHT="25" WC="0.94" CONTENT="att,"/><SP WIDTH="16" VPOS="765" HPOS="912"/>
							<String ID="string_230" HPOS="928" VPOS="763" WIDTH="73" HEIGHT="22" WC="0.96" CONTENT="såsom"/><SP WIDTH="12" VPOS="763" HPOS="1001"/>
							<String ID="string_231" HPOS="1013" VPOS="763" WIDTH="39" HEIGHT="28" WC="0.96" CONTENT="jag"/>
						</TextLine>
						<TextLine ID="line_22" HPOS="226" VPOS="791" WIDTH="824" HEIGHT="28">
							<String ID="string_232" HPOS="226" VPOS="791" WIDTH="48" HEIGHT="22" WC="0.96" CONTENT="haft"/><SP WIDTH="22" VPOS="791" HPOS="274"/>
							<String ID="string_233" HPOS="296" VPOS="793" WIDTH="53" HEIGHT="20" WC="0.96" CONTENT="äran"/><SP WIDTH="21" VPOS="793" HPOS="349"/>
							<String ID="string_234" HPOS="370" VPOS="791" WIDTH="85" HEIGHT="28" WC="0.96" CONTENT="påpeka"/><SP WIDTH="21" VPOS="791" HPOS="455"/>
							<String ID="string_235" HPOS="476" VPOS="792" WIDTH="7" HEIGHT="21" WC="0.96" CONTENT="i"/><SP WIDTH="23" VPOS="792" HPOS="483"/>
							<String ID="string_236" HPOS="506" VPOS="791" WIDTH="150" HEIGHT="23" WC="0.96" CONTENT="diskussionen"/><SP WIDTH="22" VPOS="791" HPOS="656"/>
							<String ID="string_237" HPOS="678" VPOS="798" WIDTH="33" HEIGHT="15" WC="0.92" CONTENT="om"/><SP WIDTH="15" VPOS="798" HPOS="711"/>
							<String ID="string_238" HPOS="726" VPOS="792" WIDTH="184" HEIGHT="22" WC="0.92" CONTENT="Bankutskottets"/><SP WIDTH="15" VPOS="792" HPOS="910"/>
							<String ID="string_239" HPOS="925" VPOS="792" WIDTH="125" HEIGHT="26" WC="0.96" CONTENT="berättelse,"/>
						</TextLine>
						<TextLine ID="line_23" HPOS="228" VPOS="819" WIDTH="822" HEIGHT="29">
							<String ID="string_240" HPOS="228" VPOS="819" WIDTH="58" HEIGHT="28" WC="0.96" CONTENT="gifva"/><SP WIDTH="20" VPOS="819" HPOS="286"/>
							<String ID="string_241" HPOS="306" VPOS="820" WIDTH="50" HEIGHT="21" WC="0.93" CONTENT="vårt"/><SP WIDTH="20" VPOS="820" HPOS="356"/>
							<String ID="string_242" HPOS="376" VPOS="821" WIDTH="126" HEIGHT="27" WC="0.92" CONTENT="myntvärde"/><SP WIDTH="23" VPOS="821" HPOS="502"/>
							<String ID="string_243" HPOS="525" VPOS="827" WIDTH="25" HEIGHT="16" WC="0.96" CONTENT="en"/><SP WIDTH="22" VPOS="827" HPOS="550"/>
							<String ID="string_244" HPOS="572" VPOS="827" WIDTH="57" HEIGHT="21" WC="0.91" CONTENT="noga"/><SP WIDTH="15" VPOS="827" HPOS="629"/>
							<String ID="string_245" HPOS="644" VPOS="821" WIDTH="106" HEIGHT="21" WC="0.93" CONTENT="stabilitet"/><SP WIDTH="16" VPOS="821" HPOS="750"/>
							<String ID="string_246" HPOS="766" VPOS="821" WIDTH="20" HEIGHT="22" WC="0.93" CONTENT="d."/><SP WIDTH="16" VPOS="821" HPOS="786"/>
							<String ID="string_247" HPOS="802" VPOS="827" WIDTH="19" HEIGHT="15" WC="0.97" CONTENT="v."/><SP WIDTH="17" VPOS="827" HPOS="821"/>
							<String ID="string_248" HPOS="838" VPOS="827" WIDTH="17" HEIGHT="16" WC="0.97" CONTENT="s."/><SP WIDTH="16" VPOS="827" HPOS="855"/>
							<String ID="string_249" HPOS="871" VPOS="822" WIDTH="33" HEIGHT="21" WC="0.93" CONTENT="att"/><SP WIDTH="15" VPOS="822" HPOS="904"/>
							<String ID="string_250" HPOS="919" VPOS="821" WIDTH="131" HEIGHT="22" WC="0.92" CONTENT="bestämnin-"/>
						</TextLine>
						<TextLine ID="line_24" HPOS="228" VPOS="848" WIDTH="824" HEIGHT="29">
							<String ID="string_251" HPOS="228" VPOS="854" WIDTH="67" HEIGHT="21" WC="0.92" CONTENT="garne"/><SP WIDTH="15" VPOS="854" HPOS="295"/>
							<String ID="string_252" HPOS="310" VPOS="850" WIDTH="33" HEIGHT="21" WC="0.93" CONTENT="att"/><SP WIDTH="15" VPOS="850" HPOS="343"/>
							<String ID="string_253" HPOS="358" VPOS="848" WIDTH="160" HEIGHT="23" WC="0.92" CONTENT="silfvermarken"/><SP WIDTH="15" VPOS="848" HPOS="518"/>
							<String ID="string_254" HPOS="533" VPOS="851" WIDTH="23" HEIGHT="20" WC="0.96" CONTENT="är"/><SP WIDTH="14" VPOS="851" HPOS="556"/>
							<String ID="string_255" HPOS="570" VPOS="849" WIDTH="40" HEIGHT="22" WC="0.95" CONTENT="hos"/><SP WIDTH="16" VPOS="849" HPOS="610"/>
							<String ID="string_256" HPOS="626" VPOS="855" WIDTH="36" HEIGHT="16" WC="0.94" CONTENT="oss"/><SP WIDTH="15" VPOS="855" HPOS="662"/>
							<String ID="string_257" HPOS="677" VPOS="849" WIDTH="77" HEIGHT="28" WC="0.96" CONTENT="lagligt"/><SP WIDTH="14" VPOS="849" HPOS="754"/>
							<String ID="string_258" HPOS="768" VPOS="849" WIDTH="200" HEIGHT="28" WC="0.96" CONTENT="betalningsmedel,"/><SP WIDTH="8" VPOS="849" HPOS="968"/>
							<String ID="string_259" HPOS="976" VPOS="849" WIDTH="76" HEIGHT="22" WC="0.96" CONTENT="tillåtit"/>
						</TextLine>
						<TextLine ID="line_25" HPOS="228" VPOS="877" WIDTH="822" HEIGHT="29">
							<String ID="string_260" HPOS="228" VPOS="877" WIDTH="54" HEIGHT="22" WC="0.95" CONTENT="eller"/><SP WIDTH="21" VPOS="877" HPOS="282"/>
							<String ID="string_261" HPOS="303" VPOS="877" WIDTH="80" HEIGHT="22" WC="0.95" CONTENT="tillåter"/><SP WIDTH="14" VPOS="877" HPOS="383"/>
							<String ID="string_262" HPOS="397" VPOS="877" WIDTH="87" HEIGHT="22" WC="0.96" CONTENT="banken"/><SP WIDTH="15" VPOS="877" HPOS="484"/>
							<String ID="string_263" HPOS="499" VPOS="878" WIDTH="40" HEIGHT="22" WC="0.96" CONTENT="och"/><SP WIDTH="15" VPOS="878" HPOS="539"/>
							<String ID="string_264" HPOS="554" VPOS="877" WIDTH="97" HEIGHT="23" WC="0.93" CONTENT="enskilde"/><SP WIDTH="16" VPOS="877" HPOS="651"/>
							<String ID="string_265" HPOS="667" VPOS="878" WIDTH="175" HEIGHT="28" WC="0.92" CONTENT="vexelförsäljare"/><SP WIDTH="15" VPOS="878" HPOS="842"/>
							<String ID="string_266" HPOS="857" VPOS="880" WIDTH="34" HEIGHT="20" WC="0.93" CONTENT="att"/><SP WIDTH="14" VPOS="880" HPOS="891"/>
							<String ID="string_267" HPOS="905" VPOS="877" WIDTH="97" HEIGHT="28" WC="0.91" CONTENT="aflägsna"/><SP WIDTH="14" VPOS="877" HPOS="1002"/>
							<String ID="string_268" HPOS="1016" VPOS="878" WIDTH="34" HEIGHT="27" WC="0.96" CONTENT="sig"/>
						</TextLine>
						<TextLine ID="line_26" HPOS="227" VPOS="905" WIDTH="824" HEIGHT="29">
							<String ID="string_269" HPOS="227" VPOS="905" WIDTH="75" HEIGHT="23" WC="0.96" CONTENT="ibland"/><SP WIDTH="20" VPOS="905" HPOS="302"/>
							<String ID="string_270" HPOS="322" VPOS="905" WIDTH="50" HEIGHT="23" WC="0.95" CONTENT="med"/><SP WIDTH="21" VPOS="905" HPOS="372"/>
							<String ID="string_271" HPOS="393" VPOS="906" WIDTH="68" HEIGHT="28" WC="0.96" CONTENT="några"/><SP WIDTH="21" VPOS="906" HPOS="461"/>
							<String ID="string_272" HPOS="482" VPOS="908" WIDTH="90" HEIGHT="26" WC="0.96" CONTENT="procent"/><SP WIDTH="14" VPOS="908" HPOS="572"/>
							<String ID="string_273" HPOS="586" VPOS="906" WIDTH="46" HEIGHT="23" WC="0.93" CONTENT="från"/><SP WIDTH="16" VPOS="906" HPOS="632"/>
							<String ID="string_274" HPOS="648" VPOS="906" WIDTH="80" HEIGHT="23" WC="0.91" CONTENT="silfrets"/><SP WIDTH="15" VPOS="906" HPOS="728"/>
							<String ID="string_275" HPOS="743" VPOS="907" WIDTH="125" HEIGHT="22" WC="0.96" CONTENT="metalliska"/><SP WIDTH="15" VPOS="907" HPOS="868"/>
							<String ID="string_276" HPOS="883" VPOS="907" WIDTH="70" HEIGHT="22" WC="0.96" CONTENT="värde."/><SP WIDTH="31" VPOS="907" HPOS="953"/>
							<String ID="string_277" HPOS="984" VPOS="907" WIDTH="67" HEIGHT="22" WC="0.92" CONTENT="Detta"/>
						</TextLine>
						<TextLine ID="line_27" HPOS="227" VPOS="933" WIDTH="823" HEIGHT="30">
							<String ID="string_278" HPOS="227" VPOS="933" WIDTH="135" HEIGHT="24" WC="0.96" CONTENT="förhållande"/><SP WIDTH="19" VPOS="933" HPOS="362"/>
							<String ID="string_279" HPOS="381" VPOS="936" WIDTH="33" HEIGHT="21" WC="0.93" CONTENT="att"/><SP WIDTH="14" VPOS="936" HPOS="414"/>
							<String ID="string_280" HPOS="428" VPOS="935" WIDTH="107" HEIGHT="28" WC="0.90" CONTENT="nemligen"/><SP WIDTH="13" VPOS="935" HPOS="535"/>
							<String ID="string_281" HPOS="548" VPOS="935" WIDTH="49" HEIGHT="22" WC="0.93" CONTENT="vårt"/><SP WIDTH="15" VPOS="935" HPOS="597"/>
							<String ID="string_282" HPOS="612" VPOS="935" WIDTH="96" HEIGHT="28" WC="0.91" CONTENT="aflägsna"/><SP WIDTH="14" VPOS="935" HPOS="708"/>
							<String ID="string_283" HPOS="722" VPOS="935" WIDTH="50" HEIGHT="28" WC="0.96" CONTENT="läge"/><SP WIDTH="15" VPOS="935" HPOS="772"/>
							<String ID="string_284" HPOS="787" VPOS="935" WIDTH="46" HEIGHT="23" WC="0.93" CONTENT="från"/><SP WIDTH="15" VPOS="935" HPOS="833"/>
							<String ID="string_285" HPOS="848" VPOS="935" WIDTH="202" HEIGHT="23" WC="0.91" CONTENT="verldsmarknaden"/>
						</TextLine>
						<TextLine ID="line_28" HPOS="226" VPOS="962" WIDTH="824" HEIGHT="29">
							<String ID="string_286" HPOS="226" VPOS="962" WIDTH="35" HEIGHT="23" WC="0.93" CONTENT="för"/><SP WIDTH="21" VPOS="962" HPOS="261"/>
							<String ID="string_287" HPOS="282" VPOS="963" WIDTH="185" HEIGHT="28" WC="0.91" CONTENT="myntmetallerna"/><SP WIDTH="13" VPOS="963" HPOS="467"/>
							<String ID="string_288" HPOS="480" VPOS="964" WIDTH="58" HEIGHT="27" WC="0.96" CONTENT="gjort"/><SP WIDTH="14" VPOS="964" HPOS="538"/>
							<String ID="string_289" HPOS="552" VPOS="965" WIDTH="42" HEIGHT="21" WC="0.96" CONTENT="den"/><SP WIDTH="14" VPOS="965" HPOS="594"/>
							<String ID="string_290" HPOS="608" VPOS="964" WIDTH="79" HEIGHT="27" WC="0.96" CONTENT="metall,"/><SP WIDTH="16" VPOS="964" HPOS="687"/>
							<String ID="string_291" HPOS="703" VPOS="970" WIDTH="47" HEIGHT="16" WC="0.96" CONTENT="som"/><SP WIDTH="15" VPOS="970" HPOS="750"/>
							<String ID="string_292" HPOS="765" VPOS="964" WIDTH="22" HEIGHT="23" WC="0.96" CONTENT="vi"/><SP WIDTH="13" VPOS="964" HPOS="787"/>
							<String ID="string_293" HPOS="800" VPOS="964" WIDTH="64" HEIGHT="23" WC="0.96" CONTENT="hafva"/><SP WIDTH="14" VPOS="964" HPOS="864"/>
							<String ID="string_294" HPOS="878" VPOS="965" WIDTH="33" HEIGHT="21" WC="0.96" CONTENT="till"/><SP WIDTH="15" VPOS="965" HPOS="911"/>
							<String ID="string_295" HPOS="926" VPOS="965" WIDTH="124" HEIGHT="22" WC="0.96" CONTENT="varierande"/>
						</TextLine>
						<TextLine ID="line_29" HPOS="226" VPOS="991" WIDTH="824" HEIGHT="30">
							<String ID="string_296" HPOS="226" VPOS="991" WIDTH="8" HEIGHT="22" WC="0.96" CONTENT="i"/><SP WIDTH="15" VPOS="991" HPOS="234"/>
							<String ID="string_297" HPOS="249" VPOS="991" WIDTH="52" HEIGHT="28" WC="0.96" CONTENT="pris,"/><SP WIDTH="15" VPOS="991" HPOS="301"/>
							<String ID="string_298" HPOS="316" VPOS="992" WIDTH="40" HEIGHT="23" WC="0.96" CONTENT="här"/><SP WIDTH="13" VPOS="992" HPOS="356"/>
							<String ID="string_299" HPOS="369" VPOS="992" WIDTH="40" HEIGHT="22" WC="0.96" CONTENT="hos"/><SP WIDTH="16" VPOS="992" HPOS="409"/>
							<String ID="string_300" HPOS="425" VPOS="999" WIDTH="36" HEIGHT="16" WC="0.94" CONTENT="oss"/><SP WIDTH="16" VPOS="999" HPOS="461"/>
							<String ID="string_301" HPOS="477" VPOS="993" WIDTH="74" HEIGHT="22" WC="0.96" CONTENT="tillåtit"/><SP WIDTH="14" VPOS="993" HPOS="551"/>
							<String ID="string_302" HPOS="565" VPOS="993" WIDTH="53" HEIGHT="22" WC="0.96" CONTENT="eller"/><SP WIDTH="14" VPOS="993" HPOS="618"/>
							<String ID="string_303" HPOS="632" VPOS="993" WIDTH="131" HEIGHT="28" WC="0.96" CONTENT="möjliggjort"/><SP WIDTH="15" VPOS="993" HPOS="763"/>
							<String ID="string_304" HPOS="778" VPOS="993" WIDTH="130" HEIGHT="22" WC="0.96" CONTENT="variationer"/><SP WIDTH="13" VPOS="993" HPOS="908"/>
							<String ID="string_305" HPOS="921" VPOS="993" WIDTH="23" HEIGHT="22" WC="0.96" CONTENT="af"/><SP WIDTH="7" VPOS="993" HPOS="944"/>
							<String ID="string_306" HPOS="951" VPOS="999" WIDTH="39" HEIGHT="22" WC="0.92" CONTENT="par"/><SP WIDTH="10" VPOS="999" HPOS="990"/>
							<String ID="string_307" HPOS="1000" VPOS="999" WIDTH="50" HEIGHT="22" WC="0.92" CONTENT="pro-"/>
						</TextLine>
						<TextLine ID="line_30" HPOS="228" VPOS="1020" WIDTH="822" HEIGHT="29">
							<String ID="string_308" HPOS="228" VPOS="1022" WIDTH="50" HEIGHT="20" WC="0.96" CONTENT="cent"/><SP WIDTH="18" VPOS="1022" HPOS="278"/>
							<String ID="string_309" HPOS="296" VPOS="1020" WIDTH="34" HEIGHT="22" WC="0.96" CONTENT="hit"/><SP WIDTH="18" VPOS="1020" HPOS="330"/>
							<String ID="string_310" HPOS="348" VPOS="1021" WIDTH="53" HEIGHT="22" WC="0.95" CONTENT="eller"/><SP WIDTH="19" VPOS="1021" HPOS="401"/>
							<String ID="string_311" HPOS="420" VPOS="1021" WIDTH="37" HEIGHT="27" WC="0.96" CONTENT="dit,"/><SP WIDTH="17" VPOS="1021" HPOS="457"/>
							<String ID="string_312" HPOS="474" VPOS="1022" WIDTH="41" HEIGHT="21" WC="0.96" CONTENT="den"/><SP WIDTH="14" VPOS="1022" HPOS="515"/>
							<String ID="string_313" HPOS="529" VPOS="1021" WIDTH="187" HEIGHT="28" WC="0.96" CONTENT="omständigheten"/><SP WIDTH="14" VPOS="1021" HPOS="716"/>
							<String ID="string_314" HPOS="730" VPOS="1022" WIDTH="77" HEIGHT="27" WC="0.96" CONTENT="gjorde"/><SP WIDTH="15" VPOS="1022" HPOS="807"/>
							<String ID="string_315" HPOS="822" VPOS="1024" WIDTH="33" HEIGHT="20" WC="0.96" CONTENT="att"/><SP WIDTH="12" VPOS="1024" HPOS="855"/>
							<String ID="string_316" HPOS="867" VPOS="1022" WIDTH="39" HEIGHT="27" WC="0.96" CONTENT="jag"/><SP WIDTH="14" VPOS="1022" HPOS="906"/>
							<String ID="string_317" HPOS="920" VPOS="1022" WIDTH="48" HEIGHT="21" WC="0.96" CONTENT="icke"/><SP WIDTH="15" VPOS="1022" HPOS="968"/>
							<String ID="string_318" HPOS="983" VPOS="1022" WIDTH="67" HEIGHT="27" WC="0.96" CONTENT="ansåg"/>
						</TextLine>
						<TextLine ID="line_31" HPOS="226" VPOS="1049" WIDTH="824" HEIGHT="30">
							<String ID="string_319" HPOS="226" VPOS="1049" WIDTH="46" HEIGHT="27" WC="0.96" CONTENT="mig"/><SP WIDTH="20" VPOS="1049" HPOS="272"/>
							<String ID="string_320" HPOS="292" VPOS="1049" WIDTH="55" HEIGHT="22" WC="0.96" CONTENT="böra"/><SP WIDTH="19" VPOS="1049" HPOS="347"/>
							<String ID="string_321" HPOS="366" VPOS="1049" WIDTH="94" HEIGHT="23" WC="0.95" CONTENT="vidhålla"/><SP WIDTH="20" VPOS="1049" HPOS="460"/>
							<String ID="string_322" HPOS="480" VPOS="1050" WIDTH="37" HEIGHT="22" WC="0.96" CONTENT="det"/><SP WIDTH="18" VPOS="1050" HPOS="517"/>
							<String ID="string_323" HPOS="535" VPOS="1050" WIDTH="119" HEIGHT="29" WC="0.96" CONTENT="obetydligt"/><SP WIDTH="14" VPOS="1050" HPOS="654"/>
							<String ID="string_324" HPOS="668" VPOS="1051" WIDTH="124" HEIGHT="27" WC="0.96" CONTENT="skiljaktiga"/><SP WIDTH="14" VPOS="1051" HPOS="792"/>
							<String ID="string_325" HPOS="806" VPOS="1051" WIDTH="98" HEIGHT="26" WC="0.96" CONTENT="resultat,"/><SP WIDTH="16" VPOS="1051" HPOS="904"/>
							<String ID="string_326" HPOS="920" VPOS="1051" WIDTH="33" HEIGHT="21" WC="0.96" CONTENT="till"/><SP WIDTH="15" VPOS="1051" HPOS="953"/>
							<String ID="string_327" HPOS="968" VPOS="1051" WIDTH="82" HEIGHT="22" WC="0.96" CONTENT="hvilket"/>
						</TextLine>
						<TextLine ID="line_32" HPOS="224" VPOS="1077" WIDTH="825" HEIGHT="30">
							<String ID="string_328" HPOS="224" VPOS="1077" WIDTH="40" HEIGHT="28" WC="0.96" CONTENT="jag"/><SP WIDTH="20" VPOS="1077" HPOS="264"/>
							<String ID="string_329" HPOS="284" VPOS="1077" WIDTH="90" HEIGHT="24" WC="0.96" CONTENT="kommit"/><SP WIDTH="21" VPOS="1077" HPOS="374"/>
							<String ID="string_330" HPOS="395" VPOS="1078" WIDTH="36" HEIGHT="23" WC="0.96" CONTENT="vid"/><SP WIDTH="21" VPOS="1078" HPOS="431"/>
							<String ID="string_331" HPOS="452" VPOS="1078" WIDTH="44" HEIGHT="23" WC="0.96" CONTENT="min"/><SP WIDTH="21" VPOS="1078" HPOS="496"/>
							<String ID="string_332" HPOS="517" VPOS="1079" WIDTH="118" HEIGHT="28" WC="0.96" CONTENT="beräkning"/><SP WIDTH="23" VPOS="1079" HPOS="635"/>
							<String ID="string_333" HPOS="658" VPOS="1079" WIDTH="24" HEIGHT="22" WC="0.96" CONTENT="af"/><SP WIDTH="14" VPOS="1079" HPOS="682"/>
							<String ID="string_334" HPOS="696" VPOS="1079" WIDTH="102" HEIGHT="22" WC="0.93" CONTENT="markens"/><SP WIDTH="13" VPOS="1079" HPOS="798"/>
							<String ID="string_335" HPOS="811" VPOS="1079" WIDTH="72" HEIGHT="27" WC="0.96" CONTENT="värde,"/><SP WIDTH="16" VPOS="1079" HPOS="883"/>
							<String ID="string_336" HPOS="899" VPOS="1081" WIDTH="53" HEIGHT="20" WC="0.96" CONTENT="utan"/><SP WIDTH="14" VPOS="1081" HPOS="952"/>
							<String ID="string_337" HPOS="966" VPOS="1081" WIDTH="33" HEIGHT="20" WC="0.96" CONTENT="att"/><SP WIDTH="12" VPOS="1081" HPOS="999"/>
							<String ID="string_338" HPOS="1011" VPOS="1080" WIDTH="38" HEIGHT="27" WC="0.96" CONTENT="jag"/>
						</TextLine>
						<TextLine ID="line_33" HPOS="226" VPOS="1106" WIDTH="822" HEIGHT="30">
							<String ID="string_339" HPOS="226" VPOS="1106" WIDTH="104" HEIGHT="23" WC="0.96" CONTENT="förenade"/><SP WIDTH="20" VPOS="1106" HPOS="330"/>
							<String ID="string_340" HPOS="350" VPOS="1107" WIDTH="45" HEIGHT="27" WC="0.96" CONTENT="mig"/><SP WIDTH="20" VPOS="1107" HPOS="395"/>
							<String ID="string_341" HPOS="415" VPOS="1107" WIDTH="50" HEIGHT="22" WC="0.92" CONTENT="med"/><SP WIDTH="21" VPOS="1107" HPOS="465"/>
							<String ID="string_342" HPOS="486" VPOS="1107" WIDTH="143" HEIGHT="29" WC="0.90" CONTENT="pluraliteten."/><SP WIDTH="30" VPOS="1107" HPOS="629"/>
							<String ID="string_343" HPOS="659" VPOS="1108" WIDTH="63" HEIGHT="22" WC="0.96" CONTENT="Hvad"/><SP WIDTH="22" VPOS="1108" HPOS="722"/>
							<String ID="string_344" HPOS="744" VPOS="1108" WIDTH="43" HEIGHT="22" WC="0.96" CONTENT="den"/><SP WIDTH="14" VPOS="1108" HPOS="787"/>
							<String ID="string_345" HPOS="801" VPOS="1109" WIDTH="8" HEIGHT="21" WC="0.96" CONTENT="i"/><SP WIDTH="14" VPOS="1109" HPOS="809"/>
							<String ID="string_346" HPOS="823" VPOS="1109" WIDTH="50" HEIGHT="22" WC="0.95" CONTENT="herr"/><SP WIDTH="16" VPOS="1109" HPOS="873"/>
							<String ID="string_347" HPOS="889" VPOS="1108" WIDTH="159" HEIGHT="28" WC="0.96" CONTENT="Montgomerys"/>
						</TextLine>
						<TextLine ID="line_34" HPOS="226" VPOS="1135" WIDTH="822" HEIGHT="29">
							<String ID="string_348" HPOS="226" VPOS="1135" WIDTH="134" HEIGHT="22" WC="0.94" CONTENT="reservation"/><SP WIDTH="13" VPOS="1135" HPOS="360"/>
							<String ID="string_349" HPOS="373" VPOS="1135" WIDTH="124" HEIGHT="29" WC="0.96" CONTENT="föreslagna"/><SP WIDTH="13" VPOS="1135" HPOS="497"/>
							<String ID="string_350" HPOS="510" VPOS="1136" WIDTH="178" HEIGHT="28" WC="0.96" CONTENT="konverteringen"/><SP WIDTH="14" VPOS="1136" HPOS="688"/>
							<String ID="string_351" HPOS="702" VPOS="1136" WIDTH="50" HEIGHT="22" WC="0.92" CONTENT="med"/><SP WIDTH="15" VPOS="1136" HPOS="752"/>
							<String ID="string_352" HPOS="767" VPOS="1137" WIDTH="72" HEIGHT="27" WC="0.91" CONTENT="afgäld"/><SP WIDTH="10" VPOS="1137" HPOS="839"/>
							<String ID="string_353" HPOS="849" VPOS="1136" WIDTH="108" HEIGHT="25" WC="0.96" CONTENT="beträffar,"/><SP WIDTH="10" VPOS="1136" HPOS="957"/>
							<String ID="string_354" HPOS="967" VPOS="1137" WIDTH="81" HEIGHT="22" WC="0.96" CONTENT="hvilket"/>
						</TextLine>
						<TextLine ID="line_35" HPOS="226" VPOS="1163" WIDTH="822" HEIGHT="30">
							<String ID="string_355" HPOS="226" VPOS="1163" WIDTH="82" HEIGHT="28" WC="0.96" CONTENT="förslag"/><SP WIDTH="18" VPOS="1163" HPOS="308"/>
							<String ID="string_356" HPOS="326" VPOS="1164" WIDTH="49" HEIGHT="22" WC="0.91" CONTENT="herr"/><SP WIDTH="17" VPOS="1164" HPOS="375"/>
							<String ID="string_357" HPOS="392" VPOS="1164" WIDTH="149" HEIGHT="29" WC="0.96" CONTENT="Montgomery"/><SP WIDTH="13" VPOS="1164" HPOS="541"/>
							<String ID="string_358" HPOS="554" VPOS="1171" WIDTH="90" HEIGHT="16" WC="0.93" CONTENT="numera"/><SP WIDTH="14" VPOS="1171" HPOS="644"/>
							<String ID="string_359" HPOS="658" VPOS="1165" WIDTH="94" HEIGHT="28" WC="0.92" CONTENT="frångått"/><SP WIDTH="14" VPOS="1165" HPOS="752"/>
							<String ID="string_360" HPOS="766" VPOS="1165" WIDTH="35" HEIGHT="22" WC="0.96" CONTENT="för"/><SP WIDTH="14" VPOS="1165" HPOS="801"/>
							<String ID="string_361" HPOS="815" VPOS="1167" WIDTH="32" HEIGHT="20" WC="0.96" CONTENT="att"/><SP WIDTH="15" VPOS="1167" HPOS="847"/>
							<String ID="string_362" HPOS="862" VPOS="1165" WIDTH="75" HEIGHT="22" WC="0.96" CONTENT="förena"/><SP WIDTH="15" VPOS="1165" HPOS="937"/>
							<String ID="string_363" HPOS="952" VPOS="1166" WIDTH="33" HEIGHT="27" WC="0.96" CONTENT="sig"/><SP WIDTH="14" VPOS="1166" HPOS="985"/>
							<String ID="string_364" HPOS="999" VPOS="1166" WIDTH="49" HEIGHT="22" WC="0.96" CONTENT="med"/>
						</TextLine>
						<TextLine ID="line_36" HPOS="225" VPOS="1191" WIDTH="823" HEIGHT="31">
							<String ID="string_365" HPOS="225" VPOS="1191" WIDTH="146" HEIGHT="29" WC="0.92" CONTENT="pluraliteten,"/><SP WIDTH="23" VPOS="1191" HPOS="371"/>
							<String ID="string_366" HPOS="394" VPOS="1193" WIDTH="56" HEIGHT="22" WC="0.93" CONTENT="dock"/><SP WIDTH="21" VPOS="1193" HPOS="450"/>
							<String ID="string_367" HPOS="471" VPOS="1194" WIDTH="137" HEIGHT="22" WC="0.92" CONTENT="vidhållande"/><SP WIDTH="22" VPOS="1194" HPOS="608"/>
							<String ID="string_368" HPOS="630" VPOS="1195" WIDTH="33" HEIGHT="21" WC="0.96" CONTENT="att"/><SP WIDTH="21" VPOS="1195" HPOS="663"/>
							<String ID="string_369" HPOS="684" VPOS="1194" WIDTH="49" HEIGHT="22" WC="0.96" CONTENT="herr"/><SP WIDTH="19" VPOS="1194" HPOS="733"/>
							<String ID="string_370" HPOS="752" VPOS="1194" WIDTH="151" HEIGHT="28" WC="0.96" CONTENT="Montgomery"/><SP WIDTH="13" VPOS="1194" HPOS="903"/>
							<String ID="string_371" HPOS="916" VPOS="1194" WIDTH="132" HEIGHT="22" WC="0.95" CONTENT="fortfarande"/>
						</TextLine>
						<TextLine ID="line_37" HPOS="226" VPOS="1221" WIDTH="822" HEIGHT="30">
							<String ID="string_372" HPOS="226" VPOS="1227" WIDTH="64" HEIGHT="16" WC="0.96" CONTENT="anser"/><SP WIDTH="15" VPOS="1227" HPOS="290"/>
							<String ID="string_373" HPOS="305" VPOS="1221" WIDTH="38" HEIGHT="22" WC="0.96" CONTENT="det"/><SP WIDTH="14" VPOS="1221" HPOS="343"/>
							<String ID="string_374" HPOS="357" VPOS="1221" WIDTH="72" HEIGHT="22" WC="0.96" CONTENT="såsom"/><SP WIDTH="14" VPOS="1221" HPOS="429"/>
							<String ID="string_375" HPOS="443" VPOS="1223" WIDTH="93" HEIGHT="26" WC="0.96" CONTENT="rättvist,"/><SP WIDTH="16" VPOS="1223" HPOS="536"/>
							<String ID="string_376" HPOS="552" VPOS="1222" WIDTH="26" HEIGHT="23" WC="0.96" CONTENT="så"/><SP WIDTH="13" VPOS="1222" HPOS="578"/>
							<String ID="string_377" HPOS="591" VPOS="1223" WIDTH="73" HEIGHT="22" WC="0.96" CONTENT="kunde"/><SP WIDTH="12" VPOS="1223" HPOS="664"/>
							<String ID="string_378" HPOS="676" VPOS="1223" WIDTH="44" HEIGHT="27" WC="0.96" CONTENT="jag,"/><SP WIDTH="15" VPOS="1223" HPOS="720"/>
							<String ID="string_379" HPOS="735" VPOS="1222" WIDTH="34" HEIGHT="22" WC="0.96" CONTENT="till"/><SP WIDTH="16" VPOS="1222" HPOS="769"/>
							<String ID="string_380" HPOS="785" VPOS="1223" WIDTH="40" HEIGHT="22" WC="0.96" CONTENT="och"/><SP WIDTH="15" VPOS="1223" HPOS="825"/>
							<String ID="string_381" HPOS="840" VPOS="1223" WIDTH="50" HEIGHT="22" WC="0.96" CONTENT="med"/><SP WIDTH="14" VPOS="1223" HPOS="890"/>
							<String ID="string_382" HPOS="904" VPOS="1229" WIDTH="35" HEIGHT="16" WC="0.93" CONTENT="om"/><SP WIDTH="9" VPOS="1229" HPOS="939"/>
							<String ID="string_383" HPOS="948" VPOS="1223" WIDTH="100" HEIGHT="28" WC="0.91" CONTENT="afgälden"/>
						</TextLine>
						<TextLine ID="line_38" HPOS="225" VPOS="1249" WIDTH="821" HEIGHT="30">
							<String ID="string_384" HPOS="225" VPOS="1249" WIDTH="114" HEIGHT="28" WC="0.96" CONTENT="minskats,"/><SP WIDTH="15" VPOS="1249" HPOS="339"/>
							<String ID="string_385" HPOS="354" VPOS="1250" WIDTH="48" HEIGHT="22" WC="0.96" CONTENT="icke"/><SP WIDTH="14" VPOS="1250" HPOS="402"/>
							<String ID="string_386" HPOS="416" VPOS="1250" WIDTH="75" HEIGHT="23" WC="0.96" CONTENT="förena"/><SP WIDTH="14" VPOS="1250" HPOS="491"/>
							<String ID="string_387" HPOS="505" VPOS="1251" WIDTH="44" HEIGHT="28" WC="0.96" CONTENT="mig"/><SP WIDTH="14" VPOS="1251" HPOS="549"/>
							<String ID="string_388" HPOS="563" VPOS="1257" WIDTH="35" HEIGHT="16" WC="0.96" CONTENT="om"/><SP WIDTH="15" VPOS="1257" HPOS="598"/>
							<String ID="string_389" HPOS="613" VPOS="1251" WIDTH="124" HEIGHT="27" WC="0.96" CONTENT="detsamma,"/><SP WIDTH="10" VPOS="1251" HPOS="737"/>
							<String ID="string_390" HPOS="747" VPOS="1251" WIDTH="92" HEIGHT="22" WC="0.96" CONTENT="emedan"/><SP WIDTH="15" VPOS="1251" HPOS="839"/>
							<String ID="string_391" HPOS="854" VPOS="1252" WIDTH="67" HEIGHT="27" WC="0.96" CONTENT="enligt"/><SP WIDTH="14" VPOS="1252" HPOS="921"/>
							<String ID="string_392" HPOS="935" VPOS="1252" WIDTH="43" HEIGHT="21" WC="0.91" CONTENT="min"/><SP WIDTH="15" VPOS="1252" HPOS="978"/>
							<String ID="string_393" HPOS="993" VPOS="1258" WIDTH="53" HEIGHT="21" WC="0.91" CONTENT="upp-"/>
						</TextLine>
						<TextLine ID="line_39" HPOS="225" VPOS="1277" WIDTH="822" HEIGHT="31">
							<String ID="string_394" HPOS="225" VPOS="1277" WIDTH="94" HEIGHT="29" WC="0.96" CONTENT="fattning"/><SP WIDTH="15" VPOS="1277" HPOS="319"/>
							<String ID="string_395" HPOS="334" VPOS="1278" WIDTH="37" HEIGHT="23" WC="0.96" CONTENT="det"/><SP WIDTH="13" VPOS="1278" HPOS="371"/>
							<String ID="string_396" HPOS="384" VPOS="1279" WIDTH="91" HEIGHT="23" WC="0.96" CONTENT="innebär"/><SP WIDTH="15" VPOS="1279" HPOS="475"/>
							<String ID="string_397" HPOS="490" VPOS="1286" WIDTH="26" HEIGHT="16" WC="0.96" CONTENT="en"/><SP WIDTH="13" VPOS="1286" HPOS="516"/>
							<String ID="string_398" HPOS="529" VPOS="1280" WIDTH="82" HEIGHT="28" WC="0.96" CONTENT="verklig"/><SP WIDTH="15" VPOS="1280" HPOS="611"/>
							<String ID="string_399" HPOS="626" VPOS="1280" WIDTH="109" HEIGHT="22" WC="0.95" CONTENT="orättvisa."/><SP WIDTH="24" VPOS="1280" HPOS="735"/>
							<String ID="string_400" HPOS="759" VPOS="1280" WIDTH="44" HEIGHT="22" WC="0.96" CONTENT="Det"/><SP WIDTH="14" VPOS="1280" HPOS="803"/>
							<String ID="string_401" HPOS="817" VPOS="1280" WIDTH="105" HEIGHT="28" WC="0.93" CONTENT="förslaget"/><SP WIDTH="14" VPOS="1280" HPOS="922"/>
							<String ID="string_402" HPOS="936" VPOS="1280" WIDTH="111" HEIGHT="23" WC="0.92" CONTENT="fasthåller"/>
						</TextLine>
						<TextLine ID="line_40" HPOS="225" VPOS="1307" WIDTH="822" HEIGHT="30">
							<String ID="string_403" HPOS="225" VPOS="1307" WIDTH="108" HEIGHT="28" WC="0.91" CONTENT="nemligen"/><SP WIDTH="22" VPOS="1307" HPOS="333"/>
							<String ID="string_404" HPOS="355" VPOS="1307" WIDTH="150" HEIGHT="29" WC="0.96" CONTENT="skyldigheten"/><SP WIDTH="22" VPOS="1307" HPOS="505"/>
							<String ID="string_405" HPOS="527" VPOS="1310" WIDTH="33" HEIGHT="21" WC="0.96" CONTENT="att"/><SP WIDTH="16" VPOS="1310" HPOS="560"/>
							<String ID="string_406" HPOS="576" VPOS="1308" WIDTH="74" HEIGHT="23" WC="0.93" CONTENT="betala"/><SP WIDTH="14" VPOS="1308" HPOS="650"/>
							<String ID="string_407" HPOS="664" VPOS="1309" WIDTH="209" HEIGHT="28" WC="0.92" CONTENT="kronoutskylderna"/><SP WIDTH="14" VPOS="1309" HPOS="873"/>
							<String ID="string_408" HPOS="887" VPOS="1310" WIDTH="33" HEIGHT="21" WC="0.96" CONTENT="uti"/><SP WIDTH="14" VPOS="1310" HPOS="920"/>
							<String ID="string_409" HPOS="934" VPOS="1310" WIDTH="58" HEIGHT="27" WC="0.96" CONTENT="guld,"/><SP WIDTH="16" VPOS="1310" HPOS="992"/>
							<String ID="string_410" HPOS="1008" VPOS="1309" WIDTH="39" HEIGHT="23" WC="0.96" CONTENT="der"/>
						</TextLine>
						<TextLine ID="line_41" HPOS="225" VPOS="1335" WIDTH="821" HEIGHT="31">
							<String ID="string_411" HPOS="225" VPOS="1335" WIDTH="83" HEIGHT="23" WC="0.96" CONTENT="sådana"/><SP WIDTH="12" VPOS="1335" HPOS="308"/>
							<String ID="string_412" HPOS="320" VPOS="1336" WIDTH="83" HEIGHT="22" WC="0.96" CONTENT="betalas"/><SP WIDTH="16" VPOS="1336" HPOS="403"/>
							<String ID="string_413" HPOS="419" VPOS="1337" WIDTH="7" HEIGHT="21" WC="0.96" CONTENT="i"/><SP WIDTH="15" VPOS="1337" HPOS="426"/>
							<String ID="string_414" HPOS="441" VPOS="1338" WIDTH="124" HEIGHT="28" WC="0.96" CONTENT="penningar,"/><SP WIDTH="15" VPOS="1338" HPOS="565"/>
							<String ID="string_415" HPOS="580" VPOS="1338" WIDTH="112" HEIGHT="22" WC="0.95" CONTENT="hvaremot"/><SP WIDTH="15" VPOS="1338" HPOS="692"/>
							<String ID="string_416" HPOS="707" VPOS="1338" WIDTH="41" HEIGHT="22" WC="0.92" CONTENT="alla"/><SP WIDTH="14" VPOS="1338" HPOS="748"/>
							<String ID="string_417" HPOS="762" VPOS="1337" WIDTH="174" HEIGHT="29" WC="0.91" CONTENT="fordringsegare"/><SP WIDTH="10" VPOS="1337" HPOS="936"/>
							<String ID="string_418" HPOS="946" VPOS="1338" WIDTH="40" HEIGHT="22" WC="0.93" CONTENT="hos"/><SP WIDTH="10" VPOS="1338" HPOS="986"/>
							<String ID="string_419" HPOS="996" VPOS="1338" WIDTH="50" HEIGHT="22" WC="0.92" CONTENT="Fin-"/>
						</TextLine>
						<TextLine ID="line_42" HPOS="223" VPOS="1364" WIDTH="823" HEIGHT="31">
							<String ID="string_420" HPOS="223" VPOS="1364" WIDTH="64" HEIGHT="23" WC="0.96" CONTENT="lands"/><SP WIDTH="23" VPOS="1364" HPOS="287"/>
							<String ID="string_421" HPOS="310" VPOS="1364" WIDTH="63" HEIGHT="28" WC="0.93" CONTENT="bank,"/><SP WIDTH="16" VPOS="1364" HPOS="373"/>
							<String ID="string_422" HPOS="389" VPOS="1365" WIDTH="21" HEIGHT="22" WC="0.91" CONTENT="d."/><SP WIDTH="15" VPOS="1365" HPOS="410"/>
							<String ID="string_423" HPOS="425" VPOS="1372" WIDTH="20" HEIGHT="16" WC="0.89" CONTENT="v."/><SP WIDTH="16" VPOS="1372" HPOS="445"/>
							<String ID="string_424" HPOS="461" VPOS="1372" WIDTH="18" HEIGHT="16" WC="0.89" CONTENT="s."/><SP WIDTH="14" VPOS="1372" HPOS="479"/>
							<String ID="string_425" HPOS="493" VPOS="1366" WIDTH="53" HEIGHT="22" WC="0.96" CONTENT="hvar"/><SP WIDTH="15" VPOS="1366" HPOS="546"/>
							<String ID="string_426" HPOS="561" VPOS="1366" WIDTH="40" HEIGHT="22" WC="0.96" CONTENT="och"/><SP WIDTH="15" VPOS="1366" HPOS="601"/>
							<String ID="string_427" HPOS="616" VPOS="1372" WIDTH="27" HEIGHT="16" WC="0.96" CONTENT="en"/><SP WIDTH="15" VPOS="1372" HPOS="643"/>
							<String ID="string_428" HPOS="658" VPOS="1372" WIDTH="35" HEIGHT="23" WC="0.95" CONTENT="om"/><SP WIDTH="12" VPOS="1372" HPOS="693"/>
							<String ID="string_429" HPOS="705" VPOS="1366" WIDTH="38" HEIGHT="28" WC="0.96" CONTENT="jag"/><SP WIDTH="14" VPOS="1366" HPOS="743"/>
							<String ID="string_430" HPOS="757" VPOS="1368" WIDTH="46" HEIGHT="21" WC="0.96" CONTENT="rätt"/><SP WIDTH="14" VPOS="1368" HPOS="803"/>
							<String ID="string_431" HPOS="817" VPOS="1367" WIDTH="97" HEIGHT="27" WC="0.96" CONTENT="kommer"/><SP WIDTH="11" VPOS="1367" HPOS="914"/>
							<String ID="string_432" HPOS="925" VPOS="1360" WIDTH="59" HEIGHT="39" WC="0.96" CONTENT="ihåg,"/><SP WIDTH="17" VPOS="1360" HPOS="984"/>
							<String ID="string_433" HPOS="1001" VPOS="1373" WIDTH="45" HEIGHT="19" WC="0.94" CONTENT="som"/>
						</TextLine>
						<TextLine ID="line_43" HPOS="219" VPOS="1387" WIDTH="825" HEIGHT="60">
							<String ID="string_434" HPOS="219" VPOS="1387" WIDTH="57" HEIGHT="60" WC="0.41" CONTENT="här,"/><SP WIDTH="6" VPOS="1387" HPOS="276"/>
							<String ID="string_435" HPOS="282" VPOS="1387" WIDTH="27" HEIGHT="60" WC="0.42" CONTENT="an"/><SP WIDTH="15" VPOS="1387" HPOS="309"/>
							<String ID="string_436" HPOS="324" VPOS="1387" WIDTH="64" HEIGHT="60" WC="0.63" CONTENT="sedel"/><SP WIDTH="8" VPOS="1387" HPOS="388"/>
							<String ID="string_437" HPOS="396" VPOS="1394" WIDTH="44" HEIGHT="26" WC="0.82" CONTENT="och"/><SP WIDTH="14" VPOS="1394" HPOS="440"/>
							<String ID="string_438" HPOS="454" VPOS="1395" WIDTH="123" HEIGHT="27" WC="0.93" CONTENT="derigenom"/><SP WIDTH="15" VPOS="1395" HPOS="577"/>
							<String ID="string_439" HPOS="592" VPOS="1397" WIDTH="24" HEIGHT="20" WC="0.93" CONTENT="är"/><SP WIDTH="14" VPOS="1397" HPOS="616"/>
							<String ID="string_440" HPOS="630" VPOS="1394" WIDTH="173" HEIGHT="29" WC="0.92" CONTENT="fordringsegare"/><SP WIDTH="14" VPOS="1394" HPOS="803"/>
							<String ID="string_441" HPOS="817" VPOS="1396" WIDTH="32" HEIGHT="21" WC="0.96" CONTENT="uti"/><SP WIDTH="15" VPOS="1396" HPOS="849"/>
							<String ID="string_442" HPOS="864" VPOS="1395" WIDTH="102" HEIGHT="23" WC="0.96" CONTENT="Finlands"/><SP WIDTH="14" VPOS="1395" HPOS="966"/>
							<String ID="string_443" HPOS="980" VPOS="1395" WIDTH="64" HEIGHT="27" WC="0.96" CONTENT="bank,"/>
						</TextLine>
						<TextLine ID="line_44" HPOS="224" VPOS="1417" WIDTH="821" HEIGHT="34">
							<String ID="string_444" HPOS="224" VPOS="1426" WIDTH="71" HEIGHT="18" WC="0.92" CONTENT="skulle"/><SP WIDTH="18" VPOS="1426" HPOS="295"/>
							<String ID="string_445" HPOS="313" VPOS="1417" WIDTH="23" HEIGHT="27" WC="0.90" CONTENT="få"/><SP WIDTH="19" VPOS="1417" HPOS="336"/>
							<String ID="string_446" HPOS="355" VPOS="1424" WIDTH="13" HEIGHT="20" WC="0.96" CONTENT="4"/><SP WIDTH="19" VPOS="1424" HPOS="368"/>
							<String ID="string_447" HPOS="387" VPOS="1422" WIDTH="52" HEIGHT="28" WC="0.96" CONTENT="guld"/><SP WIDTH="14" VPOS="1422" HPOS="439"/>
							<String ID="string_448" HPOS="453" VPOS="1424" WIDTH="62" HEIGHT="22" WC="0.97" CONTENT="mark"/><SP WIDTH="13" VPOS="1424" HPOS="515"/>
							<String ID="string_449" HPOS="528" VPOS="1424" WIDTH="29" HEIGHT="27" WC="0.97" CONTENT="pä"/><SP WIDTH="16" VPOS="1424" HPOS="557"/>
							<String ID="string_450" HPOS="573" VPOS="1426" WIDTH="40" HEIGHT="20" WC="0.97" CONTENT="100"/><SP WIDTH="15" VPOS="1426" HPOS="613"/>
							<String ID="string_451" HPOS="628" VPOS="1424" WIDTH="83" HEIGHT="22" WC="0.96" CONTENT="mindre"/><SP WIDTH="14" VPOS="1424" HPOS="711"/>
							<String ID="string_452" HPOS="725" VPOS="1424" WIDTH="34" HEIGHT="22" WC="0.96" CONTENT="för"/><SP WIDTH="14" VPOS="1424" HPOS="759"/>
							<String ID="string_453" HPOS="773" VPOS="1424" WIDTH="72" HEIGHT="22" WC="0.93" CONTENT="denna"/><SP WIDTH="13" VPOS="1424" HPOS="845"/>
							<String ID="string_454" HPOS="858" VPOS="1424" WIDTH="88" HEIGHT="22" WC="0.96" CONTENT="fordran"/><SP WIDTH="15" VPOS="1424" HPOS="946"/>
							<String ID="string_455" HPOS="961" VPOS="1426" WIDTH="27" HEIGHT="20" WC="0.96" CONTENT="än"/><SP WIDTH="16" VPOS="1426" HPOS="988"/>
							<String ID="string_456" HPOS="1004" VPOS="1424" WIDTH="41" HEIGHT="22" WC="0.95" CONTENT="den"/>
						</TextLine>
						<TextLine ID="line_45" HPOS="222" VPOS="1450" WIDTH="823" HEIGHT="30">
							<String ID="string_457" HPOS="222" VPOS="1450" WIDTH="122" HEIGHT="23" WC="0.95" CONTENT="nominella."/><SP WIDTH="29" VPOS="1450" HPOS="344"/>
							<String ID="string_458" HPOS="373" VPOS="1451" WIDTH="48" HEIGHT="22" WC="0.76" CONTENT="Ifall"/><SP WIDTH="22" VPOS="1451" HPOS="421"/>
							<String ID="string_459" HPOS="443" VPOS="1458" WIDTH="28" HEIGHT="16" WC="0.93" CONTENT="en"/><SP WIDTH="22" VPOS="1458" HPOS="471"/>
							<String ID="string_460" HPOS="493" VPOS="1452" WIDTH="71" HEIGHT="28" WC="0.89" CONTENT="afgäld"/><SP WIDTH="22" VPOS="1452" HPOS="564"/>
							<String ID="string_461" HPOS="586" VPOS="1452" WIDTH="69" HEIGHT="22" WC="0.93" CONTENT="skulle"/><SP WIDTH="15" VPOS="1452" HPOS="655"/>
							<String ID="string_462" HPOS="670" VPOS="1452" WIDTH="153" HEIGHT="28" WC="0.93" CONTENT="ifrägakomma"/><SP WIDTH="14" VPOS="1452" HPOS="823"/>
							<String ID="string_463" HPOS="837" VPOS="1453" WIDTH="69" HEIGHT="22" WC="0.96" CONTENT="skulle"/><SP WIDTH="12" VPOS="1453" HPOS="906"/>
							<String ID="string_464" HPOS="918" VPOS="1453" WIDTH="39" HEIGHT="27" WC="0.93" CONTENT="jag"/><SP WIDTH="14" VPOS="1453" HPOS="957"/>
							<String ID="string_465" HPOS="971" VPOS="1452" WIDTH="74" HEIGHT="23" WC="0.96" CONTENT="förena"/>
						</TextLine>
						<TextLine ID="line_46" HPOS="220" VPOS="1478" WIDTH="823" HEIGHT="31">
							<String ID="string_466" HPOS="220" VPOS="1478" WIDTH="46" HEIGHT="28" WC="0.96" CONTENT="mig"/><SP WIDTH="17" VPOS="1478" HPOS="266"/>
							<String ID="string_467" HPOS="283" VPOS="1480" WIDTH="50" HEIGHT="22" WC="0.93" CONTENT="med"/><SP WIDTH="18" VPOS="1480" HPOS="333"/>
							<String ID="string_468" HPOS="351" VPOS="1480" WIDTH="50" HEIGHT="22" WC="0.92" CONTENT="herr"/><SP WIDTH="19" VPOS="1480" HPOS="401"/>
							<String ID="string_469" HPOS="420" VPOS="1480" WIDTH="130" HEIGHT="24" WC="0.92" CONTENT="Silfversvan"/><SP WIDTH="19" VPOS="1480" HPOS="550"/>
							<String ID="string_470" HPOS="569" VPOS="1481" WIDTH="40" HEIGHT="22" WC="0.93" CONTENT="och"/><SP WIDTH="19" VPOS="1481" HPOS="609"/>
							<String ID="string_471" HPOS="628" VPOS="1481" WIDTH="54" HEIGHT="28" WC="0.93" CONTENT="yrka"/><SP WIDTH="18" VPOS="1481" HPOS="682"/>
							<String ID="string_472" HPOS="700" VPOS="1484" WIDTH="32" HEIGHT="20" WC="0.96" CONTENT="att"/><SP WIDTH="18" VPOS="1484" HPOS="732"/>
							<String ID="string_473" HPOS="750" VPOS="1481" WIDTH="38" HEIGHT="22" WC="0.93" CONTENT="det"/><SP WIDTH="15" VPOS="1481" HPOS="788"/>
							<String ID="string_474" HPOS="803" VPOS="1482" WIDTH="69" HEIGHT="22" WC="0.92" CONTENT="mäste"/><SP WIDTH="15" VPOS="1482" HPOS="872"/>
							<String ID="string_475" HPOS="887" VPOS="1488" WIDTH="51" HEIGHT="16" WC="0.96" CONTENT="vara"/><SP WIDTH="15" VPOS="1488" HPOS="938"/>
							<String ID="string_476" HPOS="953" VPOS="1481" WIDTH="44" HEIGHT="22" WC="0.96" CONTENT="lika"/><SP WIDTH="13" VPOS="1481" HPOS="997"/>
							<String ID="string_477" HPOS="1010" VPOS="1481" WIDTH="33" HEIGHT="22" WC="0.96" CONTENT="för"/>
						</TextLine>
						<TextLine ID="line_47" HPOS="220" VPOS="1507" WIDTH="823" HEIGHT="32">
							<String ID="string_478" HPOS="220" VPOS="1507" WIDTH="85" HEIGHT="32" WC="0.92" CONTENT="kronan"/><SP WIDTH="20" VPOS="1507" HPOS="305"/>
							<String ID="string_479" HPOS="325" VPOS="1508" WIDTH="40" HEIGHT="22" WC="0.96" CONTENT="och"/><SP WIDTH="14" VPOS="1508" HPOS="365"/>
							<String ID="string_480" HPOS="379" VPOS="1508" WIDTH="90" HEIGHT="28" WC="0.95" CONTENT="privata."/><SP WIDTH="30" VPOS="1508" HPOS="469"/>
							<String ID="string_481" HPOS="499" VPOS="1510" WIDTH="57" HEIGHT="22" WC="0.95" CONTENT="Herr"/><SP WIDTH="14" VPOS="1510" HPOS="556"/>
							<String ID="string_482" HPOS="570" VPOS="1510" WIDTH="109" HEIGHT="22" WC="0.96" CONTENT="Snellman"/><SP WIDTH="15" VPOS="1510" HPOS="679"/>
							<String ID="string_483" HPOS="694" VPOS="1510" WIDTH="39" HEIGHT="22" WC="0.93" CONTENT="har"/><SP WIDTH="15" VPOS="1510" HPOS="733"/>
							<String ID="string_484" HPOS="748" VPOS="1510" WIDTH="73" HEIGHT="22" WC="0.93" CONTENT="anfört"/><SP WIDTH="13" VPOS="1510" HPOS="821"/>
							<String ID="string_485" HPOS="834" VPOS="1510" WIDTH="78" HEIGHT="28" WC="0.88" CONTENT="mänga"/><SP WIDTH="14" VPOS="1510" HPOS="912"/>
							<String ID="string_486" HPOS="926" VPOS="1510" WIDTH="55" HEIGHT="27" WC="0.96" CONTENT="skäl,"/><SP WIDTH="17" VPOS="1510" HPOS="981"/>
							<String ID="string_487" HPOS="998" VPOS="1516" WIDTH="45" HEIGHT="16" WC="0.97" CONTENT="som"/>
						</TextLine>
						<TextLine ID="line_48" HPOS="218" VPOS="1536" WIDTH="825" HEIGHT="31">
							<String ID="string_488" HPOS="218" VPOS="1542" WIDTH="38" HEIGHT="22" WC="0.93" CONTENT="jag"/><SP WIDTH="20" VPOS="1542" HPOS="256"/>
							<String ID="string_489" HPOS="276" VPOS="1536" WIDTH="48" HEIGHT="24" WC="0.93" CONTENT="icke"/><SP WIDTH="20" VPOS="1536" HPOS="324"/>
							<String ID="string_490" HPOS="344" VPOS="1537" WIDTH="36" HEIGHT="23" WC="0.93" CONTENT="vill"/><SP WIDTH="14" VPOS="1537" HPOS="380"/>
							<String ID="string_491" HPOS="394" VPOS="1544" WIDTH="99" HEIGHT="22" WC="0.92" CONTENT="upprepa"/><SP WIDTH="14" VPOS="1544" HPOS="493"/>
							<String ID="string_492" HPOS="507" VPOS="1538" WIDTH="39" HEIGHT="23" WC="0.96" CONTENT="och"/><SP WIDTH="16" VPOS="1538" HPOS="546"/>
							<String ID="string_493" HPOS="562" VPOS="1545" WIDTH="46" HEIGHT="16" WC="0.93" CONTENT="som"/><SP WIDTH="15" VPOS="1545" HPOS="608"/>
							<String ID="string_494" HPOS="623" VPOS="1545" WIDTH="64" HEIGHT="22" WC="0.92" CONTENT="synes"/><SP WIDTH="15" VPOS="1545" HPOS="687"/>
							<String ID="string_495" HPOS="702" VPOS="1540" WIDTH="42" HEIGHT="27" WC="0.93" CONTENT="mig"/><SP WIDTH="14" VPOS="1540" HPOS="744"/>
							<String ID="string_496" HPOS="758" VPOS="1539" WIDTH="47" HEIGHT="22" WC="0.93" CONTENT="tala"/><SP WIDTH="14" VPOS="1539" HPOS="805"/>
							<String ID="string_497" HPOS="819" VPOS="1538" WIDTH="33" HEIGHT="24" WC="0.96" CONTENT="för"/><SP WIDTH="15" VPOS="1538" HPOS="852"/>
							<String ID="string_498" HPOS="867" VPOS="1546" WIDTH="26" HEIGHT="16" WC="0.93" CONTENT="en"/><SP WIDTH="15" VPOS="1546" HPOS="893"/>
							<String ID="string_499" HPOS="908" VPOS="1539" WIDTH="68" HEIGHT="23" WC="0.92" CONTENT="sädan"/><SP WIDTH="14" VPOS="1539" HPOS="976"/>
							<String ID="string_500" HPOS="990" VPOS="1539" WIDTH="53" HEIGHT="23" WC="0.93" CONTENT="kon-"/>
						</TextLine>
					</TextBlock>
				</ComposedBlock>
			</PrintSpace>
		</Page>
	</Layout>
</alto>
