1086 1717
233 90 42 23 884
540 95 40 19 Den
596 94 27 20 24
638 94 43 26 Maj.

205 164 42 22 gen
261 158 99 22 uttalade
373 158 165 29 rättsprinciper
552 166 51 16 vore
618 160 80 28 möjlig,
715 160 26 21 så
756 160 40 22 har
811 166 49 16 man
875 161 33 21 att
918 159 66 23 tänka
995 160 34 27 sig

206 187 26 22 de
256 187 138 27 ekonomiska
415 188 157 28 verkningarne
594 188 23 22 af
634 188 115 26 reformen,
767 190 33 20 att
815 188 67 23 tänka
896 188 38 28 sig,
950 189 8 22 i
973 189 56 21 hvad

204 216 50 26 mån
276 217 104 21 orättvisa
401 216 92 23 faktiskt
513 217 71 23 blefve
605 218 96 22 rådande
718 218 54 22 eller
786 218 54 22 icke.
870 218 115 27 Angående
1002 218 26 21 de

205 239 140 28 ekonomiska
360 245 155 28 verkningarne
531 246 23 22 af
567 246 112 27 reformen,
694 247 76 21 kunna
778 247 109 27 åsigterna
891 246 79 28 jemväl
978 253 52 15 vara

205 274 77 22 delade
296 274 91 22 likasom
403 274 26 22 de
444 275 124 34 påtagligen
584 277 37 20 äro
638 264 41 33 det
689 276 114 26 angående
818 275 76 22 vidden
911 275 23 23 af
947 275 54 30 det
996 282 31 15 in-

204 302 100 33 flytande,
327 309 48 17 som
389 303 26 22 de
431 308 89 30 senare
523 304 95 26 tidernas.
634 305 127 21 silfverkurs
777 304 48 22 haft
838 304 36 33 på
881 298 125 44 våruprisen
1021 304 7 22 i

203 324 80 30 lähdöt.
313 327 62 27 Hvåd
387 326 138 28 sistberörda
539 333 69 27 punkt
622 333 141 27 vidkommer,
780 334 63 21 utber
855 334 37 27 jag
900 334 43 27 mig
952 333 20 22 få
989 333 39 21 med

204 361 115 27 anledning
345 360 22 22 af
393 361 41 22 den
455 361 60 22 siste
535 362 64 22 ärade
621 362 95 22 talarens
741 351 40 33 ord
802 362 112 22 framhålla
936 364 34 20 att
990 368 38 22 ge-

203 396 50 16 nom
268 389 149 23 allvarsamma
431 390 164 28 vetenskapliga
610 391 193 27 undersökningar,
820 397 46 16 som
877 393 36 25 egt
924 398 47 15 rum
980 391 47 21 der-

204 418 65 28 öfver,
286 418 37 23 det
338 424 62 23 synes
415 418 152 24 konstateradt
575 422 33 20 att
615 420 103 22 inverkan
729 420 24 22 af
762 420 27 22 de
796 420 173 23 internationella
977 420 51 21 kur-

204 454 64 16 serna
290 450 24 20 är
335 447 86 28 mycket
442 447 108 29 långsam
562 449 29 27 pä
610 451 32 19 ett
663 449 62 22 lands
741 450 126 27 myntvärde
882 449 33 22 för
930 449 98 22 transak-

203 477 71 22 tioner
295 477 57 22 inom
373 477 85 27 landet;
480 477 134 28 naturligtvis
638 478 69 21 måste
729 479 56 20 dock
799 479 42 20 alla
856 478 44 27 pris
915 478 30 33 på
958 484 68 27 varor,

204 512 46 16 som
273 508 37 20 äro
331 505 87 23 föremål
440 494 33 34 för
496 506 37 22 det
554 507 174 22 internationella
743 507 94 28 utbytet,
853 509 60 19 snart
928 508 52 20 röna
995 507 31 21 in-

203 535 81 22 verkan
299 534 65 23 deraf.

271 563 50 22 Man
343 564 42 21 kan
407 563 65 22 ställa
494 564 33 27 sig
546 564 29 27 på
595 564 40 21 den
652 563 101 23 absoluta
769 565 155 22 metallteorins
940 564 86 21 område

203 593 40 21 och
266 593 65 28 påstå
353 595 32 20 att
407 593 48 21 icke
474 593 100 26 Finlands
589 593 69 28 banks
674 589 139 42 kursnoterin,
848 607 21 20 T,;
882 593 20 32 de
917 589 41 42 epd
917 599 56 27 epda
986 593 40 22 och

200 620 120 35 adäörande
332 620 48 28 hör
394 621 9 24 i
415 617 84 31 landet;
512 620 118 24 motsvara
635 619 49 25 vårt
698 622 71 28 mynts
785 621 97 28 verkliga
896 593 62 56 ven
976 622 49 21 Men

200 645 37 27 'om
250 656 39 22 jag
303 652 46 20 mot
363 648 62 24 detta
440 652 59 25 mynt
514 650 32 22 får
560 651 58 27 köpa
633 657 26 16 en
674 651 103 22 Finlands
794 651 68 22 banks
879 651 58 22 vexel
952 651 29 27 pä
991 653 34 19 ut-

202 679 74 22 landet
299 679 40 22 och
361 679 35 22 för
419 680 70 21 denna
506 679 58 28 guld,
584 680 25 21 sä
628 682 24 19 är
670 680 37 21 det
722 680 36 22 väl
771 680 46 27 just
832 680 68 27 priset
912 680 28 27 pä
956 680 70 21 denna

201 708 101 21 Finlands
320 708 68 21 banks
408 708 67 27 vexel,
493 708 81 22 hvilket
593 709 130 21 bestämmer
743 709 38 21 det
799 709 44 27 pris
858 709 7 21 i
880 708 65 22 finskt
959 710 65 26 mynt,

202 742 46 16 som
268 737 38 27 jag
328 737 33 22 fär
377 737 74 22 betala
466 736 33 22 för
513 737 57 27 guld.
600 737 34 22 Dä
648 737 107 28 importen
771 738 103 21 betäckes
890 737 48 22 med
954 737 71 22 vexlar

202 765 67 28 enligt
283 766 96 22 bankens
394 766 100 27 notering
509 765 39 22 och
564 768 114 25 exportens
692 767 145 27 trasseringar
847 766 114 27 ligvideras
970 765 54 22 efter

201 800 81 16 samma
304 795 58 26 kurs,
385 795 26 21 sä
428 795 69 21 måste
512 795 96 21 bankens
624 795 124 27 noteringar
763 795 76 22 utöfva
853 795 97 22 starkare
965 794 59 28 infly-

200 823 65 22 tande
280 824 28 27 pä
323 823 80 22 silfrets
418 823 67 22 värde
500 823 7 22 i
521 823 49 22 värt
583 823 51 22 land
648 826 27 19 än
691 823 216 22 silfvermarknadens
918 823 6 22 i
934 823 90 22 London

200 852 130 27 noteringar.
360 853 51 22 Deri
426 851 63 23 fanns
503 852 47 21 skäl
565 854 52 20 utan
633 852 73 23 tvifvel
721 852 34 22 för
770 853 103 26 komit6n,
889 854 33 20 att
929 854 95 25 upptaga

200 880 98 23 bankens
318 881 177 27 kursnoteringar
509 881 71 22 säsom
595 881 208 28 beräkningsgrund.
833 882 62 21 Hvad
907 881 39 28 jag
960 881 63 22 fram-

200 909 33 22 för
255 909 40 22 allt
316 910 64 23 utber
401 911 44 26 mig
460 912 33 19 att
507 909 22 22 fä
542 909 112 22 framhälla
670 912 30 25 är,
716 912 33 20 att
764 917 35 15 om
815 917 48 15 man
879 909 97 28 öfvergär
991 910 32 21 till

200 938 38 22 det
252 945 42 22 nya
308 941 83 26 myntet
406 939 91 22 sälunda
512 941 34 19 att
559 945 50 15 man
622 939 119 22 fastställer
757 946 28 15 en
800 939 222 27 konverteringskurs,

199 973 51 16 vare
269 967 33 28 sig
318 967 68 28 enligt
400 967 126 22 medeltalet
541 967 22 22 af
576 967 26 22 de
618 970 88 20 senaste
721 968 97 21 tidernas
835 967 123 28 silfverpris,
974 974 49 15 man

199 996 35 21 mä
257 996 28 21 dä
304 998 51 26 taga
369 1003 26 16 en
411 996 52 22 eller
478 996 51 22 flere
542 997 113 22 mänaders
669 997 100 26 notering
785 997 32 21 till
833 997 74 27 grund,
924 997 52 21 eller
991 998 32 20 att

199 1031 49 15 man
266 1027 40 25 gör
324 1026 38 21 det
377 1025 53 22 efter
444 1025 80 22 kursen
535 1025 32 33 pä
582 1025 41 22 den
639 1025 47 28 dag,
704 1025 27 22 dä
746 1025 107 22 reformen
869 1025 153 28 proklameras,

199 1053 26 22 sä
246 1053 40 22 har
309 1061 56 20 man,
389 1054 129 24 ätminstone
533 1054 7 21 i
559 1053 85 23 formelt
661 1053 108 27 afseende,
785 1054 45 22 lika
844 1054 86 28 mycket
944 1054 79 22 kränkt

198 1082 120 27 borgenärs
334 1072 41 33 och
390 1079 114 31 gäldenärs
519 1083 196 26 rättsförhällande,
726 1089 48 16 som
785 1089 78 21 genom
875 1083 42 22 den
926 1089 30 16 nu
966 1083 55 21 före-

198 1111 76 27 slagna
292 1112 180 27 konverteringen
487 1111 99 28 möjligen
601 1112 43 21 kan
660 1112 47 26 ske;
723 1114 22 25 ty
762 1112 29 21 dä
806 1112 39 21 har
860 1118 49 15 man
921 1112 25 27 ju
962 1114 59 19 anta-

197 1139 32 28 git
248 1140 41 22 och
306 1140 104 23 förutsatt
429 1142 34 20 att
478 1139 41 23 alla
533 1139 141 23 förbindelser
689 1129 37 33 äro
742 1140 33 21 till
791 1139 110 28 betalning
916 1139 104 28 förfallna,

196 1174 51 16 vare
270 1169 34 27 sig
321 1170 46 27 just
387 1169 69 22 under
471 1169 59 22 tiden
544 1169 46 22 före
606 1169 53 22 eller
672 1170 30 27 pä
717 1169 69 27 dagen
803 1169 33 22 för
851 1169 117 22 reformens
984 1175 36 21 ge-

196 1197 147 23 nomförande.
372 1198 50 22 Men
442 1197 25 22 sä
487 1200 24 19 är
525 1198 48 21 icke
588 1197 70 22 fallet:
676 1198 26 21 de
717 1197 86 22 förfalla
818 1198 32 21 till
866 1198 110 27 betalning
991 1197 29 22 ef-

195 1226 92 22 terhand
303 1227 68 22 under
386 1233 26 16 en
427 1224 94 30 tidrymd
536 1226 23 22 af
571 1229 53 19 nära
640 1229 26 19 10
682 1227 24 21 år
721 1227 104 26 derefter;
843 1227 40 21 och
892 1227 77 21 endast
976 1226 44 22 ifall

195 1261 49 15 man
267 1257 35 20 tar
323 1256 82 27 hänsyn
422 1255 81 28 jemväl
525 1255 33 22 till
578 1256 69 21 denna
666 1240 169 53 omständighet,
854 1255 39 22 har
908 1262 49 15 man
972 1255 48 22 fullt

196 1283 71 28 dragit
288 1285 165 27 konseqvensen
476 1284 23 22 af
513 1284 39 22 den
574 1286 52 25 sats,
642 1284 26 22 hr
683 1284 110 22 Snellman
809 1285 6 21 i
831 1284 42 28 dag
888 1284 83 28 påmint
986 1291 34 15 om

196 1312 39 22 och
258 1319 47 17 som
325 1314 119 26 säkerligen
460 1313 122 22 hvarochen
597 1302 70 33 skulle
682 1313 52 33 vilja
747 1313 94 33 biträda,
857 1314 114 32 nemligen,
987 1315 33 20 att

194 1347 49 16 man
265 1339 49 25 icke
333 1342 54 22 skall
403 1342 28 28 på
445 1342 68 27 något
527 1343 45 20 sätt
586 1342 48 22 med
649 1342 67 27 tvång
729 1342 86 27 ingripa
830 1342 110 22 ändrande
955 1342 6 21 i
977 1341 42 23 för-

194 1369 112 23 hållandet
321 1371 90 22 emellan
427 1370 104 36 gäldenär
546 1370 40 22 och
601 1359 113 39 borgenär.

262 1399 41 29 Om
324 1400 95 25 kursen
405 1392 16 40 ';
426 1400 51 22 vid
485 1396 126 25 'refotmens'
618 1393 181 34 pråklamerandé
816 1398 62 23 stode
894 1395 76 26 såsom
982 1394 35 32 nu,

193 1426 26 22 så
230 1407 73 42 ktm
281 1428 84 22 mindre
380 1430 27 20 än
425 1430 25 20 10
465 1430 91 26 procent
571 1428 76 28 skiljde
663 1429 89 21 emellan
772 1428 52 27 guld
833 1428 40 22 och
881 1428 73 22 silfver
961 1417 57 33 fran-

193 1462 45 21 cen,
256 1458 41 21 och
311 1464 50 15 man
376 1457 53 26 sade
443 1459 33 19 att
492 1456 54 22 efter
561 1458 69 21 denna
644 1458 52 21 kurs
708 1457 61 22 skola
777 1456 171 23 förbindelserna
955 1457 63 27 liqvi-

192 1470 70 47 deras,
278 1492 49 16 men
342 1486 69 27 någon
427 1486 32 22 tid
475 1486 72 27 derpå,
564 1486 27 22 då
606 1486 37 21 det
658 1486 71 27 gällde
743 1485 34 22 för
793 1492 26 15 en
827 1486 79 27 mängd
914 1486 103 27 gäldenä-

191 1519 35 16 rer
246 1516 32 20 att
294 1515 73 22 betala
382 1515 47 22 sina
443 1515 147 27 förbindelser,
606 1514 154 23 silfverkursen
775 1520 52 17 vore
843 1516 16 21 t.
876 1521 31 16 ex.
924 1516 27 21 20
966 1521 50 21 pro-
