1086 1717
388 116 40 18 Den
445 114 25 18 18
486 116 41 24 Maj.
797 115 41 20 763

115 180 34 20 att
170 179 88 22 ständet
278 179 70 21 likasä
364 178 97 28 godkänt
476 178 112 23 Allmänna
602 180 213 22 Besvärsutskottets
831 179 38 22 be-

47 208 108 22 tänkande
177 208 7 21 i
207 208 115 26 anledning
341 207 22 22 af
377 214 26 16 en
418 207 58 21 inom
491 208 159 28 Ridderskapet
665 208 41 22 och
721 208 68 22 Adeln
805 208 65 22 väckt

47 237 92 27 petition
162 242 34 16 om
216 237 121 21 inrättande
357 236 22 22 af
393 242 26 16 en
434 236 69 27 högre
517 236 146 22 konstanstalt
677 237 7 21 i
700 237 97 27 Finland;
814 238 57 20 samt

118 267 33 20 att
173 265 87 22 ständet
279 265 61 27 gillat
355 265 112 22 Allmänna
482 265 214 23 Besvärsutskottets
711 265 137 23 betänkande
863 266 7 21 i

48 294 116 28 anledning
179 294 23 22 af
215 300 26 16 en
256 294 58 22 inom
328 294 166 22 Presteständet
508 295 64 21 väckt
586 295 92 27 petition
694 300 34 16 om
743 295 127 21 ständernas

47 324 102 25 hörande,
166 323 132 22 beträffande
312 322 254 28 undervisningsspräket
580 323 37 22 vid
624 324 86 21 landets
718 324 89 26 publika
813 324 58 21 läro-

50 352 54 22 verk
119 352 40 22 och
173 352 132 28 beviljandet
320 351 22 22 af
355 351 119 22 understöd
491 352 23 21 ät
527 352 85 27 privata
626 352 161 28 läroanstalter;
847 376 2 4 N

117 380 47 22 frän
185 380 190 28 Borgareständet,
398 380 50 22 med
469 380 169 23 underrättelse:
663 383 33 19 att
716 381 87 22 ständet
819 381 52 28 god-

49 410 54 21 känt
117 409 260 28 Expeditionsutskottets
391 408 82 29 förslag
489 409 32 22 till
536 409 124 23 skrifvelser
675 410 149 22 innehällande
835 417 37 15 an-

49 439 71 22 mälan
137 439 111 28 angående
262 439 143 26 landtdagens
421 437 144 29 förlängning;

119 470 32 19 att
180 468 113 21 Allmänna
314 467 213 22 Besvärsutskottets
550 467 144 27 betänkande,
722 468 7 21 i
759 467 115 28 anledning

51 496 22 22 af
94 503 27 15 en
143 497 32 22 uti
196 497 160 27 Ridderskapet
375 496 41 22 och
431 496 71 21 Adeln
517 497 64 21 väckt
596 497 91 27 petition
702 503 34 15 om
751 497 123 21 inrättande

50 525 23 22 af
93 532 27 15 en
141 526 67 27 högre
231 525 146 22 konstanstalt
393 525 8 21 i
416 525 98 26 Finland,
529 525 70 22 blifvit
614 525 22 22 af
650 526 87 22 ständet
752 526 122 27 godkändt;

50 556 57 20 samt

120 585 33 20 att
175 583 87 22 ständet
280 583 66 22 ocksä
365 583 97 27 godkänt
481 583 113 22 Allmänna
608 583 214 22 Besvärsutskottets
837 583 38 22 be-

50 612 110 22 tänkande
175 613 7 21 i
197 612 114 27 anledning
326 611 23 22 af
362 618 26 15 en
403 611 57 22 inom
475 611 166 22 Presteständet
656 612 64 22 väckt
734 612 91 27 petition
841 619 35 15 om

51 641 128 22 ständernas
201 641 103 26 hörande,
318 640 133 23 beträffande
469 641 256 27 undervisningsspräket
739 641 36 22 vid
790 641 85 22 landets

51 670 90 27 publika
161 670 100 22 läroverk
283 669 41 22 och
345 669 132 28 beviljandet
501 669 22 22 af
542 670 120 22 understöd
682 670 23 21 åt
721 670 84 27 privata
820 670 56 21 läro-

53 699 114 27 anstalter;

121 727 47 22 från
190 727 169 27 Bondeståndet,
378 727 50 22 med
442 727 215 28 tillkännagifvande:
674 729 33 20 att
722 727 87 22 ståndet
824 727 53 27 god-

52 757 54 21 känt
128 757 113 21 Allmänna
262 756 213 22 Besvärsutskottets
496 756 138 22 betänkande
656 756 8 22 i
686 756 114 27 anledning
815 756 22 22 af
851 763 26 14 en

52 785 57 22 inom
124 785 164 22 Presteståndet
301 785 64 22 väckt
379 785 92 27 petition
487 791 35 16 om
537 786 127 21 ständernas
679 785 102 27 hörande,
796 784 81 23 beträf-

52 813 65 23 fande
139 814 255 27 undervisningsspråket
415 814 36 21 vid
465 813 87 22 landets
568 814 89 27 publika
672 814 98 22 läroverk
785 814 40 22 och
840 813 37 23 be-

54 843 104 28 viljandet
173 843 23 22 af
208 843 118 22 understöd
342 843 23 28 åt
379 843 84 27 privata
478 843 160 26 läroanstalter;

123 873 33 20 att
171 872 35 21 vid
221 872 130 27 behandling
366 871 23 22 af
397 871 116 22 Allmänna
521 872 212 21 Besvärsutskottets
741 871 138 22 betänkande

55 901 50 22 med
127 901 115 27 anledning
264 901 23 21 af
304 907 27 15 en
346 900 32 22 uti
392 900 162 28 Ridderskapet
570 901 40 22 och
625 900 69 22 Adeln
709 901 64 21 väckt
787 900 92 28 petition

55 935 36 16 om
107 930 123 21 inrättande
249 929 22 22 af
284 936 27 15 en
325 929 68 28 högre
407 929 150 22 konstanstalt
571 929 7 22 i
594 929 95 27 Finland,
706 929 87 22 ståndet
807 929 72 22 beslu-

56 960 34 21 tat
112 960 33 21 att
166 958 92 23 berörde
278 958 90 27 petition
384 958 48 22 icke
448 958 72 23 skulle
535 959 32 21 till
583 959 70 27 någon
668 959 76 27 åtgärd
759 958 120 26 föranleda;

56 989 58 20 samt

126 1018 33 20 att
181 1016 87 22 ståndet
286 1016 97 27 godkänt
399 1015 262 28 Expeditionsutskottets
676 1016 80 27 förslag
771 1015 33 22 till
819 1015 62 22 skrif-

56 1045 71 22 velser
141 1045 49 22 med
205 1045 98 22 anmälan
319 1044 110 28 angående
444 1045 144 27 landtdagens
604 1045 139 27 förländning.

125 1075 71 21 Dessa
211 1073 198 28 protokollsutdrag
419 1073 72 22 skulle
501 1074 66 22 bland
574 1074 169 28 Ridderskapets
754 1073 40 22 och
802 1073 80 22 Adelns

59 1102 68 28 öfriga
141 1103 128 27 handlingar
283 1102 102 23 förvaras.

127 1189 58 22 Ifrån
208 1189 169 22 Statsutskottet
398 1189 58 22 hade
479 1189 115 22 inkommit
617 1189 39 22 och
680 1190 111 27 upplästes
815 1195 26 15 en
861 1189 25 21 så

60 1219 92 28 lydande
169 1218 122 22 skrifvelse:

223 1277 41 21 Till
277 1277 120 27 Höglofliga
411 1276 159 28 Ridderskapet
586 1277 36 22 och
636 1277 74 21 Adeln.

132 1334 82 22 Genom
236 1334 198 27 protokollsutdrag
452 1333 24 22 af
495 1334 41 22 den
551 1336 28 20 20
595 1334 97 22 sistlidne
707 1333 60 27 April
782 1333 39 21 har
836 1332 53 26 hög-

62 1363 89 27 vördiga
166 1363 165 21 Presteständet
346 1363 33 21 till
394 1362 186 22 Statsutskottets
595 1362 159 27 handläggning
769 1361 122 22 remitterat

63 1398 27 15 en
109 1391 23 22 af
148 1391 126 22 Professorn
289 1392 88 21 Donner
391 1391 62 27 gjord
466 1391 166 27 framställning,
650 1393 33 19 att
697 1393 51 19 enär
764 1391 26 21 de
806 1389 85 27 tryckta

63 1420 157 28 handlingarna
235 1420 47 22 från
299 1421 140 21 18638—1864
456 1420 44 22 och
519 1422 52 20 1867
588 1421 35 21 års
637 1420 128 27 landtdagar
779 1419 44 21 lida
834 1417 22 21 af
865 1424 26 15 en

64 1449 206 27 anmärkningsvärd
290 1448 157 27 bristfällighet,
464 1450 8 20 i
489 1449 39 21 det
542 1451 32 19 att
590 1450 109 21 desamma
713 1446 179 27 hufvudsakligen

67 1478 90 22 omfatta
172 1478 76 21 endast
264 1478 25 21 de
305 1477 79 27 nädiga
398 1478 197 26 propositionerna,
611 1478 123 21 utskottens
742 1475 151 23 betänkanden

67 1507 41 21 och
126 1506 131 22 Ständernas
276 1506 7 21 i
301 1506 73 28 hvarje
389 1504 62 28 fräga
465 1506 85 22 fattade
566 1506 78 26 beslut,
660 1512 49 15 men
724 1505 116 27 styrelsens
855 1503 38 22 be-

69 1535 102 22 rättelser
186 1535 40 21 och
240 1535 150 26 redogörelser
405 1534 32 21 till
453 1534 131 28 Ständerna,
600 1534 111 22 deribland
726 1534 41 22 den
781 1533 34 23 för
825 1531 69 25 öfver-
