1086 1717
414 124 40 18 Den
473 121 24 21 15
513 123 43 25 Maj.
821 120 40 23 749

67 187 123 29 ningsfråga
204 187 32 22 till
252 187 136 27 granskning.
412 187 77 22 Såsom
504 188 50 21 herr
568 187 149 28 Montgomery
732 187 65 22 redan
809 187 82 27 antydt,

67 218 40 21 har
125 216 109 22 utskottet
252 216 48 22 icke
319 216 77 22 endast
411 216 76 22 afvikit
501 216 47 21 från
564 216 26 22 de
606 216 86 27 vanliga
707 216 99 27 grunder,
823 222 46 16 som
884 216 7 21 i

68 246 116 22 allmänhet
198 245 68 27 följas,
283 245 29 21 då
326 245 111 27 pluralitet
453 244 22 22 af
489 245 56 21 olika
560 245 111 27 meningar
686 245 7 21 i
705 245 105 27 kollegier
820 245 70 26 sökes,

67 277 52 19 utan
139 274 61 22 äfven
219 274 46 21 helt
284 274 40 21 och
343 274 68 21 hållet
425 274 82 22 lemnat
522 274 60 21 åsido
598 274 42 22 och
656 274 60 21 ställt
731 274 34 27 sig
778 274 47 22 helt
839 274 51 21 obe-

67 304 80 21 roende
163 302 22 22 af
199 302 27 22 de
241 302 136 27 anvisningar
392 302 23 28 $$
431 304 28 20 72
475 303 41 21 och
531 304 26 20 73
568 302 8 22 i
586 302 245 28 Landtdagsordningen
841 302 50 22 här-

67 332 71 27 vidlag
159 332 77 26 lemna,
260 332 26 21 då
308 332 115 26 utskottet,
449 331 68 22 ehuru
535 333 34 20 tre
584 331 64 22 stånd
664 331 113 22 bibehållit
791 337 100 22 morgon-

68 360 77 28 gåfvan
161 361 6 21 i
183 362 69 20 större
272 360 53 22 eller
340 360 82 22 mindre
437 360 157 27 utsträckning,
611 360 65 21 likväl
691 360 112 28 föreslagit
817 367 27 16 en
859 360 32 22 in-

67 390 104 27 bjudning
190 389 33 21 till
242 389 64 21 dessa
324 391 33 19 tre
377 389 64 21 stånd
457 391 33 19 att
504 389 49 22 med
568 388 131 28 frångående
714 388 23 22 af
750 390 47 21 sina
811 389 78 27 beslut,

67 418 91 23 omfatta
176 418 170 27 Ridderskapets
365 418 40 22 och
425 418 83 22 Adelns
524 418 62 27 åsigt,
603 424 46 15 som
664 418 116 28 innefattar
795 420 32 20 att
841 418 50 23 hela

67 447 302 28 morgongäfvoinstitutionen
384 447 86 22 komme
485 449 34 20 att
532 446 127 28 upphäfvas.
689 447 68 22 Äfven
770 447 37 28 jag
821 447 70 22 måste

67 477 85 21 således
171 476 108 27 tillstyrka
299 477 33 20 att
348 475 162 28 Ridderskapet
525 477 39 20 och
580 475 70 22 Adeln
666 475 70 22 skulle
750 475 93 23 förklara
859 478 32 19 att

67 504 324 29 sammanjemkningsförslaget
409 505 48 21 icke
477 505 43 22 kan
535 505 125 26 godkännas
676 505 41 21 och
733 505 158 22 återremittera

67 535 97 26 ärendet,
186 533 50 22 med
258 533 117 28 antydning
396 536 33 19 att
452 535 109 20 utskottet
575 533 69 22 måtte
658 533 108 22 inkomma
780 534 49 21 med
843 535 48 26 nytt

67 563 86 28 förslag,
170 569 46 16 som
231 569 51 15 vore
297 562 108 28 grundadt
420 563 29 27 på
464 563 195 27 Borgareståndets
674 563 78 27 beslut,
767 563 33 21 till
810 563 81 21 hvilket

67 592 72 21 beslut
161 592 85 22 Preste-
269 592 41 21 och
331 592 180 21 Bondeståndens
526 591 111 28 meningar
652 593 96 20 närmast
762 591 62 22 torde
839 598 52 15 vara

69 623 33 19 att
117 620 95 23 hänföra.

136 649 56 22 Herr
207 656 41 15 von
262 649 119 22 Hellens:
397 649 74 22 Sedan
487 649 27 22 de
529 651 50 20 näst
593 649 130 27 föregående
737 651 77 21 tvenne
825 649 65 22 ärade

69 678 97 22 talarena
184 679 67 21 redan
270 677 135 28 fullständigt
422 678 112 22 utvecklat
553 678 68 22 saken
638 685 26 14 ur
680 684 81 15 samma
776 678 114 28 synpunkt,

68 707 107 22 hvarifrån
192 707 38 28 jag
249 713 35 16 ser
300 707 129 26 densamma,
445 707 37 21 vill
495 707 38 27 jag
548 707 48 22 icke
611 709 96 25 upptaga
721 707 169 27 Ridderskapets

68 737 40 20 och
128 736 80 22 Adelns
228 736 32 21 tid
279 736 49 21 med
348 736 72 21 vidare
435 736 125 27 utveckling
576 736 66 27 derat,
657 737 52 20 utan
725 736 96 22 anhåller
835 735 56 22 blott

70 767 33 19 att
117 764 22 22 få
153 765 140 27 understödja
308 765 99 21 bemälde
423 764 67 22 ärade
505 765 79 21 talares
600 765 102 27 yrkande.

135 794 57 21 Herr
210 794 120 27 Pipping,
351 793 100 22 Fredrik:
471 793 42 28 Jag
531 794 39 21 har
584 793 33 22 för
632 794 43 21 min
691 793 34 22 del
739 793 44 22 fäst
797 793 44 27 mig
854 793 37 22 vid

69 822 26 22 de
114 823 97 26 motiver,
232 829 46 15 som
297 822 69 22 finnas
382 823 6 20 i
403 823 123 21 utskottets
542 822 297 28 sammanjemkningsförslag
853 828 37 15 an-

67 850 67 28 förda,
151 851 39 22 och
206 851 22 22 af
241 851 73 22 hvilka
326 851 39 28 jag
379 851 39 22 ber
432 850 22 23 få
469 851 93 28 uppläsa
573 857 26 16 en
610 851 44 22 del:
668 851 22 27 ,[
700 851 107 22 anseende
817 851 73 22 härtill

67 880 41 21 och
131 880 28 22 då
181 880 134 22 sistnämnda
336 881 37 21 två
395 880 76 21 stånds
489 880 179 27 (Ridderskapets
684 880 40 21 och
739 880 80 22 Adelns
835 881 56 20 samt

65 909 185 28 Bondeståndets)
266 909 78 27 beslut,
367 909 34 21 väl
423 909 49 21 icke
495 909 7 21 i
525 908 101 23 afseende
642 909 12 22 å
669 909 156 27 ordalydelsen,
841 915 49 16 men

66 938 97 21 deremot
177 938 7 21 i
200 937 100 22 afseende
324 938 12 21 å
358 937 158 27 verkningarne
538 940 98 19 närmare
652 937 85 22 ansluta
752 937 33 28 sig
800 937 33 22 till
848 938 41 21 den

65 968 46 20 rätt
125 967 8 21 i
147 967 34 26 bo,
202 973 47 15 som
266 967 78 21 hustru
359 967 7 20 i
382 967 27 21 de
424 966 65 22 flesta
505 967 120 27 äktenskap
640 967 7 20 i
662 966 88 22 Finland
765 966 76 22 hittills
857 966 32 21 åt-

65 995 71 28 njutit,
153 997 55 20 samt
231 996 43 27 det,
290 998 52 19 enär
356 1001 49 16 man
420 995 41 22 och
475 995 79 22 hustru
569 995 123 28 derigenom
707 995 69 22 blefve
791 995 98 22 fullkom-

65 1024 40 27 ligt
119 1025 116 26 likställda,
252 1025 18 27 ej
286 1024 62 22 torde
364 1031 50 14 vara
429 1024 49 21 skäl
495 1026 32 20 att
541 1024 148 27 upprätthålla
701 1031 26 15 en
737 1024 93 21 särskild
845 1024 44 27 lag-

64 1053 99 27 stiftning
178 1059 34 16 om
227 1053 171 27 morgongäfva*,
415 1053 25 21 så
454 1053 93 22 föreslår
562 1053 108 22 utskottet
685 1053 204 28 sammanjemkning

64 1081 8 22 i
88 1081 94 28 enlighet
204 1083 48 20 med
274 1082 171 27 Ridderskapets
469 1082 42 21 och
532 1082 79 21 Adelns
633 1082 78 21 beslut.
740 1082 51 21 Man
809 1082 36 21 må
859 1088 28 15 nu

63 1110 64 22 hafva
149 1111 86 22 hvilken
258 1111 56 26 åsigt
337 1117 46 15 som
405 1111 58 21 helst
479 1117 36 15 om
531 1110 27 22 de
574 1111 98 27 grunder,
689 1117 46 16 som
750 1111 49 22 bort
812 1111 75 26 läggas

63 1139 32 22 till
117 1139 50 22 stöd
188 1139 34 22 för
244 1139 328 28 sammanjemkningsförslaget,
597 1140 24 21 så
644 1141 46 21 tror
708 1140 38 27 jag
769 1139 55 22 dock
838 1139 49 22 icke

61 1168 161 27 Ridderskapet
237 1169 41 21 och
292 1168 70 22 Adeln
375 1168 40 21 har
430 1168 73 27 någon
519 1169 114 26 anledning
648 1170 32 20 att
696 1168 65 23 afvisa
776 1168 110 27 förslaget,

62 1197 28 21 då
110 1197 37 22 det
165 1197 202 22 öfverensstämmer
381 1197 50 22 med
447 1197 38 22 det
500 1197 74 22 beslut
589 1197 159 28 Ridderskapet
763 1197 39 22 och
818 1197 68 22 Adeln

61 1225 58 22 förut
134 1226 8 21 i
157 1226 66 21 saken
237 1225 71 22 fattat.
332 1226 10 21 I
358 1233 26 14 en
400 1232 70 15 annan
490 1226 35 22 del
537 1225 21 22 af
567 1226 320 27 sammanjemkningsförslaget

61 1255 39 21 har
119 1255 38 27 jag
179 1255 97 22 deremot
297 1255 48 22 icke
367 1255 84 21 kunnat
473 1254 78 23 förena
572 1255 50 26 mig,
646 1255 40 22 och
704 1257 24 20 är
743 1255 37 22 det
794 1255 92 22 rörande

59 1283 96 27 lydelsen
180 1283 22 23 af
223 1284 41 22 den
286 1283 108 23 blifvande
416 1283 141 28 inledningen
580 1284 32 21 till
630 1283 151 28 författningen
796 1284 7 21 i
818 1283 67 28 fråga.

59 1312 42 28 Jag
121 1313 79 21 saknar
218 1313 106 27 nemligen
339 1313 7 21 i
362 1312 71 22 denna
447 1312 113 28 inledning
574 1312 52 22 flere
641 1313 90 27 lagrum,
747 1319 46 16 som
808 1312 79 22 beröra

59 1341 302 28 morgongåfvoinstitutionen
377 1342 46 26 och,
441 1341 28 22 då
483 1342 111 21 utskottet
611 1342 39 21 har
660 1342 46 27 lagt
715 1341 170 27 Ridderskapets

59 1370 41 22 och
114 1370 80 22 Adelns
210 1370 72 22 beslut
297 1370 32 22 till
345 1370 69 28 grund
429 1369 33 23 för
477 1370 41 22 sitt
534 1370 297 28 sammanjemkningsförslag
845 1370 40 22 och

59 1399 61 21 detta
141 1400 73 21 beslut
236 1399 118 22 innehåller
376 1400 33 20 att
431 1398 103 28 gällande
560 1399 134 27 stadganden
716 1399 67 21 borde
806 1399 79 21 ändras

58 1427 7 21 i
81 1434 81 16 samma
177 1428 60 27 syfte,
250 1428 19 22 d.
285 1434 19 16 v.
320 1434 16 15 s.
353 1428 7 21 i
375 1428 37 21 det
427 1427 63 27 syfte,
503 1430 34 19 att
546 1428 259 27 morgongåfvoinstitutet
815 1426 70 22 skulle

57 1456 90 27 förfalla,
171 1457 25 21 så
218 1458 45 20 tror
282 1457 38 27 jag
334 1456 33 22 för
381 1456 44 21 min
441 1456 35 22 del
493 1458 34 20 att
541 1456 108 22 utskottet
663 1456 40 22 har
717 1456 64 22 bland
797 1456 26 21 de
838 1455 47 27 lag-

57 1491 53 20 rum,
133 1492 47 15 som
202 1486 53 21 böra
276 1484 125 30 upphäfvas,
424 1484 49 22 bort
497 1485 115 27 uppräkna
628 1486 128 21 åtminstone
772 1485 49 21 dem
836 1489 48 17 som

56 1513 115 29 förefinnas
192 1514 7 21 i
220 1514 26 21 G.
262 1514 32 26 B.,
316 1514 57 21 Ä.B.
390 1513 41 21 och
446 1514 20 21 J.
482 1513 63 27 B:ne,
561 1514 125 27 isynnerhet
701 1520 46 15 som
762 1514 24 21 G.
802 1512 25 22 B.
843 1513 42 21 och

56 1543 23 20 Ä.
101 1542 52 22 B:ne
172 1542 48 22 med
240 1542 118 22 hvarandra
377 1548 40 20 ega
433 1548 26 15 en
473 1544 57 20 nära
546 1542 39 22 och
602 1542 124 28 oskiljaktig
742 1541 138 28 gemenskap.
