1086 1717
244 116 42 20 570
549 120 40 18 Den
604 119 27 18 24
648 120 58 24 April.

282 180 56 23 Herr
353 181 208 28 Pippingsköld:
592 184 43 27 Jag
649 183 39 22 ber
703 185 33 20 att
750 182 23 22 få
788 183 107 27 anmärka,
912 184 38 25 att,
967 182 27 22 då
1001 183 38 27 jag

216 208 84 24 fordrat
314 210 85 28 mycket
413 211 49 22 med
477 211 101 23 afseende
594 212 13 22 å
623 218 27 16 en
666 218 66 22 opera
747 211 62 23 äfven
819 211 7 22 i
837 211 140 29 Helsingfors,
988 218 51 16 vare

214 238 34 28 sig
270 240 34 21 att
324 239 40 21 den
385 241 24 20 är
427 240 79 22 svensk
522 240 52 22 eller
588 240 62 28 finsk,
667 242 25 21 så
706 242 40 21 har
759 240 38 28 jag
812 240 74 22 dervid
902 240 68 28 aldrig
984 240 56 22 talat

214 273 34 16 om
272 274 26 16 en
321 268 67 22 sådan
407 268 56 23 finsk
483 275 51 16 scen
555 271 91 26 ensamt,
662 270 48 22 icke
725 269 69 23 heller
809 275 34 16 om
859 276 27 15 en
900 269 138 23 uteslutande

214 296 80 22 svensk
310 296 73 28 sådan,
399 299 52 20 utan
465 298 8 21 i
489 298 115 22 allmänhet
619 305 35 16 om
670 305 26 15 en
712 304 66 22 opera
793 298 6 22 i
814 298 144 28 Helsingfors;
973 299 23 27 ty
1006 298 33 22 för

214 325 44 27 mig
273 327 24 19 är
312 325 36 21 det
364 326 125 28 detsamma,
505 327 83 22 hvilket
603 328 65 27 språk
684 328 41 22 den
736 328 116 26 begagnar.
877 328 67 21 Målet
954 327 40 22 har
1001 327 38 27 jag

214 354 59 22 velat
288 354 64 22 ställa
367 354 58 28 högt,
442 356 90 22 emedan
546 363 50 15 man
612 357 40 21 bör
667 356 25 22 sä
708 358 52 26 göra
775 356 49 22 med
839 362 26 15 en
881 356 157 26 konstanstalt;

213 388 49 16 men
280 382 38 28 jag
336 383 40 22 har
391 384 96 22 deremot
500 385 48 22 icke
563 385 59 22 velat
637 385 146 28 undertrycka
797 385 103 27 försöket,
916 387 52 19 utan
984 385 55 21 blott

216 413 54 26 sagt,
287 414 33 20 att
334 414 33 20 ett
381 412 79 23 sådant
474 413 73 23 försök
563 414 41 22 blir
614 420 43 22 nog
673 415 49 26 dyrt
732 416 57 20 samt
799 414 74 22 dervid
885 414 69 22 anfört
962 414 76 27 siffror,

214 440 21 22 af
250 441 64 28 ingen
328 442 136 28 vederlagda.
479 455 28 3 —
523 443 43 22 Det
580 443 114 22 förundrar
709 444 50 27 mig,
769 449 34 16 om
813 443 113 22 Allmänna
935 443 103 22 Besvärs-

213 470 119 22 utskottets
352 471 111 27 pluralitet
482 472 109 27 verkligen
606 473 84 22 kunnat
704 479 52 16 vara
771 472 23 22 af
807 473 40 21 den
864 472 61 27 äsigt,
942 473 32 25 att
988 472 50 27 lyri-

214 499 40 22 ska
269 499 87 22 artister
371 500 90 22 skoftals
478 501 68 22 skulle
562 502 108 27 uppträda
684 503 28 26 pä
727 501 121 27 talscenen;
860 503 23 26 ty
893 501 78 22 sädant
980 500 58 23 ford-

215 534 37 15 rar
274 535 47 14 man
344 528 138 27 ingenstädes
497 529 23 22 af
533 537 27 14 en
574 531 67 27 lyrisk
657 531 69 22 artist.
757 530 43 21 Vill
815 530 42 21 han
872 537 52 15 vara
939 530 40 21 och
994 529 44 22 för-

214 556 66 23 blifva
294 557 66 28 lyrisk
375 558 68 27 artist,
460 559 25 22 sä
499 559 39 22 bör
552 559 43 22 han
610 559 82 22 afhälla
707 560 34 27 sig
755 558 47 23 frän
813 561 32 20 att
856 559 106 28 uppträda
974 559 12 21 ä
996 559 42 22 den

214 586 109 27 egentliga
341 587 114 22 talscenen.
486 588 102 22 Arbetets
609 589 86 27 delning
715 588 68 28 gäller
803 587 62 22 äfven
883 589 7 20 i
906 588 60 22 detta
981 587 57 22 afse-

213 615 66 26 ende;
302 615 40 22 och
364 615 55 23 hade
435 617 39 27 jag
489 617 83 22 derföre
588 617 70 28 aldrig
672 618 84 21 kunnat
771 619 33 20 tro
819 618 33 20 att
867 617 148 27 pluralitetens
1030 617 8 21 i

213 643 109 23 utskottet
336 645 86 27 mening
436 646 56 21 varit
507 646 48 27 den,
564 652 46 16 som
620 653 51 21 nyss
680 647 39 21 här
727 645 70 22 blifvit
807 646 90 21 uttalad.
922 646 42 21 För
974 645 64 28 öfrigt

212 672 37 22 vill
261 673 44 27 jag,
320 673 56 22 hvad
391 673 50 23 herr
456 675 53 21 Rein
524 675 108 27 beträffar,
649 675 95 28 tillägga,
761 675 37 22 det
805 675 37 27 jag
852 675 83 27 hoppas
946 676 33 20 att
987 675 49 26 han,

212 701 93 22 likasom
320 708 27 16 en
361 702 53 23 hvar
429 710 68 15 annan
513 703 45 28 här,
569 703 118 28 medgifver
698 704 40 22 och
750 710 66 21 gerna
826 703 117 28 medgifver
954 705 32 20 att
995 703 42 22 den

213 729 131 29 diskussion,
368 737 46 16 som
435 733 41 21 här
497 733 69 22 blifvit
579 733 55 27 förd,
650 733 55 22 varit
720 733 52 27 lojal
788 732 40 22 och
843 732 27 22 fri
885 732 47 22 från
947 733 90 21 arriere-

212 760 98 26 penséer.
340 760 42 22 För
397 761 64 27 öfrigt
477 761 39 22 och
531 761 33 22 för
580 762 37 21 det
630 762 57 27 goda
701 762 8 21 i
725 761 67 22 saken
809 761 123 22 undandrar
942 762 38 27 jag
994 761 44 27 mig

211 787 49 23 icke
280 789 149 28 anslutningen
445 790 32 21 till
492 791 37 21 det
543 790 81 27 förslag
639 791 32 21 till
686 791 131 22 motiveradt
832 790 69 27 afslag
916 790 22 22 af
951 790 86 27 petitio-

212 823 49 21 nen,
278 823 46 16 som
338 817 50 23 herr
402 819 106 22 Mechelin
523 826 51 21 nyss
589 819 32 22 till
638 820 88 21 ståndet
742 819 121 22 framställt.

281 847 56 21 Herr
352 847 188 28 Godenhjelm:
570 849 42 27 Jag
627 849 37 21 vill
679 849 80 22 endast
774 848 109 27 anmärka,
900 849 47 20 med
963 847 73 22 anled-

211 874 52 28 ning
283 875 23 22 af
322 875 56 22 hvad
393 875 50 23 herr
457 877 151 27 Björkenheim
623 879 74 20 nämnt
720 877 54 22 eller
789 878 34 20 att
836 877 51 27 inga
901 877 135 21 underhand-

212 903 71 28 lingar
296 904 8 21 i
320 904 69 22 denna
400 905 39 22 sak
449 905 69 22 skulle
528 906 62 27 pågå,
603 908 32 20 att
645 907 59 21 vissa
714 905 197 28 underhandlingar
921 912 43 21 nog
973 905 63 28 pågå,

215 932 39 21 der
276 933 69 27 begge
367 934 110 27 partierna
499 937 36 19 äro
558 935 180 27 representerade
761 935 69 27 precis
846 935 29 27 på
890 941 81 15 samma
986 935 50 21 sätt.

210 961 126 27 Ingendera
351 963 207 28 garantiföreningen
574 966 24 19 är
612 964 36 22 väl
664 963 123 28 egentligen
802 963 171 27 representerad,
988 969 49 16 men

213 990 7 21 i
239 990 50 22 dem
304 991 87 28 deltaga
405 998 108 21 personer,
530 999 46 15 som
592 993 34 21 stå
641 993 108 22 hvardera
764 991 150 28 föreningarne
929 994 53 20 nära
996 992 41 22 och

212 1019 73 22 känna
306 1019 163 24 förhållandena
491 1021 40 22 och
554 1021 91 22 sålunda
667 1022 7 21 i
696 1020 79 29 sjelfva
792 1021 76 22 verket
887 1022 150 27 representera

212 1047 27 22 de
258 1047 129 29 föreningar,
407 1055 33 16 om
461 1050 71 21 hvilka
546 1050 61 28 fråga
622 1053 30 19 är.
682 1051 43 21 För
742 1049 65 28 öfrigt
821 1050 36 21 vill
870 1050 38 27 jag
922 1050 6 21 i
943 1049 93 28 förbigå-

210 1076 56 22 ende
286 1077 70 22 uttala
373 1078 42 21 min
431 1078 110 28 förvåning
556 1079 60 22 öfver
631 1079 37 22 det
682 1079 97 27 idkeliga
793 1079 123 22 uttalandet
931 1078 22 22 af
966 1078 70 23 förvå-

210 1105 53 28 ning
286 1105 58 23 öfver
366 1109 33 19 att
421 1113 27 16 en
469 1107 92 22 medlem
577 1107 23 22 af
612 1107 167 23 Bondeståndet
793 1107 104 22 inlemnat
906 1107 128 28 petitionen.

208 1133 42 23 Att
268 1134 39 23 hos
332 1141 35 16 oss
383 1136 32 22 uti
431 1137 33 21 ett
478 1137 70 26 stånd,
564 1143 46 16 som
625 1137 48 22 icke
689 1137 7 21 i
713 1137 69 21 andra
796 1136 76 22 länder
886 1137 84 27 mycket
984 1136 52 22 ifrar

208 1162 34 23 för
264 1163 98 28 konsten,
386 1165 81 22 sådana
484 1165 77 22 idéella
579 1165 140 22 sträfvanden
740 1165 122 27 förefinnas,
883 1165 67 22 borde
968 1165 68 22 väcka

210 1187 73 59 glädje
306 1193 41 22 och
369 1193 48 22 icke
439 1193 115 29 förvåning.
584 1195 68 21 Detta
670 1195 36 21 vill
724 1194 40 28 jag
783 1194 78 22 endast
875 1194 7 21 i
897 1194 139 27 förbigående

211 1222 77 20 uttala.

280 1250 96 22 Emedan
391 1251 65 28 ingen
471 1251 72 22 vidare
559 1252 95 22 önskade
669 1253 61 26 yttra
745 1251 39 28 sig,
801 1251 133 22 förklarades
951 1251 84 22 diskus-

208 1277 77 23 sionen
305 1279 93 23 afslutad
419 1280 40 22 och
479 1281 111 27 upplästes
605 1281 8 22 i
628 1280 105 23 afseende
749 1281 13 21 å
777 1281 121 27 antagande
913 1280 23 22 af
948 1281 87 22 kontra-

207 1308 136 27 proposition
358 1315 26 15 en
399 1310 26 21 så
439 1310 90 27 lydande
544 1310 146 27 proposition:

279 1353 9 10 »
291 1336 43 22 Vill
348 1337 159 29 Ridderskapet
523 1339 40 21 och
577 1339 69 22 Adeln
662 1339 33 21 till
711 1338 213 28 kontraproposition
939 1340 45 20 mot
992 1338 43 22 All-

207 1366 79 21 männa
300 1366 213 23 Besvärsutskottets
529 1368 137 22 betänkande
682 1369 89 25 antaga,
788 1369 33 20 att
828 1367 148 22 betänkandet
982 1369 53 20 utan

206 1394 129 28 motivering
349 1395 75 28 lägges
440 1396 32 22 till
486 1396 167 28 handlingarna;

276 1424 74 21 vinner
364 1425 42 27 nej,
423 1427 88 25 antages
527 1425 33 21 till
575 1424 224 29 kontraproposition,
815 1426 33 20 att
855 1424 179 28 petitionsförsla-

207 1453 39 25 get
263 1452 29 28 på
308 1453 26 21 de
350 1452 23 22 af
385 1453 52 23 herr
451 1454 105 22 Mechelin
571 1454 123 28 föreslagna
710 1454 69 22 motiv
793 1454 48 22 icke
856 1454 40 21 bör
910 1454 33 21 till
958 1454 77 27 åtgärd

206 1480 24 22 af
243 1481 118 22 ständerna
374 1482 132 22 föranleda".

275 1510 58 21 Enär
347 1510 36 22 vid
398 1512 93 21 anställd
507 1512 133 28 omröstning
654 1513 103 21 rösterna
772 1511 77 22 utföllo
865 1511 49 22 med
930 1513 24 20 35
963 1511 23 28 ja
994 1512 40 23 och

206 1539 26 20 25
249 1538 41 28 nej,
307 1538 47 28 gafs
371 1540 22 22 åt
407 1542 64 20 nästa
485 1541 133 27 proposition
635 1541 69 22 sådan
720 1540 93 28 lydelse:
