1086 1717
379 100 40 17 Den
435 97 26 20 22
477 100 43 22 Maj.
792 98 39 20 807

40 163 42 22 För
105 164 39 25 att,
167 162 70 22 såvidt
259 162 43 27 mig
325 164 21 19 är
362 162 87 26 bekant,
465 162 34 22 för
514 162 36 22 det
565 162 57 28 högl.
639 162 88 22 ståndet
741 162 52 27 visa,
808 162 56 22 huru

40 192 86 28 mycket
146 190 115 28 inflytande
280 190 270 28 stigningsförhållandena
564 191 72 22 kunna
652 190 69 27 hafva,
738 191 24 21 så
777 191 36 21 vill
826 191 38 27 jag

41 228 26 14 ur
86 220 99 28 pålitliga
203 218 109 29 uppgifter
327 219 74 22 anföra
415 219 96 27 följande
526 220 38 21 tal:
581 226 35 15 om
632 220 123 27 stigningen
771 221 24 20 är
810 221 9 20 1
836 220 28 26 på

41 251 26 20 75
85 249 41 22 och
142 250 33 20 ett
188 248 116 22 lokomotiv
320 248 22 22 af
355 248 44 22 viss
415 248 75 28 styrka
504 248 78 28 uppför
597 249 70 21 denna
683 248 94 27 stigning
788 248 76 27 drager

41 278 54 22 fram
112 279 26 20 16
154 284 86 20 vagnar,
256 277 73 28 hvarje
344 284 55 20 vagn
415 276 23 22 af
450 277 35 22 nio
501 279 49 20 tons
559 277 127 27 bruttovigt,
699 277 24 21 så
733 276 132 23 framforslar

42 313 81 15 samma
145 306 123 26 lokomotiv,
293 312 33 15 om
350 306 121 27 stigningen
495 308 24 19 är
542 308 9 19 1
572 306 28 27 på
620 308 47 24 100,
684 306 85 22 hvilken
785 308 24 20 är
823 306 41 22 den

43 335 177 27 oförmånligaste
236 334 121 28 stigningen
372 335 29 27 på
416 335 51 21 våra
483 335 130 26 statsbanor,
628 335 57 21 ända
695 335 32 21 till
738 336 27 20 24
775 341 89 21 vagnar;

43 364 128 22 differensen
188 366 24 19 är
227 364 25 21 så
268 365 46 21 stor
328 365 33 20 att
376 370 26 15 en
418 364 59 26 hvar,
491 363 63 23 äfven
566 370 25 16 en
602 364 163 26 icke-ingeniör,
776 364 42 21 lätt
827 364 38 22 be-

43 394 78 27 griper,
137 394 34 20 att
185 392 91 22 trafiken
291 393 28 27 på
333 393 68 21 banor
416 392 50 22 med
481 393 76 21 starka
572 393 120 27 stigningar
707 393 27 26 (1:
751 394 33 25 70;
799 394 18 20 1:
831 394 33 25 60;

45 424 17 20 1:
76 422 51 27 42;),
148 422 72 21 såsom
240 422 26 21 de
282 421 146 28 smalspåriga,
445 421 7 22 i
467 421 44 22 min
526 422 133 22 reservation
675 421 89 22 anförda
778 421 86 26 norska,

43 452 70 21 måste
128 451 66 22 blifva
208 451 67 21 redan
290 450 46 22 från
353 451 69 21 denna
438 451 110 27 synpunkt
562 451 44 27 dyr,
624 451 128 21 åtminstone
769 451 24 21 så
802 451 63 26 länge

43 487 46 15 som
112 480 48 22 icke
180 480 120 27 jernbanan
322 479 41 22 fått
383 479 116 27 tillräcklig
515 479 62 22 trafik
593 479 33 22 för
639 480 33 21 sin
687 480 101 27 förmåga.
819 479 46 22 Och

44 509 37 22 det
97 511 24 19 är
136 509 22 22 få
173 509 67 21 banor
255 509 51 21 eller
321 510 82 20 rättare
418 509 64 26 ingen
498 509 56 21 bana
568 508 7 21 i
590 509 72 26 Norge
675 509 49 21 med
735 508 64 22 smalt
809 507 56 28 spår,

41 538 85 22 hvilkas
147 537 64 22 trafik
230 537 70 22 skulle
320 537 92 28 uppnått
427 538 38 21 det
480 537 55 22 mått
551 544 46 15 som
612 538 71 21 banan
699 539 23 20 är
737 537 81 27 mäktig
834 538 32 20 att

43 567 69 22 sköta.

111 595 29 22 Af
160 595 70 27 någon
246 595 52 22 ärad
314 595 68 22 talare
398 595 100 22 anfördes
515 597 32 20 att
562 595 42 22 den
620 595 142 27 smalspåriga
775 595 69 21 banan
859 594 7 21 i

43 625 71 26 Norge
129 631 46 15 som
186 624 38 27 gaf
233 625 40 20 den
283 624 63 21 bästa
356 626 84 25 räntan,
452 624 49 21 icke
511 624 97 21 lemnade
616 630 60 15 mera
686 626 28 19 än
722 624 47 26 29/4.
789 623 76 22 Kristi-

44 653 73 22 ania—
127 653 183 22 Drammen-banan
333 655 24 19 är
369 653 48 27 just
432 653 41 22 den
488 653 56 22 bana
560 659 46 16 som
616 653 23 21 åt
649 653 170 21 intressenterna
829 653 37 21 be-

44 683 56 21 talar
115 683 49 26 29/,;
181 682 60 21 detta
256 681 142 22 förekommer
413 682 7 21 i
437 684 56 19 1870
509 683 35 20 års
559 681 115 28 uppgifter,
689 688 48 15 men
747 681 68 22 finnes
827 681 40 22 ock

43 711 7 22 i
69 713 52 20 1877
133 711 34 21 års
178 711 87 26 budget.
284 710 41 22 För
336 711 39 21 den
386 711 109 21 bandelen
505 711 52 26 åter,
569 717 46 15 som
628 712 64 26 utgör
702 710 165 27 fortsättningen

45 740 22 21 af
76 741 40 20 den
127 740 58 22 förra
196 740 33 21 till
241 739 135 28 Randsfjord,
390 742 37 19 äro
441 740 69 26 13/49
519 739 113 22 bestämda
640 740 32 21 till
680 739 117 26 utdelning.
817 739 49 21 Men

44 769 77 21 härvid
136 771 24 19 är
175 770 32 20 ett
221 768 103 22 särskildt
336 768 134 22 förhållande
485 770 33 19 att
529 769 115 22 observera
653 769 35 21 vid
699 768 41 21 alla
751 769 26 20 de
787 767 80 22 norska

44 798 103 26 banorna,
164 799 32 20 att
211 797 104 27 nemligen
332 799 71 20 staten
413 797 68 28 byggt
492 797 55 27 dem,
558 804 50 15 men
618 797 24 22 af
649 797 154 22 kommunerna
813 803 54 20 upp-

45 827 58 21 burit
111 826 110 28 betydliga
232 826 82 27 bidrag;
327 821 35 37 med
377 825 77 28 sjelfva
461 825 105 23 trafikens
572 825 296 28 förvaltning
711 821 64 37 hafva
784 825 84 28 kommu-

46 862 67 15 nerna
123 855 56 22 intet
194 857 32 19 att
242 855 73 27 skaffa,
330 861 49 16 men
395 855 26 22 sä
435 857 61 20 snart
506 855 186 27 nettobehällning
702 855 96 27 uppstår,
809 853 22 22 få
841 854 27 21 de

46 884 32 22 sin
88 886 53 25 guot
149 884 22 21 af
178 884 144 27 utdelningen.
338 884 345 22 Kristiania
476 879 14 37 —-
498 884 177 22 Drammen-banan
689 884 82 21 betalar
779 883 90 22 sålunda

45 913 38 22 full
98 914 63 20 ränta
177 913 40 21 och
233 913 129 27 amortering
376 913 29 27 på
421 913 37 21 det
474 913 23 21 af
511 915 71 20 staten
596 913 105 27 upplånta
718 912 150 27 anläggnings-

45 942 112 27 kapitalet,
179 941 40 22 och
238 941 68 22 tillika
326 942 40 26 29/,
383 942 23 21 åt
421 942 161 27 kommunerna,
598 942 72 21 hvilka
685 941 48 22 med
749 948 26 15 en
790 941 78 28 fjerde-

47 971 33 22 del
101 970 53 23 eller
172 971 103 27 tredjedel
291 970 22 22 af
326 971 265 27 anläggningskostnaden
607 971 91 27 deltagit
712 971 8 21 i
734 969 133 29 byggnaden.

46 999 77 27 Alltså,
143 1006 34 15 om
197 1006 49 15 man
264 999 127 22 förutsätter
406 999 91 28 ungefär
512 999 42 22 fem
570 1000 52 21 eller
637 1005 37 16 sex
689 1001 101 26 procents
806 1000 63 20 ränta

46 1029 28 27 på
90 1029 37 21 det
142 1029 103 26 upplånta
259 1028 112 27 kapitalet,
389 1028 159 27 amorteringen
563 1028 133 27 inbegripen,
712 1028 24 21 så
749 1027 68 28 gifver
828 1027 40 22 den

47 1057 108 28 egentliga
177 1057 182 22 nettoinkomsten
381 1057 48 22 från
452 1058 42 21 den
517 1057 79 22 norska
621 1057 71 22 banan
714 1063 26 16 en
763 1056 106 27 betydligt

47 1088 69 20 större
131 1088 63 19 ränta
210 1088 26 19 än
252 1087 45 26 2%,
313 1086 44 21 ifall
372 1086 20 22 vi
406 1086 49 22 med
469 1087 186 21 nettoinkomsten
670 1086 68 21 förstå
749 1086 120 21 detsamma

47 1122 46 15 som
115 1115 36 22 vid
173 1115 51 22 våra
247 1115 124 22 statsbanor
394 1115 41 22 och
457 1115 77 22 dessas
557 1115 147 27 räkenskaper
724 1117 23 19 är
767 1114 100 27 brukligt.

46 1145 43 21 Det
111 1143 103 28 förtjenar
237 1144 110 21 dessutom
370 1145 33 20 att
422 1143 132 28 framhållas,
570 1145 33 20 att
618 1143 22 22 af
653 1144 43 21 alla
711 1143 79 22 norska
805 1143 63 21 smal-

47 1173 87 27 spåriga
147 1173 68 21 banor
231 1173 24 21 så
270 1173 53 27 godt
339 1179 46 15 som
401 1173 63 26 ingen
480 1172 76 27 finnes,
571 1173 86 21 hvilken
672 1173 49 21 icke
731 1172 84 22 betalar
826 1173 42 20 tra-

46 1201 29 22 fik
92 1201 40 22 och
147 1203 89 25 remont,
254 1201 40 22 och
310 1201 60 22 äfven
388 1201 41 22 den
440 1202 54 21 allra
504 1202 66 21 minst
579 1201 129 22 trafikerade
718 1201 75 26 banan,
805 1201 63 21 hvars

47 1237 64 15 namn
125 1231 38 27 jag
177 1231 36 20 vill
230 1231 70 21 erinra
314 1231 44 27 mig
372 1237 52 15 vara
438 1231 200 25 Hamar-Elverum,
654 1232 39 25 gör
701 1231 36 21 det
752 1229 61 22 äfven
829 1229 40 22 och

47 1259 171 27 sammanlägger
237 1259 111 22 dessutom
366 1261 33 20 ett
416 1259 49 22 litet
481 1259 162 28 reservkapital.
673 1259 67 22 Afven
756 1259 41 21 den
812 1257 58 22 förut

46 1288 94 22 nämnda
155 1288 357 28 Drammen—Randsfjord-banan
527 1295 27 15 m.
570 1287 21 23 fl.
606 1287 94 28 aflägger
710 1294 25 16 en
746 1287 124 22 reservfond

47 1317 86 22 utöfver
151 1317 118 22 kostnader
288 1318 41 21 och
344 1317 119 27 utdelning.
494 1317 48 22 Den
558 1319 62 25 svagt
634 1316 130 22 trafikerade
779 1316 91 22 Hamar-

46 1347 71 21 banan
133 1346 149 22 framforslade
298 1346 23 22 år
338 1348 61 24 1870,
417 1346 28 21 då
461 1346 42 22 den
518 1346 64 22 likväl
598 1346 66 22 redan
679 1346 39 21 bar
732 1346 33 26 sig
781 1345 32 21 till
827 1346 43 20 tra-

47 1375 29 21 fik
91 1375 40 21 och
147 1376 89 25 remont,
252 1375 74 22 inalles
342 1374 93 27 246,000
451 1377 95 24 centner,
564 1375 66 21 ehuru
646 1374 50 22 dess
710 1374 66 27 längd
790 1380 38 15 var
843 1373 28 22 då

47 1404 90 26 ungefär
153 1404 41 26 3!/,
205 1404 43 21 mil.
257 1416 28 2 —
294 1404 38 21 Att
341 1404 7 21 i
358 1404 48 21 vårt
415 1403 52 22 land
478 1403 88 27 öfvergä
576 1404 32 20 till
619 1405 31 20 ett
660 1403 139 21 uteslutande
807 1402 63 21 smal-

47 1433 83 27 spårigt
143 1435 79 25 system
236 1432 72 22 derom
320 1434 24 20 är
351 1432 47 22 icke
407 1432 125 27 egentligen
540 1432 66 27 fråga,
615 1434 51 20 utan
678 1434 32 19 att
721 1430 98 23 använda
835 1430 36 22 det

48 1461 141 27 smalspåriga
207 1463 103 26 systemet
328 1462 67 27 jemte
415 1460 38 22 det
472 1461 152 27 bredspåriga;
640 1463 23 25 ty
683 1461 37 21 det
733 1460 68 22 finnes
816 1459 56 22 intet

47 1490 132 26 väsendtligt
196 1490 81 26 hinder,
294 1492 32 19 att
342 1490 37 21 der
394 1489 105 22 behofvet
513 1490 25 21 så
552 1491 39 26 gör
602 1490 32 26 sig
644 1490 98 26 gällande
753 1489 7 21 i
771 1494 26 16 en
807 1486 64 23 fram-

48 1518 32 22 tid
99 1518 92 27 anlägga
213 1518 61 22 äfven
297 1518 142 28 bredspåriga
460 1518 76 22 banor.
566 1518 63 22 Hålla
647 1518 21 22 vi
689 1524 35 16 oss
739 1515 132 24 fortfarande
