1086 1717
235 109 41 20 602
541 112 39 18 Den
596 110 26 18 27
638 111 59 24 April.

206 174 104 27 beroende,
334 175 43 21 tills
396 175 56 21 detta
476 174 171 23 Statsutskottets
669 174 130 23 betänkande
814 174 120 26 inkommer,
949 173 33 22 för
997 176 33 19 att

205 204 63 27 tagas
284 204 8 21 i
307 203 134 28 ompröfning
457 204 6 21 i
473 204 155 28 sammanhang
635 204 94 22 dermed.
751 204 69 21 Detta
827 203 135 22 betänkande
970 202 59 22 kom-

205 238 46 16 mer
266 233 135 27 naturligtvis
417 234 33 20 att
465 233 107 22 innehålla
586 240 27 15 en
628 233 121 27 utredning,
766 232 72 22 hvilka
852 232 118 22 inkomster
983 237 46 16 som

206 263 52 19 utan
273 262 74 21 vidare
362 264 37 19 äro
415 263 33 20 att
463 262 101 27 påräkna,
581 262 40 22 och
637 262 73 21 hvilka
724 268 47 16 som
787 261 62 22 skola
863 267 77 21 genom
950 260 79 22 allmän

204 290 116 27 bevillning
342 290 51 22 eller
411 290 29 28 på
458 292 66 20 annat
539 292 44 20 sätt
598 290 114 22 anskaffas.
743 290 78 22 Finner
835 296 49 15 man
900 291 33 26 då,
950 291 32 19 att
997 289 31 21 in-

204 318 98 22 komster
317 314 68 37 kunsa
398 314 104 37 erhållas;
519 321 53 20 utan
587 321 33 20 att
633 320 184 21 skattebördorna
831 318 65 23 blifva
911 318 116 28 odrägliga,

206 348 24 21 sä
250 354 64 21 synes
330 348 37 21 det
381 354 51 16 vara
447 348 38 22 allt
500 349 48 21 skäl
564 351 38 24 att,
618 348 29 28 på
662 350 45 20 sätt
721 348 51 22 herr
787 348 111 22 Hackman
913 347 49 22 med
977 346 51 23 flere

204 376 6 21 i
232 376 171 22 Bankutskottet
423 376 118 28 föreslagit,
564 378 45 21 läta
629 378 7 20 i
650 377 62 27 fräga
727 377 94 22 varande
836 376 70 22 medel
920 376 86 22 innestä
1021 376 7 21 i

204 405 92 26 banken,
312 405 71 22 såsom
399 412 26 16 en
441 406 121 27 sparkassa.
594 406 40 22 Om
650 406 97 27 återigen
762 406 180 22 skattebördorna
958 404 69 22 skulle

204 433 66 23 blifva
288 434 34 23 för
337 437 65 24 stora,
418 435 58 22 helst
490 435 89 28 utgifter
593 435 33 22 för
640 435 95 22 militära
749 435 100 22 ändamål
865 435 7 21 i
887 435 73 27 hvarje
974 434 53 21 hän-

203 463 59 22 delse
278 463 64 22 blifva
356 464 141 27 nödvändiga,
514 465 28 21 dä
556 465 63 21 torde
634 465 38 21 det
686 471 51 15 vara
752 464 32 21 tid
800 465 33 20 att
847 463 95 28 tillgripa
957 463 71 22 denna

202 492 122 27 bankvinst,
340 493 32 21 till
386 495 69 20 större
471 493 52 22 eller
537 493 83 22 mindre
636 493 40 26 del,
693 493 19 22 d.
728 499 19 15 v.
764 499 16 16 s.
797 493 33 21 till
841 493 26 22 sä
877 494 45 20 stor
930 492 41 27 del,
981 498 46 15 som

203 521 182 22 Statsutskottets
407 523 114 26 utredning
541 522 7 21 i
562 521 75 28 frågan
653 522 68 27 gifver
737 521 114 28 anledning
867 521 37 22 till.
935 521 41 27 Jag
990 521 37 21 vill

202 549 111 22 dessutom
336 553 83 24 nämna,
443 553 34 20 att
495 551 108 22 måhända
620 551 28 22 dä
662 551 76 27 frågan
754 557 35 15 om
803 549 154 29 guldmyntfots
973 549 53 22 infö-

202 579 67 21 rande
284 579 7 21 i
306 579 74 22 landet
395 580 55 21 skall
466 587 50 15 vara
531 579 89 29 afgjord,
637 580 25 21 sä
677 581 33 20 att
725 580 118 21 ständerna
858 579 62 22 äfven
935 579 7 21 i
958 579 69 22 denna

202 607 34 22 del
258 607 86 23 komme
366 609 33 21 att
421 615 41 22 ega
477 615 25 16 en
517 609 122 28 utredning,
655 615 48 16 som
717 615 30 15 nu
762 608 86 27 saknas,
863 615 27 15 en
904 608 122 27 utredning,

201 635 107 23 huruvida
324 636 86 23 banken
429 637 121 28 antagligen
569 637 97 22 kommer
681 639 33 20 att
727 637 146 22 underkastas
890 637 26 21 de
930 636 95 28 utgifter,

200 671 46 16 som
268 665 121 23 införandet
404 666 22 22 af
439 666 142 28 guldmyntfot
596 667 159 27 ovedersägligt
770 667 97 21 kommer
880 667 32 20 att
927 665 33 22 för
974 666 52 22 den-

200 700 83 15 samma
298 694 102 23 medföra.

268 723 56 22 Herr
349 723 23 22 af
393 724 153 26 Forselles,
570 724 66 21 Emil:
668 724 41 21 För
731 723 43 22 min
798 723 35 22 del
850 723 70 22 mäste
933 723 38 28 jag
987 723 38 22 all-

199 751 95 28 varligen
313 752 86 22 biträda
417 753 50 21 herr
482 753 121 21 Hackmans
618 752 141 23 reservation.
790 752 56 22 Herr
860 752 111 21 Hackman
986 752 40 21 har

200 780 68 21 redan
290 781 29 27 pä
342 783 31 19 ett
392 781 107 28 nöjaktigt
518 781 40 22 och
574 781 199 22 tilliredsställande
789 783 45 20 sätt
848 781 114 22 motiverat
977 781 47 26 den,

200 809 40 21 och
263 809 50 22 herr
334 810 158 21 Nordenskiöld
506 811 40 20 har
559 810 71 21 likaså
645 810 72 22 anfört
731 810 85 27 ganska
829 809 58 22 fasta
902 809 53 27 skäl,
971 809 53 22 hvil-

199 837 42 22 ken
263 838 128 28 motivering
406 839 39 28 jag
459 839 85 22 säledes
559 839 102 22 biträder.
691 839 42 27 Jag
748 839 37 21 vill
799 839 58 21 blott
870 838 113 22 framhälla
998 845 27 14 en

200 867 116 27 synpunkt,
340 873 53 21 som,
416 867 71 22 sävidt
499 868 38 27 jag
551 867 47 29 följt
612 868 56 26 med,
684 867 49 22 icke
747 867 71 22 blifvit
832 867 119 28 pointerad.
982 867 44 22 Det

199 897 25 19 är
238 895 48 22 icke
302 895 76 23 endast
393 896 93 22 handeln
501 897 40 21 och
556 897 112 26 industrin,
684 902 47 16 som
746 896 29 27 pä
791 896 40 22 den
843 897 74 21 senast
924 895 101 22 förflutna

199 923 58 22 tiden
280 924 64 22 hafva
366 925 117 27 undergätt
505 931 26 16 en
550 925 72 28 hastig
641 925 130 27 utveckling,
792 925 37 22 det
845 927 24 19 är
884 925 66 21 ocksä
964 925 61 22 fallet

199 953 49 21 med
263 953 145 27 landtbruket,
424 954 83 22 kanske
522 954 6 21 i
543 954 44 22 lika
602 954 43 27 hög
659 954 60 27 grad.
735 965 29 4 —
773 953 47 22 Alla
828 954 27 21 de
862 953 161 27 landtbrukare,

199 987 46 16 som
260 982 70 21 under
344 983 27 21 de
387 983 52 21 sista
453 983 31 22 tio
499 983 101 22 förflutna
615 983 51 22 åren
681 983 58 27 gjort
746 983 73 27 något,
828 982 65 22 hafva
899 983 57 27 gjort
964 983 61 21 detta

199 1010 129 22 åtminstone
343 1011 32 22 till
391 1013 82 20 största
488 1011 61 22 delen
564 1012 48 21 med
628 1011 109 22 anlitande
753 1011 23 22 af
789 1011 106 26 krediten,
906 1011 41 22 och
956 1011 68 22 ehuru

199 1039 86 22 arbetet
306 1039 57 22 inom
381 1040 139 22 landtbruket
535 1041 39 21 har
588 1041 75 21 krönts
678 1040 41 21 hos
735 1046 36 15 oss
787 1040 50 21 med
852 1040 94 22 oväntad
959 1039 64 23 fram-

198 1067 56 28 gäng
274 1068 40 21 och
329 1069 81 21 lemnat
425 1069 82 27 ganska
522 1069 79 22 vackra
615 1069 123 26 resultater,
754 1071 25 19 är
793 1069 8 21 i
816 1069 43 21 alla
873 1069 37 21 fall
926 1069 97 21 ställnin-

198 1103 42 20 gen
256 1097 74 26 sädan,
346 1099 39 25 att,
401 1097 73 22 säsom
486 1098 37 27 jag
538 1098 96 25 nämnde,
650 1098 28 21 de
692 1104 47 16 som
755 1097 91 22 sträfvat
861 1097 77 22 framät
949 1098 73 21 skuld-

198 1126 45 20 satt
258 1125 39 28 sig.
328 1125 40 22 Vid
383 1126 58 22 förra
455 1127 176 27 myntreformens
647 1126 167 28 genomförande
829 1126 101 22 fordrade
946 1133 48 15 man
1003 1126 23 22 af

198 1153 55 27 dem,
272 1154 44 21 lika
331 1161 46 15 som
393 1155 22 21 af
428 1155 43 22 alla
485 1155 131 28 gäldenärer,
632 1161 27 16 en
674 1155 122 28 uppoffring
810 1155 23 22 af
847 1155 97 28 omkring
959 1155 63 26 20%.

197 1182 35 21 Nu
240 1183 35 21 vid
283 1183 182 28 guldmyntfotens
474 1184 110 22 införande
591 1185 96 21 kommer
695 1191 55 20 man,
760 1184 71 22 sävidt
836 1183 38 28 jag
881 1184 42 21 kan
932 1185 90 26 dömma,

198 1212 34 20 att
254 1211 22 22 af
298 1211 48 22 dem
364 1211 73 23 fordra
456 1219 27 15 en
498 1213 57 28 dylik
570 1213 22 22 af
605 1213 97 27 omkring
717 1215 19 24 8,
753 1215 12 19 9
782 1213 13 21 a
811 1213 60 26 10%;
887 1213 37 21 det
938 1213 42 21 blir
995 1213 29 21 dä

198 1240 158 28 sammanlagdt
378 1242 62 26 30%,
461 1241 41 22 och
517 1242 37 21 det
568 1243 43 20 kan
625 1242 34 21 väl
675 1241 80 28 hända,
769 1243 34 20 att
818 1241 70 22 denna
903 1241 120 28 uppoffring

198 1269 63 26 göres
276 1270 51 21 med
342 1270 75 28 glädje,
434 1270 28 22 dä
477 1271 37 21 det
529 1271 67 27 gäller
611 1271 37 22 det
662 1271 109 21 allmänna
785 1271 70 26 bästa,
872 1277 48 15 men
936 1271 37 21 det
980 1271 43 21 kan

197 1297 62 22 äfven
275 1298 78 27 hända,
369 1300 34 20 att
418 1299 41 21 den
474 1299 33 22 för
521 1300 91 27 mängen
627 1299 70 23 blefve
713 1300 39 21 allt
766 1299 33 22 för
815 1300 108 26 kännbar;
940 1300 40 21 och
991 1299 31 21 äf-

196 1332 41 15 ven
252 1333 27 15 ur
294 1327 70 22 denna
379 1328 108 28 synpunkt
503 1328 39 22 och
557 1329 7 21 i
578 1328 151 23 landtbrukets
740 1328 93 22 intresse
844 1328 69 22 skulle
919 1328 38 28 jag
964 1328 58 22 hälla

199 1355 28 27 pä
242 1355 51 22 herr
307 1356 124 22 Hackmans
446 1357 138 22 reservation.

265 1384 57 22 Herr
341 1385 211 23 Landtmarskalken
566 1386 68 27 ansåg
655 1393 35 20 nu,
705 1386 9 22 i
729 1386 110 22 anseende
853 1385 34 22 till
901 1386 43 21 den
957 1385 65 23 fram-

196 1412 89 22 skridna
307 1413 66 27 tiden,
396 1414 99 28 lämpligt
514 1416 32 20 att
565 1412 84 31 afbryta
664 1414 151 22 diskussionen
831 1414 40 22 och
887 1414 135 28 uppmanade

196 1441 100 22 ständets
318 1443 145 27 medlemmar,
484 1445 33 20 att
531 1444 92 21 klockan
638 1450 37 15 sex
690 1444 49 21 äter
753 1444 161 21 sammanträda
928 1443 33 21 till
976 1444 45 26 ple-

196 1476 62 20 num;
274 1470 53 22 derä
342 1472 168 22 sammanträdet
525 1472 53 22 slöts
592 1472 92 22 klockan
699 1472 47 22 half
759 1474 34 20 tre
809 1472 54 22 efter
877 1472 120 27 middagen.

1065 1141 8 10 A
