1086 1717
223 112 41 20 640
534 116 40 18 Den
591 116 7 16 1
616 116 43 23 Maj.

195 177 26 22 de
236 183 76 16 senare
328 178 49 22 åren
392 179 7 21 i
415 178 105 28 stigande,
536 178 102 22 behöfver
653 179 47 21 icke
716 179 75 21 såsom
806 180 33 20 ett
847 178 116 22 statistiskt
972 176 47 23 fak-

194 208 46 20 tum
259 212 63 16 anses
337 207 86 27 påkalla
439 207 71 22 alltför
523 208 101 27 ytterliga
638 208 235 28 stränghetsåtgärder,
889 207 130 22 åtminstone

194 235 42 21 kan
256 236 38 26 jag
315 236 48 22 icke
385 243 26 15 ur
433 236 62 22 detta
509 237 122 21 statistiska
646 236 97 22 material
760 237 87 21 komma
861 237 33 21 till
910 243 25 15 en
951 235 68 22 sådan

195 264 62 32 åsigt.
287 264 34 22 Då
333 265 37 27 jag
384 265 43 21 ber
437 265 23 21 få
474 265 108 28 tillstyrka
598 266 41 21 den
653 266 135 21 reservation
803 271 46 16 som
857 266 24 36 i
886 262 72 44 ämnet
965 264 55 54 k

194 292 30 21 vit
247 292 91 20 afoifven
366 296 26 20 är
407 294 27 22 det
452 294 124 25 ingalunda
591 294 70 13 derför
672 283 36 48 att
724 283 44 48 jag:
765 296 120 29 EEE

195 312 196 36 dränitis
309 308 47 46 vara
372 312 78 38 Hägot
458 306 187 54 utomordentligt,
658 322 47 23 söm
720 306 54 39 icke
784 314 71 41 skulle
869 304 102 40 behöfva
974 303 46 40 rät-

194 350 74 27 telse,
277 354 52 18 utan
344 352 77 21 endast
436 351 89 27 derföre,
542 354 33 20 att
586 352 39 27 jag
640 358 64 16 anser
718 354 35 20 att
767 358 50 16 man
833 352 49 21 med
896 351 74 33 frågan
986 357 34 15 om

194 378 127 23 lösdrifvare
336 380 139 28 ovilkorligen
491 369 40 33 bör
543 381 46 21 låta
603 381 70 26 anstå,
690 381 33 21 till
738 381 52 21 dess
806 387 49 15 man
870 380 43 22 kan
922 380 64 23 vinna
994 386 26 15 en

195 407 78 22 reform
295 408 7 21 i
325 408 64 22 dessa
410 409 248 28 korrektionsanstalter,
679 410 39 22 och
737 410 39 27 jag
791 411 46 20 tror
852 411 34 20 att
900 409 41 22 den
956 409 64 21 ärade

195 437 194 27 utskottsmedlem,
405 444 46 16 som
467 445 49 20 nyss
533 438 91 28 gendref
633 423 142 47 reservanten
791 438 50 22 herr
855 438 83 27 Berghs
956 438 63 27 äsigt,

196 465 44 22 deri
256 467 38 26 tog
308 466 44 27 felt,
369 469 33 20 att
416 467 40 22 här
471 467 47 22 icke
535 470 23 19 är
572 467 61 28 fräga
648 474 35 15 om
692 467 235 28 ändamälsenligheten
936 467 22 21 af
965 468 54 20 1865

191 491 39 37 års
245 484 130 39 förordning,
392 498 51 19 utan
460 496 234 28 ändamålsenligheten
710 496 23 22 af
747 498 34 20 att
791 497 23 21 åt
822 495 198 23 administrationen

195 523 71 22 lemna
280 526 91 25 utvägar
387 527 32 19 att
435 527 57 19 ännu
505 525 116 28 hastigare,
638 526 49 21 med
702 532 27 15 en
745 527 58 20 ännu
813 525 87 22 kortare
907 524 113 28 procedur,

196 553 73 21 kunna
288 553 74 22 skicka
376 553 126 22 lösdrifvare
517 554 33 22 till
566 554 27 22 de
608 554 251 27 korrektionsanstalter,
875 560 46 16 som
936 553 85 22 befinna

196 581 33 45 sig
243 581 8 22 i
266 582 37 21 det
318 582 61 22 skick
395 583 26 21 de
436 589 30 15 nu
481 585 43 20 äro.

262 610 103 34 Friherre
378 611 108 26 Wrede,
502 612 27 22 H:
535 612 105 27 August:
650 612 42 22 För
702 605 39 28 att
755 612 76 25 vinna
835 611 82 28 någon:
921 611 100 23 bestämd

196 614 142 57 öfvettygelse
360 640 7 21 i
390 640 71 22 denna
481 628 87 39 kinkiga
587 640 67 27 fräga,
670 647 65 15 anser
748 641 39 27 jag
803 642 32 20 att
850 647 49 14 man
913 640 39 21 bör
967 640 54 21 söka

196 667 83 27 utreda,
296 669 32 21 till
343 669 86 22 hvilken
443 669 99 28 kategori
558 669 22 22 af
593 669 115 22 förseelser
721 669 123 22 lösdrifveri
859 671 24 20 är
899 671 31 19 att
946 668 74 22 hänfö-

196 703 42 15 ras.
268 697 39 22 Att
322 699 71 20 staten
408 698 6 21 i
429 698 53 27 följd
497 698 23 21 af
533 699 33 21 sin
581 698 84 28 uppgift
680 700 32 20 att
727 698 86 27 skydda
827 698 47 21 sina
884 697 137 22 medlemmar

196 725 32 22 till
250 732 78 20 person
351 727 40 21 och
414 727 104 27 egendom
541 733 51 21 eger
606 729 44 20 rätt
664 729 33 20 att
713 727 78 22 straffa
806 727 48 25 den,
870 733 46 15 som
931 726 48 21 lätit
994 733 26 14 en

197 754 81 27 verklig
299 755 176 28 rättskränkning
496 756 86 21 komma
597 756 33 27 sig
646 756 31 21 till
692 757 43 20 last
752 756 41 21 och
809 756 103 27 derjemte
927 757 33 19 att
974 755 46 21 vid-

196 785 51 24 taga
266 784 101 27 åtgärder
381 785 38 20 till
429 784 158 28 förebyggande
603 785 22 21 af
639 785 71 32 dylika
725 785 153 26 kränkningar,
895 787 23 18 är
933 784 87 21 allmänt

198 812 96 21 erkändt.
325 813 48 21 Men
393 815 82 20 statens
493 813 130 28 befogenhet
641 813 7 22 i
664 814 135 21 sistnämnda
814 813 122 22 hänseende
951 813 69 21 måste

196 840 52 22 bero
263 841 29 27 pä
306 841 213 22 beskaffenheten:af
532 843 26 21 de
574 842 127 27 handlingar
716 843 42 21 den
775 842 36 21 vill
827 841 80 28 afvärja
922 847 45 16 som
978 841 42 21 far-

196 869 43 27 liga
262 870 39 21 och
324 869 23 22 af
363 870 37 21 det
415 871 120 22 handlande
550 871 121 27 subjektets
687 873 70 20 större
775 871 52 21 eller
842 871 82 21 mindre
939 870 82 27 sedliga

196 900 81 19 vanart.
308 899 61 22 Hvad
388 906 29 15 nu
432 900 94 26 okynnet
541 902 33 19 att
588 902 52 19 utan
656 900 72 27 stadig
744 899 167 28 sysselsättning
926 899 74 27 stryka
1014 899 7 20 i

196 927 62 27 kring
273 927 108 27 beträffar,
398 928 25 21 sä
437 929 70 21 måste
522 931 33 19 ett
570 928 77 22 sådant
661 928 140 26 lefnadssätt,
817 928 68 21 ehuru
901 928 37 21 det
952 927 47 22 icke
1014 927 7 21 i

197 955 40 22 och
259 955 33 22 för
314 957 32 26 sig
367 957 90 22 innebär
472 957 69 27 någon
556 957 181 27 rättskränkning,
755 957 57 21 dock
827 957 49 21 med
891 955 101 23 afseende
1009 955 12 22 &

197 985 49 21 dess
262 985 93 27 menliga
368 985 77 28 följder
460 992 64 15 anses
540 986 72 22 såsom
626 986 88 27 vädligt,
731 987 59 20 samt
805 985 72 22 kunna
893 985 39 22 och
948 985 53 22 böra
1014 985 7 21 i

196 1013 63 28 lagen
275 1013 115 28 förbjudas.
421 1014 72 22 Sedan
509 1015 77 21 sädant
601 1021 26 15 en
643 1015 56 27 gäng
713 1015 68 25 skett,
798 1014 29 21 dä
841 1015 63 26 utgör
918 1020 27 15 en
953 1013 68 22 öfver-

197 1042 95 22 trädelse
308 1042 23 22 af
344 1043 59 21 detta
418 1042 77 23 förbud
510 1050 27 15 en
553 1043 212 28 politieförbrytelse,
774 1031 86 33 hvilken
868 1042 72 22 såsom
948 1042 73 28 hvarje

197 1077 70 15 annan
286 1070 127 23 förbrytelse
432 1072 113 27 rätteligen
562 1072 72 21 tillhör
649 1071 139 28 strafflagens
805 1071 92 26 område,
912 1073 56 19 samt
982 1071 40 22 bör

196 1099 118 22 behandlas
328 1095 29 38 af
365 1100 93 22 domstol
475 1101 40 21 och
529 1101 101 27 beläggas
645 1101 49 22 med
709 1100 69 27 något
787 1100 99 27 lämpligt
893 1099 66 27 straff,
968 1099 53 23 kan-

197 1128 39 22 ske
250 1128 59 22 helst
323 1129 49 21 med
387 1129 102 27 fängelse.

264 1157 33 22 En
316 1159 97 20 närmare
430 1158 114 27 utredning
558 1164 35 15 om
608 1158 75 25 denna,
700 1158 42 21 den
758 1157 101 27 rättsliga
875 1157 61 21 sidan
951 1156 23 22 af
988 1162 33 15 sa-

196 1185 41 22 ken
260 1186 78 22 saknas
361 1186 120 22 emellertid
502 1187 7 20 i
530 1186 146 27 föreliggande
705 1186 243 21 utskottsbetänkande.
986 1185 34 26 Ja,

196 1214 37 21 det
247 1214 37 22 vill
299 1217 77 19 nästan
391 1221 64 21 synas
471 1219 45 18 som
532 1215 69 22 skulle
615 1215 108 22 utskottet
739 1215 50 21 med
805 1221 28 15 en
847 1215 44 21 viss
900 1213 122 22 varsamhet

195 1243 58 21 velat
275 1244 93 21 undvika
383 1244 28 21 all
427 1244 99 27 beröring
542 1244 92 21 dermed.
664 1244 10 21 1
690 1243 77 22 stället
781 1243 40 22 har
834 1243 110 22 utskottet
958 1242 64 21 fram-

195 1271 62 22 hållit
275 1272 163 22 reminiscenser
455 1272 47 22 från
519 1273 51 21 våra
584 1272 104 23 förfäders
703 1272 135 22 tänkesätt
834 1266 13 39 i
855 1272 73 21 saken.
958 1270 63 23 Afses

196 1300 87 22 dermed
298 1301 58 21 blott
369 1303 33 20 att
417 1301 96 27 aflägsna
527 1301 101 22 befarade
644 1300 99 28 skrupler
759 1300 24 22 af
794 1300 123 28 klemighet,
934 1300 24 22 så
965 1300 57 21 hade

196 1329 38 21 det
248 1330 56 21 varit
319 1330 71 22 bättre
405 1332 34 20 att
453 1331 93 27 åberopa
560 1331 69 26 någon
644 1330 36 27 lag
695 1333 14 18 t.
727 1336 32 16 ex.
776 1329 48 22 från
839 1330 42 21 den
896 1329 31 21 tid
942 1329 7 21 i
965 1329 57 26 Eng-

195 1358 62 22 lands
273 1358 96 26 historia,
386 1365 27 15 en
428 1359 54 21 ärad
488 1358 133 34 föregående
632 1359 68 21 talare
708 1358 115 27 åberopat,
831 1358 60 22 hvari
899 1357 122 26 föreskrefs,

195 1388 34 20 att
244 1387 43 22 den
300 1393 53 17 som:
361 1372 98 47 Jamnade
475 1388 35 22 six
523 1388 73 28 tjenst,
610 1388 70 22 skulle
692 1387 162 23 brännmärkas
863 1382 51 41 dels
924 1386 30 27 pä
956 1370 66 47 axeln

196 1415 46 21 dels
264 1415 30 27 på
315 1422 92 21 pannan.
438 1416 26 21 Vi
490 1416 70 22 måste
576 1416 55 22 dock
644 1416 103 33 påminna
763 1422 37 15 oss
816 1417 33 20 att
864 1415 20 22 vi
899 1414 76 22 hunnit
991 1416 32 20 ett

196 1444 74 27 stycke
286 1444 90 22 framom
391 1445 52 21 våra
457 1444 93 23 förfäder
566 1444 62 23 äfven
642 1445 7 21 i
665 1445 67 21 andra
747 1444 140 22 hänseenden
899 1444 40 21 och
948 1445 38 23 att,
996 1443 27 21 då

196 1472 63 22 desse
275 1472 62 22 äfven
353 1474 6 20 i
375 1474 60 21 detta
445 1473 38 22 fall
491 1474 85 26 vidtogo
585 1474 49 21 vida
642 1473 89 22 mildare
739 1472 164 27 förfaringssätt
911 1474 27 19 än
946 1472 77 26 många

195 1501 63 22 deras
274 1502 93 21 samtida
381 1502 51 26 folk,
447 1502 21 22 vi
483 1509 29 15 nu
525 1502 48 22 icke
588 1502 66 22 borde
668 1501 66 23 blifva
749 1502 8 21 i
773 1508 83 15 samma
865 1500 123 23 hänseende
999 1500 24 22 så

194 1529 62 28 långt
271 1530 55 22 efter
340 1530 51 22 våra
407 1530 99 22 samtida.
