1086 1717
380 120 41 18 Den
437 118 27 18 24
479 119 58 25 April.
803 117 40 21 541

50 182 140 23 öfverlemnas
213 182 33 21 till
260 184 164 20 kommunernas
439 182 168 28 bestämmande,
623 184 39 21 när
678 182 33 27 de,
727 182 36 22 vid
778 183 95 21 utomor-

51 212 94 26 dentliga
160 209 104 29 tillfällen,
280 210 51 28 vilja
346 211 72 22 åsätta
433 217 28 16 en
476 212 73 21 sådan.

118 240 35 22 Då
173 239 65 27 ingen
255 239 74 23 vidare
344 240 96 27 begärde
457 240 62 22 ordet
534 240 40 22 och
588 240 50 22 herr
653 239 220 23 Landtmarskalkens

50 269 114 27 förfrågan,
180 274 34 16 om
230 268 88 22 ståndet
332 268 50 22 ville
397 268 95 22 förklara
508 269 150 22 diskussionen
674 275 34 15 om
723 268 110 28 principen
841 268 33 21 för

50 298 140 27 lagförslaget
205 304 51 16 vara
271 296 101 28 afslutad,
388 298 113 22 besvarats
517 298 48 21 med
581 298 88 21 allmänt
674 298 30 28 ja,
716 296 157 24 öfverlemnade

50 327 51 21 herr
115 326 207 22 Landtmarskalken
338 326 32 21 till
385 326 132 28 granskning
533 328 9 20 1
560 326 11 28 $
587 326 23 22 af
623 327 154 21 betänkandet.

118 355 57 22 Herr
191 355 79 28 Prytz
286 355 99 22 anmälde
402 355 33 27 sig
450 355 34 21 till
499 356 62 21 ordet
576 356 40 21 och
630 356 96 27 yttrade:
742 355 42 22 Vid
799 355 10 28 $
825 357 12 19 2
853 354 23 22 af

51 384 78 27 nådiga
150 384 161 28 propositionen
334 384 40 22 och
397 384 120 22 utskottets
533 384 137 22 betänkande
684 384 143 22 förekommer
842 385 33 21 att

52 413 87 22 skatten
162 413 54 22 skall
239 413 58 27 utgå,
314 415 52 20 utan
381 412 103 23 afseende
500 413 51 22 derå
567 419 34 16 om
616 413 87 22 hunden
718 414 87 21 kortare
821 413 53 22 eller

51 442 74 27 längre
147 443 32 21 tid
201 442 23 21 af
237 443 47 20 året
299 442 47 21 utaf
361 449 77 20 egaren
454 442 113 23 innehafts.
598 443 43 21 Det
656 445 24 19 är
694 443 51 21 med
760 443 114 26 anledning

52 471 23 22 af
95 471 60 22 detta
175 471 124 27 stadgande,
316 477 46 16 som
377 471 62 22 äfven
454 472 50 21 med
519 471 152 22 föranledande
686 471 24 22 af
723 472 130 27 stadgandet
868 471 7 20 i

53 502 12 19 3
87 499 18 28 &,
121 502 32 20 att
169 506 63 21 egare
247 499 23 22 af
282 500 57 22 hund
356 500 57 21 inom
429 506 26 15 en
471 501 78 21 månad
564 500 54 22 efter
633 501 37 21 det
684 500 87 23 hunden
786 500 89 22 kommit

52 529 7 21 i
69 529 54 21 hans
139 535 40 21 ego
186 529 39 22 bör
232 529 40 21 hos
280 529 163 22 vederbörande
451 530 121 27 magistrat,
579 529 151 27 ordningsman
739 525 52 36 eller
801 529 74 22 krono-

52 558 97 21 länsman
171 558 85 21 anmäla
278 558 124 21 densamma
424 558 33 21 till
473 558 143 27 beskattning,
630 558 37 27 jag
682 558 56 27 tagit
752 559 43 27 mig
809 557 66 22 frihe-

53 589 36 19 ten
105 587 80 27 begära
200 587 68 22 ordet.
298 587 30 21 Af
341 587 64 22 dessa
419 589 80 20 tvenne
514 587 49 22 med
577 587 120 22 hvarandra
709 587 106 28 jemförda
829 593 45 15 mo-

52 618 60 19 ment
126 615 66 22 finner
205 616 37 27 jag
257 615 33 22 för
304 616 44 21 min
364 616 40 26 del,
421 617 34 20 att
471 616 23 21 af
507 617 37 21 det
558 616 57 22 förra
629 616 95 28 tydligen
739 616 93 27 framgår
842 617 33 20 att

53 651 27 16 en
101 651 44 21 ung
162 645 65 26 hund,
244 645 20 21 d.
279 651 19 15 v.
315 651 17 15 s.
348 645 55 27 valp,
418 645 58 21 huru
491 645 23 22 få
529 645 65 27 dagar
608 651 50 16 man
673 647 26 19 än
716 645 95 22 innehaft
826 645 48 26 den,

53 673 56 22 skall
123 680 52 15 vara
188 673 148 22 underkastad
350 674 147 27 beskattning,
513 675 111 21 hvaremot
638 674 38 21 det
690 680 76 16 senare
774 674 101 27 stadgan-

53 703 37 21 det
105 702 57 22 afser
177 704 33 20 att
224 703 99 21 anmälan
339 702 23 21 af
374 703 59 21 hund
448 703 8 21 i
471 703 101 22 afseende
588 703 13 21 å
615 703 139 28 beskattning
769 703 18 28 ej
801 701 74 23 behöf-

52 738 38 15 ver
113 731 38 22 ske
171 731 71 22 förrän
258 738 26 15 en
299 731 78 22 månad
393 731 55 22 efter
464 731 38 22 det
517 732 85 21 hunden
617 731 89 22 kommit
722 732 6 21 i
744 739 26 15 en
785 737 90 22 persons

53 766 47 21 ego.
131 760 42 22 För
188 762 32 19 att
236 760 118 21 emellertid
371 761 31 21 ett
417 760 112 22 bestämdt
544 761 119 26 stadgande
678 761 67 22 måtte
760 760 115 22 förefinnas

53 789 74 22 derom
150 790 32 21 att
204 789 131 22 åtminstone
357 789 47 22 icke
428 789 50 28 valp
501 790 68 21 under
592 796 25 15 en
636 790 89 21 månads
741 789 60 22 ålder
809 789 67 22 borde

52 824 53 15 vara
125 818 147 21 underkastad
294 818 145 27 beskattning,
463 820 62 25 tager
537 819 37 27 jag
588 819 43 26 mig
645 818 93 23 friheten
753 818 124 28 ödmjukast

52 846 81 23 föreslå
155 847 71 22 såsom
249 847 76 27 tillägg
346 847 32 21 till
393 846 12 28 $
422 849 18 24 1,
458 849 34 20 att
507 847 55 22 efter
577 847 66 22 orden
660 853 49 21 ,sex
724 848 81 26 mark",
820 847 56 26 finge

53 875 83 28 inflyta:
161 892 9 10 ,
173 876 86 21 hvilken
279 876 60 21 skatt
361 876 56 21 dock
438 876 50 22 icke
511 876 163 27 ifrågakommer
696 876 34 22 för
745 877 48 26 valp
809 876 68 21 under

53 911 27 16 en
102 905 88 21 månads
213 905 79 21 ålder".
322 905 67 21 Detta
407 911 52 16 vore
477 905 38 22 det
529 905 74 28 tillägg
616 905 37 28 jag
669 905 124 28 ödmjukast
807 904 70 23 skulle

53 933 86 22 anhålla
154 933 21 22 få
189 935 58 26 göra,
264 939 34 16 om
313 933 37 22 det
365 933 102 28 möjligen
482 933 70 23 blefve
565 934 133 21 understödt.

123 962 71 22 Sedan
210 962 151 22 diskussionen
377 962 59 22 öfver
451 962 12 28 $
481 965 10 19 1
508 963 89 22 härmed
613 962 106 28 afslutats,
735 962 142 29 uppställdes,

53 991 50 22 med
117 991 101 22 afseende
234 991 51 22 derå
300 993 33 20 att
348 991 96 22 hvarken
459 991 53 22 herr
527 991 139 23 Silfversvans
678 992 53 21 eller
737 992 51 22 herr
795 991 82 28 Prytz's

53 1021 76 21 senast
151 1019 79 28 afgifna
252 1019 81 28 förslag
352 1020 75 22 vunnit
445 1021 121 22 understöd
581 1021 40 22 och
636 1021 49 21 med
699 1021 87 27 ledning
801 1020 22 22 af
837 1020 42 22 den

53 1049 35 22 vid
110 1049 158 27 förmiddagens
291 1049 159 22 sammanträde
474 1049 152 28 försiggängna
647 1049 156 28 diskussionen,
824 1048 55 23 efter

53 1078 121 22 hvarandra
188 1077 94 28 följande
298 1078 317 28 omröstningspropositioner:

123 1107 42 27 1:0)
197 1107 55 26 Vill
266 1107 161 26 Ridderskapet
441 1107 44 22 och
499 1107 70 22 Adeln
584 1107 77 28 ålägga
676 1113 65 22 egare
757 1107 23 22 af
787 1107 90 26 hundar,

53 1135 51 22 med
120 1135 52 22 eller
186 1137 53 20 utan
254 1135 117 28 undantag,
387 1135 73 28 någon
475 1136 147 27 beskattning;

121 1164 74 22 vinner
209 1165 41 27 nej,
266 1163 95 23 förfaller
375 1163 264 29 författningsförslaget*.

121 1193 164 28 Propositionen
300 1193 131 22 besvarades
446 1193 39 22 vid
501 1194 94 22 anställd
610 1194 132 27 omröstning
756 1193 49 23 med
821 1195 25 20 57
855 1193 24 28 ja

54 1222 40 22 och
111 1224 26 20 14
152 1222 42 28 nej.

122 1251 43 27 2:0)
197 1251 65 26 Den,
279 1257 46 15 som
340 1251 36 21 vill
393 1250 78 28 ålägga
488 1257 66 22 egare
569 1251 22 22 af
604 1251 84 22 hundar
702 1251 127 23 både
760 1246 8 37 i
774 1251 54 23 stad
839 1251 40 22 och

53 1280 29 28 på
96 1280 75 22 landet
184 1279 147 28 beskattning,
347 1281 72 21 röstar
431 1279 32 28 ja;

123 1309 73 21 vinner
211 1309 42 27 nej,
270 1308 88 28 ålägges
374 1309 60 21 skatt
449 1309 83 22 endast
545 1309 33 22 för
592 1309 84 22 hundar
689 1310 7 21 i
712 1310 69 22 stad".

122 1338 90 22 Hvilken
227 1338 134 26 proposition
376 1338 135 22 besvarades
527 1338 49 22 med
590 1338 154 28 öfvervägande
757 1339 28 27 ja.

125 1366 43 28 3:0)
199 1366 55 27 ,Vill
269 1366 160 28 Ridderskapet
444 1366 44 22 och
504 1367 69 22 Adeln
590 1368 78 26 antaga
684 1369 31 21 ett
731 1367 57 22 olika
801 1366 79 27 belopp

55 1396 22 21 af
91 1396 59 21 skatt
165 1396 13 21 å
192 1395 84 22 hundar
290 1395 7 21 i
312 1395 78 21 staden
404 1395 41 21 och
460 1395 32 27 på
507 1396 81 26 landet;

122 1424 74 22 vinner
218 1424 41 28 nej,
283 1425 88 26 antages
394 1424 45 21 lika
459 1424 65 22 skatt
538 1424 32 22 för
584 1424 84 22 hundar
682 1424 7 22 i
704 1425 77 21 staden
797 1423 39 23 och
851 1423 29 27 på

54 1453 94 22 landet".

123 1482 41 21 Vid
186 1481 94 22 anställd
302 1481 133 27 omröstning
458 1487 38 16 om
520 1482 68 22 denna
607 1481 133 28 proposition
755 1481 74 23 utföllo
844 1482 36 20 rö-

54 1512 74 20 sterna
141 1511 49 21 med
205 1512 25 20 61
245 1510 23 27 ja
284 1510 40 22 och
341 1512 25 19 15
382 1510 41 26 nej.
