1086 1717
401 125 42 17 Den
461 124 8 17 1
488 125 42 23 Maj.
800 123 40 21 629

47 188 60 22 Hans
129 188 114 27 Majestäts
266 187 101 27 högsinta
384 187 152 23 bemödanden
554 189 33 20 att
602 188 28 26 på
644 187 78 27 fredlig
736 190 41 25 väg
791 188 81 22 bereda

46 216 119 29 förtryckta
179 216 172 22 trosförvandter
364 216 7 21 i
387 218 32 19 ett
435 216 151 27 angränsande
601 216 51 22 land
662 223 26 15 en
699 223 45 15 mer
753 216 119 28 betryggad

47 246 107 26 ställning.
185 246 33 20 Då
233 246 60 21 Hans
308 244 121 28 Kejserliga
444 245 105 27 Majestät
564 251 88 16 numera.
666 245 34 22 för
715 246 126 26 uppnående
851 244 24 22 af

48 275 61 21 detta
131 274 43 22 mål
196 274 40 22 och
260 274 35 22 för
309 273 192 27 upprätthållande
516 273 23 22 af
551 274 67 22 rikets
634 276 38 19 ära
688 274 72 28 vädjat
775 274 31 22 till
820 280 51 21 vap-

47 310 53 15 nens
123 303 65 26 makt,
211 302 69 22 lifvas
294 302 160 27 Ridderskapet
477 302 42 22 och
540 303 69 21 Adeln
628 303 22 21 af
664 303 26 21 de
706 305 109 20 varmaste
828 303 44 22 väl-

48 332 131 27 önskningar
193 333 33 20 att
240 331 42 22 den
296 331 143 27 Allsmäktige
455 331 70 22 måtte
541 332 82 21 skänka
638 332 60 21 Hans
713 332 113 27 Majestäts
837 338 35 15 va-

47 368 43 20 pen
106 360 40 22 den
162 360 168 27 fullkomligaste
344 359 112 27 framgång
471 360 34 21 till
521 362 32 20 ett
568 362 60 20 snart
644 360 106 22 ernående
765 361 23 22 af
797 361 38 22 det
842 360 30 22 af-

48 390 68 21 sedda
130 390 74 26 målet;
221 389 40 21 och
276 389 40 21 har
330 388 162 27 Ridderskapet
508 389 40 21 och
562 390 67 21 Adeln
646 392 52 18 äran
714 392 31 18 att
759 390 40 22 hos
806 390 67 22 eders

49 418 112 28 excellens,
175 418 67 28 jemte
258 418 139 27 upprepande
413 417 24 22 af
450 424 27 15 en
489 417 113 22 försäkran
610 424 35 15 om
655 418 170 28 Ridderskapets
833 418 40 22 och

48 447 81 22 Adelns
150 447 148 26 undersåtliga
316 447 93 26 känslor,
431 446 93 27 anhålla,
541 449 32 19 att
588 447 62 22 eders
668 447 105 22 excellens
788 448 85 21 täcktes

49 477 31 20 till
96 477 38 20 vår
148 476 90 21 Monark
253 475 101 22 framföra
368 475 116 28 uttrycken
501 475 22 22 af
537 476 63 21 dessa
615 477 50 20 våra
675 476 147 27 underdåniga
829 476 44 21 väl-

49 505 151 27 önskningar";
223 505 118 26 hvarjemte
363 504 50 21 herr
435 505 210 21 Landtmarskalken
667 505 33 20 till
714 504 160 22 medlemmar
861 500 17 36 i

50 535 40 21 den
113 534 133 27 deputation,
270 539 46 16 som
332 533 13 21 å
360 533 98 22 ständets
474 535 82 25 vägnar
571 533 69 22 skulle
655 533 100 22 framföra
771 534 48 21 dess
835 539 38 16 un-

50 563 117 26 derdåniga
182 563 160 27 lyckönskning,
360 562 71 21 anhöll
447 563 34 20 att
496 561 21 22 få
531 564 62 20 utse:
609 562 111 27 grefvarne
735 562 92 22 Aminoff
833 561 40 22 och

49 591 97 27 Armfelt,
162 591 84 27 Gustaf,
262 591 128 22 friherrarne
405 597 42 15 von
463 591 65 25 Troil,
545 591 21 22 S.
583 591 39 26 W.;
636 592 93 26 Ramsay
745 591 40 21 och
795 590 79 22 Linder

51 622 56 20 samt
129 620 103 21 herrarne
254 619 111 27 Järnefelt,
384 620 31 25 A.,
432 619 106 22 Järnefelt
554 620 31 24 G.,
603 619 125 27 Grotenfelt,
744 619 129 26 Ehrnrooth,

49 649 298 27 Reinhold,
168 644 8 36 :
184 649 163 27 Stjernschantz,
356 655 40 15 von
406 648 138 26 Willebrand,
568 649 71 26 K.-F.,
659 649 154 26 Montgomery,
833 654 42 15 von

50 678 101 26 Kremer,
174 677 60 26 Karl,
257 681 42 18 von
318 677 94 22 Hellens.
433 677 87 26 Linder,
536 677 116 26 Molander,
669 677 112 26 Mechelin,
796 676 78 27 Antell,

51 707 60 24 Rein,
134 713 42 15 von
198 706 94 27 Alfthan,
308 712 41 15 von
367 706 127 26 Haartman,
511 706 98 26 Michael,
622 706 154 27 Wasastjerna,
792 705 82 26 Viktor,

51 735 40 22 och
107 735 22 22 af
141 735 120 22 Frosterus.

118 793 57 21 Från
193 793 155 21 sammansatta
367 792 55 27 Lag-
439 792 41 21 och
496 792 214 21 Ekonomiutskottet
723 792 55 21 hade
794 791 81 22 inkom-

50 821 45 26 mit,.
111 823 56 20 samt
182 821 127 26 föredrogos
321 821 39 21 och
371 821 116 21 bordlades
497 821 31 21 till
537 823 63 19 nästa
608 821 163 26 sammanträde,
782 820 93 28 följande

51 852 78 20 tvenne
144 850 162 22 betänkanden:

119 879 7 21 i
141 879 114 27 anledning
270 878 22 22 af
306 878 78 27 nådiga
398 879 164 26 propositionen
578 879 110 26 angående
699 877 124 23 lösdrifvare
836 877 40 22 och

53 908 62 21 deras
130 907 135 27 behandling,
282 910 56 19 samt

120 937 8 21 i
146 937 114 26 anledning
275 935 23 23 af
311 936 79 27 nådiga
405 936 163 27 propositionen
584 936 111 27 angående
711 935 165 28 tingsgästning.

123 993 173 22 Sammanträdet
312 993 75 22 afslöts
403 993 54 22 härå
473 993 93 22 klockan
583 995 23 20 11
624 994 28 27 på
667 993 92 22 aftonen.

633 1051 21 17 In
666 1050 63 18 fidem:

491 1085 90 22 Victor
596 1085 28 22 de
639 1085 25 22 la
680 1085 130 28 Chapelle.

231 1235 46 23 Den
295 1235 5 22 I
318 1234 43 29 Ma]
379 1234 96 24 klockan
495 1235 14 22 Il
526 1234 52 24 före
596 1235 116 28 middagen

125 1281 72 23 Sedan
219 1281 200 27 protokollsutdrag
443 1280 60 23 öfver
526 1281 98 22 ständets:
646 1281 73 22 beslut
741 1281 35 21 vid
792 1282 93 20 'senaste

57 1311 171 21 sammansträde
248 1310 113 28 justerats,
384 1310 146 27 tillkännagaf
550 1310 50 22 herr
622 1310 208 22 Landtmarskalken
853 1311 34 19 att

57 1340 70 27 polett
147 1340 113 21 inlemnats
279 1338 33 22 för
331 1339 72 27 adliga
422 1340 62 20 ätten
503 1340 39 20 N:o
558 1341 48 24 212,
631 1339 153 26 Hedenberg;
801 1338 22 22 af
837 1338 50 21 herr

57 1368 174 27 Hedenberg,
248 1368 24 21 R.
289 1368 24 20 A.

127 1425 57 22 Ifrän
198 1425 142 22 medständen
355 1425 56 21 hade
425 1425 115 21 inkommit
554 1424 163 22 nedannämnda
731 1424 156 28 protokollsut-

59 1454 59 28 drag,
135 1454 114 27 nemligen:

128 1482 47 22 frän
191 1482 169 26 Presteständet,
377 1482 126 21 utvisande:

128 1514 33 18 att:
182 1512 113 21 Allmänna
320 1510 217 24 Besvärsutskottets
561 1510 135 22 betänkande
715 1510 8 21 i
737 1510 116 26 anledning
867 1510 22 21 ät

60 1547 27 15 en
109 1542 57 20 inom
188 1540 164 22 Bondeständet
366 1539 66 22 väckt
446 1540 94 26 petition
556 1546 34 16 om
606 1540 72 28 anslag
693 1538 33 22 för
741 1545 27 15 en
783 1538 106 22 national-
