1086 1717
211 439 45 22 Den
272 439 32 22 20
318 439 61 28 April
396 439 97 23 klockan
511 439 15 22 II
542 439 52 23 före
612 437 125 28 middagen,

123 490 61 22 Efter
204 491 36 21 det
253 491 108 27 justering
376 491 23 22 af
412 491 201 27 protokollsutdrag
628 489 59 22 öfver
703 489 26 21 de
744 489 36 21 vid
795 488 86 21 senaste

54 520 170 21 sammanträdet
246 519 82 23 fattade
352 520 73 21 beslut
442 520 122 27 försiggått,
581 517 143 28 tillkännagaf
737 517 51 22 herr
802 516 80 22 Landt-

54 549 138 21 marskalken
207 548 33 22 för
257 549 89 22 ståndet
361 551 33 19 att
409 549 79 27 pollett
503 549 70 21 blifvit
588 550 90 25 uttagen
693 547 33 22 för
741 547 72 26 adliga
823 547 60 20 ätten

54 578 41 21 N:o
119 579 41 20 134
182 583 42 16 von
246 578 110 26 Kraemer,
381 577 23 22 af
416 578 51 21 herr
482 584 42 15 von
539 578 110 25 Kraemer,
665 576 53 22 Karl
733 574 80 23 Gustaf
826 575 56 21 Mor-

55 607 68 26 timer,
140 607 111 26 guvernör.

124 664 79 21 Vidare
225 664 127 22 meddelade
367 665 50 21 herr
432 664 211 22 Landtmarskalken
659 664 33 20 att
706 662 35 22 vid
757 662 70 21 denna
843 661 41 26 dag

57 693 72 21 hållen
152 692 208 23 talmanskonferens
383 693 74 22 beslut
472 693 82 26 fattats,
572 694 32 20 att
620 691 127 22 ständernas
761 690 64 27 plena
840 689 43 32 tills

56 722 73 21 vidare
145 721 41 22 och
200 721 56 22 intill
272 722 49 21 dess
336 722 102 21 behofvet
454 722 23 21 af
490 724 71 19 tätare
577 721 173 22 sammanträden
767 719 74 28 gjorde
851 724 33 20 sig

57 750 99 27 gällande
173 750 69 22 skulle
257 750 76 27 hållas,
349 751 92 21 likasom
457 751 93 26 härtills,
566 750 74 27 hvarje
655 749 73 27 tisdag
743 748 40 22 och
802 747 81 26 fredag.

128 836 102 28 Följande
249 836 47 21 från
312 837 140 21 medstånden
469 837 107 21 ankomna
590 835 199 28 protokollsutdrag
805 831 80 29 delgåf-

60 871 39 16 vos
115 865 88 22 ståndet
217 865 8 21 i
240 865 102 22 afseende
358 866 13 21 å
385 866 134 21 kännedom:

128 894 55 21 Från
199 894 169 27 Presteståndet,
384 895 50 21 med
449 894 148 22 underättelse
614 894 80 25 derom,
855 919 18 4 N

129 925 34 19 att
186 922 167 27 Lagutskottets
375 923 82 28 förslag
479 923 34 22 till
529 921 206 29 sammanjemkning
749 921 24 21 af
786 921 26 21 de
827 919 58 27 skilj-

61 952 74 26 aktiga
157 952 79 25 beslut,
252 952 60 21 hvari
327 952 91 21 ständen
434 954 89 19 stannat
537 952 36 21 vid
583 951 157 26 behandlingen
757 949 22 22 af
793 949 41 21 den
848 949 38 20 nä-

62 981 51 26 diga
128 980 167 27 propositionen,
317 981 110 26 angäende
450 980 152 28 upphäfvande
623 979 23 22 af
659 979 170 26 Ridderskapets
847 977 40 21 och

61 1009 81 50 TOT
166 1011 44 19 rätt
232 1009 33 21 till
288 1010 127 27 utpantning
437 1010 41 21 hos
500 1010 62 21 deras
578 1008 155 26 frälsebönder,
749 1007 70 22 blifvit
835 1006 51 27 god-

78 1040 61 24 ändt;

133 1068 33 19 att
187 1067 165 26 Lagutskottets
375 1067 140 22 betänkande
530 1067 6 21 i
552 1067 114 26 anledning
681 1065 23 22 af
717 1064 78 27 nädiga
810 1069 77 22 propo-

65 1095 98 26 sitionen,
180 1096 112 26 angäende
308 1096 89 27 ändring
412 1095 23 22 af
448 1103 29 14 nu
493 1095 99 28 gällande
603 1095 80 27 lagbud
695 1100 33 15 om
744 1093 97 27 giftorätt
849 1091 39 22 och

65 1123 34 22 arf
119 1123 54 22 efter
194 1124 110 22 landsrätt
326 1126 55 20 samt
401 1131 34 15 om
451 1124 161 28 morgongäfva,
627 1123 70 22 blifvit
713 1122 22 22 af
748 1121 87 22 ständet
851 1127 36 15 an-

67 1154 66 26 taget.

134 1182 54 21 Frän
204 1181 188 28 Borgareständet,
409 1183 120 26 utvisande,

134 1212 33 19 att
189 1211 180 22 Statsutskottets
391 1211 138 21 betänkande
552 1211 7 21 i
574 1209 114 27 anledning
704 1208 22 22 af
734 1207 155 28 Borgarestän-

67 1239 48 22 dets
131 1239 158 27 framställning
304 1246 34 15 om
353 1240 114 27 tryckning
482 1239 24 22 af
519 1240 103 21 ständens
638 1235 252 33 diskussions-protokoll

66 1269 29 27 pä
109 1268 79 21 allmän
203 1268 122 21 bekostnad
340 1269 69 21 blifvit
420 1269 21 21 at
449 1269 88 21 ständet
544 1268 116 28 godkändt,
670 1267 48 21 med
726 1267 67 20 sädan
801 1265 90 25 ändring

67 1299 34 19 att
116 1298 66 20 orden
199 1314 4 10 ,
204 1297 62 26 efter
280 1298 142 26 landtdagens
438 1297 136 22 afslutande*
590 1298 8 20 i
612 1296 69 28 tredje
696 1301 61 16 mom.
775 1294 23 22 af
806 1294 84 21 utskot-

67 1328 44 19 tets
125 1325 81 28 förslag
221 1326 32 21 till
268 1326 73 22 beslut
356 1327 71 21 skulle
441 1326 60 27 utgä.

135 1354 71 22 Dessa
220 1355 199 28 protokollsutdrag
434 1355 71 21 skulle
521 1355 8 21 i
544 1354 82 22 arkivet
641 1353 102 22 förvaras.

137 1440 41 22 Til
201 1440 131 28 behandling
354 1440 111 27 föredrogs
490 1441 41 21 och
548 1440 124 27 godkändes
695 1440 51 20 utan
769 1436 123 23 diskussion

68 1469 166 27 Lagutskottets
250 1469 80 27 förslag
346 1470 31 20 till
393 1469 206 27 sammanjemkning
614 1467 22 21 af
646 1467 26 21 de
681 1466 124 28 skiljaktiga
813 1464 78 33 beslut,

69 1498 60 22 hvari
151 1498 92 21 stånden
266 1500 87 20 stannat
374 1498 36 22 vid
429 1498 145 26 behandligen
594 1496 22 22 af
634 1496 78 27 nådiga
724 1494 167 28 propositionen,

70 1527 111 27 angående
195 1526 148 27 förändringar
358 1527 6 20 i
374 1527 75 27 lagens
461 1526 138 28 stadganden
608 1531 33 15 om
650 1525 65 21 oäkta
722 1524 64 22 barns
795 1521 95 23 arfsrätt.

817 1594 8 16 1
