1086 1717
239 106 41 20 908
544 110 40 16 Den
600 108 27 18 24
642 108 44 24 Maj.

210 171 139 23 omförmälda
364 172 69 22 stånd.
464 172 44 22 Det
523 172 53 27 skäl;
594 179 46 15 som
655 178 49 16 man
720 172 110 27 åberopar,
847 178 63 21 synes
925 172 43 26 mig
982 171 39 22 ick

212 200 50 22 leda
276 201 32 21 till
324 208 27 15 en
366 202 66 21 sådan
447 201 135 22 konklusion.
613 202 43 22 Det
672 202 61 22 heter
747 202 8 20 i
771 202 26 20 14
813 200 18 28 $:
849 218 4 9 ,
854 200 128 28 berättigad
998 202 22 20 at

213 230 87 27 deltaga
313 230 8 21 i
336 230 34 22 val
385 230 23 22 af
421 230 84 22 elektor
520 230 52 22 eller
586 230 165 28 landtdagsman
766 230 7 21 i
789 229 79 23 ofrälse
884 230 90 22 stånden
985 231 36 19 äro

208 258 50 22 med
282 259 138 27 iakttagande
436 259 23 21 af
480 259 27 21 de
529 259 7 21 i
560 262 32 24 11,
618 261 26 20 12
667 260 41 21 och
728 261 25 19 13
769 258 24 28 $$
809 258 106 28 stadgade
930 258 92 28 grunder

208 288 54 20 hvar
284 288 40 21 och
347 294 26 15 en
395 288 33 21 till
450 288 89 22 ståndet
556 288 96 22 hörande
669 288 40 22 och
723 288 58 21 inom
795 288 146 22 valdistriktet
955 287 67 21 bosat:

207 316 57 22 finsk
284 317 71 21 man".
385 317 34 21 Då
430 317 50 22 här
502 317 105 28 åberopas
630 317 143 28 uttryckligen
793 316 8 22 i
817 318 33 25 11,
867 318 26 20 12
909 316 39 22 och
965 318 25 19 14
1006 315 17 29 &

208 344 53 22 hvar
281 345 39 21 och
338 352 25 15 en
378 346 33 21 till
426 346 87 21 ståndet
528 346 95 22 hörande
638 345 56 23 finsk
707 352 56 20 man,
779 345 25 22 sä
816 347 27 20 är
859 345 37 22 dét
910 344 70 23 derför
996 346 27 20 at

210 380 27 15 en
256 380 80 21 person
350 374 39 22 bör
404 374 31 22 till
451 375 183 27 Borgareståndet
650 375 71 22 såsom
736 374 99 28 politiskt
851 374 69 27 stånd,
937 380 35 16 om
986 374 38 21 har

209 405 24 19 är
247 402 161 28 fabriksidkare,
425 404 156 27 skeppsredare
596 410 28 16 m.
640 410 34 18 m.,
690 404 61 22 äfven
767 409 35 15 om
817 403 42 21 han
875 405 24 19 är
913 403 108 22 adelsman.

207 432 33 21 De
263 432 120 28 slutsatser,
407 439 46 16 som
474 432 136 29 framdragits
626 432 23 23 af
666 432 161 28 Lagutskottet,
845 435 37 20 äro
898 432 126 27 obegripliga

208 463 48 20 rent
278 463 30 25 ut,
333 461 39 22 och
391 462 57 21 hvad
470 462 23 21 L.
515 462 51 22 O:ns
584 463 56 21 anda
656 461 108 27 beträffar,
781 461 25 22 så
821 463 24 20 är
859 461 121 28 uppenbart
995 462 30 20 att

209 491 53 20 1869
280 491 34 20 års
328 491 130 26 lagstiftares
475 491 55 21 anda
545 491 61 26 varit,
623 492 33 20 att
671 491 24 22 så
710 491 86 27 mycket
818 497 47 14 som
879 490 82 27 möjligt
974 496 51 21 upp-

207 519 64 21 hätva
286 519 133 22 skrankorna
433 520 7 21 i
455 519 102 23 afseende
574 520 12 21 å
601 520 117 22 valbarhet.
748 520 77 21 Denna
840 519 57 22 anda
911 519 68 22 skulle
990 519 36 27 jag

207 548 52 27 vilja
281 548 128 22 tillerkänna
433 551 53 19 1869
507 549 34 21 års
556 549 127 27 lagstiftare.
713 548 186 27 Borgareståndet
914 550 28 24 är,
958 548 68 21 såvidt

204 577 39 26 jag
269 576 79 22 förmår
372 577 55 22 fatta
448 578 73 26 saken,
544 579 177 26 representanten
744 577 34 22 för
800 577 226 26 stadskommunerna;

207 605 170 29 Ridderskapets
399 607 41 21 och
462 607 79 21 Adelns
564 607 139 22 medlemmar
725 608 37 19 äro
782 606 120 21 ledamöter
921 605 22 22 af
956 606 70 21 stads-

206 634 155 23 kommunerna;
373 630 40 37 och
424 630 79 37 utöfva
509 635 238 28 'representationsrätt
762 635 58 22 inom
828 635 65 22 dessa
900 635 125 26 kommuner

204 663 41 22 och
267 664 73 21 kunna
361 664 84 22 således
468 665 82 26 ganska
569 665 104 27 naturligt
692 663 74 23 utöfva
781 659 102 32 politiska
898 662 128 29 rättigheter

204 692 71 22 säsom
295 693 138 22 medlemmar
454 694 31 21 uti
507 694 133 27 landtdagen
663 694 13 21 &
690 694 166 21 kommunernas
872 695 85 25 vägnar.
987 693 39 21 Att

203 721 112 28 undantag
329 722 67 27 gjorts
411 723 8 20 i
434 722 100 22 afseende
550 723 14 20 &
578 723 136 27 gärdsegare,
730 724 25 19 är
770 722 83 27 ganska
867 722 103 27 naturligt
985 722 40 21 och

204 750 73 21 enkelt
299 751 49 21 med
371 751 100 22 afseende
491 752 13 21 å
519 751 41 22 den
575 751 158 28 priviligierade
749 751 101 27 ställning
865 751 70 26 adliga
950 751 75 26 gärds-

206 785 64 20 egare
292 779 69 22 hafva.
390 780 41 27 Jag
452 781 39 20 ber
507 782 32 20 att
553 781 29 26 pä
598 781 26 21 de
639 781 7 20 i
662 780 161 22 reservationen
838 779 126 22 framhällna
978 779 47 22 skäl

205 808 109 27 tillstyrka
336 809 130 26 antagandet
481 809 22 21 af
520 810 37 21 det
574 809 86 27 förslag,
677 816 46 15 som
738 809 51 21 herr
803 815 42 15 von
859 808 87 22 Hellens
962 809 62 27 gjort,

206 837 40 21 och
262 837 105 28 tillägger,
383 838 55 21 hvad
454 837 62 22 äfven
531 839 6 20 i
552 839 161 21 reservationen
729 837 94 28 antydts,
833 839 32 20 att
878 838 37 27 jag
922 843 62 16 anser
993 839 33 20 att

206 871 50 16 man
274 866 96 21 kommer
384 867 7 21 i
407 867 54 21 strid
476 867 48 21 med
540 867 139 27 grundlagen,
696 873 35 16 om
745 873 50 14 man
809 866 91 22 föreslär
914 873 27 15 en
956 866 69 22 sädan

206 894 160 28 inskränkning,
381 901 45 16 som
442 895 39 22 alls
497 896 47 21 icke
559 896 6 21 i
581 896 79 27 nädiga
674 895 163 28 propositionen
852 897 24 20 är
891 894 81 23 afsedd.

272 924 56 21 Herr
350 922 156 27 Schauman,
529 925 94 27 August:
654 925 10 21 I
686 925 69 21 likhet
774 924 50 22 med
839 923 42 22 den
895 923 130 28 föregäende

204 952 84 22 talaren
302 953 42 21 kan
359 953 48 22 icke
422 953 67 22 heller
501 953 38 28 jag
552 954 29 27 pä
595 954 67 27 något
677 955 45 20 sätt
735 953 63 26 fatta,
814 953 56 21 huru
884 953 24 22 L.
919 953 24 21 O.
955 953 70 22 skulle

204 981 57 27 gifva
283 981 114 28 anledning
419 983 31 20 till
465 982 66 27 några
546 982 127 22 tvifvelsmä]
688 983 7 20 i
711 982 38 22 det
763 981 164 28 ifrågavarande
941 981 83 22 afseen-

205 1009 43 22 det.
279 1010 73 27 Lagen
375 1013 23 19 är
417 1011 8 21 i
441 1011 60 22 detta
515 1011 44 27 fall
574 1011 72 22 säsom
660 1011 51 22 herr
725 1011 150 27 Montgomery
889 1010 62 27 visat,
976 1010 48 22 full-

204 1039 93 27 komligt
312 1039 53 22 klar.
395 1039 41 28 Jag
451 1040 38 21 ber
504 1040 55 21 blott
574 1042 32 20 att
622 1041 71 21 säsom
709 1041 33 20 ett
757 1039 124 28 ytterligare
891 1039 134 22 vittnesbörd

205 1074 35 15 om
256 1068 70 21 andan
341 1068 7 21 i
365 1070 52 20 1869
434 1069 34 21 ärs
483 1069 24 21 L.
523 1069 32 26 O.,
572 1069 38 22 der
624 1069 37 22 det
675 1069 70 27 gäller
758 1067 81 28 frägan,
856 1074 34 15 om
906 1074 25 15 en
946 1074 79 21 person

204 1096 43 21 kan
262 1096 64 22 hafva
340 1097 79 22 valrätt
433 1097 7 21 i
453 1097 53 29 flere
521 1098 69 26 ständ,
606 1097 22 22 fä
642 1097 57 22 fästa
714 1097 218 28 uppmärksamheten
947 1097 35 21 vid
993 1098 32 21 ett

204 1127 95 20 moment
318 1126 7 21 i
346 1127 25 20 14
386 1125 11 28 8
413 1126 22 22 af
448 1133 82 15 samma
544 1127 23 21 L.
584 1126 32 27 O.,
633 1127 38 22 der
686 1127 37 21 det
740 1126 45 21 står
800 1127 33 20 att
849 1126 40 21 den
905 1127 23 20 är
942 1126 82 21 undan-

204 1155 65 26 tagen
292 1154 47 21 frän
353 1155 84 26 valrätt,
454 1161 47 16 som
514 1155 66 22 redan
596 1155 91 28 deltagit
701 1155 7 21 i
723 1155 36 21 val
774 1154 23 22 af
810 1155 84 21 elektor
909 1155 53 21 eller
975 1154 49 22 full-

204 1183 82 27 mäktig
300 1183 34 22 för
348 1185 65 20 annat
428 1184 70 27 ständ,
514 1186 27 19 än
556 1185 37 21 det
607 1185 64 26 inom,
679 1183 83 23 hvilket
772 1183 42 22 han
822 1183 122 22 sedermera
952 1183 72 22 säsom

205 1211 101 28 väljande
321 1212 33 27 sig
363 1213 104 21 anmäler.
497 1213 76 22 Denna
587 1213 69 27 punkt
670 1213 68 22 borde
753 1213 54 26 göra
821 1212 89 22 alldeles
924 1212 58 21 klart
992 1213 33 20 att

203 1240 65 27 lagen
283 1241 48 21 icke
346 1241 41 22 kan
403 1242 76 26 tolkas,
497 1242 71 21 säsom
582 1242 50 21 herr
645 1241 114 22 Hackman
774 1243 75 19 nämnt
863 1242 32 20 att
906 1241 40 21 den
956 1240 70 23 blifvit

205 1269 37 21 det
264 1269 7 21 i
293 1269 94 29 Wiborg,
407 1271 38 21 der
462 1277 50 15 man
526 1270 68 22 fästat
608 1270 154 27 hufvudsaklig
776 1269 45 28 vigt
835 1270 36 21 vid
886 1270 64 22 dessa
965 1270 38 22 ord
1018 1269 8 22 i

204 1298 76 28 början
302 1298 23 22 af
345 1298 11 28 &
374 1301 26 19 14
418 1300 64 26 ,hvar
497 1300 40 21 och
553 1306 26 15 en
594 1300 32 21 till
640 1300 89 21 ståndet
743 1299 96 22 hörande
855 1299 40 21 och
909 1299 57 21 inom
980 1298 45 22 val-

206 1327 112 21 distriktet
333 1328 72 21 bosatt
420 1328 55 22 finsk
490 1329 69 21 man*.
590 1328 77 22 Säsom
683 1328 71 27 sagdt,
771 1328 38 21 det
823 1329 94 20 moment
924 1328 38 27 jag
972 1334 54 21 upp-

204 1356 58 21 läste
284 1362 39 22 ger
344 1356 77 28 tydligt
441 1357 35 21 vid
496 1357 84 22 handen
599 1359 33 20 att
646 1358 23 20 L.
686 1358 26 21 O.
729 1356 58 22 afser
801 1358 33 20 att
849 1362 27 16 en
890 1362 78 22 person
983 1357 43 21 kan

204 1385 59 27 välja
283 1385 90 21 emellan
395 1386 80 28 valrätt
493 1386 32 28 till
540 1386 51 22 flere
607 1386 69 22 stånd.
708 1385 64 22 Hvad
788 1385 103 22 särskildt
905 1386 65 26 angår
986 1385 41 22 den

200 1408 72 37 fråga,
286 1408 130 37 somi'veksä
430 1413 130 23 utskottet
551 1408 13 37 i
574 1414 191 22 sitt-betänkamde
780 1414 80 26 berört,
869 1420 35 16 om
911 1414 116 27 gärdsega-

205 1448 35 16 res
256 1442 86 26 valrätt,
359 1443 23 21 sä
398 1443 69 22 skulle
479 1444 38 27 jag
531 1443 33 22 för
578 1444 44 21 min
638 1444 34 21 del
687 1443 60 22 hälla
761 1442 46 22 före
823 1444 32 20 att
871 1443 36 21 det
917 1445 24 19 är
951 1443 77 21 endast

206 1470 42 22 den
271 1471 136 27 gärdsegare,
429 1472 115 22 frälseman
562 1473 52 21 eller
629 1473 33 21 till
677 1472 166 22 Presteständet
858 1472 100 26 hörande,
974 1471 53 22 hvil-

205 1500 44 21 ken
271 1500 57 21 blott
344 1500 7 21 i
367 1501 108 27 egenskap
491 1501 22 21 af
527 1502 128 26 gärdsegare
671 1501 72 22 skulle
759 1507 40 20 ega
813 1502 44 20 rätt
873 1502 32 20 att
920 1500 86 27 deltaga
1020 1500 8 22 i

205 1528 36 22 val
256 1529 33 21 till
304 1529 189 29 Borgareständet,
510 1536 45 16 som
570 1530 33 22 till
618 1530 52 28 följd
686 1530 23 22 af
723 1530 38 22 sitt
769 1529 197 28 frälsemannaskap
975 1529 53 23 eller
