1086 1717
385 117 40 18 Den
440 115 27 19 20
482 116 59 24 April
809 113 40 21 507

56 179 105 22 komitéer
175 179 56 21 varit
240 178 107 30 nedsatta
362 179 40 23 och
418 178 85 28 afgifvit
517 179 113 22 utlåtande
640 178 32 22 uti
680 178 86 28 mycket
774 178 105 28 obetydli-

57 214 50 21 gare
129 207 77 28 frågor.
236 208 68 22 Äfven
327 213 34 17 om
382 214 49 16 man
453 208 30 27 på
501 214 27 16 en
552 208 34 22 del
601 208 44 22 håll
660 207 50 23 icke
724 207 71 22 skulle
811 206 68 23 önska

57 244 27 15 en
107 236 37 22 allt
162 236 33 22 för
210 237 68 22 snabb
294 236 89 28 ändring
399 237 22 22 af
434 236 168 28 förhållandena,
619 236 25 22 så
659 238 45 20 tror
716 236 39 28 jag
770 236 61 26 dock,
847 236 34 21 att

59 265 37 23 det
118 267 23 20 är
163 265 47 22 skäl
234 267 32 21 att
280 265 59 22 hålla
353 265 76 28 frågan
443 272 58 21 uppe
516 266 40 21 hos
571 266 127 26 regeringen
714 265 40 21 och
769 265 7 21 i
791 264 89 22 allmän-

57 294 76 22 hetens
155 294 99 23 intresse.
284 294 64 22 Emot
371 294 37 22 det
427 294 89 28 förslag,
532 300 47 16 som
593 294 51 22 herr
659 293 142 28 Godenhjelm
816 293 63 27 gjort,

59 323 40 22 ber
111 323 37 27 jag
163 323 77 22 endast
254 322 22 23 få
291 323 108 27 anmärka,
415 324 34 20 att
466 323 38 21 det
518 323 48 21 icke
582 323 62 21 torde
658 329 52 15 vara
724 322 49 22 skäl
787 322 33 22 för
827 321 52 23 Rid-

59 352 115 27 derskapet
192 352 41 22 och
251 352 69 22 Adeln
343 352 51 22 eller
409 352 118 22 ständerna
542 353 34 21 att
590 353 98 20 närmare
704 351 125 27 specificera
842 356 38 22 pe-

59 380 100 22 titionens
176 380 62 29 syfte,
253 382 53 20 utan
322 382 32 20 att
369 380 62 22 detta
445 381 50 21 med
510 387 59 15 mera
584 380 48 22 skäl
646 380 43 22 kan
704 380 40 22 och
759 380 40 22 bör
810 379 69 23 öfver-

59 409 80 23 lemnas
154 410 23 22 åt
193 410 133 27 regeringen,
347 409 166 28 enkannerligen
522 410 22 21 åt
552 410 42 22 den
600 409 82 21 komité
690 408 119 28 petitionen
818 408 58 29 åsyf-

61 440 39 20 tar.
116 451 27 4 —
158 439 41 27 Jag
215 441 52 24 tror,
284 440 33 20 att
330 439 70 22 denna
413 438 62 28 fråga
490 439 29 27 på
534 439 60 22 detta
608 444 48 15 rum
671 438 56 21 talar
741 438 33 22 för
784 438 34 27 sig
825 437 54 28 sjelf,

61 467 41 23 och
118 468 117 27 nedlägger
256 467 84 22 derföre
356 467 67 22 ordet.

128 497 56 22 Herr
204 496 211 27 Pippingsköld:
439 497 102 21 Likasom
563 496 50 22 herr
628 495 53 23 Rein
696 496 39 21 ber
747 496 38 27 jag
801 496 34 21 att
849 494 32 23 för

62 526 36 21 det
112 525 114 28 höglofliga
240 525 87 22 ståndet
342 525 21 22 få
373 525 91 27 anmäla,
476 527 33 20 att
519 526 44 27 jag,
573 525 68 22 ehuru
649 525 92 21 medlem
749 524 23 22 af
777 525 104 21 Besvärs-

62 554 112 27 utskottet,
190 554 48 22 icke
252 554 56 22 varit
323 554 7 22 i
342 554 83 23 tillfälle
441 556 32 20 att
487 554 109 22 öfvervara
608 553 158 28 behandlingen
779 553 22 22 af
812 554 71 21 denna

61 583 66 27 fråga.
156 583 42 26 Jag
217 583 96 22 ansluter
328 583 43 28 mig
385 583 72 22 derför
472 584 67 21 också
553 583 33 22 till
601 583 50 21 herr
665 583 54 21 Rein
735 582 39 22 och
790 582 36 22 vill
841 581 41 22 lik-

65 618 46 15 som
125 611 42 23 han
182 611 86 23 förorda
282 612 120 27 petitionen
416 613 29 27 på
459 612 108 22 likartade
582 612 54 21 skäl.
666 611 95 22 Emedan
771 611 50 22 herr
828 610 54 22 Rein

62 641 74 22 berört
150 641 102 27 qvinnans
267 642 45 21 rätt
328 643 32 20 att
374 641 63 22 vinna
452 641 86 22 inträde
552 641 36 22 vid
603 641 156 26 universitetet,
776 640 24 21 så
807 639 75 22 behöf-

63 676 37 15 ver
120 669 37 28 jag
176 670 48 22 icke
240 672 52 25 säga
306 671 33 21 att
354 670 61 22 äfven
427 671 46 27 jag,
490 670 28 22 då
532 670 75 27 frågan
622 676 38 15 var
674 669 46 22 före
734 669 7 22 i
757 668 126 23 universite-

63 700 43 20 tets
123 699 159 27 konsistorium,
304 701 53 20 utan
379 699 156 27 inskränkning
557 699 115 22 förordade
691 699 81 21 hennes
787 697 97 22 tillträde

64 727 33 22 till
120 727 159 28 universitetet;
294 734 49 16 men
363 728 38 27 jag
419 728 72 22 måste
507 728 55 22 dock
576 728 31 21 till
623 728 49 21 herr
686 727 65 22 Reins
767 726 116 23 anförande

63 758 53 25 göra
131 757 40 21 den
186 756 145 28 anmärkning,
347 759 33 19 att
395 756 61 23 äfven
472 757 33 22 till
521 757 26 22 de
562 756 133 22 medicinska
709 755 122 22 studiernas
845 755 38 22 be-

64 785 108 22 drifvande
187 785 91 28 gvinnan
293 785 36 22 vid
342 786 49 21 vårt
404 786 129 22 universitet
547 785 48 22 icke
610 785 40 22 har
664 787 65 20 annat
743 787 28 19 än
787 791 26 15 en
820 784 65 27 högst

64 814 199 22 otillfredställande
280 815 110 26 rättighet.
420 815 77 22 Henne
513 817 24 19 är
552 815 34 22 väl
601 814 122 22 meddeladt
739 813 98 22 tillstånd
852 814 33 20 att

65 843 83 28 åtnjuta
169 843 151 28 undervisning
342 843 8 22 i
371 843 102 27 medicin;
497 850 49 15 men
569 843 67 27 enligt
650 842 177 28 författningarne
842 841 42 22 kan

64 872 43 21 hon
128 872 65 22 likväl
215 872 49 22 icke
282 872 83 27 aflägga
381 879 26 15 en
423 872 98 28 offentlig
536 879 89 15 examen
640 872 40 21 och
695 872 42 21 kan
751 870 134 23 fördenskull

65 901 47 22 icke
134 901 67 22 heller
223 901 118 27 berättigas
364 901 33 22 till
416 901 121 22 medicinsk
554 901 87 28 praktik
659 901 7 21 i
684 901 84 26 landet;
784 901 23 26 ty
822 900 63 21 dessa

67 929 148 28 författningar
236 929 118 23 förutsätta
376 931 33 21 att
431 930 44 22 hon
494 930 55 22 skall
564 929 63 22 hafva
642 929 64 28 aflagt
719 929 103 27 behöriga
837 934 48 16 exa-

65 958 58 23 mina
143 959 35 21 vid
200 959 156 26 universitetet,
379 965 48 16 men
449 959 34 22 för
507 961 32 20 att
553 959 23 21 få
591 959 83 27 aflägga
690 959 53 26 dem,
759 958 69 21 måste
843 957 44 22 hon

66 987 64 22 hafva
151 988 125 27 genomgått
297 988 184 27 studentexamen,
505 988 87 27 hvilket,
617 989 32 20 att
671 988 62 21 döma
755 986 22 23 af
791 987 26 21 de
833 985 54 23 sista

66 1015 101 23 försöken
182 1023 46 15 som
244 1017 70 22 dertill
330 1017 85 28 gjordes
431 1016 23 23 af
467 1017 69 28 några
551 1023 57 21 unga
622 1016 138 27 fruntimmer,
771 1015 116 22 strandade

67 1047 45 20 mot
134 1047 80 26 vägran
236 1045 48 22 från
298 1045 67 28 högre
381 1047 38 20 ort.
451 1046 76 26 Alltså,
544 1046 62 21 deras
623 1045 100 27 ställning
737 1045 8 21 i
760 1043 128 23 medicinskt

70 1073 107 28 afseende,
201 1074 89 22 såframt
310 1075 26 21 de
351 1075 50 27 vilja
416 1074 65 23 blifva
497 1075 112 27 praktiska
623 1075 80 26 läkare,
719 1076 23 19 är
757 1074 64 27 högst
837 1073 50 21 obe-

68 1103 70 22 stämd
156 1103 40 22 och
215 1103 83 22 osäker.
328 1103 34 22 Då
381 1103 71 28 grefve
469 1103 123 28 Cronhjelm
608 1103 73 22 berört
696 1103 111 21 skilnaden
823 1101 65 22 emel-

67 1132 36 21 lan
119 1132 26 22 de
160 1132 64 28 ryska
238 1132 99 28 lyceerna
351 1132 34 22 för
400 1132 135 23 fruntimmer
550 1133 40 22 och
605 1132 52 22 våra
663 1130 224 27 fruntimmersskolor,

69 1161 26 21 så
113 1161 43 22 kan
169 1161 37 28 jag
220 1161 72 22 härtill
306 1161 56 22 intet
376 1161 96 22 särdeles
489 1162 96 27 tillägga,
602 1161 88 22 emedan
705 1160 162 22 förhållandena
881 1159 8 21 i

68 1190 107 27 Ryssland
190 1192 36 20 äro
242 1190 43 27 mig
300 1189 33 23 för
347 1190 85 27 mycket
447 1191 116 26 obekanta,
579 1197 48 14 men
640 1190 37 27 jag
692 1189 81 22 känner
782 1188 66 22 likväl
857 1189 32 21 ett

69 1218 138 27 förhållande,
231 1225 45 16 som
298 1219 126 27 visserligen
446 1219 50 22 icke
516 1219 58 22 afser
590 1219 57 22 blott
661 1217 227 26 fruntimmersskolan,

69 1249 53 20 utan
145 1248 26 21 de
193 1247 88 28 publika
302 1248 101 21 skolorna
419 1248 39 21 och
473 1249 54 21 våra
541 1248 71 27 lyceer
627 1248 7 21 i
650 1247 120 26 allmänhet,
786 1247 7 21 i
808 1246 82 22 hvilket

71 1276 26 22 de
113 1276 64 28 ryska
191 1277 178 21 läroanstalterna
385 1277 35 21 stå
433 1276 90 23 framför
538 1277 57 27 våra,
612 1277 41 21 och
668 1277 37 21 det
720 1278 29 24 är,
759 1275 47 22 att
798 1270 10 39 i
816 1274 74 28 hvarje

69 1305 68 27 högre
159 1306 61 27 ryskt
242 1306 82 27 lyceum
347 1305 82 23 fordras
446 1306 23 21 af
483 1306 101 22 eleverna
599 1307 33 21 att
647 1305 63 22 hafva
724 1304 125 28 genomgått
863 1310 28 16 en

69 1334 52 22 kurs
143 1334 8 22 i
171 1334 113 22 helsolära.
314 1334 74 22 Ehuru
409 1334 173 28 pagina-antalet
603 1334 48 23 icke
670 1334 117 22 betecknar
805 1332 86 28 mycket

70 1363 41 22 och
132 1362 49 23 icke
202 1363 67 22 heller
290 1363 56 22 huru
361 1365 60 20 stora
439 1363 106 28 framsteg
560 1364 74 22 eleven
649 1364 56 27 gjort
720 1363 6 21 i
741 1363 37 21 det
793 1367 96 22 pensum,

70 1398 47 16 som
132 1392 23 22 af
167 1392 77 22 honom
260 1392 90 26 fordras,
366 1393 25 21 sä
405 1392 36 22 vill
454 1392 40 28 jag
509 1393 65 21 likväl
590 1392 90 27 angifva,
696 1393 32 20 att
743 1392 41 21 den
793 1389 97 27 lärobok,

70 1426 47 16 som
138 1421 32 21 uti
192 1421 26 21 de
240 1421 64 27 ryska
326 1421 99 27 lyceerna
439 1422 120 26 genomgås
574 1422 33 20 uti
623 1422 77 25 ämnet,
717 1420 100 22 omfattar
832 1418 59 22 öfver

71 1451 42 20 300
130 1450 85 26 pagina.
244 1450 106 22 Eleverna
363 1450 47 22 lära
425 1449 32 27 sig
473 1450 93 22 sålunda
581 1450 67 26 något
663 1449 93 21 anatomi
771 1448 40 22 och
825 1446 66 28 fysio-

70 1478 44 27 logi
137 1480 57 20 samt
216 1478 67 28 derpå
298 1479 97 27 grundad
409 1478 118 22 helsolära.
557 1479 43 21 Det
616 1480 24 20 är
655 1484 26 15 en
696 1480 45 19 stor
757 1477 55 22 brist
826 1476 7 21 i
849 1475 44 22 alla

70 1507 52 21 våra
143 1507 66 27 högre
232 1507 71 22 skolor
326 1509 32 20 att
380 1508 77 21 sådant
479 1508 50 21 icke
544 1507 90 26 fordras,
650 1512 48 16 men
713 1506 46 22 häri
775 1506 46 22 står
836 1504 56 22 dock

71 1536 38 22 vår
131 1536 55 22 enda
207 1535 140 29 fullständiga
368 1536 216 27 fruntimmersskola,
607 1537 23 26 ty
653 1535 122 29 egentligen
793 1532 64 24 hafva
871 1533 20 24 vi
