1086 1717
387 109 40 17 Den
445 106 26 19 18
486 108 43 24 Maj.
801 106 41 21 765

117 171 64 28 Uppå
194 171 51 21 herr
259 171 220 23 Landtmarskalkens
495 170 81 28 förslag
590 171 46 23 blef
649 171 71 21 denna
727 170 145 23 Statsutskot-

49 201 44 22 tets
108 200 156 28 framställning
278 200 24 22 af
314 200 161 28 Ridderskapet
497 200 40 22 och
552 200 70 22 Adeln
637 200 105 28 godkänd.

118 287 10 21 I
151 286 101 22 afseende
274 286 13 22 å
308 286 121 22 kännedom
444 287 112 27 upplästes
572 293 26 15 en
614 286 111 22 skrifvelse
740 286 47 22 från
802 286 70 22 Bank-

50 316 110 22 utskottet
175 315 22 22 af
210 315 94 28 följande
319 316 102 21 innehåll:

119 344 71 22 Sedan
207 344 115 28 höglofliga
336 344 161 28 Ridderskapet
513 344 39 22 och
567 344 69 22 Adeln
652 350 75 21 genom
743 344 130 28 protokolls-

50 374 77 26 utdrag
149 373 33 22 för
204 373 41 21 den
261 374 26 20 27
303 373 60 27 April
379 375 54 20 1877
449 372 106 23 infordrat
569 373 181 22 Bankutskottets
766 373 106 28 yttrande,

51 408 34 16 om
105 402 40 22 och
160 402 32 22 till
207 402 56 22 hvad
278 402 78 28 belopp
372 402 70 27 någon
458 402 35 22 del
509 402 23 22 af
545 402 42 22 den
602 402 68 22 under
686 402 26 21 de
727 401 42 23 fem
784 401 89 22 nästföl-

49 431 66 28 jande
139 432 51 21 åren
211 431 115 22 motsedda
347 431 142 22 bankvinsten
509 431 136 22 beräknades
660 431 72 21 kunna
747 431 126 27 disponeras

50 461 33 21 till
104 460 140 22 bestridande
267 460 22 21 af
310 460 127 27 statsbehof,
453 460 34 22 får
502 460 108 21 utskottet
624 460 124 27 härigenom
763 460 111 21 vördsamt

51 489 89 28 anmäla,
157 491 32 20 att
204 495 26 16 en
246 489 68 22 sådan
328 489 119 28 beräkning
461 489 71 22 blifvit
547 489 22 22 af
582 489 108 22 utskottet
704 489 105 27 uppgjord
818 490 56 20 samt

51 518 87 27 intagen
153 519 8 20 i
176 518 119 22 utskottets
311 518 118 22 berättelse
445 517 60 23 öfver
519 518 117 21 verkställd
651 517 130 28 granskning
797 517 22 22 af
825 517 48 22 Fin-

50 547 61 22 lands
127 547 68 22 banks
208 547 91 28 styrelse
315 547 40 22 och
370 547 103 26 tillstånd,
483 547 86 22 hvilken
577 547 68 22 under
654 547 69 21 denna
734 547 41 26 dag
785 547 7 20 i
799 546 75 27 nödigt

51 576 58 21 antal
125 576 107 27 exemplar
247 575 70 23 blifvit
331 575 114 22 öfversänd
460 576 33 21 till
509 576 208 21 riddarhuskansliet
726 575 33 22 för
767 577 33 20 att
807 575 66 22 bland

50 605 116 27 högloflige
181 605 171 28 Ridderskapets
369 605 41 22 och
424 605 82 22 Adelns
522 605 138 22 medlemmar
675 605 91 22 utdelas.

119 691 120 28 Föredrogs
255 691 41 22 och
310 691 116 22 bordlades
442 691 33 22 till
490 693 64 20 nästa
569 691 96 28 plenum:
852 714 10 5 W

119 721 166 27 Lagutskottets
307 720 80 27 förslag
408 720 34 22 till
464 721 83 22 ändrad
568 721 82 28 lydelse
666 719 23 22 af
702 721 12 20 7
729 719 11 28 $
756 722 12 19 8
783 719 49 28 kap.
848 720 25 21 Ä.

51 749 24 22 B.
97 749 8 22 i
128 749 223 23 öfverensstämmelse
372 749 50 22 med
440 749 27 22 de
485 749 79 27 beslut,
584 749 7 22 i
609 749 71 22 hvilka
695 749 90 22 stånden
801 749 74 21 senast

51 780 88 20 stannat
153 779 35 21 vid
203 778 61 27 fräga
280 785 34 15 om
330 778 206 28 sammanjemkning
551 778 23 22 af
587 779 63 21 deras
660 778 58 22 förut
724 777 83 22 fattade
815 777 60 28 skilj-

51 807 73 28 aktiga
145 807 74 22 beslut
240 807 8 22 i
270 807 114 28 anledning
407 807 23 22 af
449 807 62 22 Hans
533 807 121 28 Kejserliga
668 807 113 28 Majestäts
797 805 78 28 nädiga

50 836 140 28 proposition,
210 836 111 27 angäende
336 836 150 27 förändringar
501 837 8 21 i
523 836 75 27 lagens
613 835 133 28 stadganden
760 842 35 15 om
809 835 66 22 oäkta

50 865 64 22 barns
131 864 97 28 arisrätt;

119 894 181 22 Bankutskottets
315 894 118 22 berättelse
449 893 61 23 öfver
524 893 119 23 verkställd
658 893 130 28 granskning
795 892 22 23 af
825 892 48 22 Fin-

50 922 62 23 lands
128 923 68 22 banks
212 923 91 28 styrelse
318 923 41 22 och
373 923 106 26 tillständ,
496 925 56 20 samt

119 952 225 27 Jernvägsutskottets
366 952 140 21 betänkande
527 952 8 21 i
556 951 115 28 anledning
685 951 23 22 af
721 951 106 22 särskilda
841 950 32 22 till

50 981 117 27 höglofliga
187 981 96 22 Ständen
305 981 111 27 angående
435 981 229 28 jernvägsbyggnader
678 980 120 23 inlemnade
817 979 56 28 peti-

50 1010 76 22 tioner.

119 1067 39 22 Till
173 1067 131 28 behandling
319 1067 112 28 föredrogs
442 1067 226 22 Ekonomiutskottets
679 1066 35 24 vid
725 1068 86 21 senaste
818 1072 55 16 sam-

50 1097 111 21 manträde
177 1096 119 27 bordlagda
311 1096 112 22 skrifvelse
439 1097 113 27 angående
567 1097 129 26 behandling
709 1095 7 22 i
721 1095 108 23 förstärkt
839 1097 34 20 ut-

49 1125 61 22 skott
125 1125 23 22 af
161 1125 41 22 den
218 1125 34 22 del
268 1125 24 22 af
304 1127 13 20 2
333 1125 11 28 $
360 1125 22 22 af
394 1125 228 22 Ekonomiutskottets
637 1125 135 22 betänkande
783 1125 7 21 i
799 1123 75 28 frågan

50 1154 111 27 angäende
184 1154 118 22 ordnandet
325 1153 23 22 af
367 1154 238 28 häradspostföringen,
628 1154 32 22 uti
682 1154 85 22 hvilken
782 1153 92 28 lagenlig

49 1183 110 27 pluralitet
174 1183 48 22 icke
236 1183 82 22 kunnat
334 1183 80 22 vinnas.

119 1212 71 22 Sedan
212 1212 161 27 Ridderskapet
395 1212 40 21 och
457 1212 72 22 Adeln
546 1213 28 26 pä
589 1212 49 22 herr
653 1210 218 24 Landtmarskalkens

49 1239 155 29 framställning
219 1241 96 27 godkänt
330 1241 42 22 den
387 1240 23 22 af
423 1241 215 22 Ekonomiutskottet
648 1240 121 28 föreslagna
780 1241 92 21 omröst-

49 1269 233 28 ningspropositionen,
306 1269 135 29 uppmanade
469 1270 52 22 herr
542 1269 209 23 Landtmarskalken
773 1269 98 22 ständets

49 1299 138 21 medlemmar
210 1301 32 19 att
264 1299 74 22 skrida
360 1299 33 21 till
407 1299 35 21 val
458 1298 25 23 af
497 1299 119 22 ledamöter
630 1299 7 21 i
653 1300 36 20 det
704 1298 119 22 förstärkta
837 1299 34 20 ut-

49 1328 89 26 skottet,
154 1328 98 22 hvarföre
268 1328 66 26 sagde
349 1328 34 22 val
398 1334 29 15 nu
441 1327 99 28 företogs
556 1328 40 22 och
611 1328 61 22 utföll
688 1328 89 21 sälunda
792 1328 33 20 att
839 1326 33 22 till

48 1356 119 22 ledamöter
190 1357 45 21 deri
257 1357 89 27 utsägos
368 1356 133 23 friherrarne
516 1357 83 27 Boije,
614 1363 42 16 von
666 1356 61 27 Toil,
744 1356 21 22 S.
782 1355 31 22 W.
831 1355 40 22 och

49 1385 102 27 Wrede,
168 1386 91 26 August,
275 1388 56 19 samt
342 1386 103 21 herrarne
453 1392 44 15 von
505 1386 134 26 Kraemer,
649 1385 166 26 Grotenfelt,
825 1384 47 21 An-

49 1414 57 26 tell,
123 1414 166 28 Lagerborg,
304 1415 88 25 Robert,
409 1420 41 16 von
461 1414 158 28 Bonsdorff,
630 1414 189 27 Montgomery,
829 1418 42 17 von

49 1442 107 23 Alfthan
171 1443 40 22 och
226 1443 119 28 Pipping,
362 1442 87 22 Fridolf.
