1086 1717
356 120 41 19 Den
411 119 26 19 26
453 120 43 25 Maj.
781 118 41 23 947

30 184 46 28 ord,
96 190 47 16 som
158 183 66 28 enligt
239 183 43 22 min
297 184 86 27 mening
397 184 33 21 till
446 190 26 16 en
489 186 46 20 stor
550 184 36 22 del
600 183 119 29 upphäfver
733 184 82 23 verkan
829 184 24 23 af

29 213 50 23 hela
93 212 164 28 författningen;
274 212 37 22 det
326 216 24 19 är
364 212 137 23 händelsevis
518 213 36 22 det
570 213 68 22 första
653 213 70 22 ordet:
733 229 5 11 ,
739 213 114 27 arbetsför

30 241 56 23 finsk
100 242 162 27 medborgare";
276 241 38 28 jag
328 241 80 23 förstår
423 242 48 22 icke
486 242 57 22 hvad
558 248 49 16 man
621 248 74 16 menar
709 242 50 22 med
774 248 26 16 en
809 242 44 23 lös-

31 270 219 27 drifveriförfattning,
260 276 46 16 som
322 270 77 22 endast
413 270 70 22 skulle
499 270 57 28 gälla
572 270 153 27 ,arbetsföra*.
756 271 42 27 Jag
807 273 46 20 tror

31 302 33 20 att
82 301 81 21 största
183 299 64 22 delen
266 299 52 22 eller
336 299 131 22 åtminstone
483 306 27 15 en
525 301 46 20 stor
586 300 35 21 del
636 299 23 22 af
672 300 64 22 dessa
750 306 104 22 personer

31 331 38 19 äro
83 328 48 22 icke
147 327 129 27 arbetsföra;
292 334 49 16 men
356 328 61 22 skola
431 328 29 22 då
475 328 65 22 dessa
554 328 22 22 få
591 328 75 28 stryka
674 328 75 22 landet
757 329 96 28 omkring

32 358 40 21 och
93 357 106 22 derunder
214 356 48 22 föra
276 358 32 20 ett
323 357 108 27 vanartigt
445 356 147 23 lefnadssätt?
621 358 43 26 Jag
678 359 36 20 vet
728 358 55 27 icke,
798 358 56 22 huru

31 386 207 27 kronobetjeningen
261 386 40 22 och
324 386 258 28 socknemyndigheterna
602 386 7 21 i
632 386 82 22 sådana
735 386 38 22 fall
793 387 61 21 skola

31 415 84 27 förfara,
133 421 33 16 om
182 414 165 28 uppfattningen
362 417 24 20 är
402 415 76 22 denna.
509 415 51 22 Icke
576 415 78 22 endast
663 415 143 29 minderåriga
813 416 41 22 och

32 444 120 27 öfveråriga
174 444 77 27 gamla,
271 445 53 20 utan
344 450 27 16 en
386 446 46 20 stor
445 444 83 27 mängd
542 450 104 22 personer
661 444 7 21 i
683 445 46 22 sina
744 445 64 22 bästa
823 445 30 27 år,

32 479 47 16 som
97 473 46 22 icke
158 473 68 22 heller
241 473 81 27 arbeta,
340 473 73 28 stryka
429 473 110 28 omkring;
556 473 37 22 det
605 472 69 23 finnes
690 473 100 28 slutligen
805 480 48 21 per-

32 508 70 21 soner,
125 508 47 16 som
187 501 56 28 gifva
262 502 33 27 sig
312 503 25 20 ut
352 501 33 23 för
400 504 33 20 att
448 509 53 15 vara
515 503 48 21 icke
579 501 127 28 arbetsföra,
722 503 40 22 och
779 503 36 22 det
831 505 24 20 är

32 533 53 19 nära
103 531 29 27 på
147 537 26 16 en
188 531 87 27 omöjlig
290 531 40 22 sak
345 530 33 23 för
392 531 236 28 polismyndigheterna
642 533 34 20 att
690 531 49 28 ingå
753 532 8 21 i
777 531 76 23 under-

33 560 91 27 sökning
143 559 65 22 deraf.
238 559 44 22 Det
296 562 24 19 är
334 559 55 22 först
403 560 36 22 vid
454 560 222 27 guvernörsembetet,
692 566 46 16 som
753 561 102 22 säkerhet

33 589 74 21 härom
129 595 77 21 genom
228 588 134 22 läkarebevis
384 589 81 22 vinnes.
496 589 35 22 Då
550 589 38 28 jag
610 589 48 22 icke
678 589 7 21 i
700 589 70 28 någon
785 596 70 16 annan

32 617 102 28 paragraf
153 618 40 21 har
212 617 82 22 kunnat
311 617 87 28 påfinna
413 618 72 27 någon
499 618 143 27 bestämning,
659 623 46 16 som
719 618 72 22 kunde
805 618 51 29 fylla

33 647 42 21 den
90 647 54 21 brist
156 647 38 27 jag
208 646 47 21 häri
270 646 75 27 funnit,
362 647 25 21 sä
401 647 70 21 skulle
485 647 39 28 jag
539 647 32 22 för
586 647 43 22 min
645 647 35 21 del
695 647 64 28 tycka
771 649 35 20 att
821 653 34 16 or-

33 675 38 22 det
86 675 106 22 arbetsför
207 677 23 20 är
246 675 88 22 alldeles
351 675 137 28 öfverflödigt
504 676 28 27 pä
547 677 61 21 detta
624 675 69 28 ställe,
708 683 49 15 men
765 678 32 20 att
804 677 52 21 hvar

33 705 41 21 och
97 711 32 20 en,
154 710 46 15 som
222 704 84 27 stryker
329 704 102 27 omkring,
455 705 103 27 antingen
579 705 44 22 han
643 707 24 19 är
682 705 107 22 arbetsför
805 705 52 22 eller

32 733 55 26 icke,
111 733 56 22 skall
181 733 145 22 underkastas
342 739 81 16 samma
437 733 139 28 behandling.
607 734 44 22 Det
666 736 24 19 är
705 734 77 23 endast
797 735 60 22 detta

31 762 38 27 jag
84 761 49 23 ville
149 762 108 21 anmärka.

101 791 57 21 Herr
172 791 144 22 Mechelin:
336 791 41 22 Om
393 791 46 27 den,
456 797 49 16 som
520 792 74 21 mistat
608 791 48 22 sina
671 798 74 21 armar,
761 792 48 22 icke
823 791 34 23 lif-

33 821 40 20 när
95 819 33 28 sig
147 820 48 21 med
217 821 33 20 att
268 819 72 28 hugga
354 820 48 27 ved,
418 820 25 22 sä
457 820 47 22 kan
518 821 44 21 han
576 821 48 22 icke
640 820 23 22 af
675 821 63 26 lagen
752 821 105 22 förklaras

33 848 33 22 för
81 848 93 27 osedlig;
190 854 34 16 om
240 848 48 27 den,
304 855 47 16 som
366 851 24 19 är
402 849 67 27 blind,
486 849 49 22 icke
543 849 87 22 arbetar
637 849 49 22 med
694 851 32 20 att
733 849 124 28 renskrifva,

34 877 25 22 sä
78 879 24 20 är
121 877 42 22 han
181 877 71 22 derför
266 877 48 22 icke
330 883 26 16 en
371 878 99 27 vanartig
486 885 87 20 person,
589 878 33 22 för
638 878 85 22 hvilken
738 885 26 16 en
778 879 81 28 speciel

33 906 36 27 lag
91 906 69 21 måste
182 906 78 22 stiftas.
290 906 56 22 Hela
361 907 120 28 begreppet
496 907 126 22 lösdrifvare
638 909 24 20 är
677 907 66 28 enligt
758 908 41 21 den
814 907 42 28 idé,

35 941 47 16 som
97 935 116 27 genomgär
228 935 38 22 vär
280 935 135 28 lagstiftning
429 936 7 21 i
452 936 69 22 dessa
531 939 83 24 ämnen,
625 936 132 27 nödvändigt
764 936 94 28 förknip-

35 964 43 27 pad
93 964 49 22 med
157 963 150 23 arbetsförhet.
338 964 43 23 Det
396 967 25 19 är
436 965 81 22 endast
531 965 33 27 dä,
581 971 47 16 som
643 971 49 16 man
706 965 96 22 kommer
811 965 48 22 frän

34 992 172 28 lagstiftningens
222 993 47 22 sida
284 993 41 22 och
341 995 72 26 säger:
428 993 40 22 här
485 996 26 19 är
526 1001 26 15 en
567 994 81 27 speciel
663 994 36 27 lag
713 994 98 27 befogad,
820 996 39 20 när

36 1022 36 21 det
87 1022 68 27 gäller
169 1028 110 21 personer,
296 1029 46 15 som
357 1022 72 22 kunna
443 1021 110 24 förvärfva
568 1023 34 27 sig
616 1023 38 22 sitt
662 1023 148 28 lifsuppehälle
819 1023 40 22 och

35 1051 57 21 ändä
111 1052 57 20 sätta
187 1051 33 27 sig
238 1050 59 23 öfver
312 1051 96 22 arbetets
425 1051 110 23 allmänna
549 1052 117 22 moraliska
679 1052 41 27 lag.
750 1053 39 21 Att
803 1052 56 22 häri-

35 1079 46 22 frän
104 1081 120 20 utmönstra
246 1080 62 21 ordet
330 1080 130 27 ,arbetsför*
481 1087 54 16 vore
556 1081 125 27 detsamma,
698 1087 45 16 som
759 1083 33 20 att
806 1087 54 22 upp-

35 1108 64 23 häfva
113 1109 49 21 hela
176 1109 154 27 rättsgrunden
344 1109 33 22 för
392 1109 70 22 denna
477 1109 143 28 lagstiftning.

104 1137 98 22 Friherre
225 1138 106 27 Wrede,
354 1138 96 27 August:
481 1139 46 27 Jag
544 1139 70 22 skulle
631 1139 48 22 icke
694 1138 63 23 hafva
771 1139 8 21 i
794 1139 67 22 saken

35 1166 66 27 nägot
121 1168 33 20 att
171 1166 95 28 tillägga,
282 1167 67 21 sedan
365 1167 42 22 den
421 1167 134 28 föregäende
570 1168 83 21 talaren
669 1167 45 22 haft
729 1168 68 27 ordet,
812 1174 49 16 men

33 1195 38 28 jag
85 1195 38 22 vill
137 1195 75 22 härvid
227 1196 102 21 anmärka
344 1198 33 19 att
392 1196 88 22 ständet
496 1197 37 21 väl
547 1197 49 22 icke
611 1203 29 15 nu
655 1196 62 23 torde
730 1197 53 22 böra
797 1196 65 28 ingäi

35 1224 72 27 nägon
123 1224 123 22 diskussion
262 1224 23 22 af
298 1224 87 28 frägan;
402 1231 36 16 oss
453 1225 119 28 föreligger
587 1225 111 28 ingenting
712 1227 65 20 annat
792 1227 27 20 än
829 1227 33 20 att

12 1245 5 43 |
35 1253 101 27 förklara,
159 1259 34 16 om
216 1253 109 22 utskottet
344 1253 40 22 har
402 1253 95 28 lagligen
514 1254 89 28 förfarit,
620 1261 34 15 om
669 1255 107 22 utskottet
791 1254 72 27 dragit

12 1298 1 6 '
36 1282 79 28 riktiga
137 1282 116 22 slutsatser
272 1282 23 22 af
312 1282 102 22 ständens
432 1283 83 22 beslut.
544 1283 42 28 Jag
601 1289 107 22 upprepar
723 1286 27 19 än
765 1290 26 16 en
806 1283 57 28 gång

37 1313 33 19 att
84 1312 71 26 nägon
171 1311 122 22 diskussion
308 1312 47 21 icke
370 1312 41 21 bör
425 1311 159 28 ifrägakomma
598 1312 7 22 i
620 1312 76 28 sjelfva
710 1313 73 21 saken.

105 1340 56 22 Herr
175 1346 41 16 von
230 1340 136 22 Kraemer:
383 1340 40 22 Om
439 1341 66 21 ordet
523 1341 131 27 ,arbetsför*
672 1342 55 21 skall
736 1340 126 28 bibehällas,

37 1368 112 22 hvaremot
161 1369 37 27 jag
212 1369 47 21 icke
274 1369 39 21 har
328 1369 66 27 nägot
409 1371 33 20 att
457 1370 106 22 anmärka
578 1370 54 22 efter
648 1370 42 22 den
704 1370 115 28 förklaring
824 1370 39 28 jag

37 1398 47 26 fätt,
101 1398 26 22 sä
141 1398 77 21 saknar
230 1398 37 27 jag
282 1398 56 22 dock
354 1404 27 15 en
395 1404 71 16 annan
479 1398 109 28 paragraf,
606 1405 46 16 som
667 1401 62 25 säger
743 1401 33 20 att
796 1399 68 22 andra

37 1427 111 27 vanartiga
167 1432 103 22 personer
292 1427 7 21 i
322 1426 117 23 allmänhet
458 1428 84 28 äsyftas
562 1428 49 22 med
631 1428 69 21 denna
714 1428 46 27 lag;
773 1428 39 28 jag
827 1428 36 21 vet

37 1456 48 21 icke
100 1456 29 26 pä
143 1456 86 22 hvilken
244 1456 69 27 grund
329 1456 26 21 de
371 1455 62 22 skola
449 1456 24 22 af
486 1456 213 28 polismyndigheten
708 1456 105 28 fasttagas
823 1455 40 23 och

38 1484 121 27 inskickas;
176 1484 36 22 det
227 1484 67 22 finnes
310 1484 116 28 ingenting,
443 1490 48 16 som
509 1485 117 22 anbefaller
642 1485 42 21 det.

106 1513 56 22 Herr
176 1519 42 16 von
232 1512 155 23 Bonsdorff:
417 1513 56 22 Lika
488 1514 53 22 med
554 1514 90 22 friherre
659 1514 77 22 Wrede
752 1520 63 16 anser
827 1511 38 29 jag

40 1542 150 23 diskussionen
210 1548 34 16 om
264 1542 70 22 denna
348 1541 61 28 fräga
423 1548 52 17 vara
492 1542 88 23 sentida
594 1542 70 28 väckt,
682 1542 28 22 dä
724 1542 78 23 sädant
816 1542 48 22 icke
