1086 1717
240 122 42 20 580
531 126 41 17 Den
587 124 27 18 27
630 120 58 29 April.

209 186 88 22 beredts
313 193 27 15 en
355 188 82 27 stadga,
453 188 47 22 som
515 188 126 28 tillskyndat
648 186 74 24 landet
731 190 58 20 stora
798 186 99 29 fördelar,
907 194 49 16 men
963 187 70 22 denna

210 216 78 28 städga
299 216 10 21 i
321 216 223 28 mhyntförkällandena
554 217 40 22 har
604 212 22 37 pä
620 217 96 27 senare
726 218 55 21 tider
788 216 70 23 blifvit
865 217 82 22 rubbad
956 218 77 25 genom

210 242 152 30 silfverprisets
377 245 93 23 fallände
483 246 42 22 och
540 252 77 21 genom
633 246 41 22 den
688 246 136 26 fluktuation,
841 252 47 16 som
899 238 37 40 egt
946 248 37 18 ram
1000 246 33 20 uti

210 273 111 22 kurserna.
352 274 75 22 Denna
441 275 108 27 rubbning
563 275 8 21 i
585 275 85 22 landets
686 275 203 27 pennimgeväsende
904 275 40 21 har
958 274 76 22 verkat

210 302 96 22 särdeles
330 303 87 27 menligt
439 304 28 27 på
484 304 92 28 landots
589 298 81 40 handel
679 304 42 24 och
735 304 159 30 industri,
853 298 38 40 och
902 304 84 25 skuiie,
997 308 40 17 on

206 323 150 42 förhållatidet
370 323 95 42 Lortfokd,
475 331 72 23 blifva
560 329 31 25 än
606 334 59 21 mera
680 328 99 32 skadligt
789 332 34 22 för
837 332 79 22 landet.
940 333 46 21 Den
994 332 40 21 har

209 360 77 21 verkat
299 360 90 28 menligt
403 360 62 23 äfven
481 361 7 21 i
503 361 103 23 afseende
622 362 13 21 å
648 362 143 22 statsverkets
802 361 57 22 både
867 362 118 21 inkomster
993 361 40 21 och

210 388 95 27 utgifter.
335 389 70 22 Bland
425 389 118 28 utgifterna
565 396 64 16 anser
649 391 41 27 jag
709 391 43 27 mig
767 390 104 22 särskildt
886 390 53 22 böra
955 392 79 19 nämna

210 417 151 23 annuiteterna
382 419 28 27 på
431 419 8 22 i
461 419 99 22 utlandet
582 413 109 38 upptagna
709 413 47 38 lån,
777 426 47 15 som
842 420 29 27 pä
886 425 76 16 senare
977 418 57 23 tider

209 447 63 21 ökats
287 447 63 27 olika;
367 444 39 25 allt
421 447 54 23 eftér
490 449 58 21 olika
562 448 209 27 kursförhållanden,
787 449 50 22 med
852 449 80 21 inemot
947 454 27 16 en
989 447 47 22 half

208 475 81 29 million
304 477 71 26 mark;
391 477 173 27 depreciationen
579 477 27 22 af
614 477 85 23 landets
715 479 59 26 mynt
789 477 40 22 har
837 477 66 22 också
912 476 122 23 framkallat

208 505 98 27 stegring
327 505 8 22 i
356 506 151 27 varupriserna
530 507 40 22 och
593 506 124 28 derigenom
735 506 136 28 småningom
885 506 106 22 föranledt
1006 510 27 17 en

210 533 82 27 dyrhet,
316 533 77 23 hvaraf
411 535 125 28 isynnerhet
557 535 112 28 löntagare
684 536 7 21 i
706 536 75 21 landet
796 535 65 22 häfva
876 541 26 16 en
917 535 49 22 svår
980 536 54 20 kän-

208 563 57 27 ning.
295 563 44 22 Det
361 565 24 20 är
405 570 36 21 nu;
457 563 32 23 för
504 566 33 20 att
552 564 94 28 afhjelpa
662 564 65 22 dessa
742 564 141 27 olägenheter
898 564 41 21 och
952 563 34 22 för
1000 565 33 20 att

209 591 47 22 åter
278 591 81 23 bereda
380 593 77 28 stadga
476 593 7 22 i
498 593 85 22 landets
598 593 161 30 myntväsende;
775 599 51 16 som
836 593 61 22 Hans
912 593 121 28 Kejserliga

253 622 45 31 estät
320 623 1 3 '
359 621 74 28 behägat'-
448 622 33 22 till
494 613 118 44 -ständeta
623 613 105 44 'aflemma-
740 613 37 44 dei
778 617 256 32 föreliggande
953 613 86 44 nädiga

207 649 168 29 propösitiotien.
406 650 39 22 Att
458 649 36 23 eh
517 651 33 22 sä
559 651 69 28 vigtig
642 651 66 27 fråga,
725 657 48 16 som
787 651 123 21 införandet
924 649 24 23 af
961 657 26 15 en
1003 655 28 22 ny

208 677 93 28 myntfot
322 679 8 21 i
349 679 80 27 landet,
444 679 48 22 icke
507 680 43 21 kan
566 679 136 28 genomföras
718 682 53 19 utan
787 679 146 28 olägenheter,
948 681 24 20 är
986 679 46 22 helt

208 707 111 27 naturligt.
349 708 38 21 Uti
409 708 38 22 det
468 709 78 27 nädiga
561 709 141 27 lagförslaget
717 708 116 23 förefinnas
849 708 109 27 ätskilliga
972 707 59 22 stad-

208 736 90 27 ganden,
315 742 47 16 som
377 739 37 20 äro
429 737 90 22 afsedda
534 739 34 20 att
581 737 138 28 förekomma,
735 737 73 22 sävidt
822 737 88 28 möjligt,
923 737 108 22 enskildas

207 764 109 22 förluster.
341 765 33 22 De
388 765 94 23 fördelar
497 766 53 28 äter,
566 773 47 15 som
629 767 26 21 de
671 773 40 22 nya
725 766 146 27 lagförslagen
879 766 85 26 bereda,
972 766 58 21 inses

207 793 25 21 af
243 793 160 29 Ridderskapet
418 795 40 22 och
473 795 69 22 Adeln
558 795 38 22 allt
610 795 34 22 för
650 796 41 26 väl,
703 797 52 20 utan
765 795 126 28 ytterligare
898 795 132 27 utläggning.

206 821 157 24 Hufvudsaken
385 825 30 26 är,
438 825 33 20 att
492 824 75 22 landet
585 824 33 22 fär
638 826 32 20 ett
690 826 51 26 eget
757 823 146 28 sjelfständigt
917 825 65 26 mynt,
999 825 33 20 att

207 850 38 22 det
263 851 34 22 får
312 853 32 20 ett
358 853 65 25 mynt,
439 853 107 27 grundadt
561 853 29 28 pä
604 859 26 16 en
645 853 98 28 myntfot,
760 858 46 16 som
822 855 24 19 är
861 854 95 26 antagen:
968 851 23 22 af
1004 852 36 21 de:

205 879 83 28 länder,
311 880 49 22 med
379 859 74 44 hvilka
464 882 98 25 "Finland
578 881 78 23 drifver
670 882 42 21 den
726 881 101 28 lifligaste
842 881 79 22 handel
932 881 44 22 och
991 882 39 25 att,

205 907 33 22 för
256 908 72 28 öfrigt,
346 909 8 22 i
369 909 37 22 det
421 916 41 22 nya
477 912 168 26 myntsystemet
659 911 50 27 ingå
723 911 83 26 sådana
821 910 91 27 detaljer
921 910 45 21 och
981 911 49 20 när-

206 943 60 16 mare
288 937 140 28 föreskrifter,
452 945 46 16 som
519 939 8 22 i
550 939 72 28 dylika
638 939 38 22 fall
695 939 70 22 blifvit
785 941 95 26 antagna
899 939 7 21 i
922 939 26 22 de
964 938 67 27 öfriga

206 965 134 23 civiliserade.
362 967 110 22 länderna.
501 968 42 27 Jag
558 968 64 28 hyser
645 968 42 22 den
702 967 117 28 tillförsigt,
836 969 33 20 att
885 967 37 22 det
934 967 94 29 utskott,

205 994 34 21 till
253 995 83 22 hvilket
350 995 71 23 denna
435 996 60 28 fråga
509 997 99 22 kommer
614 999 33 20 att
654 997 130 26 remitteras,
793 997 55 21 skall
857 998 52 26 taga
916 996 42 21 alla
966 997 64 21 dessa

205 1024 184 27 omständigheter
403 1025 69 22 under
485 1027 100 26 nogsamt
599 1025 165 28 öfvervägande.
794 1025 42 27 Jag
848 1025 92 22 nämnde
955 1026 33 21 att
1003 1029 26 18 en

205 1052 144 27 myntreform,
373 1053 23 22 af
413 1054 87 22 hvilken
515 1054 149 23 beskaffenhet
676 1061 50 15 som
741 1054 67 27 helst,
822 1054 48 22 icke
885 1054 43 21 kan
942 1059 86 22 genom-

203 1080 61 23 föras
278 1082 52 21 utan
346 1081 144 28 olägenheter,
507 1083 39 22 och
563 1083 41 22 den
620 1083 65 22 ärade
700 1083 77 27 talare,
793 1088 47 17 som
855 1084 77 20 senast
943 1082 87 28 yttrade

204 1105 42 40 sig,
262 1109 39 32 hår
314 1110 117 23 framhållit
442 1112 172 27 anmärkningar
626 1112 7 22 i
649 1113 61 21 detta
725 1111 108 23 afseende.
847 1105 11 40 :
859 1111 44 30 Jag
915 1117 63 16 anser
986 1111 43 28 mig

202 1138 49 22 ieke
273 1145 36 20 nu,
328 1139 29 22 då
370 1139 61 28 fråga
445 1141 76 21 endast
536 1143 24 19 är
574 1142 34 21 att
622 1141 111 22 remittera
749 1140 29 23 de
790 1140 81 27 nådiga
885 1139 142 29 lagförslagen

204 1165 32 23 till
251 1167 93 28 utskott,
360 1168 53 22 böra
427 1169 68 22 inläta
509 1169 43 28 mig
566 1169 8 22 i
589 1169 71 28 någon
674 1172 100 19 närmare
789 1169 137 27 redogörelse
941 1169 34 22 för
982 1174 46 17 mo-

203 1195 59 22 tiven
284 1196 33 21 till
340 1196 26 22 de
383 1197 315 31 lagförslag,
519 1191 57 41 soin'
580 1197 118 31 föreligga;
713 1199 27 21 de
757 1200 44 19 äro
810 1198 45 21 dels
871 1197 8 22 i
890 1198 45 21 den
949 1197 79 28 nådiga

201 1225 163 26 propositionen
386 1226 68 22 redan
472 1227 100 28 antydda,
589 1227 41 22 och
645 1227 49 22 dels
706 1227 99 27 utförligt
820 1226 134 22 behandlade
968 1226 7 21 i
990 1227 38 21 det

202 1253 144 27 betänkande,
362 1260 46 16 som
423 1255 69 22 blifvit
507 1255 89 28 afgifvet
610 1255 24 22 af
646 1256 42 22 den
702 1254 89 28 komitö,
807 1258 47 19 som
861 1249 69 39 varit:
941 1255 86 22 nedsatt

201 1281 34 22 för
235 1281 116 23 'ärendets
366 1283 156 23 förberedande
537 1284 148 28 behandling."
704 1285 42 27 Jag
761 1284 37 22 vill
814 1284 77 22 endast
898 1284 87 27 tillägga
994 1285 33 20 att

201 1310 61 22 Hans
279 1310 122 29 Kejserliga
415 1310 104 30 Majestät
533 1316 79 24 genom
626 1314 70 22 denna:
710 1310 81 30 nådiga
804 1313 134 28 proposition
954 1313 71 21 täckts

202 1339 22 21 åt
244 1340 114 22 ständerns
374 1340 130 24 öfverlömna
519 1344 33 20 att
566 1342 30 27 pä
611 1344 32 20 ett
658 1342 110 27 varaktigt
783 1343 45 20 sätt
841 1335 85 39 reglera
940 1342 86 21 landets

200 1369 161 27 myntväsende.
391 1370 35 22 Nu
441 1372 39 20 äro
494 1371 20 21 vi
529 1371 121 27 lyckligtvis
666 1371 7 21 i
689 1372 36 21 det
744 1370 130 22 ekonomiska
885 1365 139 39 förhållande,

200 1398 34 20 att
255 1395 27 24 så
302 1397 44 23 kan
363 1398 58 28 :ske,
435 1391 60 41 men:
510 1400 101 21 mankan
626 1391 70 41 aldrig
708 1391 52 41 vara
775 1391 69 41 säker
854 1391 45 41 för:
903 1398 125 29 framtiden

198 1423 132 25 Hväd''som
352 1426 8 22 i
383 1427 42 27 dag
445 1430 23 19 är
490 1434 35 16 oss
547 1428 117 22 förunnadt
678 1430 34 20 att
724 1430 55 26 göra
795 1428 40 22 och
851 1428 56 22 hvad
922 1434 46 16 som
983 1428 19 21 vi
1018 1428 7 20 i

199 1454 43 27 dag
257 1454 73 22 kunna
345 1455 83 29 utföra,
438 1456 44 22 kan
496 1457 106 21 måhända
618 1463 26 15 en
660 1460 68 19 annan
744 1457 58 27 gång
817 1457 47 21 icke
880 1457 45 26 ske,
939 1456 86 22 livarför

196 1482 38 28 jag
248 1484 67 26 vågar
329 1484 53 27 hysa
398 1486 37 20 det
449 1485 64 27 hopp,
531 1487 32 20 att
578 1486 42 22 alla
635 1486 66 22 dessa
716 1485 185 27 omständigheter
914 1485 66 22 skola
986 1484 37 23 be-

197 1512 63 22 aktas
284 1512 76 22 främst
381 1513 24 22 af
423 1514 37 22 det
477 1514 91 27 utskott,
586 1521 46 15 som
647 1515 96 22 kommer
758 1516 34 20 att
806 1514 106 22 behandla
928 1514 94 28 ärendet,

195 1540 41 22 oeh
252 1541 124 23 sedermera
391 1542 23 22 af
426 1542 85 23 landets
527 1544 94 22 ständer.
973 1553 1 3 i
