1086 1717
386 116 39 17 Den
441 114 26 18 22
482 115 42 23 Maj.
795 112 40 20 845

51 176 98 23 denskull
165 176 79 22 föreslå
259 178 32 20 att
306 177 26 22 de
348 178 22 21 af
383 177 44 27 mig
441 184 28 14 nu
479 178 127 22 omnämnda
613 183 103 22 personer
723 176 70 22 skulle
801 176 65 22 blifva

49 205 135 27 berättigade
199 206 33 20 till
248 212 80 15 samma
342 206 88 27 förmån,
447 212 45 16 som
508 206 27 22 de
549 206 7 21 i
570 207 97 26 punkten
682 205 20 28 c)
717 207 110 25 upptagna
834 205 31 21 lä-

49 240 48 16 rare
113 234 40 22 och
168 234 124 22 lärarinnor.

117 263 57 21 Herr
195 262 22 22 af
237 263 146 27 Forselles,
403 263 64 21 Emil:
498 263 43 27 Jag
556 263 69 22 skulle
640 263 64 27 bedja
718 264 33 20 att
764 264 45 20 mot
824 262 41 22 den

51 294 87 19 senaste
157 292 65 21 ärade
242 292 82 21 talaren
346 292 91 22 invända
459 293 33 20 att
506 292 7 21 i
529 292 103 22 händelse
646 292 81 21 sådana
740 292 70 21 lärare
825 290 40 22 och

51 320 126 26 lärarinnor,
200 326 46 16 som
268 320 123 28 genomgått
413 322 78 20 tvenne
508 320 84 22 klasser
610 320 23 22 af
647 320 141 26 seminarium,
804 319 63 22 hafva

53 349 112 21 enahanda
178 349 166 27 kunskapsmått
358 349 40 22 och
413 356 82 15 samma
510 349 122 22 erfarenhet
646 349 41 21 och
702 349 83 21 således
801 348 66 27 enligt

54 378 41 21 den
117 377 130 27 föregående
269 378 65 22 ärade
356 378 93 22 talarens
465 378 57 27 åsigt
537 378 67 22 borde
619 378 83 27 åtnjuta
716 377 104 27 rättighet
835 376 32 22 till

50 406 96 27 pension,
170 407 24 21 så
210 406 45 22 står
270 407 36 21 det
322 407 47 21 dem
381 407 24 27 ju
419 406 47 22 fritt
481 408 33 20 att
529 406 54 22 inför
598 406 203 22 seminariidirektor
815 406 52 21 eller

51 435 171 27 öfverinspektor
240 435 33 22 för
292 436 151 21 skolväsendet
461 435 83 28 aflägga
559 435 67 22 sådan
642 442 86 15 examen
743 437 34 20 att
791 435 26 21 de
834 441 33 15 er-

50 464 59 21 hålla
124 465 32 20 ett
170 464 7 21 i
197 465 69 20 denna
280 465 69 26 punkt
363 465 124 21 omnämndt
501 465 65 27 intyg,
582 465 29 26 på
626 465 68 26 grund
709 463 22 22 af
743 464 82 21 hvilket
841 463 26 21 de

51 493 28 20 då
101 495 38 19 äro
157 493 135 26 berättigade
312 495 32 20 att
359 493 80 22 erhålla
455 493 70 22 denna
539 493 88 22 förmån.
657 493 41 27 Jag
713 493 68 21 skulle
797 491 71 22 derför

51 521 80 22 föreslå
153 523 33 20 att
205 524 116 19 momentet
337 524 88 25 antages
441 522 78 21 sådant
535 522 36 21 det
586 521 22 22 af
620 522 109 21 utskottet
742 521 69 22 blifvit
825 520 42 22 for-

53 550 113 21 muleradt.

119 579 57 21 Herr
198 579 142 22 Snellman:
370 579 41 28 Jag
434 579 70 22 skulle
524 581 50 26 taga
592 579 42 27 mig
651 579 90 21 friheten
759 577 107 27 anmärka,

53 613 34 15 om
107 607 48 22 icke
173 607 79 27 skäligt
266 614 50 15 vore
332 609 38 26 att,
387 609 27 20 då
429 614 26 15 en
469 614 86 21 person,
572 614 45 15 som
632 608 48 21 icke
696 607 123 28 genomgått
833 613 34 15 se-

53 636 141 26 minariikurs,
217 636 118 27 berättigas
358 638 33 20 att
412 637 84 27 åtnjuta
517 637 90 27 pension
630 642 76 21 genom
727 636 72 21 förhör
814 635 55 21 inför

53 665 214 26 seminariidirektor,
290 671 26 16 en
343 665 52 22 eller
420 665 52 22 flera
494 665 177 22 seminariilärare
693 665 67 21 borde
783 664 85 26 deltaga

53 693 7 20 i
80 692 102 23 förhöret.
211 693 44 22 Det
276 693 107 22 förefaller
404 693 148 28 förunderligt,
573 694 27 21 då
614 700 106 21 personen
733 693 65 21 likväl
813 692 56 21 skall

52 721 81 22 infinna
155 722 32 27 sig
208 722 36 21 vid
267 723 141 26 seminarium,
432 725 31 19 att
487 723 38 21 det
543 723 55 21 skall
613 729 51 15 vara
680 721 152 22 öfverlemnadt
846 721 23 20 åt

53 750 95 21 direktor
166 757 74 15 ensam
262 753 32 19 att
316 751 91 22 anställa
421 757 26 15 en
463 758 95 19 examen,
575 757 46 16 som
635 751 118 26 berättigar
767 750 33 21 till
814 755 52 21 pen-

53 779 81 21 sionen.
164 779 42 21 Det
230 781 23 19 är
274 780 35 21 väl
331 780 77 26 bättre,
433 780 27 21 då
475 780 90 27 tillgång
579 780 29 27 på
623 779 154 22 examinatorer
791 778 75 27 finnes,

54 809 33 19 att
102 807 37 22 två
154 807 119 22 examinera
288 809 52 20 eller
354 809 129 21 åtminstone
500 815 27 15 en
542 809 107 21 bevittnar
663 807 100 22 förhöret.

121 836 56 21 Herr
191 836 23 21 af
226 837 146 27 Forselles,
388 837 64 22 Emil:
482 837 45 22 Det
541 837 67 21 finnes
624 835 243 28 stadgadt
731 831 10 38 i
753 835 114 28 folkskole-

52 863 152 28 författningen
220 865 22 21 af
256 865 23 21 är
295 867 61 25 1866,
372 867 32 20 att
419 872 26 15 en
460 866 71 22 lärare
546 866 52 21 eller
605 866 112 25 lärarinna,
726 865 85 21 hvilken
819 864 47 21 icke

53 894 125 26 genomgätt
199 893 125 28 fullständig
346 895 51 21 kurs
419 895 8 20 i
442 895 144 26 seminarium,
601 894 42 21 kan
658 893 104 22 förvärfva
777 893 32 27 sig
823 894 44 20 rätt

52 923 33 20 att
99 921 82 22 förestä
196 929 26 14 en
238 922 106 22 folkskola
358 923 86 22 dermed
459 925 32 19 att
506 923 44 22 han
560 923 52 22 eller
622 923 42 21 hon
673 923 92 27 aflägger
773 927 93 20 examen,

52 951 101 26 antingen
174 951 32 21 för
226 951 94 22 direktor
342 952 7 21 i
363 952 136 21 seminarium
516 953 52 21 eller
584 951 167 27 öfverinspektor
765 951 34 21 för
813 949 54 22 folk-

51 979 107 22 skolorna.
188 979 100 28 Aflägger
302 981 42 21 han
360 981 51 21 eller
426 981 42 21 hon
484 987 27 15 en
527 981 67 21 sådan
608 986 93 21 examen,
718 980 23 21 sä
756 982 24 19 är
787 979 42 21 han
838 978 29 22 el-

50 1007 32 22 ler
99 1008 44 21 hon
157 1008 96 22 likställä
268 1009 48 22 med
331 1009 84 22 hvilken
431 1009 162 22 utexaminerad
608 1009 121 21 seminarist
743 1015 46 15 som
804 1007 63 22 helst.

50 1036 41 27 Jag
110 1038 46 20 tror
174 1037 71 22 derför
260 1037 37 22 det
312 1039 24 20 är
351 1038 46 21 skäl
413 1039 33 20 att
459 1038 110 21 bibehälla
585 1044 80 15 samma
679 1037 140 26 bestämning,
835 1037 33 20 att

51 1065 37 21 det
109 1067 24 19 är
155 1065 54 22 inför
227 1066 210 27 seminariidirektor,
460 1073 47 15 som
527 1067 161 26 ifrägavarande
710 1072 87 16 examen
813 1064 55 22 skall

50 1093 101 28 afläggas.

118 1123 56 21 Herr
188 1122 187 28 Godenhjelm:
405 1123 61 22 Hvad
482 1129 90 16 examen
587 1123 35 22 vid
638 1123 135 22 seminarium
787 1121 80 23 beträf-

49 1150 39 27 far,
104 1151 78 21 önskar
193 1151 37 27 jag
245 1152 139 27 understödja
398 1152 49 21 herr
463 1152 115 22 Snellman.
609 1152 42 27 Jag
666 1158 63 15 anser
744 1153 33 20 att
792 1151 37 22 det
844 1153 25 18 är

49 1180 103 27 naturligt
172 1182 37 24 att,
226 1186 35 15 om
276 1187 27 15 en
318 1187 87 15 examen
421 1181 54 21 skall
490 1180 108 28 undergäs
614 1187 46 15 som
677 1181 54 21 skall
746 1180 75 22 bevisa
836 1181 32 20 att

49 1208 71 27 nägon
136 1215 50 20 eger
200 1215 82 15 samma
290 1209 121 27 kunskaper
419 1215 46 16 som
474 1209 27 22 de
509 1210 73 21 hvilka
591 1209 125 28 genomgätt
723 1208 143 27 seminarium,

49 1236 62 22 äfven
134 1237 176 22 seminariilärare
328 1239 52 20 böra
395 1239 86 26 deltaga
495 1239 7 20 i
519 1245 27 15 en
561 1239 67 21 sädan
643 1244 92 15 examen.
766 1238 50 21 Men
829 1237 38 27 jag

50 1271 63 16 anser
135 1266 47 21 icke
204 1267 33 20 att
260 1273 27 14 en
308 1267 45 21 fara
374 1273 50 16 vore
446 1267 121 22 förhanden
583 1273 33 15 om
632 1267 69 21 denna
715 1266 104 28 rättighet
834 1265 33 21 till

49 1294 90 27 pension
161 1295 69 21 skulle
253 1296 132 25 utsträckas
398 1296 32 21 till
452 1296 85 22 sådana
557 1302 109 21 personer,
683 1302 33 15 om
731 1296 72 21 hvilka
817 1300 49 16 man

49 1324 36 20 vet
104 1323 73 21 säkert
193 1325 33 20 att
240 1324 26 21 de
283 1330 39 21 ega
338 1324 25 22 de
378 1324 130 28 kunskaper,
526 1331 45 15 som
586 1324 50 28 ingä
650 1324 7 21 i
673 1324 192 26 seminariikursen,

49 1352 107 26 nemligen
173 1352 25 21 de
213 1358 103 21 personer
332 1359 45 15 som
391 1352 120 28 föreslogos
520 1353 23 22 af
551 1353 50 21 herr
608 1359 41 16 von
660 1352 133 22 Willebrand.
817 1352 50 21 Lik-

49 1380 34 21 väl
105 1380 49 22 med
177 1380 100 23 afseende
300 1382 12 20 &
332 1382 54 26 dem,
410 1388 45 23 som
477 1382 129 27 genomgätt
620 1382 77 21 endast
712 1382 35 21 tvä
761 1380 106 22 klasser
854 1376 17 39 i

49 1409 142 26 seminarium,
212 1410 69 21 skulle
298 1410 39 27 jag
354 1410 63 22 tveka
433 1412 32 19 att
479 1410 109 28 medgifva
602 1410 67 22 sädan
684 1410 109 27 rättighet,
810 1414 56 16 eme-

49 1437 42 21 dan
114 1438 26 21 de
162 1438 47 21 icke
231 1439 125 27 genomgätt
374 1438 125 28 fullständig
515 1440 59 20 kurs.
604 1439 41 26 Jag
660 1439 68 21 skulle
743 1438 50 27 vilja
808 1437 59 21 med-

49 1465 55 27 gifva
118 1466 69 21 denna
202 1467 104 27 rättighet
320 1468 24 20 ät
358 1467 80 21 sådana
452 1474 112 20 personer,
580 1474 46 15 som
640 1468 7 20 i
662 1467 65 27 något
734 1467 67 27 högre
809 1465 58 21 läro-

48 1495 51 21 verk
117 1495 125 27 genomgätt
261 1502 27 15 en
303 1495 133 27 fullständigt
451 1496 97 22 afslutad
562 1496 104 25 lärokurs,
684 1502 33 15 om
731 1496 72 21 hvilka
819 1499 48 16 man

48 1522 43 22 kan
106 1522 116 23 förutsätta
237 1525 33 20 att
285 1524 27 22 de
328 1531 39 20 ega
383 1524 26 22 de
423 1524 126 28 kunskaper
564 1530 46 16 som
625 1524 49 27 ingä
690 1525 8 21 i
708 1522 158 24 seminariikur-
