1086 1717
381 107 40 17 Den
436 103 27 21 25
479 107 42 23 Maj.
795 106 41 20 923

45 170 42 22 fixa
105 170 71 26 värde,
196 170 111 22 hvaremot
321 170 50 22 herr
385 169 158 22 Nordenskiöld
558 170 65 26 utgär
636 169 48 22 frän
700 170 39 22 den
754 170 113 21 förutsätt-

45 200 78 26 ningen
147 200 32 20 att
201 200 41 20 den
260 198 140 28 ovilkorligen
415 198 40 22 bör
470 199 66 26 stiga;
553 198 74 22 dervid
642 199 35 21 stä
691 198 21 22 vi
726 198 29 28 pä
770 199 25 21 sä
810 198 57 21 olika

45 228 99 26 grunder,
168 229 32 20 att
222 228 20 21 vi
265 228 91 26 troligen
378 227 47 21 icke
440 227 74 21 kunna
528 227 86 22 komma
628 227 33 22 till
676 228 70 26 nägon
760 227 107 27 menings-

55 257 64 21 ikhet.

114 286 55 21 Herr
190 285 200 26 Nordenskiöld,
413 284 46 22 Nils
482 285 62 21 Karl:
568 284 50 22 Med
639 285 114 27 anledning
776 284 23 22 af
811 285 57 21 hvad

47 314 50 22 herr
119 314 105 22 Forselles
247 315 68 26 yttrat
333 313 32 22 fär
377 314 38 27 jag
430 314 65 21 ställa
510 313 32 22 till
557 313 79 22 honom
650 320 26 15 en
691 314 129 27 uppmaning
836 315 33 20 att

46 343 106 27 genomgä
173 343 250 27 bevillningslängderne,
440 342 28 22 dä
487 342 44 22 han
551 342 55 22 skall
620 342 58 22 finna
694 345 32 19 att
740 342 55 22 hvad
809 343 58 27 jord-

47 372 108 21 brukarne
175 372 84 22 betalar
273 372 7 20 i
295 372 116 26 bevillning
433 373 24 19 är
480 372 83 26 ganska
578 372 124 26 obetydligt.
732 372 69 21 Deras
817 378 52 15 rena

46 401 95 21 inkomst
163 402 23 20 är
208 400 133 28 uppskattad
364 400 25 21 sä
411 400 41 27 läg,
469 402 33 20 att
518 400 41 21 den
574 400 34 22 för
623 401 48 21 dem
686 400 47 22 icke
749 401 45 21 stär
809 406 37 16 ens
862 400 7 21 i

47 430 66 27 nägot
136 430 25 21 sä
182 431 40 20 när
244 436 82 15 samma
340 428 134 23 förhällande
490 429 33 22 till
537 429 55 22 hvad
609 429 41 22 den
665 428 204 28 författningsenligt

46 459 68 21 borde
129 459 135 26 uppskattas,
282 465 45 15 som
342 458 33 22 för
385 457 68 28 öfriga
464 458 248 22 samhällsmedlemmar.
735 459 9 20 I
755 458 114 27 anledning

47 487 23 22 af
88 487 56 22 hvad
162 487 88 22 friherre
266 487 60 28 Boije
342 489 73 25 yttrat,
432 487 24 21 sä
471 487 39 22 ber
523 487 37 28 jag
574 487 22 21 fä
611 487 103 22 anmärka
729 489 32 20 att
775 487 94 27 regerin-

47 523 42 21 gen
104 516 79 21 uttalat
198 518 32 19 att
244 516 113 27 meningen
368 516 55 21 varit
434 517 33 20 att
477 517 146 26 grundräntan
634 516 66 27 enligt
711 516 25 22 de
747 516 122 21 nuvarande

48 545 206 27 undervisningarne
273 545 47 22 icke
339 545 69 21 skulle
425 545 56 26 stiga
495 551 47 15 mer
556 547 27 19 än
598 545 57 22 hvad
670 545 41 21 den
726 545 68 22 skulle
810 545 60 27 stigit

48 574 67 27 enligt
130 575 27 20 de
173 574 148 27 ursprungliga
336 573 214 27 undervisningarne,
566 580 49 15 men
631 574 66 21 redan
713 574 26 21 de
754 580 116 21 ursprung-

50 603 43 27 liga
115 603 205 27 undervisningarne
342 605 37 19 äro
403 602 22 22 af
446 603 42 21 den
507 604 64 20 natur
586 604 34 20 att
634 604 87 20 skatten
737 603 54 21 skall
807 603 62 26 stiga.

48 632 83 21 Värdet
144 632 29 27 pä
188 632 38 21 allt
240 632 58 21 hvad
310 631 77 28 jorden
403 631 99 22 afkastar
517 631 39 22 har
572 632 60 26 stigit
647 631 40 22 och
702 632 121 27 penningen
832 632 39 21 har

48 661 56 21 fallit
119 661 95 22 särdeles
230 661 7 21 i
252 661 48 21 vårt
314 661 50 20 land
380 661 49 20 med
444 660 39 21 sitt
498 659 34 23 för
541 667 39 20 par
590 661 115 21 decennier
715 661 89 21 tillbaka
814 663 56 18 ännu

49 690 25 21 sä
96 689 106 22 isolerade
224 690 55 27 läge.
310 689 46 22 Och
379 689 27 21 dä
425 689 38 21 vär
477 689 101 27 beröring
592 689 50 22 med
657 690 40 21 den
713 691 56 26 yttre
784 689 86 22 verlden

48 719 69 21 under
131 725 26 14 en
172 719 50 26 lång
236 718 52 28 följd
303 718 23 21 af
340 718 24 21 är
380 720 57 19 ännu
451 717 133 22 fortfarande
600 719 96 21 kommer
708 720 31 19 att
749 717 65 23 blifva
824 717 47 22 lifli-

49 754 52 20 gare
117 747 40 22 och
172 747 136 26 intensivare,
325 747 25 21 sä
365 747 96 21 komnfer
476 753 50 15 man
541 749 56 19 ännu
613 747 63 27 länge
691 749 32 20 att
737 747 98 26 iakttaga
845 753 26 15 en

50 776 43 22 viss
115 776 95 27 stegring
228 776 40 21 hos
286 775 266 28 jordbruksprodukterna
570 775 39 22 och
625 776 130 27 penningens
771 775 99 22 fallande.

117 805 56 21 Herr
180 805 23 21 af
208 805 142 24 Forselles,
362 804 66 21 Emil:
439 804 42 27 Jag
493 805 35 20 vill
539 805 55 21 blott
605 805 6 20 i
619 805 87 22 korthet
714 805 99 21 meddela
823 805 48 20 med

49 833 116 28 anledning
179 833 22 22 af
214 834 56 21 hvad
285 833 49 22 herr
348 833 161 22 Nordenskiöld
525 835 73 26 yttrat,
614 835 33 20 att
661 834 6 21 i
677 834 102 21 händelse
789 833 82 22 mindre

48 863 80 27 belopp
144 862 21 22 af
179 863 143 26 bevillningen
338 862 63 27 utgår
417 862 22 21 af
452 862 87 21 landets
552 862 150 27 jordbrukare,
718 863 24 21 sä
757 865 24 18 är
791 863 37 20 det
838 862 34 21 väl

49 891 93 27 troligen
159 891 83 22 derföre
257 893 33 20 att
305 891 61 22 deras
382 891 102 21 behällna
500 891 95 22 inkomst
610 893 23 19 är
644 891 22 22 af
675 891 41 22 den
726 891 147 22 beskaffenhet

49 922 33 20 att
105 921 26 20 de
155 920 47 22 icke
224 920 72 21 kunna
318 919 73 22 betala
413 926 52 20 mer,
481 926 50 15 men
546 927 49 14 man
610 920 42 21 kan
668 921 48 21 icke
731 922 52 25 säga
799 921 32 20 att
846 920 26 21 de

49 949 49 22 icke
113 949 73 22 betala
200 949 8 21 i
224 955 80 15 samma
318 948 139 27 förhällande,
475 955 47 15 som
538 949 42 22 alla
594 949 72 22 andra.

119 977 77 22 Grefve
211 977 120 27 Armfelt,
347 977 95 27 August:
458 977 65 22 Hvad
539 978 37 21 det
590 978 102 21 beträffar
707 979 32 20 att
753 978 50 21 herr
818 977 53 22 Nor-

50 1007 114 22 denskiöld
184 1008 54 25 sagt,
255 1008 33 20 att
302 1007 87 20 skatten
405 1006 142 27 ovilkorligen
563 1007 55 21 skall
634 1007 61 27 stiga,
707 1013 34 15 om
752 1007 40 22 den
803 1006 70 22 skulle

49 1036 54 27 utgä
125 1036 8 21 i
156 1035 26 22 de
204 1035 152 28 ursprungliga
369 1037 108 24 räntorna,
495 1036 26 21 sä
536 1038 24 19 är
575 1036 36 21 det
626 1035 47 22 icke
688 1035 65 28 fallet,
769 1037 52 20 utan
837 1035 36 21 det

50 1067 24 19 är
96 1065 83 27 möjligt
201 1066 33 19 att
255 1064 120 27 penningen
395 1063 68 27 faller,
484 1065 24 26 ty
524 1071 26 15 en
565 1065 67 21 tunna
646 1065 96 27 spanmäl
757 1065 40 21 blir
813 1063 60 22 alltid

50 1100 26 15 en
92 1095 67 20 tunna
175 1093 101 27 spanmäl,
294 1099 25 16 en
335 1093 60 21 mark
411 1093 57 21 smör
483 1092 43 22 blir
541 1099 27 16 en
583 1093 59 22 mark
657 1095 63 25 smör,
736 1099 48 16 men
799 1093 75 22 värdet

51 1121 21 22 af
87 1123 64 21 dessa
166 1129 62 14 varor
242 1122 64 21 beror
320 1121 29 28 pä
363 1121 134 28 penningens
514 1122 72 22 värde.
610 1122 40 22 Om
666 1122 38 22 det
714 1124 23 19 är
747 1122 126 27 penningen,

50 1157 47 16 som
116 1151 61 26 fallit,
197 1151 25 21 sä
242 1151 56 26 stiga
318 1151 117 26 skatterna,
451 1157 50 15 men
518 1157 34 16 om
566 1151 121 28 penningen
702 1151 66 28 stiger
783 1151 41 22 blir
839 1150 36 22 det

51 1182 32 19 ett
98 1181 90 20 motsatt
202 1179 139 22 förhällande.

120 1209 56 21 Herr
194 1208 212 27 Nordenskiöld,
425 1208 46 21 Nils
487 1208 65 22 Karl:
568 1209 46 21 Mot
628 1209 57 22 hvad
700 1209 71 27 grefve
785 1207 91 23 Armfelt

51 1239 74 26 yttrat,
148 1237 38 22 ber
206 1237 37 28 jag
265 1237 22 22 få
308 1237 87 27 påpeka
417 1238 33 20 att
472 1237 77 27 sjelfva
568 1237 98 22 skattens
681 1238 65 21 värde
760 1238 7 21 i
783 1237 92 22 kronans

51 1267 58 20 hand
132 1266 55 21 dock
210 1266 66 28 stiger
299 1272 51 20 mer,
371 1272 34 15 om
421 1265 42 22 den
478 1267 66 26 utgär
558 1266 22 21 in
595 1268 77 20 natura
688 1269 26 19 än
729 1267 6 21 i
751 1266 124 28 penningar.

52 1296 76 20 Denna
151 1296 89 26 sanning
263 1297 24 19 är
305 1295 66 21 också
387 1294 88 22 allmänt
490 1295 60 22 känd
566 1295 22 22 af
602 1296 26 21 de
644 1296 134 27 tjenstemän,
794 1295 82 22 hvilkas

52 1324 61 22 löner
135 1324 53 27 utgä
210 1324 22 21 in
247 1326 81 19 natura.
359 1323 33 22 De
408 1322 64 23 hafva
487 1324 7 20 i
510 1324 134 22 närvarande
659 1325 31 21 tid
705 1325 47 21 icke
767 1324 90 22 kommit
871 1324 7 20 i

53 1360 26 14 en
95 1353 68 21 sådan
179 1353 83 26 misdre,
279 1359 46 15 som
340 1352 32 26 de,
388 1352 85 21 hvilkas
488 1352 64 22 löner
567 1355 36 19 äro
614 1353 130 22 bestämda
733 1348 13 37 i
753 1353 123 27 penningar.

121 1382 34 21 Då
178 1381 151 22 diskussionen
350 1381 89 21 härmed
462 1380 136 23 förklarades
620 1382 92 22 afslutad
733 1382 39 22 och
787 1382 56 21 intet
857 1380 23 22 af

55 1410 26 22 de
98 1410 107 22 derunder
219 1410 134 22 framställda
367 1410 153 21 amendement
534 1410 76 22 vunnit
624 1411 125 26 understöd,
765 1410 70 22 blefvo
850 1410 29 27 på

53 1439 50 21 herr
124 1439 218 21 Landtmarskalkens
365 1438 77 28 gjorda
463 1438 159 28 framställning
637 1440 69 26 begge
722 1440 25 21 de
763 1440 7 21 i
785 1439 94 22 Statsut-

53 1468 95 22 skottets
171 1468 137 22 betänkande
330 1466 106 28 ingående
459 1469 125 21 momenten
602 1468 22 22 af
637 1468 86 22 ståndet
738 1466 141 24 oförändrade

53 1496 121 28 godkända.
