1086 1717
370 128 40 17 Den
426 126 27 20 25
468 129 43 23 Maj.
792 127 39 20 929

36 190 48 23 icke
104 189 76 23 vunnit
195 190 41 22 den
251 190 77 27 stadga
342 190 7 22 i
364 190 142 28 kurialstilen,
523 192 32 20 att
570 190 39 22 full
624 190 103 21 säkerhet
742 190 7 21 i
765 190 94 28 uppfatt-

36 219 79 28 ningen
135 218 23 22 af
171 219 54 22 hvad
244 218 42 22 han
302 219 83 22 skrifvit
401 219 43 21 kan
459 219 113 27 påräknas.
603 219 44 26 Att,
664 218 28 22 då
707 225 50 15 man
771 219 8 21 i
795 219 65 21 andra

36 248 76 22 länder
133 248 73 27 börjar
228 247 116 28 öfvergifva
365 248 51 21 hela
435 248 42 22 den
491 248 107 27 skriftliga
612 247 140 28 proceduren,
770 248 27 22 då
811 254 49 15 man

37 276 39 23 der
98 277 47 21 icke
167 276 73 22 vidare
262 276 67 28 vågar
352 276 95 22 anförtro
463 277 145 22 bedömandet
623 276 22 22 af
659 276 202 22 sakförhållandena

37 306 24 21 åt
83 305 160 22 öfverdomaren
261 305 30 27 på
304 306 108 26 protokoll
427 306 50 21 med
493 305 143 28 stenografisk
650 305 135 27 noggranhet
801 305 60 22 affat-

37 334 51 22 tade
110 334 29 27 på
161 334 37 21 det
220 334 66 27 språk
307 334 53 22 hvar
382 336 49 25 part
454 335 61 26 talar,
538 334 90 22 emedan
647 334 131 27 protokollet
793 334 68 27 aldrig

37 364 42 20 kan
94 362 109 22 innehålla
218 362 41 22 alla
276 363 26 21 de
316 362 157 23 förnimmelser
487 363 172 22 underdomaren
676 363 36 21 vid
722 362 96 23 förhöret
829 369 31 15 er-

37 391 56 27 farit,
114 392 40 21 här
171 392 50 27 vilja
236 392 147 21 brådstörtadt
399 392 103 28 påtvinga
517 392 87 22 domare
620 393 33 19 att
667 393 45 20 mot
721 392 38 21 sitt
767 393 94 20 samvete

37 420 89 23 författa
141 422 32 20 ett
187 420 108 28 protokoll
310 421 28 27 på
354 423 31 20 ett
401 421 72 28 språk,
489 422 64 21 hvars
569 420 107 23 kurialstil
690 420 51 25 (den
751 421 35 21 må
797 420 65 22 också

37 457 52 15 vara
104 449 98 22 utbildad
218 449 40 22 och
273 449 106 28 bestämd,
395 450 84 22 hvilket
491 451 39 27 jag
544 450 48 28 icke
608 449 54 27 tror)
678 449 47 22 icke
740 452 23 19 är
773 450 89 21 allmänt

37 479 64 26 känd,
119 479 37 21 det
171 481 24 18 är
208 478 115 28 lindrigast
338 479 64 27 sagdt
417 479 112 22 obetänkt.
561 479 167 22 Öfverdomaren
743 479 76 26 måste,
830 477 33 22 för

39 509 32 20 att
93 507 66 28 något
182 507 24 22 så
224 509 40 20 när
277 507 73 22 kunna
364 507 97 28 uppfylla
477 508 33 21 sin
525 507 121 28 skyldighet
663 509 32 19 att
711 507 62 22 döma
788 508 28 27 på
831 508 32 20 ett

38 536 116 28 protokoll,
171 536 129 21 åtminstone
316 543 50 15 vara
381 537 65 21 säker
461 537 29 27 på
505 539 33 20 att
552 537 54 21 hans
621 535 137 28 uppfattning
773 536 22 22 af
808 536 55 21 hvad

39 565 171 22 underdomaren
236 567 72 20 menat
337 567 24 20 är
382 565 73 27 riktig.
479 578 28 3 —
530 566 42 27 Jag
598 565 80 22 ärnade
706 565 86 22 bemöta
814 565 49 21 herr

40 600 43 16 von
102 594 102 26 Kremer,
220 600 49 15 men
281 594 39 27 jag
335 596 45 19 tror
391 595 39 26 jag
446 593 69 23 afstär
531 593 98 23 derifrän.
660 593 40 27 Jag
716 594 67 21 skulle
799 599 66 22 gerna

39 622 64 23 hafva
125 623 85 21 förenat
232 623 43 26 mig
297 623 7 21 i
326 623 74 28 sjelfva
423 623 69 22 saken
507 623 7 22 i
530 623 41 22 den
593 623 132 22 reservation
744 622 50 22 herr
809 622 55 27 Chy-

39 651 75 22 denius
138 652 40 21 har
199 651 88 28 afgifvit,
311 653 23 26 ty
357 652 36 21 det
413 654 24 19 är
451 653 68 26 nägot
533 651 99 28 positivt;
648 657 48 16 men
712 651 27 21 dä
755 652 40 21 den
810 651 54 21 ifrän

40 681 25 21 sä
79 681 78 26 många
171 680 50 27 håll,
237 680 48 22 från
300 680 72 22 hvilka
384 681 38 27 jag
436 681 109 26 päräknat
559 680 62 27 lifligt
636 680 91 21 intresse
743 679 33 23 för
791 680 72 26 saken,

40 712 24 19 är
84 709 81 22 ansedd
184 709 115 28 oantaglig,
321 710 24 21 sä
363 710 43 21 kan
422 710 39 27 jag
476 710 50 21 icke
541 710 44 21 tills
600 709 74 22 vidare
690 710 65 20 annat
770 711 27 19 än
811 708 54 28 yrka

39 738 30 27 pä
84 740 32 19 att
131 738 143 27 petitionerna
289 738 48 22 icke
352 738 68 22 mätte
435 738 113 22 föranleda
558 738 33 22 till
600 738 72 27 nägon
684 737 81 27 ätgärd.
789 737 75 22 Skulle

41 767 42 26 det,
100 767 72 21 säsom
184 767 38 27 jag
236 767 48 22 icke
300 767 78 22 saknar
393 767 29 21 all
438 767 115 27 anledning
569 769 33 20 att
616 766 97 22 förmoda
723 767 40 21 och
773 767 90 26 hoppas,

40 795 40 22 här
101 795 130 28 framläggas
247 795 67 28 nägot
329 797 65 20 annat
409 796 108 27 antagligt
531 795 87 28 förslag,
634 795 56 22 skall
702 795 37 28 jag
754 795 27 22 be
797 797 32 19 att
843 794 22 21 fä

41 823 75 23 förena
130 825 43 26 mig
189 825 87 21 dermed
292 825 53 22 eller
360 825 66 21 ocksä
441 827 60 25 yttra
516 825 43 27 mig
576 825 78 21 derom.

109 853 57 22 Herr
182 853 137 22 Snellman:
336 853 41 22 Vid
393 855 88 20 senaste
499 853 158 22 sammanträde
673 852 84 22 slutade
770 852 37 27 jag
817 851 49 22 med

43 883 32 20 att
93 882 75 21 förena
183 882 43 27 mig
240 882 8 21 i
264 883 41 20 den
320 882 101 27 begäran,
438 889 48 15 som
501 882 41 22 här
556 882 69 22 blifvit
640 881 61 28 gjord
717 887 33 16 om
766 881 99 22 ärendets

42 911 162 27 bordläggning.
234 911 42 27 Jag
291 911 76 28 gjorde
383 911 66 27 detta,
464 911 40 28 jag
519 911 109 22 bekänner
644 911 42 26 det,
702 910 81 21 mindre
793 910 6 21 i
809 909 57 27 hopp

43 941 34 20 att
91 939 73 22 kunna
179 939 65 22 verka
258 940 87 26 derhän,
361 941 33 20 att
409 940 123 22 utskottets
547 939 137 22 betänkande
700 939 67 21 skulle
782 938 86 22 komma

43 970 33 21 att
91 970 96 26 antagas.
212 969 50 21 Men
275 969 39 28 jag
328 968 55 22 hade
399 969 56 22 dock
472 975 28 15 en
515 975 53 21 svag
582 968 142 27 förhoppning
739 969 32 20 att
785 966 82 23 kanske

43 998 73 21 kunna
137 997 115 22 medverka
274 997 33 22 till
328 997 67 28 något
417 997 101 29 förslag,
532 1004 46 16 som
598 997 70 22 skulle
683 996 74 22 förena
771 1002 34 15 om
820 995 47 22 icke

44 1027 54 21 allas
113 1026 129 21 ätminstone
257 1027 89 26 mängas
361 1027 118 27 meningar.
504 1027 63 21 Ännu
582 1026 7 21 i
604 1026 42 27 dag
660 1026 50 21 kom
722 1025 36 27 jag
767 1025 38 26 hit,
817 1025 52 20 utan

45 1057 33 20 att
99 1055 64 22 hafva
184 1055 70 21 blifvit
276 1055 135 28 synnerligen
435 1055 74 22 stärkt
531 1055 8 21 i
558 1055 70 22 denna
642 1053 146 28 förhoppning.
819 1053 49 21 Men

42 1085 39 27 jag
102 1084 40 21 har
164 1083 66 22 sedan
252 1090 77 21 genom
348 1084 63 21 fleres
427 1084 149 27 godhetsfulla
592 1083 126 27 deltagande
733 1082 68 21 blifvit
815 1087 54 26 upp-

43 1113 102 22 muntrad
161 1114 32 20 att
208 1114 52 26 göra
276 1114 32 21 ett
322 1112 80 23 försök.
432 1113 43 27 Jag
492 1114 39 26 gör
546 1113 66 26 detta,
628 1112 47 21 icke
692 1110 81 23 derföre
789 1112 32 19 att
831 1115 38 22 jag

45 1141 71 22 skulle
132 1147 58 21 anse,
207 1143 33 20 att
255 1141 25 22 sä
295 1141 90 28 mycken
400 1141 45 27 vigt
461 1141 73 22 skulle
548 1141 59 27 ligga
622 1141 71 26 derpä,
708 1146 33 15 om
751 1139 118 22 utskottets

44 1171 140 21 betänkande
199 1169 23 22 af
234 1170 160 27 Ridderskapet
409 1170 41 21 och
465 1170 72 22 Adeln
553 1172 95 25 antoges.
673 1169 86 26 Gängen
775 1168 96 21 kommer

45 1201 34 20 att
97 1199 66 22 blifva
183 1199 48 26 den,
250 1198 72 23 sävidt
336 1205 50 16 man
401 1199 42 22 kan
459 1198 93 27 förutse,
569 1200 32 20 att
616 1200 77 19 tvenne
709 1197 62 21 stånd
785 1196 86 21 komma

46 1230 33 20 att
94 1229 79 26 antaga
188 1228 147 21 betänkandet
350 1228 39 21 och
405 1228 28 27 gä
447 1228 23 21 in
486 1228 52 22 med
552 1227 118 28 petitionen
682 1225 71 22 säsom
763 1225 38 21 sin.
826 1224 45 21 Det

45 1257 43 22 kan
107 1257 34 21 väl
156 1257 85 26 utgöra,
258 1263 34 15 om
305 1257 39 27 jag
360 1257 24 21 sä
398 1256 33 22 fär
447 1259 62 24 säga,
526 1263 26 14 en
567 1256 52 21 liten
634 1255 104 21 kiselsten
751 1253 29 27 pä
794 1255 75 24 vägen,

20 1292 4 4 *
46 1292 35 16 om
95 1287 79 21 tvenne
190 1285 74 22 ständs
279 1285 59 23 bifall
354 1285 89 27 saknas;
459 1292 53 15 men
527 1285 33 22 för
575 1285 66 21 saken
656 1283 39 21 har
710 1283 59 21 detta
783 1282 48 22 icke
846 1281 25 33 sä

45 1315 87 28 mycket
147 1316 32 20 att
193 1314 85 28 betyda.
309 1314 41 22 För
364 1314 44 27 mig
423 1316 68 25 väger
508 1314 37 22 det
559 1313 86 28 mycket
660 1314 79 26 tyngre,
756 1312 32 20 att
797 1311 75 26 hvarje

47 1344 78 21 sädant
147 1342 69 28 afslag
238 1343 97 21 kommer
357 1344 32 20 att
403 1342 67 22 blifva
487 1349 28 15 en
531 1343 81 26 droppe
627 1341 42 27 olja
683 1340 29 28 pä
727 1346 26 15 en
769 1340 39 26 eld,
825 1344 47 16 som

46 1372 49 22 icke
109 1371 104 23 behöfver
226 1372 126 27 ytterligare
367 1372 82 27 näring.

115 1401 43 27 Jag
173 1400 97 22 anhåller
285 1398 84 24 derföre
384 1400 120 26 vördsamt,
522 1401 32 20 att
564 1399 39 21 hos
616 1398 36 22 det
661 1396 115 28 höglofliga
786 1396 88 32 ståndet

47 1428 22 23 få
91 1431 52 25 göra
165 1428 157 28 framställning
345 1435 34 15 om
401 1430 32 20 ett
455 1428 83 26 beslut,
558 1427 82 22 hvilket
654 1426 106 27 möjligen,
776 1430 46 17 som
835 1429 39 28 jag

47 1458 48 22 haft
117 1460 52 19 äran
190 1460 84 24 nämna,
297 1457 72 22 kunde
391 1456 110 22 förvärfva
517 1456 33 27 sig
564 1455 110 28 pluralitet
688 1454 8 22 i
710 1454 91 22 ståndet.
832 1452 42 33 Till

47 1487 130 27 upplysning
196 1487 49 21 med
260 1485 102 23 afseende
378 1485 13 21 å
405 1485 100 28 lydelsen
522 1484 22 22 af
559 1484 61 22 detta
633 1483 80 27 förslag
728 1482 95 22 anhåller
835 1486 39 28 jag

48 1516 22 21 få
84 1517 83 24 nämna,
184 1517 33 19 att
232 1516 41 20 den
287 1514 124 27 förordning
425 1513 23 22 af
462 1514 25 21 år
505 1514 63 26 1871,
584 1519 45 15 som
644 1512 8 21 i
666 1512 117 22 utskottets
797 1511 76 31 betän-

48 1544 71 22 kande
141 1544 97 26 omtalas,
262 1543 66 27 frigör
351 1542 42 22 alla
415 1542 56 28 dem,
497 1548 48 16 som
564 1541 36 22 vid
614 1540 150 23 universitetet
778 1539 55 26 tagit
849 1538 26 21 sä

785 1581 21 17 29
