1086 1717
221 110 41 20 598
518 112 39 16 Den
574 110 25 18 27
617 110 57 24 April.

193 174 60 22 öfket
274 174 104 28 verflödig
397 174 40 22 och
453 175 70 21 skulle
539 174 33 22 till
588 174 40 22 och
644 173 48 21 med
707 173 73 21 kunna
795 172 68 21 kallas
878 171 33 22 för
926 169 90 27 absurd;

194 204 40 21 och
249 202 34 23 för
298 204 49 27 mig,
363 210 46 15 som
425 204 60 21 delar
493 203 131 27 fullkomligt
633 202 51 22 herr
692 208 43 15 von
743 201 130 22 Haartmans
883 200 55 26 åsigt
947 198 70 22 deruti

193 234 33 20 att
240 232 86 22 banken
341 232 47 22 icke
403 232 39 22 bör
456 232 134 22 konkurrera
603 231 50 22 med
667 231 83 27 privata
763 229 90 27 banker,
868 229 39 21 har
922 227 94 23 bankens

192 261 114 21 inhemska
327 261 192 27 utlåningsrörelse
542 268 27 14 en
591 260 47 22 helt
660 266 70 15 annan
747 258 118 28 betydelse.
895 258 41 26 Jag
954 262 63 16 anser

193 290 50 22 med
258 290 50 21 herr
324 290 114 26 Snellman,
455 292 33 19 att
502 290 92 22 banken,
611 291 60 19 utom
686 290 33 20 att
734 294 51 15 vara
793 294 25 14 en
827 287 58 20 sedel
893 284 124 29 ntgifvande

193 320 64 25 bank;
268 321 73 19 -hvars
361 319 102 21 emission
481 318 55 22 skall
556 318 58 22 hvila
627 318 29 27 på
668 317 55 28 guld
738 316 80 27 metall,
828 315 61 22 äfven
904 310 58 41 skall
971 318 47 18 vara

194 354 25 15 en
236 347 122 27 sparkassa,
374 354 47 15 som
436 348 108 21 användes
560 347 7 21 i
578 347 92 21 kritiska
680 346 43 26 fall,
735 352 46 16 som
792 344 55 23 skall
857 344 46 22 visa
913 344 33 21 sin
956 344 62 26 nytta

192 377 36 21 vid
243 376 142 26 aftärskriser,
401 377 69 21 under
484 376 135 26 missväxtår,
636 376 28 21 då
677 368 22 38 af
708 376 33 20 ett
749 375 51 21 eller
808 375 65 21 annat
881 372 46 22 skäl
936 372 80 26 svårig-

193 406 62 20 heter
277 405 81 27 uppstå
378 405 32 21 uti
433 405 48 22 vårt
502 405 62 21 lands
588 404 139 22 ekonomiska
745 402 154 23 förhållanden.
929 401 41 21 För
985 402 33 20 att

192 435 74 21 kunna
281 434 6 21 i
304 434 79 22 sådant
397 434 36 21 fall
448 441 51 15 vara
514 435 106 25 verksam,
636 440 38 15 var
689 434 37 21 det
741 432 132 26 nödvändigt
887 431 32 21 att
933 429 85 22 banken

193 463 42 22 fick
255 469 27 16 en
297 463 97 22 inhemsk
407 463 197 28 utlåningsrörelse,
620 465 23 25 ty
658 463 56 21 blott
729 461 91 22 sålunda
834 460 72 22 kunde
920 459 96 22 bankens

194 492 120 21 direktörer
328 492 40 21 och
383 492 96 21 bankens
495 492 130 27 tjenstemän
640 491 22 21 få
678 498 26 15 en
718 490 82 22 inblick
814 489 33 22 uti
857 487 160 24 affärsrörelsen

192 521 8 21 i
218 521 74 22 landet
310 521 41 21 och
366 520 22 22 få
401 521 41 22 den
457 521 121 22 kännedom
594 520 22 22 af
628 526 105 21 personer
747 519 41 22 och
803 517 153 26 förhållanden,
972 522 45 15 som

193 549 91 27 fordras,
307 549 34 22 för
363 551 38 25 att,
424 552 39 19 när
482 550 70 21 nöden
573 550 25 21 så
612 549 104 27 påkallar,
732 549 49 20 med
797 547 63 22 säker
874 546 58 22 blick
946 546 72 21 kunna

193 579 57 27 välja
265 579 42 21 den
323 578 58 27 affär,
397 584 47 17 som
459 579 40 22 bör
513 579 83 27 stödjas
610 578 41 22 och
666 584 24 16 se
705 578 42 21 den
763 577 57 26 affär,
837 582 46 15 som
898 575 69 21 måste
980 581 37 15 an-

194 613 36 16 ses
246 607 74 22 såsom
334 609 72 20 rutten
421 607 41 22 och
477 607 86 22 hvilken
578 613 49 16 man
641 607 71 22 måste
727 612 52 16 anse
794 606 53 21 böra
861 604 57 22 falla.
943 603 39 22 Det
989 599 29 41 är

194 642 27 16 en
236 636 68 22 sådan
319 636 118 27 betydelse,
453 642 47 16 som
512 636 38 28 jag
565 635 125 23 tillskrifver
704 635 98 22 bankens
810 633 112 22 inhemska
929 631 88 27 rörelse,

193 665 40 22 och
247 665 48 22 från
312 665 69 21 denna
396 665 107 28 synpunkt
519 665 131 26 betraktadt,
666 665 76 28 tycker
755 664 37 27 jag
808 665 32 19 att
848 661 116 23 ständerna
970 661 48 21 icke

194 694 70 21 skulle
286 693 80 22 handla
387 693 109 28 försigtigt
515 694 52 21 eller
581 694 49 26 vist,
647 700 34 15 om
697 694 26 21 de
739 699 29 15 nu
783 691 69 22 skulle
867 691 84 21 minska
965 689 52 22 ban-

192 723 54 21 kens
270 722 88 22 krafter.
388 722 37 22 Ett
445 723 48 26 krig
511 725 25 19 är
553 722 125 27 förklaradt,
699 723 41 21 den
755 721 64 27 långa
834 720 65 21 våren
914 719 62 28 tyder
990 719 28 26 på

192 753 33 20 ett
240 751 82 22 mindre
338 751 52 27 godt
405 751 29 22 år.
460 751 54 22 Vårt
526 751 63 22 lands
606 753 59 20 stora
680 749 151 24 rederirörelse
841 749 60 22 lider
916 747 102 27 ofantliga

192 780 102 21 förluster
317 780 32 21 till
368 779 52 28 följd
438 779 23 22 af
479 781 41 20 den
535 780 102 27 politiska
652 779 151 22 osäkerheten.
834 777 100 22 Finlands
950 776 68 21 banks

192 809 117 27 tillgångar
323 809 91 26 komma,
431 809 44 21 ifall
490 808 165 29 myntreformen
672 808 70 22 skulle
757 806 135 29 genomföras
907 806 7 21 i
924 805 95 27 enlighet

194 838 49 21 med
266 839 42 20 den
328 837 77 27 nådiga
425 838 167 27 propositionen,
609 839 33 20 att
656 837 107 28 betydligt
775 835 120 27 medtagas.
924 834 42 27 Jag
981 833 37 22 be-

193 866 75 22 höfver
285 866 57 22 blott
356 867 85 26 påpeka
456 867 42 21 den
512 866 78 22 förlust
606 866 22 22 af
641 869 98 19 närmare
754 867 12 19 2
782 864 111 25 millioner,
909 869 46 15 som
970 862 48 21 Fin-

193 895 63 22 lands
272 895 58 22 bank
344 895 70 21 måste
429 895 7 21 i
451 895 79 22 sådant
544 895 37 22 fall
596 895 44 22 lida
654 895 29 27 på
698 895 47 22 sina
760 891 210 29 tillgodohafvanden
979 891 39 21 hos

194 924 27 21 de
237 923 117 22 utländska
369 923 113 22 ombuden.
507 924 37 21 Uti
560 930 26 15 en
602 924 67 21 sådan
685 923 102 28 tidpunkt
797 921 75 28 tycker
879 921 38 28 jag
928 922 32 19 att
970 926 48 15 man

193 953 48 21 icke
260 953 40 21 bör
315 952 100 27 försvaga
429 953 91 26 banken,
535 953 124 28 isynnerhet
674 959 47 15 som
737 951 86 26 enhvar,
839 956 46 15 som
901 949 66 27 något
980 948 38 22 be-

192 981 66 22 fattat
280 981 33 27 sig
328 981 49 22 med
391 981 235 22 nationalekonomiska
641 981 84 22 studier
740 980 41 22 och
797 979 98 22 studerat
910 977 106 22 affärskri-

193 1016 36 16 ser
250 1011 33 20 uti
303 1010 67 21 andra
388 1010 80 27 länder,
488 1011 86 27 mycket
588 1011 35 21 väl
638 1012 36 20 vet
689 1011 33 20 att
736 1009 8 21 i
759 1008 92 22 kritiska
866 1007 55 22 tider
935 1006 84 27 privata

192 1039 89 26 banker,
297 1039 73 21 såsom
385 1039 26 21 de
427 1039 67 22 också
508 1039 70 22 måste
594 1041 58 25 göra,
667 1038 84 22 minska
766 1037 33 22 sin
809 1036 82 23 rörelse
901 1035 41 22 och
952 1035 68 26 draga

192 1068 34 27 sig
241 1067 91 22 tillbaka
346 1069 57 20 samt
417 1067 48 22 icke
480 1068 72 21 kunna
566 1068 83 21 riskera
664 1069 33 20 att
712 1067 89 26 utvidga
816 1066 47 25 den,
879 1064 85 22 hvarför
979 1063 40 22 ock

193 1097 38 20 det
254 1097 56 25 stöd,
330 1102 45 15 som
390 1103 50 14 man
455 1096 68 22 finner
537 1097 7 20 i
558 1097 86 27 privata
658 1097 89 24 banker,
763 1097 24 20 är
803 1094 81 28 ganska
899 1092 120 29 problema-

192 1125 60 22 tiskt.
275 1125 43 27 Jag
333 1125 102 27 beklagar
449 1127 33 20 att
497 1125 41 22 den
552 1125 140 26 reservation,
708 1131 48 15 som
768 1124 39 27 jag
820 1123 66 28 jemte
901 1122 67 27 några
982 1127 37 16 an-

193 1154 39 21 dra
247 1153 138 22 medlemmar
399 1153 83 28 bifogat
495 1154 152 25 betänkandet,
663 1153 33 23 för
711 1155 34 20 att
759 1152 65 22 blifva
832 1150 132 27 enstämmig,
976 1149 45 22 blef

192 1183 67 26 något
273 1183 51 21 kort
339 1183 40 21 och
395 1182 144 28 ofullständig.
568 1183 44 22 Det
626 1189 44 20 var,
686 1183 32 21 till
735 1188 27 15 en
778 1181 41 25 del,
836 1180 130 21 åtminstone
977 1179 43 21 min

192 1211 92 28 mening,
308 1213 34 19 att
363 1211 66 22 dessa
446 1213 12 19 3
477 1211 106 22 millioner
603 1211 61 22 mark
689 1211 23 22 af
733 1209 203 23 vinstöfverskottet
958 1207 62 22 äfven

193 1240 71 22 skulle
286 1239 64 22 hafva
372 1246 26 15 en
417 1247 69 14 annan
504 1240 90 27 uppgift,
611 1241 26 21 de
653 1240 69 21 skulle
738 1239 60 28 tjena
813 1238 72 21 såsom
900 1243 73 15 reserv
988 1235 32 22 för

193 1269 83 21 sådana
298 1269 75 27 anslag
391 1269 58 27 uppå
467 1269 97 22 bankens
584 1269 163 22 tillkommande
762 1267 63 27 vinst,
843 1272 46 16 som
904 1265 116 22 ständerna

192 1298 82 27 ansågo
297 1298 79 26 skäligt
395 1298 84 27 anvisa;
497 1298 38 28 jag
554 1304 74 16 menar
643 1300 33 19 att
690 1298 45 21 ifall
751 1296 124 26 ständerna,
890 1295 8 21 i
912 1294 108 22 anseende

192 1327 72 21 dertill
283 1328 34 20 att
335 1326 96 22 bankens
447 1327 57 21 vinst
519 1327 68 21 under
602 1329 88 20 senaste
706 1328 12 20 5
735 1326 36 21 års
785 1324 76 28 period
875 1324 56 21 varit
946 1322 74 28 betyd-

192 1356 41 26 ligt
248 1354 61 23 öfver
322 1362 27 14 en
356 1355 87 27 million,
460 1356 71 22 skulle
544 1356 52 28 vilja
612 1356 42 22 öka
669 1356 104 26 anslagen
787 1354 30 27 på
831 1354 70 21 denna
915 1352 58 22 vinst
980 1351 39 26 till,

190 1385 38 27 jag
248 1384 37 21 vill
300 1386 54 25 säga
369 1386 13 20 6
397 1384 13 21 &
425 1386 12 19 7
453 1384 148 23 hundratusen
616 1385 61 21 mark
692 1390 35 16 om
743 1384 54 25 året,
813 1382 26 22 sä
853 1381 70 23 skulle
938 1380 33 22 för
986 1380 35 21 sä-

192 1414 57 20 dana
265 1413 37 26 är;
326 1412 28 22 då
371 1412 88 22 vinsten
482 1413 48 22 icke
552 1414 62 26 stege
634 1414 32 20 till
682 1413 71 21 denna
769 1417 88 20 summa,
873 1415 101 17 reserven
989 1408 32 22 uti

193 1441 282 28 disponibla-medelkontot
489 1442 73 22 kunna
577 1443 109 21 användas
701 1441 34 22 för
751 1442 34 20 att
799 1440 52 27 fylla
865 1439 109 26 anslagen.

262 1470 99 22 Friherre
379 1470 87 28 Boije:
497 1470 61 22 Efter
578 1471 37 21 det
630 1473 86 19 senaste
733 1469 88 22 sakrika
837 1466 148 28 andragandet
1000 1465 24 22 af

191 1498 51 22 herr
262 1499 119 26 Hackman,
401 1500 40 21 har
453 1500 39 27 jag
507 1500 77 21 endast
599 1501 33 21 att
645 1500 7 22 i
668 1500 83 21 största
765 1498 88 22 korthet
867 1496 75 22 förena
956 1495 44 27 mig
1014 1495 7 21 i

192 1528 38 22 det
244 1528 109 28 yttrande,
369 1528 43 21 han
427 1528 7 22 i
450 1528 67 22 saken
533 1528 88 28 afgifvit.
651 1529 42 27 Jag
708 1533 65 17 anser
788 1526 115 27 nemligen,
914 1525 7 21 i
928 1525 92 21 motsats
