1086 1717
392 110 41 18 Den
449 108 26 19 26
491 108 43 24 Mej.
803 108 41 20 969

52 174 49 21 dast
124 175 24 20 är
171 172 121 27 ständerna,
311 179 47 16 som
373 174 36 20 äro
425 172 51 22 fullt
491 172 140 28 kompetenta
646 173 32 21 att
693 172 74 28 pröfva
783 178 35 16 om
833 171 42 22 för-

52 202 114 22 bindelsen
181 204 25 19 är
220 201 74 27 nödig;
310 202 41 22 och
367 202 41 22 den
423 202 62 21 torde
501 208 43 20 nog
558 201 66 23 blifva
638 202 43 21 det.

120 231 57 21 Herr
199 230 159 27 Schauman,
381 231 94 26 August:
497 230 194 28 Nödvändigheten
706 229 22 22 af
742 230 42 22 den
796 229 79 27 ifråga-

51 260 94 22 varande
160 259 76 21 täckta
250 259 85 27 gången
350 259 61 22 torde
426 260 35 20 väl
477 259 7 21 i
500 259 120 27 väsendtlig
633 259 50 21 mån
692 258 65 22 blifva
767 257 109 24 beroende

52 289 47 21 utaf
121 288 41 22 den
184 288 92 27 ritnings
298 288 156 27 beskaffenhet,
479 294 47 15 som
543 288 97 21 kommer
655 289 33 20 att
702 287 32 22 för
750 287 127 28 byggnaden

52 317 69 28 följas.
151 317 10 21 I
182 317 110 27 praktiskt
314 317 123 22 hänseende
457 323 66 15 anser
535 317 37 27 jag
586 316 34 22 för
634 317 44 21 min
694 316 33 22 del
742 316 49 22 icke
805 317 72 27 någon

52 345 160 27 nödvändighet
234 346 88 27 påkalla
344 352 26 16 en
393 346 67 22 sådan
484 346 63 27 gång.
580 346 49 20 Den
652 345 155 28 eskissritning,
831 351 46 15 som

53 374 245 22 Ständerhusutskottet
312 375 83 27 antagit
411 376 33 20 att
458 375 62 27 tjena
535 375 71 21 såsom
621 374 103 27 underlag
738 374 34 22 för
787 374 27 22 de
828 373 49 22 blif-

53 404 69 21 vande
140 403 225 28 täflingsritningarne,
382 404 32 27 (ty
427 404 37 28 jag
479 405 91 25 antager
584 403 34 21 för
631 402 65 28 gifvet
712 404 32 20 att
759 402 118 28 delegatio-

53 439 42 16 nen
118 432 97 22 kommer
238 434 34 20 att
292 432 71 23 lemna
385 432 152 28 uppgörandet
558 432 24 22 af
601 432 107 27 ritningen
722 432 33 21 till
770 432 27 21 fri
811 431 67 22 täflan

55 461 90 22 emellan
161 461 162 28 arkitekterne),
340 462 165 27 upptagericke
520 461 68 22 heller
602 461 70 28 någon
689 461 67 22 sådan
771 461 56 27 gång
838 460 40 22 och

55 491 28 21 då
101 490 109 22 utskottet
231 490 69 22 funnit
316 491 97 21 eskissen
429 491 104 26 antaglig,
549 491 25 21 så
588 490 62 22 faller
665 489 60 23 deraf
739 492 58 19 ännu
811 496 46 15 mer
871 489 7 21 i

55 521 83 26 ögonen
155 521 32 20 att
202 519 101 28 möjligen
318 521 33 20 ett
366 520 67 27 dylikt
448 519 180 28 föreningsmedel
642 519 88 22 alldeles
741 519 72 22 kunde
823 518 55 22 und-

54 554 73 21 varas;
145 548 37 21 det
196 548 70 27 beror,
283 555 47 15 som
345 549 69 26 sagdt,
430 548 88 28 mycket
532 549 28 26 pä
575 548 55 21 huru
646 548 41 22 den
703 547 108 23 definitive
822 547 56 22 arki-

55 577 76 22 tekten
153 577 97 22 kommer
271 579 32 20 att
325 577 86 28 placera
432 577 114 22 lokalerna
560 577 58 22 inom
634 577 41 22 den
690 583 40 21 nya
744 577 134 27 byggnaden,

55 613 35 15 om
113 606 41 21 den
177 605 125 28 ifrägasatta
325 607 84 26 gängen
431 607 40 20 alls
495 606 55 22 skall
572 606 72 21 kunna
660 605 113 28 anbringas
789 605 41 22 och
845 611 35 16 om

56 635 61 22 detta
135 635 44 21 kan
198 636 64 26 göras
277 635 49 22 med
340 635 72 27 någon
427 635 76 22 fördel.
533 635 42 22 För
589 635 136 28 prydnadens
740 634 58 22 skull
813 634 67 21 borde

56 664 41 21 den
113 664 130 21 ätminstone
258 664 48 21 icke
321 664 7 21 i
343 664 71 27 nägon
428 664 106 21 händelse
549 664 85 21 komma
634 659 12 36 i
661 663 66 28 fräga,
738 665 23 26 ty
771 669 46 16 mer
827 663 52 22 eller

56 693 83 21 mindre
153 693 152 27 vanprydande
320 693 69 22 mäste
405 693 41 22 den
461 693 36 22 väl
513 693 61 21 alltid
589 699 63 15 anses
667 693 84 21 komma
766 693 33 21 att
808 691 71 22 blifva.

124 721 57 22 Herr
200 721 80 22 Rein:
300 722 10 21 I
326 722 67 21 slutet
411 721 23 22 af
448 722 62 21 detta
526 722 74 27 stycke
615 721 63 22 heter
692 722 45 21 det:
754 721 126 28 byggnaden

57 751 41 21 bör
118 750 66 22 blifva
204 750 122 22 tullbordad
350 751 41 21 och
405 751 77 21 inredd
498 753 57 19 samt
569 751 7 20 i
591 750 136 22 riddarhuset
743 749 139 28 erforderliga

57 779 148 27 förändringar
224 779 102 27 vidtagna
344 779 63 22 innan
423 781 64 20 nästa
505 779 87 27 lagtima
607 779 106 27 landtidag.
743 779 35 21 Nu
793 779 89 26 stadgar

57 810 14 19 2
87 807 10 28 $
113 807 23 22 af
149 808 24 21 L.
189 808 25 21 O.
231 809 33 20 att
278 808 101 21 Finlands
391 808 89 22 ständer
491 808 181 22 sammankomma
684 808 125 21 åtminstone
819 807 64 22 hvart

57 837 66 22 femte
139 837 24 21 är
178 837 32 21 till
225 837 89 27 lagtima
328 837 109 27 landtdag.
460 837 45 22 Det
520 837 42 22 kan
578 837 84 22 säledes
678 836 90 26 inträffa,
780 837 32 21 att
821 836 61 21 Hans

57 865 104 28 Majestät
175 865 167 22 sammankallar
358 866 115 21 ständerna
489 866 34 21 till
538 866 88 27 lagtima
640 866 109 26 landtdag,
765 865 65 21 innan
840 864 43 23 fem

59 895 24 20 är
105 896 37 19 äro
165 893 103 28 förlidna;
292 895 36 21 det
350 895 72 21 kunde
443 895 80 26 hända,
547 897 33 19 att
595 895 116 21 ständerna
729 894 106 22 samlades
850 893 33 22 till

58 923 89 27 lagtima
169 923 105 27 landtdag
292 923 67 22 redan
375 925 32 20 ett
422 924 23 21 är
459 923 103 22 härefter.
593 923 43 22 Det
651 930 49 15 vore
717 923 54 22 dock
787 922 97 28 omöjligt

59 954 34 19 att
107 951 22 22 fä
143 951 65 22 huset
223 952 57 21 inom
296 952 25 21 sä
335 952 50 22 kort
399 953 33 21 tid
444 952 88 28 färdigt.
554 952 150 27 Förmodligen
714 952 39 21 har
763 951 120 22 utskottets

59 981 65 21 tanke
146 981 62 26 varit,
232 982 33 20 att
286 981 66 22 huset
371 981 67 22 borde
456 988 53 15 vara
523 981 80 28 färdigt
617 981 42 22 fem
674 981 24 22 är
712 980 101 22 härefter.
843 980 41 27 Jag

61 1011 61 26 tager
145 1009 43 28 mig
212 1009 84 22 derföre
316 1009 92 22 friheten
427 1010 82 21 föreslä
525 1017 26 15 en
565 1010 144 27 formulering,
725 1016 46 15 som
785 1011 99 20 närmare

60 1039 111 27 uttrycker
194 1038 42 22 den
258 1039 71 26 tanke,
352 1039 108 22 utskottet
482 1039 143 27 förmodligen
646 1039 58 22 velat
722 1038 105 28 uttrycka,
843 1038 42 21 den

61 1067 114 27 nemligen,
198 1069 34 20 att
254 1067 67 22 orden
344 1067 46 27 ,till
409 1069 64 20 nästa
487 1068 91 27 lagtima
592 1067 116 28 landtdag*
724 1067 112 22 förändras
853 1066 32 22 till

63 1096 76 27 pinnan
155 1096 24 21 är
195 1097 75 20 1882".

130 1124 99 23 Friherre
251 1131 42 15 von
314 1125 79 21 Born:
417 1125 71 22 Jemte
513 1125 37 22 det
562 1125 38 28 jag
614 1125 95 22 anhäller
723 1126 34 21 att
770 1124 23 22 fä
807 1124 78 22 under-

63 1154 70 27 stödja
153 1153 50 22 herr
220 1153 67 22 Reins
302 1160 29 15 nu
346 1154 76 27 gjorda
436 1153 89 28 förslag,
540 1154 37 21 vill
590 1155 38 26 jag
642 1156 44 20 mot
700 1154 49 22 herr
765 1153 122 22 Schauman

65 1182 109 27 anmärka,
198 1184 34 20 att
254 1183 67 26 enligt
340 1183 70 21 denna
424 1183 87 27 ritning,
529 1189 46 16 som
590 1183 55 22 dock
660 1183 7 21 i
681 1182 121 22 hufvudsak
817 1182 70 21 mäste

63 1211 70 28 följas,
151 1211 37 22 det
204 1217 63 22 synes
282 1217 52 16 vara
349 1212 82 26 ganska
446 1212 100 27 lämpligt
560 1213 32 20 att
604 1212 102 27 anbringa
716 1218 25 15 en
752 1211 68 22 sädan
831 1211 56 27 gäng

63 1239 48 22 frän
125 1239 162 28 trappafsatsen
301 1240 7 21 i
324 1246 40 15 ena
378 1240 65 22 huset
457 1241 34 21 till
507 1240 159 28 trappafsatsen
682 1241 7 21 i
704 1241 37 21 det
755 1239 74 22 andra.

132 1269 56 22 Herr
210 1275 42 15 von
274 1269 120 22 Hellens:
413 1269 43 27 Jag
471 1269 97 23 anhäller
584 1270 65 21 ocksä
664 1271 33 20 att
711 1269 21 22 fä
746 1268 142 28 understödja

65 1298 36 21 det
124 1297 23 22 af
166 1298 51 21 herr
239 1298 54 22 Rein
316 1298 76 27 gjorda
413 1299 113 27 yrkandet.
556 1299 109 27 Derjemte
684 1298 69 22 skulle
766 1299 39 26 jag
820 1298 68 21 önska

63 1326 65 22 hafva
148 1328 33 20 ett
195 1326 76 28 tillägg
286 1326 72 28 gjordt
372 1327 33 21 till
421 1327 70 22 denna
507 1328 76 26 punkt.
613 1326 46 23 Ifall
674 1327 159 27 Ridderskapet
847 1326 41 22 och

65 1355 69 21 Adeln
149 1355 83 22 bifaller
247 1356 119 21 utskottets
381 1356 146 26 betänkande,
543 1356 37 22 det
592 1356 38 28 jag
644 1356 33 22 för
686 1356 41 21 min
739 1356 36 21 del
785 1356 40 21 ock
835 1354 53 28 god-

65 1384 88 26 känner,
169 1384 25 21 sä
209 1384 69 22 häller
290 1384 38 27 jag
342 1384 46 22 före
404 1386 32 20 att
452 1385 37 21 det
503 1384 46 22 förr
564 1385 52 21 eller
631 1391 75 15 senare
721 1384 41 22 blir
773 1391 26 15 en
809 1383 80 22 oefter-

65 1412 58 28 giflig
143 1412 161 28 nödvändighet
319 1414 33 20 att
366 1412 70 22 inlösa
452 1415 84 20 tomten
552 1414 40 21 och
607 1414 80 26 gärden
701 1414 40 20 N:o
757 1415 12 19 5
785 1413 8 21 i
807 1418 83 16 samma

67 1442 92 26 avarter,
179 1440 34 23 för
233 1443 33 20 att
285 1442 23 20 ät
323 1442 41 21 den
378 1442 164 27 nyuppförande
558 1442 90 22 andelen
663 1442 22 21 af
698 1440 191 23 ständerhuskom-

66 1470 77 27 plexen
166 1469 56 28 gifva
240 1470 38 22 det
292 1470 64 22 friare
371 1470 56 27 läge,
443 1477 47 15 som
507 1477 28 15 en
550 1472 67 20 sädan
632 1470 143 22 monumental
789 1469 101 27 byggnad

67 1498 113 22 erfordrar.
218 1499 44 21 Det
287 1499 43 21 kan
358 1499 119 21 emellertid
505 1500 66 21 innan
593 1501 63 19 nästa
678 1499 87 27 lagtima
786 1497 105 28 landtdag

67 1526 86 23 inträffa
174 1527 71 27 någon
266 1527 124 22 oförutsedd
405 1528 112 27 händelse,
535 1528 127 27 exempelvis
678 1534 26 16 en
719 1527 108 26 eldsvåda,
843 1532 47 16 som
