1086 1717
364 120 40 16 Den
420 117 27 18 20
463 118 58 24 April.
803 118 40 20 485

51 182 32 21 sin
98 182 48 25 lott,
163 181 39 21 allt
217 180 55 22 efter
288 186 45 16 som
348 181 7 21 i
370 182 25 20 Ä.
411 181 24 21 B.
453 182 64 26 sagdt
533 182 44 27 är”;
594 182 25 21 sä
634 184 33 19 att
683 182 66 22 orden
766 184 27 24 ,,2
810 182 39 21 och
861 184 10 19 3

49 210 64 28 kap."
137 210 69 21 skulle
228 210 60 27 utgå,
305 210 88 21 emedan
409 210 49 21 8:de
473 210 48 27 kap.
538 210 25 21 A.
578 210 32 26 B.,
626 217 47 15 som
689 211 54 21 talar
759 217 34 15 om
809 211 65 21 oäkta

50 240 63 21 barns
130 238 92 27 arfsrätt,
239 239 39 21 här
294 238 60 22 äfven
369 239 73 21 kunde
458 238 86 22 komma
558 239 7 21 i
580 239 67 27 fråga.
670 240 44 21 Det
724 246 50 15 vore
783 240 91 21 sålunda

51 268 120 27 egentligen
194 268 76 21 endast
286 274 26 14 en
327 267 75 21 formel
417 267 130 27 förändring,
565 274 46 15 som
624 269 38 27 jag
676 268 125 27 härigenom
816 268 57 22 velat

50 297 85 21 föreslå.
160 308 26 3 —
205 296 50 22 Men
267 297 39 27 jag
321 296 69 21 skulle
407 296 112 22 dessutom
534 297 26 21 be
577 298 32 20 att
623 297 23 21 få
660 297 79 22 föreslå
755 304 26 14 en
799 304 74 16 annan,

51 326 103 26 vigtigare
176 325 124 27 förändring
322 325 6 21 i
350 325 133 27 paragrafen.
514 326 10 20 I
547 325 41 21 den
612 326 22 20 af
654 326 161 27 Ridderskapet
835 326 39 21 och

52 354 68 22 Adeln
144 356 92 26 antagna
257 354 79 26 nådiga
358 354 162 27 propositionen
543 360 34 15 om
592 354 44 22 lika
651 354 64 27 gifto-
731 355 39 21 och
787 354 88 22 arfsrätt

51 383 141 22 förekommer
214 385 32 19 ett
262 382 126 27 stadgande,
405 383 6 21 i
427 382 56 28 syfte
499 385 32 19 att
546 383 110 21 bibehålla
671 384 78 21 broder
763 384 36 21 vid
814 386 60 25 tage-

51 412 42 22 lott
107 412 6 21 i
129 412 85 22 arfsfall.
239 412 10 20 I
263 412 136 27 konseqvens
416 412 88 20 dermed
521 418 62 21 synes
600 412 37 21 det
652 412 49 27 mig,
711 414 32 20 att
750 419 49 15 man
807 412 67 23 borde

51 441 110 22 bibehålla
182 441 78 21 broder
273 441 80 26 jemväl
367 441 7 20 i
389 441 61 26 fråga
466 447 34 15 om
516 441 56 21 börd
588 441 34 21 vid
639 441 67 22 sådan
721 442 98 27 tagelott,
835 442 40 21 och

53 470 68 21 skulle
138 471 37 20 det
190 470 6 21 i
212 469 94 27 enlighet
324 469 87 22 dermed
426 469 54 22 böra
495 469 51 22 heta
560 470 7 21 i
578 470 66 21 slutet
655 470 23 21 af
687 471 69 20 denna
763 470 111 27 paragraf:

53 505 54 21 ,ega
130 499 26 21 de
179 499 43 21 lika
237 498 66 26 delar,
319 498 62 22 hafve
397 498 28 21 då
439 498 81 22 broder
534 500 44 20 rätt
594 501 32 19 att
641 501 81 25 systers
737 499 42 22 lott
794 499 33 21 till
843 499 32 26 sig

53 529 52 25 lösa,
121 534 48 15 men
186 527 51 27 eljes
254 527 53 21 skall
324 527 72 22 derom
411 527 87 22 lottas".
529 527 41 27 Jag
587 530 44 19 tror
647 528 69 21 denna
731 528 124 27 förändring
869 528 6 20 i

54 557 65 21 saken
134 563 50 15 vore
199 556 129 27 fullkomligt
342 556 7 21 i
365 556 223 21 öfverensstämmelse
600 557 49 20 med
656 557 171 27 Ridderskapets
837 557 40 21 och

54 586 79 21 Adelns
149 585 72 22 beslut
235 585 7 21 i
257 584 74 27 frågan
348 591 34 15 om
397 585 44 21 lika
455 585 64 26 gifto-
536 585 40 22 och
592 585 93 27 arfsrätt,
702 586 40 21 och
756 586 25 21 så
791 586 85 27 mycket

53 621 46 14 mer
120 614 98 27 befogad,
242 620 45 15 som
303 614 77 21 broder
395 613 76 22 hittills
486 614 108 27 sjelffallet
609 617 36 24 egt
661 621 26 15 en
703 615 67 21 sådan
785 615 92 26 tagelott

54 649 76 21 genom
153 643 32 21 sin
201 645 69 19 större
287 642 88 21 arfsrätt
390 643 41 20 och
447 643 62 20 deraf
522 643 108 22 beroende
646 643 113 27 bördslott,
776 649 48 15 men
839 643 37 21 hä-

55 672 97 21 danefter
171 672 72 21 såsom
258 671 68 21 kändt
340 671 47 22 icke
403 671 55 27 finge
475 673 69 20 större
561 672 40 26 del,
618 675 26 18 än
660 674 76 25 syster.
755 684 24 3 —
796 672 43 21 Det
854 674 23 19 är

55 701 84 21 således
161 701 63 20 dessa
240 700 36 21 två
290 700 154 27 förändringar,
460 706 46 15 som
519 701 39 27 jag
573 701 38 21 ber
626 701 22 21 få
662 701 85 25 föreslå,
764 701 113 26 naturligt-

56 730 31 21 vis
110 729 68 22 under
200 729 155 26 förutsättning
371 730 32 20 att
418 729 155 26 Lagutskottet
589 729 69 22 skulle
673 732 98 19 närmare
787 729 92 28 granska

55 758 165 27 formuleringen
237 757 22 22 af
272 757 49 22 mitt
335 757 86 27 förslag,
438 764 35 15 om
489 758 60 21 detta
564 758 133 27 godkändes.

123 787 156 21 Diskussionen
302 786 74 21 afslöts
400 787 95 26 härmed,
519 787 39 21 och
582 793 46 15 som
650 787 88 21 friherre
754 793 41 16 von
810 787 68 21 Borns

57 815 80 28 förslag
149 815 47 22 icke
212 815 70 22 blifvit
297 815 23 21 af
333 815 70 27 någon
419 815 169 22 ståndsmedlem
602 816 134 25 understödt,
753 816 78 26 ansågs
843 815 37 22 det

55 845 48 21 icke
123 845 53 21 böra
190 845 86 20 komma
291 844 68 21 under
375 844 138 27 omröstning,
531 847 50 19 utan
598 845 133 26 uppställdes
747 845 133 27 proposition

57 873 76 22 endast
155 879 35 15 om
211 873 27 21 de
260 875 78 19 tvenne
361 873 22 20 af
404 873 111 21 utskottet
537 873 79 27 afgifna
632 874 126 21 alternativa
772 873 108 27 förslagen

57 902 101 21 sålunda:

127 931 65 26 »Den,
216 937 46 15 som
278 930 62 27 gillar
355 932 11 19 3
383 929 11 28 $
411 932 12 19 6
439 931 49 26 kap.
505 931 20 21 J.
541 931 31 26 B.,
590 931 67 21 sådan
674 931 41 21 den
731 933 23 19 är
769 930 90 22 affattad
874 930 7 21 i

57 959 80 28 nådiga
152 959 168 27 propositionen,
337 965 73 16 svarar
422 959 35 27 ja;

125 989 74 21 vinner
214 988 40 27 nej,
271 990 89 25 antages
377 988 41 21 den
433 988 115 22 redaktion
559 989 33 20 till
600 989 133 26 paragrafen,
742 995 46 15 som
796 989 85 20 utskot-

57 1019 32 20 tet
105 1017 108 22 eventuelt
227 1017 131 26 föreslagit".

127 1047 75 20 Denna
224 1046 134 27 proposition
373 1046 131 21 besvarades
522 1046 22 21 af
558 1046 87 21 ståndet
660 1046 49 21 med
725 1045 156 28 öfvervägande

55 1075 29 27 ja,
101 1075 32 21 till
147 1075 51 27 följd
214 1075 76 21 hvaraf
302 1074 128 28 paragrafen
445 1081 38 15 var
499 1077 93 24 antagen
608 1075 66 27 enligt
690 1075 40 21 den
745 1075 79 26 nådiga
832 1081 49 20 pro-

57 1104 133 27 positionens
205 1103 87 28 förslag.

126 1133 56 21 Utan
197 1133 73 21 vidare
286 1132 139 27 anmärkning
440 1132 126 27 godkändes
583 1132 67 27 derpå
665 1133 26 20 de
700 1132 53 21 cfter
761 1132 120 21 hvarandra

59 1162 122 27 granskade
204 1163 12 19 4
240 1161 10 28 $
274 1163 12 19 6
302 1161 57 27 kap.,
376 1163 9 19 1
403 1161 10 27 $
430 1163 11 18 7
457 1161 51 27 kap.
525 1161 40 22 och
581 1163 11 19 3
609 1161 11 27 $
636 1163 11 19 9
663 1161 49 27 kap.
728 1161 19 22 J.
763 1161 32 26 B.,
813 1162 12 20 2
841 1160 10 28 $
868 1162 12 19 6

57 1191 49 27 kap.
121 1191 26 20 R.
163 1191 31 26 B.,
211 1192 55 19 samt
281 1191 118 20 momentet
414 1191 12 20 5
442 1190 40 21 och
499 1192 12 19 6
527 1190 6 21 i
549 1190 118 22 utskottets
682 1190 85 27 förslag.

128 1248 10 21 I
161 1248 95 27 enlighet
274 1247 50 22 med
340 1247 49 22 herr
404 1253 42 16 von
460 1247 96 22 Hellens'
571 1247 36 22 vid
622 1249 86 20 senaste
724 1247 158 22 sammanträde

60 1277 78 22 väckta
153 1276 79 28 förslag
247 1278 94 26 upptogs
355 1283 29 15 nu
399 1276 32 21 till
447 1276 131 27 behandling
594 1277 37 21 det
646 1277 32 21 till
694 1276 189 22 Ekonomiutskot-

60 1308 33 19 tet
108 1306 186 21 äterremitterade
309 1306 152 25 betänkandet,
478 1306 50 20 med
544 1306 114 27 anledning
674 1305 22 22 af
702 1306 77 26 nädiga
787 1305 97 27 proposi-

61 1335 78 26 tionen,
161 1334 111 28 angäende
296 1334 129 27 anläggning
443 1334 40 21 och
499 1334 138 27 beskattning
652 1334 22 21 af
688 1334 142 27 mjölgvarnar
845 1334 39 21 och

62 1364 190 26 sädesstampverk
266 1363 50 21 med
332 1370 71 14 annan
419 1362 100 22 drifkraft
535 1366 27 18 än
576 1365 80 19 vatten.

129 1392 65 27 Uppä
208 1392 95 27 begäran
318 1392 85 21 tillades
419 1392 76 20 härvid
512 1392 62 21 ordet
589 1392 23 21 ät

130 1421 56 21 Herr
208 1421 127 27 Pipping,
359 1420 94 26 Fredrik,
477 1426 48 16 som
545 1420 95 28 yttrade:
657 1420 74 22 Ehuru
746 1420 79 21 sådant
839 1419 47 21 icke

63 1450 61 21 torde
140 1450 66 21 verka
219 1450 29 27 pä
263 1450 37 21 det
316 1456 55 19 svar,
388 1456 45 14 som
449 1448 98 22 kommer
562 1452 33 18 att
606 1449 76 21 aflätas
690 1449 32 21 till
730 1449 59 21 Hans
800 1448 87 26 Kejser-

63 1479 42 26 liga
121 1478 108 27 Majestät,
245 1478 7 21 i
268 1478 115 27 anledning
399 1478 22 21 af
434 1477 40 21 den
490 1478 134 27 proposition
639 1478 40 21 N:o
696 1480 18 24 8,
729 1478 87 21 hvarom
824 1483 28 14 nu
864 1479 24 19 är

63 1507 68 27 fräga,
149 1507 25 21 sä
189 1513 63 21 synes
268 1508 38 20 det
320 1507 91 25 likvisst,
427 1506 28 27 pä
471 1509 46 19 sätt
531 1508 51 20 herr
596 1513 41 15 von
652 1507 87 21 Hellens
755 1507 35 21 vid
801 1507 87 20 senaste

65 1536 158 21 sammanträde
246 1535 102 27 föreslog,
364 1536 119 20 tillkomma
499 1536 160 26 Ridderskapet
674 1536 39 21 och
728 1536 68 21 Adeln
813 1536 31 19 att
859 1541 29 14 nu
