1086 1717
375 129 39 18 Den
431 128 24 18 24
474 129 43 23 Maj.
793 128 39 21 881

36 191 44 29 hög
101 191 53 28 grad
174 192 70 22 denna
261 192 131 28 konjunktur
409 193 66 27 höjde
492 193 177 27 arbetspriserna.
699 192 44 22 Det
758 194 24 20 är
798 193 66 21 också

37 222 112 26 naturligt,
166 221 27 21 då
209 221 111 22 arbetaren
336 222 31 22 får
382 222 73 22 betala
471 222 35 22 sin
521 222 137 22 konsumtion
674 221 47 22 icke
729 222 58 21 blott
801 221 63 22 afut-

37 250 94 22 ländska
152 251 53 20 utan
229 250 61 22 äfven
312 250 23 22 af
356 251 111 21 inhemska
491 257 69 20 varor,
582 251 71 21 såsom
674 252 14 20 t.
706 257 30 15 ex.
753 251 68 27 priset
836 250 29 28 på

38 280 59 20 smör
120 278 40 22 och
182 279 68 21 andra
271 280 213 26 ladugårdsartiklar,
507 280 145 27 spannmålen,
667 280 39 21 sitt
721 280 54 21 bröd
789 280 74 26 högre,

38 309 33 19 alt
93 307 44 21 han
159 307 47 22 icke
226 308 53 21 skall
300 308 71 22 kunna
386 308 56 22 lefva
456 309 52 21 med
523 309 41 21 den
580 308 153 28 dagspenning,
748 308 43 22 han
806 308 59 22 förut

39 336 93 22 erhållit.
162 336 42 27 Jag
226 336 78 22 förstår
326 344 29 15 nu
377 338 54 26 icke,
447 338 57 21 huru
522 338 71 26 någon
608 338 43 20 kan
666 337 59 22 tvifla
739 338 34 27 på,
791 339 32 20 att
839 343 26 15 en

39 365 67 27 högre
124 365 53 21 kurs
196 365 40 22 har
251 366 70 22 denna
336 367 107 21 inverkan.
475 367 45 21 Det
535 368 23 19 är
574 366 47 22 icke
636 366 61 27 fråga
713 372 39 21 om,
770 368 33 20 att
817 366 48 21 icke

40 394 109 21 särskilda
170 400 74 16 varors
266 395 44 27 pris
325 396 42 20 kan
383 396 78 21 sänkas
479 395 40 22 och
535 395 60 27 höjas
612 395 61 21 äfven
688 394 23 22 af
724 395 67 22 andra
806 400 59 16 orsa-

39 423 45 21 ker.
116 423 49 22 Men
188 423 47 22 icke
258 424 102 22 behöfver
378 431 49 15 man
442 424 102 28 uppsöka
560 424 64 22 dessa
640 424 94 27 orsaker,
750 424 33 21 för
798 425 33 20 att
845 422 22 25 få

41 451 102 28 afgjordt,
159 452 105 22 huruvida
279 453 41 22 den
334 453 67 28 högre
416 454 83 21 kursen
513 455 84 26 stegrar
605 453 138 28 varuprisena
752 453 52 22 eller
812 452 53 22 icke.

39 481 46 21 När
101 481 40 21 den
157 481 66 27 högre
238 482 78 21 kursen
331 483 89 21 kommit
435 483 80 26 dertill,
531 483 70 21 måste
618 483 40 21 den
674 482 62 21 hafva
743 482 124 27 ytterligare

42 511 86 25 stegrat
149 510 93 27 prisena,
262 511 52 22 eller
330 512 99 21 omvändt
444 512 99 27 prisenas
559 511 93 22 fallande
668 511 161 22 tillbakahållits
846 509 22 22 af

40 539 91 21 kursens
148 539 105 26 stigande.
284 540 66 22 Detta
365 543 24 18 är
405 541 24 21 så
445 541 99 26 solklart,
560 542 33 20 att
606 541 38 26 jag
657 540 48 21 icke
716 539 85 27 förstår,
811 539 56 22 huru

41 574 50 15 man
114 567 55 22 skall
192 568 91 22 behöfva
298 569 73 22 vidare
387 570 123 27 utredning,
527 570 54 21 skall
596 569 93 22 behöfva
704 570 57 21 sätta
777 569 32 26 sig
824 567 44 22 ned

42 598 33 19 att
91 597 76 20 arbeta
182 596 96 23 härmed.

114 625 27 21 Af
155 625 71 27 dylika
240 627 109 27 vexlingar
363 627 51 22 bero
431 627 99 27 oändligt
544 627 79 27 många
639 627 114 22 sväfvande
768 625 99 23 transak-

42 654 70 21 tioner
134 654 7 21 i
162 654 80 27 landet,
259 656 104 21 tusentals
381 656 114 28 oafgjorda
511 656 83 22 affärer.
624 656 152 21 Förhållandet
790 655 78 22 mellan

42 683 107 26 borgenär
165 683 40 22 och
220 684 108 27 gäldenär,
344 685 70 22 såvidt
430 685 37 22 det
483 685 69 27 gäller
567 685 97 27 utlåning
679 685 22 21 af
712 685 123 27 penningar,
845 686 24 19 är

42 711 57 22 blott
115 718 26 15 en
156 711 32 22 fas
204 712 23 21 af
246 713 62 22 dessa
324 713 81 23 affärer.
436 715 46 21 Der
498 714 66 22 finnes
581 721 26 14 en
623 714 78 27 mängd
717 714 66 21 andra
798 715 70 19 trans-

43 740 104 27 aktioner,
171 747 46 16 som
241 744 36 19 äro
297 743 124 26 sväfvande;
446 743 42 22 och
507 750 29 14 nu
551 743 72 27 griper
639 749 26 16 en
680 742 125 27 författning
821 747 47 16 som

45 769 70 22 denna
132 770 21 21 in
170 770 6 21 i
193 770 41 21 alla
250 771 63 22 dessa
329 772 39 21 och
384 772 95 27 reglerar
495 773 47 20 dem
558 772 54 21 efter
628 772 38 21 sitt
681 771 75 28 behag.
787 771 43 21 Det
845 772 24 19 är

45 798 66 27 detta,
128 805 45 15 som
186 799 38 27 jag
239 806 63 15 anser
317 807 50 15 vara
383 803 31 19 ett
429 801 91 27 ingrepp
535 801 7 21 i
559 801 160 27 eganderätten.

114 827 99 22 Komitén
237 829 39 21 och
299 830 160 27 propositionen
483 829 63 22 hafva
561 830 105 27 uppställt
681 829 71 22 såsom
768 829 33 21 sin
816 828 53 21 kon-

44 856 150 22 versionskurs
217 859 152 26 proportionen
393 861 10 19 1
424 859 33 21 till
475 859 62 26 15%,
554 859 18 21 d.
589 866 19 15 v.
625 865 16 15 s.
659 860 25 19 15
702 859 24 26 1/,
742 857 129 28 vigts-delar

45 884 74 22 silfver
141 885 44 22 lika
209 886 48 21 med
273 893 26 15 en
318 888 103 27 vigts-del
437 887 59 28 guld.
527 888 30 21 På
571 888 73 21 hvilka
659 887 107 28 grunder?
782 887 31 21 På
828 885 39 22 alls

45 913 55 28 inga.
131 914 76 22 Denna
229 917 131 26 proportion,
380 917 43 21 kan
437 923 51 15 man
505 919 58 24 säga,
579 917 79 22 mellan
673 916 72 22 silfver
761 915 40 22 och
817 914 52 27 guld

45 942 39 21 har
108 943 122 27 egentligen
253 945 69 27 aldrig
344 945 104 28 nägonsin
473 946 104 21 existerat
597 946 6 21 i
618 946 66 27 nägot
697 945 62 26 land;
776 945 40 20 den
831 943 40 21 har

46 971 48 22 icke
119 978 36 15 ens
179 972 103 23 existerat
304 974 6 21 i
333 974 123 22 Frankrike.
496 975 155 26 Proportionen
674 974 38 21 har
735 973 61 22 alltid
815 971 57 23 varit

47 999 122 28 sväfvande,
190 1001 31 21 lät
242 1009 51 15 vara
308 1005 32 19 att
356 1003 41 22 den
412 1004 47 21 icke
476 1004 86 27 mycket
578 1003 104 28 aflägsnat
698 1003 32 26 sig
745 1002 47 21 frän
808 1001 64 22 dessa

47 1029 76 22 siffror.
146 1029 100 22 Komitön
261 1031 45 27 har,
322 1031 34 22 för
373 1034 32 19 att
415 1033 106 21 motivera
533 1033 38 21 sitt
581 1032 121 27 antagande
711 1031 22 22 af
739 1031 132 25 densamma,

47 1059 54 26 sagt,
119 1059 34 20 att
169 1059 37 21 det
221 1061 24 19 är
260 1060 37 21 det
312 1063 63 24 rätta,
392 1063 32 20 att
439 1068 50 15 man
505 1062 47 21 icke
570 1061 38 22 alls
624 1061 56 22 afser
692 1061 40 21 den
739 1059 132 26 förändring,

47 1093 46 15 som
108 1087 80 22 kursen
203 1088 117 27 undergätt
334 1089 46 22 frän
397 1091 75 26 början
489 1090 23 21 af
525 1091 23 21 är
565 1092 62 25 1876,
643 1096 48 15 man
707 1091 89 20 stannar
807 1087 65 22 alltsä

46 1115 36 22 vid
97 1115 25 22 är
138 1118 62 27 1875.
230 1117 132 28 Visserligen
378 1119 105 22 noterade
499 1119 85 22 banken
600 1125 26 16 en
637 1119 51 21 liten
700 1118 96 27 stegring
807 1117 6 21 i
821 1117 52 21 kur-

47 1151 38 15 sen
107 1145 33 21 för
163 1145 26 22 de
213 1145 54 22 sista
281 1147 129 22 mänaderna
427 1150 62 25 1875,
507 1155 48 15 men
571 1148 41 21 den
627 1147 67 22 fäster
710 1153 48 16 man
775 1147 33 26 sig
824 1145 47 22 icke

47 1173 41 26 vid,
114 1173 19 22 d
157 1181 18 14 v.
199 1180 17 15 s.
232 1181 48 16 man
296 1176 107 22 beräknar
418 1177 40 22 den
476 1177 37 26 tid,
531 1177 27 21 dä
573 1177 64 27 ingen
653 1175 149 28 kursstegring
817 1174 55 27 egde

47 1209 58 20 rum;
122 1209 48 15 men
184 1203 48 22 icke
248 1205 46 26 den,
310 1211 47 16 som
371 1206 45 27 just
431 1206 98 27 påkallat
545 1205 115 28 öfvergäng
676 1205 31 22 till
721 1203 152 29 guldmyntfot.

115 1231 101 22 Komiten
232 1233 84 22 slutade
331 1235 39 20 sitt
385 1235 75 22 arbete
476 1235 7 21 i
500 1235 96 21 Oktober
612 1235 23 20 är
652 1236 60 19 1876.
742 1234 48 21 Den
803 1233 68 26 högre

46 1259 81 22 kursen
149 1261 71 21 kunde
244 1261 28 22 dä
290 1263 78 21 räknas
385 1264 77 21 endast
479 1263 54 23 efter
548 1264 108 21 mänader.
686 1263 49 21 Men
749 1263 21 21 vi
785 1262 87 21 komma

47 1291 60 19 snart
122 1289 32 21 till
170 1289 97 23 Oktober
282 1291 22 21 är
318 1294 60 24 1877,
390 1292 71 22 förrän
471 1292 144 28 öfvergängen
624 1293 31 21 till
663 1290 142 30 guldmyntfot
814 1290 57 22 sker.

47 1318 47 21 Den
109 1318 56 27 höga
180 1318 80 23 kursen
276 1320 39 22 har
330 1321 24 21 sä
370 1321 90 28 fortgätt
476 1322 37 21 tvä
529 1322 28 21 är.
589 1322 73 21 Skulle
677 1328 28 14 nu
721 1321 48 21 icke
785 1319 36 22 tvä
837 1319 36 21 ärs

46 1346 44 27 hög
104 1346 103 22 utländsk
222 1348 52 22 kurs
290 1356 52 15 vara
357 1350 114 28 tillräcklig
488 1352 33 20 att
536 1350 73 22 utöfva
624 1350 114 28 inflytande
754 1348 29 28 pä
799 1348 26 22 de
841 1348 31 20 in-

46 1375 91 22 hemska
158 1377 140 27 varuprisen?
328 1379 65 21 Detta
413 1380 63 21 torde
492 1380 48 21 icke
555 1380 72 21 kunna
642 1378 103 22 betviflas.
777 1378 32 20 En
825 1376 48 21 klar

47 1404 40 21 sak
103 1407 29 23 är,
149 1406 32 20 att
195 1407 125 26 varuprisen
336 1408 47 21 icke
398 1407 51 28 följa
465 1409 50 21 med
530 1409 126 26 noteringen
670 1408 28 26 pä
708 1406 102 22 Londons
819 1405 51 21 börs

47 1432 22 22 af
83 1432 147 29 silfverpriset,
246 1435 48 22 icke
310 1443 38 14 ens
364 1437 48 21 med
427 1438 38 20 vär
481 1438 69 20 banks
566 1437 157 26 kursnotering,
733 1436 25 21 sä
767 1436 32 20 att
807 1440 64 14 varu-

46 1462 69 26 priset
131 1462 41 27 dag
187 1462 33 22 för
236 1464 41 27 dag
293 1465 68 21 skulle
376 1465 52 27 följa
443 1466 51 22 dem
510 1466 28 21 ät.
568 1466 9 21 I
592 1465 116 23 allmänhet
723 1466 46 20 tror
781 1464 38 26 jag
835 1468 36 15 sa-

46 1490 43 21 ken
112 1491 42 21 kan
176 1491 112 23 betraktas
308 1494 30 26 sä,
362 1496 33 19 att
413 1496 32 20 ett
462 1495 63 21 lands
542 1497 59 25 mynt
616 1495 47 21 icke
678 1493 91 22 faktiskt
784 1492 39 21 har
839 1492 32 20 ett

47 1520 130 26 myntvärde,
202 1526 46 16 som
270 1524 119 20 motsvarar
411 1523 122 22 bankernas
557 1524 151 26 kursnotering
723 1522 28 27 pä
765 1519 106 27 utlandet,

47 1549 52 19 utan
121 1548 97 26 vanligen
243 1550 45 21 stär
311 1551 37 21 det
369 1552 95 22 faktiska
489 1552 75 22 värdet
583 1553 6 20 i
608 1552 131 22 förhällande
756 1550 33 21 till
805 1548 68 22 andra

785 1590 22 18 26
