1086 1717
222 119 41 20 554
513 122 39 18 Den
568 120 27 19 24
610 122 60 23 April.

194 183 91 22 sträfvar
299 184 33 22 till
347 186 32 20 att
393 184 65 22 blifva
465 185 77 21 liksom
552 192 25 14 en
586 185 119 27 afbildning
713 184 23 22 af
743 190 26 16 en
777 183 126 22 musikalisk
911 182 104 27 akademi,

194 212 52 22 eller
268 212 130 23 ätminstone
420 215 64 25 utgör
506 216 33 19 ett
552 216 103 24 mönster,
672 219 26 16 en
713 213 92 22 förebild
819 212 34 22 för
867 213 40 21 den
923 212 93 21 musika-

193 242 55 21 liska
263 242 93 22 konsten
370 243 7 20 i
393 242 94 22 Finland.
519 243 75 21 Sävidt
610 244 28 26 pä
652 242 44 28 mig
711 242 124 22 ankommer
849 241 42 21 kan
904 242 38 26 jag
949 241 68 21 under

194 270 134 22 närvarande
343 270 146 23 förhällanden
504 272 47 21 icke
568 274 66 19 annat
649 274 27 19 än
691 271 87 22 förorda
786 270 40 22 och
834 270 138 26 understödja
980 270 37 20 det

196 299 50 26 slut,
263 300 33 21 till
318 300 81 21 hvilket
414 300 62 22 äfven
491 300 50 22 herr
555 307 40 15 von
612 300 87 22 Alfthan
714 300 37 22 vid
767 300 37 21 det
818 299 128 27 föregäende
962 305 54 15 sam-

195 328 123 22 manträdet
340 328 93 27 kommit,
450 329 40 22 och
513 330 84 22 säledes
620 330 70 21 uttala
714 335 26 15 en
760 335 58 15 varm
833 328 81 22 önskan
929 327 32 22 för
976 328 41 21 den

195 356 118 22 nationella
336 359 85 20 teatern
443 358 8 20 i
473 358 100 27 Finland;
598 360 32 20 att
645 358 133 22 fortfarande
794 357 64 26 säväl
869 357 40 21 den
926 357 92 21 svenska

196 392 46 15 som
266 385 41 22 den
330 385 69 23 finska
422 392 79 16 scenen
521 387 83 27 mände,
622 388 55 21 dock
691 388 54 20 hvar
760 386 33 22 för
808 386 38 27 sig,
863 385 23 22 af
899 387 70 19 staten
985 392 33 15 er-

194 414 58 22 hålla
271 416 32 21 ett
322 415 101 28 välvilligt
442 416 128 27 understöd;
586 418 57 20 samt
658 418 33 20 att
706 416 37 22 det
759 415 23 21 ät
797 415 62 22 dessa
873 414 145 22 konstanstal-

196 445 34 20 ter
252 443 137 27 mä-lemnas
412 444 32 21 tid
459 445 40 21 och
515 445 84 22 tillfälle
614 447 34 20 att
662 445 77 28 sjelfva
753 446 74 19 närma
842 444 33 27 sig
890 444 128 21 hvarandra:

195 474 23 25 ty
234 474 24 20 är
270 473 38 27 jag
323 472 124 29 öfvertygad
462 476 33 19 att
509 474 103 27 publiken
627 474 131 21 härutinnan
774 473 54 22 skall
844 473 56 27 gifva
908 473 46 21 dem
962 472 58 21 bäda

196 503 32 20 ett
243 503 69 20 varmt
328 502 40 21 och
380 503 109 21 verksamt
505 503 125 22 understöd.
653 503 80 27 Hvarje
749 502 89 27 ingrepp
847 501 110 27 härvidlag
964 501 54 21 ifrån

196 531 118 26 styrelsens
337 531 39 21 och
392 532 126 21 ständernas
535 532 47 21 sida
600 532 53 21 bure
669 532 130 21 åtminstone
814 531 89 26 prägeln
918 530 22 21 af
954 531 65 26 tvång

196 559 40 22 och
258 565 51 16 vore
324 560 134 27 synbarligen
473 561 44 21 lika
532 561 75 21 oklokt
623 567 46 15 som
685 560 119 22 tillsvidare
819 559 127 27 obefogadt;
961 559 7 21 i
984 559 34 22 så-

195 588 53 50 dant
269 587 103 23 afseende
395 589 58 22 delar
474 589 36 28 jag
533 589 60 22 äfven
617 590 27 21 de
664 589 67 28 öfrige
751 590 173 20 reservanternes
940 588 79 27 åsigt
1008 583 13 41 i

205 623 71 21 rågan.

264 645 56 22 Herr
335 645 189 28 Godenhjelm:
554 647 44 21 Det
613 647 39 21 har
666 648 87 26 yttrats,
770 647 33 20 att
817 647 72 20 staten
897 646 47 21 icke
952 645 66 22 borde

195 673 88 23 försöka
298 675 88 21 inverka
399 675 29 27 på
443 677 120 20 teatrarnas
578 676 46 21 inre
642 676 40 21 och
692 675 103 22 inbördes
805 674 152 27 förhållanden,
966 676 53 20 utan

196 705 32 19 att
243 703 41 22 den
300 704 100 26 antingen
415 704 67 21 borde
498 704 130 22 öfverlemna
643 705 48 21 dem
707 704 46 21 helt
769 704 40 21 och
816 703 67 22 hållet
891 704 23 21 åt
922 703 38 22 sitt
968 703 49 26 öde,

196 732 52 21 eller
263 731 57 28 gifva
335 732 37 21 sitt
387 733 118 22 understöd
519 736 52 19 utan
586 735 33 20 att
629 733 57 22 fästa
694 733 69 27 några
772 733 67 21 vilkor
847 732 35 21 vid
891 733 123 20 detsamma.

195 761 62 21 Hvad
279 761 36 22 det
337 760 57 23 förra
417 761 136 22 alternativet
570 761 108 27 beträffar,
694 764 33 19 att
743 763 72 20 staten
830 761 39 21 alls
885 761 47 21 icke
947 761 67 21 borde

196 791 50 26 taga
268 791 84 20 teatern
375 796 34 15 om
428 790 63 27 hand,
508 792 45 20 tror
565 791 39 27 jag
620 791 38 22 det
672 793 25 19 är
712 790 90 27 onödigt
817 791 32 20 att
865 790 57 21 slösa
938 790 37 21 ord
991 789 29 28 på

196 820 33 19 att
251 818 75 22 bevisa
348 821 125 24 motsatsen,
497 821 22 26 ty
535 819 97 22 öfverallt
648 820 6 21 i
669 819 90 22 verlden
776 819 39 21 och
830 819 7 20 i
853 819 42 21 alla
909 819 57 21 tider
979 818 40 21 har

195 849 72 20 staten
290 847 76 22 vårdat
389 848 32 27 sig
444 854 34 16 om
492 848 98 27 konsten,
607 849 103 21 särskildt
725 848 44 21 den
784 847 136 26 dramatiska,
937 847 40 22 och
993 853 26 16 en

196 882 66 21 opera
284 877 45 20 tror
350 876 37 27 jag
409 877 138 27 ingenstädes
563 877 67 22 finnes
647 877 39 27 till,
703 883 48 16 som
766 876 48 22 icke
829 876 40 21 har
883 877 75 26 bidrag
972 875 47 22 från

197 906 78 20 staten.
305 905 62 22 Hvad
390 905 37 22 det
442 912 75 15 senare
532 906 138 21 alternativet
684 906 139 25 vidkommer,
840 905 25 22 så
880 905 34 21 må
929 905 41 22 den
985 911 34 15 sa-

196 933 42 22 ken
261 933 57 28 gälla
339 934 71 21 såsom
432 941 27 14 en
481 935 76 21 allmän
580 937 46 19 sats
645 935 22 21 in
682 935 119 25 abstracto,
816 940 49 15 men
880 934 38 21 här
933 936 24 19 är
972 934 47 21 icke

196 961 62 28 fråga
273 968 34 15 om
323 962 106 22 allmänna
445 965 75 23 satser,
537 965 52 20 utan
605 969 35 16 om
656 965 31 20 ett
701 963 91 26 faktum,
809 969 46 15 som
870 963 108 26 verkligen
987 963 32 21 in-

196 990 74 22 träffat
285 991 41 22 och
342 997 45 16 som
402 992 42 21 kan
459 991 57 28 gifva
530 992 128 27 regeringen
673 992 116 26 anledning
805 993 32 20 att
851 991 28 28 på
893 991 66 28 något
974 993 46 20 sätt

197 1020 85 26 ingripa
296 1020 7 21 i
318 1020 51 21 våra
384 1020 222 23 teaterförhällanden.
623 1033 27 3 —
667 1021 26 22 Vi
708 1023 52 20 veta
775 1021 105 26 nemligen
891 1022 32 19 att
930 1019 32 23 för
970 1023 48 19 när-

196 1049 94 21 varande
313 1049 194 28 underhandlingar
529 1056 40 21 ega
591 1056 46 15 rum
654 1056 34 15 om
703 1051 34 20 att
753 1049 173 22 sammansmälta
941 1049 26 21 de
982 1049 38 21 två

196 1078 110 21 teatrarna
328 1077 119 27 härstädes,
471 1079 70 21 hvilka
562 1079 69 21 under
653 1079 95 27 långliga
771 1078 56 21 tider
848 1078 129 21 underhållit
992 1084 27 15 en

197 1105 72 27 täflan,
293 1112 45 15 som
361 1108 50 20 växt
433 1107 32 21 till
488 1107 38 22 allt
548 1109 69 20 större
639 1108 158 27 proportioner.
843 1107 32 20 En
898 1106 64 22 täflan
984 1107 36 21 må

196 1134 64 22 hafva
282 1135 47 21 sina
351 1136 56 25 goda
429 1136 64 26 sidor,
512 1143 48 14 men
573 1136 38 27 jag
626 1138 45 20 tror
685 1137 49 21 icke
750 1138 33 19 att
797 1137 40 20 när
852 1142 26 15 en
893 1135 64 22 täflan
972 1136 47 27 gått

196 1163 33 22 till
244 1163 79 22 sådant
338 1163 118 27 öfvermått,
472 1165 41 21 den
527 1165 93 22 hvarken
636 1165 8 21 i
659 1165 104 22 estetiskt
777 1165 52 21 eller
844 1164 134 22 ekonomiskt
988 1164 31 22 af-

196 1193 80 21 seende
299 1192 42 22 kan
356 1199 51 15 vara
422 1193 184 28 helsobringande.
636 1194 44 21 Det
694 1196 25 19 är
735 1194 62 21 detta
811 1193 88 26 faktum,
916 1199 46 16 som
976 1193 44 22 kan

196 1220 57 27 gifva
276 1221 126 27 regeringen
425 1222 113 27 anledning
560 1224 33 19 att
616 1223 53 21 söka
690 1223 28 26 på
741 1222 68 27 något
831 1223 44 20 sätt
890 1222 86 21 inverka
991 1222 29 27 på

198 1249 233 23 teaterförhällandena
445 1251 40 21 och
500 1253 32 19 att
546 1251 66 22 verka
628 1251 86 26 derhän,
733 1253 34 19 att
775 1250 22 22 af
807 1251 64 21 dessa
879 1252 76 20 tvenne
964 1252 55 20 teat-

197 1285 43 20 rar,
265 1279 42 21 den
322 1278 69 22 finska
405 1279 41 22 och
461 1280 40 21 den
517 1280 98 27 svenska,
632 1286 26 16 en
674 1281 144 21 sammansatt
832 1281 70 20 teater
916 1280 34 21 må
965 1286 54 21 upp-

196 1308 42 20 stå.
269 1308 77 21 Dertill
368 1308 74 28 tycker
461 1308 38 28 jag
520 1309 126 27 regeringen
664 1309 38 21 har
717 1308 131 27 fullkomligt
863 1308 52 22 skäl.
930 1320 26 4 —
972 1309 48 21 Den

196 1336 107 22 allmänna
319 1338 79 25 satsen,
407 1340 33 18 att
454 1338 124 26 regeringen
592 1338 48 21 icke
656 1338 39 22 bör
709 1338 104 21 inblanda
827 1337 34 27 sig
875 1337 32 21 uti
922 1337 98 22 enskilda

196 1365 162 27 teaterföretag,
381 1366 42 21 kan
439 1366 47 21 icke
501 1366 38 22 här
554 1366 114 28 tillämpas,
684 1368 23 26 ty
722 1366 49 22 från
787 1366 57 21 olika
858 1366 44 20 håll
916 1366 40 21 har
969 1372 50 15 man

197 1394 51 22 hört
271 1400 27 16 en
320 1394 79 27 klagan
422 1394 59 22 öfver
503 1397 32 19 att
549 1401 49 15 man
612 1395 87 22 ledsnat
713 1394 38 22 vid
767 1394 70 22 denna
851 1394 66 22 täflan
932 1394 41 22 och
987 1396 33 20 att

196 1429 48 15 man
268 1422 79 22 önskar
369 1429 27 15 en
417 1422 108 28 försoning
541 1423 89 22 emellan
646 1424 26 22 de
689 1423 113 28 stridande
817 1423 113 27 partierna.
945 1435 29 3 —
988 1422 32 22 På

198 1451 66 22 dessa
278 1452 93 26 grunder
386 1452 39 21 har
441 1452 65 22 också
521 1452 107 22 utskottet
643 1453 66 27 byggt
718 1452 41 22 sitt
767 1452 141 21 betänkande.
918 1464 26 2 —
953 1452 67 22 Detta

196 1480 144 26 betänkande,
363 1480 74 28 tycker
456 1481 44 27 jag,
523 1484 23 18 är
568 1481 82 27 ganska
671 1482 34 21 väl
729 1480 108 22 affattadt.
861 1492 27 3 —
903 1481 43 21 Det
964 1481 56 21 enda

197 1508 126 28 betänkliga
346 1509 73 22 dervid
441 1511 24 20 är
488 1511 32 20 att
535 1510 41 21 den
590 1509 70 23 finska
676 1510 134 22 dramatiska
825 1516 78 15 scenen
918 1510 48 21 icke
980 1510 40 21 har

198 1537 86 23 erhållit
305 1538 71 26 någon
397 1538 58 28 plats
477 1538 36 22 vid
527 1538 61 22 sidan
604 1538 22 22 af
640 1539 69 22 denna
723 1538 156 22 kombinerade
895 1538 85 27 anstalt,
996 1540 24 26 ty
