1086 1717
232 102 42 20 986
547 105 40 17 Den
603 103 27 19 30
646 105 42 23 Maj.

392 197 45 23 Den
453 196 32 24 30
502 196 42 30 Maj
561 196 95 25 klockan
675 197 22 23 12
714 196 125 29 middagen.

274 255 41 21 Till
336 255 107 28 justering
465 256 111 27 upplästes
592 255 200 29 protokollsutdrag
807 255 58 23 öfver
881 255 96 23 ståndets
993 254 35 22 vid

208 283 120 28 gårdagens
344 286 158 21 sammanträde
517 284 83 23 fattade
615 284 77 23 beslut.

273 371 55 22 Herr
343 371 210 23 Landtmarskalken
568 372 144 28 tillkännagaf
725 374 34 20 att
774 372 35 22 vid
824 372 46 22 före
885 372 87 28 plenum
981 371 46 22 hål-

204 400 36 21 len
259 400 206 23 talmanskonferens
485 401 200 23 öfverenskommits
701 403 39 25 att,
757 401 32 22 för
804 403 33 19 att
851 402 71 21 lemna
937 400 90 23 stånden

205 428 85 23 tillfälle
307 431 33 20 att
354 432 111 25 emottaga
480 431 230 28 sammanjemkningar
725 430 33 22 uti
773 430 68 28 några
855 430 77 28 frågor,
944 430 39 22 der
991 430 37 27 dy-

204 458 44 21 lika
270 458 82 27 förslag
374 459 119 27 aflemnats,
513 460 45 21 dels
578 460 67 21 också
664 459 33 23 för
716 461 34 20 att
765 459 73 22 skrida
853 459 32 22 till
901 460 34 21 val
950 459 23 22 af
985 459 43 21 för-

207 487 85 22 stärkta
314 487 90 25 utskott,
422 489 38 21 der
482 489 81 22 sådana
584 489 105 22 befunnes
711 489 86 26 nödiga,
817 489 64 27 plena
895 489 83 21 komme
994 489 33 20 att

206 515 76 28 hållas,
298 516 69 22 denna
383 517 42 27 dag
440 517 62 22 äfven
517 518 92 21 klockan
626 518 33 27 sju
674 519 28 26 på
716 517 87 22 aftonen
812 519 57 20 samt
881 517 93 28 följande
985 517 41 26 dag

204 545 93 21 klockan
312 545 46 22 half
369 545 35 22 nio
419 546 29 27 på
463 553 115 20 morgonen
594 547 40 22 och
649 547 47 21 half
710 547 47 22 åtta
771 547 28 26 på
815 546 92 27 aftonen,
923 546 35 22 vid
973 545 53 22 hvil-

205 573 39 22 ket
264 573 133 23 förhållande
412 575 65 22 likväl
493 576 36 21 det
544 575 58 22 förut
616 575 32 22 till
664 575 93 22 klockan
773 581 37 17 sex
825 582 18 16 e.
859 582 26 16 m.
901 575 125 28 morgonda-

206 608 42 27 gen
262 603 113 26 bestämda
388 603 88 30 plenum
489 605 85 23 komme
589 606 33 24 att
636 604 109 25 bortfalla.

274 691 110 23 Särskilda
398 692 47 22 från
455 693 141 22 medstånden
604 693 101 22 inkomna
713 691 211 29 protokollsutdrags
934 690 93 22 innehåll

209 720 146 27 meddelades,
371 721 106 28 nemligen
493 721 47 22 från
554 722 191 27 Borgareståndet,
761 721 50 22 med
826 720 158 22 underrättelse

276 751 33 20 att
331 750 183 28 Borgareståndet
533 751 34 22 vid
587 751 131 27 behandling
737 750 24 21 af
773 750 113 21 Allmänna
900 749 128 22 Besvärsut-

206 778 96 22 skottets
325 779 138 22 betänkande
485 779 7 22 i
515 780 114 27 anledning
652 779 22 22 af
693 779 108 22 särskilda
815 779 58 21 inom
888 778 84 21 Preste-
988 777 41 22 och

206 807 167 22 Bondestånden
389 808 79 22 väckta
482 809 116 27 petitioner
612 808 134 23 beträffande
761 807 70 22 finska
842 807 98 28 språkets
949 806 80 27 lagliga

206 836 134 27 rättigheter,
363 837 95 22 beslutat
475 837 125 22 återförvisa
615 837 89 22 ärendet
720 837 33 21 till
768 837 109 22 utskottet
889 836 49 22 med
956 841 72 16 anmo-

206 865 43 21 dan
272 866 33 21 att
326 865 108 22 utskottet
449 866 67 22 måtte
531 867 107 21 inkomma
653 866 49 22 med
719 867 49 26 nytt
783 865 142 26 betänkande,
942 864 86 22 utarbe-

207 893 49 22 tadt
278 894 29 27 på
322 895 130 26 grundvalen
471 895 22 22 af
507 895 41 22 den
563 895 139 26 reservation,
719 901 47 15 som
782 894 50 23 herr
847 893 121 28 Chydenius
984 893 45 21 vid-

206 921 61 28 fogat
284 923 117 22 utskottets
417 923 139 23 förevarande
571 924 148 27 betänkande;

276 953 33 20 att
323 951 184 28 Borgareständet
521 953 96 27 godkänt
632 952 182 23 Statsutskottets
829 951 138 22 betänkande
977 951 7 21 i
992 957 37 15 an-

206 980 88 27 ledning
308 981 24 21 af
343 981 78 28 nädiga
435 982 168 27 propositionen,
619 981 111 28 angäende
746 981 129 22 förändrade
889 980 94 28 grunder
997 979 33 22 för

207 1010 336 28 räntepersedleomsättningen
539 1006 9 36 ;
559 1012 56 20 samt

277 1039 33 21 att
331 1039 184 27 Borgareständet
537 1039 69 22 likasä
627 1039 96 28 godkänt
747 1039 154 21 sammansatta
918 1038 56 27 Lag-
989 1037 41 22 och

206 1067 228 22 Ekonomiutskottets
453 1068 298 28 sammanjemkningsförslag
765 1067 7 22 i
788 1067 115 27 anledning
918 1066 22 22 af
952 1066 78 27 nädiga

206 1096 169 27 propositionen,
391 1097 111 27 angäende
517 1097 126 22 lösdrifvare
658 1097 40 22 och
714 1097 65 21 deras
787 1095 140 28 behandling;

276 1124 47 23 frän
348 1125 169 27 Bondeständet,
533 1126 48 21 med
604 1125 205 28 tillkännagifvande
833 1126 32 20 att
888 1124 85 22 ständet
995 1123 36 22 vid

206 1153 152 28 föredragning
377 1154 23 21 af
418 1161 26 15 en
464 1154 112 22 skrifvelse
591 1154 46 22 frän
652 1154 217 27 Jernvägsutskottet
883 1153 49 22 med
946 1152 84 28 inbjud-

206 1182 52 27 ning
273 1183 33 21 till
322 1183 86 22 ståndet
423 1185 33 20 att
471 1184 7 21 i
492 1183 68 22 likhet
575 1183 49 23 med
639 1183 87 22 Preste-
741 1183 41 22 och
789 1182 189 27 Borgareständen
986 1187 45 16 om-

206 1210 56 22 fatta
283 1211 171 28 Ridderskapets
478 1212 39 22 och
533 1212 79 22 Adelns
627 1212 73 21 beslut
715 1212 7 21 i
736 1211 184 28 jernvägsfrägan,
936 1210 96 22 beslutat

206 1239 98 22 förkasta
326 1241 119 22 utskottets
463 1241 218 28 inbjudningsförslag
700 1240 42 23 och
757 1240 93 22 vidhälla
865 1240 39 21 sitt
918 1239 58 22 förut
990 1239 41 21 fat-

207 1268 54 24 tade
277 1269 79 22 beslut.

277 1298 231 28 Protokollsutdragen
523 1299 61 22 lades
599 1298 33 22 till
647 1298 162 27 handlingarne.

277 1385 120 29 Föredrogs
413 1392 28 17 en
454 1386 47 22 från
515 1386 155 28 Lagutskoltel
682 1386 125 22 inkommen
822 1383 113 23 skrifvelse
950 1382 22 23 af
985 1383 48 27 gär-

210 1414 71 27 dagen
297 1415 25 21 sä
336 1414 103 28 lydande:
968 1440 4 4 N

276 1443 43 22 Vid
338 1444 131 27 granskning
490 1444 23 22 af
528 1444 166 27 Lagutskottets
717 1442 83 27 förslag
822 1442 33 21 till
871 1440 163 32 sammanjemk-

207 1471 51 28 ning
282 1471 23 22 af
320 1472 26 22 de
363 1472 67 22 delvis
447 1473 123 27 skiljaktiga
584 1473 78 26 beslut,
682 1473 3 21 i
700 1472 75 22 hvilka
791 1470 92 22 stånden
898 1471 87 31 stannat
999 1468 35 22 vid

207 1500 161 28 behandlingen
383 1501 24 22 af
419 1502 61 22 Hans
495 1502 121 28 Kejserliga
630 1502 117 27 Majestäts
762 1500 80 27 nädiga
849 1500 135 26 proposition
994 1498 40 21 N:o

208 1530 35 30 21,
260 1530 113 28 angående
389 1531 91 31 ändring
495 1530 22 22 af
530 1538 28 18 nu
574 1531 98 30 gällande
686 1529 84 31 lagbud
785 1535 34 18 om
835 1528 99 28 giftorätt
949 1527 39 23 och
1004 1526 34 23 arf
