1086 1717
385 133 40 23 Dep
440 131 26 18 27
483 132 59 23 April.
808 130 40 20 595

52 202 53 20 gens
126 195 7 21 i
150 194 48 22 dem
213 195 141 22 innestående
368 194 93 26 fordran,
471 196 33 20 att
519 194 172 28 köpeskillingen
706 195 76 21 endast
797 194 81 22 undan-

53 224 80 28 tagsvis
149 224 88 21 betäckt
252 223 130 23 utestående
397 224 83 27 kapital
496 223 40 22 och
550 224 42 21 den
607 224 63 21 enkla
678 223 109 27 upplupna
795 225 82 20 räntan.

53 253 30 22 På
97 253 64 21 lånen
177 252 13 21 å
206 253 26 21 de
248 252 137 22 återstående
399 252 156 27 lägenheterna
569 252 74 22 utestå
658 258 89 16 numera
763 254 26 20 10
805 252 32 22 till
852 253 25 20 12

53 282 35 21 års
111 283 138 25 ränterester,
273 281 85 22 således
381 283 27 19 60
428 281 33 21 till
484 283 27 19 70
529 283 91 25 procent
640 280 22 22 af
676 281 38 21 det
728 280 151 28 ursprungliga

53 310 161 27 lånekapitalet.

122 338 42 22 Det
179 345 38 15 var
232 338 69 22 under
316 338 81 22 sådana
407 338 150 22 förhållanden
564 338 238 28 Hypoteksföreningen
810 338 69 22 vände

53 368 33 27 sig
101 368 33 21 till
148 368 171 21 Bankutskottet
333 367 36 21 vid
383 367 134 27 landtdagen
534 369 54 19 1872
604 368 48 20 med
669 367 99 22 anhållan
783 374 34 16 om
825 367 54 21 lind-

53 397 46 27 ring
114 396 7 22 i
136 396 266 27 återbetalningsvilkoren
417 395 33 22 för
466 396 68 27 sagda
548 402 26 15 ur
582 396 107 27 primitiva
696 396 78 22 fonden
783 396 96 22 erhållna

53 426 41 21 lån.
118 426 50 21 Men
184 425 122 22 Ständerna
320 427 95 25 upptogo
431 425 48 22 icke
495 425 141 27 önskningen,
653 427 53 20 utan
722 424 157 23 öfverlemnade

54 455 22 21 åt
99 455 133 21 Ständernas
255 454 142 27 Fullmäktige
417 454 8 21 i
445 454 101 21 Finlands
566 454 62 21 Bank
646 454 125 27 pröfningen
792 454 23 22 af
828 455 51 20 den-

54 489 85 16 samma.
170 482 195 28 Bankfullmäktige
385 482 64 22 hafva
464 483 67 21 också
544 483 50 21 med
610 483 113 27 anledning
738 483 63 21 häraf
813 483 66 21 bevil-

51 512 34 27 jat
99 512 93 22 anstånd
206 512 50 21 med
270 512 70 21 lånets
356 511 132 28 inbetalning
503 512 28 27 på
545 512 126 27 ytterligare
686 512 30 21 tio
731 512 24 21 år
765 511 32 22 för
807 511 72 27 hvarje

54 541 65 28 lyftad
141 543 51 25 post
215 541 12 21 &
248 542 76 25 60,000
340 541 67 26 mark,
423 541 25 21 så
463 542 34 19 att
512 541 41 21 den
568 540 68 22 första
649 542 78 26 posten
742 547 29 15 nu
785 540 95 22 förfaller

54 570 32 21 till
101 570 132 27 inbetalning
248 569 41 22 den
305 571 26 20 29
348 569 121 22 November
486 571 60 20 1880.

111 599 43 21 Det
169 599 62 21 torde
246 599 48 21 icke
309 599 73 21 kunna
396 598 129 22 förutsättas
542 599 32 20 att
588 597 196 28 Bankfullmäktige
800 598 79 27 någon-

55 628 33 21 sin
103 628 62 21 skola
180 629 51 26 taga
245 627 29 28 på
288 627 39 22 sitt
342 633 77 15 ansvar
435 629 32 19 att
481 627 80 27 bevilja
575 627 115 27 lindrigare
701 627 179 26 återbetalnings-

54 657 75 26 vilkor,
153 659 28 19 än
202 656 83 22 mindre
312 657 32 20 att
369 656 88 21 alldeles
482 655 104 22 afskrifva
608 658 32 19 ett
662 656 26 21 sä
710 656 106 27 betydligt
837 655 41 22 län.

54 685 49 22 Men
126 685 28 22 dä
173 691 29 16 nu
221 684 75 27 frägan
311 691 35 16 om
361 685 154 21 bankvinstens
533 685 139 21 användande
686 684 115 28 föreligger
816 684 63 21 Stän-

55 715 66 20 derna
139 714 62 21 torde
219 714 55 21 intet
292 713 76 22 hindra
383 715 33 20 att
431 713 32 22 till
479 713 100 28 pröfning
594 715 102 26 upptaga,
711 713 106 22 huruvida
832 713 47 21 icke

55 743 69 27 nägon
145 743 35 21 del
199 742 23 22 af
235 743 69 21 denna
318 743 57 21 vinst
390 743 72 21 kunde
478 743 110 21 användas
602 743 33 20 till
650 743 119 21 understöd
784 741 33 22 för
831 742 48 21 Fin-

54 771 61 22 lands
137 771 210 28 Hypoteksförening
368 771 7 21 i
397 771 54 22 form
471 771 23 21 af
513 771 125 28 afskrifning
658 771 30 27 pä
710 771 49 22 dess
775 771 105 26 ifrägava-

55 801 66 21 rande
135 801 43 20 län.

123 829 76 22 Säsom
214 829 126 27 ytterligare
355 829 66 21 motiv
436 828 75 22 härför
525 829 35 21 mä
575 829 88 26 erinras,
675 830 33 20 att
718 829 58 21 länet
785 830 24 19 är
816 828 65 21 Före-

55 858 78 27 ningen
155 857 65 28 gifvet
240 857 22 22 af
282 857 107 28 Kejserlig
406 857 49 27 näd,
475 857 122 22 oberoende
616 857 23 22 af
658 857 42 22 alla
719 857 134 27 stadganden
873 856 7 21 i

55 887 100 21 Bankens
175 886 131 28 reglemente
324 888 56 19 samt
395 885 84 23 derföre
495 887 47 21 icke
558 887 43 21 kan
615 887 112 21 betraktas
743 887 72 20 säsom
830 891 50 16 van-

55 915 42 27 liga
119 915 23 22 af
155 915 89 22 Banken
259 915 82 27 utgifna
357 915 42 26 län,
415 921 50 15 men
480 917 34 19 att
528 915 8 21 i
550 915 52 28 följd
618 915 22 21 af
653 915 100 22 Bankens
769 914 112 22 öfverlem-

55 945 70 20 nande
141 944 23 21 ät
181 944 127 26 Ständerna,
324 946 94 25 utvägen
433 943 32 22 för
480 943 239 28 Hypoteksföreningen
730 946 33 19 att
770 943 70 22 vända
849 943 32 26 sig

55 973 32 21 till
105 973 61 21 Hans
186 973 102 27 Majestät
304 973 71 21 säsom
390 973 71 21 länets
477 972 81 27 gifvare
574 975 23 19 är
612 972 108 27 afskuren,
736 971 99 23 hvarföre
851 971 30 21 äf-

55 1008 40 15 ven
117 1001 122 22 Ständerna
256 1002 7 21 i
278 1001 62 28 fräga
356 1008 34 15 om
406 1002 61 21 detta
481 1001 37 22 län
533 1001 59 22 trädt
606 1002 8 21 i
628 1001 60 22 Hans
704 1002 113 27 Majestäts
833 1000 49 22 stad

55 1031 39 21 och
110 1030 69 22 ställe.

124 1059 40 21 Om
186 1065 28 15 nu
234 1059 66 21 ocksä
319 1059 134 26 Föreningen
469 1059 73 21 säsom
558 1059 67 21 sädan
640 1059 8 21 i
662 1059 53 27 följd
731 1058 22 22 af
767 1057 62 23 ofvan
842 1063 39 16 an-

55 1087 62 22 förda
131 1088 90 21 orsaker
235 1087 49 22 lidit
299 1087 59 22 stora
373 1087 108 27 förluster,
493 1087 63 22 torde
567 1087 56 22 dock
634 1087 136 27 obestridligt
780 1093 52 16 vara
842 1087 39 25 att,

56 1117 27 21 dä
107 1117 133 26 Föreningen
266 1117 51 20 ären
341 1117 140 21 1862—1867
507 1117 32 20 till
561 1118 63 25 2,275
647 1116 111 27 läntagare
780 1115 103 22 utlänade

57 1147 125 25 18,979,850
199 1145 66 26 mark,
281 1145 74 22 landet
369 1145 7 21 i
392 1145 50 22 dess
457 1145 76 22 helhet
548 1144 63 22 häraf
623 1145 57 22 hade
690 1145 47 22 icke
747 1145 62 26 ringa
819 1149 63 22 gagn.

124 1174 138 21 Statsverket
284 1174 93 27 undgick
399 1175 32 20 att
453 1173 7 22 i
481 1174 173 27 jordaböckerna
670 1174 70 21 säsom
756 1172 128 23 skattevrak

55 1203 107 21 anteckna
184 1203 48 21 icke
254 1203 57 21 blott
326 1209 26 15 en
367 1204 46 20 stor
429 1202 36 22 del
480 1202 24 21 af
517 1203 27 21 de
559 1204 41 20 800
616 1203 131 26 lägenheter,
763 1202 34 21 för
811 1201 73 22 hvilka

56 1231 133 27 Föreningen
204 1231 43 22 fått
262 1231 88 28 erlägga
364 1231 77 22 krono-
458 1231 42 21 och
515 1231 137 22 kommunala
662 1231 117 28 utskylder,
789 1232 52 20 utan
849 1231 35 20 sä-

57 1260 49 21 kert
120 1260 115 21 hundratal
250 1260 73 28 andra,
338 1260 85 21 hvilkas
437 1260 125 27 bebyggare
577 1260 131 27 uppehällits
723 1266 78 21 genom
817 1259 26 21 de
852 1265 32 15 er-

56 1289 75 21 hållna
153 1289 69 21 lånen.
252 1288 68 23 Äfven
340 1289 100 21 Finlands
458 1289 64 21 Bank
537 1289 107 22 bevarade
659 1289 29 27 pä
703 1295 26 15 en
743 1288 40 27 tid,
800 1288 28 22 dä
843 1287 42 22 den

57 1318 62 27 eljest
141 1317 108 23 förlorade
271 1318 103 27 miljoner,
391 1319 32 20 ett
438 1317 48 22 icke
503 1318 119 27 obetydligt
637 1317 132 28 länekapital
785 1323 46 16 som
846 1322 39 15 var

57 1346 139 26 intecknadfi
212 1347 28 21 de
254 1346 131 27 lägenheter,
401 1346 136 27 Föreningen
552 1346 110 28 nödgades
679 1346 117 27 öfvertaga,
805 1345 41 21 och
853 1344 33 22 för

56 1375 71 21 hvilka
149 1375 85 21 bänken
256 1382 30 14 nu
308 1375 85 21 erhållit
415 1374 68 27 ligvid
505 1375 34 21 till
559 1375 53 21 sista
631 1375 70 27 penni.
731 1369 30 27 Åt
776 1373 109 23 oräknade

57 1404 122 21 skuldsatte
199 1403 122 28 jordegare,
344 1404 84 21 hvilkas
450 1403 125 22 kreditorer
597 1404 41 21 den
656 1403 68 22 härda
738 1403 61 21 tiden
815 1401 70 22 skulle

57 1432 82 27 nödgat
153 1434 33 20 att
200 1432 45 22 läta
260 1432 54 28 sälja
329 1432 141 27 gäldenärens
483 1432 112 27 egendom,
606 1432 119 22 bevarades
736 1437 78 21 genom
821 1430 65 21 Före-

57 1461 90 27 ningens
169 1461 152 21 mellankomst
342 1461 41 21 hus
407 1460 41 22 och
471 1460 51 22 hem
537 1460 33 22 för
584 1461 72 21 bättre
672 1461 71 26 dagar.
775 1458 47 23 Och
837 1458 48 21 dei

57 1490 74 21 landet
145 1490 89 26 spridda
248 1490 125 26 miljonerna
387 1488 98 22 räddade
501 1491 53 20 utan
569 1489 72 22 tvifvel
657 1488 127 22 tiotusenta]
799 1486 24 23 af
835 1487 52 21 dess

57 1518 129 22 innevänare
201 1518 46 21 frän
263 1518 144 27 hungersnöd,
423 1519 50 25 pest
490 1518 41 21 och
547 1518 48 21 död.
