1086 1717
230 113 41 20 682
547 116 39 18 Den
603 115 11 18 4
630 116 42 23 Maj.

201 178 147 27 bördsmetod,
372 185 46 15 som
441 179 64 27 eljest
526 178 92 29 frängäs.
649 179 44 21 Det
715 184 64 22 synes
801 178 44 28 mig
867 180 33 20 att
914 178 37 22 det
966 178 62 22 äfven

200 206 35 23 för
250 206 175 23 finansväsendet
439 208 7 21 i
462 208 33 22 sin
510 208 74 22 helhet
598 214 51 16 vore
664 208 127 28 lämpligare
806 209 33 20 att
855 207 172 22 statsräkenska-

201 242 67 21 perna
284 238 95 26 upptoge
394 237 103 27 beloppet
512 237 23 21 af
548 237 41 22 den
605 238 66 25 skatt,
688 243 46 15 som
748 237 73 21 landet
831 236 84 22 betalar
925 236 103 22 särskildt

201 265 33 22 för
252 265 227 28 bäradshöfdingarne,
495 266 91 22 likasom
602 267 40 21 ock
657 266 104 27 beloppet
774 265 23 22 af
810 266 42 21 den
867 265 98 28 aflöning,
982 270 45 16 som

201 294 33 21 till
250 294 48 21 dem
306 295 69 27 utgär.
398 295 73 21 Andra
485 295 150 27 hufvudtiteln,
644 295 168 27 justitiestaten,
824 295 69 21 skulle
904 294 124 26 derigenom

202 325 127 25 visserligen
352 324 67 21 svälla
441 325 25 19 ut
487 324 34 21 till
539 330 27 16 en
580 324 50 22 vida
645 325 71 21 större
731 329 84 18 summa
830 325 27 20 än
872 324 56 21 hvad
943 323 40 21 den
998 329 30 15 nu

200 352 89 26 utvisar,
305 352 67 27 nägot
387 352 58 22 öfver
465 354 91 26 600,000
571 354 67 26 mark,
650 360 49 15 men
710 353 38 21 det
757 358 51 16 vore
820 352 27 22 dä
859 352 65 22 ocksä
935 352 92 26 evident,

201 380 56 22 huru
279 381 86 27 mycket
387 381 211 23 domstolsväsendet
619 382 7 21 i
648 382 75 22 landet
738 382 8 20 i
761 381 75 28 sjelfva
858 382 75 21 verket
947 381 80 21 kostar.

200 410 68 21 Detta
282 412 24 19 är
322 410 54 22 dock
392 417 27 15 en
433 410 73 28 bisak;
522 410 149 23 hufvudsaken
687 413 23 19 är
722 410 48 26 den,
782 413 33 19 ait
825 410 38 22 det
872 410 33 22 för
916 410 112 21 domarens

202 439 102 27 ställning
318 445 50 16 vore
383 440 73 21 bättre
472 441 32 21 att
518 441 43 21 han
575 440 48 22 icke
637 441 63 21 stode
710 440 7 21 i
729 439 61 22 detta
801 440 84 21 direkta
895 439 133 22 förhällande

202 468 33 21 till
250 468 74 27 hvarje
339 468 150 28 skattskyldig,
506 475 46 16 som
568 475 76 21 genom
660 469 38 22 det
713 468 125 23 nuvarande
848 468 180 28 uppbördssyste-

202 499 45 19 met
266 503 52 21 eger
332 503 46 16 rum
393 497 7 22 i
415 497 54 22 hans
486 498 98 27 aflöning.
615 498 42 27 Jag
672 498 68 27 vägar
755 497 80 22 föreslä
849 499 34 20 att
898 497 131 22 Ridderska-

200 527 39 26 pet
261 526 41 21 och
324 526 69 22 Adeln
412 527 68 21 mätte
497 527 24 22 sä
536 527 32 22 till
583 527 49 22 vida
648 527 161 22 äterremittera
825 526 62 22 detta
901 526 78 22 ärende
994 526 33 21 till

202 557 156 19 sammansatta
372 555 56 27 Lag-
444 555 41 22 och
500 556 222 26 Ekonomiutskottet,
734 557 34 20 att
777 555 109 22 utskottet
896 555 67 22 mätte
974 561 54 21 upp-

201 590 73 15 manas
298 585 51 26 taga
364 585 67 21 under
447 585 139 27 ompröfning,
601 585 107 22 huruvida
723 585 50 21 icke
788 591 27 15 en
830 584 124 27 förändring
969 584 7 21 i
992 584 37 21 det

203 612 61 29 syfte,
286 619 47 15 som
352 615 140 27 reservanten
512 614 50 22 herr
581 614 100 29 Rähergh
700 609 120 45 föreslagit,
835 613 73 22 kunde
910 609 13 38 i
944 613 84 29 författ-

201 641 80 28 ningen
292 640 90 24 'mförag,
399 647 5 4 ++!
444 647 1 4 |
503 644 16 7 Sa
559 645 3 9 öm
605 643 37 8 kaali
680 640 46 15 191
767 642 10 4 TA
804 641 78 10 PES
908 641 45 9 IHOA

269 671 98 22 Friherre
389 671 87 28 Boije:
499 672 33 21 Dä
552 672 38 27 jag
612 672 33 21 till
663 672 43 21 alla
723 671 60 22 delar
798 671 40 21 har
853 677 82 16 samma
950 671 57 27 äsigt
1021 671 7 20 i

201 699 140 22 förevarande
362 699 67 28 fräga,
446 707 46 15 som
508 701 41 22 den
565 703 87 20 senaste
668 701 66 22 ärade
750 700 89 27 talaren,
855 700 39 22 ber
906 700 38 27 jag
960 702 32 19 att
1007 699 22 22 fä

201 728 142 28 understödja
358 729 53 22 hans
427 729 83 28 förslag
525 736 34 15 om
574 730 130 21 äterremiss.

269 757 35 22 Då
319 757 150 23 diskussionen
484 758 89 23 härmed
590 759 133 26 afstannade,
740 758 33 21 lät
787 757 50 22 herr
852 757 176 22 Landtmarskal-

200 786 43 22 ken
258 786 33 21 till
306 787 134 22 besvarande
455 787 91 28 uppläsa
562 794 26 15 en
599 788 25 21 så
633 788 94 27 lydande
739 786 288 28 omröstningsproposition:

270 832 12 9 »
284 815 42 26 Vill
341 816 160 27 Ridderskapet
515 817 39 21 och
570 817 69 22 Adeln
652 817 113 21 remittera
775 816 91 22 ärendet
876 816 32 21 till
919 815 109 22 utskottet

200 843 34 23 för
255 844 116 28 utredning
393 845 40 22 och
452 846 100 27 yttrande
568 851 33 16 om
617 847 32 20 ett
663 845 78 28 tillägg
756 845 7 21 i
779 845 37 21 det
831 844 55 28 syfte
902 847 11 19 5
930 843 11 29 $
956 844 7 21 i
978 844 50 21 herr

201 873 112 33 Råberghs
340 873 81 28 förslag
447 874 117 22 innehåller
589 874 92 22 rörande
708 874 128 27 uppbörden
865 873 22 22 af
907 873 121 28 tingsgäst-

202 908 89 21 ningen;

270 931 75 22 vinner
359 931 41 28 nej,
417 931 94 22 förfaller
526 931 102 28 förslaget
644 938 34 16 om
694 933 33 20 ett
744 931 68 28 dylikt
827 931 97 28 tillägg'.

270 959 166 28 Propositionen
455 961 130 22 besvarades
601 961 49 22 med
663 961 24 27 ja
702 960 42 22 och
759 960 42 27 nej,
817 959 99 23 hvarföre
931 959 96 28 yrkande

202 988 87 27 gjordes
312 995 36 15 om
369 990 105 27 votering,
496 990 86 22 hvilken
604 990 53 21 härå
676 989 71 22 skulle
763 988 115 28 företagas.
908 989 34 21 Då
956 988 72 26 likväl,

202 1017 64 21 innan
284 1020 107 25 uppropet
410 1019 77 21 hunnit
505 1019 65 21 blifva
584 1018 127 27 verkstäldt,
729 1018 99 21 anmälan
845 1017 85 28 gjordes
947 1023 33 16 om
996 1019 33 20 att

203 1051 27 16 en
250 1046 127 27 deputation
392 1047 47 22 från
455 1048 164 21 Presteståndet
634 1047 125 26 ankommit,
777 1046 83 22 afbröts
876 1046 153 27 omröstnings-

202 1074 165 29 förrättningen,
383 1076 34 22 för
432 1078 33 20 att
480 1076 57 27 gifva
552 1077 154 27 deputationen
722 1075 85 22 tillfälle
823 1077 33 20 att
870 1075 92 22 inträda.

272 1161 72 22 Sedan
366 1163 170 28 Ridderskapets
557 1163 40 22 och
620 1163 80 22 Adelns
723 1162 141 22 medlemmar
885 1161 53 22 härå
952 1161 78 27 intagit

203 1190 47 21 sina
272 1191 89 26 platser,
384 1192 100 22 inträdde
507 1193 41 21 den
570 1193 92 21 sålunda
683 1191 102 22 anmälda
807 1191 153 27 deputationen
976 1190 54 21 ifrån

202 1219 166 22 Presteståndet
387 1221 68 21 under
471 1221 114 22 anförande
600 1221 23 22 af
635 1221 207 26 kontraktsprosten
858 1219 78 22 doktor
951 1219 78 27 Bergh,

202 1253 47 16 som
265 1248 13 21 å
292 1248 177 23 Presteståndets
491 1252 81 25 vägnar
594 1249 143 28 tillkännagaf
759 1250 32 20 att
813 1248 165 22 Presteståndet
994 1248 36 21 vid

203 1276 81 28 dagens
308 1277 87 27 plenum
418 1278 126 28 diskuterat,
566 1281 56 20 samt
637 1279 55 22 efter
708 1277 94 23 slutförd
817 1277 161 27 öfverläggning
992 1277 38 21 be-

204 1306 68 21 slutat
294 1306 33 21 till
352 1306 156 24 förberedande
522 1308 159 27 handläggning
697 1308 23 21 af
733 1306 172 22 Statsutskottet
920 1306 111 22 remittera

203 1336 32 20 ett
250 1334 24 22 af
288 1334 92 23 doktorn
395 1336 33 22 till
443 1336 87 22 ståndet
544 1337 118 22 inlemnadt
676 1335 223 29 petitionsmemorial,
912 1335 118 27 hvarjemte

202 1363 89 21 ståndet
306 1364 49 22 ville
369 1364 65 22 hafva
448 1366 141 22 medstånden
604 1366 104 27 inbjudna
724 1366 35 20 att
773 1364 74 22 förena
861 1364 32 26 sig
904 1370 34 15 om
949 1369 82 16 samma

202 1392 169 32 önskningsmål,
392 1394 41 21 och
448 1400 37 16 var
501 1394 60 22 detta
575 1393 224 29 petitionsmemorial,
815 1399 47 23 som
877 1392 24 22 af
913 1388 49 40 herr
974 1392 56 32 dok-

202 1422 49 20 torn
267 1421 54 21 härå
336 1422 119 27 upplästes,
473 1422 22 22 af
507 1422 94 29 följande
616 1423 92 28 lydelse:
744 1415 11 41 =
767 1423 2 2 '—
984 1420 2 4 |

273 1450 41 26 »Af
328 1456 55 22 egen
397 1451 46 22 inre
458 1452 43 27 håg
516 1452 40 22 och
572 1452 104 28 derjemte
691 1452 23 22 af
727 1451 54 21 flere
797 1450 65 22 ärade
876 1450 155 22 ståndsbröder

203 1478 72 22 dertill
294 1480 129 26 uppmanad,
439 1481 66 27 vågar
520 1481 55 21 inför
589 1481 133 27 högvördiga
737 1480 89 21 ståndet
838 1479 39 28 jag
891 1479 49 21 med
955 1478 75 22 tillför-

203 1507 44 28 sigt
262 1507 119 29 framlägga
395 1508 94 29 följande
504 1510 187 28 maktpåliggande
706 1509 90 27 förslag.
