1086 1717
234 124 41 20 516
554 126 40 18 Den
610 125 26 19 24
652 126 58 24 April,

205 190 32 20 att
260 188 32 22 uti
314 188 69 23 denna
398 188 103 28 speciella
515 188 66 28 fråga,
598 196 47 15 som
661 190 69 27 gäller
745 190 33 22 för
793 189 72 22 halfva
877 188 152 28 befolkningen

205 218 124 27 öppnandet
351 218 21 21 at
390 217 105 28 rättighet
513 218 40 21 och
572 218 83 23 tillfälle
675 219 33 21 till
727 219 97 27 bildning
843 218 40 22 och
898 218 130 26 utveckling,

204 247 88 21 ståndet
307 247 80 21 uttalar
403 246 32 22 sin
451 246 97 22 enskilda
562 248 92 27 mening.

272 276 98 21 Friherre
385 282 41 15 von
441 276 82 26 Born,
539 275 87 23 Viktor:
642 277 42 27 Jag
698 277 40 22 ber
753 276 67 23 också
835 277 32 21 att
882 276 7 22 i
904 276 42 22 allo
956 275 22 22 få
986 275 42 22 för-

205 311 41 15 ena
268 304 43 28 mig
328 305 7 21 i
352 305 36 21 det
402 304 87 28 förslag,
505 310 46 16 som
567 304 21 22 af
602 306 50 21 herr
668 306 68 28 Spåre
751 306 70 22 blifvit
836 305 70 22 väckt.
936 305 42 27 Jag
993 304 37 22 vill

205 334 111 21 dessutom
331 333 57 22 fästa
402 334 191 26 uppmärksamhet
608 335 73 27 derpå,
698 337 39 25 att,
754 341 35 15 om
804 335 27 21 de
846 336 33 20 tre
895 334 67 27 öfriga
970 334 59 21 stån-

205 363 41 21 den
266 362 50 21 med
334 362 129 28 föregående
481 363 114 27 landtdags
610 364 72 26 praxis
698 364 33 22 för
747 365 84 26 ögonen
846 363 47 21 icke
910 363 69 21 skulle
994 362 36 22 vid

205 392 70 20 denna
297 391 102 27 landtdag
421 393 52 25 göra
495 392 99 26 gällande
614 399 26 15 en
660 393 68 21 sådan
747 392 62 28 åsigt,
827 398 46 16 som
889 392 40 21 den
944 391 23 21 af
980 392 50 21 herr

204 420 108 21 Mechelin
327 420 128 28 föreslagna,
471 420 159 29 Ridderskapet
646 422 40 21 och
702 422 71 22 Adeln
787 422 7 21 i
811 420 74 29 sjelfva
899 420 76 23 verket
989 420 41 22 blir

205 449 25 22 sä
253 451 32 20 att
308 451 53 26 säga
382 450 86 21 lidande
491 456 76 21 genom
588 451 70 21 denna
674 451 113 28 nyinförda
806 451 77 27 praxis.
914 450 33 21 De
963 449 67 22 andra

205 478 92 22 ständen
320 479 69 21 skulle
412 479 93 21 enskildt
527 479 101 22 framföra
649 480 33 21 till
700 480 128 27 regeringen
847 479 46 22 sina
907 478 122 28 petitioner,

204 509 53 20 utan
273 509 33 20 att
320 507 57 22 fästa
393 507 101 22 afseende
509 508 35 21 vid
560 514 34 15 om
609 509 27 21 de
650 510 50 20 rönt
714 509 94 22 medhäll
824 508 22 22 af
859 509 27 21 de
895 507 67 28 öfriga
970 507 59 22 stän-

205 537 51 25 den;
277 536 160 27 Ridderskapet
453 537 40 21 och
507 537 69 21 Adeln
592 537 97 22 deremot
705 538 70 21 skulle
791 537 47 22 icke
853 537 46 22 föra
914 536 53 22 fram
982 536 48 22 sina

204 565 108 21 intressen
332 565 41 22 och
390 565 165 28 önskningsmäl.
586 566 67 22 Detta
667 567 91 22 innebär
774 573 26 15 en
816 566 109 22 orättvisa.
955 565 35 22 Dä
1004 565 24 21 L.

205 594 24 21 O.
252 594 112 27 härvidlag
385 595 111 27 ingenting
518 595 94 27 stadgar,
629 595 25 22 sä
670 602 63 15 anser
746 595 39 28 jag
801 595 37 22 det
852 601 52 15 vara
917 594 50 22 fullt
982 594 47 21 skäl

205 625 39 24 att,
266 623 71 22 säsom
356 623 50 22 herr
421 623 68 28 Späre
504 623 117 28 föreslagit,
638 625 50 27 ingä
704 625 33 22 till
751 624 129 27 regeringen
895 624 49 21 med
960 623 69 22 denna

204 651 98 28 petition.

272 681 57 22 Herr
350 681 166 28 Lagerborg,
535 681 92 22 Robert:
643 682 43 22 Det
702 684 25 20 är
741 681 128 28 visserligen
885 683 54 25 sant,
956 682 33 20 att
1003 681 24 21 L.

205 709 24 22 0.
252 709 48 22 icke
324 711 88 26 stadgar
433 710 67 28 något
519 717 33 15 om
570 711 56 21 huru
641 711 91 22 förfaras
749 711 56 22 skall
821 711 32 21 för
869 711 41 21 den
924 710 104 21 händelse

204 740 33 19 att
259 745 27 14 en
308 739 97 27 petition,
427 745 46 16 som
490 739 55 22 varit
559 739 89 22 föremäl
663 740 34 21 för
712 740 43 21 alla
770 739 75 22 ständs
861 739 166 26 handläggning,

203 767 95 27 förfallit,
322 768 105 22 huruvida
449 770 32 20 ett
499 768 93 22 enskildt
608 769 63 22 stånd
686 769 8 21 i
710 769 79 22 sådant
805 768 37 21 fall
857 770 25 19 är
897 768 132 27 berättigadt

204 798 32 20 att
252 798 95 26 upptaga
362 797 124 22 densamma
501 797 72 22 säsom
588 797 38 22 sitt
641 798 98 22 enskilda
753 797 170 27 önskningsmäl;
934 803 49 15 men
992 797 37 21 det

204 831 63 22 synes
290 826 102 27 temligen
415 826 120 27 otvetydigt
556 833 26 14 ur
603 827 23 21 L.
651 827 24 21 O.
696 826 89 28 framgä,
806 827 33 20 att
853 833 49 14 man
918 826 62 21 tänkt
996 825 32 27 sig

204 856 78 20 tvenne
302 855 57 21 olika
374 855 48 26 slag
437 854 23 22 af
472 855 126 27 petitioner:
614 855 88 27 sädana,
719 862 48 15 som
782 857 37 20 äro
836 854 23 22 af
871 855 79 21 allmän
965 856 64 19 natur

204 883 40 22 och
267 883 87 26 sädana,
379 890 46 15 som
447 883 46 22 afse
512 884 98 21 ständets
630 885 98 21 enskilda
743 883 187 28 angelägenheter.
961 883 67 22 Detta

204 912 76 21 ständs
296 912 98 22 enskilda
409 913 181 27 angelägenheter
604 913 73 22 kunna
690 913 25 28 ju
730 913 72 22 tolkas
811 913 82 26 ganska
902 912 125 27 vidsträckt,

204 941 40 21 och
264 947 34 15 om
318 943 32 20 ett
365 941 65 22 ständ
444 941 68 22 finner
527 941 69 28 nägon
612 941 62 28 fräga
689 949 52 15 vara
758 948 26 15 en
800 941 85 22 enskild
899 941 129 27 angelägen-

202 969 45 26 het,
264 972 24 19 är
304 969 107 28 sjelffallet
426 970 53 21 eller
493 970 129 22 ätminstone
636 971 111 26 tänkbart,
763 972 34 20 att
812 970 87 21 ständet
913 970 43 21 kan
970 969 58 22 finna

202 998 100 27 lämpligt
318 1000 32 20 att
365 998 80 23 förvisa
460 1005 26 15 en
502 999 67 22 sädan
584 999 33 22 till
625 999 39 22 sitt
672 999 100 22 enskilda
780 999 85 22 utskott
873 999 41 21 och
921 998 107 22 behandla

203 1027 41 21 den
261 1027 73 22 säsom
349 1027 83 22 enskild
447 1028 101 27 petition;
564 1035 47 14 men
627 1029 40 21 har
682 1030 33 20 ett
731 1028 65 22 ständ
806 1027 122 22 remitterat
938 1033 26 16 en
972 1027 55 27 peti-

202 1055 217 28 tionsangelägenhet
434 1057 33 21 till
483 1058 31 20 ett
529 1057 88 21 allmänt
632 1057 91 26 utskott,
740 1057 58 21 hvad
812 1056 36 22 vill
865 1057 59 21 detta
931 1056 36 21 väl
975 1058 53 25 säga

202 1086 72 25 annat,
291 1087 28 19 än
335 1087 32 19 att
383 1091 25 16 en
425 1085 67 22 sådan
507 1085 91 28 petition
614 1087 24 20 är
654 1093 26 15 en
696 1086 80 21 allmän
791 1085 76 27 fråga?
882 1085 47 22 Den
946 1087 24 19 är
979 1085 48 22 icke

202 1113 100 22 ständets
318 1113 98 22 enskilda
431 1114 166 27 angelägenhet;
612 1115 41 21 och
668 1115 50 21 med
734 1115 71 21 denna
820 1120 82 15 samma
911 1113 116 28 förklaring

200 1141 46 28 har,
263 1148 63 21 synes
342 1143 37 21 det
393 1143 50 26 mig,
460 1143 37 21 det
512 1143 69 26 ständ,
598 1149 47 16 som
660 1143 93 22 sälunda
768 1143 121 22 remitterat
904 1142 80 27 frägan,
996 1142 31 21 äf-

200 1177 40 15 ven
263 1170 110 27 förklarat,
398 1173 33 20 att
454 1171 87 22 ständet
559 1174 63 19 ärnar
637 1172 134 22 underkasta
786 1171 33 27 sig
835 1172 36 21 det
886 1171 78 27 beslut,
980 1177 46 16 som

198 1199 103 22 Finlands
325 1200 89 21 ständer
435 1200 8 21 i
461 1201 41 21 den
517 1200 67 21 saken
598 1200 61 23 fatta.
690 1201 41 21 Om
748 1202 33 20 ett
796 1200 70 26 ständ,
883 1199 143 22 öfverröstadt

200 1227 22 22 af
239 1228 148 27 medständen,
408 1228 53 22 eller
478 1229 37 21 två
529 1229 69 26 stånd,
616 1235 46 16 som
678 1231 89 20 stannat
782 1231 46 19 mot
843 1229 26 21 de
885 1229 37 21 två
937 1229 67 21 andra
1018 1229 8 20 i

200 1257 58 21 olika
280 1258 92 26 mening,
395 1257 86 22 likvisst
501 1257 8 22 i
531 1263 27 16 en
578 1257 66 28 fräga,
666 1264 46 15 som
734 1258 93 21 sälunda
844 1257 94 26 förfallit,
956 1257 69 22 skulle

199 1285 58 22 finna
272 1286 34 27 sig
321 1285 119 23 föranlåten
457 1288 32 20 att
504 1287 102 21 särskildt
620 1287 40 22 hos
675 1287 62 21 Hans
754 1287 103 27 Majestät
867 1287 53 26 göra
928 1292 26 15 en
962 1286 63 22 fram-

199 1314 104 28 ställning
326 1315 33 21 uti
374 1316 37 20 det
427 1315 61 27 syfte,
505 1321 46 16 som
565 1316 210 26 petitionsförslaget
790 1315 72 27 afsett,
879 1315 24 21 sä
918 1315 70 21 skulle
1000 1316 26 26 ju

198 1344 62 21 detta
274 1343 121 23 förfarande
411 1344 49 21 med
476 1344 65 21 andra
557 1345 38 21 ord
609 1345 115 21 innebära:
741 1344 103 22 Finlands
860 1344 88 22 ständer
962 1344 64 22 hafva

197 1372 57 22 visst
276 1374 56 25 sagt,
356 1374 33 20 att
411 1373 27 21 de
457 1372 47 22 icke
523 1373 49 27 vilja
587 1374 85 21 biträda
688 1374 71 21 denna
773 1373 99 27 petition,
889 1379 48 15 men
951 1373 21 21 vi
987 1373 39 27 bry

197 1407 36 15 oss
249 1402 49 21 icke
314 1407 36 16 om
364 1401 57 22 hvad
435 1401 102 22 Finlands
552 1403 88 21 ständer
654 1405 64 25 säga;
735 1402 22 22 vi
772 1402 28 26 gå
815 1402 33 21 till
855 1402 59 21 Hans
922 1402 104 27 Majestät

196 1430 42 21 och
260 1430 65 27 bedja
346 1430 61 22 Hans
429 1430 102 27 Majestät
553 1431 62 21 träda
636 1431 97 22 emellan.
764 1430 58 22 Vore
838 1436 27 16 en
880 1430 68 22 sådan
962 1430 63 27 väg
1012 1426 18 37 i

195 1458 42 22 allo
256 1459 90 27 lämplig
367 1458 34 22 för
422 1459 100 21 Finlands
539 1460 87 21 ständer
642 1462 32 20 att
689 1459 69 27 inslå;
774 1459 57 21 hvad
845 1459 63 21 vinna
923 1459 101 21 Finlands

194 1488 91 21 ständer
302 1488 30 26 på
351 1490 32 19 att
404 1488 90 21 sålunda
509 1487 130 23 öfverlemna
654 1489 48 21 sina
716 1488 48 22 inre
780 1488 77 21 tvister
873 1489 33 20 att
920 1488 7 20 i
942 1488 82 21 sådana

193 1515 38 21 fall
254 1516 63 22 slitas
340 1516 23 22 af
383 1516 142 28 regeringen?
554 1517 62 22 Hvad
636 1517 81 22 förlora
733 1517 27 21 de
777 1518 94 20 tvärtom
884 1516 48 22 icke
948 1516 28 27 på
991 1518 33 20 att

193 1544 77 28 afsäga
292 1545 33 27 sig
346 1545 40 21 den
407 1545 98 27 endrägt,
521 1552 45 15 som
582 1546 67 22 borde
664 1546 54 22 råda
734 1546 7 20 i
757 1546 64 22 deras
837 1545 42 23 alla
895 1545 127 27 angelägen-
