1086 1717
393 101 40 17 Den
449 100 26 18 23
491 101 43 23 Maj.
798 98 39 21 871

47 170 47 15 som
117 164 95 27 önskligt
234 163 56 22 hade
312 164 61 26 varit,
395 163 66 21 likväl
483 164 32 21 till
538 164 38 22 sitt
592 164 54 28 syfte
662 164 94 26 välvillig
770 170 43 20 nog
828 163 41 21 och

46 192 100 22 lofvande
167 199 27 15 en
214 192 79 22 vacker
307 192 91 26 framtid,
415 194 32 19 att
462 198 77 16 senare
554 192 125 28 paragrafer
693 192 70 22 blifvit
777 199 26 14 ur
818 192 50 21 den-

47 228 82 15 samma
144 221 115 21 uteslutne.
283 221 47 21 Den
346 228 40 15 ena
401 223 24 19 är
439 221 40 21 här
494 222 85 26 nämnd,
596 221 106 27 nemligen
717 221 10 27 $
744 223 19 24 6;
781 221 39 21 den
832 227 37 15 an-

48 250 39 22 dra
105 252 24 19 är
143 250 10 27 8
169 252 19 24 5,
204 250 64 21 hvars
284 250 141 27 utstrykande
440 250 7 20 i
462 250 44 21 min
521 250 65 21 tanke
602 250 38 21 har
654 250 75 22 verkat
743 249 126 27 förderfligt.

47 279 44 22 Det
112 278 39 22 har
173 279 47 21 icke
242 279 56 21 varit
320 280 44 20 rätt
386 280 38 25 att,
449 278 28 22 dä
492 279 7 21 i
514 278 152 28 förordningen
688 278 92 22 utlofvas
796 278 72 22 vidare

47 307 108 27 ätgärder,
175 307 33 22 för
229 309 32 19 att
276 307 108 27 verkligen
399 307 73 21 kunna
487 308 77 26 bringa
578 308 66 21 saken
660 308 33 20 till
708 307 37 22 det
760 307 109 22 utlofvade

47 336 66 22 målet
135 337 24 21 är
182 338 62 24 1883,
266 336 65 22 likväl
354 336 109 27 ingenting
487 338 65 20 annat
574 336 108 28 tillgjorts,
706 338 26 20 än
756 338 33 20 att
803 336 66 22 redan

47 365 74 28 gjorda
143 364 164 28 medgifvanden
326 365 119 27 ätertagits.
475 365 44 22 Det
535 367 23 19 är
573 365 34 21 väl
622 365 132 27 berättigadt
769 367 33 19 att
818 365 50 21 här-

47 400 34 16 om
105 396 63 25 säga,
192 395 32 20 att
246 393 131 22 förfarandet
399 394 48 21 icke
469 394 57 21 varit
548 394 37 21 det
606 394 86 27 riktiga.
727 394 63 22 Hade
812 394 58 21 helst

47 423 66 28 nägot
136 423 68 28 gjorts
228 423 40 22 och
286 422 38 22 allt
339 422 135 27 underlätits,
491 429 47 16 som
552 423 70 21 mäste
638 429 63 16 anses
716 422 33 22 för
765 429 26 15 en
806 422 63 22 reak-

48 453 50 25 tion,
123 454 23 19 är
165 452 38 27 jag
226 451 124 28 öfvertygad
373 453 32 20 att
428 451 42 22 den
485 452 67 21 bittra
567 452 135 27 stämningen
716 452 69 27 aldrig
801 451 68 22 skulle

47 481 100 27 uppstätt
169 481 41 21 och
232 482 32 20 att
287 481 66 20 saken
376 481 127 26 ömsesidigt
518 481 69 22 skulle
602 481 111 21 betraktas
729 481 139 26 annorlunda,

47 512 28 19 än
98 509 40 22 den
161 509 33 22 för
216 509 131 22 närvarande
369 515 70 16 anses.
471 509 44 22 Det
534 516 38 15 var
587 515 26 16 en
629 510 75 27 olycka
719 511 32 20 att
766 509 11 28 $
793 511 11 20 5
820 511 49 20 ute-

48 539 60 26 slöts,
124 539 7 20 i
146 539 86 21 hvilken
255 538 116 27 stadgades
395 539 32 20 att
442 538 7 21 i
465 538 76 21 skolan
564 537 68 23 finska
647 539 88 26 spräket
750 538 56 22 skall
821 538 48 21 icke

46 567 58 22 blott
120 567 65 27 läsas,
202 569 52 20 utan
270 567 61 22 äfven
347 567 106 21 användas
470 567 72 22 säsom
558 567 227 27 undervisningsspräk
799 567 28 27 pä
843 567 26 21 de

47 596 66 27 högre
128 596 120 27 klasserna,
264 596 31 21 till
310 595 52 28 följd
376 595 22 22 af
411 596 83 21 hvilket
510 595 154 28 upphäfvande,
679 596 28 21 dä
718 595 69 22 finska
797 596 72 21 skolor

47 625 126 26 inrättades,
190 631 48 16 man
253 625 29 27 pä
298 631 79 15 samma
392 625 31 21 vis
438 625 120 26 bestämde,
576 627 32 19 att
622 625 7 21 i
644 624 70 23 finska
724 625 73 22 skolor
807 631 62 16 sven-

48 654 54 21 skan
124 654 70 22 skulle
216 654 57 21 läras
297 654 130 26 visserligen,
451 660 50 15 men
517 654 47 21 icke
581 654 108 21 användas
705 654 71 21 säsom
792 654 77 21 under-

47 683 168 27 visningsspräk.
238 683 67 21 Detta
319 689 41 21 nya
376 683 120 26 stadgande
512 683 39 21 har
566 682 7 21 i
588 683 42 21 min
646 683 66 21 tanke
726 683 76 21 verkat
812 689 57 20 myc-

47 712 38 21 ket
101 712 52 21 ondt
168 712 65 21 redan
250 712 128 26 derigenom,
394 713 33 19 att
441 718 50 14 man
508 711 90 22 sälunda
612 711 122 28 uppfostrat
749 712 121 27 ungdomen

47 740 47 21 helt
117 740 40 21 och
179 741 69 21 hället
270 740 78 21 svensk
371 740 52 21 eller
443 740 47 21 helt
506 741 40 20 och
561 740 67 21 hället
642 740 61 22 finsk.
733 741 44 21 Det
791 740 80 21 skadar

48 769 111 22 dessutom
178 769 103 22 särskildt
300 770 6 20 i
321 769 26 21 de
361 768 70 22 finska
447 769 113 26 skolorna;
576 770 22 26 ty
614 769 36 22 det
666 771 24 20 är
704 769 66 27 gifvet
785 771 38 24 att,
838 769 32 21 lä-

48 804 35 15 ses
106 798 48 22 icke
176 799 7 20 i
206 799 48 20 dem
277 798 106 21 svenskan
406 797 85 27 dugligt
514 798 39 22 och
578 798 111 27 allvarligt,
712 798 31 21 lär
759 798 32 27 sig
807 798 62 21 deras

47 827 94 26 ungdom
164 827 47 22 icke
233 827 35 21 väl
290 827 47 21 läsa
352 826 40 22 och
407 826 70 21 förstä
493 827 99 26 svenska,
609 827 24 21 sä
648 827 95 21 kommer
759 827 40 21 den
816 828 32 19 att
863 826 7 21 i

47 855 97 27 bildning
167 856 34 21 stä
223 855 89 22 tillbaka
332 855 33 22 för
388 855 41 21 den
451 856 102 26 ungdom,
570 862 45 15 som
630 856 34 21 väl
680 856 81 21 känner
777 855 92 22 svenska

36 885 106 26 "språket.
173 885 31 27 Ty
221 885 51 21 hela
286 885 38 20 vär
338 884 201 26 bildningshistoria
553 885 57 21 visar
624 884 90 22 tillbaka
730 884 31 22 till
777 884 93 22 svenska

45 913 76 26 källor,
143 913 29 28 pä
186 913 86 22 hvilken
288 915 40 25 väg
343 913 20 21 vi
379 915 26 19 än
421 912 90 23 försöka
525 913 94 22 förkofra
634 913 52 22 våra
700 913 129 27 kunskaper.
859 913 10 21 I

47 942 44 27 allt,
108 948 46 15 som
169 944 36 20 rör
220 942 48 21 värt
284 941 207 27 samhällstillständ,
509 943 69 21 mäste
593 942 20 21 vi
628 942 26 27 gä
670 942 90 22 tillbaka
770 942 33 21 till
814 941 54 22 dem.

46 971 41 27 Jag
102 971 105 27 beklagar
222 971 71 22 derför
308 971 99 26 högligen
423 970 61 21 detta
500 971 141 27 utstrykande
657 971 23 21 af
694 973 12 19 5
722 971 16 27 8.
769 971 42 26 Jag
824 972 46 19 tror

45 1000 61 26 visst,
123 1002 32 19 att
171 999 65 28 syftet
250 999 48 22 icke
314 1005 38 16 var
366 999 143 27 reaktionärt,
525 1001 52 20 utan
592 1001 32 20 att
638 1006 50 15 man
702 1000 31 21 lät
745 999 50 22 leda
805 999 33 27 sig
849 998 22 22 af

46 1029 135 26 pedagogers
203 1030 114 25 protester,
341 1034 48 15 men
411 1034 50 15 man
485 1028 56 22 hade
563 1029 47 21 icke
626 1029 50 21 bort
690 1029 43 21 läta
747 1028 124 27 pedagoger

46 1057 47 22 häri
116 1057 63 22 hafva
201 1057 58 22 talan
283 1057 57 27 (bra!
362 1056 58 26 bra!)
449 1057 47 21 Det
518 1059 24 20 är
564 1057 123 28 beklagligt,
704 1059 31 20 att
751 1057 66 22 också
832 1056 11 28 $
859 1058 12 20 6

47 1086 47 21 icke
109 1086 42 21 fätt
165 1087 35 21 stä
215 1093 57 20 gvar.
303 1086 32 21 De
348 1085 107 28 juridiska
471 1086 89 21 lexorna
575 1088 37 19 äro
627 1087 47 21 icke
690 1085 22 22 af
724 1086 25 21 sä
764 1087 45 20 stor
819 1085 52 27 vigt,

48 1117 33 19 att
103 1115 37 22 det
163 1115 68 22 skulle
254 1115 78 21 skadat
354 1115 55 26 dem,
426 1120 47 15 som
490 1115 56 22 efter
559 1115 92 27 juridisk
667 1115 51 22 eller
733 1121 17 15 s.
766 1115 20 21 k.
803 1116 66 19 rätts-

47 1150 89 15 examen
151 1144 85 21 inträda
250 1144 8 21 i
273 1145 96 24 senaten,
385 1144 34 20 att
433 1143 66 22 hafva
513 1143 112 22 förskaffat
640 1144 32 27 sig
688 1144 69 27 nägon
770 1143 100 27 kunskap

47 1173 7 20 i
69 1172 70 22 finska
159 1173 97 27 språket;
277 1173 37 21 det
332 1172 69 21 skulle
421 1173 96 20 tvärtom
536 1173 82 21 kunnat
635 1173 85 27 mycket
737 1179 70 20 gagna
822 1172 49 21 dem

48 1202 41 21 och
108 1202 80 21 landet.
218 1201 50 22 Men
288 1203 32 20 ett
340 1201 78 21 sädant
433 1200 125 23 förfarande
574 1208 45 15 som
635 1201 65 26 detta,
717 1203 32 20 att
764 1200 108 28 upphäfva

48 1231 149 27 skyldigheten
213 1232 33 19 att
261 1229 83 28 aflägga
360 1235 87 16 examen
463 1230 6 21 i
481 1229 70 23 finska
562 1231 94 26 språket,
668 1231 67 21 måste
746 1236 63 15 anses
820 1235 52 16 vara

49 1260 40 21 och
105 1261 24 19 är
142 1259 140 22 reaktionärt.

117 1288 46 22 Här
180 1287 64 23 hafva
262 1287 66 23 ärade
347 1287 68 22 talare
435 1287 100 23 förordat
550 1287 50 23 herr
615 1287 102 29 Chydenii
731 1287 140 22 reservation.

48 1318 63 21 Hvad
133 1317 119 21 innehäller
274 1318 70 21 denna
365 1316 150 22 reservation?
545 1318 43 20 Det
610 1317 54 21 skall
680 1317 95 21 anhällas
791 1322 34 16 om
841 1317 32 21 ett

49 1346 138 27 regeringens
206 1345 80 28 förslag
301 1346 32 21 till
348 1345 118 22 ständerna
482 1346 34 21 till
531 1346 133 26 stadganden
678 1345 89 27 ungefär
781 1346 7 20 i
805 1344 68 23 öfver-

50 1375 164 22 ensstämmelse
228 1375 50 21 med
292 1374 57 22 hvad
363 1374 46 27 fyra
425 1374 98 27 punkter
537 1374 114 22 innehälla:

121 1406 54 24 »1:0.
206 1403 91 22 Skrifter
319 1403 41 21 och
380 1402 84 28 inlagor
488 1403 23 22 af
531 1404 57 21 hvad
609 1404 52 26 slag,
685 1409 45 15 som
752 1402 64 26 helst,
839 1402 36 22 mä

50 1433 33 21 till
106 1432 135 22 embetsverk
262 1432 41 22 och
324 1431 151 28 myndigheter
495 1434 53 20 utan
568 1432 109 27 undantag
695 1431 21 21 fä
730 1432 103 21 inlemnas
847 1431 29 27 pä

50 1461 70 21 finska
141 1461 51 21 eller
212 1461 98 26 svenska,
330 1460 47 22 fritt
397 1460 55 22 efter
469 1461 43 21 den
527 1460 146 22 inlemnandes
689 1460 89 28 behag".
808 1459 68 21 Detta

50 1490 33 21 fär
98 1490 68 22 ocksä
180 1496 29 14 nu
224 1490 48 26 ske;
