1086 1717
388 106 39 16 Den
444 104 27 18 30
486 105 43 23 Maj.
803 104 41 20 987

56 168 51 22 after
129 168 107 22 landsrätt
256 169 56 21 samt
327 174 34 16 om
376 168 159 28 morgongåfva,
551 168 40 22 har
605 168 186 33 Borgareständet
803 167 71 23 förka-

56 200 41 19 stat
119 197 321 28 sammanjemkningsförslaget
463 197 40 22 och
523 197 98 29 vidhällit
644 197 39 21 sitt
704 196 57 22 förut
786 196 7 22 i
809 196 66 22 saken

55 226 80 22 fattade
154 226 78 25 beslut,
252 232 49 15 men
315 226 70 22 tillika
399 226 79 22 uttalat
493 226 34 27 sig
541 222 33 26 för
588 228 33 20 att
636 226 70 22 denna
720 225 155 28 lagstiftnings-

55 255 60 27 fräga
137 255 48 21 icke
199 255 36 21 mä
249 254 89 27 förfalla,
355 257 52 19 utan
423 255 127 27 hänskjutas
566 254 33 22 till
614 254 104 22 förstärkt
733 254 96 22 utskotts
845 253 30 22 af-

55 284 100 27 görande.
185 284 85 21 Preste-
290 284 41 22 och
350 284 169 22 Bondeständen
533 283 63 23 hafva
612 284 98 22 deremot
723 283 98 28 godkänt
834 282 42 23 för-

55 313 70 27 slaget
147 312 40 22 och
207 312 85 22 säledes
309 312 18 28 ej
344 313 93 21 allenast
451 312 85 22 förenat
551 313 33 27 sig
598 313 50 21 med
662 312 160 28 Ridderskapet
837 311 40 23 och

55 342 71 22 Adeln
149 342 79 25 derom,
252 343 33 20 att
302 342 50 21 hela
370 341 264 28 morgongäfvoinstitutet
650 341 55 22 skall
720 340 101 23 bortfalla
837 340 39 22 och

56 371 27 21 de
103 371 74 21 derom
192 370 100 27 gällande
307 371 135 27 stadganden
457 371 7 21 i
479 376 82 16 samma
576 370 56 28 syfte
646 370 85 27 ändras,
747 371 53 21 utan
816 369 61 22 äfven

57 399 109 27 samtyckt
181 399 32 22 till
228 399 56 21 hvad
300 399 320 28 sammanjemkningsförslaget
636 400 12 20 å
663 399 61 21 sidan
739 401 11 19 4
760 398 118 22 innehåller

54 428 134 22 beträffande
204 428 136 27 inledningen
355 428 33 22 till
403 428 42 22 den
460 428 7 22 i
482 428 163 28 propositionen
659 428 122 27 föreslagna
796 427 82 22 förord-

55 458 80 27 ningen
155 457 7 22 i
182 459 73 20 ämnet
270 457 40 22 och
326 457 151 22 öfverskriften
491 457 34 22 till
541 459 11 20 9
568 457 92 28 kapitlet
675 457 203 28 giftermälsbalken.

125 486 160 27 Ridderskapet
308 487 40 21 och
366 487 76 26 Adeln,
462 487 64 21 hvars
541 487 72 21 beslut
628 493 35 15 om
678 485 153 28 morgongäfva
845 485 34 22 sä-

55 515 68 22 lunda
144 515 84 22 komme
251 517 33 20 att
305 515 57 28 ligga
385 515 32 22 till
437 516 69 27 grund
521 515 33 22 för
569 515 127 22 ständernas
712 515 71 22 beslut
799 515 79 25 derom,

56 544 40 21 har
111 544 120 22 emellertid
246 544 19 27 ej
281 544 71 27 ingätt
366 544 7 21 i
389 544 132 27 granskning
531 544 23 21 af
562 544 165 27 Lagutskottets
735 543 144 29 nyssberörda

57 573 82 27 förslag
155 573 112 26 angäende
282 573 136 26 inledningen
433 573 33 22 till
482 573 42 22 den
539 573 106 22 blifvande
660 573 151 27 förordningen
821 573 8 21 i
837 575 43 19 äm-

57 603 38 20 net
111 601 40 22 och
167 601 149 22 öfverskriften
331 602 33 21 till
381 604 11 19 9
408 602 49 27 kap.
474 602 204 27 giftermälsbalken,
696 603 57 26 utan,
763 601 66 28 enligt
844 601 37 22 det

57 630 117 28 höglofliga
190 631 98 21 ständets
304 631 108 22 utskottet
426 631 7 21 i
448 631 79 28 utdrag
542 631 126 22 meddelade
683 631 108 27 protokoll
799 630 33 22 för
839 630 41 22 den

58 661 27 20 23
104 659 144 22 innevarande
267 659 51 28 Maj,
334 659 92 22 allenast
440 661 74 26 yttrat,
531 661 33 20 att
578 660 87 21 ståndet
682 659 61 27 ,fann
759 659 76 27 nödigt
849 659 32 22 till

58 689 156 32 Lagutskottet
229 688 158 22 äterremittera
403 689 90 22 ärendet
508 689 33 22 för
556 688 173 28 omformulering
743 688 23 22 af
777 688 104 22 inlednin-

58 723 42 21 gen
121 717 8 21 i
152 717 37 22 det
211 717 55 28 syfte
284 719 33 20 att
334 717 107 22 särskilda
455 717 155 28 morgongäfva
624 718 90 21 rörande
729 717 90 28 lagrum,
835 723 46 16 som

58 746 48 21 icke
129 746 31 21 uti
183 746 136 27 inledningen
339 747 118 27 upptagits,
473 747 107 26 nemligen
596 749 16 26 3
624 747 11 27 $
650 748 12 20 5
678 747 49 26 kap.
743 746 41 22 och
801 748 9 19 1
828 745 10 28 $
856 747 25 20 13

59 775 49 27 kap.
132 775 26 21 G.
177 775 31 26 B.,
231 777 11 20 3
258 774 11 28 $
288 777 9 19 6
312 775 49 28 kap.
381 775 38 22 och
435 777 12 20 3
465 775 9 28 &
492 777 26 20 12
533 775 49 28 kap.
598 771 24 26 Ä.
638 775 24 22 B.
680 774 201 28 samt
748 767 14 40 3
775 767 14 40 $
801 767 15 40 8
828 774 53 28 kap.

59 804 19 21 J.
98 803 31 27 B.,
149 792 61 33 äfven
230 803 72 22 blefve
318 804 95 21 ändrade
429 804 53 22 eller
497 804 129 27 upphäfde*.
656 804 41 21 Vid
712 805 77 21 sådant
804 803 79 22 förhäl-

59 821 70 33 lande
139 832 68 22 finner
222 833 155 26 Lagutskottet
393 833 90 22 ärendet
498 833 8 21 i
521 821 143 40 nyssnämnda
680 833 40 26 del,
734 832 86 29 jemlikt
835 832 48 27 74
872 828 15 37 8

60 861 8 22 i
83 861 252 27 Landtdagsordningen,
351 862 54 21 böra
420 862 141 22 öfverlemnas
576 862 33 21 till
625 862 116 27 afgörande
749 861 22 22 af
777 861 106 22 förstärkt

61 890 137 27 Lagutskott,
218 897 48 15 men
285 893 24 19 är
328 891 75 21 härvid
422 891 7 21 i
449 891 83 22 saknad
551 891 22 21 af
591 891 40 21 den
647 891 121 22 kännedom
783 897 34 15 om
833 890 51 21 Rid-

63 919 128 27 derskapets
212 919 41 22 och
272 919 80 22 Adelns
368 920 86 27 mening
469 920 92 21 rörande
575 920 119 21 utskottets
710 919 80 27 förslag
805 918 80 23 beträf-

61 947 64 22 fande
148 947 137 22 merberörda
307 948 108 27 inledning
438 949 41 21 och
499 948 209 28 kapitelötverskrift,
725 955 46 15 som
786 954 51 16 vore
853 954 33 15 er-

61 977 104 27 forderlig
182 976 34 22 för
230 979 33 19 att
277 977 109 22 utskottet
400 977 50 22 med
466 978 50 21 stöd
531 977 62 22 deraf
606 977 72 22 kunde
692 979 97 26 uppgöra
805 977 81 26 förslag

63 1005 33 22 till
113 1005 41 22 den
170 1006 217 27 kontraproposition,
404 1012 45 16 som
466 1009 24 19 är
506 1008 33 20 att
552 1006 33 22 för
600 1006 161 27 omröstningen
776 1006 7 21 i
799 1005 37 22 det
844 1005 43 22 för-

63 1035 84 20 stärkta
169 1035 109 22 utskottet
292 1035 120 27 uppställas
429 1037 58 20 emot
501 1035 119 22 utskottets
635 1035 81 27 förslag
731 1035 13 22 å
759 1035 62 22 sidan
837 1036 13 19 4
866 1033 23 22 af

63 1063 140 22 omförmälda
218 1063 305 28 sammanjemkningsförslag.

133 1092 156 27 Lagutskottet
308 1092 39 22 har
366 1093 85 22 derföre
467 1095 72 20 ansett
554 1093 32 27 sig
601 1093 54 22 böra
670 1093 109 21 vördsamt
795 1091 91 26 anhålla,

65 1122 34 20 att
120 1121 66 22 blifva
207 1121 153 22 underrättadt
379 1122 7 21 i
403 1122 57 21 hvad
475 1122 50 21 mån
540 1122 160 27 Ridderskapet
714 1121 40 22 och
769 1121 70 22 Adeln
853 1121 36 21 må

65 1150 74 21 kunna
154 1150 114 27 godkänna
283 1150 120 22 utskottets
418 1151 134 22 sistberörda
566 1150 81 27 förslag
661 1151 49 21 med
721 1150 78 21 sådant
806 1149 81 27 tillägg,

65 1185 47 15 som
133 1179 36 21 det
188 1179 116 27 höglofliga
319 1179 98 22 ståndets
433 1179 201 28 protokollsutdrag
649 1179 33 22 för
697 1179 40 22 den
753 1181 27 19 23
796 1179 7 20 i
819 1178 70 21 denna

65 1207 78 22 månad
165 1207 89 28 utvisar,
277 1209 24 20 så
318 1208 65 21 framt
397 1208 48 22 icke
461 1208 39 22 det
514 1208 116 27 höglofliga
645 1208 86 21 ståndet
745 1207 142 27 tilläfventyrs

65 1235 114 28 föredroge
201 1238 39 25 att,
263 1236 33 22 för
318 1237 133 22 omedelbart
474 1237 123 22 erhållande
621 1237 23 22 af
662 1239 32 19 ett
706 1235 183 23 ständerbeslut
877 1231 15 37 i

66 1265 71 21 denna
151 1265 66 27 fråga,
234 1267 52 20 utan
302 1267 32 20 ett
350 1266 76 21 sådant
441 1266 76 28 tillägg
533 1266 113 28 godkänna
659 1266 56 21 hvad
722 1265 166 27 Lagutskottets

66 1294 297 28 sammanjemkningsförslag
386 1295 13 21 å
418 1295 62 22 sidan
495 1298 14 18 4
524 1295 118 22 innehåller
657 1301 33 15 om
706 1294 138 22 förenämnda
857 1294 31 21 in-

65 1323 88 27 ledning
169 1324 39 21 och
223 1323 210 28 kapitelöfverskrift.

137 1363 134 28 Helsingfors
289 1364 41 22 den
345 1366 26 20 29
387 1364 43 28 Maj
449 1366 62 20 1877.

281 1421 35 21 På
330 1420 217 28 Lagutskottets
563 1423 111 25 vägnar:

412 1478 27 22 A.
461 1478 79 22 Wrede.
