1086 1717
245 98 41 20 982
555 104 41 17 Den
612 102 26 19 29
655 104 41 23 Maj.

217 163 69 23 träde.
316 164 136 29 Regeringen
475 172 75 16 ensam
572 172 52 21 eger
642 167 48 22 icke
705 166 130 27 befogenhet
849 167 33 21 att
897 168 51 20 utan
964 173 26 15 en
1006 166 34 22 sä-

217 192 42 22 dan
281 192 158 30 framställning
462 195 23 21 af
500 195 193 28 bankfullmäktige
708 196 54 22 eller
776 197 46 20 mot
836 195 204 27 bankfullmäktiges

217 221 57 27 äsigt
289 222 98 28 företaga
401 230 26 15 en
443 224 67 22 sådan
525 224 127 28 suspension
664 224 22 22 af
695 224 99 28 gällande
804 224 99 27 banklag,
914 225 56 21 huru
981 225 59 21 trän-

217 251 71 27 gande
310 251 102 23 behofvet
435 253 62 21 deraf
518 256 26 19 än
566 254 36 21 mä
624 253 98 22 förefalla
743 253 133 27 regeringen.
906 253 136 27 Regeringen

215 279 44 22 kan
275 280 86 22 säledes
375 281 48 22 icke
439 282 64 22 träda
517 282 22 22 in
553 282 41 22 och
608 282 73 28 hjelpa
695 283 8 21 i
718 288 27 16 en
761 282 66 22 sädan
841 282 133 28 konjunktur
990 282 52 21 eller

214 308 89 28 vidiaga
325 309 42 22 den
389 310 56 22 enda
467 311 83 27 åtgärd,
571 317 47 16 som
633 314 101 25 utgjorde
750 314 33 19 ett
796 313 111 20 korrektiv
921 314 46 19 mot
982 313 60 19 stad-

217 337 81 27 gandet
320 339 34 21 att
375 339 85 22 banken
479 342 24 19 är
523 340 86 22 absolut
618 340 119 22 inskränkt
752 340 32 21 till
799 342 33 19 ett
846 340 55 22 visst
916 340 125 27 sedelutgif-

215 366 147 32 ningsbelopp.
393 368 43 22 Det
458 368 67 23 finnes
548 369 64 27 ingen
628 376 69 15 annan
713 370 66 26 utväg
794 371 28 19 än
837 370 34 20 att
884 369 157 21 bankfullmäk-

216 397 45 25 tige
276 396 53 26 göra
344 402 26 16 en
385 396 206 29 framställning
558 392 29 37 om
602 398 72 22 saken.
700 398 35 21 Nu
750 398 72 21 kunna
833 398 119 22 emellertid
963 399 79 20 tvenne

216 424 198 29 bankfullmäktige,
438 426 24 22 af
481 427 71 22 hvilka
574 428 42 21 den
641 434 41 15 ena
704 429 24 20 är
747 426 134 27 ordförande,
901 427 29 27 pä
944 426 98 23 formella

216 453 48 22 skäl
288 453 52 22 eller
362 455 66 22 ocksä
450 456 32 21 till
502 455 51 28 följä
570 456 22 22 af
606 463 25 15 en
647 455 191 28 missuppfattning
854 455 23 22 af
890 456 41 21 den
946 456 96 27 verkliga

217 482 137 28 ställningen,
376 483 113 23 framkalla
512 492 26 15 en
557 485 50 22 svår
621 485 45 22 kris
681 485 7 21 i
703 485 80 21 landet.
813 485 43 21 Det
872 491 62 21 synes
950 485 44 26 mig
1010 487 32 19 att

215 511 67 22 redan
306 512 61 22 detta
391 513 103 27 exempel,
519 514 85 22 hvartill
624 514 68 21 andra
706 513 50 28 föga
770 513 82 22 mindre
867 513 87 22 talande
969 513 73 22 kunde

216 540 82 27 läggas,
319 543 25 19 är
362 541 130 28 tillräckligt,
512 542 32 23 för
559 545 33 20 att
606 543 104 22 motivera
726 549 27 15 en
768 543 79 27 ökning
861 542 23 22 af
897 543 62 22 deras
976 543 65 26 antal,

215 568 73 23 hvilka
302 569 8 22 i
326 570 25 21 sä
365 570 81 28 vigtiga
461 571 72 28 frägor
547 571 63 22 hafva
626 572 127 27 afgörandet
767 571 7 22 i
789 571 47 22 sina
851 571 82 22 händer
948 571 41 22 och
1005 578 37 21 ge-

216 603 51 16 nom
290 599 93 30 ensidig
395 599 136 29 uppfattning
552 601 74 22 kunna
648 602 53 26 göra
719 600 91 28 mycken
825 600 74 22 skada.
930 600 73 22 Sädan
1019 603 24 19 är

216 626 196 24 åtminstone
365 622 47 39 nit
434 629 138 22 individuella
594 622 149 39 uppfattning,
760 622 98 39 grundad
879 629 29 28 pä
922 633 28 18 en
964 629 79 28 tioårig

217 655 129 23 erfarenhet.
376 657 81 22 Härvid
482 658 35 22 vill
540 659 37 27 jag
602 659 55 21 dock
681 659 48 22 icke
748 658 56 21 neka
823 659 33 20 att
871 664 109 22 personer,
996 664 46 16 som

216 685 56 21 stått
290 685 3 21 i
309 691 81 17 samma
405 687 102 27 ställning
522 693 46 16 som
580 688 44 27 jag,
640 687 54 28 hysa
710 693 26 16 en
753 687 113 22 afvikande
882 687 61 27 åsigt.

285 714 57 22 Herr
363 715 208 28 Nordenskiöld,
594 717 54 21 Karl
670 715 75 23 Adolf:
776 716 44 21 Min
836 715 65 28 afsigt
911 723 38 15 var
964 716 79 22 endast

218 743 32 20 att
265 742 75 23 förena
354 744 44 27 mig
413 745 50 21 med
477 744 89 23 friherre
581 751 41 16 von
638 745 64 22 Troil.

286 772 99 22 Friherre
408 779 42 16 von
473 774 79 26 Troil,
569 774 21 22 S.
606 774 30 21 V:
667 774 33 21 Då
714 774 51 21 herr
780 773 149 28 Montgomery
945 773 51 28 sjelf
1010 780 33 15 er-

216 799 54 22 känt
290 802 33 20 att
338 801 62 22 valen
415 802 58 22 inom
488 803 90 21 stånden
594 803 48 22 icke
657 803 71 22 lemna
743 803 71 26 någon
830 803 84 26 garanti
930 804 33 20 att
978 803 66 21 dessa

216 829 34 21 val
266 829 62 22 skola
343 830 62 22 träffa
420 837 109 22 personer,
546 838 46 15 som
608 832 32 21 uti
655 831 131 27 bankfrågor
795 831 115 22 innehafva
920 831 124 22 erfarenhet

216 857 40 22 och
279 858 126 29 kunskaper
427 859 23 22 af
471 860 40 22 den
533 860 133 27 omfattning,
690 867 48 15 som
754 860 93 27 önskligt
862 866 57 21 vore,
936 862 57 19 samt
1007 860 37 22 två

216 885 24 22 af
260 887 28 22 de
310 889 123 22 nuvarande
456 889 191 27 bankfullmäktige
660 889 80 28 jemväl
755 888 64 23 hafva
833 889 8 21 i
856 889 102 22 afseende
974 889 13 21 å
1001 889 43 21 frå-

216 921 40 21 gan
281 921 35 16 om
335 915 145 30 förstärkning
495 918 22 21 af
530 918 206 27 bankfullmäktiges
752 918 59 21 antal
827 918 56 21 varit
898 918 22 21 af
934 918 110 27 skiljaktig

216 944 92 28 mening,
332 945 25 22 sä
379 950 65 18 anser
463 947 38 27 jag
523 948 32 21 att
575 947 65 22 dessa
658 947 82 27 äsigter
755 947 125 27 ytterligare
896 947 43 21 tala
954 946 33 22 för
1002 947 42 21 den

215 969 87 58 menin
315 974 38 27 jag
367 974 48 22 haft
429 975 42 22 den
486 977 51 20 äran
552 977 33 21 att
599 975 56 22 inför
670 975 160 28 Ridderskapet
845 975 41 22 och
901 975 69 22 Adeln
980 975 64 22 fram-

215 1008 69 16 ställa.

284 1031 99 23 Friherre
405 1039 39 15 von
459 1033 82 22 Born:
572 1034 34 21 Då
620 1033 105 28 förslaget
741 1039 35 15 om
792 1033 46 21 åtta
853 1032 192 28 bankfullmäktige

215 1060 48 21 icke
279 1061 75 27 tyckes
370 1061 73 22 kunna
458 1062 67 21 räkna
540 1062 28 27 pä
584 1062 91 22 odelade
691 1061 118 29 sympatier
823 1062 59 21 inom
897 1062 61 21 detta
973 1062 71 26 ständ,

215 1089 71 22 skulle
306 1089 38 28 jag
365 1091 159 21 vördsammast
544 1091 85 26 föreslä,
646 1091 107 22 huruvida
767 1091 48 21 icke
830 1091 160 27 Ridderskapet
1005 1091 40 21 och

214 1117 71 22 Adeln
309 1118 56 22 dock
387 1119 50 22 ville
457 1119 85 22 besluta
558 1120 33 27 sig
606 1119 78 27 derför,
700 1125 50 16 men
766 1119 69 22 tillika
850 1125 108 21 uppmana
972 1119 73 22 Bank-

214 1146 110 23 utskottet
344 1149 33 20 att
398 1147 115 24 framdeles
533 1149 7 20 i
556 1148 68 22 sinom
639 1149 32 21 tid
686 1148 109 22 inkomma
809 1148 50 21 med
874 1147 82 28 förslag
970 1148 33 21 till
1019 1155 26 15 en

214 1175 127 28 lämpligare
364 1177 83 21 arbets-
471 1177 39 22 och
535 1177 128 22 framförallt
686 1177 173 26 lönefördelning
875 1177 91 22 emellan
982 1177 64 21 dessa

215 1205 47 21 åtta
285 1204 208 29 bankfullmäktige;
518 1205 60 22 detta
593 1206 85 22 således
698 1206 3 21 i
716 1212 84 15 samma
815 1205 62 28 syfte,
894 1212 45 15 som
955 1205 90 22 friherre

214 1239 42 16 von
272 1234 58 21 Troil
346 1233 57 22 förut
420 1234 116 28 föreslagit,
553 1235 67 22 ehuru
636 1241 28 15 nu
680 1235 7 21 i
703 1241 71 15 annan
789 1234 61 22 form.

283 1263 57 21 Herr
359 1263 23 21 af
394 1263 144 26 Forselles,
554 1264 65 21 Emil:
649 1264 35 21 Dä
697 1263 174 22 Bankutskottet
886 1263 106 27 enhälligt
1007 1263 39 22 har

214 1290 100 23 förordat
329 1292 96 22 ökandet
439 1292 23 22 af
475 1292 204 28 bankfullmäktiges
695 1293 61 21 antal
771 1292 32 22 till
817 1292 53 27 ätta,
886 1292 40 22 och
936 1292 68 22 redan
1014 1294 33 20 ett

215 1320 65 22 stånd
302 1320 79 22 bifallit
404 1321 77 27 dertill,
503 1322 39 21 och
562 1322 41 21 här
617 1322 7 20 i
640 1322 43 27 dag
698 1321 22 22 af
735 1328 27 14 en
777 1320 129 28 föregående
922 1321 59 26 ärad,
997 1322 49 21 med

216 1349 67 22 dessa
297 1349 150 23 förhällanden
464 1350 96 22 särdeles
576 1350 110 28 förtrogen
700 1350 70 22 talare
787 1350 117 27 andragits,
920 1350 74 21 säsom
1003 1350 43 26 mig

214 1384 71 22 synes,
312 1377 115 29 fullgiltiga
442 1379 46 21 skäl
505 1378 33 23 för
552 1379 94 22 antalets
662 1379 93 26 ökande,
770 1379 70 21 mäste
853 1379 38 27 jag
906 1378 32 21 för
953 1378 43 21 min
1012 1379 33 21 del

215 1405 121 30 tillstyrka
362 1408 162 22 'Pankutskottets
539 1407 81 28 förslag
630 1409 34 21 att
670 1407 206 27 bankfullmäktiges
886 1407 59 21 antal
953 1407 53 22 ökas
1015 1407 33 21 till

218 1436 53 22 åtta.
295 1436 49 22 Den
359 1436 56 22 enda
430 1437 140 27 synpunkt,ur
584 1437 86 21 hvilken
683 1437 38 27 jag
736 1436 57 22 varit
807 1436 51 28 böjd
868 1438 33 20 att
908 1436 140 22 underkänna

218 1464 113 28 förslaget,
356 1468 23 19 är
402 1467 33 20 att
453 1466 95 22 bankens
565 1466 91 27 styrelse
672 1466 40 21 och
727 1465 130 27 förvalining
873 1465 123 27 derigenom
1011 1467 36 19 vä-

218 1494 108 27 sentligen
348 1494 111 28 fördyras;
482 1495 37 21 det
541 1494 72 27 gäller,
636 1494 7 22 i
666 1494 106 22 händelse
795 1494 42 22 alla
856 1493 192 28 bankfullmäktige

217 1523 64 23 skola
297 1522 64 24 hafva
379 1530 82 16 samma
477 1523 99 29 aflöning,
593 1530 25 16 en
629 1524 106 22 kostnads
747 1523 79 28 ökning
837 1522 23 23 af
869 1525 27 20 24
906 1525 64 21 tusen
981 1523 65 22 mark.
