1086 1717
401 118 40 20 Don
457 119 26 19 30
499 119 43 25 Maj.
812 117 39 22 991

130 182 57 22 Herr
209 182 162 28 Schauman,
394 183 94 27 August:
519 183 41 27 Jag
582 183 70 22 mäste
674 182 33 22 för
724 182 43 22 min
783 182 34 22 del
831 182 54 28 yrka

62 211 29 27 pä
113 212 33 20 att
168 211 160 28 Ridderskapet
347 212 40 22 och
402 212 69 22 Adeln
486 212 112 22 vidblifver
613 212 39 22 sitt
666 211 59 22 förut
739 212 7 21 i
761 211 67 22 saken
843 210 41 22 fat-

62 240 52 22 tade
128 240 78 21 beslut.

131 268 57 22 Herr
201 269 166 27 Lagerborg,
379 269 94 22 Robert:
489 269 44 22 Det
548 275 64 22 synes
623 269 43 27 mig
675 270 32 20 att
715 268 170 22 Statsutskottet

63 298 56 21 hade
145 298 49 21 bort
220 298 64 21 ställa
309 304 43 21 upp
379 298 33 21 sin
434 298 204 28 sammanjemkning
660 298 28 27 pä
710 297 131 28 grundvalen
864 296 23 22 af

63 326 171 28 Ridderskapets
250 326 40 22 och
300 327 81 21 Adelns
396 327 73 21 beslut
484 333 35 15 om
533 327 120 27 beviljande
668 326 23 22 af
704 328 32 20 ett
750 326 92 22 kreditiv
856 326 29 27 pä

65 357 10 19 1
99 355 73 27 miljon
192 355 62 22 mark
270 356 40 21 och
326 356 38 21 det
378 355 109 22 förefaller
501 356 50 27 mig,
567 362 46 15 som
630 362 34 15 om
678 355 7 21 i
700 356 77 21 sädant
791 354 37 22 fall
842 354 42 22 frä-

64 390 41 21 gan
121 384 46 21 haft
181 390 45 16 mer
241 384 69 27 utsigt
325 386 33 20 att
372 384 86 22 komma
473 384 33 22 till
523 391 26 15 en
563 384 90 28 lösning.
684 384 49 22 Men
747 384 34 22 för
796 383 89 22 atticke

63 413 8 21 i
89 413 133 22 närvarande
240 413 88 27 sakläge
343 414 28 27 pä
385 414 67 27 nägot
467 415 45 20 sätt
526 414 89 27 bidraga
630 413 32 22 till
678 415 33 20 att
725 412 160 27 Ridderskapet

65 442 40 21 och
124 442 68 22 Adeln
212 442 68 22 skulle
295 443 86 21 komma
396 445 33 19 att
443 442 80 22 blanda
537 443 49 21 bort
602 443 70 21 denna
685 442 85 27 lösning
784 442 46 21 helt
845 441 40 22 och

64 471 73 26 hället,
161 473 45 20 tror
226 471 38 27 jag
283 471 37 22 det
339 471 82 22 kanske
444 471 84 22 ändock
550 473 24 20 är
589 473 80 20 rättast
685 473 33 20 att
732 471 58 21 hälla
805 471 32 26 sig
851 470 34 21 till

65 499 179 22 Statsutskottets
261 500 305 28 sammanjemkningsförslag,
582 500 55 22 dock
647 501 49 21 med
707 500 40 21 den
755 499 131 28 uttryckliga

64 528 147 22 modifikation
225 529 51 22 herr
290 529 151 28 Björkenheim
456 529 118 28 föreslagit,
590 529 42 22 och
647 535 34 16 om
696 529 86 22 hvilken
795 529 37 27 jag
847 528 38 21 ber

63 557 23 21 fä
100 557 75 22 förena
189 557 50 28 mig.

133 587 56 21 Herr
211 586 158 27 Schauman,
391 587 25 22 B.
440 587 33 22 O.:
503 587 43 27 Jag
567 587 39 21 ber
628 587 66 21 också
709 586 22 22 få
744 585 141 28 understödja

64 615 50 21 herr
129 621 41 16 von
184 615 94 22 Hellens'
294 615 81 28 förslag
389 616 48 21 med
453 616 41 21 den
509 615 147 22 modifikation
671 615 50 22 herr
735 615 150 27 Björkenheim

65 644 45 21 deri
129 644 63 27 gjort,
208 645 41 21 och
264 646 45 20 tror
324 646 32 19 att
371 645 91 21 sälanda
477 645 66 21 saken
560 645 54 21 dock
629 645 40 21 har
684 645 40 21 den
740 644 63 21 bästa
818 643 68 27 utsigt

65 674 33 20 att
111 673 69 22 vinna:
192 679 27 15 en
234 673 201 22 tillfredsställande
449 673 95 28 lösning;
560 674 49 21 med
624 675 39 24 att,
680 673 72 22 såsom
766 673 50 22 herr
830 673 55 21 Nor-

65 701 113 22 denskiöld
193 701 116 28 föreslagit,
325 704 52 25 taga
391 702 171 28 Ridderskapets
577 702 40 22 och
632 702 80 21 Adelns
728 702 72 21 beslut
807 701 33 22 till
851 702 33 20 ut-

66 730 144 27 gängspunkt,
226 733 46 19 tror
284 731 38 27 jag
337 731 110 28 ingenting
461 731 82 27 vinnes,
560 731 28 22 dä
603 731 25 22 sä
642 731 78 27 mänga
727 730 75 27 finnas,
814 730 71 22 hvilka

64 759 111 22 bestämdt
189 760 63 27 yrkat
266 760 28 27 pä
310 759 73 28 afslag.

133 788 56 21 Herr
203 789 162 26 Lagerborg,
381 789 25 21 A.
423 789 40 21 W.:
493 789 42 27 Jag
550 789 70 21 skulle
636 788 85 22 anhälla
736 789 33 21 att
782 787 23 22 fä
815 787 70 22 Stats-

61 813 122 57 jikaköIsota
207 817 298 28 sammanjemkningsförslag
527 817 115 28 bordlagdt
664 817 32 22 till
714 817 171 27 morgondagens

64 851 93 21 plenum.

132 875 56 21 Herr
203 874 23 22 af
239 875 150 25 Forselles,
406 875 65 21 Emil:
487 875 43 27 Jag
542 875 50 22 ville
607 875 57 22 blott
678 875 27 22 be
721 876 32 20 att
768 874 21 22 fä
797 873 89 22 omfatta

65 903 42 21 den
122 903 23 21 af
157 903 49 22 herr
221 903 151 28 Björkenheim
387 903 124 28 föreslagna
525 903 171 22 modifikationen
713 904 39 21 och
761 903 73 22 förena
841 903 43 26 mig

65 938 35 15 om
115 931 109 28 förslaget.

133 961 56 22 Herr
204 961 205 28 Nordenskiöld,
425 961 53 22 Karl
493 961 73 22 Adolf:
585 961 46 28 Jag"
639 955 69 38 skulle
722 961 27 22 be
763 962 33 21 att
810 960 22 21 få
841 959 42 22 för-

65 995 41 16 ena
121 990 43 27 mig
178 990 49 21 med
242 990 50 21 herr
306 990 166 26 Nordenskiöld,
488 990 47 21 Nils
550 990 58 22 Karl.

133 1019 55 21 Herr
202 1025 42 16 von
259 1019 124 22 Hellens:
399 1019 72 22 Sedan
486 1019 156 27 bordläggning
658 1019 22 22 af
694 1025 26 16 en
735 1018 76 22 ständs
826 1017 59 22 med-

64 1047 43 21 lem
129 1049 24 20 är
175 1047 87 28 begärd,
286 1048 26 21 sä
333 1048 62 22 torde
417 1048 34 22 väl
475 1048 124 22 densamma
619 1048 48 21 icke
682 1048 71 21 kunna
767 1047 116 26 förvägras.

65 1076 50 21 Men
137 1076 97 22 deremot
256 1077 69 22 skulle
346 1077 37 27 jag
404 1077 33 22 för
459 1077 44 21 min
523 1077 33 21 del
574 1077 29 27 pä
620 1077 38 22 det
672 1077 144 27 allvarligaste
830 1077 55 20 mot-

65 1107 59 19 sätta
138 1105 43 28 mig
196 1105 70 22 denna
280 1105 141 28 bordlägning
436 1106 33 21 till
484 1106 171 27 morgondagens
670 1106 97 27 plenum;
779 1105 37 22 det
824 1105 61 21 torde

65 1140 52 16 vara
131 1140 48 21 nog,
195 1141 35 14 om
245 1135 41 21 den
300 1135 128 26 bordlägges
443 1134 33 22 till
491 1134 181 27 eftermiddagens
688 1135 91 26 plenum.

133 1163 56 22 Herr
209 1163 160 27 Schauman,
389 1164 24 21 B.
434 1163 33 22 O.:
497 1163 61 22 Efter
572 1163 57 22 hvad
642 1163 38 28 jag
694 1165 51 24 tror,
762 1163 25 21 sä
801 1161 84 22 fordras

66 1191 38 22 det
125 1192 37 21 tvä
183 1192 130 22 ledamöters
336 1193 95 26 yrkande
448 1193 29 26 pä
491 1192 161 27 bordläggning,
668 1192 32 22 för
715 1193 32 20 att
761 1191 124 28 ytterligare

65 1220 155 27 bordläggning
236 1221 55 21 skall
307 1227 40 21 ega
361 1227 54 21 rum;
429 1221 78 22 hittills
522 1221 39 22 har
573 1221 38 28 jag
625 1221 57 21 blott
696 1221 49 22 hört
760 1227 26 14 en
795 1220 91 21 medlem

65 1249 53 27 yrka
132 1249 29 27 pä
176 1249 162 28 bordläggning.

133 1278 56 22 Herr
206 1278 193 28 Björkenheim,
421 1278 94 23 Robert:
545 1278 73 27 Enligt
634 1278 44 22 min
692 1278 62 28 äsigt,
771 1277 24 22 sä
811 1279 24 20 är
850 1277 37 21 det

63 1307 126 27 visserligen
212 1307 50 22 herr
281 1308 135 27 Lagerborgs
434 1310 45 19 rätt
495 1309 34 20 att
543 1307 22 22 fä
579 1307 75 27 frägan
668 1306 111 28 bordlagd,
795 1306 42 22 och
852 1312 35 15 om

65 1336 38 21 det
118 1336 66 22 ocksä
198 1336 48 22 icke
261 1342 51 16 vore
328 1336 43 26 det,
387 1337 25 21 sä
427 1336 69 22 skulle
512 1336 52 22 hvar
580 1336 40 22 och
636 1342 26 16 en
677 1335 22 23 af
713 1336 98 22 ständets
827 1334 59 22 leda-

64 1366 76 25 möter,
163 1365 7 21 i
192 1371 27 15 en
234 1365 71 27 vanlig
322 1364 238 28 bordläggningsfräga,
576 1365 20 21 d.
613 1371 18 15 v.
648 1371 17 15 s.
682 1371 26 15 en
722 1364 68 27 fräga,
807 1364 38 21 der
860 1369 27 15 en

64 1393 96 22 ledamot
174 1393 22 22 af
210 1394 87 21 ständet
313 1394 76 26 begärt
404 1394 32 21 tid
451 1394 34 22 för
499 1396 33 19 att
546 1393 66 22 fixera
627 1394 32 20 sin
676 1394 55 26 äsigt
747 1393 90 27 ifrägan
846 1392 40 22 och

64 1422 34 21 för
119 1424 33 20 att
173 1422 105 27 genomgä
299 1423 80 27 nödiga
397 1422 135 28 handlingar,
548 1422 140 27 understödja
702 1422 79 21 honom
795 1422 7 20 i
818 1421 69 21 denna

64 1450 54 22 hans
139 1450 104 23 anhållan.
274 1452 32 20 En
324 1458 70 14 annan
409 1450 61 28 fråga
485 1453 26 19 är
526 1457 26 15 en
568 1450 74 27 sådan,
659 1456 46 16 som
720 1451 75 25 denna,
812 1450 7 20 i
833 1449 54 22 hvil-

64 1479 43 21 ken
127 1480 42 21 alla
186 1479 47 22 haft
249 1486 42 21 nog
306 1480 127 22 betänketid
448 1480 41 22 och
505 1480 39 21 der
558 1479 138 27 pluraliteten
711 1478 22 22 af
746 1478 89 22 ståndet
850 1479 37 20 ön-

65 1508 51 21 skar
131 1510 32 20 ett
178 1510 60 20 snart
252 1508 123 27 afgörande.
405 1508 45 22 Der
465 1508 83 22 tilläter
560 1508 38 27 jag
612 1508 43 26 mig
670 1509 33 20 att
717 1507 64 27 vädja
795 1506 33 22 till
838 1506 50 22 herr

65 1536 123 28 Lagerborg
210 1537 40 22 och
273 1537 67 27 fräga,
361 1544 34 15 om
410 1538 42 21 han
467 1538 50 21 icke
533 1536 36 22 vill
585 1537 98 27 ätertaga
697 1536 38 22 sitt
749 1534 96 29 yrkande
860 1535 29 27 pä
