1086 1717
406 110 39 18 Den
464 109 21 18 11
501 111 42 22 Maj.
805 108 40 20 729

56 174 33 21 att
113 172 101 22 nationen
238 173 48 21 icke
307 173 47 21 helt
369 173 40 22 och
424 173 68 21 hållet
506 174 111 26 hängifver
631 173 32 27 sig
680 173 22 21 åt
717 174 26 20 de
758 172 119 22 materiella

55 202 129 25 intressena,
209 202 53 20 utan
278 202 66 21 också
358 202 75 22 kastar
451 202 68 28 några
534 202 97 22 skärfvor
646 202 23 21 åt
684 202 26 21 de
725 202 83 22 ideella.
839 201 38 21 Ett

56 232 66 20 annat
141 230 52 26 skäl
209 230 64 22 hafva
288 231 20 21 vi
323 230 7 22 i
346 231 153 27 språktvisten,
515 237 45 16 som
575 231 159 22 åstadkommer
749 231 25 21 så
788 230 90 27 mycken

57 260 52 27 split
129 259 40 21 hos
194 265 46 20 oss;
260 260 37 20 det
311 260 42 21 kan
368 266 51 15 vara
435 260 53 26 godt
503 262 32 20 att
549 260 21 21 vi
585 260 111 21 framkalla
711 260 31 20 till
758 259 24 22 lif
796 259 83 22 sådana

56 288 79 22 ideella
150 288 113 26 intressen,
280 294 34 16 om
330 288 72 22 hvilka
417 288 42 22 alla
474 289 73 21 kunna
561 296 51 14 vara
624 289 62 26 eniga
696 288 39 22 och
747 289 132 27 gemensamt

58 318 66 21 verka
138 316 39 22 för.
207 317 39 21 Ett
260 317 69 27 tredje
346 317 47 21 skäl
408 316 68 23 finner
489 318 38 27 jag
541 318 7 21 i
564 318 36 21 det
610 317 139 27 förhållande,
762 319 32 20 att
801 318 78 21 intres-

57 348 35 20 set
111 346 33 21 för
163 346 146 27 vetenskapen
324 346 95 28 tydligen
434 346 57 22 varit
505 347 6 21 i
527 346 115 28 aftagande
658 346 67 22 under
740 348 86 20 senaste
843 346 36 21 de-

59 375 92 23 cennier.
174 375 36 21 Må
225 381 48 15 man
290 374 27 22 då
332 375 7 21 i
349 375 98 27 konsten,
459 375 33 22 för
502 376 84 21 hvilken
598 375 142 22 allmänheten
749 376 48 20 med
807 374 73 28 hvarje

59 406 24 20 år
97 404 72 27 börjar
183 404 53 27 hysa
252 405 31 20 ett
298 404 39 21 allt
351 404 89 27 lifligare
455 404 98 27 intresse,
568 404 58 22 finna
642 406 32 20 ett
688 404 71 22 medel
773 406 33 20 att
822 403 59 23 hålla

59 434 35 22 vid
109 432 25 23 lif
147 432 112 23 nationens
276 433 91 27 sympati
382 432 33 23 för
429 433 80 22 ideella
523 434 113 21 intressen.

127 463 56 20 Herr
198 462 71 21 Rein:
285 462 114 21 Utskottet
413 462 39 21 har
467 464 55 20 trott
537 463 32 27 sig
584 463 53 21 böra
652 462 139 28 understödja
806 461 76 28 sjelfva

61 491 148 28 hufvudsyftet
231 490 23 22 af
272 491 125 27 petitionen,
421 497 48 15 men
485 492 29 27 på
529 498 81 15 samma
625 492 55 27 gång
695 493 72 20 ansett
781 491 33 27 sig
829 491 54 21 böra

61 520 117 22 inskränka
194 519 41 22 den
250 519 32 22 till
298 520 176 27 anspråkslösare
491 521 149 21 dimensioner.
662 520 114 22 Utskottet
785 520 40 21 har
834 519 49 22 icke

61 549 58 22 velat
136 549 108 27 tillstyrka
258 549 133 22 inrättandet
406 548 23 23 af
443 556 26 15 en
485 549 171 22 konstakademi.
686 549 43 22 Det
743 549 39 22 har
796 554 51 22 nyss
863 547 22 22 af

62 585 27 15 en
109 577 52 22 ärad
181 577 68 22 talare
268 577 70 22 blifvit
355 578 122 27 klandradt,
495 580 32 20 att
541 579 108 21 utskottet
663 578 47 21 icke
725 578 58 22 velat
797 577 87 22 förorda

63 614 26 15 en
104 607 68 21 sådan
186 607 42 26 idé,
245 613 48 14 men
308 607 108 22 utskottet
431 607 40 22 har
486 609 54 20 trott
554 607 32 27 sig
600 607 64 22 hafva
679 607 47 21 skäl
741 607 32 21 till
789 607 38 21 sitt
841 605 43 22 för-

62 635 95 27 farande,
180 635 48 22 icke
249 635 57 22 blott
328 635 45 22 deri
397 638 32 19 att
445 643 26 14 en
488 637 66 21 sådan
569 636 146 22 konstanstalt
729 635 32 22 för
776 636 51 21 våra
841 634 43 22 för-

62 664 115 22 hållanden
196 671 51 15 vore
263 665 129 21 åtminstone
409 665 72 22 alltför
497 665 114 27 storartad,
627 665 72 22 alltför
713 665 103 25 kostsam,
832 665 53 20 utan

63 694 62 21 äfven
140 693 7 21 i
163 693 36 22 det
214 693 111 22 artistiska
340 694 65 21 motiv
421 695 33 20 att
469 694 145 27 tvifvelaktigt
628 700 70 21 synes,
713 693 105 22 huruvida
830 693 7 20 i
847 691 39 22 vår

63 723 32 21 tid
115 722 189 22 konstakademier
324 725 36 19 äro
381 723 26 21 de
425 723 154 26 institutioner,
596 729 46 16 som
657 723 50 21 bäst
721 723 71 26 lämpa
807 721 32 27 sig
853 720 34 22 för

63 752 103 21 konstens
182 750 152 28 befrämjande.
364 751 43 22 Det
423 751 40 22 har
478 752 7 21 i
501 753 38 21 vår
553 752 31 21 tid
599 752 47 27 höjt
660 752 34 27 sig
708 751 77 27 många
798 750 88 27 insigts-

64 780 52 22 fulla
136 781 109 25 stämmor,
261 780 72 21 hvilka
348 781 69 27 yrkat,
433 782 33 20 att
481 781 217 22 konstakademierna
714 779 125 23 öfverlefvat
853 778 34 21 sin

65 809 31 22 tid
112 809 40 21 och
167 810 33 20 att
215 809 37 21 det
266 809 49 22 icke
331 811 24 20 är
369 815 78 21 genom
462 809 84 22 sådana
560 809 152 26 institutioner,
731 815 46 15 som
787 809 100 21 konstut-

65 837 138 28 vecklingens
219 838 107 21 intressen
341 844 89 15 numera
445 838 51 22 bäst
511 838 133 27 tillgodoses.
673 838 114 22 Utskottet
800 837 40 22 har
855 836 33 21 in-

66 867 90 22 skränkt
174 867 32 26 sig
222 866 32 21 till
269 868 33 20 att
316 867 46 22 helt
377 867 73 21 enkelt
464 867 109 28 tillstyrka
588 874 26 15 en
629 867 91 28 petition
735 865 110 28 angående
862 871 27 16 en

66 896 62 21 skola
143 895 52 22 eller
210 895 73 22 skolor
297 895 33 22 för
345 896 142 22 meddelande
504 896 23 22 af
534 896 152 27 undervisning
696 896 7 21 i
713 895 100 22 bildande
823 895 66 21 konst

66 925 40 21 och
125 924 75 26 musik,
224 924 40 21 och
279 925 39 21 har
334 926 53 20 trott
403 927 32 19 att
451 925 123 25 ständerna,
590 927 53 20 utan
658 927 32 19 att
704 925 50 26 ingå
769 924 7 21 i
791 923 96 27 detaljer,

65 953 68 22 borde
149 952 129 23 öfverlemna
294 953 22 22 åt
331 953 60 22 Hans
406 954 112 27 Majestät,
535 956 37 25 att,
589 954 54 21 efter
658 953 135 22 inhemtande
808 951 23 22 af
839 952 50 21 sak-

66 982 144 27 förståndiges
232 982 92 27 mening,
348 985 97 19 närmare
467 983 122 22 bestämma
610 983 7 21 i
639 983 85 21 hvilken
739 981 150 26 utsträckning

67 1011 72 28 dylika
154 1011 104 22 anstalter
272 1011 71 22 kunde
360 1011 142 28 organiseras.

136 1040 46 21 Här
201 1040 39 21 har
255 1042 86 25 yttrats,
358 1042 32 20 att
406 1040 112 22 utskottet
532 1041 50 21 bort
597 1040 129 22 åtminstone
740 1039 88 22 försöka
843 1039 49 20 när-

68 1075 59 16 mare
147 1068 66 22 fixera
232 1069 41 21 den
294 1075 88 21 summa,
404 1075 47 16 som
468 1069 75 22 kunde
557 1069 108 22 behöfvas.
695 1069 48 22 Men
761 1069 60 21 detta
835 1067 57 22 hade

67 1097 103 23 förutsatt
185 1099 33 20 att
232 1098 109 21 utskottet
356 1098 68 22 skulle
439 1099 103 26 uppgjort
556 1098 67 27 något
637 1097 80 28 förslag
727 1097 31 22 till
770 1096 121 23 anstaltens

69 1127 151 27 organisation,
238 1127 40 21 och
295 1127 37 27 jag
346 1129 46 20 tror
407 1129 33 19 att
455 1129 33 19 ett
505 1127 93 27 anspråk
612 1127 68 27 härpå
696 1127 53 21 dock
764 1126 56 22 hade
833 1125 60 22 inne-

69 1157 61 21 burit
151 1155 73 22 alltför
243 1157 60 20 stora
318 1155 119 28 fordringar
451 1156 30 27 på
496 1156 114 21 utskottet.
640 1156 111 21 Utskottet
766 1155 39 21 har
819 1153 74 22 nemli-

70 1191 41 22 gen
131 1185 48 22 icke
193 1185 83 22 kunnat
293 1185 46 21 helt
354 1185 40 21 och
412 1185 69 21 hållet
497 1185 86 21 ansluta
598 1185 33 26 sig
646 1185 32 21 till
694 1185 41 20 den
750 1184 65 21 ärade
836 1182 56 28 peti-

70 1215 98 20 tionären
182 1214 8 21 i
204 1213 62 28 fråga
282 1220 33 15 om
331 1214 119 21 anstaltens
466 1214 158 27 organisation;
641 1213 36 22 det
691 1213 39 22 har
743 1213 50 28 hyst
803 1211 90 23 betänk-

70 1243 92 27 ligheter
177 1243 17 24 i:
199 1243 58 22 vissa
278 1243 94 27 punkter
395 1242 22 21 af
437 1242 128 27 petitionen,
589 1244 15 19 t.
623 1249 31 15 ex.
670 1243 7 20 i
692 1241 81 28 frågan,
790 1240 105 23 huruvida

71 1272 134 22 anstalterna
219 1271 33 23 för
266 1271 102 23 bildande
383 1271 65 22 konst
463 1271 43 22 och
518 1271 75 27 musik,
605 1271 71 22 såsom
686 1271 143 27 petitionären
839 1269 56 22 före-

71 1301 70 27 slagit,
161 1301 53 21 böra
233 1301 85 21 förenas
336 1300 69 22 under
419 1307 126 21 gemensam
559 1300 92 27 ledning.
681 1300 66 22 Detta
762 1299 80 27 förslag
855 1298 40 21 har

71 1330 110 22 utskottet
202 1331 72 20 ansett
294 1330 58 21 svårt
368 1330 33 20 att
415 1329 7 21 i
437 1329 117 27 praktiken
570 1329 128 27 genomföra.
728 1328 113 22 Utskottet
856 1327 39 21 har

72 1359 103 27 derjemte
190 1358 50 28 hyst
255 1365 81 15 samma
351 1358 72 26 tanke,
439 1364 48 15 som
503 1364 50 22 nyss
570 1358 22 22 af
604 1358 50 22 herr
663 1356 158 23 Nordenskiöld
831 1355 64 22 fram-

71 1387 80 27 hållits,
173 1389 33 20 att
227 1387 181 27 undervisningen
423 1386 7 22 i
447 1386 123 22 arkitektur
586 1387 83 21 kanske
686 1386 125 27 lämpligare
828 1384 68 22 borde

73 1416 74 27 skiljas
169 1416 55 21 ifrån
247 1416 42 21 den
297 1415 135 27 tföreslagna
447 1416 111 21 anstalten
572 1415 32 22 för
618 1415 100 22 bildande
733 1415 74 25 konst;
824 1420 26 14 en
864 1413 32 21 lä-

72 1451 49 15 rare
136 1445 7 21 i
159 1445 149 21 arkitekturen
330 1445 63 21 torde
415 1444 115 22 dessutom
552 1451 51 15 vara
622 1444 88 22 alldeles
725 1443 32 21 för
771 1443 54 22 litet.
855 1442 43 21 För

74 1475 33 20 att
126 1474 180 26 undervisningen
323 1473 45 21 deri
384 1472 55 22 skall
453 1472 77 22 kunna
544 1473 49 21 med
607 1473 71 27 någon
691 1472 111 27 framgång
817 1469 80 22 bedrif-

73 1508 44 20 vas,
140 1502 84 22 fordras
246 1502 138 22 tvifvelsutan
407 1502 33 21 ett
461 1502 74 21 större
553 1502 58 21 antal
626 1502 76 26 lärare,
718 1501 39 21 och
773 1500 28 21 då
816 1498 7 21 i
838 1498 60 28 poly-

74 1531 100 23 tekniska
189 1531 76 21 skolan
280 1530 109 22 meddelas
406 1536 26 16 en
448 1530 155 28 undervisning
618 1530 6 21 i
640 1530 123 25 arkitektur,
776 1534 45 16 som
833 1527 66 23 också
