1086 1717
361 126 39 18 Den
417 124 26 19 27
460 125 59 23 April
799 123 41 22 609

47 189 41 22 kan
104 188 80 28 uppstå
197 189 69 22 under
281 189 27 21 de
323 190 108 20 närmaste
447 187 42 23 fem
505 188 56 21 åren.
585 188 29 22 Af
621 187 202 27 bankfullmäktiges
831 188 37 21 be-

47 218 89 22 rättelse
154 216 92 28 framgår
262 217 56 22 dock
333 218 32 20 att
379 217 97 21 bankens
492 217 57 21 vinst
564 217 6 21 i
586 216 101 23 medeltal
702 216 69 22 under
786 216 26 22 de
827 216 42 22 fem

47 246 128 28 föregående
198 246 50 21 åren
268 246 83 27 utgjort
371 247 114 25 1,400,000
503 246 61 21 mark
582 252 35 16 om
633 246 53 26 året,
703 245 84 22 således
802 245 69 21 under

47 274 42 23 fem
105 276 23 20 år
143 276 124 26 7,000,000;
283 275 65 27 lägga
363 274 19 22 vi
397 275 32 21 till
445 275 65 21 dessa
525 276 113 25 7,000,000
654 275 42 21 den
711 274 120 28 besparade
839 274 30 21 el-

47 304 31 22 ler
96 311 29 14 nu
140 303 110 27 befintliga
264 304 143 21 bankvinsten
423 304 43 25 3!/,
481 303 102 27 miljoner,
600 304 26 21 så
639 302 64 23 hafva
717 304 20 21 vi
754 304 53 26 10%
822 303 48 21 mil-

45 333 67 27 joner.
144 332 66 22 Skola
224 339 29 15 nu
269 333 64 21 dessa
349 332 54 26 10'/,
419 332 98 27 miljoner
531 332 61 21 mark
606 332 82 21 lemnas
708 333 115 26 oanvända,
842 332 28 22 dä

47 362 35 21 vid
97 362 70 21 denna
181 361 104 27 landtdag
300 361 98 27 påkallas
415 361 75 27 anslag
504 360 33 22 för
551 360 51 22 flere
617 361 87 27 vigtiga,
713 361 110 27 oafvisliga
831 361 37 22 be-

46 390 43 26 hof,
113 390 40 22 och
173 390 37 22 det
224 390 34 22 väl
274 390 41 21 blir
330 390 132 26 nödvändigt
477 391 34 20 att
526 390 172 26 sammanbringa
712 390 69 21 medel
797 390 72 22 dertill

47 425 76 21 genom
138 426 41 21 nya
194 419 95 22 skatters
304 418 150 28 påläggande?
469 419 42 21 För
526 419 42 21 min
584 418 34 23 del
634 418 70 23 skulle
717 418 37 28 jag
761 419 47 22 icke
817 425 52 16 anse

47 449 37 21 det
104 455 52 16 vara
178 448 102 21 rationelt
302 450 32 19 att
357 447 90 22 sålunda
467 447 30 28 på
519 449 32 20 ett
570 448 43 21 håll
628 447 58 28 hopa
701 447 76 27 medel,
792 449 78 20 medan

47 483 49 16 man
118 477 110 27 samtidigt
250 477 82 27 nödgas
347 477 97 27 uppbära
460 476 23 22 af
497 477 25 21 de
538 477 170 26 skattdragande
722 483 41 21 nya
778 476 91 28 afgifter.

47 507 42 26 Jag
110 506 69 21 skulle
203 505 84 22 derföre
302 511 52 16 anse
370 507 32 20 att
416 506 71 27 någon
503 505 35 22 del
553 505 22 22 af
588 505 141 22 bankvinsten
744 506 39 21 bör
799 505 71 22 anslås

47 535 32 22 för
99 535 26 22 de
146 534 126 27 statsbehof,
289 541 47 15 som
350 541 29 14 nu
394 535 36 21 vid
445 534 71 21 denna
531 534 103 27 landtdag
650 533 85 28 pröfvas
750 541 52 15 vara
816 535 53 21 nöd-

47 564 98 27 vändiga.
174 564 10 21 I
200 563 78 22 sådant
292 563 102 22 afseende
410 563 69 22 skulle
492 563 37 28 jag
544 562 74 23 förena
632 563 44 27 mig
691 569 34 16 om
736 564 37 21 det
782 563 87 27 förslag,

47 599 47 15 som
109 592 23 22 af
145 592 89 22 friherre
249 599 41 15 von
306 592 64 26 Troil,
387 592 86 21 Samuel
481 592 95 26 Werner,
585 591 71 22 blifvit
663 591 121 28 framlagdt.
807 592 62 22 Deri-

47 627 76 21 genom
139 621 69 22 skulle
224 621 41 22 den
280 627 29 16 nu
324 621 111 27 befintliga
449 621 143 21 bankvinsten
602 621 86 21 komma
698 623 33 19 att
739 621 64 22 blifva
810 621 60 22 inne-

47 651 89 21 stående
152 650 30 21 uti
197 650 92 26 banken,
306 656 49 15 men
370 650 29 27 på
414 656 82 15 samma
511 650 55 27 gång
581 650 70 21 medel
666 650 90 21 beredas
766 652 33 19 att
807 649 62 22 äfven

47 679 50 27 fylla
112 679 123 21 statsbehof
248 685 77 20 genom
341 679 41 21 den
397 679 64 25 vinst,
477 685 46 15 som
538 678 69 22 under
622 679 27 20 de
664 678 93 28 följande
767 679 42 21 fem
817 679 52 22 åren

47 708 48 21 med
111 708 29 21 all
155 708 101 21 säkerhet
272 710 23 19 är
310 710 34 19 att
359 709 88 23 emotse,
463 707 54 22 eller
531 707 49 22 med
591 707 67 22 andra
666 708 38 21 ord
712 709 33 20 att
753 709 114 25 3,000,000

46 737 62 21 mark
129 736 23 22 af
173 737 41 21 den
235 736 109 22 blifvande
362 736 142 22 bankvinsten
520 736 70 21 skulle
605 737 75 20 ställas
696 737 32 20 till
743 737 127 27 disposition

47 765 32 22 för
95 766 26 21 de
139 765 127 26 statsbehof,
290 765 87 22 hvarom
398 765 172 22 Statsutskottet
584 765 120 22 inkommer
718 766 48 21 med
781 766 86 27 törslag.

47 795 66 20 Detta
134 793 80 28 förslag
234 794 201 22 öfverensstämmer
455 793 72 26 också,
548 794 28 27 på
592 796 45 19 sätt
652 793 88 22 friherre
756 801 40 15 von
811 795 58 21 Troil

47 825 79 24 nämnt,
142 823 7 21 i
164 823 152 27 hufvudsaklig
331 823 34 21 del
379 823 50 22 med
444 823 51 21 herr
509 823 123 21 Hackmans
647 823 86 27 förslag,
749 829 46 16 som
804 823 65 22 också

47 852 49 26 gick
110 852 67 27 derpå
191 853 25 20 ut
230 853 33 20 att
278 852 64 21 dessa
358 854 11 19 3
386 852 99 27 miljoner
499 851 60 22 mark
574 851 70 22 skulle
659 852 85 21 komma
752 854 33 19 att
792 853 78 26 utgöra

47 887 27 15 en
95 886 74 16 reserv
190 880 34 22 för
246 881 26 21 de
296 881 80 27 anslag,
400 887 47 15 som
463 881 116 21 ständerna
593 881 73 22 kunde
682 881 73 21 anvisa
770 883 33 19 att
817 881 53 28 utgå

47 909 47 22 från
108 909 142 22 bankvinsten
264 909 34 22 för
314 909 26 22 de
355 909 94 28 följande
464 909 43 22 fem
523 909 57 22 åren.

115 938 98 22 Friherre
229 945 41 15 von
284 938 86 27 Troil,
387 937 87 23 Gustaf:
499 938 39 22 Till
554 938 56 22 hvad
624 939 40 21 här
674 938 66 22 redan
750 938 69 22 blifvit
827 940 43 26 ytt-

47 967 49 21 radt
118 969 45 20 mot
186 967 181 22 Bankutskottets
390 967 148 27 föreliggande
553 967 143 27 betänkande,
719 967 39 22 har
769 968 38 27 jag
822 967 49 22 icke

47 995 66 28 något
133 996 94 21 särdeles
246 998 32 19 att
294 996 95 27 tillägga,
404 1002 49 15 men
468 996 40 21 ber
524 995 55 22 dock
595 998 33 20 att
642 996 22 21 få
678 998 57 25 yttra
750 997 66 26 några
831 997 40 21 ord

47 1025 49 21 med
112 1025 114 27 anledning
242 1025 23 22 af
278 1031 26 16 en
320 1025 55 22 strof
388 1025 8 21 i
410 1025 184 22 Bankutskottets
609 1025 143 22 betänkande.
775 1025 32 22 På
821 1031 48 22 pag.

48 1055 11 20 3
83 1053 80 22 uttalar
181 1053 172 22 Bankutskottet
368 1054 41 21 den
423 1054 94 26 mening,
534 1055 32 20 att
583 1060 26 15 en
624 1053 22 22 af
660 1053 92 28 behofvet
765 1054 48 21 icke
828 1053 43 22 för-

48 1082 78 21 anledd
149 1083 96 26 stegring
267 1082 23 22 af
306 1083 101 21 Finlands
426 1083 69 21 banks
510 1083 137 22 verksamhet
663 1083 71 21 såsom
749 1082 123 23 affärsbank

47 1111 48 22 icke
117 1111 68 27 ligger
202 1111 7 22 i
228 1111 84 22 landets
331 1111 148 22 välförstädda
497 1111 98 23 intresse.
626 1112 10 21 I
652 1111 70 22 denna
735 1112 86 27 mening
836 1118 35 16 ser

44 1140 39 27 jag
100 1140 80 21 uttalas
196 1140 41 21 den
252 1140 90 27 princip,
358 1142 33 19 att
405 1140 143 22 statsbanken
563 1141 49 21 icke
626 1140 68 22 borde
710 1141 69 21 såsom
796 1140 75 23 affärs-

47 1169 57 21 bank
125 1169 109 27 uppträda
255 1169 175 22 konkurrerande
452 1169 51 22 med
521 1169 119 22 bestående
662 1169 83 28 privata
767 1169 104 22 banker
857 1165 17 36 i

47 1197 79 27 landet,
143 1204 26 15 en
184 1197 88 28 princip,
290 1204 45 15 som
352 1198 66 21 också
433 1197 23 22 af
470 1199 78 21 tvenne
564 1199 65 21 ärade
644 1198 68 21 talare
727 1197 70 23 blifvit
811 1198 7 21 i
829 1198 42 27 dag

47 1226 90 22 uttalad.
167 1227 43 21 Det
232 1229 24 19 är
278 1227 48 21 icke
341 1227 43 21 min
399 1227 87 27 mening
501 1229 32 20 att
548 1227 107 28 uppträda
669 1229 45 19 mot
729 1227 70 22 denna
813 1227 58 27 prin-

48 1255 40 27 cip,
108 1255 86 22 hvilken
210 1255 38 28 jag
263 1255 6 21 i
286 1255 41 22 allo
343 1255 131 28 godkänner.
505 1256 43 21 Det
564 1259 24 19 är
603 1256 76 21 endast
693 1256 42 21 min
751 1255 72 27 afsigt,
839 1257 33 20 att

47 1285 122 26 yttermera,
184 1285 60 21 utom
259 1284 56 22 hvad
330 1284 39 22 här
384 1284 67 22 redan
467 1285 65 26 skett,
548 1285 80 22 betona
643 1287 33 19 att
693 1284 36 22 det
744 1284 127 28 ifrågasatta

46 1312 101 23 behofvet
163 1312 23 22 af
199 1320 26 14 en
242 1313 96 27 stegring
352 1313 7 21 i
373 1313 102 21 Finlands
491 1314 67 22 banks
574 1314 137 22 verksamhet
725 1314 67 21 redan
807 1316 24 19 är
838 1313 33 22 för

46 1342 86 21 handen
148 1342 40 21 och
204 1342 38 21 allt
257 1348 45 16 mer
318 1342 39 21 och
373 1348 46 15 mer
433 1342 70 21 under
518 1343 40 21 den
573 1344 109 20 närmaste
689 1342 58 22 tiden
756 1342 54 22 skall
819 1343 52 26 göra

47 1370 34 27 sig
100 1370 104 27 gällande.
235 1370 43 22 Det
299 1370 42 22 kan
363 1370 108 28 nemligen
487 1371 47 21 icke
549 1372 161 21 bortresoneras
726 1371 53 21 eller
793 1371 78 21 bestri-

47 1400 39 20 das
102 1400 33 20 att
150 1405 26 16 en
191 1400 101 26 brydsam
306 1400 32 20 tid
353 1398 33 22 för
402 1398 230 24 affärsverksamheten
648 1400 6 21 i
669 1400 105 22 värtland
783 1401 24 19 är
815 1398 56 23 före-

47 1428 97 26 stäende,
157 1428 25 27 ja
196 1428 82 21 kanske
294 1428 67 22 redan
377 1430 24 19 är
415 1428 55 21 inne.
503 1428 38 22 Ett
554 1429 130 27 utbrytande
699 1428 53 27 krig,
768 1428 104 27 politiska

47 1456 156 27 förvecklingar
218 1457 7 21 i
240 1456 104 27 utlandet,
360 1456 80 22 blokad
455 1455 24 22 af
492 1457 51 21 vära
557 1457 95 27 hamnar,
669 1457 99 22 hämmad
784 1457 87 26 export;

47 1485 40 21 allt
105 1485 60 21 detta
180 1487 24 19 är
219 1485 127 27 tillräckligt
360 1487 33 19 att
407 1485 7 21 i
429 1485 71 26 grund
515 1486 67 21 skaka
597 1486 84 21 landets
698 1485 173 23 affärsverksam-

47 1514 48 25 het;
117 1514 97 21 kommer
237 1514 71 21 dertill
324 1520 26 15 en
365 1514 110 26 missväxt,
489 1514 30 27 ja,
536 1514 27 21 dä
578 1516 24 20 är
616 1514 73 22 krisen
704 1514 54 21 inne.
789 1514 44 21 Det
847 1515 25 20 är

46 1542 69 21 kändt
137 1544 33 20 att
186 1542 52 22 flere
254 1542 22 21 af
290 1542 27 22 de
333 1544 59 20 stora
407 1539 184 31 affärsföretagen,
608 1549 45 15 som
669 1543 67 21 under
752 1543 26 21 de
795 1548 76 16 senare

790 1584 11 17 9
