1086 1717
172 90 40 21 526
465 92 40 18 Den
521 90 26 18 24
563 90 59 25 April.

145 154 131 29 obetydande
298 156 74 26 tunga,
396 160 47 16 som
459 160 76 22 genom
550 154 245 28 häradspostföringens
811 154 109 23 ordnande
936 160 36 16 en-

143 183 39 28 ligt
203 184 27 22 de
245 184 8 21 i
272 184 120 27 Kejserliga
412 183 163 27 propositionen
589 182 129 28 föreslagna
732 184 93 26 grunder
839 184 85 22 komme
939 185 33 20 att

145 212 105 22 åhvälfvas
266 212 84 22 landets
365 212 152 28 innebyggare,
534 212 46 27 och,
596 212 8 21 i
615 211 149 29 öfvertygelse
775 214 32 20 att
814 212 158 28 häradsposten

143 241 8 21 i
167 248 24 15 en
205 248 77 16 senare
296 241 86 22 framtid
397 241 74 22 kunde
486 242 63 26 göras
564 241 108 27 umbärlig
688 248 80 20 genom
783 248 26 15 en
819 242 100 27 tidsenlig
927 248 44 15 om-

144 270 143 27 organisation
310 270 23 22 af
351 271 142 27 statsposten,
509 270 86 22 Preste-
610 270 43 22 och
668 270 193 28 Borgarestånden
875 271 97 21 beslutat

145 300 76 27 antaga
238 299 153 27 författningen
411 300 57 21 blott
482 300 29 26 på
525 299 56 22 visst
596 298 59 22 antal
672 299 32 27 år,
721 300 166 22 Presteståndet
901 300 29 27 på
946 300 25 22 10

144 328 25 21 år
183 328 37 22 och
235 328 188 27 Borgareståndet
437 328 28 27 på
481 330 12 20 5
510 328 30 27 år,
556 329 56 21 samt
626 328 234 22 Ekonomiutskottet
848 324 10 35 i
869 329 38 21 sitt
915 335 56 15 sam-

143 357 249 27 manjemkningsförslag
415 357 62 22 ställt
499 363 27 16 en
544 356 132 29 uppmaning
691 357 34 21 till
740 357 186 28 Borgareståndet
939 359 33 20 att

143 385 73 27 frångå
231 386 70 22 denna
314 386 189 27 tidsbestämning,
519 392 49 16 men
581 386 190 27 Borgareståndet
787 388 72 20 ansett
869 392 26 16 en
903 386 69 22 sådan

145 415 203 28 sammanjemkning
369 422 52 15 vara
444 415 111 22 stridande
578 418 58 19 emot
654 414 44 23 den
717 415 91 28 princip,
825 422 46 15 som
886 415 84 22 härtills

142 443 110 28 iakttagits
268 445 7 21 i
290 444 207 28 bevillningsfrågor,
513 445 50 21 med
570 444 72 22 hvilka
650 443 166 28 ifrågavarande
825 444 79 23 ärende
914 444 56 23 hade

143 473 25 21 så
183 473 83 27 mycket
281 475 69 20 större
366 473 93 28 analogi,
476 479 46 16 som
537 479 27 16 en
578 473 48 22 icke
641 473 65 28 ringa
720 473 167 28 penningevinst
901 473 70 22 skulle

143 501 125 28 tillskyndas
292 503 136 21 statskassan
452 508 78 21 genom
544 502 139 28 inbesparing
698 501 24 23 af
736 503 27 22 de
779 503 82 27 anslag,
877 509 46 15 som
938 502 33 22 för

142 531 131 22 närvarande
289 531 52 28 utgå
356 531 33 22 till
403 531 185 28 underhjelpande
604 531 22 21 af
634 531 241 28 häradspostföringen,
885 531 86 22 hvartill

143 561 56 20 ännu
214 559 82 22 komme
312 562 38 25 att,
365 560 46 22 ifall
426 560 43 22 den
483 560 120 27 Kejserliga
611 560 167 27 propositionen
787 562 76 26 antogs
873 560 33 22 för
917 561 53 21 obe-

145 588 71 22 stämd
236 589 38 27 tid,
298 589 61 22 detta
375 589 110 22 måhända
499 589 70 22 blefve
585 595 27 16 en
625 589 118 28 anledning
760 591 33 20 att
807 589 34 22 för
856 596 26 15 en
897 589 73 28 längre

144 617 32 22 tid
194 616 78 23 förlora
290 624 26 15 ur
334 618 55 28 sigte
405 624 26 16 en
447 618 123 27 nödvändig
585 618 82 22 ansedd
682 618 186 28 genomgripande
883 625 87 20 reorga-

143 645 93 22 nisation
257 646 23 22 af
292 647 48 22 vårt
354 647 153 28 postväsende,
522 647 86 21 hvilken
623 646 82 28 vigtiga
720 647 109 22 allmänna
844 647 126 22 komunika-

143 675 137 22 tionsanstalt
303 675 90 22 sålunda
414 675 124 22 forfarande
557 675 70 22 blefve
650 676 127 27 qvarhållen
800 676 29 27 på
851 683 26 14 en
896 676 73 22 stånd-

143 704 75 27 punkt,
241 710 44 16 som
304 705 42 21 älla
360 705 67 22 andra
442 705 134 22 civiliserade
591 705 75 21 länder
680 711 92 15 numera
787 705 88 27 lemnat,
891 705 24 22 så
929 705 40 22 har

142 733 185 27 Borgareståndet
348 740 26 15 ur
396 733 111 28 synpunkt
529 733 22 22 af
564 733 84 22 landets
664 733 111 22 allmänna
789 734 94 22 intresse
898 735 72 20 ansett

143 761 34 28 sig
199 761 53 22 böra
273 762 87 27 påyrka,
384 764 33 20 att
440 762 62 22 detta
524 762 76 22 stånds
614 762 74 22 beslut
703 764 34 20 att
755 764 80 26 antaga
850 763 120 27 Kejserliga

142 790 161 27 propositionen
317 791 8 22 i
340 790 74 29 frågan
429 791 29 28 på
472 791 98 22 kortaste
586 791 32 22 tid
632 791 68 22 borde
714 791 79 28 läggas
807 791 33 22 till
856 791 68 28 grund
937 791 33 22 för

143 819 237 28 sammanjemkningen,
395 819 87 23 hvarför
493 820 87 22 ståndet
590 820 106 22 förkastat
706 820 264 28 sammanjemkningsför-

144 848 70 27 slaget
230 849 40 21 och
284 849 70 22 tillika
367 849 96 22 beslutat
478 849 90 28 inbjuda
582 849 144 22 medstånden
742 851 35 20 att
790 849 75 22 förena
880 849 33 28 sig
921 849 49 22 med

145 877 37 22 det
197 882 35 17 om
248 877 111 22 enahanda
373 877 139 28 uppfattning
528 878 40 22 och
584 877 83 28 åtgärd.

212 905 56 22 Herr
286 907 207 22 Landtmarskalken
514 907 92 22 tackade
622 906 156 27 deputationen
794 906 34 23 för
843 907 38 22 det
897 907 75 28 gjorda

143 934 157 28 meddelandet,
316 935 136 22 förklarande
469 935 75 22 dervid
559 937 39 25 att,
608 935 68 22 ehuru
683 935 164 28 Ridderskapet
855 936 40 21 och
903 936 69 21 Adeln

142 963 69 22 redan
226 963 56 28 tagit
296 964 227 23 Ekonomiutskottets
537 963 161 28 ifrågavarande
708 963 262 30 sammanjemkningsför-

143 992 49 27 slag
206 993 69 21 under
289 993 104 27 pröfning,
409 993 89 22 ståndet
513 993 66 22 likväl
594 993 49 22 icke
658 991 70 24 skulle
743 993 117 22 underlåta
875 995 33 20 att
922 993 49 22 med

143 1021 116 27 anledning
277 1021 22 22 af
312 1022 41 22 den
368 1022 75 27 gjorda
457 1022 157 28 inbjudningen
629 1023 97 26 upptaga
741 1021 77 28 frägan
833 1022 34 22 till
881 1021 90 29 förnyad

143 1049 137 28 granskning.

212 1107 72 22 Sedan
306 1107 153 28 deputationen
480 1108 88 27 afträdt,
583 1108 113 23 fortsattes
711 1107 49 22 med
775 1107 159 29 behandlingen
950 1108 22 22 af

142 1135 42 22 den
200 1137 76 21 senast
291 1136 137 23 diskuterade
443 1137 76 28 frägan
535 1137 41 22 och
590 1137 137 28 uppställdes
743 1136 34 22 till
786 1137 134 23 besvarande
930 1137 40 22 föl-

140 1165 66 27 jande
222 1166 287 27 omröstningsproposition:

212 1193 66 27 »Den,
304 1200 46 16 som
364 1194 37 22 vill
416 1197 111 20 remittera
542 1195 92 22 ärendet
648 1194 32 22 till
697 1194 100 22 ständets
813 1195 109 22 enskildta
936 1196 34 21 ut-

141 1224 65 25 skott,
222 1222 7 21 i
244 1221 102 24 afseende
361 1223 14 22 &
389 1222 121 28 afgifvande
526 1223 23 22 af
562 1223 101 28 yttrande
678 1223 49 22 med
742 1223 116 28 anledning
866 1223 23 22 af
894 1223 76 22 försla-

141 1253 37 25 get
193 1252 34 21 att
236 1251 52 27 ingå
298 1251 50 22 med
363 1252 84 22 enskild
461 1253 112 27 petitition
587 1253 7 21 i
610 1254 78 25 ämnet,
705 1258 73 16 svarar
791 1252 34 27 ja;

208 1279 76 23 vinner
306 1281 41 27 nej,
367 1281 96 22 kommer
481 1287 78 22 genom
576 1281 104 22 särskildt
694 1281 73 21 beslut
781 1287 30 16 nu
827 1282 34 21 att
873 1281 97 22 bestäm-

139 1315 53 21 mas,
210 1315 35 15 om
261 1309 88 22 ståndet
364 1310 55 21 skall
433 1310 51 28 ingå
499 1310 49 22 med
565 1310 84 22 cnskild
664 1310 98 27 petition,
779 1310 54 22 eller
848 1310 68 22 icke".

207 1337 35 22 Då
257 1338 75 22 härvid
347 1338 95 28 yrkande
457 1339 28 27 på
499 1339 101 28 votering
616 1339 86 28 gjordes
718 1338 120 22 anställdes
850 1339 67 21 sådan
929 1338 39 22 och

137 1365 64 23 utföll
222 1366 52 22 med
297 1368 26 20 16
341 1367 24 27 ja
386 1368 39 21 och
446 1369 24 21 71
488 1368 42 28 nej,
546 1368 34 22 till
596 1368 52 28 följd
663 1366 78 23 hvaraf
755 1368 64 21 nästa
834 1368 135 27 proposition

137 1394 140 28 redigerades
294 1395 103 23 sålunda
387 1390 15 37 :

213 1441 9 9 »
226 1424 42 26 Vill
284 1424 161 29 Ridderskapet
459 1426 41 21 och
515 1425 69 22 Adeln
601 1425 49 27 ingå
665 1425 50 22 med
730 1424 85 23 enskild
829 1425 93 27 petition
937 1424 32 22 uti

137 1451 165 29 ifrågavarande
318 1455 72 26 ämne;

206 1482 76 22 vinner
296 1482 42 27 nej,
354 1482 96 23 förfaller
464 1482 106 28 förslaget
586 1483 76 21 härom
673 1483 18 21 *.
