1086 1717
233 108 42 20 812
556 111 40 17 Den
611 109 27 19 22
654 110 42 23 Maj.

206 173 37 21 det
259 172 30 22 till
302 179 25 15 en
344 173 160 27 nödvändighet
512 175 32 20 att
552 174 70 21 lemna
630 174 50 21 bort
688 174 56 21 dem.
768 172 78 22 Vidare
855 174 63 26 säger
925 174 49 21 herr
982 173 49 27 Pip-

206 202 115 27 pingsköld
336 204 33 20 att
383 202 144 28 bredspåriga
541 203 68 21 banor
624 202 50 22 med
688 202 43 22 lätt
747 201 159 28 öfverbyggnad
920 202 8 22 i
944 202 88 27 Sverige

206 230 64 22 hafva
278 230 141 23 öfverhufvud
427 231 81 22 lemnat
516 232 110 21 utmärkta
632 231 101 22 resultat.
757 231 42 27 Jag
809 230 56 22 skall
873 230 32 22 för
912 230 120 22 utredande

206 259 23 22 af
243 260 60 21 detta
316 260 133 22 förhållande
464 260 56 28 välja
535 261 41 21 den
591 261 56 21 bana
662 266 47 16 som
725 260 62 26 ingår
801 260 8 20 i
823 260 119 22 utskottets
957 260 74 26 tabell,

207 295 26 15 en
249 288 57 22 bana
321 295 46 15 som
381 289 41 21 har
438 295 82 15 samma
535 290 101 26 spårvidd
652 296 45 14 som
714 290 53 20 våra
781 289 73 23 banor,
871 295 48 15 men
934 284 34 36 med
983 288 49 21 lätt

207 317 170 28 öfverbyggnad;
401 318 42 22 den
466 320 23 20 är
512 319 23 21 af
548 320 28 19 60
590 318 126 22 kilometers
731 317 74 27 längd.
835 317 81 23 Jemför
930 324 49 16 man
997 319 35 19 ut-

207 346 93 27 gifterna
321 347 8 21 i
350 347 122 26 kolumnen,
488 347 104 21 nettolast
614 347 6 21 i
640 348 91 26 procent
751 346 24 22 af
786 346 122 27 bruttolast,
925 347 25 21 så
964 346 68 22 finner

207 382 50 14 man
272 376 34 20 att
321 376 42 21 den
377 376 142 27 bredspåriga
533 376 81 21 banans
630 376 50 22 med
694 376 44 21 lätt
755 375 157 28 öfverbyggnad
920 376 111 26 nettolast,

208 404 20 22 d.
249 410 19 16 v.
285 410 17 16 s.
318 404 41 22 den
373 404 116 22 betalande
503 405 71 21 lasten
588 405 8 21 i
610 404 137 22 förhållande
762 404 33 21 till
809 404 51 22 hela
874 404 76 27 lasten,
966 405 66 26 utgör

208 435 30 25 2,5
257 432 13 23 &
292 435 32 25 2,8
343 434 34 26 %,
393 435 78 21 medan
485 435 123 21 densamma
621 434 29 27 pä
665 434 42 21 alla
723 434 29 21 de
767 432 69 28 öfriga
850 434 102 26 banorna,
968 434 64 21 bred-

208 469 48 14 som
277 462 146 28 smalspäriga,
439 463 8 21 i
463 463 94 27 Sverige,
573 463 73 27 Norge
661 463 40 22 och
718 463 91 21 Finland
825 463 47 21 icke
887 462 145 28 nägonstädes

209 491 41 22 har
264 491 48 27 gått
326 491 69 22 under
411 493 26 20 20
454 492 13 21 &
483 493 58 26 30%,
551 498 48 15 men
615 492 67 21 delvis
698 492 33 21 till
743 491 56 26 381/;
808 492 35 26 9/,,
855 492 83 21 således
947 491 87 28 mycket

208 519 167 28 fördelaktigare
399 523 27 19 än
444 521 29 27 pä
488 521 41 21 den
544 521 141 27 bredspäriga
700 521 72 22 banan
788 520 48 21 med
851 521 42 21 lätt
906 520 126 28 öfverbygg-

208 549 49 21 nad.
287 549 57 21 Herr
366 549 154 28 Pippingsköld
543 552 64 25 säger
628 550 73 21 vidare
725 551 35 20 att
781 549 42 22 han
845 549 48 22 icke
910 549 69 22 heller
993 549 41 22 har

208 578 49 21 med
276 577 32 22 sin
324 579 133 21 reservation
473 578 64 22 afsett
552 585 26 15 en
594 579 113 27 spärvidds
723 578 126 27 förändring
864 578 57 22 inom
936 578 96 27 Finland,

209 607 25 21 sä
254 608 34 20 att
306 607 22 21 vi
347 607 69 22 skulle
432 607 87 28 öfvergä
534 607 33 22 till
582 608 143 27 smalspäriga
740 607 69 22 banor
824 607 47 22 frän
887 608 26 21 de
928 607 105 28 bredspä-

207 635 53 28 riga,
276 637 53 20 utan
346 637 32 20 att
393 643 48 15 man
457 636 69 22 skulle
536 637 71 27 bygga
617 636 145 27 smalspäriga
769 636 68 28 jemte
849 637 26 21 de
885 636 147 27 bredspäriga.

209 665 33 21 Dä
257 671 49 15 man
319 665 47 27 just
381 665 64 22 söker
460 665 94 22 undvika
570 666 36 21 det
622 665 144 28 smalspäriga
781 667 110 25 systemet,
908 665 67 22 sedan
983 672 50 15 man

208 693 68 22 redan
298 694 40 21 har
353 693 59 22 öfver
427 696 27 20 80
470 694 36 21 mil
520 695 142 27 bredspäriga
674 695 76 26 banor,
765 694 47 27 just
827 694 32 21 för
875 694 26 21 de
917 694 115 27 olägenhe-

208 724 35 20 ter
263 729 46 15 som
329 723 27 21 de
376 723 58 21 olika
454 725 107 26 systemen
579 723 101 27 medföra,
697 723 25 22 sä
738 729 64 22 synes
817 723 44 27 mig
877 724 36 21 det
928 729 51 16 vara
994 723 39 21 all-

208 751 58 22 deles
290 751 111 22 bakvändt
424 753 33 20 att
479 753 97 21 använda
591 753 82 21 ömsom
688 752 67 22 bredt
770 753 82 20 ömsom
868 752 53 21 smal
936 752 51 27 spår
1000 752 33 21 för

208 780 27 21 de
250 780 75 27 banor,
342 787 46 15 som
403 780 115 23 framdeles
533 781 86 22 komma
634 783 32 20 att
681 781 90 28 byggas.
787 793 29 2 —
830 781 63 22 Hvad
908 781 68 27 angår
983 781 51 21 herr

207 809 118 22 Mechelins
345 809 124 28 jemförelse
485 816 34 15 om
534 810 129 27 utvidgande
678 810 23 21 af
717 809 72 28 öfriga
798 810 236 27 industriinrättningar

209 838 40 21 och
263 838 232 28 jernvägsbyggnader,
511 839 8 21 i
533 839 103 22 händelse
652 839 26 22 de
693 839 72 22 första
781 839 180 27 anläggningarne
969 845 64 15 anses

210 866 150 28 otillräckliga,
385 868 24 21 så
431 867 43 22 kan
497 867 36 22 det
551 868 47 21 icke
613 868 67 22 nekas
696 869 34 20 att
746 874 27 15 en
788 867 114 22 industriel
916 867 118 27 inrättning

208 895 42 22 lätt
270 895 42 22 kan
332 896 107 27 utvidgas,
457 896 112 22 hvaremot
584 903 27 15 en
627 897 130 26 smalspårig
772 897 57 21 bana
842 897 49 21 icke
905 897 43 20 kan
963 896 71 22 utvid-

209 931 45 20 gas,
270 926 52 20 utan
338 925 69 21 måste
422 925 65 22 totalt
502 926 122 27 ombyggas,
640 925 32 22 för
688 927 33 20 att
736 925 113 22 förändras
858 925 33 22 till
900 925 133 28 bredspårig,

210 953 25 21 så
254 955 33 20 att
302 953 97 22 besluter
413 961 50 14 man
479 954 32 27 sig
526 961 26 15 en
567 955 56 26 gång
638 954 33 22 för
686 956 34 20 att
735 955 72 26 bygga
822 954 141 27 smalspåriga
975 954 59 27 jern-

209 984 73 25 vägar,
298 982 26 21 så
338 983 70 21 måste
422 990 50 15 man
488 983 66 22 också
568 983 94 22 vidhålla
677 984 43 26 det,
737 983 57 21 huru
809 985 28 19 än
850 983 185 27 konjunkturerna

209 1011 36 21 må
262 1011 95 27 gestalta
377 1011 38 28 sig.
445 1012 46 21 Blir
510 1011 91 22 trafiken
616 1011 33 23 för
663 1014 46 19 stor
724 1011 35 22 för
775 1012 48 26 den,
840 1012 24 21 så
879 1011 93 22 återstår
986 1011 48 22 icke

210 1041 72 24 annat,
306 1042 27 19 än
356 1041 33 20 att
414 1041 65 27 lägga
493 1042 25 20 ut
533 1042 32 20 ett
580 1041 89 22 dubbelt
685 1041 58 27 spår,
760 1047 49 15 men
825 1041 38 21 det
878 1041 67 21 smala
960 1040 75 28 spåret

209 1068 70 22 måste
297 1069 127 27 bibehållas,
441 1069 74 22 såvida
529 1076 49 15 man
592 1070 48 21 icke
655 1070 36 21 vill
706 1071 55 26 göra
777 1069 38 22 allt
830 1069 33 22 för
878 1071 60 20 stora
952 1069 83 27 uppoff-

209 1097 79 27 ringar.
318 1097 34 22 Då
366 1098 37 21 det
418 1099 97 27 återigen
531 1100 89 25 antages
635 1100 33 20 att
683 1099 26 21 de
725 1099 76 25 banor,
818 1104 46 16 som
879 1098 95 22 härefter
982 1099 52 26 byg-

209 1132 45 21 gas,
271 1126 48 22 icke
334 1127 70 22 skulle
419 1127 71 22 lemna
504 1127 114 27 tillräcklig
633 1127 64 22 trafik
712 1127 35 22 för
763 1129 32 20 ett
808 1127 65 22 bredt
888 1127 56 27 spår,
961 1127 25 22 så
993 1127 43 22 kan

210 1155 38 21 det
266 1155 56 21 visst
337 1161 64 22 synas
418 1162 46 15 som
480 1157 84 26 mycket
579 1156 147 27 optimistiskt,
744 1162 36 15 om
795 1162 49 15 man
859 1156 65 27 vågar
938 1156 98 21 bestrida

210 1183 43 26 det,
272 1190 49 15 men
337 1184 38 27 jag
389 1186 46 20 tror
450 1187 33 20 att
497 1191 26 15 en
539 1185 126 28 smalspårig
679 1185 58 22 bana
753 1185 67 22 också
835 1185 7 21 i
858 1185 26 22 de
900 1185 82 21 trakter
998 1185 38 21 der

210 1219 29 14 nu
254 1211 123 29 föreslagits
392 1215 33 20 att
439 1214 50 21 leda
503 1214 72 26 linien,
591 1214 49 21 med
655 1214 113 27 undantag
784 1213 23 22 af
815 1214 41 21 den
865 1219 16 16 s.
891 1213 20 22 k.
921 1213 114 22 ödemarks

212 1241 65 22 linien
296 1241 291 28 Pihtipudas—Kärsämäki,
608 1243 54 22 skall
678 1243 73 21 lemna
771 1243 57 21 inom
843 1243 50 21 kort
907 1242 86 21 framtid
1009 1248 27 15 en

210 1269 25 22 så
250 1271 47 21 stor
312 1270 70 27 trafik,
398 1273 33 20 att
445 1271 146 22 kostnaderna
605 1271 33 23 för
654 1272 138 22 densammas
800 1271 192 22 trafikerande
946 1265 12 37 i
966 1265 24 37 så
999 1273 37 19 vä-

210 1299 79 27 sentlig
308 1300 49 21 mån
377 1300 133 22 öfverskrida
527 1301 145 21 kostnaderna
691 1300 34 22 för
741 1307 28 15 en
784 1300 127 28 bredspårig
925 1300 63 26 bana,
1004 1301 33 20 att

212 1328 37 21 det
270 1334 52 16 vore
343 1334 38 16 ren
400 1328 70 23 fördel
486 1331 32 20 att
532 1329 63 22 hafva
610 1336 26 15 en
652 1330 79 26 sådan;
749 1329 42 22 och
806 1330 70 21 denna
892 1329 68 22 ökade
975 1329 61 21 kost-

209 1356 43 22 nad
268 1356 145 24 återkommer
427 1358 73 28 hvarje
517 1358 29 27 år,
563 1358 25 22 så
602 1358 64 28 länge
681 1358 149 22 bansträckan
845 1358 120 26 trafikeras,
973 1358 64 21 hvar-

210 1386 64 26 emot,
292 1392 35 14 om
342 1392 48 16 man
407 1389 78 25 genast
499 1387 116 27 nedlägger
630 1394 27 15 en
672 1389 71 21 större
760 1386 234 28 anläggningskostnad
1008 1386 30 28 på

210 1420 27 15 en
252 1414 129 28 bredspårig
395 1415 62 27 bana,
475 1416 40 22 den
530 1416 132 27 visserligen,
677 1416 58 22 hvad
751 1415 77 28 sjelfva
836 1415 201 28 anläggningskost-

209 1443 71 21 naden
295 1443 109 27 beträffar,
420 1445 41 21 blir
477 1445 81 27 dyrare,
574 1452 48 15 men
638 1452 49 15 man
703 1446 28 21 då
747 1445 131 21 åtminstone
894 1446 24 20 är
932 1444 64 22 säker
1003 1450 35 16 om

212 1473 33 20 att
260 1472 48 21 icke
323 1472 75 22 vidare
413 1473 92 22 behöfva
520 1474 106 27 tillskjuta
641 1480 59 16 mera
714 1474 80 26 medel,
810 1474 33 20 till
859 1473 53 27 följd
920 1472 22 22 af
948 1474 33 20 att
988 1479 50 15 man

209 1501 85 26 antagit
310 1502 32 20 ett
357 1502 89 27 oriktigt
461 1504 87 26 system.
579 1503 48 21 Men
643 1503 27 21 då
686 1503 69 22 saken
771 1502 48 22 icke
835 1504 24 19 är
874 1502 114 27 tillräkligt
1002 1503 35 20 ut-

208 1529 60 27 redd,
293 1530 25 21 så
341 1530 35 22 vill
396 1531 38 28 jag
456 1531 48 22 icke
526 1533 104 20 motsätta
646 1532 43 28 mig
704 1532 53 22 herr
773 1531 120 22 Mechelins
909 1530 81 29 förslag
1005 1532 33 22 att
