1086 1717
226 117 40 20 616
528 118 40 18 Den
584 116 25 18 27
626 117 58 23 April.

195 181 77 29 tillägg
294 181 32 22 till
348 181 167 26 reservationen,
538 187 46 15 som
602 181 38 27 jag
654 179 118 28 muntligen
788 178 64 27 gjort,
868 176 128 27 fullkomligt
1011 176 7 21 i

196 210 39 22 sak
251 210 157 22 sammanfaller
422 211 49 21 med
485 210 91 22 friherre
591 216 41 16 von
647 208 68 22 Troils
727 208 86 26 förslag,
822 206 69 22 ehuru
899 204 118 28 ordalydel-

196 243 38 18 sen
249 240 48 21 icke
312 239 40 22 var
364 240 128 21 densamma.
515 239 43 27 Jag
573 239 74 27 gjorde
657 237 106 27 nemligen
772 236 37 22 det
817 235 80 27 tillägg,
907 236 33 20 att
948 234 70 21 denna

194 275 30 15 nu
246 268 135 22 existerande
402 268 114 22 bankvinst
538 268 69 21 skulle
630 266 111 23 betraktas
763 266 72 21 såsom
857 270 27 16 en
899 269 71 16 reserv
986 264 32 20 att

194 292 101 36 tillgripa.
310 296 44 34 ifall
371 297 39 22 den
426 297 65 22 årliga
507 296 86 23 vinsten
606 297 74 28 under
689 296 42 22 don
746 293 173 24 nuw:isträdande
927 288 38 41 tom
982 288 35 41 ärs

312 324 48 23 itke
369 315 75 33 Käiille
460 312 63 35 fåcka
537 308 42 47 till
590 320 33 27 för
633 326 33 21 att
675 325 90 21 betäcka
777 323 26 21 de
811 322 138 26 statsanslag,
958 322 59 20 stän-

196 354 66 23 derna
284 354 100 28 möjligen
406 354 69 22 skulle
497 354 78 22 anvisa.
594 346 11 40 '
606 353 137 23 Beträffande
761 352 68 28 några
846 350 170 26 anmärkningar,

196 390 48 16 som
256 383 64 22 hafva
334 384 67 27 gjorts
417 386 44 19 mot
477 384 116 21 anvisande
608 383 24 22 af
644 383 74 27 anslag
728 382 59 27 uppå
802 387 26 15 en
836 378 110 30 påräknad
954 378 62 26 vinst,

166 414 54 30 en
238 412 87 23 framtid
340 418 46 17 som
400 412 48 23 icke
464 414 24 20 är
503 412 70 27 säker,
590 419 26 16 en
631 412 57 22 vinst
702 417 48 16 som
762 411 37 27 jag
814 409 48 22 icke
877 408 45 26 har,
938 408 26 21 sä
979 414 37 14 an-

194 448 36 16 ser
242 442 39 28 jag
296 441 38 22 det
348 448 51 16 vara
413 442 86 21 mycket
513 442 103 27 riktigare
628 441 39 22 och
675 447 45 16 mer
728 437 232 25 öfverensstämmande
968 437 49 21 med

194 471 56 22 sund
272 470 74 22 affärs-
368 471 40 21 och
446 471 130 27 finanspolitik
592 472 32 20 att
639 470 73 22 anvisa
727 469 67 27 något
808 467 28 28 på
851 473 26 16 en
893 467 61 25 vinst,
971 471 46 16 som

194 502 24 19 är
240 499 104 27 sannolik,
367 501 28 20 än
417 501 32 20 att
471 500 73 21 anvisa
564 500 67 27 något
652 499 28 27 på
700 505 26 16 en
741 498 64 25 vinst,
821 496 67 22 som
874 492 14 39 i
904 497 32 20 ett
951 493 66 28 gifvet

194 528 120 28 ögonblick,
336 528 82 22 hvilket
439 529 100 27 möjligen
557 530 25 20 är
596 526 83 29 ganska
694 529 59 24 nära,
769 528 24 19 är
808 525 32 22 till
857 525 80 21 största
954 523 63 22 delen

193 557 61 22 fiktiv
277 557 40 22 och
340 557 108 27 imaginär.
478 558 48 21 Den
548 557 64 26 vinst,
636 563 46 16 som
704 563 29 15 nu
755 555 75 26 finnes,
853 560 35 15 om
904 554 112 25 3,700,000

193 586 68 27 mark,
283 586 145 27 uppkommer,
452 587 67 27 enligt
541 587 100 21 Finlands
663 585 68 22 banks
752 583 124 24 berättelse,
893 587 76 22 genom
984 583 34 20 ett

194 614 119 30 öfverskott
328 614 7 23 i
350 615 72 22 aktiva
437 615 59 22 öfver
525 615 76 22 passiva.
627 615 36 22 Uti
679 613 74 23 aktiva
768 615 44 24 äro,
829 612 71 21 såsom
912 611 38 27 jag
959 609 57 22 hade

194 643 52 22 äran
268 643 97 28 påpeka,
381 643 96 22 bankens
511 644 111 27 fordringar
640 643 40 22 hos
695 642 96 23 bankens
808 640 114 22 utländska
938 639 79 22 ombud

193 675 111 25 upptagna
326 673 32 21 till
380 675 32 19 ett
433 673 78 27 belopp
532 672 22 22 af
570 674 126 25 17,238,000
712 671 67 22 mark.
810 669 73 22 Silfret
901 669 3 20 i
920 668 96 21 bankens

192 701 79 22 kontor
286 703 25 20 är
325 703 104 26 upptaget
444 701 33 22 till
495 703 23 20 11
537 701 103 28 miljoner.
667 701 86 22 Samma
768 699 48 27 dag,
833 704 47 15 som
891 696 125 29 myntrefor-

193 737 48 15 men
258 732 88 25 antages
362 730 6 21 i
385 730 94 27 enlighet
493 730 49 22 med
558 731 78 26 nådiga
651 729 168 28 propositionen,
835 726 121 22 förvandlas
966 725 50 22 dess

193 759 73 21 aktiva
282 759 40 22 och
337 759 94 22 minskas
446 759 49 22 med
510 759 65 22 minst
590 761 13 19 2
618 759 104 27 miljoner.
745 756 158 27 Fordringarna
916 755 40 21 hos
964 755 52 20 ban-

193 788 54 21 kens
264 788 78 21 ombud
357 790 37 19 äro
409 788 107 27 nemligen
531 788 67 27 enligt
608 787 201 28 bankreglementet
818 786 109 26 upptagna
935 783 32 22 till
975 783 42 21 den

192 817 98 21 bankens
314 817 145 26 diskontkurs,
480 823 46 16 som
541 817 63 26 gälde
620 817 41 21 den
676 817 24 21 31
718 815 120 22 December
855 815 60 24 1876,
932 812 84 21 hvilken

193 851 35 16 om
241 845 38 28 jag
294 845 48 22 icke
357 845 135 22 missminner
507 845 43 28 mig
565 852 37 15 var
619 847 26 20 10
660 846 91 26 procent
760 843 69 22 under
837 842 52 22 eller
898 841 58 22 öfver
964 840 52 28 pari,

194 880 35 15 om
251 881 50 15 man
324 876 89 25 antager
435 874 143 22 förhållandet
602 874 53 26 151
676 873 32 22 till
725 875 10 19 1
753 873 72 21 såsom
840 871 53 27 pari.
924 869 94 22 Sålunda

194 903 69 21 skulle
277 902 47 22 från
339 903 146 27 fordringarna
500 905 76 25 genast
590 902 49 28 afgå
656 903 112 26 1,700,000
784 900 67 22 mark.
877 898 79 27 Silfret,
972 904 46 15 som

193 938 29 15 nu
242 932 46 21 står
306 933 107 26 upptaget
427 932 32 21 till
474 931 53 22 fulla
541 932 76 21 värdet
632 931 95 28 uttryckt
746 930 4 21 i
765 929 68 24 mark,
849 929 43 21 kan
906 927 113 26 naturligt-

194 960 32 21 vis
241 959 116 23 framdeles
373 961 32 21 uti
420 961 96 21 bankens
531 961 115 27 tillgångar
661 959 77 22 endast
753 960 108 25 upptagas
877 957 32 21 till
924 956 38 21 sitt
975 961 44 16 me-

195 989 88 22 talliska
297 990 71 21 värde.
392 990 44 22 Der
451 989 64 22 hafva
529 989 20 22 vi
565 989 47 22 åter
627 995 27 16 en
663 987 146 27 nedsättning,
821 993 46 15 som
875 985 82 22 kanske
964 986 56 20 mot-

196 1023 74 16 svarar
285 1024 26 15 en
327 1018 79 27 miljon.
430 1018 95 22 Sålunda
540 1020 24 19 är
578 1019 70 21 denna
661 1017 96 27 verkliga
773 1016 52 21 eller
835 1014 82 27 verklig
925 1013 95 22 ansedda

195 1046 58 22 vinst
272 1047 86 27 mycket
377 1053 59 16 mera
457 1047 83 27 osäker,
556 1049 27 19 än
598 1047 42 21 den
654 1052 46 16 som
715 1046 43 21 kan
773 1044 107 27 påräknas
895 1043 68 22 under
978 1042 42 21 den

196 1075 129 33 kommande
340 1075 42 22 fem
397 1076 34 21 års
447 1075 109 28 perioden.
580 1075 125 22 Emellertid
719 1075 98 21 kommer
833 1073 41 21 den
891 1073 32 20 att
933 1071 88 27 qvarstå

196 1110 7 15 i
218 1104 116 27 böckerna,
349 1105 22 27 ty
387 1111 26 15 en
423 1104 123 28 förändring
556 1105 7 20 i
573 1105 97 21 bilansen
680 1104 97 21 kommer
787 1102 48 22 icke
845 1103 34 20 att
889 1102 70 26 göras,
968 1101 52 20 utan

196 1132 42 21 den
260 1133 96 22 kommer
377 1135 33 20 att
424 1133 35 22 vid
473 1135 64 20 nästa
551 1133 35 22 års
601 1133 69 22 bilans
686 1134 107 25 upptagas
809 1130 73 22 såsom
897 1129 82 26 förlust,
996 1127 25 22 så

197 1162 33 20 att
252 1161 7 22 i
281 1161 111 22 böckerna
407 1161 67 23 finnes
491 1162 41 22 den
546 1162 39 26 till,
601 1162 6 21 i
623 1161 148 27 verkligheten
787 1161 24 20 är
827 1159 41 21 den
884 1157 135 22 försvunnen.

196 1189 44 22 Det
263 1190 70 22 skulle
354 1190 64 22 hafva
439 1191 56 21 varit
516 1190 33 23 för
570 1189 192 27 bankfullmäktige
779 1195 26 15 en
820 1188 42 21 lätt
877 1187 39 22 sak
931 1188 33 19 att
979 1185 42 22 öka

198 1218 71 22 denna
290 1219 58 22 vinst
366 1220 49 21 med
429 1219 124 28 ytterligare
570 1220 39 26 1!/,
626 1219 78 28 miljon,
721 1225 35 15 om
772 1218 27 21 de
814 1215 100 29 upptagit
924 1214 75 28 guldet
1014 1214 7 20 i

196 1247 86 22 banken
304 1247 32 22 till
359 1248 37 21 det
417 1249 65 21 värde
497 1249 37 21 det
548 1248 62 26 hade,
626 1247 96 28 uttryckt
735 1247 8 21 i
759 1246 79 25 silfver,
853 1251 49 15 men
917 1242 105 23 bankfull-

196 1276 97 28 mäktige
308 1276 88 23 tolkade
411 1277 209 27 bankreglementets
637 1275 142 29 ordalydelse,
795 1281 46 15 som
851 1274 131 25 bestämmer
990 1273 32 20 att

197 1305 76 27 guldet
296 1305 69 22 skulle
386 1308 107 25 upptagas
509 1306 33 21 till
557 1306 105 27 parikurs,
678 1305 66 27 enligt
759 1303 183 22 Bankutskottets
958 1300 64 27 åsigt,

195 1334 83 27 ganska
293 1334 76 27 riktigt
384 1335 101 26 sålunda,
501 1336 33 20 att
549 1334 27 22 de
590 1334 48 22 icke
653 1336 95 26 upptogo
765 1332 76 28 guldet
851 1331 55 22 efter
917 1330 41 22 den
966 1329 55 27 pari-

194 1362 60 27 kurs,
271 1368 47 16 som
332 1369 38 15 var
385 1363 99 27 gällande
500 1364 41 21 den
556 1365 25 20 31
598 1363 118 22 December
725 1363 63 24 1876,
799 1363 53 19 utan
863 1360 41 22 den
915 1358 107 29 parikurs,

194 1397 48 27 som
261 1398 38 15 var
313 1392 100 27 gällande
430 1392 34 23 vid
477 1392 69 22 första
559 1392 175 28 myntreformens
748 1388 169 30 genomförande
933 1387 19 21 d.
968 1393 20 15 v.
1005 1391 17 17 8.

194 1426 8 15 i
224 1425 27 27 en
273 1420 127 28 proportion
423 1420 23 22 af
464 1421 53 26 151,
541 1421 32 21 till
590 1422 18 20 1.
639 1421 75 21 Denna
727 1420 60 21 vinst
801 1418 57 22 hade
874 1416 66 23 ocksä
953 1414 71 23 blifvit

193 1448 68 26 fiktiv,
278 1455 35 15 om
329 1455 27 15 en
370 1449 139 28 myntreform
523 1456 29 15 nu
567 1448 155 28 genomfördes.
753 1448 44 27 Jag
811 1447 54 26 ville
875 1446 59 22 blott
949 1444 77 22 anföra

195 1477 66 22 dessa
282 1477 67 27 fakta,
371 1477 34 23 för
427 1480 32 20 att
481 1479 46 21 visa
546 1478 56 22 huru
616 1478 84 22 banken
715 1478 7 20 i
737 1476 77 28 sjelfva
829 1475 75 22 verket
919 1474 49 21 icke
984 1472 40 22 har

193 1505 70 33 blifvit
278 1506 86 28 mycket
379 1507 61 21 stark
455 1514 76 20 genom
547 1514 26 15 en
588 1507 67 22 sådan
671 1504 176 28 vinstbokföring.
870 1503 91 22 Vinsten
978 1501 47 22 stär

193 1540 8 17 i
218 1534 114 28 böckerna,
351 1541 49 19 men
415 1536 8 21 i
438 1535 75 32 sjelfva
527 1536 76 24 verket
618 1536 45 23 står
678 1542 26 16 en
718 1534 81 24 förlust
813 1532 76 28 färdig,
906 1537 47 17 som
968 1532 56 20 mot-
