1086 1717
244 118 40 20 820
574 122 39 17 Den
628 120 27 18 22
671 121 41 23 Maj.

215 189 47 15 som
278 189 26 16 en
311 182 150 28 förberedelse,
477 184 106 27 nemligen
599 186 33 20 att
646 183 163 28 utmyntningen
818 182 23 23 af
848 183 41 21 den
899 182 78 26 metall,
987 189 48 15 man

214 212 96 22 kommer
329 214 32 20 att
379 212 121 28 öfvergifva,
513 213 91 27 upphör.
635 213 43 21 Det
692 218 38 16 var
745 212 55 22 först
815 212 7 22 i
837 212 97 27 Augusti,
951 218 34 15 om
997 212 39 26 jag

214 240 82 22 minnes
311 242 51 26 rätt,
378 248 47 15 som
440 248 27 16 en
481 242 68 22 sådan
559 242 129 22 hemställan
698 241 76 27 utgick
781 240 47 22 från
836 240 198 27 bankfullmäktige.

215 270 33 21 De
271 270 181 27 hemställningar,
469 276 46 16 som
539 270 135 22 derförinnan
697 272 37 25 egt
757 276 53 20 rum,
833 270 56 21 hade
916 271 32 20 ett
970 271 66 19 annat

214 298 100 22 innehåll.
345 299 31 20 De
397 298 74 28 afsägo
491 300 55 21 blott
562 306 26 15 en
603 299 124 27 förändring
743 298 24 22 af
780 299 147 27 siadyaudena
941 298 48 22 med
1005 298 30 21 ai-

215 327 80 22 seende
318 327 13 21 å
352 327 83 23 inlösen
455 328 22 22 af
493 330 180 26 myntattesterna
696 328 41 21 och
761 328 62 27 gingo
839 327 115 28 ingalunda
969 328 24 20 ut
1008 327 28 27 pä

215 358 33 19 att
262 356 135 28 utmyntning
411 357 70 21 skulle
497 357 41 22 den
553 358 97 21 enskilde
664 356 119 28 förbjudas.
814 357 43 21 Det
872 359 24 19 är
911 356 63 22 dessa
989 357 48 20 rent

216 384 95 23 faktiska
333 385 184 28 omständigheter
539 392 45 16 som
604 386 38 28 jag
660 388 54 19 trott
733 386 44 26 mig
796 386 53 21 böra
863 385 110 22 framhålla
988 385 48 21 med

215 413 102 23 afseende
335 414 13 21 å
366 414 169 29 Ridderskapets
552 415 39 22 och
606 415 81 22 Adelns
702 414 137 22 bedömande
855 414 22 22 af
891 414 25 22 de
932 413 22 22 af
968 414 68 21 bank-

214 443 134 27 fullmäktige
370 443 103 28 vidtagna
495 444 133 27 åtgärderna.
658 444 39 21 Att
716 445 33 20 ett
769 446 64 19 annat
848 443 119 22 förfarande
982 443 8 20 i
1005 442 31 22 af-

216 472 80 21 seende
311 472 13 21 å
338 472 133 27 regleringen
487 472 22 22 af
521 473 165 22 vexelkurserna
701 473 84 21 kunnat
795 472 63 22 hafva
868 474 33 20 ett
910 472 32 21 för
952 471 84 22 banken

216 500 165 28 fördelaktigare
397 501 98 27 resultat,
511 502 35 21 vill
560 502 37 27 jag
612 502 47 21 icke
675 501 46 22 helt
736 501 42 22 och
793 501 67 22 hållet
874 501 101 26 bestrida,
987 507 49 15 men

217 530 37 21 det
276 530 64 21 säkra
355 531 24 20 är
394 531 32 20 att
441 530 150 23 affärsverlden
607 531 69 21 skulle
691 529 47 22 haft
753 536 46 15 mer
814 530 92 27 känning
922 529 22 22 af
956 529 80 22 vexlin-

217 565 65 21 garne
297 559 7 21 i
320 559 77 21 sådant
411 558 37 22 fall
464 559 39 22 och
516 560 38 27 jag
568 559 34 22 för
616 560 43 21 min
675 559 33 22 del
724 559 43 22 kan
784 559 128 22 åtminstone
928 559 46 20 icke
990 559 46 20 inse

216 589 34 20 att
264 587 228 23 affärsverksamheten
507 588 69 22 skulle
591 589 67 27 derpå
672 588 65 21 hafva
752 588 80 21 vunnit.
855 588 42 27 Jag
911 587 126 22 inskränker

216 616 43 29 mig
273 615 34 24 för
322 616 38 23 det
373 616 132 23 närvarande
520 617 32 22 till
567 616 33 23 att
614 617 71 22 lemna
699 617 72 22 denna
784 617 132 27 upplysning.

284 644 57 23 Herr
355 651 41 16 von
410 645 156 27 Haartman,
583 646 87 21 Viktor:
687 646 47 21 Den
751 645 23 22 af
780 645 170 22 Bankutskottet
958 644 79 27 afgifna

216 674 117 22 berättelse
348 674 59 22 öfver
421 675 158 26 granskningen
594 675 23 21 af
630 675 100 21 Finlands
747 674 69 22 banks
832 675 90 27 styrelse
938 674 40 21 och
994 673 42 22 för-

216 703 96 27 valtning
328 705 23 19 är
366 709 42 21 nog
422 703 85 28 mycket
522 703 112 22 afvikande
648 703 47 22 från
710 703 43 22 den
769 703 59 27 form,
838 709 46 16 som
899 703 6 21 i
921 702 117 22 allmänhet

217 732 35 21 vid
271 731 112 22 redaktion
403 731 23 22 af
442 732 247 22 utskottsbetänkanden
704 733 119 26 begagnas,
846 732 6 21 i
876 732 25 21 så
922 731 66 22 måtto
1005 733 33 19 att

217 761 133 21 berättelsen
371 761 48 21 icke
438 761 89 21 utreder
544 761 26 22 de
590 761 86 27 åsigter,
692 767 47 16 som
754 761 139 27 pluraliteten
908 761 6 20 i
929 761 109 20 utskottet

216 789 68 28 hyllat
301 789 132 22 beträffande
449 789 109 27 åtskilliga
572 789 78 28 frågor,
667 790 26 21 de
710 790 39 21 der
765 792 36 19 äro
817 789 32 22 för
865 789 95 22 bankens
975 789 61 21 verk-

217 818 85 22 samhet
316 817 23 22 af
352 819 80 20 största
447 818 116 28 betydelse,
580 821 51 19 utan
647 819 76 21 endast
739 818 7 21 i
762 818 87 22 korthet
864 820 119 19 resumerat
991 820 45 19 sär-

217 847 70 22 skilda
304 847 115 27 meningar,
435 847 72 22 hvilka
521 847 35 22 vid
571 847 119 22 utskottets
706 847 175 22 sammanträden
896 846 68 22 blifvit
978 848 58 19 utta-

216 875 56 22 lade.
302 875 35 22 Då
352 875 38 28 jag
407 875 72 27 någon
498 875 32 22 tid
544 876 61 22 äfven
621 876 114 27 sysselsatt
751 876 43 27 mig
809 876 49 21 med
873 875 163 22 bankverksam-

216 904 38 22 het
277 906 57 20 samt
354 904 139 22 förevarande
513 907 60 18 ämne
592 905 84 21 således
695 905 48 21 icke
763 905 67 21 borde
850 911 62 15 anses
932 910 50 15 vara
1004 903 33 22 för

216 933 44 27 mig
279 933 71 22 alltför
368 933 131 22 främmande
516 933 32 22 för
567 935 32 19 att
614 933 45 22 deri
675 933 70 22 utlåta
761 933 48 27 mig,
827 933 61 22 torde
904 933 37 22 det
955 933 81 21 tillåtas

216 962 44 27 mig
278 963 34 20 att
329 962 29 27 på
377 968 26 15 en
417 961 66 22 stund
497 963 50 26 taga
562 962 218 27 uppmärksamheten
795 962 7 21 i
818 962 98 27 anspråk.
946 961 90 22 Utskot-

216 992 44 20 tets
283 990 118 22 berättelse
423 992 30 25 är,
477 991 70 21 såsom
563 990 22 22 af
599 991 124 21 densamma
739 990 100 27 framgår,
855 990 96 27 grundad
966 991 28 26 på
1010 990 26 21 de

216 1019 146 27 räkenskaper
377 1019 40 21 och
432 1019 136 27 berättelser,
580 1025 45 16 som
636 1019 22 22 af
666 1020 87 21 banken
761 1019 80 27 årligen
851 1019 93 27 afgifvas.
967 1018 69 22 Bland

218 1048 65 21 dessa
304 1047 129 22 berättelser
455 1047 54 22 skall
525 1048 37 27 jag
580 1048 7 21 i
602 1048 88 21 korthet
704 1048 108 27 genomgå
827 1049 40 20 den
884 1049 86 20 senaste
985 1047 52 22 eller

217 1077 41 21 den
276 1075 33 23 för
322 1077 24 20 år
363 1078 59 24 1876,
439 1076 41 21 och
494 1075 118 23 framställa
627 1077 66 26 några
708 1076 23 23 af
745 1077 28 21 de
789 1077 168 26 anmärkningar,
973 1076 63 22 hvar-

216 1105 33 22 till
265 1105 38 27 jag
318 1107 45 19 tror
377 1105 115 27 anledning
505 1105 135 22 förekomma.
671 1106 63 21 Först
749 1105 44 22 kan
805 1106 38 27 jag
857 1105 48 22 icke
920 1105 71 27 undgå
1004 1106 33 20 att

216 1133 71 22 uttala
308 1133 43 22 min
373 1133 187 22 tillfredsställelse
583 1133 98 22 deröfver
702 1136 33 19 att
758 1134 84 21 banken
857 1133 70 22 funnit
942 1133 46 22 skäl
1005 1135 32 20 att

217 1162 48 22 icke
285 1162 92 22 allenast
395 1162 108 21 bibehålla
521 1164 52 19 utan
588 1163 32 20 till
636 1163 40 21 och
691 1163 49 22 med
756 1163 33 21 till
804 1169 45 15 mer
863 1165 27 19 än
906 1163 78 21 dubbla
998 1163 38 20 be-

217 1191 74 27 loppet
306 1191 42 21 öka
363 1191 40 21 den
419 1190 123 28 behållning
556 1191 24 21 af
592 1191 136 22 Stockholms
745 1192 62 21 stads
825 1191 146 27 obligationer,
990 1197 46 15 som

216 1219 86 22 banken
318 1219 38 22 allt
371 1219 66 22 sedan
451 1219 24 22 år
491 1221 53 20 1867
560 1219 101 22 innehaft.
692 1221 43 20 Det
750 1220 43 21 kan
808 1220 106 27 nemligen
929 1220 46 21 icke
986 1226 51 15 vara

217 1250 65 19 annat
298 1250 26 19 än
340 1247 114 28 glädjande
469 1247 33 22 för
516 1248 42 27 mig
574 1250 33 20 att
621 1248 57 22 finna
693 1251 33 19 att
742 1249 38 21 det
790 1249 95 25 klander,
895 1255 45 15 som
949 1248 23 21 år
982 1250 54 19 1868

217 1275 23 23 af
252 1276 191 28 bankfullmäktige
459 1275 85 23 officielt
560 1277 136 22 meddelades
712 1278 42 21 den
767 1277 27 22 då
804 1277 94 22 varande
908 1277 128 22 bankdirek-

217 1305 46 22 tion
286 1307 33 20 att
340 1305 62 22 hafva
421 1306 76 26 inköpt
512 1306 70 27 dylika
600 1306 147 27 obligationer,
765 1306 33 22 för
813 1306 72 22 hvilka
899 1306 136 25 marknaden,

216 1340 48 16 som
286 1334 38 21 det
345 1334 66 27 hette,
432 1340 38 16 var
490 1340 41 21 nog
550 1334 118 27 inskränkt,
683 1334 88 22 hvarför
787 1335 62 21 deras
865 1335 124 26 realisering
1003 1334 33 21 till

216 1364 56 20 stort
286 1362 79 28 belopp
380 1363 71 21 kunde
467 1362 95 22 medföra
572 1363 108 27 betydliga
691 1363 104 22 förluster
802 1363 33 22 för
844 1364 91 25 banken,
947 1364 90 20 sålunda

216 1397 63 22 synes
294 1391 47 22 visa
356 1391 33 27 sig
402 1391 65 22 hafva
482 1392 54 21 varit
549 1392 8 21 i
572 1392 42 21 allo.
630 1392 123 27 obefogadt.
979 1416 9 4 .

285 1419 37 23 Uti
339 1426 62 15 mom.
418 1422 13 19 2
446 1420 116 27 redogöres
577 1420 33 22 för
626 1420 40 22 den
682 1421 84 21 utrikes
782 1421 162 21 vexelrörelsen.
974 1420 62 22 Ända

216 1448 31 22 till
270 1449 24 21 är
317 1450 54 20 1874
391 1450 93 26 upptogs
504 1449 6 21 i
536 1449 156 22 berättelserna
713 1449 102 22 häröfver
830 1450 102 26 beloppet
947 1448 22 22 af
982 1456 54 20 upp-

214 1477 67 27 köpte
297 1476 41 22 och
352 1478 140 21 remitterade
507 1480 55 18 samt
572 1478 93 22 försälde
676 1478 40 22 och
725 1478 152 28 protesterade
889 1478 77 21 vexlar.
992 1478 44 26 Mig

214 1512 64 21 synes
298 1507 33 20 att
346 1507 31 20 ett
392 1506 130 27 frängäende
538 1505 22 22 af
574 1506 69 22 denna
657 1513 59 15 mera
731 1506 134 28 detaljerade
879 1507 157 26 redovisnings-

214 1534 74 22 metod
309 1534 116 28 ingalunda
448 1535 41 21 har
510 1534 48 22 skäl
577 1534 32 22 för
625 1535 38 27 sig,
680 1538 23 25 ty
718 1542 28 15 en
762 1535 118 22 berättelse
897 1538 23 19 är
931 1536 25 26 ju
970 1536 66 26 nägot
