<?xml version="1.0" encoding="UTF-8"?>
<alto xmlns="http://www.loc.gov/standards/alto/ns-v3#" xmlns:xlink="http://www.w3.org/1999/xlink" xmlns:xsi="http://www.w3.org/2001/XMLSchema-instance" xsi:schemaLocation="http://www.loc.gov/standards/alto/ns-v3# http://www.loc.gov/alto/v3/alto-3-0.xsd">
	<Description>
		<MeasurementUnit>pixel</MeasurementUnit>
		<sourceImageInformation>
			<fileName>/tmp/tess_3tfet4_w_input.PNG</fileName>
		</sourceImageInformation>
		<OCRProcessing ID="OCR_0">
			<ocrProcessingStep>
				<processingSoftware>
					<softwareName>tesseract 5.3.4</softwareName>
				</processingSoftware>
			</ocrProcessingStep>
		</OCRProcessing>
	</Description>
	<Layout>
		<Page WIDTH="1086" HEIGHT="1717" PHYSICAL_IMG_NR="0" ID="page_0">
			<PrintSpace HPOS="0" VPOS="0" WIDTH="1086" HEIGHT="1717">
				<ComposedBlock ID="cblock_0" HPOS="381" VPOS="113" WIDTH="453" HEIGHT="26">
					<TextBlock ID="block_0" HPOS="381" VPOS="113" WIDTH="453" HEIGHT="26">
						<TextLine ID="line_0" HPOS="381" VPOS="113" WIDTH="453" HEIGHT="26">
							<String ID="string_0" HPOS="381" VPOS="115" WIDTH="40" HEIGHT="18" WC="0.95" CONTENT="Den"/><SP WIDTH="16" VPOS="115" HPOS="421"/>
							<String ID="string_1" HPOS="437" VPOS="113" WIDTH="26" HEIGHT="19" WC="0.96" CONTENT="23"/><SP WIDTH="18" VPOS="113" HPOS="463"/>
							<String ID="string_2" HPOS="481" VPOS="115" WIDTH="43" HEIGHT="24" WC="0.95" CONTENT="Maj."/><SP WIDTH="271" VPOS="115" HPOS="524"/>
							<String ID="string_3" HPOS="795" VPOS="116" WIDTH="39" HEIGHT="21" WC="0.96" CONTENT="851"/>
						</TextLine>
					</TextBlock>
				</ComposedBlock>
				<ComposedBlock ID="cblock_1" HPOS="41" VPOS="176" WIDTH="833" HEIGHT="1384">
					<TextBlock ID="block_1" HPOS="41" VPOS="176" WIDTH="826" HEIGHT="231">
						<TextLine ID="line_1" HPOS="111" VPOS="176" WIDTH="754" HEIGHT="30">
							<String ID="string_4" HPOS="111" VPOS="176" WIDTH="113" HEIGHT="24" WC="0.92" CONTENT="Likaledes"/><SP WIDTH="20" VPOS="176" HPOS="224"/>
							<String ID="string_5" HPOS="244" VPOS="176" WIDTH="40" HEIGHT="24" WC="0.97" CONTENT="bör"/><SP WIDTH="18" VPOS="176" HPOS="284"/>
							<String ID="string_6" HPOS="302" VPOS="178" WIDTH="42" HEIGHT="28" WC="0.96" CONTENT="jag"/><SP WIDTH="19" VPOS="178" HPOS="344"/>
							<String ID="string_7" HPOS="363" VPOS="178" WIDTH="95" HEIGHT="22" WC="0.96" CONTENT="erkänna"/><SP WIDTH="20" VPOS="178" HPOS="458"/>
							<String ID="string_8" HPOS="478" VPOS="180" WIDTH="33" HEIGHT="20" WC="0.96" CONTENT="att"/><SP WIDTH="16" VPOS="180" HPOS="511"/>
							<String ID="string_9" HPOS="527" VPOS="178" WIDTH="39" HEIGHT="28" WC="0.96" CONTENT="jag"/><SP WIDTH="14" VPOS="178" HPOS="566"/>
							<String ID="string_10" HPOS="580" VPOS="178" WIDTH="70" HEIGHT="23" WC="0.96" CONTENT="skulle"/><SP WIDTH="16" VPOS="178" HPOS="650"/>
							<String ID="string_11" HPOS="666" VPOS="178" WIDTH="63" HEIGHT="22" WC="0.96" CONTENT="hafva"/><SP WIDTH="14" VPOS="178" HPOS="729"/>
							<String ID="string_12" HPOS="743" VPOS="180" WIDTH="56" HEIGHT="22" WC="0.96" CONTENT="varit"/><SP WIDTH="14" VPOS="180" HPOS="799"/>
							<String ID="string_13" HPOS="813" VPOS="186" WIDTH="52" HEIGHT="16" WC="0.95" CONTENT="ense"/>
						</TextLine>
						<TextLine ID="line_2" HPOS="42" VPOS="206" WIDTH="824" HEIGHT="30">
							<String ID="string_14" HPOS="42" VPOS="207" WIDTH="50" HEIGHT="22" WC="0.96" CONTENT="med"/><SP WIDTH="14" VPOS="207" HPOS="92"/>
							<String ID="string_15" HPOS="106" VPOS="207" WIDTH="50" HEIGHT="22" WC="0.96" CONTENT="herr"/><SP WIDTH="14" VPOS="207" HPOS="156"/>
							<String ID="string_16" HPOS="170" VPOS="206" WIDTH="97" HEIGHT="28" WC="0.96" CONTENT="Pipping,"/><SP WIDTH="14" VPOS="206" HPOS="267"/>
							<String ID="string_17" HPOS="281" VPOS="207" WIDTH="96" HEIGHT="26" WC="0.96" CONTENT="Fredrik,"/><SP WIDTH="16" VPOS="207" HPOS="377"/>
							<String ID="string_18" HPOS="393" VPOS="207" WIDTH="7" HEIGHT="21" WC="0.96" CONTENT="i"/><SP WIDTH="15" VPOS="207" HPOS="400"/>
							<String ID="string_19" HPOS="415" VPOS="206" WIDTH="104" HEIGHT="23" WC="0.93" CONTENT="afseende"/><SP WIDTH="15" VPOS="206" HPOS="519"/>
							<String ID="string_20" HPOS="534" VPOS="207" WIDTH="13" HEIGHT="21" WC="0.91" CONTENT="å"/><SP WIDTH="13" VPOS="207" HPOS="547"/>
							<String ID="string_21" HPOS="560" VPOS="210" WIDTH="33" HEIGHT="20" WC="0.96" CONTENT="att"/><SP WIDTH="14" VPOS="210" HPOS="593"/>
							<String ID="string_22" HPOS="607" VPOS="208" WIDTH="7" HEIGHT="21" WC="0.97" CONTENT="i"/><SP WIDTH="17" VPOS="208" HPOS="614"/>
							<String ID="string_23" HPOS="631" VPOS="208" WIDTH="110" HEIGHT="26" WC="0.96" CONTENT="ingressen"/><SP WIDTH="11" VPOS="208" HPOS="741"/>
							<String ID="string_24" HPOS="752" VPOS="202" WIDTH="114" HEIGHT="38" WC="0.96" CONTENT="åtskilliga"/>
						</TextLine>
						<TextLine ID="line_3" HPOS="41" VPOS="235" WIDTH="824" HEIGHT="29">
							<String ID="string_25" HPOS="41" VPOS="236" WIDTH="84" HEIGHT="28" WC="0.96" CONTENT="lagrum"/><SP WIDTH="21" VPOS="236" HPOS="125"/>
							<String ID="string_26" HPOS="146" VPOS="236" WIDTH="73" HEIGHT="22" WC="0.96" CONTENT="kunde"/><SP WIDTH="19" VPOS="236" HPOS="219"/>
							<String ID="string_27" HPOS="238" VPOS="235" WIDTH="77" HEIGHT="28" WC="0.96" CONTENT="tydligt"/><SP WIDTH="14" VPOS="235" HPOS="315"/>
							<String ID="string_28" HPOS="329" VPOS="236" WIDTH="64" HEIGHT="22" WC="0.96" CONTENT="hafva"/><SP WIDTH="14" VPOS="236" HPOS="393"/>
							<String ID="string_29" HPOS="407" VPOS="237" WIDTH="89" HEIGHT="21" WC="0.96" CONTENT="nämnts"/><SP WIDTH="15" VPOS="237" HPOS="496"/>
							<String ID="string_30" HPOS="511" VPOS="236" WIDTH="73" HEIGHT="22" WC="0.93" CONTENT="såsom"/><SP WIDTH="14" VPOS="236" HPOS="584"/>
							<String ID="string_31" HPOS="598" VPOS="236" WIDTH="117" HEIGHT="28" WC="0.92" CONTENT="upphäfda,"/><SP WIDTH="15" VPOS="236" HPOS="715"/>
							<String ID="string_32" HPOS="730" VPOS="243" WIDTH="50" HEIGHT="16" WC="0.87" CONTENT="men."/><SP WIDTH="14" VPOS="243" HPOS="780"/>
							<String ID="string_33" HPOS="794" VPOS="237" WIDTH="71" HEIGHT="27" WC="0.96" CONTENT="någon"/>
						</TextLine>
						<TextLine ID="line_4" HPOS="42" VPOS="264" WIDTH="825" HEIGHT="28">
							<String ID="string_34" HPOS="42" VPOS="264" WIDTH="135" HEIGHT="28" WC="0.96" CONTENT="tvetydighet"/><SP WIDTH="22" VPOS="264" HPOS="177"/>
							<String ID="string_35" HPOS="199" VPOS="264" WIDTH="52" HEIGHT="22" WC="0.96" CONTENT="eller"/><SP WIDTH="22" VPOS="264" HPOS="251"/>
							<String ID="string_36" HPOS="273" VPOS="264" WIDTH="150" HEIGHT="22" WC="0.96" CONTENT="missförstånd"/><SP WIDTH="22" VPOS="264" HPOS="423"/>
							<String ID="string_37" HPOS="445" VPOS="264" WIDTH="24" HEIGHT="22" WC="0.96" CONTENT="af"/><SP WIDTH="16" VPOS="264" HPOS="469"/>
							<String ID="string_38" HPOS="485" VPOS="266" WIDTH="33" HEIGHT="20" WC="0.96" CONTENT="att"/><SP WIDTH="15" VPOS="266" HPOS="518"/>
							<String ID="string_39" HPOS="533" VPOS="265" WIDTH="55" HEIGHT="22" WC="0.96" CONTENT="blott"/><SP WIDTH="16" VPOS="265" HPOS="588"/>
							<String ID="string_40" HPOS="604" VPOS="266" WIDTH="88" HEIGHT="21" WC="0.96" CONTENT="allmänt"/><SP WIDTH="15" VPOS="266" HPOS="692"/>
							<String ID="string_41" HPOS="707" VPOS="268" WIDTH="112" HEIGHT="20" WC="0.95" CONTENT="omnämna"/><SP WIDTH="15" VPOS="268" HPOS="819"/>
							<String ID="string_42" HPOS="834" VPOS="267" WIDTH="33" HEIGHT="21" WC="0.96" CONTENT="att"/>
						</TextLine>
						<TextLine ID="line_5" HPOS="43" VPOS="292" WIDTH="822" HEIGHT="30">
							<String ID="string_43" HPOS="43" VPOS="294" WIDTH="26" HEIGHT="22" WC="0.96" CONTENT="de"/><SP WIDTH="16" VPOS="294" HPOS="69"/>
							<String ID="string_44" HPOS="85" VPOS="292" WIDTH="130" HEIGHT="29" WC="0.96" CONTENT="paragrafer,"/><SP WIDTH="17" VPOS="292" HPOS="215"/>
							<String ID="string_45" HPOS="232" VPOS="299" WIDTH="45" HEIGHT="16" WC="0.96" CONTENT="som"/><SP WIDTH="16" VPOS="299" HPOS="277"/>
							<String ID="string_46" HPOS="293" VPOS="293" WIDTH="35" HEIGHT="21" WC="0.96" CONTENT="stå"/><SP WIDTH="14" VPOS="293" HPOS="328"/>
							<String ID="string_47" HPOS="342" VPOS="293" WIDTH="7" HEIGHT="21" WC="0.96" CONTENT="i"/><SP WIDTH="16" VPOS="293" HPOS="349"/>
							<String ID="string_48" HPOS="365" VPOS="293" WIDTH="54" HEIGHT="22" WC="0.96" CONTENT="strid"/><SP WIDTH="15" VPOS="293" HPOS="419"/>
							<String ID="string_49" HPOS="434" VPOS="294" WIDTH="51" HEIGHT="21" WC="0.96" CONTENT="med"/><SP WIDTH="16" VPOS="294" HPOS="485"/>
							<String ID="string_50" HPOS="501" VPOS="294" WIDTH="42" HEIGHT="21" WC="0.96" CONTENT="den"/><SP WIDTH="10" VPOS="294" HPOS="543"/>
							<String ID="string_51" HPOS="553" VPOS="294" WIDTH="101" HEIGHT="27" WC="0.96" CONTENT="vidtagna"/><SP WIDTH="7" VPOS="294" HPOS="654"/>
							<String ID="string_52" HPOS="661" VPOS="294" WIDTH="158" HEIGHT="28" WC="0.96" CONTENT="förändringen,"/><SP WIDTH="9" VPOS="294" HPOS="819"/>
							<String ID="string_53" HPOS="828" VPOS="297" WIDTH="37" HEIGHT="19" WC="0.96" CONTENT="äro"/>
						</TextLine>
						<TextLine ID="line_6" HPOS="42" VPOS="321" WIDTH="824" HEIGHT="29">
							<String ID="string_54" HPOS="42" VPOS="322" WIDTH="116" HEIGHT="28" WC="0.90" CONTENT="upphäfda,"/><SP WIDTH="21" VPOS="322" HPOS="158"/>
							<String ID="string_55" HPOS="179" VPOS="328" WIDTH="62" HEIGHT="16" WC="0.96" CONTENT="anser"/><SP WIDTH="12" VPOS="328" HPOS="241"/>
							<String ID="string_56" HPOS="253" VPOS="322" WIDTH="39" HEIGHT="27" WC="0.96" CONTENT="jag"/><SP WIDTH="14" VPOS="322" HPOS="292"/>
							<String ID="string_57" HPOS="306" VPOS="322" WIDTH="48" HEIGHT="22" WC="0.93" CONTENT="icke"/><SP WIDTH="15" VPOS="322" HPOS="354"/>
							<String ID="string_58" HPOS="369" VPOS="321" WIDTH="94" HEIGHT="23" WC="0.91" CONTENT="behöfva"/><SP WIDTH="14" VPOS="321" HPOS="463"/>
							<String ID="string_59" HPOS="477" VPOS="322" WIDTH="93" HEIGHT="27" WC="0.95" CONTENT="befaras,"/><SP WIDTH="17" VPOS="322" HPOS="570"/>
							<String ID="string_60" HPOS="587" VPOS="323" WIDTH="25" HEIGHT="21" WC="0.96" CONTENT="så"/><SP WIDTH="14" VPOS="323" HPOS="612"/>
							<String ID="string_61" HPOS="626" VPOS="324" WIDTH="33" HEIGHT="20" WC="0.96" CONTENT="att"/><SP WIDTH="14" VPOS="324" HPOS="659"/>
							<String ID="string_62" HPOS="673" VPOS="323" WIDTH="8" HEIGHT="21" WC="0.96" CONTENT="i"/><SP WIDTH="14" VPOS="323" HPOS="681"/>
							<String ID="string_63" HPOS="695" VPOS="323" WIDTH="40" HEIGHT="22" WC="0.96" CONTENT="den"/><SP WIDTH="15" VPOS="323" HPOS="735"/>
							<String ID="string_64" HPOS="750" VPOS="324" WIDTH="64" HEIGHT="22" WC="0.93" CONTENT="delen"/><SP WIDTH="14" VPOS="324" HPOS="814"/>
							<String ID="string_65" HPOS="828" VPOS="324" WIDTH="38" HEIGHT="21" WC="0.92" CONTENT="nå-"/>
						</TextLine>
						<TextLine ID="line_7" HPOS="43" VPOS="350" WIDTH="823" HEIGHT="52">
							<String ID="string_66" HPOS="43" VPOS="354" WIDTH="38" HEIGHT="48" WC="0.86" CONTENT="got"/><SP WIDTH="21" VPOS="354" HPOS="81"/>
							<String ID="string_67" HPOS="102" VPOS="351" WIDTH="77" HEIGHT="23" WC="0.96" CONTENT="hinder"/><SP WIDTH="21" VPOS="351" HPOS="179"/>
							<String ID="string_68" HPOS="200" VPOS="351" WIDTH="48" HEIGHT="21" WC="0.96" CONTENT="icke"/><SP WIDTH="18" VPOS="351" HPOS="248"/>
							<String ID="string_69" HPOS="266" VPOS="350" WIDTH="68" HEIGHT="22" WC="0.96" CONTENT="finnes"/><SP WIDTH="15" VPOS="350" HPOS="334"/>
							<String ID="string_70" HPOS="349" VPOS="350" WIDTH="32" HEIGHT="22" WC="0.96" CONTENT="för"/><SP WIDTH="15" VPOS="350" HPOS="381"/>
							<String ID="string_71" HPOS="396" VPOS="350" WIDTH="160" HEIGHT="28" WC="0.96" CONTENT="godkännande"/><SP WIDTH="16" VPOS="350" HPOS="556"/>
							<String ID="string_72" HPOS="572" VPOS="351" WIDTH="22" HEIGHT="22" WC="0.93" CONTENT="af"/><SP WIDTH="12" VPOS="351" HPOS="594"/>
							<String ID="string_73" HPOS="606" VPOS="352" WIDTH="260" HEIGHT="28" WC="0.89" CONTENT="sammanjemkningsför-"/>
						</TextLine>
						<TextLine ID="line_8" HPOS="43" VPOS="382" WIDTH="77" HEIGHT="25">
							<String ID="string_74" HPOS="43" VPOS="382" WIDTH="77" HEIGHT="25" WC="0.96" CONTENT="slaget."/>
						</TextLine>
					</TextBlock>
					<TextBlock ID="block_2" HPOS="41" VPOS="408" WIDTH="833" HEIGHT="1152">
						<TextLine ID="line_9" HPOS="111" VPOS="408" WIDTH="756" HEIGHT="29">
							<String ID="string_75" HPOS="111" VPOS="409" WIDTH="56" HEIGHT="22" WC="0.96" CONTENT="Herr"/><SP WIDTH="15" VPOS="409" HPOS="167"/>
							<String ID="string_76" HPOS="182" VPOS="408" WIDTH="117" HEIGHT="22" WC="0.60" CONTENT="Idestam"/><SP WIDTH="19" VPOS="408" HPOS="299"/>
							<String ID="string_77" HPOS="318" VPOS="408" WIDTH="59" HEIGHT="28" WC="0.93" CONTENT="afgaf"/><SP WIDTH="11" VPOS="408" HPOS="377"/>
							<String ID="string_78" HPOS="388" VPOS="410" WIDTH="32" HEIGHT="20" WC="0.96" CONTENT="ett"/><SP WIDTH="15" VPOS="410" HPOS="420"/>
							<String ID="string_79" HPOS="435" VPOS="408" WIDTH="26" HEIGHT="22" WC="0.96" CONTENT="så"/><SP WIDTH="14" VPOS="408" HPOS="461"/>
							<String ID="string_80" HPOS="475" VPOS="408" WIDTH="93" HEIGHT="29" WC="0.96" CONTENT="lydande"/><SP WIDTH="16" VPOS="408" HPOS="568"/>
							<String ID="string_81" HPOS="584" VPOS="408" WIDTH="103" HEIGHT="29" WC="0.96" CONTENT="skriftligt"/><SP WIDTH="16" VPOS="408" HPOS="687"/>
							<String ID="string_82" HPOS="703" VPOS="410" WIDTH="110" HEIGHT="27" WC="0.96" CONTENT="yttrande:"/><SP WIDTH="17" VPOS="410" HPOS="813"/>
							<String ID="string_83" HPOS="830" VPOS="409" WIDTH="37" HEIGHT="22" WC="0.96" CONTENT="Uti"/>
						</TextLine>
						<TextLine ID="line_10" HPOS="44" VPOS="437" WIDTH="823" HEIGHT="29">
							<String ID="string_84" HPOS="44" VPOS="439" WIDTH="33" HEIGHT="21" WC="0.96" CONTENT="ett"/><SP WIDTH="14" VPOS="439" HPOS="77"/>
							<String ID="string_85" HPOS="91" VPOS="437" WIDTH="129" HEIGHT="29" WC="0.96" CONTENT="föregående"/><SP WIDTH="15" VPOS="437" HPOS="220"/>
							<String ID="string_86" HPOS="235" VPOS="437" WIDTH="93" HEIGHT="28" WC="0.96" CONTENT="plenum,"/><SP WIDTH="16" VPOS="437" HPOS="328"/>
							<String ID="string_87" HPOS="344" VPOS="437" WIDTH="27" HEIGHT="22" WC="0.96" CONTENT="då"/><SP WIDTH="12" VPOS="437" HPOS="371"/>
							<String ID="string_88" HPOS="383" VPOS="438" WIDTH="38" HEIGHT="27" WC="0.96" CONTENT="jag"/><SP WIDTH="14" VPOS="438" HPOS="421"/>
							<String ID="string_89" HPOS="435" VPOS="444" WIDTH="40" HEIGHT="15" WC="0.96" CONTENT="var"/><SP WIDTH="13" VPOS="444" HPOS="475"/>
							<String ID="string_90" HPOS="488" VPOS="437" WIDTH="47" HEIGHT="22" WC="0.96" CONTENT="från"/><SP WIDTH="16" VPOS="437" HPOS="535"/>
							<String ID="string_91" HPOS="551" VPOS="438" WIDTH="78" HEIGHT="22" WC="0.96" CONTENT="staden"/><SP WIDTH="14" VPOS="438" HPOS="629"/>
							<String ID="string_92" HPOS="643" VPOS="439" WIDTH="100" HEIGHT="26" WC="0.96" CONTENT="bortrest,"/><SP WIDTH="12" VPOS="439" HPOS="743"/>
							<String ID="string_93" HPOS="755" VPOS="439" WIDTH="64" HEIGHT="22" WC="0.93" CONTENT="hafva"/><SP WIDTH="10" VPOS="439" HPOS="819"/>
							<String ID="string_94" HPOS="829" VPOS="439" WIDTH="38" HEIGHT="21" WC="0.92" CONTENT="nå-"/>
						</TextLine>
						<TextLine ID="line_11" HPOS="44" VPOS="466" WIDTH="823" HEIGHT="28">
							<String ID="string_95" HPOS="44" VPOS="473" WIDTH="39" HEIGHT="21" WC="0.96" CONTENT="gra"/><SP WIDTH="22" VPOS="473" HPOS="83"/>
							<String ID="string_96" HPOS="105" VPOS="467" WIDTH="65" HEIGHT="22" WC="0.96" CONTENT="ärade"/><SP WIDTH="22" VPOS="467" HPOS="170"/>
							<String ID="string_97" HPOS="192" VPOS="466" WIDTH="68" HEIGHT="22" WC="0.96" CONTENT="talare"/><SP WIDTH="22" VPOS="466" HPOS="260"/>
							<String ID="string_98" HPOS="282" VPOS="466" WIDTH="105" HEIGHT="22" WC="0.91" CONTENT="förklarat"/><SP WIDTH="14" VPOS="466" HPOS="387"/>
							<String ID="string_99" HPOS="401" VPOS="467" WIDTH="167" HEIGHT="27" WC="0.90" CONTENT="Lagutskottets"/><SP WIDTH="16" VPOS="467" HPOS="568"/>
							<String ID="string_100" HPOS="584" VPOS="466" WIDTH="161" HEIGHT="28" WC="0.93" CONTENT="ifrågavarande"/><SP WIDTH="16" VPOS="466" HPOS="745"/>
							<String ID="string_101" HPOS="761" VPOS="474" WIDTH="106" HEIGHT="15" WC="0.90" CONTENT="samman-"/>
						</TextLine>
						<TextLine ID="line_12" HPOS="41" VPOS="495" WIDTH="826" HEIGHT="29">
							<String ID="string_102" HPOS="41" VPOS="495" WIDTH="203" HEIGHT="28" WC="0.92" CONTENT="jemkningsförslag"/><SP WIDTH="21" VPOS="495" HPOS="244"/>
							<String ID="string_103" HPOS="265" VPOS="501" WIDTH="52" HEIGHT="16" WC="0.96" CONTENT="vara"/><SP WIDTH="19" VPOS="501" HPOS="317"/>
							<String ID="string_104" HPOS="336" VPOS="495" WIDTH="95" HEIGHT="28" WC="0.95" CONTENT="oriktigt."/><SP WIDTH="30" VPOS="495" HPOS="431"/>
							<String ID="string_105" HPOS="461" VPOS="495" WIDTH="43" HEIGHT="22" WC="0.96" CONTENT="Till"/><SP WIDTH="16" VPOS="495" HPOS="504"/>
							<String ID="string_106" HPOS="520" VPOS="496" WIDTH="60" HEIGHT="21" WC="0.96" CONTENT="detta"/><SP WIDTH="14" VPOS="496" HPOS="580"/>
							<String ID="string_107" HPOS="594" VPOS="495" WIDTH="82" HEIGHT="28" WC="0.96" CONTENT="förslag"/><SP WIDTH="14" VPOS="495" HPOS="676"/>
							<String ID="string_108" HPOS="690" VPOS="496" WIDTH="39" HEIGHT="22" WC="0.96" CONTENT="har"/><SP WIDTH="13" VPOS="496" HPOS="729"/>
							<String ID="string_109" HPOS="742" VPOS="497" WIDTH="37" HEIGHT="27" WC="0.96" CONTENT="jag"/><SP WIDTH="16" VPOS="497" HPOS="779"/>
							<String ID="string_110" HPOS="795" VPOS="497" WIDTH="72" HEIGHT="21" WC="0.95" CONTENT="såsom"/>
						</TextLine>
						<TextLine ID="line_13" HPOS="44" VPOS="524" WIDTH="822" HEIGHT="28">
							<String ID="string_111" HPOS="44" VPOS="524" WIDTH="95" HEIGHT="23" WC="0.96" CONTENT="ledamot"/><SP WIDTH="13" VPOS="524" HPOS="139"/>
							<String ID="string_112" HPOS="152" VPOS="525" WIDTH="7" HEIGHT="21" WC="0.93" CONTENT="i"/><SP WIDTH="16" VPOS="525" HPOS="159"/>
							<String ID="string_113" HPOS="175" VPOS="524" WIDTH="154" HEIGHT="27" WC="0.91" CONTENT="Lagutskottet"/><SP WIDTH="14" VPOS="524" HPOS="329"/>
							<String ID="string_114" HPOS="343" VPOS="524" WIDTH="100" HEIGHT="27" WC="0.96" CONTENT="bidragit,"/><SP WIDTH="17" VPOS="524" HPOS="443"/>
							<String ID="string_115" HPOS="460" VPOS="524" WIDTH="42" HEIGHT="22" WC="0.96" CONTENT="och"/><SP WIDTH="11" VPOS="524" HPOS="502"/>
							<String ID="string_116" HPOS="513" VPOS="525" WIDTH="39" HEIGHT="27" WC="0.96" CONTENT="jag"/><SP WIDTH="16" VPOS="525" HPOS="552"/>
							<String ID="string_117" HPOS="568" VPOS="531" WIDTH="62" HEIGHT="15" WC="0.94" CONTENT="anser"/><SP WIDTH="7" VPOS="531" HPOS="630"/>
							<String ID="string_118" HPOS="637" VPOS="524" WIDTH="132" HEIGHT="23" WC="0.95" CONTENT="fortfarande"/><SP WIDTH="8" VPOS="524" HPOS="769"/>
							<String ID="string_119" HPOS="777" VPOS="525" WIDTH="27" HEIGHT="22" WC="0.96" CONTENT="de"/><SP WIDTH="9" VPOS="525" HPOS="804"/>
							<String ID="string_120" HPOS="813" VPOS="525" WIDTH="53" HEIGHT="26" WC="0.96" CONTENT="skäl,"/>
						</TextLine>
						<TextLine ID="line_14" HPOS="44" VPOS="553" WIDTH="823" HEIGHT="28">
							<String ID="string_121" HPOS="44" VPOS="553" WIDTH="81" HEIGHT="28" WC="0.91" CONTENT="hvarpå"/><SP WIDTH="16" VPOS="553" HPOS="125"/>
							<String ID="string_122" HPOS="141" VPOS="553" WIDTH="104" HEIGHT="27" WC="0.95" CONTENT="förslaget"/><SP WIDTH="14" VPOS="553" HPOS="245"/>
							<String ID="string_123" HPOS="259" VPOS="553" WIDTH="33" HEIGHT="27" WC="0.96" CONTENT="sig"/><SP WIDTH="15" VPOS="553" HPOS="292"/>
							<String ID="string_124" HPOS="307" VPOS="553" WIDTH="99" HEIGHT="27" WC="0.96" CONTENT="grundar,"/><SP WIDTH="16" VPOS="553" HPOS="406"/>
							<String ID="string_125" HPOS="422" VPOS="559" WIDTH="53" HEIGHT="16" WC="0.96" CONTENT="vara"/><SP WIDTH="15" VPOS="559" HPOS="475"/>
							<String ID="string_126" HPOS="490" VPOS="553" WIDTH="80" HEIGHT="28" WC="0.96" CONTENT="giltiga."/><SP WIDTH="31" VPOS="553" HPOS="570"/>
							<String ID="string_127" HPOS="601" VPOS="554" WIDTH="44" HEIGHT="27" WC="0.93" CONTENT="Mig"/><SP WIDTH="15" VPOS="554" HPOS="645"/>
							<String ID="string_128" HPOS="660" VPOS="553" WIDTH="73" HEIGHT="22" WC="0.91" CONTENT="höfves"/><SP WIDTH="16" VPOS="553" HPOS="733"/>
							<String ID="string_129" HPOS="749" VPOS="554" WIDTH="55" HEIGHT="22" WC="0.96" CONTENT="dock"/><SP WIDTH="15" VPOS="554" HPOS="804"/>
							<String ID="string_130" HPOS="819" VPOS="554" WIDTH="48" HEIGHT="22" WC="0.96" CONTENT="icke"/>
						</TextLine>
						<TextLine ID="line_15" HPOS="45" VPOS="582" WIDTH="822" HEIGHT="27">
							<String ID="string_131" HPOS="45" VPOS="584" WIDTH="34" HEIGHT="20" WC="0.96" CONTENT="att"/><SP WIDTH="22" VPOS="584" HPOS="79"/>
							<String ID="string_132" HPOS="101" VPOS="583" WIDTH="24" HEIGHT="21" WC="0.96" CONTENT="så"/><SP WIDTH="21" VPOS="583" HPOS="125"/>
							<String ID="string_133" HPOS="146" VPOS="582" WIDTH="92" HEIGHT="22" WC="0.96" CONTENT="bedöma"/><SP WIDTH="20" VPOS="582" HPOS="238"/>
							<String ID="string_134" HPOS="258" VPOS="582" WIDTH="26" HEIGHT="21" WC="0.95" CONTENT="de"/><SP WIDTH="16" VPOS="582" HPOS="284"/>
							<String ID="string_135" HPOS="300" VPOS="582" WIDTH="65" HEIGHT="21" WC="0.92" CONTENT="ärade"/><SP WIDTH="15" VPOS="582" HPOS="365"/>
							<String ID="string_136" HPOS="380" VPOS="582" WIDTH="109" HEIGHT="22" WC="0.91" CONTENT="talarenas"/><SP WIDTH="16" VPOS="582" HPOS="489"/>
							<String ID="string_137" HPOS="505" VPOS="582" WIDTH="57" HEIGHT="27" WC="0.92" CONTENT="åsigt"/><SP WIDTH="13" VPOS="582" HPOS="562"/>
							<String ID="string_138" HPOS="575" VPOS="582" WIDTH="8" HEIGHT="21" WC="0.96" CONTENT="i"/><SP WIDTH="15" VPOS="582" HPOS="583"/>
							<String ID="string_139" HPOS="598" VPOS="583" WIDTH="74" HEIGHT="26" WC="0.96" CONTENT="saken,"/><SP WIDTH="16" VPOS="583" HPOS="672"/>
							<String ID="string_140" HPOS="688" VPOS="589" WIDTH="46" HEIGHT="16" WC="0.93" CONTENT="som"/><SP WIDTH="16" VPOS="589" HPOS="734"/>
							<String ID="string_141" HPOS="750" VPOS="583" WIDTH="64" HEIGHT="22" WC="0.91" CONTENT="desse"/><SP WIDTH="15" VPOS="583" HPOS="814"/>
							<String ID="string_142" HPOS="829" VPOS="583" WIDTH="38" HEIGHT="22" WC="0.92" CONTENT="be-"/>
						</TextLine>
						<TextLine ID="line_16" HPOS="45" VPOS="610" WIDTH="822" HEIGHT="29">
							<String ID="string_143" HPOS="45" VPOS="611" WIDTH="88" HEIGHT="22" WC="0.93" CONTENT="tecknat"/><SP WIDTH="14" VPOS="611" HPOS="133"/>
							<String ID="string_144" HPOS="147" VPOS="611" WIDTH="163" HEIGHT="27" WC="0.92" CONTENT="Lagutskottets"/><SP WIDTH="16" VPOS="611" HPOS="310"/>
							<String ID="string_145" HPOS="326" VPOS="610" WIDTH="121" HEIGHT="23" WC="0.96" CONTENT="förfarande"/><SP WIDTH="16" VPOS="610" HPOS="447"/>
							<String ID="string_146" HPOS="463" VPOS="611" WIDTH="54" HEIGHT="21" WC="0.95" CONTENT="häri."/><SP WIDTH="31" VPOS="611" HPOS="517"/>
							<String ID="string_147" HPOS="548" VPOS="611" WIDTH="76" HEIGHT="22" WC="0.94" CONTENT="Denna"/><SP WIDTH="14" VPOS="611" HPOS="624"/>
							<String ID="string_148" HPOS="638" VPOS="611" WIDTH="67" HEIGHT="28" WC="0.93" CONTENT="fråga,"/><SP WIDTH="16" VPOS="611" HPOS="705"/>
							<String ID="string_149" HPOS="721" VPOS="611" WIDTH="59" HEIGHT="22" WC="0.92" CONTENT="hvari"/><SP WIDTH="14" VPOS="611" HPOS="780"/>
							<String ID="string_150" HPOS="794" VPOS="612" WIDTH="73" HEIGHT="27" WC="0.92" CONTENT="lagen-"/>
						</TextLine>
						<TextLine ID="line_17" HPOS="43" VPOS="640" WIDTH="827" HEIGHT="27">
							<String ID="string_151" HPOS="43" VPOS="640" WIDTH="32" HEIGHT="27" WC="0.93" CONTENT="lig"/><SP WIDTH="14" VPOS="640" HPOS="75"/>
							<String ID="string_152" HPOS="89" VPOS="640" WIDTH="111" HEIGHT="27" WC="0.92" CONTENT="pluralitet"/><SP WIDTH="15" VPOS="640" HPOS="200"/>
							<String ID="string_153" HPOS="215" VPOS="640" WIDTH="17" HEIGHT="27" WC="0.96" CONTENT="ej"/><SP WIDTH="17" VPOS="640" HPOS="232"/>
							<String ID="string_154" HPOS="249" VPOS="640" WIDTH="83" HEIGHT="21" WC="0.96" CONTENT="kunnat"/><SP WIDTH="14" VPOS="640" HPOS="332"/>
							<String ID="string_155" HPOS="346" VPOS="641" WIDTH="53" HEIGHT="20" WC="0.93" CONTENT="utan"/><SP WIDTH="16" VPOS="641" HPOS="399"/>
							<String ID="string_156" HPOS="415" VPOS="640" WIDTH="208" HEIGHT="27" WC="0.91" CONTENT="sammanjemkning"/><SP WIDTH="15" VPOS="640" HPOS="623"/>
							<String ID="string_157" HPOS="638" VPOS="640" WIDTH="166" HEIGHT="27" WC="0.96" CONTENT="åstadkommas,"/><SP WIDTH="12" VPOS="640" HPOS="804"/>
							<String ID="string_158" HPOS="816" VPOS="643" WIDTH="24" HEIGHT="19" WC="0.96" CONTENT="är"/><SP WIDTH="8" VPOS="643" HPOS="840"/>
							<String ID="string_159" HPOS="848" VPOS="640" WIDTH="22" HEIGHT="21" WC="0.96" CONTENT="af"/>
						</TextLine>
						<TextLine ID="line_18" HPOS="46" VPOS="668" WIDTH="823" HEIGHT="28">
							<String ID="string_160" HPOS="46" VPOS="669" WIDTH="43" HEIGHT="27" WC="0.93" CONTENT="mig"/><SP WIDTH="15" VPOS="669" HPOS="89"/>
							<String ID="string_161" HPOS="104" VPOS="669" WIDTH="114" HEIGHT="27" WC="0.91" CONTENT="uppfattad"/><SP WIDTH="14" VPOS="669" HPOS="218"/>
							<String ID="string_162" HPOS="232" VPOS="668" WIDTH="97" HEIGHT="27" WC="0.96" CONTENT="sålunda,"/><SP WIDTH="17" VPOS="668" HPOS="329"/>
							<String ID="string_163" HPOS="346" VPOS="670" WIDTH="33" HEIGHT="20" WC="0.93" CONTENT="att"/><SP WIDTH="14" VPOS="670" HPOS="379"/>
							<String ID="string_164" HPOS="393" VPOS="668" WIDTH="122" HEIGHT="28" WC="0.91" CONTENT="giftorätts-"/><SP WIDTH="17" VPOS="668" HPOS="515"/>
							<String ID="string_165" HPOS="532" VPOS="669" WIDTH="40" HEIGHT="22" WC="0.93" CONTENT="och"/><SP WIDTH="15" VPOS="669" HPOS="572"/>
							<String ID="string_166" HPOS="587" VPOS="668" WIDTH="282" HEIGHT="28" WC="0.92" CONTENT="morgongåfvoinstituten"/><SP WIDTH="-11" VPOS="668" HPOS="869"/>
							<String ID="string_167" HPOS="858" VPOS="664" WIDTH="15" HEIGHT="36" WC="0.96" CONTENT="i"/>
						</TextLine>
						<TextLine ID="line_19" HPOS="45" VPOS="697" WIDTH="823" HEIGHT="28">
							<String ID="string_168" HPOS="45" VPOS="697" WIDTH="138" HEIGHT="22" WC="0.96" CONTENT="förevarande"/><SP WIDTH="15" VPOS="697" HPOS="183"/>
							<String ID="string_169" HPOS="198" VPOS="697" WIDTH="43" HEIGHT="27" WC="0.95" CONTENT="fall,"/><SP WIDTH="16" VPOS="697" HPOS="241"/>
							<String ID="string_170" HPOS="257" VPOS="697" WIDTH="28" HEIGHT="27" WC="0.96" CONTENT="på"/><SP WIDTH="15" VPOS="697" HPOS="285"/>
							<String ID="string_171" HPOS="300" VPOS="699" WIDTH="44" HEIGHT="20" WC="0.96" CONTENT="sätt"/><SP WIDTH="15" VPOS="699" HPOS="344"/>
							<String ID="string_172" HPOS="359" VPOS="697" WIDTH="31" HEIGHT="22" WC="0.96" CONTENT="uti"/><SP WIDTH="16" VPOS="697" HPOS="390"/>
							<String ID="string_173" HPOS="406" VPOS="697" WIDTH="37" HEIGHT="22" WC="0.96" CONTENT="två"/><SP WIDTH="14" VPOS="697" HPOS="443"/>
							<String ID="string_174" HPOS="457" VPOS="697" WIDTH="72" HEIGHT="27" WC="0.93" CONTENT="stånd,"/><SP WIDTH="16" VPOS="697" HPOS="529"/>
							<String ID="string_175" HPOS="545" VPOS="698" WIDTH="106" HEIGHT="27" WC="0.91" CONTENT="nemligen"/><SP WIDTH="8" VPOS="698" HPOS="651"/>
							<String ID="string_176" HPOS="659" VPOS="697" WIDTH="158" HEIGHT="28" WC="0.91" CONTENT="Ridderskapet"/><SP WIDTH="10" VPOS="697" HPOS="817"/>
							<String ID="string_177" HPOS="827" VPOS="698" WIDTH="41" HEIGHT="21" WC="0.96" CONTENT="och"/>
						</TextLine>
						<TextLine ID="line_20" HPOS="45" VPOS="726" WIDTH="824" HEIGHT="27">
							<String ID="string_178" HPOS="45" VPOS="727" WIDTH="70" HEIGHT="21" WC="0.91" CONTENT="Adeln"/><SP WIDTH="22" VPOS="727" HPOS="115"/>
							<String ID="string_179" HPOS="137" VPOS="727" WIDTH="56" HEIGHT="21" WC="0.93" CONTENT="samt"/><SP WIDTH="21" VPOS="727" HPOS="193"/>
							<String ID="string_180" HPOS="214" VPOS="726" WIDTH="169" HEIGHT="27" WC="0.90" CONTENT="Bondeståndet,"/><SP WIDTH="18" VPOS="726" HPOS="383"/>
							<String ID="string_181" HPOS="401" VPOS="726" WIDTH="65" HEIGHT="26" WC="0.96" CONTENT="skett,"/><SP WIDTH="24" VPOS="726" HPOS="466"/>
							<String ID="string_182" HPOS="490" VPOS="727" WIDTH="68" HEIGHT="21" WC="0.96" CONTENT="borde"/><SP WIDTH="16" VPOS="727" HPOS="558"/>
							<String ID="string_183" HPOS="574" VPOS="727" WIDTH="111" HEIGHT="21" WC="0.96" CONTENT="betraktas"/><SP WIDTH="16" VPOS="727" HPOS="685"/>
							<String ID="string_184" HPOS="701" VPOS="727" WIDTH="47" HEIGHT="21" WC="0.96" CONTENT="icke"/><SP WIDTH="16" VPOS="727" HPOS="748"/>
							<String ID="string_185" HPOS="764" VPOS="727" WIDTH="105" HEIGHT="22" WC="0.96" CONTENT="hvardera"/>
						</TextLine>
						<TextLine ID="line_21" HPOS="45" VPOS="755" WIDTH="824" HEIGHT="28">
							<String ID="string_186" HPOS="45" VPOS="755" WIDTH="34" HEIGHT="22" WC="0.96" CONTENT="för"/><SP WIDTH="22" VPOS="755" HPOS="79"/>
							<String ID="string_187" HPOS="101" VPOS="755" WIDTH="32" HEIGHT="28" WC="0.96" CONTENT="sig"/><SP WIDTH="21" VPOS="755" HPOS="133"/>
							<String ID="string_188" HPOS="154" VPOS="757" WIDTH="53" HEIGHT="20" WC="0.96" CONTENT="utan"/><SP WIDTH="19" VPOS="757" HPOS="207"/>
							<String ID="string_189" HPOS="226" VPOS="755" WIDTH="7" HEIGHT="21" WC="0.96" CONTENT="i"/><SP WIDTH="15" VPOS="755" HPOS="233"/>
							<String ID="string_190" HPOS="248" VPOS="755" WIDTH="153" HEIGHT="27" WC="0.96" CONTENT="sammanhang"/><SP WIDTH="14" VPOS="755" HPOS="401"/>
							<String ID="string_191" HPOS="415" VPOS="755" WIDTH="49" HEIGHT="22" WC="0.91" CONTENT="med"/><SP WIDTH="17" VPOS="755" HPOS="464"/>
							<String ID="string_192" HPOS="481" VPOS="755" WIDTH="128" HEIGHT="27" WC="0.96" CONTENT="hvarandra,"/><SP WIDTH="17" VPOS="755" HPOS="609"/>
							<String ID="string_193" HPOS="626" VPOS="755" WIDTH="40" HEIGHT="22" WC="0.96" CONTENT="och"/><SP WIDTH="16" VPOS="755" HPOS="666"/>
							<String ID="string_194" HPOS="682" VPOS="757" WIDTH="33" HEIGHT="20" WC="0.96" CONTENT="att"/><SP WIDTH="14" VPOS="757" HPOS="715"/>
							<String ID="string_195" HPOS="729" VPOS="755" WIDTH="47" HEIGHT="22" WC="0.93" CONTENT="häri"/><SP WIDTH="13" VPOS="755" HPOS="776"/>
							<String ID="string_196" HPOS="789" VPOS="755" WIDTH="80" HEIGHT="28" WC="0.90" CONTENT="jemväl"/>
						</TextLine>
						<TextLine ID="line_22" HPOS="45" VPOS="783" WIDTH="824" HEIGHT="28">
							<String ID="string_197" HPOS="45" VPOS="785" WIDTH="70" HEIGHT="21" WC="0.93" CONTENT="måste"/><SP WIDTH="15" VPOS="785" HPOS="115"/>
							<String ID="string_198" HPOS="130" VPOS="784" WIDTH="74" HEIGHT="21" WC="0.90" CONTENT="hafvas"/><SP WIDTH="16" VPOS="784" HPOS="204"/>
							<String ID="string_199" HPOS="220" VPOS="783" WIDTH="101" HEIGHT="22" WC="0.93" CONTENT="afseende"/><SP WIDTH="15" VPOS="783" HPOS="321"/>
							<String ID="string_200" HPOS="336" VPOS="784" WIDTH="14" HEIGHT="21" WC="0.92" CONTENT="å"/><SP WIDTH="10" VPOS="784" HPOS="350"/>
							<String ID="string_201" HPOS="360" VPOS="790" WIDTH="28" HEIGHT="15" WC="0.96" CONTENT="nu"/><SP WIDTH="10" VPOS="790" HPOS="388"/>
							<String ID="string_202" HPOS="398" VPOS="784" WIDTH="101" HEIGHT="27" WC="0.93" CONTENT="gällande"/><SP WIDTH="9" VPOS="784" HPOS="499"/>
							<String ID="string_203" HPOS="508" VPOS="784" WIDTH="171" HEIGHT="27" WC="0.90" CONTENT="lagstadganden"/><SP WIDTH="8" VPOS="784" HPOS="679"/>
							<String ID="string_204" HPOS="687" VPOS="784" WIDTH="110" HEIGHT="27" WC="0.93" CONTENT="angående"/><SP WIDTH="9" VPOS="784" HPOS="797"/>
							<String ID="string_205" HPOS="806" VPOS="784" WIDTH="63" HEIGHT="27" WC="0.92" CONTENT="gifto-"/>
						</TextLine>
						<TextLine ID="line_23" HPOS="46" VPOS="812" WIDTH="824" HEIGHT="27">
							<String ID="string_206" HPOS="46" VPOS="815" WIDTH="45" HEIGHT="20" WC="0.96" CONTENT="rätt"/><SP WIDTH="15" VPOS="815" HPOS="91"/>
							<String ID="string_207" HPOS="106" VPOS="813" WIDTH="40" HEIGHT="22" WC="0.93" CONTENT="och"/><SP WIDTH="15" VPOS="813" HPOS="146"/>
							<String ID="string_208" HPOS="161" VPOS="812" WIDTH="159" HEIGHT="27" WC="0.92" CONTENT="morgongåfva."/><SP WIDTH="30" VPOS="812" HPOS="320"/>
							<String ID="string_209" HPOS="350" VPOS="813" WIDTH="71" HEIGHT="21" WC="0.96" CONTENT="Dessa"/><SP WIDTH="15" VPOS="813" HPOS="421"/>
							<String ID="string_210" HPOS="436" VPOS="813" WIDTH="135" HEIGHT="26" WC="0.93" CONTENT="stadganden"/><SP WIDTH="16" VPOS="813" HPOS="571"/>
							<String ID="string_211" HPOS="587" VPOS="813" WIDTH="127" HEIGHT="21" WC="0.92" CONTENT="tillerkänna"/><SP WIDTH="13" VPOS="813" HPOS="714"/>
							<String ID="string_212" HPOS="727" VPOS="813" WIDTH="77" HEIGHT="22" WC="0.96" CONTENT="hustru"/><SP WIDTH="11" VPOS="813" HPOS="804"/>
							<String ID="string_213" HPOS="815" VPOS="812" WIDTH="55" HEIGHT="23" WC="0.96" CONTENT="efter"/>
						</TextLine>
						<TextLine ID="line_24" HPOS="45" VPOS="841" WIDTH="825" HEIGHT="28">
							<String ID="string_214" HPOS="45" VPOS="842" WIDTH="108" HEIGHT="21" WC="0.92" CONTENT="landsrätt"/><SP WIDTH="14" VPOS="842" HPOS="153"/>
							<String ID="string_215" HPOS="167" VPOS="842" WIDTH="7" HEIGHT="21" WC="0.93" CONTENT="i"/><SP WIDTH="15" VPOS="842" HPOS="174"/>
							<String ID="string_216" HPOS="189" VPOS="841" WIDTH="98" HEIGHT="28" WC="0.92" CONTENT="giftorätt"/><SP WIDTH="15" VPOS="841" HPOS="287"/>
							<String ID="string_217" HPOS="302" VPOS="841" WIDTH="40" HEIGHT="22" WC="0.92" CONTENT="och"/><SP WIDTH="15" VPOS="841" HPOS="342"/>
							<String ID="string_218" HPOS="357" VPOS="841" WIDTH="160" HEIGHT="28" WC="0.92" CONTENT="morgongåfva,"/><SP WIDTH="18" VPOS="841" HPOS="517"/>
							<String ID="string_219" HPOS="535" VPOS="842" WIDTH="41" HEIGHT="21" WC="0.96" CONTENT="den"/><SP WIDTH="15" VPOS="842" HPOS="576"/>
							<String ID="string_220" HPOS="591" VPOS="848" WIDTH="76" HEIGHT="15" WC="0.96" CONTENT="senare"/><SP WIDTH="11" VPOS="848" HPOS="667"/>
							<String ID="string_221" HPOS="678" VPOS="842" WIDTH="7" HEIGHT="21" WC="0.92" CONTENT="i"/><SP WIDTH="10" VPOS="842" HPOS="685"/>
							<String ID="string_222" HPOS="695" VPOS="842" WIDTH="92" HEIGHT="26" WC="0.92" CONTENT="lösören,"/><SP WIDTH="12" VPOS="842" HPOS="787"/>
							<String ID="string_223" HPOS="799" VPOS="842" WIDTH="71" HEIGHT="21" WC="0.96" CONTENT="såsom"/>
						</TextLine>
						<TextLine ID="line_25" HPOS="47" VPOS="870" WIDTH="822" HEIGHT="28">
							<String ID="string_224" HPOS="47" VPOS="870" WIDTH="42" HEIGHT="22" WC="0.96" CONTENT="den"/><SP WIDTH="21" VPOS="870" HPOS="89"/>
							<String ID="string_225" HPOS="110" VPOS="871" WIDTH="98" HEIGHT="26" WC="0.96" CONTENT="vanligen"/><SP WIDTH="23" VPOS="871" HPOS="208"/>
							<String ID="string_226" HPOS="231" VPOS="870" WIDTH="70" HEIGHT="27" WC="0.93" CONTENT="utgår,"/><SP WIDTH="23" VPOS="870" HPOS="301"/>
							<String ID="string_227" HPOS="324" VPOS="870" WIDTH="77" HEIGHT="21" WC="0.91" CONTENT="inalles"/><SP WIDTH="23" VPOS="870" HPOS="401"/>
							<String ID="string_228" HPOS="424" VPOS="870" WIDTH="85" HEIGHT="22" WC="0.96" CONTENT="mindre"/><SP WIDTH="18" VPOS="870" HPOS="509"/>
							<String ID="string_229" HPOS="527" VPOS="872" WIDTH="27" HEIGHT="19" WC="0.95" CONTENT="än"/><SP WIDTH="15" VPOS="872" HPOS="554"/>
							<String ID="string_230" HPOS="569" VPOS="870" WIDTH="82" HEIGHT="22" WC="0.95" CONTENT="hälften"/><SP WIDTH="15" VPOS="870" HPOS="651"/>
							<String ID="string_231" HPOS="666" VPOS="870" WIDTH="23" HEIGHT="22" WC="0.96" CONTENT="af"/><SP WIDTH="14" VPOS="870" HPOS="689"/>
							<String ID="string_232" HPOS="703" VPOS="871" WIDTH="40" HEIGHT="21" WC="0.96" CONTENT="den"/><SP WIDTH="16" VPOS="871" HPOS="743"/>
							<String ID="string_233" HPOS="759" VPOS="871" WIDTH="110" HEIGHT="27" WC="0.96" CONTENT="egendom,"/>
						</TextLine>
						<TextLine ID="line_26" HPOS="46" VPOS="899" WIDTH="825" HEIGHT="28">
							<String ID="string_234" HPOS="46" VPOS="899" WIDTH="61" HEIGHT="22" WC="0.91" CONTENT="hvari"/><SP WIDTH="20" VPOS="899" HPOS="107"/>
							<String ID="string_235" HPOS="127" VPOS="899" WIDTH="97" HEIGHT="28" WC="0.91" CONTENT="giftorätt"/><SP WIDTH="15" VPOS="899" HPOS="224"/>
							<String ID="string_236" HPOS="239" VPOS="905" WIDTH="51" HEIGHT="21" WC="0.96" CONTENT="eger"/><SP WIDTH="14" VPOS="905" HPOS="290"/>
							<String ID="string_237" HPOS="304" VPOS="905" WIDTH="54" HEIGHT="16" WC="0.92" CONTENT="rum."/><SP WIDTH="30" VPOS="905" HPOS="358"/>
							<String ID="string_238" HPOS="388" VPOS="899" WIDTH="164" HEIGHT="28" WC="0.91" CONTENT="Ridderskapet"/><SP WIDTH="15" VPOS="899" HPOS="552"/>
							<String ID="string_239" HPOS="567" VPOS="899" WIDTH="40" HEIGHT="22" WC="0.93" CONTENT="och"/><SP WIDTH="16" VPOS="899" HPOS="607"/>
							<String ID="string_240" HPOS="623" VPOS="899" WIDTH="68" HEIGHT="22" WC="0.92" CONTENT="Adeln"/><SP WIDTH="15" VPOS="899" HPOS="691"/>
							<String ID="string_241" HPOS="706" VPOS="899" WIDTH="39" HEIGHT="22" WC="0.96" CONTENT="har"/><SP WIDTH="14" VPOS="899" HPOS="745"/>
							<String ID="string_242" HPOS="759" VPOS="899" WIDTH="112" HEIGHT="28" WC="0.96" CONTENT="föreslagit"/>
						</TextLine>
						<TextLine ID="line_27" HPOS="47" VPOS="927" WIDTH="824" HEIGHT="28">
							<String ID="string_243" HPOS="47" VPOS="930" WIDTH="33" HEIGHT="20" WC="0.95" CONTENT="att"/><SP WIDTH="17" VPOS="930" HPOS="80"/>
							<String ID="string_244" HPOS="97" VPOS="929" WIDTH="76" HEIGHT="21" WC="0.95" CONTENT="hustru"/><SP WIDTH="16" VPOS="929" HPOS="173"/>
							<String ID="string_245" HPOS="189" VPOS="928" WIDTH="55" HEIGHT="22" WC="0.95" CONTENT="skall"/><SP WIDTH="16" VPOS="928" HPOS="244"/>
							<String ID="string_246" HPOS="260" VPOS="927" WIDTH="22" HEIGHT="22" WC="0.96" CONTENT="af"/><SP WIDTH="14" VPOS="927" HPOS="282"/>
							<String ID="string_247" HPOS="296" VPOS="928" WIDTH="67" HEIGHT="21" WC="0.96" CONTENT="sådan"/><SP WIDTH="17" VPOS="928" HPOS="363"/>
							<String ID="string_248" HPOS="380" VPOS="928" WIDTH="107" HEIGHT="27" WC="0.96" CONTENT="egendom"/><SP WIDTH="16" VPOS="928" HPOS="487"/>
							<String ID="string_249" HPOS="503" VPOS="928" WIDTH="81" HEIGHT="22" WC="0.95" CONTENT="erhålla"/><SP WIDTH="14" VPOS="928" HPOS="584"/>
							<String ID="string_250" HPOS="598" VPOS="928" WIDTH="88" HEIGHT="27" WC="0.96" CONTENT="hälften,"/><SP WIDTH="16" VPOS="928" HPOS="686"/>
							<String ID="string_251" HPOS="702" VPOS="934" WIDTH="48" HEIGHT="15" WC="0.96" CONTENT="men"/><SP WIDTH="15" VPOS="934" HPOS="750"/>
							<String ID="string_252" HPOS="765" VPOS="928" WIDTH="18" HEIGHT="27" WC="0.96" CONTENT="ej"/><SP WIDTH="17" VPOS="928" HPOS="783"/>
							<String ID="string_253" HPOS="800" VPOS="928" WIDTH="71" HEIGHT="27" WC="0.96" CONTENT="någon"/>
						</TextLine>
						<TextLine ID="line_28" HPOS="47" VPOS="957" WIDTH="824" HEIGHT="28">
							<String ID="string_254" HPOS="47" VPOS="957" WIDTH="158" HEIGHT="28" WC="0.90" CONTENT="morgongåfva."/><SP WIDTH="29" VPOS="957" HPOS="205"/>
							<String ID="string_255" HPOS="234" VPOS="957" WIDTH="165" HEIGHT="22" WC="0.91" CONTENT="Bondeståndet"/><SP WIDTH="13" VPOS="957" HPOS="399"/>
							<String ID="string_256" HPOS="412" VPOS="957" WIDTH="41" HEIGHT="21" WC="0.96" CONTENT="har"/><SP WIDTH="15" VPOS="957" HPOS="453"/>
							<String ID="string_257" HPOS="468" VPOS="958" WIDTH="89" HEIGHT="20" WC="0.95" CONTENT="stannat"/><SP WIDTH="14" VPOS="958" HPOS="557"/>
							<String ID="string_258" HPOS="571" VPOS="957" WIDTH="7" HEIGHT="21" WC="0.96" CONTENT="i"/><SP WIDTH="16" VPOS="957" HPOS="578"/>
							<String ID="string_259" HPOS="594" VPOS="957" WIDTH="111" HEIGHT="22" WC="0.96" CONTENT="enahanda"/><SP WIDTH="14" VPOS="957" HPOS="705"/>
							<String ID="string_260" HPOS="719" VPOS="957" WIDTH="72" HEIGHT="22" WC="0.93" CONTENT="beslut"/><SP WIDTH="15" VPOS="957" HPOS="791"/>
							<String ID="string_261" HPOS="806" VPOS="957" WIDTH="65" HEIGHT="27" WC="0.91" CONTENT="angå-"/>
						</TextLine>
						<TextLine ID="line_29" HPOS="41" VPOS="985" WIDTH="830" HEIGHT="28">
							<String ID="string_262" HPOS="41" VPOS="986" WIDTH="60" HEIGHT="22" WC="0.89" CONTENT="-ende"/><SP WIDTH="16" VPOS="986" HPOS="101"/>
							<String ID="string_263" HPOS="117" VPOS="986" WIDTH="97" HEIGHT="27" WC="0.68" CONTENT=".giftorätt"/><SP WIDTH="16" VPOS="986" HPOS="214"/>
							<String ID="string_264" HPOS="230" VPOS="985" WIDTH="40" HEIGHT="22" WC="0.93" CONTENT="och"/><SP WIDTH="15" VPOS="985" HPOS="270"/>
							<String ID="string_265" HPOS="285" VPOS="985" WIDTH="154" HEIGHT="28" WC="0.92" CONTENT="morgongåfva"/><SP WIDTH="15" VPOS="985" HPOS="439"/>
							<String ID="string_266" HPOS="454" VPOS="985" WIDTH="57" HEIGHT="22" WC="0.93" CONTENT="efter"/><SP WIDTH="14" VPOS="985" HPOS="511"/>
							<String ID="string_267" HPOS="525" VPOS="986" WIDTH="112" HEIGHT="21" WC="0.91" CONTENT="landsrätt."/><SP WIDTH="25" VPOS="986" HPOS="637"/>
							<String ID="string_268" HPOS="662" VPOS="985" WIDTH="86" HEIGHT="22" WC="0.92" CONTENT="Preste-"/><SP WIDTH="18" VPOS="985" HPOS="748"/>
							<String ID="string_269" HPOS="766" VPOS="986" WIDTH="40" HEIGHT="21" WC="0.93" CONTENT="och"/><SP WIDTH="11" VPOS="986" HPOS="806"/>
							<String ID="string_270" HPOS="817" VPOS="985" WIDTH="54" HEIGHT="22" WC="0.91" CONTENT="Bor-"/>
						</TextLine>
						<TextLine ID="line_30" HPOS="47" VPOS="1014" WIDTH="824" HEIGHT="28">
							<String ID="string_271" HPOS="47" VPOS="1015" WIDTH="144" HEIGHT="27" WC="0.91" CONTENT="gareständen"/><SP WIDTH="16" VPOS="1015" HPOS="191"/>
							<String ID="string_272" HPOS="207" VPOS="1015" WIDTH="47" HEIGHT="21" WC="0.96" CONTENT="åter"/><SP WIDTH="14" VPOS="1015" HPOS="254"/>
							<String ID="string_273" HPOS="268" VPOS="1014" WIDTH="66" HEIGHT="22" WC="0.93" CONTENT="hafva"/><SP WIDTH="15" VPOS="1014" HPOS="334"/>
							<String ID="string_274" HPOS="349" VPOS="1015" WIDTH="110" HEIGHT="21" WC="0.92" CONTENT="tillerkänt"/><SP WIDTH="15" VPOS="1015" HPOS="459"/>
							<String ID="string_275" HPOS="474" VPOS="1015" WIDTH="79" HEIGHT="21" WC="0.96" CONTENT="hustru"/><SP WIDTH="15" VPOS="1015" HPOS="553"/>
							<String ID="string_276" HPOS="568" VPOS="1014" WIDTH="55" HEIGHT="23" WC="0.93" CONTENT="efter"/><SP WIDTH="14" VPOS="1014" HPOS="623"/>
							<String ID="string_277" HPOS="637" VPOS="1014" WIDTH="107" HEIGHT="22" WC="0.92" CONTENT="landsrätt"/><SP WIDTH="14" VPOS="1014" HPOS="744"/>
							<String ID="string_278" HPOS="758" VPOS="1015" WIDTH="5" HEIGHT="20" WC="0.93" CONTENT="i"/><SP WIDTH="11" VPOS="1015" HPOS="763"/>
							<String ID="string_279" HPOS="774" VPOS="1014" WIDTH="97" HEIGHT="27" WC="0.92" CONTENT="giftorätt"/>
						</TextLine>
						<TextLine ID="line_31" HPOS="47" VPOS="1043" WIDTH="824" HEIGHT="28">
							<String ID="string_280" HPOS="47" VPOS="1043" WIDTH="121" HEIGHT="28" WC="0.90" CONTENT="halfparten"/><SP WIDTH="18" VPOS="1043" HPOS="168"/>
							<String ID="string_281" HPOS="186" VPOS="1043" WIDTH="23" HEIGHT="22" WC="0.93" CONTENT="af"/><SP WIDTH="19" VPOS="1043" HPOS="209"/>
							<String ID="string_282" HPOS="228" VPOS="1043" WIDTH="139" HEIGHT="22" WC="0.91" CONTENT="omförmälda"/><SP WIDTH="18" VPOS="1043" HPOS="367"/>
							<String ID="string_283" HPOS="385" VPOS="1043" WIDTH="58" HEIGHT="27" WC="0.91" CONTENT="slags"/><SP WIDTH="17" VPOS="1043" HPOS="443"/>
							<String ID="string_284" HPOS="460" VPOS="1043" WIDTH="107" HEIGHT="27" WC="0.96" CONTENT="egendom"/><SP WIDTH="15" VPOS="1043" HPOS="567"/>
							<String ID="string_285" HPOS="582" VPOS="1043" WIDTH="40" HEIGHT="22" WC="0.96" CONTENT="och"/><SP WIDTH="15" VPOS="1043" HPOS="622"/>
							<String ID="string_286" HPOS="637" VPOS="1043" WIDTH="34" HEIGHT="22" WC="0.96" CONTENT="för"/><SP WIDTH="14" VPOS="1043" HPOS="671"/>
							<String ID="string_287" HPOS="685" VPOS="1043" WIDTH="58" HEIGHT="22" WC="0.96" CONTENT="vissa"/><SP WIDTH="14" VPOS="1043" HPOS="743"/>
							<String ID="string_288" HPOS="757" VPOS="1043" WIDTH="38" HEIGHT="22" WC="0.93" CONTENT="fall"/><SP WIDTH="15" VPOS="1043" HPOS="795"/>
							<String ID="string_289" HPOS="810" VPOS="1043" WIDTH="61" HEIGHT="22" WC="0.93" CONTENT="dess-"/>
						</TextLine>
						<TextLine ID="line_32" HPOS="47" VPOS="1071" WIDTH="825" HEIGHT="29">
							<String ID="string_290" HPOS="47" VPOS="1074" WIDTH="60" HEIGHT="20" WC="0.92" CONTENT="utom"/><SP WIDTH="22" VPOS="1074" HPOS="107"/>
							<String ID="string_291" HPOS="129" VPOS="1071" WIDTH="157" HEIGHT="29" WC="0.92" CONTENT="morgongäfva."/><SP WIDTH="30" VPOS="1071" HPOS="286"/>
							<String ID="string_292" HPOS="316" VPOS="1072" WIDTH="31" HEIGHT="21" WC="0.91" CONTENT="Pä"/><SP WIDTH="19" VPOS="1072" HPOS="347"/>
							<String ID="string_293" HPOS="366" VPOS="1072" WIDTH="69" HEIGHT="27" WC="0.93" CONTENT="grund"/><SP WIDTH="16" VPOS="1072" HPOS="435"/>
							<String ID="string_294" HPOS="451" VPOS="1072" WIDTH="66" HEIGHT="21" WC="0.92" CONTENT="häraf"/><SP WIDTH="12" VPOS="1072" HPOS="517"/>
							<String ID="string_295" HPOS="529" VPOS="1072" WIDTH="68" HEIGHT="22" WC="0.96" CONTENT="borde"/><SP WIDTH="16" VPOS="1072" HPOS="597"/>
							<String ID="string_296" HPOS="613" VPOS="1071" WIDTH="54" HEIGHT="23" WC="0.96" CONTENT="efter"/><SP WIDTH="15" VPOS="1071" HPOS="667"/>
							<String ID="string_297" HPOS="682" VPOS="1072" WIDTH="42" HEIGHT="21" WC="0.96" CONTENT="min"/><SP WIDTH="15" VPOS="1072" HPOS="724"/>
							<String ID="string_298" HPOS="739" VPOS="1073" WIDTH="65" HEIGHT="21" WC="0.93" CONTENT="tanke"/><SP WIDTH="15" VPOS="1073" HPOS="804"/>
							<String ID="string_299" HPOS="819" VPOS="1072" WIDTH="53" HEIGHT="21" WC="0.92" CONTENT="Rid-"/>
						</TextLine>
						<TextLine ID="line_33" HPOS="47" VPOS="1100" WIDTH="825" HEIGHT="29">
							<String ID="string_300" HPOS="47" VPOS="1101" WIDTH="129" HEIGHT="28" WC="0.92" CONTENT="derskapets"/><SP WIDTH="24" VPOS="1101" HPOS="176"/>
							<String ID="string_301" HPOS="200" VPOS="1101" WIDTH="40" HEIGHT="22" WC="0.93" CONTENT="och"/><SP WIDTH="22" VPOS="1101" HPOS="240"/>
							<String ID="string_302" HPOS="262" VPOS="1101" WIDTH="82" HEIGHT="22" WC="0.86" CONTENT="Adelns"/><SP WIDTH="21" VPOS="1101" HPOS="344"/>
							<String ID="string_303" HPOS="365" VPOS="1101" WIDTH="74" HEIGHT="21" WC="0.96" CONTENT="beslut"/><SP WIDTH="15" VPOS="1101" HPOS="439"/>
							<String ID="string_304" HPOS="454" VPOS="1102" WIDTH="81" HEIGHT="26" WC="0.96" CONTENT="utgöra"/><SP WIDTH="15" VPOS="1102" HPOS="535"/>
							<String ID="string_305" HPOS="550" VPOS="1101" WIDTH="41" HEIGHT="22" WC="0.96" CONTENT="den"/><SP WIDTH="15" VPOS="1101" HPOS="591"/>
							<String ID="string_306" HPOS="606" VPOS="1101" WIDTH="96" HEIGHT="22" WC="0.96" CONTENT="centrala"/><SP WIDTH="14" VPOS="1101" HPOS="702"/>
							<String ID="string_307" HPOS="716" VPOS="1101" WIDTH="85" HEIGHT="22" WC="0.80" CONTENT="basen"/><SP WIDTH="-12" VPOS="1101" HPOS="801"/>
							<String ID="string_308" HPOS="789" VPOS="1096" WIDTH="10" HEIGHT="37" WC="0.80" CONTENT="i"/><SP WIDTH="17" VPOS="1096" HPOS="799"/>
							<String ID="string_309" HPOS="816" VPOS="1100" WIDTH="56" HEIGHT="22" WC="0.93" CONTENT="afse-"/>
						</TextLine>
						<TextLine ID="line_34" HPOS="47" VPOS="1129" WIDTH="825" HEIGHT="28">
							<String ID="string_310" HPOS="47" VPOS="1130" WIDTH="55" HEIGHT="22" WC="0.93" CONTENT="ende"/><SP WIDTH="23" VPOS="1130" HPOS="102"/>
							<String ID="string_311" HPOS="125" VPOS="1131" WIDTH="12" HEIGHT="21" WC="0.92" CONTENT="&amp;"/><SP WIDTH="20" VPOS="1131" HPOS="137"/>
							<String ID="string_312" HPOS="157" VPOS="1129" WIDTH="323" HEIGHT="28" WC="0.91" CONTENT="sammanjemkningsförslaget"/><SP WIDTH="15" VPOS="1129" HPOS="480"/>
							<String ID="string_313" HPOS="495" VPOS="1129" WIDTH="56" HEIGHT="22" WC="0.92" CONTENT="hvad"/><SP WIDTH="16" VPOS="1129" HPOS="551"/>
							<String ID="string_314" HPOS="567" VPOS="1131" WIDTH="66" HEIGHT="26" WC="0.92" CONTENT="angär"/><SP WIDTH="15" VPOS="1131" HPOS="633"/>
							<String ID="string_315" HPOS="648" VPOS="1129" WIDTH="97" HEIGHT="28" WC="0.93" CONTENT="giftorätt"/><SP WIDTH="16" VPOS="1129" HPOS="745"/>
							<String ID="string_316" HPOS="761" VPOS="1130" WIDTH="40" HEIGHT="21" WC="0.93" CONTENT="och"/><SP WIDTH="15" VPOS="1130" HPOS="801"/>
							<String ID="string_317" HPOS="816" VPOS="1136" WIDTH="56" HEIGHT="15" WC="0.92" CONTENT="mor-"/>
						</TextLine>
						<TextLine ID="line_35" HPOS="47" VPOS="1158" WIDTH="826" HEIGHT="29">
							<String ID="string_318" HPOS="47" VPOS="1158" WIDTH="105" HEIGHT="29" WC="0.87" CONTENT="gongäfva"/><SP WIDTH="14" VPOS="1158" HPOS="152"/>
							<String ID="string_319" HPOS="166" VPOS="1159" WIDTH="54" HEIGHT="22" WC="0.92" CONTENT="efter"/><SP WIDTH="15" VPOS="1159" HPOS="220"/>
							<String ID="string_320" HPOS="235" VPOS="1159" WIDTH="114" HEIGHT="26" WC="0.91" CONTENT="landsrätt,"/><SP WIDTH="16" VPOS="1159" HPOS="349"/>
							<String ID="string_321" HPOS="365" VPOS="1158" WIDTH="113" HEIGHT="22" WC="0.93" CONTENT="hvaremot"/><SP WIDTH="15" VPOS="1158" HPOS="478"/>
							<String ID="string_322" HPOS="493" VPOS="1158" WIDTH="196" HEIGHT="27" WC="0.92" CONTENT="Borgareständets"/><SP WIDTH="9" VPOS="1158" HPOS="689"/>
							<String ID="string_323" HPOS="698" VPOS="1159" WIDTH="85" HEIGHT="27" WC="0.93" CONTENT="mening"/><SP WIDTH="9" VPOS="1159" HPOS="783"/>
							<String ID="string_324" HPOS="792" VPOS="1158" WIDTH="81" HEIGHT="23" WC="0.93" CONTENT="beträf-"/>
						</TextLine>
						<TextLine ID="line_36" HPOS="47" VPOS="1187" WIDTH="824" HEIGHT="28">
							<String ID="string_325" HPOS="47" VPOS="1187" WIDTH="63" HEIGHT="23" WC="0.91" CONTENT="fande"/><SP WIDTH="15" VPOS="1187" HPOS="110"/>
							<String ID="string_326" HPOS="125" VPOS="1187" WIDTH="153" HEIGHT="28" WC="0.90" CONTENT="morgongäfva"/><SP WIDTH="15" VPOS="1187" HPOS="278"/>
							<String ID="string_327" HPOS="293" VPOS="1187" WIDTH="55" HEIGHT="22" WC="0.93" CONTENT="efter"/><SP WIDTH="15" VPOS="1187" HPOS="348"/>
							<String ID="string_328" HPOS="363" VPOS="1187" WIDTH="108" HEIGHT="22" WC="0.91" CONTENT="stadsrätt"/><SP WIDTH="15" VPOS="1187" HPOS="471"/>
							<String ID="string_329" HPOS="486" VPOS="1187" WIDTH="115" HEIGHT="28" WC="0.93" CONTENT="inrymmes"/><SP WIDTH="15" VPOS="1187" HPOS="601"/>
							<String ID="string_330" HPOS="616" VPOS="1187" WIDTH="8" HEIGHT="22" WC="0.93" CONTENT="i"/><SP WIDTH="15" VPOS="1187" HPOS="624"/>
							<String ID="string_331" HPOS="639" VPOS="1187" WIDTH="84" HEIGHT="22" WC="0.92" CONTENT="Preste-"/><SP WIDTH="16" VPOS="1187" HPOS="723"/>
							<String ID="string_332" HPOS="739" VPOS="1188" WIDTH="40" HEIGHT="21" WC="0.93" CONTENT="och"/><SP WIDTH="8" VPOS="1188" HPOS="779"/>
							<String ID="string_333" HPOS="787" VPOS="1187" WIDTH="84" HEIGHT="22" WC="0.91" CONTENT="Bonde-"/>
						</TextLine>
						<TextLine ID="line_37" HPOS="47" VPOS="1216" WIDTH="825" HEIGHT="27">
							<String ID="string_334" HPOS="47" VPOS="1217" WIDTH="103" HEIGHT="22" WC="0.93" CONTENT="ständens"/><SP WIDTH="16" VPOS="1217" HPOS="150"/>
							<String ID="string_335" HPOS="166" VPOS="1217" WIDTH="73" HEIGHT="22" WC="0.93" CONTENT="beslut"/><SP WIDTH="14" VPOS="1217" HPOS="239"/>
							<String ID="string_336" HPOS="253" VPOS="1216" WIDTH="81" HEIGHT="26" WC="0.96" CONTENT="härom,"/><SP WIDTH="16" VPOS="1216" HPOS="334"/>
							<String ID="string_337" HPOS="350" VPOS="1216" WIDTH="40" HEIGHT="21" WC="0.93" CONTENT="och"/><SP WIDTH="17" VPOS="1216" HPOS="390"/>
							<String ID="string_338" HPOS="407" VPOS="1216" WIDTH="93" HEIGHT="21" WC="0.96" CONTENT="sålunda"/><SP WIDTH="15" VPOS="1216" HPOS="500"/>
							<String ID="string_339" HPOS="515" VPOS="1223" WIDTH="37" HEIGHT="14" WC="0.92" CONTENT="var"/><SP WIDTH="11" VPOS="1223" HPOS="552"/>
							<String ID="string_340" HPOS="563" VPOS="1217" WIDTH="68" HEIGHT="26" WC="0.92" CONTENT="egnad"/><SP WIDTH="10" VPOS="1217" HPOS="631"/>
							<String ID="string_341" HPOS="641" VPOS="1217" WIDTH="33" HEIGHT="20" WC="0.65" CONTENT="att"/><SP WIDTH="6" VPOS="1217" HPOS="674"/>
							<String ID="string_342" HPOS="680" VPOS="1216" WIDTH="74" HEIGHT="27" WC="0.65" CONTENT="läggas"/><SP WIDTH="9" VPOS="1216" HPOS="754"/>
							<String ID="string_343" HPOS="763" VPOS="1216" WIDTH="32" HEIGHT="21" WC="0.96" CONTENT="till"/><SP WIDTH="8" VPOS="1216" HPOS="795"/>
							<String ID="string_344" HPOS="803" VPOS="1216" WIDTH="69" HEIGHT="27" WC="0.96" CONTENT="grund"/>
						</TextLine>
						<TextLine ID="line_38" HPOS="47" VPOS="1244" WIDTH="824" HEIGHT="29">
							<String ID="string_345" HPOS="47" VPOS="1245" WIDTH="33" HEIGHT="22" WC="0.82" CONTENT="för"/><SP WIDTH="15" VPOS="1245" HPOS="80"/>
							<String ID="string_346" HPOS="95" VPOS="1245" WIDTH="204" HEIGHT="28" WC="0.82" CONTENT="sammanjemkning"/><SP WIDTH="14" VPOS="1245" HPOS="299"/>
							<String ID="string_347" HPOS="313" VPOS="1245" WIDTH="90" HEIGHT="21" WC="0.93" CONTENT="rörande"/><SP WIDTH="16" VPOS="1245" HPOS="403"/>
							<String ID="string_348" HPOS="419" VPOS="1244" WIDTH="102" HEIGHT="27" WC="0.93" CONTENT="giftorätt"/><SP WIDTH="11" VPOS="1244" HPOS="521"/>
							<String ID="string_349" HPOS="532" VPOS="1245" WIDTH="40" HEIGHT="21" WC="0.93" CONTENT="och"/><SP WIDTH="7" VPOS="1245" HPOS="572"/>
							<String ID="string_350" HPOS="579" VPOS="1244" WIDTH="151" HEIGHT="28" WC="0.88" CONTENT="morgongäfva"/><SP WIDTH="8" VPOS="1244" HPOS="730"/>
							<String ID="string_351" HPOS="738" VPOS="1245" WIDTH="55" HEIGHT="22" WC="0.93" CONTENT="efter"/><SP WIDTH="8" VPOS="1245" HPOS="793"/>
							<String ID="string_352" HPOS="801" VPOS="1245" WIDTH="70" HEIGHT="22" WC="0.93" CONTENT="stads-"/>
						</TextLine>
						<TextLine ID="line_39" HPOS="47" VPOS="1273" WIDTH="825" HEIGHT="28">
							<String ID="string_353" HPOS="47" VPOS="1276" WIDTH="50" HEIGHT="20" WC="0.93" CONTENT="rätt."/><SP WIDTH="31" VPOS="1276" HPOS="97"/>
							<String ID="string_354" HPOS="128" VPOS="1275" WIDTH="41" HEIGHT="21" WC="0.91" CONTENT="Vid"/><SP WIDTH="14" VPOS="1275" HPOS="169"/>
							<String ID="string_355" HPOS="183" VPOS="1274" WIDTH="89" HEIGHT="22" WC="0.92" CONTENT="lösande"/><SP WIDTH="16" VPOS="1274" HPOS="272"/>
							<String ID="string_356" HPOS="288" VPOS="1273" WIDTH="23" HEIGHT="22" WC="0.96" CONTENT="af"/><SP WIDTH="14" VPOS="1273" HPOS="311"/>
							<String ID="string_357" HPOS="325" VPOS="1273" WIDTH="40" HEIGHT="22" WC="0.93" CONTENT="den"/><SP WIDTH="16" VPOS="1273" HPOS="365"/>
							<String ID="string_358" HPOS="381" VPOS="1273" WIDTH="61" HEIGHT="27" WC="0.92" CONTENT="fräga"/><SP WIDTH="14" VPOS="1273" HPOS="442"/>
							<String ID="string_359" HPOS="456" VPOS="1274" WIDTH="30" HEIGHT="26" WC="0.93" CONTENT="pä"/><SP WIDTH="15" VPOS="1274" HPOS="486"/>
							<String ID="string_360" HPOS="501" VPOS="1273" WIDTH="141" HEIGHT="23" WC="0.90" CONTENT="hvilkendera"/><SP WIDTH="13" VPOS="1273" HPOS="642"/>
							<String ID="string_361" HPOS="655" VPOS="1273" WIDTH="21" HEIGHT="22" WC="0.88" CONTENT="af"/><SP WIDTH="14" VPOS="1273" HPOS="676"/>
							<String ID="string_362" HPOS="690" VPOS="1273" WIDTH="93" HEIGHT="28" WC="0.92" CONTENT="antydda"/><SP WIDTH="8" VPOS="1273" HPOS="783"/>
							<String ID="string_363" HPOS="791" VPOS="1274" WIDTH="36" HEIGHT="22" WC="0.92" CONTENT="tvä"/><SP WIDTH="8" VPOS="1274" HPOS="827"/>
							<String ID="string_364" HPOS="835" VPOS="1274" WIDTH="37" HEIGHT="22" WC="0.92" CONTENT="ba-"/>
						</TextLine>
						<TextLine ID="line_40" HPOS="48" VPOS="1302" WIDTH="826" HEIGHT="28">
							<String ID="string_365" HPOS="48" VPOS="1310" WIDTH="35" HEIGHT="16" WC="0.92" CONTENT="ser"/><SP WIDTH="16" VPOS="1310" HPOS="83"/>
							<String ID="string_366" HPOS="99" VPOS="1302" WIDTH="297" HEIGHT="28" WC="0.79" CONTENT="sammanjemkningsförslag"/><SP WIDTH="15" VPOS="1302" HPOS="396"/>
							<String ID="string_367" HPOS="411" VPOS="1303" WIDTH="6" HEIGHT="20" WC="0.96" CONTENT="i"/><SP WIDTH="16" VPOS="1303" HPOS="417"/>
							<String ID="string_368" HPOS="433" VPOS="1303" WIDTH="69" HEIGHT="21" WC="0.96" CONTENT="saken"/><SP WIDTH="16" VPOS="1303" HPOS="502"/>
							<String ID="string_369" HPOS="518" VPOS="1303" WIDTH="67" HEIGHT="21" WC="0.93" CONTENT="borde"/><SP WIDTH="15" VPOS="1303" HPOS="585"/>
							<String ID="string_370" HPOS="600" VPOS="1303" WIDTH="99" HEIGHT="27" WC="0.96" CONTENT="grundas,"/><SP WIDTH="9" VPOS="1303" HPOS="699"/>
							<String ID="string_371" HPOS="708" VPOS="1303" WIDTH="66" HEIGHT="27" WC="0.95" CONTENT="ansåg"/><SP WIDTH="12" VPOS="1303" HPOS="774"/>
							<String ID="string_372" HPOS="786" VPOS="1303" WIDTH="38" HEIGHT="27" WC="0.96" CONTENT="jag"/><SP WIDTH="12" VPOS="1303" HPOS="824"/>
							<String ID="string_373" HPOS="836" VPOS="1303" WIDTH="38" HEIGHT="27" WC="0.96" CONTENT="mig"/>
						</TextLine>
						<TextLine ID="line_41" HPOS="48" VPOS="1331" WIDTH="824" HEIGHT="27">
							<String ID="string_374" HPOS="48" VPOS="1332" WIDTH="48" HEIGHT="22" WC="0.92" CONTENT="icke"/><SP WIDTH="19" VPOS="1332" HPOS="96"/>
							<String ID="string_375" HPOS="115" VPOS="1332" WIDTH="22" HEIGHT="22" WC="0.92" CONTENT="fä"/><SP WIDTH="17" VPOS="1332" HPOS="137"/>
							<String ID="string_376" HPOS="154" VPOS="1332" WIDTH="71" HEIGHT="22" WC="0.91" CONTENT="lemna"/><SP WIDTH="16" VPOS="1332" HPOS="225"/>
							<String ID="string_377" HPOS="241" VPOS="1332" WIDTH="41" HEIGHT="21" WC="0.93" CONTENT="den"/><SP WIDTH="15" VPOS="1332" HPOS="282"/>
							<String ID="string_378" HPOS="297" VPOS="1331" WIDTH="191" HEIGHT="27" WC="0.92" CONTENT="omständigheten"/><SP WIDTH="16" VPOS="1331" HPOS="488"/>
							<String ID="string_379" HPOS="504" VPOS="1333" WIDTH="53" HEIGHT="19" WC="0.93" CONTENT="utan"/><SP WIDTH="16" VPOS="1333" HPOS="557"/>
							<String ID="string_380" HPOS="573" VPOS="1331" WIDTH="107" HEIGHT="27" WC="0.92" CONTENT="afseende,"/><SP WIDTH="15" VPOS="1331" HPOS="680"/>
							<String ID="string_381" HPOS="695" VPOS="1333" WIDTH="32" HEIGHT="20" WC="0.93" CONTENT="att"/><SP WIDTH="15" VPOS="1333" HPOS="727"/>
							<String ID="string_382" HPOS="742" VPOS="1331" WIDTH="130" HEIGHT="22" WC="0.91" CONTENT="Ridderska-"/>
						</TextLine>
						<TextLine ID="line_42" HPOS="48" VPOS="1360" WIDTH="825" HEIGHT="29">
							<String ID="string_383" HPOS="48" VPOS="1363" WIDTH="38" HEIGHT="26" WC="0.95" CONTENT="pet"/><SP WIDTH="23" VPOS="1363" HPOS="86"/>
							<String ID="string_384" HPOS="109" VPOS="1361" WIDTH="39" HEIGHT="22" WC="0.93" CONTENT="och"/><SP WIDTH="22" VPOS="1361" HPOS="148"/>
							<String ID="string_385" HPOS="170" VPOS="1360" WIDTH="69" HEIGHT="22" WC="0.91" CONTENT="Adeln"/><SP WIDTH="18" VPOS="1360" HPOS="239"/>
							<String ID="string_386" HPOS="257" VPOS="1362" WIDTH="57" HEIGHT="20" WC="0.93" CONTENT="samt"/><SP WIDTH="22" VPOS="1362" HPOS="314"/>
							<String ID="string_387" HPOS="336" VPOS="1360" WIDTH="165" HEIGHT="22" WC="0.91" CONTENT="Bondeständet"/><SP WIDTH="16" VPOS="1360" HPOS="501"/>
							<String ID="string_388" HPOS="517" VPOS="1366" WIDTH="77" HEIGHT="21" WC="0.96" CONTENT="genom"/><SP WIDTH="16" VPOS="1366" HPOS="594"/>
							<String ID="string_389" HPOS="610" VPOS="1360" WIDTH="62" HEIGHT="22" WC="0.96" CONTENT="deras"/><SP WIDTH="15" VPOS="1360" HPOS="672"/>
							<String ID="string_390" HPOS="687" VPOS="1360" WIDTH="7" HEIGHT="21" WC="0.96" CONTENT="i"/><SP WIDTH="16" VPOS="1360" HPOS="694"/>
							<String ID="string_391" HPOS="710" VPOS="1360" WIDTH="65" HEIGHT="22" WC="0.96" CONTENT="saken"/><SP WIDTH="15" VPOS="1360" HPOS="775"/>
							<String ID="string_392" HPOS="790" VPOS="1360" WIDTH="83" HEIGHT="22" WC="0.96" CONTENT="fattade"/>
						</TextLine>
						<TextLine ID="line_43" HPOS="48" VPOS="1388" WIDTH="825" HEIGHT="28">
							<String ID="string_393" HPOS="48" VPOS="1390" WIDTH="73" HEIGHT="22" WC="0.92" CONTENT="beslut"/><SP WIDTH="13" VPOS="1390" HPOS="121"/>
							<String ID="string_394" HPOS="134" VPOS="1389" WIDTH="111" HEIGHT="27" WC="0.96" CONTENT="föreslagit"/><SP WIDTH="15" VPOS="1389" HPOS="245"/>
							<String ID="string_395" HPOS="260" VPOS="1391" WIDTH="32" HEIGHT="19" WC="0.96" CONTENT="att"/><SP WIDTH="15" VPOS="1391" HPOS="292"/>
							<String ID="string_396" HPOS="307" VPOS="1389" WIDTH="78" HEIGHT="21" WC="0.96" CONTENT="hustru"/><SP WIDTH="14" VPOS="1389" HPOS="385"/>
							<String ID="string_397" HPOS="399" VPOS="1389" WIDTH="7" HEIGHT="20" WC="0.93" CONTENT="i"/><SP WIDTH="16" VPOS="1389" HPOS="406"/>
							<String ID="string_398" HPOS="422" VPOS="1388" WIDTH="101" HEIGHT="28" WC="0.50" CONTENT="giftorätt"/><SP WIDTH="15" VPOS="1388" HPOS="523"/>
							<String ID="string_399" HPOS="538" VPOS="1388" WIDTH="54" HEIGHT="22" WC="0.93" CONTENT="efter"/><SP WIDTH="14" VPOS="1388" HPOS="592"/>
							<String ID="string_400" HPOS="606" VPOS="1388" WIDTH="106" HEIGHT="22" WC="0.93" CONTENT="landsrätt"/><SP WIDTH="11" VPOS="1388" HPOS="712"/>
							<String ID="string_401" HPOS="723" VPOS="1388" WIDTH="69" HEIGHT="22" WC="0.95" CONTENT="skulle"/><SP WIDTH="10" VPOS="1388" HPOS="792"/>
							<String ID="string_402" HPOS="802" VPOS="1384" WIDTH="23" HEIGHT="37" WC="0.97" CONTENT="af"/><SP WIDTH="6" VPOS="1384" HPOS="825"/>
							<String ID="string_403" HPOS="831" VPOS="1390" WIDTH="42" HEIGHT="21" WC="0.96" CONTENT="den"/>
						</TextLine>
						<TextLine ID="line_44" HPOS="49" VPOS="1417" WIDTH="825" HEIGHT="29">
							<String ID="string_404" HPOS="49" VPOS="1418" WIDTH="111" HEIGHT="28" WC="0.92" CONTENT="egendom,"/><SP WIDTH="22" VPOS="1418" HPOS="160"/>
							<String ID="string_405" HPOS="182" VPOS="1418" WIDTH="79" HEIGHT="22" WC="0.91" CONTENT="hvarur"/><SP WIDTH="22" VPOS="1418" HPOS="261"/>
							<String ID="string_406" HPOS="283" VPOS="1417" WIDTH="125" HEIGHT="28" WC="0.91" CONTENT="giftorätten"/><SP WIDTH="23" VPOS="1417" HPOS="408"/>
							<String ID="string_407" HPOS="431" VPOS="1417" WIDTH="72" HEIGHT="27" WC="0.91" CONTENT="utgär,"/><SP WIDTH="24" VPOS="1417" HPOS="503"/>
							<String ID="string_408" HPOS="527" VPOS="1417" WIDTH="82" HEIGHT="22" WC="0.92" CONTENT="erhälla"/><SP WIDTH="19" VPOS="1417" HPOS="609"/>
							<String ID="string_409" HPOS="628" VPOS="1424" WIDTH="26" HEIGHT="15" WC="0.93" CONTENT="en"/><SP WIDTH="20" VPOS="1424" HPOS="654"/>
							<String ID="string_410" HPOS="674" VPOS="1418" WIDTH="100" HEIGHT="26" WC="0.92" CONTENT="sjettedel"/><SP WIDTH="15" VPOS="1418" HPOS="774"/>
							<String ID="string_411" HPOS="789" VPOS="1417" WIDTH="85" HEIGHT="23" WC="0.92" CONTENT="utöfver"/>
						</TextLine>
						<TextLine ID="line_45" HPOS="48" VPOS="1446" WIDTH="825" HEIGHT="26">
							<String ID="string_412" HPOS="48" VPOS="1447" WIDTH="57" HEIGHT="22" WC="0.93" CONTENT="hvad"/><SP WIDTH="15" VPOS="1447" HPOS="105"/>
							<String ID="string_413" HPOS="120" VPOS="1448" WIDTH="68" HEIGHT="21" WC="0.93" CONTENT="henne"/><SP WIDTH="16" VPOS="1448" HPOS="188"/>
							<String ID="string_414" HPOS="204" VPOS="1454" WIDTH="29" HEIGHT="14" WC="0.93" CONTENT="nu"/><SP WIDTH="16" VPOS="1454" HPOS="233"/>
							<String ID="string_415" HPOS="249" VPOS="1446" WIDTH="136" HEIGHT="26" WC="0.89" CONTENT="tillkommer,"/><SP WIDTH="16" VPOS="1446" HPOS="385"/>
							<String ID="string_416" HPOS="401" VPOS="1452" WIDTH="49" HEIGHT="15" WC="0.96" CONTENT="men"/><SP WIDTH="16" VPOS="1452" HPOS="450"/>
							<String ID="string_417" HPOS="466" VPOS="1448" WIDTH="35" HEIGHT="19" WC="0.93" CONTENT="att"/><SP WIDTH="16" VPOS="1448" HPOS="501"/>
							<String ID="string_418" HPOS="517" VPOS="1446" WIDTH="174" HEIGHT="22" WC="0.92" CONTENT="Presteständets"/><SP WIDTH="15" VPOS="1446" HPOS="691"/>
							<String ID="string_419" HPOS="706" VPOS="1446" WIDTH="167" HEIGHT="22" WC="0.92" CONTENT="beslut"/><SP WIDTH="-87" VPOS="1446" HPOS="873"/>
							<String ID="string_420" HPOS="786" VPOS="1442" WIDTH="12" HEIGHT="34" WC="0.92" CONTENT="i"/><SP WIDTH="11" VPOS="1442" HPOS="798"/>
							<String ID="string_421" HPOS="809" VPOS="1446" WIDTH="64" HEIGHT="22" WC="0.96" CONTENT="saken"/>
						</TextLine>
						<TextLine ID="line_46" HPOS="49" VPOS="1474" WIDTH="821" HEIGHT="30">
							<String ID="string_422" HPOS="49" VPOS="1476" WIDTH="19" HEIGHT="28" WC="0.92" CONTENT="ej"/><SP WIDTH="23" VPOS="1476" HPOS="68"/>
							<String ID="string_423" HPOS="91" VPOS="1476" WIDTH="131" HEIGHT="22" WC="0.92" CONTENT="innefattade"/><SP WIDTH="20" VPOS="1476" HPOS="222"/>
							<String ID="string_424" HPOS="242" VPOS="1475" WIDTH="70" HEIGHT="27" WC="0.92" CONTENT="nägon"/><SP WIDTH="16" VPOS="1475" HPOS="312"/>
							<String ID="string_425" HPOS="328" VPOS="1474" WIDTH="91" HEIGHT="27" WC="0.93" CONTENT="ändring"/><SP WIDTH="14" VPOS="1474" HPOS="419"/>
							<String ID="string_426" HPOS="433" VPOS="1474" WIDTH="47" HEIGHT="22" WC="0.93" CONTENT="deri"/><SP WIDTH="17" VPOS="1474" HPOS="480"/>
							<String ID="string_427" HPOS="497" VPOS="1476" WIDTH="34" HEIGHT="20" WC="0.96" CONTENT="att"/><SP WIDTH="14" VPOS="1476" HPOS="531"/>
							<String ID="string_428" HPOS="545" VPOS="1474" WIDTH="77" HEIGHT="22" WC="0.96" CONTENT="hustru"/><SP WIDTH="16" VPOS="1474" HPOS="622"/>
							<String ID="string_429" HPOS="638" VPOS="1474" WIDTH="54" HEIGHT="22" WC="0.93" CONTENT="efter"/><SP WIDTH="15" VPOS="1474" HPOS="692"/>
							<String ID="string_430" HPOS="707" VPOS="1475" WIDTH="105" HEIGHT="21" WC="0.89" CONTENT="stadsrätt"/><SP WIDTH="15" VPOS="1475" HPOS="812"/>
							<String ID="string_431" HPOS="827" VPOS="1474" WIDTH="43" HEIGHT="22" WC="0.89" CONTENT="till-"/>
						</TextLine>
						<TextLine ID="line_47" HPOS="49" VPOS="1502" WIDTH="823" HEIGHT="29">
							<String ID="string_432" HPOS="49" VPOS="1505" WIDTH="96" HEIGHT="21" WC="0.96" CONTENT="kommer"/><SP WIDTH="14" VPOS="1505" HPOS="145"/>
							<String ID="string_433" HPOS="159" VPOS="1505" WIDTH="44" HEIGHT="21" WC="0.93" CONTENT="lika"/><SP WIDTH="15" VPOS="1505" HPOS="203"/>
							<String ID="string_434" HPOS="218" VPOS="1504" WIDTH="97" HEIGHT="27" WC="0.91" CONTENT="giftorätt"/><SP WIDTH="15" VPOS="1504" HPOS="315"/>
							<String ID="string_435" HPOS="330" VPOS="1509" WIDTH="47" HEIGHT="16" WC="0.93" CONTENT="som"/><SP WIDTH="14" VPOS="1509" HPOS="377"/>
							<String ID="string_436" HPOS="391" VPOS="1509" WIDTH="94" HEIGHT="16" WC="0.92" CONTENT="mannen"/><SP WIDTH="17" VPOS="1509" HPOS="485"/>
							<String ID="string_437" HPOS="502" VPOS="1503" WIDTH="40" HEIGHT="22" WC="0.96" CONTENT="och"/><SP WIDTH="16" VPOS="1503" HPOS="542"/>
							<String ID="string_438" HPOS="558" VPOS="1503" WIDTH="110" HEIGHT="22" WC="0.96" CONTENT="dessutom"/><SP WIDTH="16" VPOS="1503" HPOS="668"/>
							<String ID="string_439" HPOS="684" VPOS="1503" WIDTH="7" HEIGHT="21" WC="0.97" CONTENT="i"/><SP WIDTH="15" VPOS="1503" HPOS="691"/>
							<String ID="string_440" HPOS="706" VPOS="1503" WIDTH="57" HEIGHT="21" WC="0.96" CONTENT="vissa"/><SP WIDTH="7" VPOS="1503" HPOS="763"/>
							<String ID="string_441" HPOS="770" VPOS="1502" WIDTH="37" HEIGHT="22" WC="0.93" CONTENT="fall"/><SP WIDTH="8" VPOS="1502" HPOS="807"/>
							<String ID="string_442" HPOS="815" VPOS="1509" WIDTH="57" HEIGHT="16" WC="0.93" CONTENT="mor-"/>
						</TextLine>
						<TextLine ID="line_48" HPOS="49" VPOS="1531" WIDTH="823" HEIGHT="29">
							<String ID="string_443" HPOS="49" VPOS="1533" WIDTH="110" HEIGHT="27" WC="0.91" CONTENT="gongäfva,"/><SP WIDTH="18" VPOS="1533" HPOS="159"/>
							<String ID="string_444" HPOS="177" VPOS="1535" WIDTH="56" HEIGHT="19" WC="0.93" CONTENT="samt"/><SP WIDTH="15" VPOS="1535" HPOS="233"/>
							<String ID="string_445" HPOS="248" VPOS="1531" WIDTH="184" HEIGHT="28" WC="0.92" CONTENT="Borgareständet"/><SP WIDTH="15" VPOS="1531" HPOS="432"/>
							<String ID="string_446" HPOS="447" VPOS="1533" WIDTH="92" HEIGHT="20" WC="0.96" CONTENT="stannat"/><SP WIDTH="14" VPOS="1533" HPOS="539"/>
							<String ID="string_447" HPOS="553" VPOS="1532" WIDTH="7" HEIGHT="21" WC="0.93" CONTENT="i"/><SP WIDTH="15" VPOS="1532" HPOS="560"/>
							<String ID="string_448" HPOS="575" VPOS="1531" WIDTH="146" HEIGHT="27" WC="0.92" CONTENT="ungefärligen"/><SP WIDTH="15" VPOS="1531" HPOS="721"/>
							<String ID="string_449" HPOS="736" VPOS="1537" WIDTH="81" HEIGHT="16" WC="0.95" CONTENT="samma"/><SP WIDTH="11" VPOS="1537" HPOS="817"/>
							<String ID="string_450" HPOS="828" VPOS="1532" WIDTH="44" HEIGHT="23" WC="0.95" CONTENT="slut"/>
						</TextLine>
					</TextBlock>
				</ComposedBlock>
				<ComposedBlock ID="cblock_2" HPOS="1068" VPOS="645" WIDTH="16" HEIGHT="97">
					<TextBlock ID="block_3" HPOS="1068" VPOS="645" WIDTH="16" HEIGHT="97">
						<TextLine ID="line_49" HPOS="1068" VPOS="645" WIDTH="16" HEIGHT="97">
							<String ID="string_451" HPOS="1068" VPOS="645" WIDTH="16" HEIGHT="97" WC="0.0" CONTENT="Mr."/>
						</TextLine>
					</TextBlock>
				</ComposedBlock>
				<GraphicalElement ID="cblock_3" HPOS="1078" VPOS="738" WIDTH="8" HEIGHT="413"></GraphicalElement >
			</PrintSpace>
		</Page>
	</Layout>
</alto>
