1086 1717
387 99 40 17 Den
443 97 27 18 24
486 99 43 23 Maj.
794 98 40 20 875

43 160 38 22 det
103 160 70 22 blefve
196 161 76 21 endast
294 162 31 20 ett
345 162 87 27 plenum
449 160 55 22 efter
518 161 166 27 morgondagen,
701 161 25 21 så
740 161 71 21 kunde
828 161 37 21 det

42 190 72 22 hända
129 191 33 20 att
180 191 32 20 ett
227 190 303 28 sammanjemkningsförslag,
547 190 7 21 i
569 190 38 22 fall
622 190 79 21 sådant
718 189 68 22 skulle
800 189 65 21 blifva

44 218 142 27 erforderligt,
202 218 46 22 icke
263 218 71 22 kunde
349 219 33 21 fås
398 219 33 21 till
447 219 70 21 stånd.

112 247 51 22 Med
183 247 113 27 anledning
311 247 21 22 af
346 248 26 21 de
387 248 69 20 under
472 247 152 21 diskussionen
638 247 75 21 härom
729 246 78 28 afgifna
822 248 43 26 ytt-

43 277 102 25 randena,
168 276 71 21 beslöt
260 276 87 22 ståndet
365 276 29 27 på
408 276 51 22 herr
474 276 219 21 Landtmarskalkens
710 275 155 27 framställning

44 307 34 19 att
99 304 119 27 bordlägga
237 305 54 21 båda
310 305 26 21 de
354 305 128 27 föredragna
501 305 164 21 betänkandena
680 304 32 22 till
728 305 36 21 det
779 304 86 28 plenum

45 340 47 15 som
107 333 113 22 inträffade
236 335 48 20 näst
299 333 53 23 efter
367 334 176 27 morgondagens.

115 420 172 23 Sammanträdet
306 420 75 23 afslöts
397 421 52 22 härå
464 422 93 21 klockan
573 423 33 20 tre
622 421 54 22 efter
692 420 173 29 eftermiddagen.

628 480 22 18 In
663 479 64 18 fidem:

535 509 69 22 Victor
619 509 25 22 de
659 509 21 22 la
698 508 99 28 Chapelle.

208 654 44 23 Den
268 654 32 23 24
315 653 41 30 Maj
373 654 96 24 klockan
487 654 14 23 II
517 654 53 23 före
586 654 125 29 middagen.

115 712 62 22 Efter
195 712 115 22 verkställd
326 713 107 27 justering
448 712 23 22 af
485 713 99 21 ståndets
600 712 34 22 vid
649 712 63 27 plena
728 711 41 22 den
785 713 26 20 22
828 711 40 22 och

48 743 26 20 23
98 741 42 28 Maj
163 741 82 22 fattade
262 741 79 25 beslut,
357 741 126 22 meddelade
499 741 49 22 herr
563 741 208 22 Landtmarskalken
786 741 33 21 att
834 740 35 21 vid

49 770 47 22 före
115 770 169 22 sammanträdet
305 770 71 21 hållen
392 770 207 22 talmanskonferens
616 769 204 26 öfverenskommits,
837 770 33 20 att

47 799 65 28 plena
133 799 85 22 komme
241 801 31 19 att
294 799 68 22 hållas
384 799 7 21 i
410 805 90 21 morgon
520 799 92 22 klockan
632 798 40 22 tolf
685 799 29 27 på
729 799 68 26 dagen
814 799 56 20 samt

47 827 94 23 derefter
157 834 34 15 om
205 828 85 27 Lördag
306 828 39 21 och
360 828 99 27 Måndag,
477 828 13 21 å
505 828 71 27 vanlig
590 828 38 21 tid.

117 915 56 22 Från
188 915 140 22 medstånden
343 915 55 22 hade
413 915 122 27 åtskilliga”
542 915 196 28 protokollsutdrag
752 913 118 27 inkommit,

49 944 153 22 meddelande:

119 974 32 21 att
165 973 163 22 Presteståndet
343 973 75 21 bifallit
433 973 32 21 till
477 973 183 22 Statsutskottets
668 972 158 27 framställning
834 977 37 16 an-

49 1001 84 28 gående
149 1001 147 28 omtryckning
310 1001 23 22 af
346 1002 107 21 särskilda
467 1002 245 27 landtdagshandlingar
725 1001 48 22 från
789 1001 83 21 1863—

52 1032 55 20 1864
123 1031 40 21 och
180 1033 54 19 1867
250 1031 34 21 års
299 1031 138 27 landtdagar;

119 1061 33 20 att
175 1059 169 28 Presteståndet
353 1059 96 27 godkänt
463 1059 168 27 Lagutskottets
646 1059 81 27 förslag
742 1059 33 21 till
791 1057 82 22 ändrad

50 1088 81 27 lydelse
148 1087 22 22 af
184 1090 12 19 7
213 1088 10 28 $
238 1090 12 19 8
265 1089 49 26 kap.
330 1088 24 21 Ä.
369 1089 24 20 B.
409 1089 8 20 i
432 1088 225 22 öfverensstämmelse
672 1088 50 21 med
737 1088 26 21 de
779 1086 94 27 beslut,
865 1082 13 38 i

50 1117 73 22 hvilka
139 1117 91 22 stånden
244 1119 87 20 stannat
346 1117 34 22 vid
395 1117 60 27 fråga
471 1123 35 15 om
517 1116 356 29 sammanjemkningsförslag
818 1112 12 37 i
839 1112 38 37 an-

50 1145 88 28 ledning
153 1145 23 22 af
189 1146 78 27 nådiga
281 1145 168 28 propositionen,
465 1146 112 27 angående
585 1145 220 28 förändring
713 1140 10 38 i
732 1145 72 28 lagens
815 1144 58 22 stad-

52 1175 86 26 ganden
154 1181 34 15 om
204 1175 64 21 oäkta
282 1175 64 21 barns
362 1174 99 27 arfsrätt;

121 1205 34 20 att
171 1203 184 28 Borgareståndet
374 1203 96 27 godkänt
485 1209 83 16 samma
582 1203 80 27 förslag
678 1203 22 22 af
714 1202 159 28 Lagutskottet,

53 1231 111 22 äfvensom
188 1234 32 20 att
235 1233 87 21 ståndet
336 1232 134 22 beträffande
486 1235 13 18 8
516 1232 33 27 $:n
564 1233 8 20 i
587 1239 81 15 samma
682 1232 83 27 kapitel
779 1231 96 22 beslutat

53 1262 33 19 att
101 1261 114 26 godkänna
228 1261 165 27 Lagutskottets
409 1260 58 23 förut
478 1260 82 28 afgifna
568 1259 307 30 sammanjemkningsförslag
869 1255 10 38 ;

122 1292 33 19 att
173 1290 162 22 Bondeståndet
350 1289 61 23 äfven
426 1289 105 30 godkänt
541 1290 59 22 detta
614 1290 165 27 Lagutskottets
795 1288 81 27 förslag

53 1318 33 22 till
103 1318 114 22 förändrad
232 1319 82 27 lydelse
331 1318 22 22 af
366 1320 11 20 7
395 1318 11 28 $
422 1320 12 20 8
451 1319 48 27 kap.
517 1319 25 21 Ä.
558 1319 32 27 B.;

123 1350 33 19 att
177 1348 164 22 Presteståndet
363 1347 34 22 vid
413 1348 133 26 behandling
562 1348 22 21 af
598 1347 225 27 Jernvägsutskottets
838 1346 38 21 be-

53 1376 110 22 tänkande
185 1377 8 21 i
215 1376 114 28 anledning
352 1376 21 21 af
393 1376 80 27 nådiga
495 1377 163 27 propositionen
680 1376 49 22 med
749 1376 80 26 förslag
844 1374 33 21 till

53 1405 151 21 stambansnät
218 1405 34 22 för
266 1405 97 26 Finland,
374 1405 97 21 beslutat
481 1407 80 25 antaga
571 1405 168 27 Ridderskapets
749 1404 40 22 och
797 1403 80 22 Adelns

53 1434 128 27 inbjudning
203 1440 34 16 om
260 1433 94 28 uppskof
369 1433 49 21 med
433 1434 167 26 behandlingen,
618 1434 59 21 såväl
692 1434 23 21 af
729 1434 60 21 detta
802 1433 76 21 betän-

53 1462 78 26 kande,
149 1469 45 15 som
210 1462 22 22 af
246 1469 82 15 samma
343 1462 96 22 utskotts
454 1462 140 22 betänkande
605 1463 7 20 i
622 1462 113 27 anledning
743 1462 22 21 af
771 1460 108 23 särskilda

54 1492 111 26 angående
178 1491 226 27 jernvägsbyggnader
418 1490 124 22 inlemnade
557 1492 121 26 petitioner,
695 1491 32 21 till
735 1490 142 26 landtdagens

54 1521 159 21 sammanträde
234 1520 8 22 i
264 1520 56 26 höst,
341 1520 56 21 samt
415 1525 35 16 om
465 1520 109 21 aflåtande
591 1519 22 22 af
627 1526 26 15 en
668 1519 133 27 underdånig
816 1516 62 23 skrif-
