1086 1717
259 124 41 20 802
572 128 40 18 Den
627 126 26 19 22
669 127 43 23 Maj.

297 189 43 22 Det
355 190 67 22 andra
437 190 48 22 åter
500 192 29 25 är,
546 192 32 20 att
592 191 58 27 gifva
661 190 76 27 Hangö
745 189 50 22 stad
801 189 130 27 fullkomliga
938 188 115 28 frihamns-

228 218 123 28 rättigheter
365 220 168 26 (porto-franco)
548 220 28 27 på
592 226 26 15 en
632 220 44 22 viss
692 219 39 27 tid,
747 218 130 28 exempelvis
894 220 26 20 25
932 218 30 27 år,
976 218 29 27 på
1016 218 38 21 det

230 248 33 20 att
286 247 41 22 den
345 248 72 22 kunde
435 248 66 22 blifva
521 255 25 15 en
565 248 89 22 uthamn
675 248 41 22 och
731 247 150 28 upplagsplats
897 247 48 22 icke
962 246 92 22 allenast

228 275 34 22 för
276 276 137 28 Petersburg,
429 279 54 20 utan
498 276 62 23 äfven
574 276 34 23 för
622 277 50 22 hela
686 277 91 21 Finland
793 276 40 22 och
849 276 41 22 alla
905 276 50 22 dess
971 276 81 26 städer,

230 304 22 22 af
265 304 72 22 hvilka
352 305 27 23 de
394 306 132 28 nordligaste
541 305 69 28 hafva,
627 312 46 16 som
689 306 66 22 redan
772 305 89 20 nämndt
877 308 29 24 är,
924 306 70 26 öppna
1010 304 42 28 sjö-

228 333 209 23 kommunikationer
457 335 77 21 endast
554 336 12 20 4
585 335 13 21 &
618 337 12 19 5
646 335 103 21 månader
765 334 40 22 och
821 334 26 22 de
863 334 117 28 sydligaste
996 332 56 23 deri-

228 362 66 22 bland
315 362 72 23 H:fors
410 364 78 22 endast
510 366 12 19 7
538 364 108 27 månader,
664 364 27 22 dä
706 364 77 26 Hangö
799 363 38 21 har
853 364 12 20 9
882 362 13 22 &
910 364 26 20 10
950 362 103 22 månader

229 392 66 26 öppet
309 393 80 21 vatten.
404 404 29 4 —
447 392 130 28 Derigenom
592 393 72 22 kunde
680 393 26 22 de
721 392 100 27 nordliga
836 393 86 20 orterna
938 391 114 28 uppdrifva

229 420 33 22 sin
281 420 53 22 affär
352 421 49 22 med
419 421 99 22 utlandet
537 421 55 22 ifrån
611 424 12 19 4
639 422 33 21 till
689 424 25 19 10
731 420 103 23 månader
850 427 33 16 om
900 420 52 27 året,
970 420 82 21 hvilket

229 451 25 20 är
273 449 23 22 af
314 451 46 20 stor
378 451 45 27 vigt
439 450 34 22 för
487 451 59 21 såväl
561 451 107 21 industrin
690 457 47 16 som
753 449 95 22 handeln
863 452 56 19 samt
934 449 117 28 kapitaler-

228 484 38 16 nas
283 479 137 28 omsättning,
435 479 88 22 hvarom
536 480 37 27 jag
588 480 66 21 redan
670 479 58 22 förut
744 479 47 21 haft
807 481 51 19 äran
873 481 87 23 nämna;
970 480 21 26 ty
1002 479 50 21 med

228 507 124 22 intervaller
367 507 22 22 af
401 510 54 20 nära
471 509 33 27 sju
519 509 112 21 månaders
647 508 82 23 afbrott
744 508 8 21 i
768 507 105 22 affärerna
887 507 42 22 kan
946 507 17 28 ej
980 508 71 26 någon

229 536 77 27 näring
328 536 134 23 konkurrera
483 538 48 21 med
550 537 152 22 motsvarande
716 537 102 26 näringar
833 537 7 20 i
856 537 41 21 den
912 536 68 27 öfriga
995 536 55 22 verl-

230 565 48 21 den.
302 565 42 27 Jag
359 565 68 23 skulle
444 565 83 23 derföre
543 566 33 22 för
590 567 42 21 min
649 566 33 22 del
698 572 53 16 anse
763 567 32 20 att
805 565 76 27 Hangö
892 565 66 22 borde
970 565 82 22 erhålla

228 592 239 30 fribamnsrättigheter,
485 595 19 22 d.
516 602 19 15 v.
547 601 17 16 s.
580 597 32 20 att
625 595 41 22 alla
682 595 49 22 med
747 595 119 26 importtull
882 594 91 27 belagda
987 600 64 16 varor

228 621 56 29 finge
306 622 108 23 inkomma
435 623 87 23 tullfritt
544 624 32 22 till
598 625 84 26 staden,
698 630 50 16 men
767 623 98 22 deremot
883 623 103 27 beläggas
1001 623 49 22 med

228 651 41 22 tull
289 651 29 22 då
332 651 28 23 de
374 651 58 23 föras
449 652 92 23 derifrån
557 653 45 22 inåt
616 653 75 22 landet
706 653 42 22 och
763 652 70 22 skulle
849 651 23 22 af
885 651 27 22 de
927 651 123 22 tullinkom-

228 681 46 21 ster
296 686 46 16 som
365 681 28 21 då
415 682 108 27 uppbures
540 682 12 21 å
566 682 76 27 Hangö
657 682 151 21 tullkammare
828 687 27 16 en
874 681 50 26 viss,
942 681 68 27 aldrig
1026 681 25 22 så

228 709 53 21 liten
303 712 96 24 procent,
423 710 82 22 tillfalla
527 711 83 26 staden,
629 711 33 22 för
678 713 32 20 att
725 710 119 28 upphjelpa
859 710 129 22 densamma.
1019 709 31 22 På

228 737 26 22 så
276 739 45 20 sätt
342 738 70 23 skulle
431 739 84 26 staden,
531 741 52 20 utan
598 741 33 20 att
646 739 88 23 beröfva
751 739 37 22 det
803 739 68 26 öfriga
888 739 74 21 landet
976 738 72 28 något,

227 765 23 22 få
271 766 83 23 tillfälle
381 769 33 20 att
438 767 95 23 förkofra
555 769 39 26 sig.
617 781 28 2 —
666 769 59 22 Utan
748 767 73 22 tvifvel
845 768 55 21 skall
922 767 70 22 denna
1015 770 35 19 ort

228 795 29 21 då
278 795 65 22 blifva
362 796 66 28 billig,
452 797 90 22 emedan
564 797 38 22 der
621 797 43 22 alla
678 797 170 22 innevånarenes
864 795 186 23 lefnadsbehofver

228 824 40 21 och
283 824 266 23 konsumtionskostnader
563 832 51 16 vore
624 825 87 28 tullfria,
723 825 42 22 och
776 825 75 22 säkert
861 825 60 22 skola
932 831 26 16 en
969 825 81 28 mängd

227 852 137 28 utlänningar
384 853 23 22 af
425 855 42 21 alla
481 855 103 26 nationer,
600 854 155 23 företrädesvis
773 854 47 21 från
836 854 26 21 de
878 854 172 22 Skandinaviska

226 881 109 27 länderna,
352 883 108 27 Tyskland
476 883 39 22 och
529 884 99 27 England
642 891 26 14 m.
684 883 21 23 fl.
722 885 66 25 orter,
805 889 45 15 som
866 884 52 26 göra
931 882 77 23 affärer
1020 883 30 27 på

226 910 113 27 Ryssland,
351 913 56 20 samt
422 914 89 25 agenter
525 912 33 22 för
568 913 131 22 handelshus
709 913 7 21 i
728 912 105 26 utlandet,
844 911 136 28 Petersburg,
993 914 57 19 samt

226 939 7 21 i
243 939 52 22 våra
305 940 98 27 nordliga
418 941 74 22 städer
507 941 33 21 slå
554 941 32 28 sig
601 948 38 15 ner
654 941 122 22 derstädes.
807 941 29 21 Sä
851 940 62 22 hafva
928 943 15 19 t.
960 947 31 15 ex.
1004 942 44 20 stä-

227 967 67 22 derna
304 968 85 22 Odessa
399 969 40 22 och
449 970 70 21 Triest
527 970 105 27 uppstått.
648 970 92 26 Odessa,
750 969 78 27 anlagd
836 970 68 21 under
911 969 137 28 kejsarinnan

226 996 120 23 Katharina
364 997 39 22 II:s
424 998 31 21 tid
471 998 23 21 af
507 999 73 21 amiral
596 999 26 22 de
637 999 74 27 Ribas,
727 1005 40 15 var
782 999 77 26 anlagd
874 998 7 21 i
897 1004 80 16 samma
992 998 56 27 syfte

226 1031 47 16 som
294 1025 77 28 Hangö
395 1027 40 21 och
458 1026 60 23 förde
533 1027 8 21 i
560 1027 61 22 tiotal
638 1028 23 21 år
676 1030 32 20 ett
723 1027 96 28 tynande
834 1027 29 26 lif,
879 1027 56 22 ända
950 1027 31 22 till
998 1027 49 22 dess

226 1053 100 28 hertigen
341 1054 23 22 af
376 1055 118 28 Richelieu,
510 1062 46 16 som
571 1056 69 22 under
654 1057 73 27 kejsar
743 1055 122 23 Alexander
879 1056 28 21 I:s
920 1056 32 21 tid
963 1062 37 15 var
1010 1063 37 20 ge-

225 1083 168 27 neralguvernör
411 1084 7 21 i
438 1085 64 21 södra
517 1085 111 28 Ryssland,
645 1084 120 23 utverkade
780 1084 146 27 porto-franco
942 1085 105 26 rättighe-

226 1112 34 21 ter
278 1111 23 22 åt
319 1113 77 21 staden
411 1113 29 27 på
454 1115 27 20 25
497 1113 30 27 år,
542 1113 69 22 under
624 1114 86 21 hvilken
726 1113 34 22 tid
776 1120 26 15 en
817 1113 78 28 mängd
910 1113 137 28 utlänningar

225 1139 61 28 slogo
302 1141 32 27 sig
349 1147 38 16 ner
402 1142 39 21 der
455 1142 40 22 och
510 1143 77 21 staden
602 1144 62 20 växte
679 1143 56 22 ifrån
752 1144 63 24 6,000
831 1142 32 21 till
879 1143 77 26 80,000
970 1148 76 21 perso-

224 1175 44 15 ner.
290 1181 27 3 —
332 1169 35 22 Nu
381 1169 40 23 har
435 1171 82 26 staden,
535 1171 90 22 oaktadt
639 1171 152 28 privilegierna
806 1171 33 22 för
855 1170 57 22 öfver
928 1173 27 19 20
971 1171 25 22 år
1010 1177 35 16 se-

225 1197 42 22 dan
288 1198 145 28 tilländagått,
456 1200 66 21 redan
546 1200 90 27 140,000
658 1201 139 22 innevånare.
818 1211 26 4 —
859 1199 71 22 Triest
944 1200 40 21 har
998 1200 48 21 åter

224 1226 106 22 alltsedan
347 1227 41 22 den
403 1228 69 22 erhöll
488 1228 63 22 dessa
565 1228 107 23 förmåner
688 1229 73 27 dragit
774 1228 94 22 handeln
883 1227 54 22 ifrån
948 1228 98 28 Venedig

223 1255 33 21 till
278 1255 34 27 sig
334 1256 40 21 och
393 1257 39 26 går
447 1256 77 23 framåt
538 1257 7 22 i
560 1263 81 16 samma
656 1257 129 28 proportion
800 1257 96 27 Venedig
910 1257 88 28 aftager.
1016 1269 28 3 —

222 1283 51 22 Man
288 1283 72 23 kunde
376 1285 93 23 invända
484 1287 32 21 att
531 1286 64 22 dessa
610 1287 74 22 städer
698 1286 67 22 hafva
779 1287 33 21 ett
822 1286 107 28 sydligare
943 1286 49 27 läge
1004 1286 40 22 och

221 1312 73 22 bättre
316 1313 203 23 naturförhållande.
548 1315 36 21 Må
606 1322 50 15 vara
679 1322 35 16 om
738 1315 78 27 Triest,
839 1321 48 15 men
910 1314 83 22 Odessa
1008 1315 36 22 vid

221 1340 77 23 Svarta
320 1342 83 22 hafvets
426 1344 99 21 stränder
546 1344 49 22 med
618 1350 26 16 en
661 1344 37 28 läg
712 1344 77 22 kultur
804 1344 40 22 och
859 1344 45 27 gles
920 1343 124 29 befolkning

220 1369 56 23 hade
291 1370 7 21 i
313 1370 78 28 mänga
405 1371 138 29 hänseenden
559 1373 18 27 ej
594 1379 81 16 samma
691 1373 112 22 förmäner
813 1379 46 15 som
870 1372 76 28 Hangö
957 1379 29 15 nu
996 1372 46 28 har,

219 1398 87 28 beläget
323 1399 8 21 i
349 1399 82 28 hjertat
445 1400 24 23 af
482 1396 123 33 Östersjöns
621 1404 79 26 vatten,
716 1402 95 21 emellan
825 1402 37 22 två
877 1402 60 21 stora
951 1401 91 22 hufvud-

218 1427 75 21 städer
316 1428 40 21 och
378 1429 50 22 med
447 1429 78 23 handel
547 1430 40 21 och
608 1430 73 22 kultur
704 1430 109 27 omgifven
832 1429 102 23 öfverallt.
965 1430 77 27 Hangö

218 1456 70 22 skulle
310 1456 91 24 sålunda
422 1457 65 25 blifva
509 1458 47 22 icke
578 1459 92 22 allenast
685 1466 27 16 en
727 1458 124 28 betydande
867 1458 127 28 upplagsort
1008 1458 34 22 för

216 1483 80 29 P:burg
312 1485 40 22 och
367 1486 48 23 värt
429 1486 62 25 lands
507 1488 73 21 städer
595 1488 39 21 och
650 1488 127 28 derigenom
788 1479 36 41 öka
837 1486 203 29 jernvägstrafiken,

214 1514 53 20 utan
288 1513 62 22 äfven
369 1521 77 21 genom
466 1515 128 28 ditflyttning
614 1516 22 22 af
652 1516 145 28 företagsamt
811 1516 44 22 folk
871 1516 69 22 skulle
955 1516 84 22 befolk-

215 1542 78 27 ningen
312 1542 93 29 tillväxa,
426 1550 28 16 en
473 1544 78 28 mängd
570 1545 135 23 industriella
726 1545 90 27 företag.
830 1545 74 22 utmed
920 1545 118 27 jernvägen
