1086 1717
390 102 40 18 Den
445 100 27 18 20
487 99 59 25 April.
812 100 40 20 487

58 172 29 15 nu
109 165 55 22 fatta
186 164 105 22 definitivt
312 165 73 21 beslut
407 164 7 22 i
428 164 82 26 frågan.
541 164 41 27 Jag
598 171 64 15 anser
677 165 37 21 det
728 172 53 15 vara
795 165 32 21 till
843 165 40 21 och

59 195 48 21 med
123 194 97 22 ståndets
236 196 50 24 rätt,
304 195 32 19 att
350 193 22 22 få
386 194 56 21 fatta
457 193 74 21 beslut
545 193 7 21 i
568 200 26 15 en
609 194 67 27 fråga,
692 193 63 22 äfven
770 200 33 16 om
815 194 26 21 de
852 193 31 22 öf-

59 224 46 26 riga
127 222 91 22 stånden
240 223 67 21 redan
323 222 78 28 afgjort
417 223 135 25 densamma;
570 223 40 21 och
625 222 69 22 skulle
706 222 43 28 jag,
765 223 65 27 jemte
847 222 35 22 det

57 253 37 27 jag
110 252 118 27 tillstyrker
244 251 123 22 diskussion
383 251 48 21 med
447 250 119 28 åtföljande
581 252 87 20 beslut
656 246 13 38 i
678 252 73 26 saken,
762 252 121 27 ödmjukast

59 280 119 26 hemställa,
202 286 34 15 om
259 280 47 22 icke
328 280 151 22 diskussionen
501 280 72 21 kunde
596 280 38 21 ske
650 280 139 27 paragrafvis,
807 280 27 22 då
846 280 37 28 jag

59 310 49 21 ville
122 310 80 26 begära
217 316 34 14 om
268 309 62 21 ordet
342 308 36 22 vid
393 308 69 29 första
477 308 133 28 paragrafen.

128 338 55 21 Herr
205 338 180 22 Silfversvan:
401 338 69 21 Äfven
483 338 38 26 jag
537 337 67 27 hyllar
620 338 41 20 den
678 338 82 26 åsigten
777 340 32 19 att
825 338 57 21 stån-

61 368 36 20 det
114 374 29 14 nu
161 367 39 21 bör
214 366 56 22 fatta
285 366 105 22 definitivt
405 366 74 22 beslut
494 366 7 21 i
516 366 75 26 frågan
607 366 40 21 och
662 366 40 21 ber
716 366 21 22 få
752 367 74 22 förena
841 366 43 27 mig

60 396 6 21 i
89 396 56 21 hvad
167 396 50 21 herr
236 395 91 27 Pipping
342 395 6 21 i
364 395 67 21 saken
447 395 87 27 uttalat,
550 395 57 21 helst
619 395 38 27 jag
672 395 67 21 också
754 396 7 21 i
776 396 108 22 utskottet

61 424 84 23 biträdt
160 424 53 22 hans
229 424 139 21 reservation.

128 454 55 21 Herr
198 460 40 15 von
255 453 126 21 Hellens:
397 452 62 22 Efter
475 453 71 21 denna
562 453 122 21 diskussion
699 453 28 27 på
742 455 45 20 sätt
803 454 38 21 och
851 453 32 22 vis

60 482 69 22 blifvit
150 482 128 21 framkallad
294 481 22 22 af
328 482 49 26 mig,
394 481 70 22 skulle
478 482 38 27 jag
531 481 91 26 anhålla,
639 483 33 20 att
686 481 22 22 få
722 481 57 22 fästa
793 482 91 21 Ridder-

61 512 88 26 skapets
166 511 39 22 och
221 511 80 21 Adelns
317 511 192 27 uppmärksamhet
523 511 36 20 vid
575 511 40 20 den
632 511 164 27 omständighet,
813 512 32 20 att
853 511 32 21 uti

61 540 10 27 8
87 542 26 19 57
130 539 22 22 af
165 540 22 21 L.
204 539 24 22 O.
246 540 62 21 ordet
324 539 97 26 ,beslut*
439 539 49 21 med
503 539 111 27 betydelse
630 539 24 21 af
667 539 73 28 slutlig
749 540 75 26 åtgärd
833 539 52 22 stäl-

60 569 31 21 les
108 569 71 21 såsom
194 570 91 20 motsats
302 570 58 20 emot
375 585 4 8 ,
383 568 152 26 återremiss".
566 563 129 26 Äterremiss
711 569 69 21 kallas
791 569 48 21 icke
847 569 38 21 der

61 598 84 26 beslut;
169 597 39 22 och
230 598 30 26 på
282 597 107 22 särskilda
412 597 67 21 andra
495 597 78 21 ställen
586 597 8 21 i
609 597 23 21 L.
650 597 24 21 O.
691 599 56 20 samt
761 597 102 22 särskildt
878 597 7 21 i

63 629 24 18 67
113 626 16 27 $,
153 626 86 21 hvilken
262 626 66 21 också
350 626 50 21 herr
421 625 94 28 Pipping
534 626 109 27 åberopat,
664 626 56 21 talas
739 633 34 14 om
795 628 32 19 att
843 626 42 21 alla

63 655 63 22 stånd
141 655 61 21 skola
217 654 55 22 fatta
287 655 78 25 beslut,
382 654 66 21 alltså
463 655 50 26 ingå
528 655 7 20 i
551 655 73 26 slutlig
639 654 98 28 pröfning
752 655 23 21 af
788 655 72 21 saken.

131 683 71 22 Sedan
224 683 151 22 diskussionen
395 682 135 22 beträffande
554 683 41 21 den
612 683 22 22 af
647 683 51 22 herr
712 683 174 22 Landtmarskal-

61 713 43 21 ken
119 715 73 18 senast
208 712 32 21 till
256 711 161 28 öfverläggning
431 711 101 22 lemnade
547 711 74 28 frågan
631 712 89 21 härmed
728 712 106 27 afslutats,
843 712 43 21 till-

61 741 89 27 frågade
165 741 50 21 herr
230 741 208 21 Landtmarskalken
455 741 95 26 ståndet,
562 740 105 22 huruvida
676 741 37 21 det
720 748 28 14 nu
756 741 49 22 ville
814 741 73 22 skrida

63 770 31 21 till
116 769 72 22 beslut
208 769 6 22 i
234 769 102 22 afseende
353 769 12 21 ä
381 769 37 21 det
432 769 164 27 ifrägavarande
611 769 224 22 Ekonomiutskottets
850 770 37 21 be-

63 799 108 21 tänkande
186 798 144 27 paragrafvis;
347 798 41 21 och
403 804 46 15 som
466 798 71 21 denna
552 797 60 28 fräga
627 798 23 21 af
664 799 86 21 ständet
757 799 130 21 besvarades

62 828 49 21 med
134 827 88 22 allmänt
242 827 29 27 ja,
292 826 158 22 öfverlemnade
465 827 53 21 herr
533 827 206 22 Landtmarskalken
755 827 32 22 till
803 827 84 22 diskus-

63 856 46 21 sion
125 856 11 27 &
154 858 8 19 1
180 855 23 22 af
217 856 227 21 Ekonomiutskottets
460 855 144 26 betänkande,
622 856 51 21 derä

132 885 96 21 Friherre
254 891 41 15 von
317 885 82 26 Born,
415 884 32 27 V.,
465 885 69 21 erhöll
550 885 62 21 ordet
628 885 39 21 och
682 885 97 27 yttrade:
795 885 42 27 Jag
851 885 37 21 vill

65 914 77 21 endast
164 912 6 23 i
194 915 82 20 största
297 913 88 22 korthet
409 913 87 26 föreslä,
513 915 33 19 att
562 913 37 22 det
609 913 23 21 af
645 914 108 21 utskottet
768 913 121 28 föreslagna

64 943 99 26 tillägget
178 943 32 20 till
226 942 11 28 8
253 942 48 21 icke
316 942 69 21 måtte
399 943 98 26 antagas.
523 942 41 27 Jag
581 944 44 19 tror
640 944 32 19 att
688 949 34 15 om
737 949 27 15 en
779 943 48 21 stad
837 943 52 21 eller

64 978 26 15 en
107 971 82 21 enskild
206 977 79 21 person
301 971 41 21 fätt
358 971 33 27 sig
406 970 148 22 tillförsäkrad
569 971 69 27 nägon
655 973 50 25 rätt,
722 978 25 15 en
763 972 67 21 sädan
845 973 45 20 rätt

64 1000 47 21 icke
127 999 101 22 behöfver
244 1000 104 21 särskildt
363 1006 130 15 reserveras.
519 999 73 22 Skulle
608 1000 98 27 tillägget
717 1002 95 25 antagas,
822 1000 67 21 borde

64 1029 43 21 lika
131 1029 34 21 väl
181 1029 40 21 den
238 1029 103 26 enskilde,
359 1035 44 15 som
420 1035 26 14 en
462 1029 51 21 stad
527 1029 85 21 komma
627 1029 6 20 i
649 1029 89 26 ätanke;
753 1036 49 15 men
818 1029 71 22 säsom

64 1058 69 27 sagdt,
150 1057 98 27 tillägget
262 1057 62 22 torde
339 1057 48 22 icke
401 1057 112 22 behöfvas.

132 1087 56 21 Herr
202 1086 128 27 Pipping,
347 1086 101 21 Fredrik:
464 1086 43 27 Jag
523 1086 96 21 anhäller
634 1087 77 21 endast
725 1087 22 21 fä
757 1087 94 27 äberopa
862 1087 27 22 de

65 1115 53 26 skäl,
141 1121 47 15 som
210 1115 216 22 Ekonomiutskottet
440 1114 79 27 anfört,
535 1114 85 22 hvarför
635 1116 107 21 utskottet
756 1116 40 21 har
811 1117 56 27 gjort
882 1116 7 21 i

67 1147 7 18 1
100 1143 11 28 8&
132 1144 36 21 det
183 1144 113 27 påpekade
311 1144 100 27 tillägget
425 1144 41 21 och
482 1150 64 15 anser
558 1144 38 27 jag
612 1144 117 22 detsamma
743 1145 34 22 väl
793 1144 96 23 försvara

65 1173 32 21 sin
113 1173 63 26 plats,
191 1173 125 26 isynnerhet
331 1173 7 20 i
354 1179 26 15 en
396 1173 127 21 ekonomisk
538 1173 40 26 lag.

134 1202 57 21 Enär
212 1202 64 26 ingen
296 1201 22 22 af
332 1202 97 21 ständets
446 1201 140 22 medlemmar
602 1201 127 22 understödt
743 1202 89 22 friherre
847 1209 42 15 von

65 1231 68 20 Borns
149 1230 87 27 förslag,
252 1231 50 20 kom
318 1230 119 21 detsamma
452 1230 49 21 icke
517 1231 68 20 under
600 1231 137 27 omröstning,
753 1233 52 20 utan
820 1231 45 22 blef
878 1231 11 28 $

67 1261 9 18 1
94 1259 22 21 af
129 1259 147 21 betänkandet
292 1258 23 22 af
329 1259 93 25 ständet,
438 1259 29 26 pä
483 1259 51 22 herr
548 1259 217 23 Landtmarskalkens
774 1260 115 22 framställ-

65 1288 56 27 ning,
137 1288 106 26 godkänd.

135 1317 41 21 Vid
190 1316 151 28 föredragning
357 1316 22 22 af
393 1316 10 28 $
420 1318 12 20 2
448 1316 110 22 lemnades
575 1317 62 21 ordet
650 1318 23 20 ät

134 1346 56 21 Herr
205 1352 41 15 von
261 1346 126 25 Hellens,
405 1352 45 14 som
466 1346 97 26 yttrade:
579 1346 43 21 Det
638 1348 24 19 är
676 1346 47 21 icke
739 1348 52 20 utan
807 1354 26 14 en
847 1347 44 21 viss

67 1374 150 26 obenägenhet
230 1374 38 27 jag
283 1376 61 25 tager
360 1374 32 21 till
409 1374 62 21 ordet
486 1374 92 22 rörande
594 1374 70 22 denna
678 1375 105 27 paragraf,
793 1375 40 22 och
841 1376 52 20 obe-

67 1403 135 27 nägenheten
218 1403 77 21 härrör
310 1403 62 21 deraf
385 1404 33 20 att
432 1402 51 22 mitt
498 1403 111 21 uttalande
625 1403 69 22 mäste
710 1404 33 21 stä
758 1404 7 21 i
781 1404 54 21 strid
843 1404 50 21 med

68 1432 26 21 de
116 1432 78 26 beslut,
218 1438 46 15 som
286 1432 7 20 i
315 1432 27 21 de
357 1433 33 20 tre
407 1431 68 27 öfriga
492 1432 97 26 stånden,
605 1432 28 27 pä
648 1434 45 20 sätt
708 1432 184 27 tillkännagifvits,

67 1461 92 21 rörande
183 1461 69 21 denna
274 1460 103 28 paragraf
398 1460 67 22 redan
481 1460 70 22 blifvit
566 1460 90 22 fattade.
687 1462 49 20 Men
752 1462 28 21 dä
792 1462 37 27 jag
845 1461 48 22 icke

67 1490 43 20 kan
126 1489 49 21 fullt
190 1489 81 27 afvärja
286 1490 47 25 den,
351 1490 71 20 säsom
435 1489 38 27 jag
490 1489 56 21 dock
561 1490 81 26 hoppas
659 1490 129 26 ogrundade,
804 1489 90 28 farhäga

69 1520 32 19 att
123 1518 171 27 Ridderskapets
317 1518 40 21 och
377 1518 80 21 Adelns
474 1524 30 15 nu
519 1518 128 27 vidtagande
664 1519 75 27 ätgärd
754 1518 72 22 kunde
841 1520 53 21 röna
