1086 1717
224 126 42 20 672
542 130 40 18 Den
599 130 8 18 1
626 130 42 23 Maj.

268 191 158 23 Diskussionen
444 192 77 23 afslöts
540 193 88 22 härmed
648 193 40 22 och
708 193 32 21 till
759 192 133 22 besvarande
907 191 111 29 upplästes

195 219 94 29 följande
304 222 139 26 proposition,

270 266 8 10 »
282 249 42 27 Vill
339 250 160 28 Ridderskapet
513 251 40 21 och
568 251 70 22 Adeln
654 258 29 14 nu
697 250 50 28 ingå
761 250 7 22 i
785 249 95 23 definitiv
890 249 129 27 behandling

196 277 24 22 af
242 280 154 20 sammansatta
417 280 56 26 Lag-
497 280 39 21 och
559 280 226 22 Ekonomiutskottets
805 278 161 28 ifrågavarande
980 278 39 22 be-

197 307 117 27 länkande;

265 336 75 22 vinner
367 336 45 28 nej,
435 337 122 22 remitteras
580 337 76 28 frågan
678 338 33 21 till
733 336 232 24 Riddarhusutskottet
986 335 33 22 för

197 364 121 28 afgifvande
334 365 23 21 af
369 366 136 22 betänkande
521 367 8 21 i
543 367 57 21 hvad
623 367 41 21 den
682 367 97 21 ståndets
795 366 121 27 privilegier
931 366 87 26 angår".

266 394 52 21 Med
340 394 115 28 anledning
477 395 23 21 af
521 397 31 20 att
575 396 71 22 denna
666 395 135 28 proposition
823 394 130 23 besvarades
969 394 49 22 med

196 422 90 22 allmänt
297 423 30 28 ja,
336 423 156 23 öfverlemnade
499 424 51 22 herr
556 425 209 22 Landtmarskalken
773 424 32 21 till
814 424 122 22 diskussion
946 424 40 21 den
998 422 22 23 af

195 452 110 22 utskottet
319 452 121 29 föreslagna
454 453 112 28 ingressen
581 454 33 21 till
629 454 160 27 författningen.

200 505 10 4 .
265 481 57 22 Herr
343 481 160 29 Lagerborg,
527 483 87 26 Robert,
637 483 67 22 utbad
727 483 34 26 sig
784 482 62 21 ordet
868 482 39 21 och
923 481 94 28 yttrade:

196 509 68 22 Afven
284 511 38 27 jag
343 511 38 21 ber
403 513 32 20 att
457 511 22 22 få
498 511 50 22 kort
568 518 34 15 om
618 512 53 27 godt
686 512 86 22 ansluta
787 511 43 27 mig
845 511 32 21 till
892 511 50 21 herr
956 511 61 27 Björ-

196 539 113 22 kenheims
325 539 138 28 formulering
479 541 52 21 eller
545 541 75 27 tillägg
636 541 40 22 och
691 541 91 26 ändring
797 540 31 21 till
844 540 37 21 det
895 539 80 28 förslag
986 539 32 21 till

199 567 83 28 ingress
299 569 106 21 utskottet
420 569 116 28 föreslagit.

265 597 57 22 Herr
336 597 136 28 Järnefelt,
489 598 85 22 Gustaf:
589 599 49 22 Den
652 599 79 27 nådiga
746 598 161 27 propositionen
922 597 40 22 har
977 597 41 22 den

197 624 99 23 fördeler
309 627 34 21 att
358 626 41 22 den
413 627 58 22 klart
485 627 136 28 bestämmer,
636 627 74 22 hvilka
724 633 48 16 som
787 627 62 22 skola
863 626 73 23 betala
950 626 68 27 tings-

196 655 102 27 gästning
314 655 40 22 och
368 655 55 22 huru
438 656 95 27 mycket;
550 657 41 21 den
606 656 68 22 andra
688 656 97 22 fördelen
801 658 24 19 är
839 657 33 20 att
887 655 41 22 den
941 655 78 27 fattiga

197 683 63 22 delen
280 683 23 22 af
320 683 150 29 befolkningen
486 685 80 28 slipper
580 686 48 21 med
644 685 83 22 hälften
743 685 82 21 mindre
841 687 27 19 än
883 685 63 21 förut.
976 685 42 26 Jag

196 712 71 21 skulle
288 713 72 22 derför
378 720 52 15 anse
450 716 33 19 att
500 715 162 26 propositionen
680 714 67 22 borde
763 714 72 21 kunna
851 716 88 25 antagas
956 713 62 21 äfven

196 741 123 22 oberoende
335 741 23 22 af
371 742 221 28 domstolsreformen;
610 744 36 21 det
661 743 42 22 blir
718 743 55 21 visst
789 749 26 15 en
831 742 113 27 tillökning
959 742 6 21 i
981 742 37 21 hä-

197 770 202 28 radshöfdingarnes
416 771 91 28 aflöning
522 772 7 21 i
544 773 27 21 de
586 773 106 27 sydligare
708 772 40 21 och
763 771 115 28 vestligare
894 771 87 22 delarna
998 770 23 21 af

197 798 81 27 landet,
296 806 49 15 men
363 800 39 21 här
417 803 37 19 äro
470 801 65 21 också
551 802 141 27 domsagorna
708 801 39 22 bra
763 800 86 28 mycket
863 800 87 21 mindre.
980 800 40 21 Att

196 828 161 28 Ridderskapet
380 829 40 22 och
442 829 70 22 Adeln
535 830 40 21 och
597 830 167 22 Presteståndet
784 829 85 22 komma
893 831 31 20 att
946 829 73 21 betala

197 857 161 28 tingsgästning
377 858 62 22 äfven
457 859 33 26 de,
506 865 64 16 anser
581 859 39 27 jag
634 865 52 16 vara
700 858 91 22 alldeles
807 858 74 28 billigt,
898 859 22 26 ty
935 857 85 22 hvarför

196 885 62 22 skola
278 887 27 21 de
326 887 83 27 åtnjuta
427 887 91 22 rättvisa
536 890 51 19 utan
603 889 33 20 att
650 888 73 21 betala
738 887 35 22 för
788 887 47 26 den,
853 887 28 21 då
895 887 43 21 alla
953 887 66 21 andra

198 915 69 21 måste
287 915 79 22 betala.
396 916 42 27 Jag
456 916 69 22 måste
544 917 85 22 således
648 917 113 22 vördsamt
779 915 86 26 föreslå,
881 917 32 20 att
928 915 91 22 Ridder-

198 943 80 28 skapet
297 944 41 22 och
356 944 68 22 Adeln
443 945 50 22 ville
507 944 95 23 förklara
616 947 40 26 att,
672 952 35 15 om
722 945 68 22 också
805 945 159 27 Ridderskapet
980 944 40 21 och

199 972 70 22 Adeln
286 973 54 27 icke,
362 973 121 22 oberoende
503 974 23 21 af
538 974 153 27 författningen
708 981 34 15 om
759 973 176 22 häradrätternas
951 979 69 16 omor-

199 1001 129 27 ganisation,
343 1002 43 22 kan
401 1005 80 25 antaga
495 1003 77 27 nådiga
586 1003 170 28 propositionen,
773 1002 88 22 ståndet
873 1003 85 21 likvisst
968 1002 52 27 god-

199 1030 83 22 känner
298 1031 129 22 åtminstone
443 1032 41 21 den
499 1031 23 22 af
535 1032 107 21 utskottet
656 1032 125 27 föreslagna
795 1031 117 28 ingressen.

267 1059 57 22 Herr
342 1060 197 27 Björkenheim,
560 1061 92 22 Robert:
672 1061 35 21 Då
726 1061 43 21 den
784 1061 138 26 reservation,
936 1060 38 27 jag
988 1059 32 22 bi-

198 1087 61 28 fogat
282 1089 119 22 utskottets
424 1089 142 27 betänkande,
589 1090 75 21 vunnit
686 1091 33 20 ett
736 1089 27 22 så
777 1089 104 28 välvilligt
895 1089 125 26 understöd,

199 1117 61 21 torde
278 1117 38 28 jag
334 1117 71 22 måsta
423 1118 92 22 behöfva
533 1120 57 20 emot
609 1119 50 21 herr
677 1117 108 23 Järnefelt
802 1117 112 22 framhålla
929 1118 43 26 det,
988 1119 34 20 att

198 1151 36 21 nu,
252 1145 28 22 då
296 1146 38 21 det
349 1149 24 18 är
385 1146 62 28 fråga
460 1153 34 16 om
509 1153 27 16 en
550 1147 122 28 förhöjning
686 1147 24 22 af
722 1147 188 27 tingsgästningen
925 1147 49 21 med
990 1148 32 20 ett

198 1174 67 27 högst
283 1175 108 27 betydligt
408 1176 85 27 belopp,
509 1176 74 22 landet
597 1177 7 21 i
620 1177 33 21 sin
668 1176 75 22 helhet
758 1175 85 22 således
858 1175 70 22 måste
942 1175 79 22 under-

198 1203 66 22 kasta
286 1203 34 28 sig
342 1210 26 15 en
391 1206 70 20 större
483 1205 60 21 skatt
564 1207 28 19 än
607 1199 71 37 förut,
695 1205 34 22 och
746 1206 59 20 emot
819 1205 69 21 denna
903 1203 121 28 uppoffring

198 1231 40 22 har
256 1231 75 23 landet
350 1234 44 20 rätt
409 1235 34 20 att
457 1233 72 22 fordra
544 1235 32 20 ett
590 1234 72 21 bättre
678 1233 113 22 ordnande
807 1233 22 22 af
843 1233 179 22 domstolsväsen-

199 1260 44 27 det,
264 1261 30 21 då
312 1261 101 22 behofvet
431 1262 62 22 deraf
510 1262 97 23 öfverallt
626 1265 39 25 gör
682 1263 34 27 sig
731 1262 106 27 gällande.
868 1262 42 27 Jag
924 1262 36 22 vill
975 1261 49 22 icke

199 1291 98 26 upptaga
312 1290 97 22 ståndets
425 1291 33 21 tid
473 1292 48 21 med
536 1294 32 19 att
583 1294 58 26 yttra
656 1292 44 27 mig
715 1292 74 21 vidare
805 1292 7 20 i
826 1290 81 28 frågan.

268 1319 57 22 Herr
340 1319 134 28 Järnefelt,
491 1320 87 22 Gustaf:
594 1321 42 27 Jag
650 1321 35 21 vill
701 1322 47 20 mot
763 1320 50 22 herr
827 1320 151 27 Björkenheim
987 1326 37 15 an-

198 1347 76 22 märka
304 1348 56 21 blott
383 1350 38 25 att,
450 1355 34 15 om
511 1350 37 21 det
569 1350 65 21 också
660 1350 107 27 pålägges
797 1355 26 15 en
845 1348 85 28 förhöjd
958 1348 65 27 skatt,

198 1376 26 21 så
239 1378 25 19 är
279 1376 38 22 det
332 1377 76 22 endast
423 1378 67 21 sådan
505 1378 41 22 den
560 1378 96 22 kommer
672 1380 32 20 att
721 1378 84 21 drabba
820 1378 55 26 dem,
883 1377 73 22 hvilka
966 1377 58 21 förut

199 1404 68 27 gratis
284 1404 88 28 åtnjutit
385 1406 101 27 rättvisa;
502 1407 40 21 och
558 1408 33 21 att
605 1408 38 21 det
657 1408 91 21 icke-är
763 1406 84 27 obilligt
862 1408 33 20 att
909 1406 28 22 de
944 1406 80 27 betala,

200 1434 63 21 torde
279 1434 81 22 enhvar
374 1434 63 23 finna.

212 1462 91 32 Då
316 1463 47 21 icke
378 1463 71 28 någon
465 1463 22 23 af
501 1464 97 22 ståndets
613 1465 141 21 medlemmar
769 1464 72 21 vidare
857 1463 95 22 önskade
967 1464 58 26 yttra

199 1496 34 22 sig
254 1497 36 15 om
309 1492 118 27 ingressen,
449 1493 167 22 öfverlemnades
632 1494 32 21 till
679 1492 134 29 granskning
829 1492 40 22 och
885 1492 93 22 derefter
993 1492 32 22 till

202 1519 135 23 besvarande
353 1526 26 16 en
395 1521 25 22 så
434 1522 91 27 lydande
541 1521 291 29 omröstningsproposition:
