1086 1717
260 106 42 20 840
580 110 39 18 Den
634 109 26 18 22
676 110 42 24 Maj.

232 171 105 23 remissen
353 172 68 22 skulle
436 172 68 22 fästas
521 172 100 23 afseende
636 173 35 22 vid
686 173 51 22 herr
751 172 102 28 Pippings
869 173 79 27 förslag
963 173 32 21 till
1006 179 43 15 om-

231 200 122 28 redigering
367 201 23 21 af
403 202 127 26 nugällande
545 202 137 22 instruktion.

300 229 70 22 Sedan
393 230 149 22 diskussionen
566 231 110 27 angående
697 231 70 21 denna
782 230 180 22 Bankutskottets
978 230 71 22 berät-

229 257 55 22 telse
306 258 87 22 härmed
410 258 115 23 förklarats
541 259 99 27 afslutad,
656 260 73 21 beslöt
744 259 161 27 Ridderskapet
926 260 40 21 och
981 259 69 22 Adeln

229 286 29 26 på
280 285 50 23 herr
345 286 217 24 Landtmarskalkens
576 288 165 25 framställning,
759 289 32 20 att
806 288 49 21 med
870 288 100 22 afseende
985 288 13 20 å
1013 288 37 22 det

228 314 69 22 första
312 315 8 21 i
335 315 132 23 berättelsen
481 316 105 28 ingående
600 316 104 28 förslaget
718 317 130 27 bemyndiga
858 316 190 28 bankfullmäktige

230 344 33 20 att
284 343 71 22 lemna
376 344 191 23 bankdirektionen
590 346 107 26 decharge
719 345 33 22 för
774 345 52 21 åren
850 348 59 24 1872,
935 347 53 20 1873
1008 345 40 22 och

232 373 62 21 1874.

297 401 11 21 I
328 401 113 28 anledning
461 402 24 22 af
501 403 119 22 utskottets
640 402 80 28 förslag
736 408 35 16 om
786 402 145 27 förstärkning
946 402 23 22 af
981 402 67 22 bank-

229 428 144 29 fullmäktiges
395 432 59 21 antal
469 432 111 27 upplästes
595 432 32 21 till
642 430 135 24 besvarande
793 437 26 16 en
835 432 24 21 så
873 432 91 27 lydande
978 431 69 22 förbe-

230 458 95 23 redande
340 460 286 27 omröstningsproposition:

299 487 143 26 »Godkänner
462 489 158 28 Ridderskapet
634 489 40 22 och
689 489 69 22 Adeln
773 489 180 22 Bankutskottets
968 488 80 28 förslag

230 517 32 20 att
278 516 47 22 åtta
339 517 190 27 bankfullmäktige
544 518 53 21 böra
612 520 72 25 utses;

297 545 73 22 vinner
392 546 41 27 nej,
457 547 167 22 återremitteras
648 547 89 22 ärendet
757 546 7 21 i
781 547 70 20 denna
866 546 34 22 del
916 546 31 21 till
963 546 83 22 utskot-

230 574 32 21 tet
283 573 33 22 för
339 573 131 24 aflemnande
493 575 23 21 af
536 576 98 27 yttrande
654 576 103 27 antingen
775 575 7 21 i
797 575 68 27 begge
882 575 25 21 de
923 575 22 21 af
958 575 88 22 friherre

228 608 42 15 von
290 602 59 23 Troil
364 603 41 22 och
420 603 51 22 herr
484 604 90 27 Pipping
588 604 124 27 föreslagna
727 603 71 28 syften
813 604 52 21 eller
879 604 8 21 i
902 605 31 20 ett
948 603 23 22 af
984 605 63 21 dessa

228 630 92 28 syften".

298 659 46 22 Och
360 667 45 15 som
421 661 69 22 denna
505 661 132 28 proposition
645 662 131 21 besvarades
785 661 49 22 med
843 661 153 27 öfvervägande
1004 662 40 27 nej,

228 687 46 22 blef
288 689 42 21 den
345 689 31 21 till
393 689 87 22 ståndet
495 690 94 21 härefter
605 690 158 22 öfverlemnade
780 690 107 22 definitiva
895 690 150 27 omröstnings-

227 717 162 27 propositionen
404 718 90 22 sålunda
509 719 119 27 uppställd:

299 762 10 9 »
312 746 42 21 Vill
368 747 159 27 Ridderskapet
542 748 40 21 och
596 748 68 21 Adeln
680 754 78 21 genom
770 747 40 22 den
818 747 100 22 beslutna
926 747 119 22 återremis-

229 779 38 16 sen
289 774 94 22 inhemta
405 775 182 23 Bankutskottets
603 777 99 26 yttrande
717 777 7 20 i
740 777 70 26 begge
826 776 26 21 de
868 775 23 22 af
903 776 87 21 friherre
1005 782 41 15 von

228 802 58 22 Troil
302 803 41 22 och
358 803 49 22 herr
421 805 90 26 Pipping
526 805 121 27 föreslagna
662 805 81 27 syften;

296 832 73 21 vinner
390 833 40 27 nej,
445 833 105 22 inhemtas
566 834 117 21 utskottets
698 833 102 28 yttrande
816 833 77 22 endast
907 833 7 21 i
930 833 82 22 ettdera
1026 833 22 22 af

229 859 64 22 dessa
308 860 90 28 syften”.

298 889 81 22 Genom
395 890 69 22 denna
479 891 143 27 propositions
638 891 133 22 besvarande
787 891 49 21 med
844 891 87 21 allmänt
938 891 29 27 ja,
976 891 69 21 skulle

228 917 182 23 Bankutskottets
425 920 99 27 yttrande
539 919 105 22 inhemtas
659 920 7 21 i
681 920 58 22 båda
756 919 26 22 de
798 920 91 21 nämnda
904 919 88 28 syftena.

295 1003 100 23 Derefter
418 1004 111 28 föredrogs
553 1006 40 21 och
616 1006 124 26 godkändes
762 1007 52 19 utan
830 1005 120 28 diskussion
965 1005 83 26 Lagut-'

227 1032 95 22 skottets
344 1032 80 28 förslag
447 1034 33 21 till
498 1035 80 20 ändrad
592 1035 82 26 lydelse
690 1034 22 22 af
727 1036 12 19 7
756 1033 11 28 &
783 1036 12 19 8
811 1034 48 27 kap.
875 1034 24 21 Ä.
914 1034 24 21 B.
955 1034 7 21 i
977 1033 67 22 öfver-

226 1062 200 21 verensstämmelse
449 1063 48 20 med
520 1063 36 21 det
578 1063 77 26 beslut,
678 1063 7 21 i
704 1063 83 21 hvilket
803 1063 90 20 stånden
908 1064 87 20 stannat
1010 1063 34 21 vid

225 1089 62 28 fråga
309 1096 35 15 om
363 1091 203 27 sammanjemkning
585 1091 23 22 af
621 1091 61 22 deras
697 1092 62 21 förut
773 1090 82 22 fattade
870 1091 122 27 skiljaktiga
1007 1091 36 21 be-

226 1118 44 21 slut
285 1119 7 20 i
308 1119 113 27 anledning
437 1119 22 22 af
473 1119 77 28 nådiga
564 1120 169 27 propositionen,
751 1120 110 27 angående
876 1119 146 28 förändringar
1036 1119 8 22 i

226 1147 74 28 lagens
317 1147 134 28 stadganden
467 1154 34 15 om
516 1149 64 21 oäkta
594 1149 64 21 barns
674 1149 98 21 arfsrätt.

294 1234 40 21 Till
351 1233 123 22 diskussion
489 1233 166 23 öfverlemnades
666 1234 70 27 härpå
748 1233 111 22 Allmänna
867 1234 175 21 Besvärsutskot-
1068 1250 2 4 ;

224 1263 44 49 jo
291 1262 156 27 framställning
473 1263 108 26 angäende
606 1263 161 27 finskspräkiga
789 1263 139 27 privatlyceet
949 1263 7 20 i
978 1263 64 21 Uleä-

242 1296 44 22 Org.

293 1319 31 21 Pä
338 1320 93 27 begäran
446 1320 97 22 lemnade
558 1320 210 22 Landtmarskalken
784 1320 62 21 ordet
861 1320 22 21 ät

293 1348 98 22 Friherre
405 1355 42 15 von
462 1349 74 26 Born,
552 1355 46 15 som
613 1349 96 27 yttrade:
725 1349 45 26 Jag
784 1348 43 22 kan
841 1348 33 22 för
888 1348 43 21 min
946 1348 34 21 del
995 1348 47 22 icke

224 1376 114 27 godkänna
352 1377 118 27 nägotdera
485 1377 22 21 af
520 1378 26 20 de
561 1377 85 28 förslag,
662 1384 46 15 som
719 1377 116 22 Allmänna
842 1377 200 21 Besvärsutskottet

223 1404 8 22 i
254 1404 70 22 denna
345 1404 60 28 fräga
420 1406 62 27 gjort.
511 1406 113 22 Utskottet
644 1406 46 27 har,
712 1406 31 28 pä
765 1407 46 20 sätt
825 1406 107 21 utskottet
947 1405 49 27 sjelf
1009 1412 33 15 er-

224 1433 88 27 känner,
328 1434 47 22 icke
389 1434 133 22 införskaffat
537 1434 42 22 den
593 1435 79 21 minsta
686 1434 118 26 utredning
818 1434 7 21 i
838 1434 80 27 frägan,
933 1434 62 21 neml.
1007 1434 34 21 sä-

224 1462 42 21 dan
288 1463 115 27 utredning
425 1469 45 15 som
493 1463 36 22 det
550 1463 80 28 äligger
648 1465 33 20 ett
700 1462 178 23 ständerutskott
893 1464 33 20 att
940 1462 100 22 anskaffa.

223 1490 43 22 Vid
288 1490 77 22 sädant
382 1491 131 22 förhällande
532 1498 62 21 synes
614 1492 37 22 det
670 1492 43 28 mig
733 1491 124 27 ständerna,
877 1491 164 27 enkannerligen

225 1519 158 28 Ridderskapet
401 1520 39 22 och
455 1520 74 28 Adeln,
544 1520 47 23 icke
606 1521 84 27 värdigt
704 1522 35 20 att
755 1520 32 21 till
801 1520 60 21 Hans
877 1520 101 27 Majestät
992 1520 49 27 ingä
