1086 1717
252 98 42 21 via
565 100 41 18 Den
622 98 27 19 22
664 100 43 24 Maj.

225 163 77 27 åtgärd
323 163 7 22 i
352 164 113 27 anledning
487 164 23 22 af
531 164 65 27 sagde
612 162 185 30 petitionsförslag
811 163 86 22 komme
911 163 32 22 att
957 161 89 29 förfalla,

224 192 70 22 blefvo
309 192 64 28 lagda
388 192 33 22 till
435 192 160 28 handlingarna.

290 280 56 22 Herr
367 280 208 22 Landtmarskalken
598 280 145 26 tillkännagaf
762 281 33 20 att
813 280 79 28 pollett
906 280 68 20 blifvit
990 279 56 21 åter-

222 309 86 23 lemnad
322 308 33 23 för
371 310 72 26 adliga
458 312 60 20 ätten
532 310 40 22 N:o
589 312 41 20 243
646 316 42 16 von
704 309 119 27 Frenckell,
836 309 23 21 af
865 309 49 22 herr
921 315 40 16 von
969 308 77 22 Frenc-

222 336 50 29 kell,
288 338 68 22 Frans
372 338 103 22 Wilhelm.

290 424 119 29 Föredrogs
425 426 41 22 och
481 426 115 22 bordlades
611 426 33 22 till
660 425 232 27 öfvermorgondagens
907 424 87 29 plenum

291 453 180 24 Statsutskottets
493 455 137 22 betänkande
653 455 7 22 i
676 455 115 26 anledning
807 454 23 21 af
843 456 33 19 ett
890 454 7 21 i
912 453 134 23 Bondestån-

223 483 37 22 det
282 482 121 23 framstäldt
418 484 190 27 petitionsförslag,
625 483 113 28 angående
754 483 75 27 anslag
845 483 22 22 åt
881 482 68 23 finska
964 483 83 21 littera-

221 512 155 27 tursällskapet
391 513 6 20 i
412 513 140 27 Helsingfors,
570 513 39 22 och

290 543 154 20 sammansatta
466 542 55 27 Lag-
541 543 39 21 och
596 541 226 22 Ekonomiutskottets
838 541 135 22 betänkande
987 541 7 20 i
1010 547 36 15 an-

220 569 88 28 ledning
329 569 23 23 af
368 570 78 28 nådiga
465 571 167 28 propositionen,
652 570 113 28 angående
783 570 124 27 förordning
927 576 34 15 om
976 569 70 22 närin-

221 605 72 21 garne.
994 617 2 4 i

290 656 42 22 Till
347 657 130 28 behandling
498 657 111 28 föredrogs
631 657 229 28 Jernvägsutskottets
875 656 119 27 bordlagda
1009 657 37 21 be-

221 685 109 22 tänkande
345 686 7 21 i
369 686 114 28 anledning
498 687 23 22 af
533 687 79 27 nädiga
622 687 165 28 propositionen
795 685 49 23 med
852 685 80 28 förslag
940 685 32 22 till
980 687 66 20 stam-

221 715 93 22 bansnät
328 714 33 22 för
373 715 141 28 jernvägarne
529 716 7 21 i
551 716 96 21 Finland.

291 743 68 22 Ordet
373 744 110 22 lemnades
499 745 27 27 pä
541 745 95 27 begäran
651 745 75 21 härvid
743 744 23 21 ät

288 772 57 21 Herr
367 773 145 27 Mechelin,
537 780 46 15 som
601 774 95 27 yttrade:
727 773 44 22 För
786 773 33 21 att
833 772 73 22 kunna
920 772 49 22 med
985 772 62 22 verk-

220 801 40 26 ligt
281 801 92 22 intresse
396 802 50 27 ingä
465 803 28 26 pä
508 802 98 28 pröfning
621 802 23 22 af
657 802 82 27 frägan,
757 801 111 28 angäende
884 801 26 22 de
925 801 123 27 föreslagna

220 830 165 22 stambanornas
404 831 95 27 riktning
517 831 7 21 i
538 831 73 22 landet
626 834 57 19 samt
698 837 35 16 om
750 831 71 26 nägon
837 830 52 21 eller
904 830 67 27 nägra
985 830 63 21 linier

220 858 68 22 redan
308 858 46 22 före
368 861 64 20 nästa
446 860 102 27 landtdag
563 861 67 21 borde
645 861 86 21 komma
747 859 33 22 till
795 858 120 27 utförande,
932 859 62 22 torde
1010 859 38 22 det

220 893 52 16 vara
290 887 23 22 af
326 887 44 27 vigt
385 890 33 19 att
432 888 77 22 främst
524 889 52 22 söka
591 889 59 22 bilda
666 889 34 26 sig
716 895 27 15 en
759 887 150 27 föreställning
924 894 40 20 om,
981 888 65 21 huru-

220 917 50 20 vida
292 916 85 22 landets
401 917 104 25 ekonomi,
529 918 105 22 huruvida
654 919 85 20 statens
755 916 94 22 finanser
863 917 109 26 verkligen
988 917 59 21 med-

220 944 58 28 gifva
292 947 33 20 att
340 946 49 21 med
404 946 67 21 allvar
486 947 66 21 tänka
566 947 28 26 pä
609 947 112 27 byggande
738 945 25 22 af
777 948 59 19 stora
848 945 133 22 kostsamma
988 945 59 28 jern-

220 974 121 27 vägslinier,
364 975 84 21 hvilkas
472 975 132 22 rentabilitet
627 978 24 19 är
673 975 66 22 minst
758 975 63 26 sagdt
836 973 140 28 tvifvelaktig.
1008 974 40 21 Om

220 1009 50 15 man
293 1003 76 21 tänker
391 1003 34 28 sig
439 1005 33 20 att
487 1004 121 27 byggandet
623 1004 48 22 utaf
685 1005 42 21 den
743 1003 132 26 sträckning,
891 1009 46 15 som
952 1004 96 20 närmast

220 1037 64 16 anses
307 1031 53 22 böra
378 1032 85 22 komma
478 1033 33 21 till
526 1033 119 26 utförande,
662 1033 69 22 skulle
748 1032 88 27 vidtaga
851 1031 24 22 är
892 1033 61 24 1880,
970 1032 24 21 sä
1008 1031 40 22 fin-

220 1066 40 16 ner
282 1067 49 15 man
348 1062 32 20 att
396 1063 32 19 ett
442 1061 55 22 visst
512 1062 81 27 kapital
609 1062 32 21 till
658 1062 50 21 dess
723 1061 80 22 hunnit
817 1061 69 21 under
901 1060 147 22 kommunika-

220 1088 149 23 tionsfondens
384 1090 91 27 räkning
490 1091 125 27 inbesparas
631 1097 78 21 genom
724 1091 29 21 de
769 1089 83 27 anslag,
869 1095 45 16 som
929 1089 46 22 frän
984 1089 64 22 brän-

219 1118 137 21 vinsskatten
379 1119 38 21 allt
437 1119 67 22 sedan
519 1119 23 22 är
559 1121 54 20 1872
630 1122 36 19 äro
682 1119 33 22 för
727 1118 231 29 jernvägsbyggnader
972 1118 76 27 prede-

220 1147 115 21 stinerade.
365 1147 42 21 Vid
425 1147 106 28 ingängen
549 1148 23 21 af
584 1148 144 22 innevarande
745 1147 26 21 är
785 1147 101 27 utgjorde
901 1147 148 21 kommunika-

219 1175 149 22 tionsfondens
384 1176 123 28 behållning
523 1177 96 27 omkring
636 1177 40 26 61/,
692 1177 109 21 millioner
815 1175 67 22 mark.
905 1175 9 22 I
924 1176 60 21 detta
994 1177 54 20 1877

221 1204 35 22 ärs
272 1204 137 27 statsförslag
425 1207 24 19 är
464 1205 37 22 det
515 1205 127 27 beräknadt,
658 1207 33 20 att
698 1205 93 22 fondens
800 1204 123 27 behällning
932 1204 55 21 skall
996 1205 53 20 ökas

218 1233 51 21 med
293 1235 114 24 2,138,000
425 1234 68 26 mark,
509 1234 44 22 deri
569 1235 133 21 inberäknad
717 1239 109 22 revenyen
841 1233 46 21 frän
901 1233 148 28 jernvägarne.

219 1262 97 27 Antager
332 1268 49 15 man
396 1264 33 19 att
444 1263 106 27 ökningen
565 1264 69 21 under
649 1263 51 22 ären
717 1264 57 20 1878
791 1262 40 21 och
847 1263 55 20 1879
915 1261 80 28 jemväl
1009 1262 42 21 blir

220 1290 98 28 omkring
342 1292 13 20 2
377 1292 106 21 millioner
505 1292 66 26 mark,
594 1293 25 21 sä
641 1292 70 22 skulle
733 1291 38 22 vid
791 1291 110 27 utgängen
919 1290 23 22 af
955 1291 23 21 är
995 1292 55 20 1879

220 1319 290 23 kommunikationsfondens
532 1321 81 27 kapital
635 1321 50 22 med
707 1320 164 22 inberäknande
893 1319 23 22 af
932 1320 120 21 successivt

218 1348 112 28 upplupna
345 1351 74 19 räntor
435 1350 57 26 stiga
507 1350 32 21 till
554 1350 88 27 ungefär
659 1352 25 19 13
700 1349 109 22 millioner
823 1348 68 26 mark,
908 1348 58 26 eller,
978 1348 74 22 derest

217 1377 67 27 ingen
306 1384 80 19 reveny
408 1377 47 22 från
479 1378 26 21 de
523 1378 83 28 färdiga
620 1379 203 27 statsjernvägarne
838 1377 70 22 skulle
923 1376 80 29 inflyta,
1019 1377 33 21 till

220 1406 60 22 cirka
298 1408 24 20 11
340 1400 112 28 millioner.
482 1407 44 22 Det
541 1409 23 20 är
580 1407 85 22 säledes
682 1409 32 20 ett
727 1406 93 28 kapital,
837 1412 46 15 som
897 1406 50 21 med
962 1406 38 21 sitt
1014 1406 38 22 be-

218 1434 51 28 lopp
285 1435 98 21 minskar
398 1434 103 23 behofvet
516 1436 23 21 af
550 1436 118 27 uppläning
682 1436 34 22 för
729 1435 77 22 vidare
817 1434 235 28 jernvägsbyggnader.

218 1463 51 22 Men
293 1463 7 22 i
317 1463 42 21 alla
374 1463 37 22 fall
428 1464 108 22 erfordras
552 1465 37 21 det
603 1465 117 27 upplåning
735 1464 43 22 och
795 1463 41 22 den
852 1463 82 27 ganska
949 1463 102 27 betydlig,

224 1492 74 22 derest
320 1494 14 19 t.
360 1498 31 16 ex.
415 1493 117 22 ständerna
554 1494 70 21 skulle
646 1493 74 23 bifalla
738 1492 123 23 utskottets
876 1492 81 27 förslag
972 1494 33 19 att
1019 1492 34 21 för

218 1520 38 25 det
271 1523 110 22 närmaste
401 1521 114 30 företaget,
529 1522 119 30 jernvägen
664 1520 256 29 Etseri-Tammerfors,
936 1520 74 24 anvisa
1026 1522 26 21 30
