1086 1717
395 96 39 18 Den
450 95 27 19 26
492 96 43 23 Maj.
806 95 39 21 951

51 160 78 22 känsla
147 159 40 22 och
203 159 139 28 petitionerat
356 165 35 17 om
407 160 32 21 att
454 166 26 15 ur
495 158 200 29 bevillningsmedel
711 160 32 21 ett
759 159 75 28 anslag
848 160 29 28 på

53 196 26 15 en
101 188 73 28 miljon
192 188 70 22 finska
280 189 60 21 mark
354 189 68 21 måtte
437 188 60 28 utgå,
513 188 33 22 för
560 190 33 20 att
607 188 52 28 fylla
674 194 26 16 en
716 188 35 22 del
767 188 22 22 af
801 188 74 22 behof-

51 224 42 16 ven
107 218 41 22 hos
165 217 41 22 den
220 218 8 20 i
243 217 107 27 Ryssland
365 216 88 23 stiftade
468 217 55 22 röda
537 217 86 23 korsets
639 216 103 28 förening.
774 218 64 22 Utom
849 218 27 21 de

52 247 67 23 motiv
134 252 47 16 som
195 246 7 22 i
217 246 120 28 petitionen
351 246 68 22 finnas
435 246 97 27 anförda,
547 246 41 22 har
602 252 50 16 man
668 245 94 23 enskildt
776 246 99 22 framhäl-

53 276 26 22 lit
97 276 72 22 såsom
188 275 54 26 skäl,
264 276 32 20 att
309 275 90 22 Finland
413 274 68 22 borde
497 280 77 22 genom
590 282 26 15 en
632 274 68 22 sådan
714 275 54 27 gärd
784 275 45 23 visa
843 275 33 21 sin

53 304 135 22 tacksamhet
210 303 34 22 för
266 304 41 21 den
328 304 99 27 lindring,
452 310 47 16 som
519 304 67 22 under
610 304 155 22 missväxtåren
787 304 90 22 kommit

53 334 48 21 vårt
116 333 50 22 land
180 332 34 22 till
230 332 34 22 del
279 332 47 22 från
341 333 41 21 den
397 332 66 28 ryska
478 333 112 21 nationens
607 332 54 22 sida.
691 332 50 22 Men
751 333 84 23 oafsedt
843 334 34 21 att

53 362 90 22 Finland
158 361 67 22 redan
239 361 145 28 mångfaldiga
399 362 82 27 gånger
495 362 57 22 visat
567 362 33 21 sin
616 361 135 22 tacksamhet
769 361 34 23 för
812 362 64 22 dessa

54 391 50 22 ädla
125 390 79 28 gåfvor,
228 390 26 22 så
272 390 62 22 torde
352 390 37 22 det
403 390 66 28 ryska
484 390 68 22 folket
566 390 48 22 icke
629 396 52 16 vara
696 390 24 22 så
734 390 75 28 fattigt
823 390 52 22 eller

53 420 28 22 de
95 420 70 22 medel
180 425 47 16 som
243 419 35 22 stå
292 419 33 22 till
339 418 165 29 ifrågavarande
519 419 109 28 förenings
644 419 127 28 disposition
785 426 51 15 vara
851 420 24 21 så

53 449 53 26 små,
129 450 32 21 att
177 450 31 21 ett
222 448 76 28 bidrag
312 447 48 23 från
373 449 103 21 Finlands
493 449 47 22 sida
555 449 70 22 skulle
640 455 52 16 vara
707 448 22 22 af
740 449 71 26 någon
827 455 48 21 syn-

53 478 69 27 nerlig
144 477 118 28 betydelse.
292 477 35 22 Nu
345 477 91 28 uppstår
452 477 42 22 den
509 477 80 28 frågan,
605 477 106 22 huruvida
725 477 7 21 i
747 477 68 22 andra
829 477 45 22 län-

54 507 44 27 der,
121 507 105 21 huruvida
248 513 38 15 ens
304 506 8 21 i
326 506 108 28 Ryssland
448 506 8 21 i
471 506 141 23 förevarande
627 506 44 27 fall,
687 506 70 27 praxis
773 506 55 22 varit
843 508 33 20 att

53 542 48 16 man
116 543 27 14 ur
158 535 135 22 statskassan
308 535 93 28 anslagit
415 535 72 22 medel
502 535 33 22 för
550 536 37 21 det
602 542 17 15 s.
634 535 20 22 k.
671 535 53 22 röda
730 535 85 27 korset;
825 535 50 22 dess

53 565 71 22 medel
142 565 62 21 torde
219 564 8 21 i
242 564 116 22 allmänhet
372 564 125 27 hopsamlas
513 564 93 22 medelst
621 564 97 22 enskilda
733 564 142 27 subskriptio-

53 600 44 21 ner,
115 593 46 28 och,
177 593 25 22 så
216 593 46 22 vidt
274 593 38 28 jag
326 595 43 25 vet,
385 595 25 20 är
424 593 134 22 förfarandet
574 593 62 22 äfven
650 593 8 22 i
672 593 107 28 Ryssland
786 593 89 27 sådant;

53 623 38 22 det
107 624 24 20 är
145 621 24 23 af
180 629 56 20 egna
249 622 70 22 medel
335 628 46 15 som
395 622 90 22 Hennes
501 622 103 28 Majestät
618 621 142 28 Kejsarinnan
775 621 24 22 af
809 623 66 27 Ryss-

52 651 51 22 land
119 651 82 22 lemnar
216 652 32 21 ett
263 651 85 28 mycket
361 650 111 28 frikostigt
487 651 77 27 bidrag
578 651 34 22 till
627 651 71 22 denna
704 650 108 28 förenings
821 657 54 21 upp-

51 680 153 26 rätthållande,
221 680 40 21 och
275 682 60 19 utom
350 681 33 20 att
399 680 62 22 detta
469 680 48 21 skäl
528 679 107 23 förefaller
644 680 44 27 mig
698 679 106 28 vigtigast,
813 681 62 20 torde

53 709 38 22 det
113 709 48 22 icke
181 709 191 22 öfverensstämma
385 709 50 22 med
451 709 74 22 andan
539 709 7 21 i
561 709 52 22 våra
628 709 135 27 grundlagar,
780 710 32 20 att
826 715 49 15 man

52 738 33 22 till
101 739 67 21 andra
190 738 98 21 ändamål
303 740 28 19 än
345 738 85 22 landets
446 744 57 21 egna
519 737 71 22 anslår
604 738 85 21 landets
704 737 171 28 bevillningsme-

52 767 41 22 del.
124 767 30 22 Så
175 767 52 27 böjd
242 773 49 15 man
306 769 28 19 än
348 773 51 16 vore
415 768 32 21 att
463 766 49 23 från
527 767 57 22 vissa
599 766 133 28 synpunkter
746 766 78 29 bevilja
839 767 37 22 det

51 796 96 27 begärda
169 796 104 27 anslaget,
295 796 25 21 så
339 796 61 21 torde
414 796 48 27 just
478 796 43 21 den
535 795 187 28 omständigheten
736 802 51 15 vara
803 795 23 22 af
838 797 37 20 vä-

51 825 96 27 sendtlig
161 825 51 27 vigt,
228 826 33 20 att
274 825 38 21 vår
327 825 106 27 grundlag
447 825 78 22 ställer
539 825 29 27 på
583 831 27 15 en
624 824 54 22 hvar
693 825 40 21 den
747 823 87 23 fordran
842 825 33 21 att

51 859 35 16 om
109 853 62 22 äfven
193 853 49 22 icke
264 853 66 28 något
347 853 110 22 bestämdt
472 853 87 28 uttryck
575 853 45 22 deri
635 852 120 28 förefinnes,
772 859 46 16 som
833 853 42 22 kan

50 882 111 22 förhindra
183 884 33 20 ett
238 882 78 22 sådant
338 883 48 26 steg
409 889 45 15 som
475 883 38 22 det
528 882 146 27 förevarande,
691 888 48 15 man
754 882 28 21 då
797 882 40 22 bör
851 883 25 21 så

50 911 87 28 mycket
159 917 47 16 som
224 911 82 28 möjligt
324 911 57 22 hålla
396 911 33 28 sig
443 911 35 22 till
495 911 69 22 andan
580 911 7 22 i
601 911 38 22 vår
653 911 150 22 konstitution.
833 911 42 27 Jag

50 941 83 27 hoppas
153 947 30 14 nu
204 940 125 27 härigenom
351 939 64 23 hafva
432 940 118 27 ådagalagt
568 940 76 22 skälen
658 939 33 22 för
704 939 43 22 min
763 940 62 27 åsigt,
842 941 33 20 att

50 969 148 22 betänkandet
212 969 48 22 icke
275 969 43 22 kan
333 969 23 21 af
368 969 44 28 mig
427 969 135 27 godkännas.
580 981 24 3 —
621 969 63 22 Hvad
700 969 41 22 den
755 969 118 22 betänkan-

51 999 38 21 det
110 998 100 27 bifogade
232 998 160 22 reservationen
412 998 141 27 vidkommer,
574 998 24 21 så
617 997 118 23 innehåller
750 998 42 21 den
807 998 68 27 enligt

50 1027 44 22 min
113 1027 65 22 tanke
193 1033 27 16 en
235 1026 121 29 halfmesyr:
372 1027 37 22 det
424 1029 23 19 är
463 1029 36 20 att
513 1027 93 27 tillgripa
622 1033 26 16 en
663 1026 164 28 nödfallsutväg,
843 1026 33 22 för

51 1058 34 19 att
107 1055 158 22 tillfredsställa
287 1056 41 21 den
351 1062 40 15 ena
413 1055 53 22 eller
486 1056 42 22 den
547 1056 71 21 andra.
649 1055 50 22 Men
717 1056 27 21 då
758 1062 35 20 nu,
810 1055 66 28 enligt

51 1085 43 22 min
109 1085 63 27 åsigt,
187 1085 71 21 medel
272 1084 33 22 för
320 1086 32 21 ett
366 1084 292 28 barmhertighetsändamål,
670 1085 77 21 sådant
754 1090 46 16 som
809 1085 66 26 detta,

52 1114 67 27 enligt
137 1113 57 22 hvad
211 1113 38 28 jag
268 1113 32 22 för
316 1119 26 16 en
358 1113 65 22 stund
437 1114 71 21 sedan
524 1114 98 26 nämnde,
638 1113 48 22 icke
700 1113 53 22 böra
767 1113 108 22 anskaffas

51 1142 134 23 annorlunda
202 1144 28 20 än
246 1149 76 20 genom
338 1144 33 20 ett
385 1142 109 28 vädjande
509 1143 33 21 till
558 1143 40 21 den
614 1142 98 22 enskilda
725 1141 150 28 offervillighe-

51 1173 44 25 ten,
119 1171 26 22 så
166 1171 43 22 kan
226 1171 38 27 jag
279 1171 48 22 icke
342 1171 67 22 heller
424 1171 77 22 förena
516 1171 43 28 mig
574 1177 35 16 om
624 1173 173 20 reservanternes
813 1171 62 27 åsigt,

52 1202 53 20 utan
125 1199 32 22 får
180 1200 158 22 vördsammast
354 1200 85 22 anhålla
458 1201 40 21 det
517 1200 159 27 Ridderskapet
690 1200 39 22 och
744 1200 68 22 Adeln
827 1199 49 22 ville

51 1229 88 22 besluta
160 1229 38 22 det
218 1228 162 28 ifrågavarande
399 1229 142 22 betänkande
561 1229 40 22 och
622 1229 62 22 äfven
707 1229 36 22 det
757 1229 8 21 i
779 1235 97 15 reserva-

52 1258 74 22 tionen
141 1257 97 22 uttalade
253 1257 103 28 förslaget
371 1258 48 22 icke
434 1258 71 22 måtte
520 1258 33 22 till
568 1258 70 27 någon
653 1257 77 28 åtgärd
744 1257 118 22 föranleda.

121 1287 56 21 Herr
200 1287 162 27 Schauman,
385 1287 96 27 August:
513 1287 42 27 Jag
577 1287 39 22 har
633 1287 77 27 begärt
725 1287 61 21 ordet
801 1287 77 21 endast

52 1316 34 22 för
101 1317 33 21 att
149 1316 86 22 anhålla
251 1322 34 16 om
300 1316 171 27 Ridderskapets
489 1316 42 22 och
545 1316 79 22 Adelns
640 1315 191 28 uppmärksamhet
844 1315 33 22 för

53 1345 42 22 den
117 1345 139 27 reservation,
280 1351 47 15 som
342 1344 22 22 af
377 1344 42 22 fem
435 1345 70 22 andre
519 1345 138 22 medlemmar
672 1344 22 22 af
708 1344 170 22 Statsutskottet

52 1375 61 21 utom
135 1374 44 26 mig
202 1373 69 22 blifvit
293 1373 97 28 afgifven.
421 1374 33 22 Då
477 1374 53 22 herr
544 1374 148 27 Montgomery
706 1374 67 21 redan
788 1372 90 23 anslutit

53 1402 34 28 sig
102 1402 33 22 till
150 1408 81 16 samma
243 1402 133 23 reservation
391 1402 41 22 och
447 1404 120 26 yttermera
582 1403 70 21 stärkt
668 1402 25 22 de
708 1402 71 27 motiv,
796 1408 46 15 som
858 1402 23 22 af

52 1433 165 21 reservanterne
239 1430 69 23 finnas
322 1430 123 29 framlagde,
462 1432 28 21 så
507 1438 62 15 anser
582 1432 38 27 jag
635 1431 88 27 onödigt
738 1432 32 21 att
785 1430 72 23 vidare
871 1431 8 21 i

53 1460 68 22 saken
137 1460 95 28 tillägga.

124 1489 57 21 Herr
195 1489 168 27 Lagerborg,
379 1487 25 22 A.
420 1488 41 22 W.:
495 1489 32 21 På
542 1489 69 27 grund
626 1488 22 22 af
661 1490 33 20 att
708 1489 63 27 ingen
782 1488 44 22 stat
836 1487 44 28 mig

55 1518 120 28 veterligen
197 1517 95 28 bidragit
314 1518 34 22 till
366 1516 85 29 privata
469 1518 104 22 ändamål
588 1516 22 24 af
624 1518 37 22 det
676 1518 47 27 slag
737 1517 40 22 här
791 1522 29 17 nu
835 1518 24 20 är
874 1517 7 23 i
