1086 1717
242 108 42 21 650
575 111 40 17 Den
632 110 8 18 1
659 112 42 22 Maj.

213 173 93 22 sitionen
323 173 233 23 öfverensstämmande
572 174 85 28 förslag,
674 175 38 21 der
727 175 37 21 det
778 174 52 26 står,
847 175 32 20 att
895 174 23 21 så
933 174 59 21 snart
1009 180 25 15 en

214 202 120 26 »arbetsför
348 203 55 21 finsk
418 203 146 27 medborgare,
581 205 60 20 utom
660 203 41 22 den
709 204 101 22 kommun
818 202 42 22 han
869 203 77 25 tillhör,
956 202 78 27 sysslo-

213 232 33 21 lös
263 232 84 27 stryker
362 232 97 27 omkring
474 234 52 20 utan
541 234 34 19 att
588 232 64 22 hafva
667 232 32 22 sin
711 231 134 29 bergning
821 227 24 37 af
857 238 53 21 egna
920 231 115 27 tillgångar

213 260 53 22 eller
281 267 81 15 annans
377 261 101 26 vårdnad,
495 261 34 21 må
544 261 42 21 han
602 261 97 22 anhållas
714 262 23 21 af
745 261 237 28 polismyndigheterna,
994 260 40 22 och

212 295 34 15 om
262 289 42 21 han
320 290 28 20 då
362 290 48 21 icke
425 290 41 21 kan
483 296 76 18 genom
574 290 60 24 intyg
650 290 52 22 eller
716 291 28 27 på
759 291 66 20 annat
840 291 44 20 sätt
898 290 46 21 visa
952 291 33 19 att
992 288 42 22 han

206 312 44 39 för
249 317 170 23 arbetssaknad
432 318 78 22 eller
496 312 13 39 i
514 316 254 30 annat:föfligt:Wénde
772 317 91 29 begifvit
873 317 161 28 sigifrän'hem-

212 348 67 25 orten,
304 346 52 22 eller
378 347 61 21 äfven
461 353 34 16 om
513 348 66 21 sådan
596 348 116 28 utredning
726 348 75 26 finnes,
817 353 47 15 men
879 347 42 21 han
936 347 97 22 beträdts

210 375 50 22 med
283 376 93 26 osedligt
395 376 52 22 eller
461 376 109 28 vanartigt
584 376 136 28 lefnadssätt,
736 377 72 21 såsom
823 376 124 22 lösdrifvare
962 376 71 21 insän-

213 404 39 22 das
275 404 32 21 till
327 406 152 26 guvernören*.
510 406 66 21 Detta
596 408 30 24 är,
647 406 66 28 enligt
727 406 49 21 mitt
790 405 142 26 förmenande,
949 406 31 20 ett
996 405 38 21 allt

210 432 34 23 för
263 434 138 21 summariskt
414 434 121 22 förfarande
550 435 49 22 med
613 441 109 21 personer,
738 435 73 21 hvilka
825 435 72 20 kunna
911 440 51 15 vara
977 434 56 21 inom

210 469 27 14 en
252 462 43 22 viss
310 463 100 22 kommun
426 463 89 27 okände,
524 466 51 19 utan
591 466 33 19 att
639 464 84 22 derföre
738 463 91 22 behöfva
842 469 51 16 vara
901 462 130 22 lösdrifvare.

210 491 44 22 Det
276 491 42 22 kan
341 491 44 22 ofta
406 491 137 27 förekomma,
567 494 33 20 att
623 499 26 16 en
667 499 86 22 person,
769 499 47 15 som
829 491 33 22 för
877 491 93 22 tillfället
984 492 48 21 icke

210 520 40 21 har
271 521 67 26 nägot
356 521 74 22 arbete
446 523 33 20 att
492 521 97 27 förrätta,
605 521 95 23 befinner
716 522 33 27 sig
763 521 8 21 i
786 527 27 16 en
825 520 131 22 fremmande
972 521 59 21 kom-

209 555 57 20 mun,
283 549 40 22 och
338 550 28 27 pä
381 550 68 27 grund
465 549 23 22 af
501 550 70 22 denna
585 551 103 27 paragraf
701 550 70 23 skulle
779 556 27 15 en
817 550 66 21 sådan
893 555 78 22 person
978 551 53 20 utan

209 578 73 21 vidare
300 578 72 22 kunna
388 579 102 26 anhällas,
506 579 97 22 förhöras
619 580 40 21 och
674 579 101 22 insändas
791 579 32 21 till
837 580 139 25 guvernören,
994 579 38 21 allt

210 606 56 22 efter
288 607 150 22 länsmannens
459 607 105 29 pröfning.
598 609 48 21 Mot
668 609 70 22 denna
759 607 102 28 paragraf
880 607 63 22 hafva
964 607 67 22 ocksä

210 637 78 20 tvenne
303 636 157 22 reservationer
474 636 69 23 blifvit
557 637 126 27 inlemnade,
700 643 49 16 men
762 637 38 27 jag
812 636 76 28 tycker
902 635 34 23 för
944 636 43 21 min
996 636 34 22 del

209 666 33 19 att
264 665 117 26 ingendera
403 665 23 22 af
447 665 47 22 dem
517 668 56 19 ännu
591 669 24 18 är
630 665 204 26 tillfredsställande,
851 667 52 20 utan
918 667 62 25 tager
992 665 38 28 jag

209 693 43 27 mig
274 693 92 22 friheten
389 696 32 19 att
443 694 118 22 framställa
580 695 80 27 förslag
675 695 33 22 till
723 701 28 15 en
766 694 68 27 tredje
849 694 118 26 redaktion,
984 700 46 15 som

208 722 52 21 bäst
285 728 63 22 synes
365 723 128 22 säkerställa
509 723 40 22 den
564 724 123 27 personliga
701 723 98 26 friheten,
816 723 53 21 eller
881 725 32 19 att
928 729 101 21 paragra-

209 750 35 22 fen
268 751 70 22 skulle
359 751 22 22 fä
399 751 93 28 följande
507 752 91 28 lydelse:
616 753 120 26 ,arbetsför
751 751 54 22 finsk
820 752 147 27 medborgare,
984 758 45 15 som

208 781 60 20 utom
292 786 53 21 egen
368 781 100 21 kommun
491 781 101 28 sysslolös
616 782 84 27 stryker
715 781 97 27 omkring
827 782 52 20 utan
895 782 32 20 att
942 787 40 20 ega
996 781 33 21 sin

208 808 104 27 bergning
328 809 22 21 af
362 815 54 21 egna
431 810 113 27 tillgångar
559 810 53 22 eller
626 817 76 21 genom
718 816 81 15 annans
815 809 95 22 vårdnad
926 809 40 22 och
982 810 46 25 der-

205 837 69 28 jemte
294 838 101 21 beträdes
418 839 50 21 med
487 839 83 27 osedlig
590 839 53 22 eller
664 839 98 26 vanartig
784 838 77 27 lefnad,
877 839 64 21 varde
957 838 72 21 säsom

208 866 127 22 lösdrifvare
355 866 23 22 af
391 869 72 20 ortens
479 867 204 28 polismyndigheter
697 868 53 22 eller
765 867 22 22 af
800 867 54 26 dem,
870 867 72 21 hvilka
957 867 72 28 tillsyn

208 894 59 22 öfver
289 895 82 22 sådana
385 902 104 21 personer
503 897 66 26 enligt
584 896 10 28 $
611 899 12 19 4
639 897 136 25 tillkommer,
791 895 99 22 anhållen
905 896 39 21 och
961 895 68 22 öfver-

208 923 54 22 sänd
277 923 33 22 till
325 926 144 25 guvernörens
485 925 7 21 i
506 925 59 22 länet
580 925 151 28 behandling".
757 925 80 21 Härvid
853 925 69 21 skulle
937 925 91 26 således,

208 952 71 22 såsom
295 953 125 28 uttryckligt
434 954 69 21 vilkor
517 953 33 23 för
564 954 82 27 någons
662 953 127 23 anhållande
803 953 41 22 och
854 953 132 22 insändande
997 953 33 21 till

207 983 146 25 guvernörens
367 982 136 27 behandling,
519 983 145 26 föreskrifvas,
680 985 33 20 att
728 989 27 15 en
771 982 40 22 slik
825 988 79 21 person
914 982 68 21 blifvit
992 982 37 21 be-

206 1010 64 21 trädd
292 1011 49 21 med
356 1011 91 27 osedligt
463 1011 51 22 eller
527 1012 107 27 vanartigt
648 1011 137 22 lefnadssätt.
814 1011 42 27 Jag
875 1013 45 19 tror
934 1012 32 20 att
981 1017 49 15 man

206 1039 50 21 med
271 1045 27 15 en
313 1039 67 22 sådan
395 1040 121 27 redigering
531 1041 70 22 skulle
615 1041 72 21 kunna
701 1041 28 27 gå
745 1040 102 27 temligen
862 1040 78 21 säkert.

274 1068 58 21 Herr
353 1068 166 28 Lagerborg,
544 1069 92 22 Robert:
666 1070 43 27 Jag
731 1069 39 22 ber
788 1069 21 21 få
824 1069 85 21 biträda
923 1069 50 22 herr
987 1075 42 15 von

206 1095 100 22 Alfthans
320 1096 87 28 förslag,
424 1098 107 22 anseende
546 1100 34 19 att
595 1099 37 21 det
646 1100 25 20 är
686 1099 22 21 af
722 1097 108 28 synnerlig
844 1097 46 27 vigt
904 1099 33 20 att
952 1097 37 22 det
996 1099 32 26 yt-

206 1125 101 26 terligare
330 1125 7 22 i
359 1126 127 27 paragrafen
507 1127 128 27 preciseras,
657 1128 69 21 under
747 1127 72 20 hvilka
840 1126 147 22 förhållanden
1002 1133 27 15 en

205 1159 79 21 person
299 1153 33 22 får
348 1155 96 22 anhållas
459 1155 33 22 för
503 1155 132 28 lösdrifveri;
652 1156 19 22 d.
687 1163 19 14 v.
723 1161 18 16 s.
757 1155 50 22 herr
821 1161 42 15 von
878 1155 97 21 Alfthans
986 1154 42 22 för-

206 1182 48 27 slag
268 1182 40 27 går
322 1184 25 20 ut
361 1183 30 28 på
405 1185 33 20 att
453 1184 37 21 det
504 1185 55 21 skall
574 1186 62 25 göras
653 1186 31 20 ett
699 1184 77 27 tillägg
791 1183 80 27 derom,
888 1185 32 20 att
930 1184 41 21 den
981 1184 48 21 lösa

204 1217 107 20 personen
327 1212 54 21 skall
397 1213 103 27 derjemte
515 1213 100 22 beträdas
630 1214 49 21 med
695 1213 95 26 osedligt
805 1212 99 27 lefverne,
921 1213 39 21 och
970 1213 59 20 detta

204 1239 76 28 tillägg
302 1240 68 27 gifver
385 1241 109 28 verkligen
508 1242 124 27 ytterligare
648 1243 75 26 styrka
739 1241 23 21 åt
777 1241 137 22 definitionen
929 1241 29 28 på
972 1241 56 22 hvad

204 1268 49 21 med
275 1269 126 22 lösdrifvare
424 1270 40 22 bör
478 1270 86 22 förstås.
593 1271 78 21 Tillika
686 1271 39 21 ber
738 1270 39 28 jag
792 1271 33 20 att
839 1269 22 22 få
875 1270 7 21 i
897 1270 41 22 allo
954 1269 74 23 förena

204 1297 44 27 mig
262 1303 35 16 om
314 1298 26 21 de
354 1300 162 26 reservationer,
533 1306 45 15 som
594 1300 69 22 blifvit
678 1300 77 27 gjorda
770 1298 22 22 af
804 1299 75 21 herrar
887 1299 93 21 Jansson
989 1299 39 21 och

204 1325 71 27 Cleve,
292 1326 42 22 den
350 1333 46 21 ena,
413 1334 46 15 som
474 1328 38 27 går
526 1330 24 20 ut
556 1328 29 28 på
592 1330 33 20 att
633 1335 26 15 en
667 1328 33 22 för
707 1327 122 23 lösdrifveri
837 1328 98 21 anhållen
943 1328 41 21 bör
993 1328 35 21 vid

202 1354 167 29 undersökning,
393 1362 47 16 som
461 1356 8 22 i
491 1358 48 20 stad
557 1356 23 22 af
595 1357 174 27 poliskammare,
785 1356 113 27 magistrat
912 1356 52 22 eller
980 1357 48 21 ord-

202 1383 114 27 ningsrätt,
340 1384 41 22 och
398 1385 29 27 på
441 1385 74 22 landet
529 1386 8 21 i
551 1387 78 21 tvenne
644 1386 95 22 vittnens
755 1386 90 21 närvaro
861 1384 22 22 af
895 1384 132 28 kronofogde

203 1412 53 22 eller
269 1412 167 23 kronolänsman
452 1414 108 26 anställes,
575 1414 47 22 visa
638 1415 32 27 sig
680 1420 53 16 vara
747 1414 8 21 i
769 1413 72 28 lofliga
849 1412 95 23 ärenden
952 1414 74 26 stadd;

202 1440 41 22 den
259 1441 68 22 andra
342 1444 33 19 att
389 1442 233 28 polismyndigheterna
637 1444 102 26 antingen
755 1442 64 22 hafva
833 1444 44 20 rätt
892 1444 32 20 att
934 1442 93 22 förstän-

202 1469 50 27 diga
271 1470 79 22 honom
365 1472 34 20 att
413 1472 58 21 inom
485 1472 36 22 två
537 1472 66 27 dagar
617 1472 84 28 begifva
717 1472 35 26 sig
767 1471 31 21 till
813 1471 90 27 behörig
919 1473 39 24 ort,
976 1471 52 21 eller

202 1498 46 26 ock,
273 1504 34 16 om
330 1499 48 27 han,
402 1500 91 22 oaktadt
507 1500 67 22 sådan
592 1501 120 27 utredning,
729 1499 71 22 blifvit
815 1500 48 21 med
879 1500 93 26 osedligt
986 1500 41 21 och

200 1528 109 26 vanartigt
322 1527 95 24 lefverne
432 1529 97 27 beträdd,
545 1532 53 20 utan
611 1529 130 28 föregånget
757 1528 175 28 förständigande
948 1529 78 23 honom
