1086 1717
401 130 42 18 Den
459 128 13 18 4
488 129 43 24 Maj.
809 126 40 22 689

52 191 70 29 ligger
141 198 26 16 en
181 192 121 28 väsendtlig
316 192 86 23 skilnad
417 193 94 22 emellan
527 193 37 22 det
578 193 24 23 af
612 192 52 23 herr
679 191 92 23 Gadolin
786 191 41 23 och
843 191 37 22 det

53 221 22 22 af
93 222 50 21 herr
162 221 86 22 Aschan
269 222 79 22 väckta
365 221 218 29 petitionsförslaget,
598 228 27 16 en
640 221 90 27 skilnad,
746 220 34 22 till
794 220 85 22 hvilken

52 250 90 22 friherre
160 250 78 22 Wrede
252 250 48 23 icke
315 251 75 27 tyckes
404 251 57 27 tagit
475 251 91 28 hänsyn.
596 250 153 23 Jordskattens
765 248 115 30 aflyftande

53 280 26 20 är
97 285 27 16 en
139 278 77 28 åtgärd
232 279 235 23 öfverensstämmande
483 279 51 22 med
549 280 37 22 det
600 281 51 25 sätt,
666 278 83 28 hvarpå
764 278 116 22 statsmak-

53 309 37 21 ten
109 308 41 21 har
169 310 33 20 att
220 308 29 27 gå
268 308 33 22 till
318 311 55 25 väga
389 308 8 22 i
411 308 239 28 beskattningsfrågor;
664 307 149 29 jordskattens
829 306 51 23 aflö-

53 336 68 22 sande
137 336 202 23 öfverensstämmer
353 337 48 22 åter
415 337 51 22 med
483 337 43 23 den
541 338 62 27 åsigt,
618 337 21 22 vi
654 336 40 22 här
702 336 65 23 hafva
776 336 51 22 hört
836 341 45 17 om-

53 364 74 28 fattas,
151 367 33 20 att
208 367 71 21 staten
302 366 69 22 skulle
395 372 42 22 ega
453 372 28 16 en
496 366 44 22 viss
556 366 188 27 öfvereganderätt
759 365 33 22 till
804 365 77 29 jorden

54 394 41 22 och
117 394 85 22 således
226 395 66 21 också
314 401 28 15 en
364 395 131 27 eganderätt
517 395 33 22 till
569 394 145 29 jordskatten.
744 394 77 22 Staten
842 394 40 22 har

54 423 122 28 egentligen
198 423 48 22 icke
268 424 128 27 eganderätt
417 424 35 22 till
475 426 68 20 annat
569 426 27 20 än
621 425 83 21 statens
725 422 154 29 förmögenhet,

54 458 48 16 men
121 452 38 23 det
174 455 24 20 är
212 453 29 27 på
255 453 47 21 helt
316 453 66 22 andra
397 453 160 28 rättsgrunder,
573 459 47 16 som
636 454 71 21 staten
722 452 85 28 uppbär
822 452 59 22 skatt

55 480 23 23 af
92 481 84 28 jorden.
206 481 100 22 Likasom
328 482 173 22 statsmakterna
523 482 73 22 kunna
616 481 88 23 besluta
725 481 41 22 och
787 482 95 27 upptaga

54 516 42 22 nya
114 510 89 27 skatter,
222 511 71 22 likaså
310 511 73 22 kunna
398 511 26 22 de
441 511 64 22 äfven
521 511 73 22 aflyfta
608 511 77 28 gamla,
701 511 52 21 utan
768 511 34 21 att
816 509 66 28 något

54 539 147 28 köpslagande
217 539 74 22 dervid
305 539 102 23 behöfver
421 540 90 22 komma
526 540 7 21 i
548 514 66 58 fråga.
644 539 106 28 Vanligen
765 541 25 20 är
805 538 38 22 det
857 537 26 23 så

55 569 34 20 att
111 567 28 22 då
160 574 50 16 man
232 568 83 29 aflyfter
330 575 26 16 en
375 569 68 27 skatt,
463 569 26 22 så
505 571 69 20 sätter
587 575 51 15 man
653 575 27 15 en
694 574 70 16 annan
779 568 8 22 i
802 567 79 27 stället,

55 596 74 22 derest
152 597 41 22 den
214 597 48 22 icke
285 599 24 20 är
332 597 22 22 af
375 597 65 22 dessa
460 597 49 22 små
524 597 124 28 obetydliga
662 597 89 27 skatter,
768 602 47 17 som
830 597 53 21 utan

54 625 108 28 rubbning
183 626 73 21 kunna
277 626 51 22 falla
350 627 55 21 bort.
435 627 34 21 En
489 627 164 27 kapitalisering
668 625 40 23 och
723 626 106 27 atlösning
843 625 40 22 har

55 654 68 22 också
137 654 95 23 försökts
247 655 8 21 i
269 655 98 28 England
381 655 50 22 med
444 655 159 28 jemförelsevis
618 655 61 28 ringa
688 655 101 26 resultat;
801 656 23 26 ty
834 660 49 15 man

55 683 50 27 kan,
125 683 72 22 såsom
217 684 109 22 utskottet
338 685 103 27 påpekat,
457 685 50 22 icke
522 684 29 28 på
566 685 69 27 grund
650 684 23 22 af
686 685 83 20 statens
785 683 98 22 maktbe-

54 711 104 28 fogenhet
176 712 79 22 befalla
270 713 130 28 jordegarne
415 715 34 20 att
463 713 61 28 köpa
538 713 50 22 bort
603 713 47 22 sina
666 713 94 26 skatter;
776 719 50 15 man
840 711 43 22 kan

54 741 71 22 lemna
141 741 36 22 det
192 741 48 22 dem
256 743 72 26 öppet,
343 748 50 16 men
409 742 28 21 då
452 742 88 22 komme
556 742 26 22 de
596 741 66 23 flesta
676 741 47 22 icke
739 743 33 20 att
783 741 100 28 begagna

55 769 34 28 sig
109 769 65 28 deraf,
195 770 41 22 och
256 771 36 22 det
311 771 49 22 med
374 771 110 22 reformen
501 770 97 29 åsyftade
614 770 122 23 ändamålet
750 769 71 23 blefve
836 769 47 22 icke

55 798 105 27 uppnådt.
191 799 75 22 Skulle
284 799 163 28 Ridderskapet
465 799 43 22 och
523 800 70 21 Adeln
608 799 86 22 således
710 799 75 22 förena
801 799 34 27 sig
850 804 34 16 om

55 826 90 23 friherre
165 827 90 22 Wredes
274 828 82 28 förslag
374 835 35 15 om
423 829 148 22 nedsättande
586 828 22 22 af
621 827 88 28 komité,
725 828 24 21 så
764 827 70 23 skulle
847 827 38 28 jag

56 856 69 21 önska
143 858 33 19 att
196 857 110 28 uttrycket
325 857 110 22 aflösande
452 857 55 22 eller
521 857 163 28 kapitalisering
698 857 47 22 icke
759 856 72 23 blefve
845 856 38 22 be-

56 885 101 27 gagnadt,
177 885 49 22 med
246 887 31 20 ett
298 886 39 22 ord
356 887 33 21 att
409 887 36 21 vid
465 886 54 22 herr
538 886 103 23 Gadolins
656 885 81 28 förslag
752 885 49 22 icke
816 885 68 22 måtte

55 913 70 22 fästas
140 914 66 27 något
221 913 107 24 afseende.

124 942 58 23 Herr
203 943 101 22 Taube:
328 944 45 21 Här
391 943 108 28 föreligga
519 950 35 16 oss
570 945 78 21 tvenne
663 942 220 29 petitionsmemorial,

56 971 73 22 hvilka
150 971 57 22 båda
229 973 37 21 två
288 972 63 22 hafva
373 973 70 22 blifvit
465 973 25 22 af
511 973 170 22 Statsutskottet
694 972 134 23 behandlade
844 971 40 22 och

56 1000 85 22 hvilkas
161 1001 121 28 antagande
303 1001 173 23 Statsutskottet
491 1001 113 29 afstyrker.
634 1002 44 21 Det
693 1007 76 16 senare
784 1000 23 23 af
821 1000 64 23 dessa

57 1029 190 28 petitionsförslag,
271 1030 37 23 det
330 1030 23 22 af
372 1031 51 22 herr
446 1031 89 22 Aschan
556 1030 127 27 inlemnade,
706 1031 39 22 har
759 1029 126 23 visserligen

55 1057 68 28 några
139 1058 47 22 skäl
201 1058 33 22 för
249 1059 44 28 sig;
309 1059 50 22 herr
373 1059 88 22 Aschan
477 1060 81 22 önskar
572 1060 77 22 endast
664 1061 33 20 att
710 1059 40 22 hos
763 1059 60 22 Hans
855 1058 30 28 Kej-

56 1087 81 27 serliga
155 1087 104 28 Majestät
276 1088 69 23 måtte
360 1088 145 28 petitioneras
522 1095 34 16 om
572 1090 32 21 ett
619 1088 77 23 sådant
710 1087 123 28 lagförslag,
842 1084 44 60 dte

56 1121 50 16 nom
124 1116 83 22 hvilket
222 1117 157 27 grundskatten
394 1117 74 22 kunde
484 1117 49 22 från
546 1117 76 28 jorden
638 1117 89 28 aflyftas.
757 1117 44 22 Det
815 1116 70 22 skulle

57 1144 28 22 då
99 1145 137 27 naturligtvis
251 1145 56 22 först
322 1145 119 23 behandlas
457 1145 24 22 af
495 1152 28 16 en
537 1146 83 22 komité
636 1146 40 22 och
691 1145 66 23 sedan
773 1145 112 22 öfverlem-

56 1179 40 16 nas
111 1173 33 22 till
158 1174 123 22 ständerna.
312 1175 41 27 Jag
366 1175 44 22 kan
425 1175 58 22 dock
499 1175 49 22 icke
562 1175 74 23 förena
651 1175 44 27 mig
709 1175 7 21 i
732 1175 43 21 det.
805 1173 44 22 Det
865 1172 22 23 af

57 1202 42 22 den
113 1202 68 22 förste
194 1203 152 27 petitionären,
361 1203 51 22 herr
427 1203 103 28 Gadolin,
546 1204 120 22 inlemnade
678 1201 208 30 petitionsförslaget

57 1233 25 20 är
103 1230 97 23 deremot
214 1231 67 23 redan
297 1231 23 23 af
332 1233 146 26 petitionären
495 1233 109 27 grundligt
619 1233 131 22 behandladt
765 1231 41 23 och
821 1231 8 22 i
843 1230 44 23 alla

59 1259 92 29 detaljer
169 1260 141 27 genomfördt.
332 1261 50 22 Men
398 1261 61 22 detta
475 1261 186 28 petitionsförslag
676 1263 25 20 är
715 1261 25 22 så
755 1259 130 28 opraktiskt,

58 1289 25 22 så
97 1289 65 27 naivt,
178 1289 25 22 så
217 1289 111 29 barnsligt,
346 1292 33 20 att
393 1289 38 23 det
445 1289 88 23 fordras
549 1292 33 20 att
597 1290 120 22 detsamma
729 1289 71 23 blifvit
810 1288 76 22 inlem-

57 1318 54 21 nadt
128 1318 36 22 vid
181 1318 139 28 landtdagen,
336 1318 33 23 för
384 1320 33 21 att
431 1325 52 16 man
499 1319 56 23 skall
569 1320 73 21 kunna
658 1321 77 25 antaga
751 1320 33 20 att
798 1318 89 28 petitio-

57 1348 68 20 nären
139 1346 41 23 har
194 1349 72 20 menat
281 1347 67 23 allvar
363 1348 95 22 dermed.
490 1348 148 22 Petitionären
653 1347 90 23 föreslår
758 1349 33 20 att
807 1346 80 28 grund-

58 1375 87 22 skatten
168 1376 54 21 skall
242 1376 84 28 aflyftas
342 1376 96 27 sålunda,
455 1378 35 20 att
507 1376 41 23 den
562 1377 178 27 kapitaliserades
757 1375 40 23 och
813 1376 74 21 staten

59 1404 70 21 skulle
144 1404 66 22 blifva
224 1404 118 29 kapitalist,
357 1405 44 22 han
416 1405 99 27 angifver
530 1405 43 22 alla
588 1406 139 27 olägenheter
741 1404 81 26 dervid,
839 1404 49 22 dem

58 1432 44 22 han
116 1432 73 28 insett,
204 1439 50 16 men
269 1434 43 22 han
326 1434 40 22 har
380 1434 48 22 icke
443 1434 87 22 kunnat
544 1434 119 28 framlägga
678 1434 64 27 något
757 1432 81 27 förslag
853 1437 35 17 om

58 1461 57 22 huru
130 1462 26 21 de
172 1462 70 22 skulle
256 1462 72 22 kunna
343 1462 113 23 undvikas.
480 1463 149 21 Petitionären
642 1464 40 20 har
696 1462 57 22 velat
768 1462 33 22 att
816 1462 73 20 staten

59 1490 70 22 skulle
152 1490 66 22 blifva
235 1491 113 28 kapitalist
366 1491 41 22 och
427 1491 56 22 sitta
503 1492 41 22 och
558 1492 74 28 klippa
646 1491 121 28 kuponger,
783 1495 50 17 men
847 1489 43 22 han

59 1520 64 26 säger
144 1519 54 27 icke,
221 1520 56 21 huru
300 1522 72 20 staten
393 1519 72 23 skulle
488 1520 55 22 reda
565 1520 33 28 sig
617 1520 41 22 den
675 1520 48 26 dag,
739 1520 28 21 då
781 1518 108 27 kapitalet
915 1520 2 2 '

59 1547 48 22 icke
129 1553 59 17 mera
209 1547 69 28 fanns,
294 1548 82 23 hvilket
389 1548 42 22 lätt
450 1548 77 23 kunde
544 1548 91 28 inträffa,
651 1549 41 22 och
706 1549 42 22 han
762 1548 41 21 har
817 1546 68 28 glömt

802 1590 21 16 14
