1086 1717
400 103 40 17 Den
455 102 26 18 26
498 103 41 23 Maj.
803 102 41 21 967

120 165 76 23 vinner
210 165 42 27 nej,
269 166 89 27 antages
374 166 33 21 till
422 165 212 29 kontraproposition
649 167 33 20 att
696 166 178 27 petitionsförsla-

53 196 37 26 get
105 195 48 21 icke
169 194 35 22 må
219 194 31 21 till
267 194 76 27 åtgärd
358 194 47 22 från
422 195 127 22 ständernas
564 196 48 21 sida
626 194 130 23 föranleda".

119 223 165 27 Propositionen
306 223 131 22 besvarades
459 224 37 21 vid
519 224 93 22 anställd
635 224 133 27 omröstning
782 224 50 22 med
847 225 26 20 46

49 252 24 28 ja
88 252 40 22 och
143 253 27 20 29
186 252 41 27 nej,
244 252 33 21 till
291 252 53 27 följd
358 252 77 22 hvaraf
445 252 41 22 den
497 252 119 22 utskottets
626 252 138 22 betänkande
774 252 100 28 bifogade

51 280 160 24 reservationen
226 287 38 15 var
279 282 93 26 antagen
387 281 34 21 till
435 281 219 28 kontraproposition.

118 310 64 21 Emot
197 309 61 22 detta
272 309 73 22 beslut
359 310 72 22 anhöll
446 310 50 22 herr
511 310 164 28 Furuhjelm,
686 310 51 27 Elis,
747 312 33 21 att
789 310 22 23 få
821 310 51 23 ned-

50 339 63 27 lägga
128 338 33 22 sin
175 338 139 22 reservation.

121 367 71 21 Sedan
212 366 92 22 sålunda
322 367 243 27 kontrapropositionen
584 367 69 23 blifvit
666 367 87 28 fixerad,
770 364 103 32 uppställ-

51 396 38 22 des
105 397 65 21 nästa
184 396 280 28 omröstningsproposition
480 396 100 22 sålunda:

123 425 65 26 »Den,
204 431 46 16 som
265 425 49 22 med
330 425 52 22 eller
397 426 52 21 utan
460 426 90 27 ändring
560 425 125 28 godkänner
694 425 180 24 Statsutskottets

50 454 161 27 ifrågavarande
233 454 142 27 betänkande,
400 455 111 26 angående
535 455 73 26 anslag
628 454 32 22 för
679 455 80 22 vården
776 455 23 22 af
813 455 62 27 sjuka

51 483 40 22 och
107 483 83 26 sårade,
207 489 73 16 svarar
293 483 33 27 ja;

118 512 74 22 vinner
214 511 41 28 nej,
280 513 89 26 antages
391 511 104 28 förslaget
517 512 7 21 i
543 512 41 22 den
606 512 147 22 betänkandet
775 512 98 28 bifogade

49 541 161 22 reservationen
225 541 49 21 med
290 541 52 22 eller
356 542 53 21 utan
424 540 121 28 förhöjning
560 541 23 22 af
595 541 211 22 kreditivsumman*.

119 569 42 22 Vid
183 569 95 22 anställd
298 570 133 27 omröstning
445 570 131 22 besvarades
592 570 70 21 denna
676 570 134 27 proposition
824 570 49 22 med

52 601 27 19 35
92 599 24 27 ja
131 598 40 22 och
187 601 27 19 38
230 598 40 28 nej,
287 599 33 21 till
336 598 52 28 följd
404 598 75 22 hvaraf
493 599 87 22 ständet
595 599 95 27 godkänt
705 599 36 22 det
755 599 33 22 uti
803 605 69 16 reser-

49 627 102 22 vationen
172 627 76 28 gjorda
270 627 104 28 förslaget
395 627 49 22 med
465 627 55 22 eller
534 629 52 20 utan
601 627 120 28 förhöjning
735 627 24 22 af
770 627 102 23 kreditiv-

50 663 103 15 summan.

118 685 65 22 Emot
204 685 60 21 detta
278 685 73 22 beslut
367 685 110 22 anmäldes
493 685 158 22 reservationer
666 685 23 22 af
702 685 74 22 herrar
790 685 82 22 Ehrn-

49 714 82 27 rooth,
147 713 114 27 Reinhold,
277 713 140 28 Snellman,
434 714 184 27 Godenhjelm,
634 714 151 27 Schauman,
800 714 24 22 B.
839 714 33 27 O.,

49 743 40 22 och
105 743 90 26 Arppe,
212 742 112 28 grefvarne
338 743 117 26 Armfelt,
471 743 100 26 Mauritz,
587 743 41 22 och
642 743 121 27 Aminoff,
778 744 57 21 samt

117 771 98 22 Friherre
229 777 41 16 von
286 771 80 27 Troil,
383 771 21 22 S.
420 771 40 24 W.,
471 771 88 23 hvilken
574 771 132 22 sistnämnde
720 772 93 27 yttrade:
829 772 43 27 Jag

49 800 97 22 anhäller
160 801 33 21 att
207 800 176 22 reservationsvis
397 800 23 22 fä
434 800 32 21 till
476 801 132 26 protokollet
618 801 94 22 uttaladt
721 802 32 20 att
761 801 38 27 jag
809 807 64 16 anser

49 829 193 27 anmärkningarne
266 831 58 20 emot
344 829 42 22 den
408 828 123 29 föreslagna
552 829 144 28 bevillningen
713 836 52 16 vara
779 829 93 23 orsaken

51 858 32 21 till
99 859 41 21 den
155 865 29 14 nu
200 853 152 42 försiggängna
366 858 139 27 voteringens
521 859 81 27 utgång.

117 886 98 23 Friherre
230 887 75 28 Boije
320 887 72 22 anhöll
407 889 34 20 att
454 886 23 22 fä
491 887 75 22 förena
576 875 33 39 sig
619 887 31 22 uti
661 887 61 22 detta
730 887 90 22 friherre
830 893 41 17 von

49 916 69 21 Troils
133 915 119 22 uttalande.

117 945 42 21 För
178 945 104 22 vinnande
306 944 22 22 af
349 946 98 20 närmare
468 945 138 27 bestämning
620 951 35 16 om
670 945 201 22 kreditivsummans

49 973 78 28 belopp
143 973 113 28 upplästes
272 973 95 22 härefter
382 973 95 28 följande
493 974 143 27 proposition:

119 1002 66 27 yDen,
202 1008 46 16 som
276 1002 124 27 godkänner
421 1004 175 21 reservanternes
618 1002 80 28 förslag
720 1002 150 27 oförändradt,

49 1037 74 16 svarar
136 1031 34 27 ja;

117 1060 74 22 vinner
206 1060 41 27 nej,
263 1059 95 28 förhöjes
373 1060 194 22 kreditivsumman
581 1060 33 22 till
630 1066 26 16 en
671 1060 93 28 miljon,.

119 1088 83 23 Genom
218 1089 70 22 denna
303 1089 145 27 propositions
463 1089 135 22 besvarande
612 1089 50 22 med
676 1089 27 22 29
714 1089 23 27 ja
748 1088 40 23 och
799 1091 25 20 31
836 1089 34 28 nej

49 1124 38 16 var
101 1117 201 22 kreditivsummans
318 1118 78 27 belopp
412 1117 23 22 af
448 1118 89 21 ständet
550 1117 111 23 bestämdt
676 1118 32 21 till
723 1124 25 15 en
763 1117 80 28 miljon.

118 1146 98 22 Friherre
238 1153 41 15 von
297 1147 71 21 Born
382 1146 87 28 yttrade
483 1147 51 21 med
548 1147 114 27 anledning
678 1146 22 22 af
714 1146 59 23 detta
788 1146 82 23 beslut:

49 1175 41 27 Jag
111 1175 40 22 ber
166 1177 34 20 att
214 1175 21 22 fä
250 1175 106 28 nedlägga
371 1175 43 22 min
429 1175 135 22 reservation
578 1177 45 20 mot
638 1175 60 23 detta
713 1177 44 20 sätt
772 1177 33 20 att
819 1175 52 22 hus-

49 1204 58 21 hålla
121 1204 50 21 med
184 1204 98 22 bankens
297 1204 76 22 medel.

117 1232 56 22 Herr
188 1233 156 27 Furuhjelm,
360 1233 51 27 Elis,
427 1233 104 22 förenade
546 1233 33 28 sig
594 1233 8 22 i
617 1233 60 22 detta
692 1232 22 23 af
726 1232 90 23 friherre
830 1239 42 16 von

49 1261 58 22 Born
122 1261 80 27 afgifna
215 1261 107 28 yttrande.

118 1290 56 22 Herr
188 1290 192 28 Björkenheim,
397 1290 89 28 Robert,
503 1290 97 29 yttrade:
616 1290 72 22 Ocksä
700 1290 37 28 jag
745 1289 34 23 fär
789 1290 84 22 anmäla

49 1319 44 21 min
108 1320 132 22 reservation
254 1321 46 20 mot
314 1320 50 21 hela
374 1319 38 22 det
421 1320 80 26 beslut,
517 1320 59 22 hvari
586 1319 157 28 Ridderskapet
753 1319 41 22 och
804 1319 69 23 Adeln

50 1349 92 26 stannat,
164 1348 40 22 och
226 1348 81 22 uttalar
330 1348 73 22 dervid
426 1348 41 22 den
491 1348 157 28 öfvertygelsen
670 1350 32 20 att
724 1348 87 22 ständet
833 1348 40 22 har

49 1376 90 22 kommit
161 1377 32 21 till
216 1377 60 22 detta
298 1377 73 22 beslut
392 1377 33 21 till
447 1377 54 28 följd
519 1376 23 23 af
555 1376 316 28 omröstningspropositionens

49 1405 144 28 formulering.

118 1434 81 22 Herrar
220 1434 162 27 Lagerborg,
405 1434 25 22 A.
453 1435 42 26 W.,
518 1434 95 27 Antell,
636 1433 160 27 Grotenfelt,
812 1433 61 28 Pip-

50 1463 144 27 pingsköld
210 1463 40 22 och
264 1462 90 23 friherre
368 1462 101 28 Wrede,
485 1463 83 27 Rabbe,
585 1462 99 23 anmälde
699 1462 61 23 äfven
777 1467 96 18 reserva-

51 1491 46 22 tion
112 1493 59 20 emot
185 1492 64 22 dessa
263 1492 79 22 beslut.
