1086 1717
407 111 41 17 Den
463 108 28 20 22
508 109 42 25 Maj.
825 102 42 28 YTY

137 174 68 22 Detta
228 175 24 20 är
275 173 27 22 dä
326 173 39 23 den
390 180 41 16 ena
453 173 65 22 sidan
539 173 22 23 af
574 174 73 22 saken.
676 174 34 22 En
725 179 68 17 annan
809 176 24 20 är
849 173 46 27 den,

67 202 107 24 huruvida
189 203 27 21 de
230 202 84 22 härtills
330 209 71 15 vunna
415 202 123 22 finansiella
552 204 120 21 resultaten
688 202 23 22 af
723 204 51 21 vära
785 203 112 27 jernvägs-

69 233 85 25 företag
168 232 7 21 i
190 232 71 26 nägon
275 232 50 21 män
340 233 132 25 uppmuntra
488 231 34 21 till
539 232 61 22 deras
616 232 149 27 fortsättande,
777 231 53 23 eller
837 231 60 21 inne-

68 262 54 22 bära
143 260 114 27 anledning
279 262 33 19 att
334 259 97 29 afstyrka
446 260 70 22 detta.
546 259 217 29 Nettobehällningen
779 260 22 23 af
815 262 82 20 statens

67 290 115 28 jernvägar
204 289 40 21 har
264 288 34 22 för
317 289 51 21 ären
389 290 144 20 1871—1876
552 289 83 27 utgjort
653 290 97 27 omkring
765 292 12 20 5
793 289 105 22 millioner

69 318 67 23 mark.
167 318 51 26 (Jag
232 317 61 22 anför
306 317 34 22 för
354 317 147 28 tydlighetens
519 318 55 21 skull
589 318 57 22 blott
660 318 69 22 runda
745 318 86 28 siffror).
855 316 42 23 An-

69 348 95 22 nuiteter
179 346 64 22 hafva
258 346 68 22 under
341 352 82 17 samma
432 346 33 22 tid
473 346 113 28 utbetalts,
594 346 29 28 pä
633 348 54 20 1868
695 348 36 20 ärs
739 347 36 22 län
783 348 114 26 6,600,000

70 376 62 22 mark
147 376 39 22 och
201 375 29 27 pä
248 376 53 20 1862
317 375 35 21 ärs
367 375 35 21 län
418 377 117 25 5,200,000
550 376 67 21 mark.
647 376 43 22 Det
706 376 133 22 sistberörda
851 376 46 24 bör,

71 405 90 22 emedan
177 404 37 22 det
229 406 161 26 representerar
405 404 37 22 det
457 404 7 21 i
479 404 209 22 Tavastehusbanan
703 405 106 27 nedlagda
816 404 83 28 kapital

73 441 77 21 genom
172 433 132 27 omsättning
326 435 45 20 mot
389 433 60 22 äldre
464 433 218 28 kassaobligationer,
698 435 61 26 tagas
776 435 48 21 med
839 434 7 21 i
861 434 37 21 be-

71 463 125 27 räkningen,
206 468 34 15 om
255 462 67 21 ocksä
332 462 152 21 annuiteterna
492 462 73 28 utgätt
573 462 47 22 frän
628 461 270 27 amortissementsfonden,

71 494 24 26 ty
117 498 51 15 vore
191 491 61 22 detta
273 491 36 21 län
326 491 48 22 icke
389 491 44 26 der,
450 491 27 21 sä
493 491 69 22 skulle
577 491 276 22 amortissementsfondens
868 491 31 21 in-

71 521 98 22 komster
190 526 52 15 vara
264 519 33 22 för
319 519 68 28 öfriga
408 521 87 20 statens
514 519 66 23 behof
596 520 126 27 disponibla.
751 520 44 23 Det
809 520 40 21 har
865 520 34 21 sä-

71 550 67 21 lunda
159 549 97 27 utgifvits
279 549 96 26 omkring
399 550 130 25 11,800,000
550 549 62 22 mark
627 549 7 21 i
650 549 122 22 annuiteter
786 549 29 28 pä
830 549 70 22 denna

73 579 32 21 tid
127 580 57 20 samt
206 577 111 22 dessutom
339 578 33 21 till
393 577 163 28 kejsaredömet
572 578 109 27 Ryssland
696 578 8 21 i
718 578 134 27 vinstanpart
867 577 33 22 för

72 606 278 28 Petersburg
216 602 13 37 —
237 606 113 28 Riihimäki
365 607 71 21 banan
452 606 149 27 ungefärligen
614 607 26 27 3/,
648 607 108 28 miljoner;
766 607 63 22 alltså
836 606 64 22 hafva

72 635 159 28 sammanlagdt
253 635 89 27 ungefär
362 636 41 25 7!/,
427 635 101 27 miljoner
550 636 62 21 mark
634 642 59 15 mera
712 635 145 28 statsutgifter
872 637 27 19 än

72 664 178 23 statsinkomster
272 664 116 21 resulterat
410 664 23 21 af
449 663 75 22 H:fors
538 664 130 22 T:hus—S:t
682 665 91 26 P:burgs
787 664 111 28 jernvägs-

73 694 74 21 liniers
169 692 144 23 trafikerande
336 693 69 21 under
427 693 54 21 åren
506 695 148 20 1871—1876.
684 693 50 22 Man
753 693 40 22 har
807 692 93 22 medelst

72 722 71 27 öfriga
162 722 174 22 statsinkomster
350 721 93 28 nödgats
460 721 94 22 betäcka
569 723 13 20 å
594 722 138 27 jernvägslän
748 722 40 27 7'/,
802 721 98 28 miljoner

74 751 67 22 mark.
171 751 44 22 Det
238 751 73 27 tyckes
330 751 85 21 säledes
431 757 54 15 vara
501 757 26 15 en
541 751 65 27 högst
620 751 98 22 kännbar
732 750 121 28 uppofiring
867 750 33 22 för

75 782 84 20 statens
181 779 99 27 finanser,
304 781 33 20 att
359 779 20 21 vi
398 778 43 23 fått
453 779 123 28 jernvägar,
593 786 49 15 men
658 780 69 21 denna
742 779 122 28 uppoffring
877 781 24 19 är

75 809 109 22 sannolikt
198 809 48 21 icke
261 808 88 27 verklig,
358 809 52 20 utan
419 808 102 27 skenbar,
533 811 23 25 ty
563 809 143 22 statsverkets
714 809 119 21 inkomster
840 807 63 22 hafva

75 838 65 27 högst
162 837 131 27 väsendtligt
316 837 61 26 stigit
391 837 70 21 under
477 843 83 16 samma
571 837 81 28 period,
670 838 60 27 stigit
744 838 8 21 i
768 839 70 20 större
853 843 49 21 pro-

75 867 92 28 portion,
191 868 27 19 än
240 867 69 20 under
326 865 71 28 någon
414 865 147 28 finansperiod
580 866 142 22 derförinnan.
752 861 30 27 Är
798 867 53 20 1871
868 867 34 20 ut-

76 896 73 27 gjorde
166 895 106 22 allmänna
287 895 207 21 statsinkomsterna
509 895 49 21 med
573 895 75 28 afdrag
663 895 23 22 af
692 894 210 29 jernvägstrafiksin-

75 925 125 22 komsterna
216 925 26 20 14
257 923 99 28 miljoner
370 923 71 26 mark;
459 926 13 19 4
489 924 24 21 är
528 924 66 27 derpä
610 924 24 21 är
650 926 61 23 1875,
725 923 80 29 jemväl
815 923 48 22 med
872 923 30 21 af-

77 954 52 26 drag
151 952 24 23 af
192 952 258 28 jernvägsinkomsterna,
467 954 27 19 21
511 953 73 27 miljon
599 953 67 22 mark.
696 953 67 22 Detta
778 954 25 19 är
817 953 33 20 ett
865 952 38 21 sti-

77 982 70 26 gande
162 981 50 22 med
227 982 61 26 50%.
319 981 43 21 Det
377 983 24 20 är
417 981 99 27 omöjligt
531 981 40 22 och
586 981 56 22 skall
658 981 60 22 alltid
728 981 99 22 förblifva
837 981 67 26 omöj-

75 1012 42 27 ligt
139 1012 33 20 att
186 1010 102 26 beräkna,
304 1010 56 21 huru
375 1012 46 20 stor
437 1012 79 25 anpart
530 1011 7 20 i
553 1010 70 22 denna
638 1011 101 27 stegring,
756 1016 47 16 som
817 1009 40 22 bör
871 1009 32 22 fö-

75 1047 36 15 ras
132 1040 119 27 jernvägen
269 1039 33 21 till
316 1039 66 21 favör.
413 1039 51 21 Man
480 1039 43 22 kan
538 1039 48 22 icke
602 1039 84 27 utreda,
701 1040 55 21 huru
772 1038 85 28 mycket
872 1038 32 21 in-

76 1069 126 22 komsterna
217 1068 69 21 skulle
303 1069 101 26 stegrats,
421 1067 77 22 derest
510 1068 115 27 jernvägar
639 1068 48 21 icke
702 1069 85 26 byggts,
799 1073 48 16 men
858 1073 46 16 nan

76 1098 41 21 har
132 1098 60 21 detta
206 1096 90 27 faktum,
313 1098 33 20 att
361 1096 92 22 oaktadt
465 1097 167 27 jernvägslänen
648 1097 81 27 ärligen
743 1097 76 21 kostat
833 1097 72 20 staten

77 1127 50 21 vida
141 1132 47 15 mer
203 1127 27 20 än
243 1126 129 27 jernvägens
387 1125 183 22 nettoinkomster
584 1126 88 27 utgjort,
682 1126 24 21 sä
714 1125 63 22 hafva
783 1124 123 22 finanserna

77 1155 115 22 blomstrat
206 1161 44 20 upp
266 1161 45 15 mer
327 1156 27 19 än
368 1154 106 27 någonsin
491 1154 63 22 förut.
584 1155 44 21 Det
642 1157 25 18 är
680 1155 85 21 således
781 1154 60 21 detta
855 1153 50 27 mål,

78 1191 50 15 man
150 1184 43 21 kan
211 1183 84 28 hoppas
311 1185 33 20 att
359 1183 7 21 i
380 1182 112 22 finansielt
507 1183 101 22 afseende
623 1183 28 22 nä
667 1183 60 22 äfven
742 1183 50 22 med
806 1182 100 22 framtida

73 1207 237 60 jernvägsbyggnader,
334 1213 33 20 att
389 1211 136 23 statsverket
546 1212 107 22 indirekte
676 1211 54 23 skall
753 1211 64 22 hafva
838 1211 68 22 fördel

97 1248 22 16 er

148 1270 43 27 Jag
205 1270 39 22 har
264 1269 56 28 tagit
342 1269 43 28 mig
400 1269 95 22 friheten
511 1269 73 23 anföra
600 1270 64 22 dessa
678 1269 183 28 omständigheter
875 1268 33 21 för

81 1301 34 20 att
129 1299 85 27 antyda,
230 1298 87 22 hvarför
330 1298 37 28 jag
382 1298 34 22 för
430 1298 46 22 min
493 1298 34 22 del
543 1305 63 16 anser
622 1300 32 20 att
670 1299 36 21 det
720 1298 68 22 finnes
798 1297 110 28 grundade

80 1328 47 22 skäl
142 1328 34 21 till
191 1329 33 20 att
238 1326 102 23 fortsätta
354 1327 49 21 med
416 1327 234 27 jernvägsbyggnader,
666 1327 56 22 hvad
738 1328 41 21 den
790 1326 119 22 finansiella

81 1357 62 21 sidan
159 1356 22 22 af
195 1356 67 22 saken
277 1356 140 21 vidkommer.
447 1356 119 27 Angående
582 1357 64 21 dessa
661 1354 185 28 omständigheter
853 1354 56 22 skäll

81 1386 88 22 ståndet
181 1387 62 19 'utan
264 1384 75 27 tvifvel
361 1384 24 22 af
401 1384 173 22 Statsutskottet
591 1385 7 21 i
617 1385 69 21 sinom
703 1385 32 21 tid
750 1385 95 21 inhemta
859 1385 49 22 när-

81 1421 60 15 mare
164 1414 40 22 och
222 1419 148 21 noggrannare
385 1413 123 27 utredning,
523 1420 48 15 men
587 1420 34 15 om
636 1420 49 15 man
700 1414 35 21 vid
751 1414 60 20 detta
825 1411 84 22 tillfälle

81 1443 50 22 ville
153 1442 69 22 uttala
242 1442 32 27 sig
292 1442 34 22 för
340 1444 33 19 att
388 1441 49 22 icke
453 1442 65 21 kasta
532 1442 49 22 bort
596 1441 80 23 tanken
691 1442 28 28 pä
734 1444 33 20 att
782 1442 61 21 snart
856 1440 53 22 fort-

83 1473 59 20 sätta
155 1470 261 29 jernvägsbyggnaderna,
433 1472 26 19 är
475 1470 38 22 det
527 1470 35 22 väl
577 1470 23 22 af
612 1471 70 22 nöden
698 1472 32 20 att
745 1470 67 22 redan
827 1475 30 15 nu
871 1468 38 22 nä-

84 1502 38 25 got
136 1500 102 22 betrakta
256 1502 61 19 äfven
332 1499 41 21 den
388 1498 123 22 finansiella
526 1499 138 28 möjligheten
680 1498 77 23 derför.
783 1498 38 22 Att
836 1504 29 15 nu
875 1498 35 22 vid

83 1529 73 23 denna
173 1527 105 30 landtdag
297 1528 51 28 ingå
360 1528 9 22 i
383 1527 75 23 beslut
473 1528 111 27 angående
598 1528 50 23 hela
662 1528 178 26 stambansnätet,
855 1526 55 24 huru
