<?xml version="1.0" encoding="UTF-8"?>
<alto xmlns="http://www.loc.gov/standards/alto/ns-v3#" xmlns:xlink="http://www.w3.org/1999/xlink" xmlns:xsi="http://www.w3.org/2001/XMLSchema-instance" xsi:schemaLocation="http://www.loc.gov/standards/alto/ns-v3# http://www.loc.gov/alto/v3/alto-3-0.xsd">
	<Description>
		<MeasurementUnit>pixel</MeasurementUnit>
		<sourceImageInformation>
			<fileName>/tmp/tess_hplmkeu9_input.PNG</fileName>
		</sourceImageInformation>
		<OCRProcessing ID="OCR_0">
			<ocrProcessingStep>
				<processingSoftware>
					<softwareName>tesseract 5.3.4</softwareName>
				</processingSoftware>
			</ocrProcessingStep>
		</OCRProcessing>
	</Description>
	<Layout>
		<Page WIDTH="1086" HEIGHT="1717" PHYSICAL_IMG_NR="0" ID="page_0">
			<PrintSpace HPOS="0" VPOS="0" WIDTH="1086" HEIGHT="1717">
				<ComposedBlock ID="cblock_0" HPOS="399" VPOS="120" WIDTH="452" HEIGHT="26">
					<TextBlock ID="block_0" HPOS="399" VPOS="120" WIDTH="452" HEIGHT="26">
						<TextLine ID="line_0" HPOS="399" VPOS="120" WIDTH="452" HEIGHT="26">
							<String ID="string_0" HPOS="399" VPOS="122" WIDTH="40" HEIGHT="18" WC="0.96" CONTENT="Den"/><SP WIDTH="16" VPOS="122" HPOS="439"/>
							<String ID="string_1" HPOS="455" VPOS="120" WIDTH="27" HEIGHT="18" WC="0.95" CONTENT="20"/><SP WIDTH="16" VPOS="120" HPOS="482"/>
							<String ID="string_2" HPOS="498" VPOS="121" WIDTH="58" HEIGHT="25" WC="0.92" CONTENT="April."/><SP WIDTH="255" VPOS="121" HPOS="556"/>
							<String ID="string_3" HPOS="811" VPOS="120" WIDTH="40" HEIGHT="20" WC="0.93" CONTENT="503"/>
						</TextLine>
					</TextBlock>
				</ComposedBlock>
				<ComposedBlock ID="cblock_1" HPOS="58" VPOS="183" WIDTH="827" HEIGHT="1385">
					<TextBlock ID="block_1" HPOS="58" VPOS="183" WIDTH="827" HEIGHT="1385">
						<TextLine ID="line_1" HPOS="59" VPOS="183" WIDTH="820" HEIGHT="30">
							<String ID="string_4" HPOS="59" VPOS="186" WIDTH="42" HEIGHT="21" WC="0.92" CONTENT="tets"/><SP WIDTH="22" VPOS="186" HPOS="101"/>
							<String ID="string_5" HPOS="123" VPOS="185" WIDTH="137" HEIGHT="22" WC="0.96" CONTENT="betänkande"/><SP WIDTH="24" VPOS="185" HPOS="260"/>
							<String ID="string_6" HPOS="284" VPOS="186" WIDTH="30" HEIGHT="25" WC="0.96" CONTENT="är,"/><SP WIDTH="24" VPOS="186" HPOS="314"/>
							<String ID="string_7" HPOS="338" VPOS="186" WIDTH="32" HEIGHT="20" WC="0.96" CONTENT="att"/><SP WIDTH="15" VPOS="186" HPOS="370"/>
							<String ID="string_8" HPOS="385" VPOS="184" WIDTH="20" HEIGHT="22" WC="0.96" CONTENT="vi"/><SP WIDTH="14" VPOS="184" HPOS="405"/>
							<String ID="string_9" HPOS="419" VPOS="184" WIDTH="75" HEIGHT="22" WC="0.96" CONTENT="kunna"/><SP WIDTH="15" VPOS="184" HPOS="494"/>
							<String ID="string_10" HPOS="509" VPOS="190" WIDTH="52" HEIGHT="16" WC="0.96" CONTENT="vara"/><SP WIDTH="15" VPOS="190" HPOS="561"/>
							<String ID="string_11" HPOS="576" VPOS="184" WIDTH="65" HEIGHT="29" WC="0.96" CONTENT="nöjda"/><SP WIDTH="15" VPOS="184" HPOS="641"/>
							<String ID="string_12" HPOS="656" VPOS="184" WIDTH="50" HEIGHT="22" WC="0.96" CONTENT="med"/><SP WIDTH="14" VPOS="184" HPOS="706"/>
							<String ID="string_13" HPOS="720" VPOS="184" WIDTH="27" HEIGHT="22" WC="0.96" CONTENT="de"/><SP WIDTH="15" VPOS="184" HPOS="747"/>
							<String ID="string_14" HPOS="762" VPOS="184" WIDTH="73" HEIGHT="22" WC="0.96" CONTENT="skolor"/><SP WIDTH="13" VPOS="184" HPOS="835"/>
							<String ID="string_15" HPOS="848" VPOS="183" WIDTH="31" HEIGHT="22" WC="0.59" CONTENT="fö:"/>
						</TextLine>
						<TextLine ID="line_2" HPOS="58" VPOS="212" WIDTH="823" HEIGHT="29">
							<String ID="string_16" HPOS="58" VPOS="214" WIDTH="67" HEIGHT="27" WC="0.93" CONTENT="högre"/><SP WIDTH="15" VPOS="214" HPOS="125"/>
							<String ID="string_17" HPOS="140" VPOS="213" WIDTH="178" HEIGHT="28" WC="0.92" CONTENT="qvinnobildning,"/><SP WIDTH="16" VPOS="213" HPOS="318"/>
							<String ID="string_18" HPOS="334" VPOS="213" WIDTH="72" HEIGHT="22" WC="0.96" CONTENT="hvilka"/><SP WIDTH="15" VPOS="213" HPOS="406"/>
							<String ID="string_19" HPOS="421" VPOS="213" WIDTH="21" HEIGHT="22" WC="0.96" CONTENT="vi"/><SP WIDTH="15" VPOS="213" HPOS="442"/>
							<String ID="string_20" HPOS="457" VPOS="219" WIDTH="30" HEIGHT="15" WC="0.92" CONTENT="nu"/><SP WIDTH="16" VPOS="219" HPOS="487"/>
							<String ID="string_21" HPOS="503" VPOS="219" WIDTH="47" HEIGHT="21" WC="0.92" CONTENT="ega,"/><SP WIDTH="17" VPOS="219" HPOS="550"/>
							<String ID="string_22" HPOS="567" VPOS="214" WIDTH="40" HEIGHT="22" WC="0.97" CONTENT="och"/><SP WIDTH="15" VPOS="214" HPOS="607"/>
							<String ID="string_23" HPOS="622" VPOS="213" WIDTH="49" HEIGHT="22" WC="0.95" CONTENT="med"/><SP WIDTH="15" VPOS="213" HPOS="671"/>
							<String ID="string_24" HPOS="686" VPOS="213" WIDTH="84" HEIGHT="27" WC="0.95" CONTENT="passivt"/><SP WIDTH="10" VPOS="213" HPOS="770"/>
							<String ID="string_25" HPOS="780" VPOS="213" WIDTH="53" HEIGHT="27" WC="0.93" CONTENT="lugn"/><SP WIDTH="17" VPOS="213" HPOS="833"/>
							<String ID="string_26" HPOS="850" VPOS="212" WIDTH="31" HEIGHT="22" WC="0.92" CONTENT="af-"/>
						</TextLine>
						<TextLine ID="line_3" HPOS="58" VPOS="240" WIDTH="823" HEIGHT="29">
							<String ID="string_27" HPOS="58" VPOS="243" WIDTH="66" HEIGHT="21" WC="0.96" CONTENT="vakta"/><SP WIDTH="15" VPOS="243" HPOS="124"/>
							<String ID="string_28" HPOS="139" VPOS="242" WIDTH="43" HEIGHT="22" WC="0.96" CONTENT="tills"/><SP WIDTH="15" VPOS="242" HPOS="182"/>
							<String ID="string_29" HPOS="197" VPOS="242" WIDTH="161" HEIGHT="22" WC="0.93" CONTENT="vederbörande"/><SP WIDTH="16" VPOS="242" HPOS="358"/>
							<String ID="string_30" HPOS="374" VPOS="243" WIDTH="150" HEIGHT="26" WC="0.80" CONTENT=",,konseqvent"/><SP WIDTH="15" VPOS="243" HPOS="524"/>
							<String ID="string_31" HPOS="539" VPOS="242" WIDTH="41" HEIGHT="22" WC="0.96" CONTENT="och"/><SP WIDTH="16" VPOS="242" HPOS="580"/>
							<String ID="string_32" HPOS="596" VPOS="241" WIDTH="110" HEIGHT="28" WC="0.96" CONTENT="energiskt"/><SP WIDTH="14" VPOS="241" HPOS="706"/>
							<String ID="string_33" HPOS="720" VPOS="241" WIDTH="91" HEIGHT="28" WC="0.94" CONTENT="fullfölja"/><SP WIDTH="14" VPOS="241" HPOS="811"/>
							<String ID="string_34" HPOS="825" VPOS="240" WIDTH="56" HEIGHT="23" WC="0.96" CONTENT="hvad"/>
						</TextLine>
						<TextLine ID="line_4" HPOS="59" VPOS="270" WIDTH="823" HEIGHT="27">
							<String ID="string_35" HPOS="59" VPOS="278" WIDTH="47" HEIGHT="15" WC="0.96" CONTENT="som"/><SP WIDTH="21" VPOS="278" HPOS="106"/>
							<String ID="string_36" HPOS="127" VPOS="271" WIDTH="67" HEIGHT="21" WC="0.93" CONTENT="redan"/><SP WIDTH="20" VPOS="271" HPOS="194"/>
							<String ID="string_37" HPOS="214" VPOS="270" WIDTH="112" HEIGHT="24" WC="0.49" CONTENT="begynts&quot;."/><SP WIDTH="32" VPOS="270" HPOS="326"/>
							<String ID="string_38" HPOS="358" VPOS="270" WIDTH="76" HEIGHT="22" WC="0.90" CONTENT="Lätom"/><SP WIDTH="23" VPOS="270" HPOS="434"/>
							<String ID="string_39" HPOS="457" VPOS="277" WIDTH="36" HEIGHT="15" WC="0.92" CONTENT="oss"/><SP WIDTH="11" VPOS="277" HPOS="493"/>
							<String ID="string_40" HPOS="504" VPOS="270" WIDTH="61" HEIGHT="27" WC="0.96" CONTENT="höra,"/><SP WIDTH="15" VPOS="270" HPOS="565"/>
							<String ID="string_41" HPOS="580" VPOS="271" WIDTH="56" HEIGHT="21" WC="0.96" CONTENT="huru"/><SP WIDTH="16" VPOS="271" HPOS="636"/>
							<String ID="string_42" HPOS="652" VPOS="270" WIDTH="66" HEIGHT="22" WC="0.96" CONTENT="andra"/><SP WIDTH="14" VPOS="270" HPOS="718"/>
							<String ID="string_43" HPOS="732" VPOS="270" WIDTH="93" HEIGHT="22" WC="0.96" CONTENT="bedöma"/><SP WIDTH="15" VPOS="270" HPOS="825"/>
							<String ID="string_44" HPOS="840" VPOS="270" WIDTH="42" HEIGHT="22" WC="0.96" CONTENT="den"/>
						</TextLine>
						<TextLine ID="line_5" HPOS="61" VPOS="274" WIDTH="819" HEIGHT="58">
							<String ID="string_45" HPOS="61" VPOS="296" WIDTH="139" HEIGHT="36" WC="0.92" CONTENT="ständpunkt,"/><SP WIDTH="16" VPOS="296" HPOS="200"/>
							<String ID="string_46" HPOS="216" VPOS="301" WIDTH="25" HEIGHT="26" WC="0.83" CONTENT="på"/><SP WIDTH="18" VPOS="301" HPOS="241"/>
							<String ID="string_47" HPOS="259" VPOS="274" WIDTH="86" HEIGHT="58" WC="0.83" CONTENT="hvilken"/><SP WIDTH="14" VPOS="274" HPOS="345"/>
							<String ID="string_48" HPOS="359" VPOS="300" WIDTH="38" HEIGHT="21" WC="0.96" CONTENT="vår"/><SP WIDTH="14" VPOS="300" HPOS="397"/>
							<String ID="string_49" HPOS="411" VPOS="300" WIDTH="68" HEIGHT="26" WC="0.93" CONTENT="högre"/><SP WIDTH="17" VPOS="300" HPOS="479"/>
							<String ID="string_50" HPOS="496" VPOS="299" WIDTH="176" HEIGHT="27" WC="0.92" CONTENT="qvinnobildning"/><SP WIDTH="14" VPOS="299" HPOS="672"/>
							<String ID="string_51" HPOS="686" VPOS="305" WIDTH="30" HEIGHT="15" WC="0.96" CONTENT="nu"/><SP WIDTH="13" VPOS="305" HPOS="716"/>
							<String ID="string_52" HPOS="729" VPOS="298" WIDTH="97" HEIGHT="23" WC="0.96" CONTENT="befinner"/><SP WIDTH="15" VPOS="298" HPOS="826"/>
							<String ID="string_53" HPOS="841" VPOS="298" WIDTH="39" HEIGHT="28" WC="0.95" CONTENT="sig."/>
						</TextLine>
						<TextLine ID="line_6" HPOS="61" VPOS="327" WIDTH="820" HEIGHT="29">
							<String ID="string_54" HPOS="61" VPOS="328" WIDTH="100" HEIGHT="26" WC="0.43" CONTENT="Journal"/><SP WIDTH="15" VPOS="328" HPOS="161"/>
							<String ID="string_55" HPOS="176" VPOS="328" WIDTH="32" HEIGHT="22" WC="0.93" CONTENT="för"/><SP WIDTH="16" VPOS="328" HPOS="208"/>
							<String ID="string_56" HPOS="224" VPOS="328" WIDTH="194" HEIGHT="28" WC="0.73" CONTENT="qvinnobildning&quot;,"/><SP WIDTH="15" VPOS="328" HPOS="418"/>
							<String ID="string_57" HPOS="433" VPOS="328" WIDTH="89" HEIGHT="22" WC="0.96" CONTENT="hvilken"/><SP WIDTH="9" VPOS="328" HPOS="522"/>
							<String ID="string_58" HPOS="531" VPOS="328" WIDTH="135" HEIGHT="22" WC="0.83" CONTENT="utkommer"/><SP WIDTH="-11" VPOS="328" HPOS="666"/>
							<String ID="string_59" HPOS="655" VPOS="323" WIDTH="11" HEIGHT="37" WC="0.83" CONTENT="i"/><SP WIDTH="9" VPOS="323" HPOS="666"/>
							<String ID="string_60" HPOS="675" VPOS="327" WIDTH="33" HEIGHT="22" WC="0.96" CONTENT="S:t"/><SP WIDTH="7" VPOS="327" HPOS="708"/>
							<String ID="string_61" HPOS="715" VPOS="328" WIDTH="131" HEIGHT="26" WC="0.96" CONTENT="Petersburg"/><SP WIDTH="9" VPOS="328" HPOS="846"/>
							<String ID="string_62" HPOS="855" VPOS="334" WIDTH="26" HEIGHT="15" WC="0.96" CONTENT="en"/>
						</TextLine>
						<TextLine ID="line_7" HPOS="59" VPOS="356" WIDTH="822" HEIGHT="28">
							<String ID="string_63" HPOS="59" VPOS="357" WIDTH="56" HEIGHT="27" WC="0.95" CONTENT="gång"/><SP WIDTH="22" VPOS="357" HPOS="115"/>
							<String ID="string_64" HPOS="137" VPOS="357" WIDTH="7" HEIGHT="22" WC="0.96" CONTENT="i"/><SP WIDTH="21" VPOS="357" HPOS="144"/>
							<String ID="string_65" HPOS="165" VPOS="358" WIDTH="111" HEIGHT="26" WC="0.93" CONTENT="månaden,"/><SP WIDTH="16" VPOS="358" HPOS="276"/>
							<String ID="string_66" HPOS="292" VPOS="364" WIDTH="67" HEIGHT="20" WC="0.91" CONTENT="egnar"/><SP WIDTH="22" VPOS="364" HPOS="359"/>
							<String ID="string_67" HPOS="381" VPOS="357" WIDTH="27" HEIGHT="22" WC="0.95" CONTENT="då"/><SP WIDTH="23" VPOS="357" HPOS="408"/>
							<String ID="string_68" HPOS="431" VPOS="357" WIDTH="40" HEIGHT="22" WC="0.95" CONTENT="och"/><SP WIDTH="24" VPOS="357" HPOS="471"/>
							<String ID="string_69" HPOS="495" VPOS="357" WIDTH="29" HEIGHT="21" WC="0.95" CONTENT="då"/><SP WIDTH="18" VPOS="357" HPOS="524"/>
							<String ID="string_70" HPOS="542" VPOS="356" WIDTH="33" HEIGHT="22" WC="0.95" CONTENT="sin"/><SP WIDTH="15" VPOS="356" HPOS="575"/>
							<String ID="string_71" HPOS="590" VPOS="356" WIDTH="191" HEIGHT="28" WC="0.96" CONTENT="uppmärksamhet"/><SP WIDTH="15" VPOS="356" HPOS="781"/>
							<String ID="string_72" HPOS="796" VPOS="356" WIDTH="23" HEIGHT="22" WC="0.96" CONTENT="åt"/><SP WIDTH="14" VPOS="356" HPOS="819"/>
							<String ID="string_73" HPOS="833" VPOS="356" WIDTH="48" HEIGHT="22" WC="0.96" CONTENT="vårt"/>
						</TextLine>
						<TextLine ID="line_8" HPOS="61" VPOS="384" WIDTH="820" HEIGHT="24">
							<String ID="string_74" HPOS="61" VPOS="386" WIDTH="51" HEIGHT="22" WC="0.96" CONTENT="land"/><SP WIDTH="15" VPOS="386" HPOS="112"/>
							<String ID="string_75" HPOS="127" VPOS="386" WIDTH="40" HEIGHT="22" WC="0.96" CONTENT="och"/><SP WIDTH="15" VPOS="386" HPOS="167"/>
							<String ID="string_76" HPOS="182" VPOS="386" WIDTH="50" HEIGHT="22" WC="0.93" CONTENT="våra"/><SP WIDTH="15" VPOS="386" HPOS="232"/>
							<String ID="string_77" HPOS="247" VPOS="385" WIDTH="205" HEIGHT="23" WC="0.89" CONTENT="skolförhållanden."/><SP WIDTH="31" VPOS="385" HPOS="452"/>
							<String ID="string_78" HPOS="483" VPOS="386" WIDTH="10" HEIGHT="21" WC="0.92" CONTENT="I"/><SP WIDTH="15" VPOS="386" HPOS="493"/>
							<String ID="string_79" HPOS="508" VPOS="386" WIDTH="58" HEIGHT="21" WC="0.95" CONTENT="Mars"/><SP WIDTH="16" VPOS="386" HPOS="566"/>
							<String ID="string_80" HPOS="582" VPOS="385" WIDTH="70" HEIGHT="22" WC="0.92" CONTENT="häftet"/><SP WIDTH="14" VPOS="385" HPOS="652"/>
							<String ID="string_81" HPOS="666" VPOS="384" WIDTH="34" HEIGHT="23" WC="0.96" CONTENT="för"/><SP WIDTH="16" VPOS="384" HPOS="700"/>
							<String ID="string_82" HPOS="716" VPOS="385" WIDTH="60" HEIGHT="22" WC="0.93" CONTENT="detta"/><SP WIDTH="15" VPOS="385" HPOS="776"/>
							<String ID="string_83" HPOS="791" VPOS="385" WIDTH="90" HEIGHT="22" WC="0.91" CONTENT="årinne-"/>
						</TextLine>
						<TextLine ID="line_9" HPOS="60" VPOS="414" WIDTH="821" HEIGHT="29">
							<String ID="string_84" HPOS="60" VPOS="414" WIDTH="68" HEIGHT="23" WC="0.96" CONTENT="håller"/><SP WIDTH="22" VPOS="414" HPOS="128"/>
							<String ID="string_85" HPOS="150" VPOS="415" WIDTH="41" HEIGHT="22" WC="0.96" CONTENT="den"/><SP WIDTH="22" VPOS="415" HPOS="191"/>
							<String ID="string_86" HPOS="213" VPOS="416" WIDTH="68" HEIGHT="27" WC="0.95" CONTENT="några"/><SP WIDTH="21" VPOS="416" HPOS="281"/>
							<String ID="string_87" HPOS="302" VPOS="415" WIDTH="173" HEIGHT="22" WC="0.95" CONTENT="underrättelser"/><SP WIDTH="21" VPOS="415" HPOS="475"/>
							<String ID="string_88" HPOS="496" VPOS="420" WIDTH="34" HEIGHT="16" WC="0.93" CONTENT="om"/><SP WIDTH="16" VPOS="420" HPOS="530"/>
							<String ID="string_89" HPOS="546" VPOS="414" WIDTH="201" HEIGHT="28" WC="0.91" CONTENT="gvinnobildningen"/><SP WIDTH="15" VPOS="414" HPOS="747"/>
							<String ID="string_90" HPOS="762" VPOS="414" WIDTH="8" HEIGHT="22" WC="0.96" CONTENT="i"/><SP WIDTH="14" VPOS="414" HPOS="770"/>
							<String ID="string_91" HPOS="784" VPOS="414" WIDTH="97" HEIGHT="22" WC="0.96" CONTENT="Finland."/>
						</TextLine>
						<TextLine ID="line_10" HPOS="59" VPOS="443" WIDTH="822" HEIGHT="28">
							<String ID="string_92" HPOS="59" VPOS="444" WIDTH="44" HEIGHT="22" WC="0.94" CONTENT="Der"/><SP WIDTH="21" VPOS="444" HPOS="103"/>
							<String ID="string_93" HPOS="124" VPOS="443" WIDTH="68" HEIGHT="23" WC="0.94" CONTENT="finnes"/><SP WIDTH="18" VPOS="443" HPOS="192"/>
							<String ID="string_94" HPOS="210" VPOS="450" WIDTH="27" HEIGHT="15" WC="0.96" CONTENT="en"/><SP WIDTH="15" VPOS="450" HPOS="237"/>
							<String ID="string_95" HPOS="252" VPOS="444" WIDTH="104" HEIGHT="21" WC="0.93" CONTENT="historisk"/><SP WIDTH="15" VPOS="444" HPOS="356"/>
							<String ID="string_96" HPOS="371" VPOS="443" WIDTH="104" HEIGHT="28" WC="0.92" CONTENT="öfversigt"/><SP WIDTH="16" VPOS="443" HPOS="475"/>
							<String ID="string_97" HPOS="491" VPOS="443" WIDTH="60" HEIGHT="22" WC="0.96" CONTENT="öfver"/><SP WIDTH="15" VPOS="443" HPOS="551"/>
							<String ID="string_98" HPOS="566" VPOS="443" WIDTH="86" HEIGHT="28" WC="0.96" CONTENT="frågans"/><SP WIDTH="16" VPOS="443" HPOS="652"/>
							<String ID="string_99" HPOS="668" VPOS="443" WIDTH="129" HEIGHT="28" WC="0.96" CONTENT="utveckling,"/><SP WIDTH="16" VPOS="443" HPOS="797"/>
							<String ID="string_100" HPOS="813" VPOS="449" WIDTH="46" HEIGHT="16" WC="0.96" CONTENT="som"/><SP WIDTH="14" VPOS="449" HPOS="859"/>
							<String ID="string_101" HPOS="873" VPOS="443" WIDTH="8" HEIGHT="21" WC="0.96" CONTENT="i"/>
						</TextLine>
						<TextLine ID="line_11" HPOS="60" VPOS="471" WIDTH="822" HEIGHT="28">
							<String ID="string_102" HPOS="60" VPOS="473" WIDTH="37" HEIGHT="22" WC="0.96" CONTENT="det"/><SP WIDTH="13" VPOS="473" HPOS="97"/>
							<String ID="string_103" HPOS="110" VPOS="475" WIDTH="109" HEIGHT="20" WC="0.93" CONTENT="närmaste"/><SP WIDTH="16" VPOS="475" HPOS="219"/>
							<String ID="string_104" HPOS="235" VPOS="473" WIDTH="201" HEIGHT="22" WC="0.92" CONTENT="öfverensstämmer"/><SP WIDTH="16" VPOS="473" HPOS="436"/>
							<String ID="string_105" HPOS="452" VPOS="473" WIDTH="51" HEIGHT="21" WC="0.95" CONTENT="med"/><SP WIDTH="14" VPOS="473" HPOS="503"/>
							<String ID="string_106" HPOS="517" VPOS="473" WIDTH="127" HEIGHT="21" WC="0.96" CONTENT="utskottets."/><SP WIDTH="26" VPOS="473" HPOS="644"/>
							<String ID="string_107" HPOS="670" VPOS="471" WIDTH="79" HEIGHT="22" WC="0.96" CONTENT="Vidare"/><SP WIDTH="16" VPOS="471" HPOS="749"/>
							<String ID="string_108" HPOS="765" VPOS="475" WIDTH="69" HEIGHT="24" WC="0.96" CONTENT="säges,"/><SP WIDTH="15" VPOS="475" HPOS="834"/>
							<String ID="string_109" HPOS="849" VPOS="473" WIDTH="33" HEIGHT="20" WC="0.96" CONTENT="att"/>
						</TextLine>
						<TextLine ID="line_12" HPOS="61" VPOS="501" WIDTH="821" HEIGHT="28">
							<String ID="string_110" HPOS="61" VPOS="502" WIDTH="36" HEIGHT="22" WC="0.96" CONTENT="det"/><SP WIDTH="22" VPOS="502" HPOS="97"/>
							<String ID="string_111" HPOS="119" VPOS="503" WIDTH="28" HEIGHT="26" WC="0.96" CONTENT="på"/><SP WIDTH="23" VPOS="503" HPOS="147"/>
							<String ID="string_112" HPOS="170" VPOS="508" WIDTH="75" HEIGHT="16" WC="0.96" CONTENT="senare"/><SP WIDTH="23" VPOS="508" HPOS="245"/>
							<String ID="string_113" HPOS="268" VPOS="501" WIDTH="56" HEIGHT="22" WC="0.96" CONTENT="tider"/><SP WIDTH="16" VPOS="501" HPOS="324"/>
							<String ID="string_114" HPOS="340" VPOS="502" WIDTH="37" HEIGHT="21" WC="0.96" CONTENT="allt"/><SP WIDTH="16" VPOS="502" HPOS="377"/>
							<String ID="string_115" HPOS="393" VPOS="501" WIDTH="133" HEIGHT="22" WC="0.96" CONTENT="allmännare"/><SP WIDTH="16" VPOS="501" HPOS="526"/>
							<String ID="string_116" HPOS="542" VPOS="501" WIDTH="32" HEIGHT="28" WC="0.95" CONTENT="sig"/><SP WIDTH="15" VPOS="501" HPOS="574"/>
							<String ID="string_117" HPOS="589" VPOS="501" WIDTH="89" HEIGHT="22" WC="0.93" CONTENT="visande"/><SP WIDTH="16" VPOS="501" HPOS="678"/>
							<String ID="string_118" HPOS="694" VPOS="501" WIDTH="138" HEIGHT="27" WC="0.91" CONTENT="sträfvandet,"/><SP WIDTH="17" VPOS="501" HPOS="832"/>
							<String ID="string_119" HPOS="849" VPOS="502" WIDTH="33" HEIGHT="20" WC="0.96" CONTENT="att"/>
						</TextLine>
						<TextLine ID="line_13" HPOS="59" VPOS="529" WIDTH="822" HEIGHT="29">
							<String ID="string_120" HPOS="59" VPOS="531" WIDTH="85" HEIGHT="21" WC="0.96" CONTENT="komma"/><SP WIDTH="13" VPOS="531" HPOS="144"/>
							<String ID="string_121" HPOS="157" VPOS="531" WIDTH="8" HEIGHT="21" WC="0.96" CONTENT="i"/><SP WIDTH="16" VPOS="531" HPOS="165"/>
							<String ID="string_122" HPOS="181" VPOS="531" WIDTH="125" HEIGHT="27" WC="0.96" CONTENT="åtnjutande"/><SP WIDTH="17" VPOS="531" HPOS="306"/>
							<String ID="string_123" HPOS="323" VPOS="530" WIDTH="22" HEIGHT="22" WC="0.96" CONTENT="af"/><SP WIDTH="13" VPOS="530" HPOS="345"/>
							<String ID="string_124" HPOS="358" VPOS="530" WIDTH="67" HEIGHT="27" WC="0.93" CONTENT="högre"/><SP WIDTH="16" VPOS="530" HPOS="425"/>
							<String ID="string_125" HPOS="441" VPOS="530" WIDTH="183" HEIGHT="27" WC="0.92" CONTENT="qvinnobildning,"/><SP WIDTH="16" VPOS="530" HPOS="624"/>
							<String ID="string_126" HPOS="640" VPOS="529" WIDTH="62" HEIGHT="23" WC="0.93" CONTENT="äfven"/><SP WIDTH="16" VPOS="529" HPOS="702"/>
							<String ID="string_127" HPOS="718" VPOS="530" WIDTH="69" HEIGHT="27" WC="0.92" CONTENT="spridt"/><SP WIDTH="15" VPOS="530" HPOS="787"/>
							<String ID="string_128" HPOS="802" VPOS="530" WIDTH="33" HEIGHT="27" WC="0.96" CONTENT="sig"/><SP WIDTH="13" VPOS="530" HPOS="835"/>
							<String ID="string_129" HPOS="848" VPOS="529" WIDTH="33" HEIGHT="22" WC="0.96" CONTENT="till"/>
						</TextLine>
						<TextLine ID="line_14" HPOS="59" VPOS="559" WIDTH="821" HEIGHT="28">
							<String ID="string_130" HPOS="59" VPOS="560" WIDTH="38" HEIGHT="21" WC="0.96" CONTENT="vår"/><SP WIDTH="20" VPOS="560" HPOS="97"/>
							<String ID="string_131" HPOS="117" VPOS="560" WIDTH="56" HEIGHT="27" WC="0.96" CONTENT="höga"/><SP WIDTH="22" VPOS="560" HPOS="173"/>
							<String ID="string_132" HPOS="195" VPOS="559" WIDTH="60" HEIGHT="27" WC="0.92" CONTENT="nord,"/><SP WIDTH="23" VPOS="559" HPOS="255"/>
							<String ID="string_133" HPOS="278" VPOS="559" WIDTH="86" HEIGHT="22" WC="0.95" CONTENT="hvilken"/><SP WIDTH="23" VPOS="559" HPOS="364"/>
							<String ID="string_134" HPOS="387" VPOS="560" WIDTH="61" HEIGHT="26" WC="0.96" CONTENT="dock,"/><SP WIDTH="25" VPOS="560" HPOS="448"/>
							<String ID="string_135" HPOS="473" VPOS="559" WIDTH="51" HEIGHT="22" WC="0.96" CONTENT="tack"/><SP WIDTH="18" VPOS="559" HPOS="524"/>
							<String ID="string_136" HPOS="542" VPOS="565" WIDTH="50" HEIGHT="16" WC="0.96" CONTENT="vare"/><SP WIDTH="16" VPOS="565" HPOS="592"/>
							<String ID="string_137" HPOS="608" VPOS="559" WIDTH="32" HEIGHT="22" WC="0.96" CONTENT="sin"/><SP WIDTH="16" VPOS="559" HPOS="640"/>
							<String ID="string_138" HPOS="656" VPOS="560" WIDTH="101" HEIGHT="26" WC="0.96" CONTENT="separata"/><SP WIDTH="15" VPOS="560" HPOS="757"/>
							<String ID="string_139" HPOS="772" VPOS="559" WIDTH="108" HEIGHT="27" WC="0.95" CONTENT="ställning,"/>
						</TextLine>
						<TextLine ID="line_15" HPOS="59" VPOS="587" WIDTH="822" HEIGHT="29">
							<String ID="string_140" HPOS="59" VPOS="587" WIDTH="69" HEIGHT="23" WC="0.96" CONTENT="blifvit"/><SP WIDTH="14" VPOS="587" HPOS="128"/>
							<String ID="string_141" HPOS="142" VPOS="588" WIDTH="54" HEIGHT="22" WC="0.93" CONTENT="efter"/><SP WIDTH="14" VPOS="588" HPOS="196"/>
							<String ID="string_142" HPOS="210" VPOS="589" WIDTH="164" HEIGHT="27" WC="0.91" CONTENT="kejsaredömet."/><SP WIDTH="22" VPOS="589" HPOS="374"/>
							<String ID="string_143" HPOS="396" VPOS="589" WIDTH="48" HEIGHT="20" WC="0.96" CONTENT="Den"/><SP WIDTH="16" VPOS="589" HPOS="444"/>
							<String ID="string_144" HPOS="460" VPOS="588" WIDTH="194" HEIGHT="27" WC="0.96" CONTENT="omständigheten,"/><SP WIDTH="17" VPOS="588" HPOS="654"/>
							<String ID="string_145" HPOS="671" VPOS="589" WIDTH="33" HEIGHT="20" WC="0.96" CONTENT="att"/><SP WIDTH="15" VPOS="589" HPOS="704"/>
							<String ID="string_146" HPOS="719" VPOS="588" WIDTH="112" HEIGHT="21" WC="0.96" CONTENT="akademin"/><SP WIDTH="9" VPOS="588" HPOS="831"/>
							<String ID="string_147" HPOS="840" VPOS="587" WIDTH="41" HEIGHT="22" WC="0.96" CONTENT="och"/>
						</TextLine>
						<TextLine ID="line_16" HPOS="59" VPOS="617" WIDTH="821" HEIGHT="28">
							<String ID="string_148" HPOS="59" VPOS="617" WIDTH="106" HEIGHT="22" WC="0.91" CONTENT="lärosalen"/><SP WIDTH="15" VPOS="617" HPOS="165"/>
							<String ID="string_149" HPOS="180" VPOS="617" WIDTH="94" HEIGHT="28" WC="0.96" CONTENT="upphört"/><SP WIDTH="15" VPOS="617" HPOS="274"/>
							<String ID="string_150" HPOS="289" VPOS="617" WIDTH="49" HEIGHT="22" WC="0.96" CONTENT="med"/><SP WIDTH="16" VPOS="617" HPOS="338"/>
							<String ID="string_151" HPOS="354" VPOS="617" WIDTH="32" HEIGHT="22" WC="0.96" CONTENT="sin"/><SP WIDTH="15" VPOS="617" HPOS="386"/>
							<String ID="string_152" HPOS="401" VPOS="617" WIDTH="145" HEIGHT="27" WC="0.96" CONTENT="verksamhet,"/><SP WIDTH="9" VPOS="617" HPOS="546"/>
							<String ID="string_153" HPOS="555" VPOS="617" WIDTH="105" HEIGHT="22" WC="0.96" CONTENT="förklaras"/><SP WIDTH="10" VPOS="617" HPOS="660"/>
							<String ID="string_154" HPOS="670" VPOS="623" WIDTH="76" HEIGHT="21" WC="0.93" CONTENT="genom"/><SP WIDTH="9" VPOS="623" HPOS="746"/>
							<String ID="string_155" HPOS="755" VPOS="634" WIDTH="12" HEIGHT="9" WC="0.72" CONTENT=",,"/><SP WIDTH="2" VPOS="634" HPOS="767"/>
							<String ID="string_156" HPOS="769" VPOS="617" WIDTH="111" HEIGHT="26" WC="0.96" CONTENT="bristande"/>
						</TextLine>
						<TextLine ID="line_17" HPOS="59" VPOS="645" WIDTH="822" HEIGHT="29">
							<String ID="string_157" HPOS="59" VPOS="645" WIDTH="128" HEIGHT="29" WC="0.92" CONTENT="förbildning"/><SP WIDTH="18" VPOS="645" HPOS="187"/>
							<String ID="string_158" HPOS="205" VPOS="646" WIDTH="39" HEIGHT="22" WC="0.96" CONTENT="hos"/><SP WIDTH="22" VPOS="646" HPOS="244"/>
							<String ID="string_159" HPOS="266" VPOS="646" WIDTH="42" HEIGHT="21" WC="0.96" CONTENT="den"/><SP WIDTH="15" VPOS="646" HPOS="308"/>
							<String ID="string_160" HPOS="323" VPOS="645" WIDTH="70" HEIGHT="22" WC="0.93" CONTENT="finska"/><SP WIDTH="15" VPOS="645" HPOS="393"/>
							<String ID="string_161" HPOS="408" VPOS="646" WIDTH="115" HEIGHT="27" WC="0.41" CONTENT="gvinnan&quot;."/><SP WIDTH="30" VPOS="646" HPOS="523"/>
							<String ID="string_162" HPOS="553" VPOS="646" WIDTH="44" HEIGHT="21" WC="0.96" CONTENT="För"/><SP WIDTH="14" VPOS="646" HPOS="597"/>
							<String ID="string_163" HPOS="611" VPOS="646" WIDTH="139" HEIGHT="26" WC="0.96" CONTENT="närvarande,"/><SP WIDTH="16" VPOS="646" HPOS="750"/>
							<String ID="string_164" HPOS="766" VPOS="645" WIDTH="62" HEIGHT="22" WC="0.96" CONTENT="heter"/><SP WIDTH="15" VPOS="645" HPOS="828"/>
							<String ID="string_165" HPOS="843" VPOS="645" WIDTH="38" HEIGHT="22" WC="0.96" CONTENT="det"/>
						</TextLine>
						<TextLine ID="line_18" HPOS="59" VPOS="674" WIDTH="822" HEIGHT="28">
							<String ID="string_166" HPOS="59" VPOS="675" WIDTH="73" HEIGHT="22" WC="0.96" CONTENT="vidare"/><SP WIDTH="19" VPOS="675" HPOS="132"/>
							<String ID="string_167" HPOS="151" VPOS="675" WIDTH="7" HEIGHT="21" WC="0.96" CONTENT="i"/><SP WIDTH="17" VPOS="675" HPOS="158"/>
							<String ID="string_168" HPOS="175" VPOS="681" WIDTH="81" HEIGHT="16" WC="0.96" CONTENT="samma"/><SP WIDTH="14" VPOS="681" HPOS="256"/>
							<String ID="string_169" HPOS="270" VPOS="675" WIDTH="58" HEIGHT="21" WC="0.93" CONTENT="Mars"/><SP WIDTH="17" VPOS="675" HPOS="328"/>
							<String ID="string_170" HPOS="345" VPOS="674" WIDTH="65" HEIGHT="27" WC="0.92" CONTENT="häfte,"/><SP WIDTH="15" VPOS="674" HPOS="410"/>
							<String ID="string_171" HPOS="425" VPOS="681" WIDTH="52" HEIGHT="16" WC="0.92" CONTENT="vore"/><SP WIDTH="17" VPOS="681" HPOS="477"/>
							<String ID="string_172" HPOS="494" VPOS="681" WIDTH="26" HEIGHT="16" WC="0.93" CONTENT="en"/><SP WIDTH="16" VPOS="681" HPOS="520"/>
							<String ID="string_173" HPOS="536" VPOS="675" WIDTH="92" HEIGHT="27" WC="0.91" CONTENT="petition"/><SP WIDTH="14" VPOS="675" HPOS="628"/>
							<String ID="string_174" HPOS="642" VPOS="675" WIDTH="106" HEIGHT="21" WC="0.92" CONTENT="inlemnad"/><SP WIDTH="16" VPOS="675" HPOS="748"/>
							<String ID="string_175" HPOS="764" VPOS="675" WIDTH="33" HEIGHT="20" WC="0.92" CONTENT="till"/><SP WIDTH="13" VPOS="675" HPOS="797"/>
							<String ID="string_176" HPOS="810" VPOS="674" WIDTH="71" HEIGHT="21" WC="0.92" CONTENT="landt-"/>
						</TextLine>
						<TextLine ID="line_19" HPOS="60" VPOS="703" WIDTH="820" HEIGHT="28">
							<String ID="string_177" HPOS="60" VPOS="704" WIDTH="68" HEIGHT="27" WC="0.96" CONTENT="dagen"/><SP WIDTH="21" VPOS="704" HPOS="128"/>
							<String ID="string_178" HPOS="149" VPOS="704" WIDTH="22" HEIGHT="21" WC="0.93" CONTENT="af"/><SP WIDTH="17" VPOS="704" HPOS="171"/>
							<String ID="string_179" HPOS="188" VPOS="704" WIDTH="50" HEIGHT="22" WC="0.96" CONTENT="herr"/><SP WIDTH="14" VPOS="704" HPOS="238"/>
							<String ID="string_180" HPOS="252" VPOS="703" WIDTH="133" HEIGHT="28" WC="0.96" CONTENT="Gripenberg"/><SP WIDTH="14" VPOS="703" HPOS="385"/>
							<String ID="string_181" HPOS="399" VPOS="704" WIDTH="7" HEIGHT="21" WC="0.96" CONTENT="i"/><SP WIDTH="17" VPOS="704" HPOS="406"/>
							<String ID="string_182" HPOS="423" VPOS="703" WIDTH="56" HEIGHT="28" WC="0.96" CONTENT="syfte"/><SP WIDTH="17" VPOS="703" HPOS="479"/>
							<String ID="string_183" HPOS="496" VPOS="705" WIDTH="33" HEIGHT="20" WC="0.93" CONTENT="att"/><SP WIDTH="15" VPOS="705" HPOS="529"/>
							<String ID="string_184" HPOS="544" VPOS="704" WIDTH="149" HEIGHT="21" WC="0.91" CONTENT="åstadkomma"/><SP WIDTH="16" VPOS="704" HPOS="693"/>
							<String ID="string_185" HPOS="709" VPOS="703" WIDTH="86" HEIGHT="27" WC="0.92" CONTENT="ätgärds"/><SP WIDTH="16" VPOS="703" HPOS="795"/>
							<String ID="string_186" HPOS="811" VPOS="703" WIDTH="69" HEIGHT="22" WC="0.93" CONTENT="vidta-"/>
						</TextLine>
						<TextLine ID="line_20" HPOS="60" VPOS="731" WIDTH="820" HEIGHT="29">
							<String ID="string_187" HPOS="60" VPOS="733" WIDTH="69" HEIGHT="27" WC="0.96" CONTENT="gande"/><SP WIDTH="22" VPOS="733" HPOS="129"/>
							<String ID="string_188" HPOS="151" VPOS="733" WIDTH="32" HEIGHT="22" WC="0.92" CONTENT="för"/><SP WIDTH="22" VPOS="733" HPOS="183"/>
							<String ID="string_189" HPOS="205" VPOS="733" WIDTH="92" HEIGHT="27" WC="0.96" CONTENT="höjande"/><SP WIDTH="21" VPOS="733" HPOS="297"/>
							<String ID="string_190" HPOS="318" VPOS="733" WIDTH="22" HEIGHT="21" WC="0.93" CONTENT="af"/><SP WIDTH="18" VPOS="733" HPOS="340"/>
							<String ID="string_191" HPOS="358" VPOS="733" WIDTH="210" HEIGHT="27" WC="0.60" CONTENT="gvinnobildningen."/><SP WIDTH="31" VPOS="733" HPOS="568"/>
							<String ID="string_192" HPOS="599" VPOS="733" WIDTH="56" HEIGHT="21" WC="0.96" CONTENT="Herr"/><SP WIDTH="18" VPOS="733" HPOS="655"/>
							<String ID="string_193" HPOS="673" VPOS="732" WIDTH="134" HEIGHT="27" WC="0.95" CONTENT="Gripenberg"/><SP WIDTH="18" VPOS="732" HPOS="807"/>
							<String ID="string_194" HPOS="825" VPOS="731" WIDTH="55" HEIGHT="22" WC="0.95" CONTENT="skall"/>
						</TextLine>
						<TextLine ID="line_21" HPOS="59" VPOS="761" WIDTH="821" HEIGHT="28">
							<String ID="string_195" HPOS="59" VPOS="761" WIDTH="64" HEIGHT="22" WC="0.92" CONTENT="hafva"/><SP WIDTH="14" VPOS="761" HPOS="123"/>
							<String ID="string_196" HPOS="137" VPOS="762" WIDTH="102" HEIGHT="21" WC="0.88" CONTENT="inlemnat"/><SP WIDTH="14" VPOS="762" HPOS="239"/>
							<String ID="string_197" HPOS="253" VPOS="762" WIDTH="28" HEIGHT="27" WC="0.93" CONTENT="pä"/><SP WIDTH="15" VPOS="762" HPOS="281"/>
							<String ID="string_198" HPOS="296" VPOS="761" WIDTH="57" HEIGHT="22" WC="0.93" CONTENT="förra"/><SP WIDTH="14" VPOS="761" HPOS="353"/>
							<String ID="string_199" HPOS="367" VPOS="761" WIDTH="133" HEIGHT="28" WC="0.92" CONTENT="landtdagen"/><SP WIDTH="16" VPOS="761" HPOS="500"/>
							<String ID="string_200" HPOS="516" VPOS="768" WIDTH="26" HEIGHT="15" WC="0.93" CONTENT="en"/><SP WIDTH="10" VPOS="768" HPOS="542"/>
							<String ID="string_201" HPOS="552" VPOS="761" WIDTH="94" HEIGHT="22" WC="0.96" CONTENT="likartad"/><SP WIDTH="10" VPOS="761" HPOS="646"/>
							<String ID="string_202" HPOS="656" VPOS="761" WIDTH="96" HEIGHT="27" WC="0.96" CONTENT="petition,"/><SP WIDTH="13" VPOS="761" HPOS="752"/>
							<String ID="string_203" HPOS="765" VPOS="761" WIDTH="54" HEIGHT="22" WC="0.96" CONTENT="dock"/><SP WIDTH="9" VPOS="761" HPOS="819"/>
							<String ID="string_204" HPOS="828" VPOS="763" WIDTH="52" HEIGHT="19" WC="0.96" CONTENT="utan"/>
						</TextLine>
						<TextLine ID="line_22" HPOS="59" VPOS="789" WIDTH="821" HEIGHT="29">
							<String ID="string_205" HPOS="59" VPOS="792" WIDTH="33" HEIGHT="19" WC="0.95" CONTENT="att"/><SP WIDTH="22" VPOS="792" HPOS="92"/>
							<String ID="string_206" HPOS="114" VPOS="791" WIDTH="41" HEIGHT="21" WC="0.93" CONTENT="den"/><SP WIDTH="22" VPOS="791" HPOS="155"/>
							<String ID="string_207" HPOS="177" VPOS="791" WIDTH="83" HEIGHT="26" WC="0.92" CONTENT="gängen"/><SP WIDTH="22" VPOS="791" HPOS="260"/>
							<String ID="string_208" HPOS="282" VPOS="790" WIDTH="63" HEIGHT="21" WC="0.91" CONTENT="hafva"/><SP WIDTH="14" VPOS="790" HPOS="345"/>
							<String ID="string_209" HPOS="359" VPOS="790" WIDTH="89" HEIGHT="28" WC="0.87" CONTENT="lyckats."/><SP WIDTH="31" VPOS="790" HPOS="448"/>
							<String ID="string_210" HPOS="479" VPOS="791" WIDTH="36" HEIGHT="21" WC="0.92" CONTENT="Nu"/><SP WIDTH="16" VPOS="791" HPOS="515"/>
							<String ID="string_211" HPOS="531" VPOS="791" WIDTH="96" HEIGHT="21" WC="0.91" CONTENT="deremot"/><SP WIDTH="15" VPOS="791" HPOS="627"/>
							<String ID="string_212" HPOS="642" VPOS="796" WIDTH="63" HEIGHT="15" WC="0.96" CONTENT="anses"/><SP WIDTH="15" VPOS="796" HPOS="705"/>
							<String ID="string_213" HPOS="720" VPOS="789" WIDTH="53" HEIGHT="22" WC="0.92" CONTENT="hans"/><SP WIDTH="16" VPOS="789" HPOS="773"/>
							<String ID="string_214" HPOS="789" VPOS="789" WIDTH="91" HEIGHT="28" WC="0.92" CONTENT="petition"/>
						</TextLine>
						<TextLine ID="line_23" HPOS="59" VPOS="819" WIDTH="820" HEIGHT="28">
							<String ID="string_215" HPOS="59" VPOS="819" WIDTH="48" HEIGHT="22" WC="0.91" CONTENT="icke"/><SP WIDTH="14" VPOS="819" HPOS="107"/>
							<String ID="string_216" HPOS="121" VPOS="819" WIDTH="73" HEIGHT="22" WC="0.93" CONTENT="kunna"/><SP WIDTH="14" VPOS="819" HPOS="194"/>
							<String ID="string_217" HPOS="208" VPOS="819" WIDTH="89" HEIGHT="26" WC="0.92" CONTENT="förfalla,"/><SP WIDTH="17" VPOS="819" HPOS="297"/>
							<String ID="string_218" HPOS="314" VPOS="819" WIDTH="28" HEIGHT="21" WC="0.96" CONTENT="dä"/><SP WIDTH="16" VPOS="819" HPOS="342"/>
							<String ID="string_219" HPOS="358" VPOS="819" WIDTH="40" HEIGHT="22" WC="0.97" CONTENT="den"/><SP WIDTH="16" VPOS="819" HPOS="398"/>
							<String ID="string_220" HPOS="414" VPOS="819" WIDTH="22" HEIGHT="22" WC="0.92" CONTENT="af"/><SP WIDTH="13" VPOS="819" HPOS="436"/>
							<String ID="string_221" HPOS="449" VPOS="819" WIDTH="129" HEIGHT="27" WC="0.91" CONTENT="adelskapet"/><SP WIDTH="10" VPOS="819" HPOS="578"/>
							<String ID="string_222" HPOS="588" VPOS="819" WIDTH="110" HEIGHT="28" WC="0.91" CONTENT="upptagits"/><SP WIDTH="9" VPOS="819" HPOS="698"/>
							<String ID="string_223" HPOS="707" VPOS="819" WIDTH="40" HEIGHT="21" WC="0.96" CONTENT="och"/><SP WIDTH="8" VPOS="819" HPOS="747"/>
							<String ID="string_224" HPOS="755" VPOS="819" WIDTH="32" HEIGHT="21" WC="0.93" CONTENT="till"/><SP WIDTH="8" VPOS="819" HPOS="787"/>
							<String ID="string_225" HPOS="795" VPOS="819" WIDTH="84" HEIGHT="21" WC="0.92" CONTENT="utskot-"/>
						</TextLine>
						<TextLine ID="line_24" HPOS="59" VPOS="847" WIDTH="820" HEIGHT="28">
							<String ID="string_226" HPOS="59" VPOS="849" WIDTH="44" HEIGHT="20" WC="0.92" CONTENT="tets"/><SP WIDTH="14" VPOS="849" HPOS="103"/>
							<String ID="string_227" HPOS="117" VPOS="848" WIDTH="128" HEIGHT="27" WC="0.93" CONTENT="behandling"/><SP WIDTH="15" VPOS="848" HPOS="245"/>
							<String ID="string_228" HPOS="260" VPOS="847" WIDTH="157" HEIGHT="22" WC="0.92" CONTENT="öfverlemnats."/><SP WIDTH="32" VPOS="847" HPOS="417"/>
							<String ID="string_229" HPOS="449" VPOS="848" WIDTH="30" HEIGHT="21" WC="0.93" CONTENT="Sä"/><SP WIDTH="14" VPOS="848" HPOS="479"/>
							<String ID="string_230" HPOS="493" VPOS="848" WIDTH="61" HEIGHT="27" WC="0.96" CONTENT="långt"/><SP WIDTH="14" VPOS="848" HPOS="554"/>
							<String ID="string_231" HPOS="568" VPOS="848" WIDTH="123" HEIGHT="22" WC="0.93" CONTENT="Journalen."/><SP WIDTH="16" VPOS="848" HPOS="691"/>
							<String ID="string_232" HPOS="707" VPOS="859" WIDTH="28" HEIGHT="4" WC="0.93" CONTENT="—"/><SP WIDTH="14" VPOS="859" HPOS="735"/>
							<String ID="string_233" HPOS="749" VPOS="847" WIDTH="40" HEIGHT="22" WC="0.92" CONTENT="IC."/><SP WIDTH="8" VPOS="847" HPOS="789"/>
							<String ID="string_234" HPOS="797" VPOS="847" WIDTH="82" HEIGHT="28" WC="0.91" CONTENT="Ilerep-"/>
						</TextLine>
						<TextLine ID="line_25" HPOS="59" VPOS="875" WIDTH="819" HEIGHT="30">
							<String ID="string_235" HPOS="59" VPOS="875" WIDTH="106" HEIGHT="30" WC="0.38" CONTENT="Oyprexia"/><SP WIDTH="22" VPOS="875" HPOS="165"/>
							<String ID="string_236" HPOS="187" VPOS="877" WIDTH="132" HEIGHT="24" WC="0.0" CONTENT="Btomocrm"/><SP WIDTH="22" VPOS="877" HPOS="319"/>
							<String ID="string_237" HPOS="341" VPOS="877" WIDTH="39" HEIGHT="21" WC="0.96" CONTENT="har"/><SP WIDTH="23" VPOS="877" HPOS="380"/>
							<String ID="string_238" HPOS="403" VPOS="883" WIDTH="26" HEIGHT="16" WC="0.96" CONTENT="en"/><SP WIDTH="15" VPOS="883" HPOS="429"/>
							<String ID="string_239" HPOS="444" VPOS="877" WIDTH="55" HEIGHT="21" WC="0.92" CONTENT="liten"/><SP WIDTH="15" VPOS="877" HPOS="499"/>
							<String ID="string_240" HPOS="514" VPOS="878" WIDTH="90" HEIGHT="26" WC="0.96" CONTENT="uppsats"/><SP WIDTH="16" VPOS="878" HPOS="604"/>
							<String ID="string_241" HPOS="620" VPOS="877" WIDTH="55" HEIGHT="21" WC="0.93" CONTENT="varit"/><SP WIDTH="15" VPOS="877" HPOS="675"/>
							<String ID="string_242" HPOS="690" VPOS="876" WIDTH="69" HEIGHT="28" WC="0.96" CONTENT="synlig"/><SP WIDTH="14" VPOS="876" HPOS="759"/>
							<String ID="string_243" HPOS="773" VPOS="877" WIDTH="7" HEIGHT="20" WC="0.96" CONTENT="i"/><SP WIDTH="15" VPOS="877" HPOS="780"/>
							<String ID="string_244" HPOS="795" VPOS="877" WIDTH="40" HEIGHT="21" WC="0.96" CONTENT="N:o"/><SP WIDTH="16" VPOS="877" HPOS="835"/>
							<String ID="string_245" HPOS="851" VPOS="878" WIDTH="27" HEIGHT="20" WC="0.97" CONTENT="89"/>
						</TextLine>
						<TextLine ID="line_26" HPOS="59" VPOS="905" WIDTH="819" HEIGHT="28">
							<String ID="string_246" HPOS="59" VPOS="905" WIDTH="33" HEIGHT="22" WC="0.95" CONTENT="för"/><SP WIDTH="23" VPOS="905" HPOS="92"/>
							<String ID="string_247" HPOS="115" VPOS="905" WIDTH="60" HEIGHT="22" WC="0.95" CONTENT="detta"/><SP WIDTH="21" VPOS="905" HPOS="175"/>
							<String ID="string_248" HPOS="196" VPOS="906" WIDTH="30" HEIGHT="26" WC="0.93" CONTENT="är,"/><SP WIDTH="22" VPOS="906" HPOS="226"/>
							<String ID="string_249" HPOS="248" VPOS="905" WIDTH="151" HEIGHT="22" WC="0.96" CONTENT="innehållande"/><SP WIDTH="23" VPOS="905" HPOS="399"/>
							<String ID="string_250" HPOS="422" VPOS="907" WIDTH="32" HEIGHT="20" WC="0.93" CONTENT="ett"/><SP WIDTH="22" VPOS="907" HPOS="454"/>
							<String ID="string_251" HPOS="476" VPOS="905" WIDTH="82" HEIGHT="22" WC="0.93" CONTENT="referat"/><SP WIDTH="18" VPOS="905" HPOS="558"/>
							<String ID="string_252" HPOS="576" VPOS="905" WIDTH="34" HEIGHT="22" WC="0.83" CONTENT="orh"/><SP WIDTH="15" VPOS="905" HPOS="610"/>
							<String ID="string_253" HPOS="625" VPOS="906" WIDTH="66" HEIGHT="27" WC="0.92" CONTENT="sagde"/><SP WIDTH="15" VPOS="906" HPOS="691"/>
							<String ID="string_254" HPOS="706" VPOS="905" WIDTH="99" HEIGHT="22" WC="0.96" CONTENT="Journals"/><SP WIDTH="16" VPOS="905" HPOS="805"/>
							<String ID="string_255" HPOS="821" VPOS="905" WIDTH="57" HEIGHT="22" WC="0.96" CONTENT="Mars"/>
						</TextLine>
						<TextLine ID="line_27" HPOS="59" VPOS="933" WIDTH="820" HEIGHT="28">
							<String ID="string_256" HPOS="59" VPOS="934" WIDTH="65" HEIGHT="27" WC="0.92" CONTENT="häfte,"/><SP WIDTH="20" VPOS="934" HPOS="124"/>
							<String ID="string_257" HPOS="144" VPOS="935" WIDTH="38" HEIGHT="21" WC="0.96" CONTENT="der"/><SP WIDTH="21" VPOS="935" HPOS="182"/>
							<String ID="string_258" HPOS="203" VPOS="935" WIDTH="42" HEIGHT="26" WC="0.93" CONTENT="det,"/><SP WIDTH="17" VPOS="935" HPOS="245"/>
							<String ID="string_259" HPOS="262" VPOS="934" WIDTH="112" HEIGHT="22" WC="0.92" CONTENT="afvikande"/><SP WIDTH="15" VPOS="934" HPOS="374"/>
							<String ID="string_260" HPOS="389" VPOS="934" WIDTH="47" HEIGHT="22" WC="0.93" CONTENT="frän"/><SP WIDTH="15" VPOS="934" HPOS="436"/>
							<String ID="string_261" HPOS="451" VPOS="935" WIDTH="131" HEIGHT="22" WC="0.92" CONTENT="Journalens"/><SP WIDTH="16" VPOS="935" HPOS="582"/>
							<String ID="string_262" HPOS="598" VPOS="936" WIDTH="52" HEIGHT="25" WC="0.96" CONTENT="text,"/><SP WIDTH="16" VPOS="936" HPOS="650"/>
							<String ID="string_263" HPOS="666" VPOS="935" WIDTH="61" HEIGHT="21" WC="0.96" CONTENT="heter"/><SP WIDTH="15" VPOS="935" HPOS="727"/>
							<String ID="string_264" HPOS="742" VPOS="936" WIDTH="33" HEIGHT="19" WC="0.93" CONTENT="att"/><SP WIDTH="14" VPOS="936" HPOS="775"/>
							<String ID="string_265" HPOS="789" VPOS="933" WIDTH="90" HEIGHT="22" WC="0.96" CONTENT="Finland"/>
						</TextLine>
						<TextLine ID="line_28" HPOS="59" VPOS="963" WIDTH="821" HEIGHT="28">
							<String ID="string_266" HPOS="59" VPOS="963" WIDTH="7" HEIGHT="21" WC="0.93" CONTENT="i"/><SP WIDTH="21" VPOS="963" HPOS="66"/>
							<String ID="string_267" HPOS="87" VPOS="963" WIDTH="60" HEIGHT="27" WC="0.95" CONTENT="fråga"/><SP WIDTH="22" VPOS="963" HPOS="147"/>
							<String ID="string_268" HPOS="169" VPOS="970" WIDTH="34" HEIGHT="15" WC="0.91" CONTENT="om"/><SP WIDTH="23" VPOS="970" HPOS="203"/>
							<String ID="string_269" HPOS="226" VPOS="963" WIDTH="174" HEIGHT="28" WC="0.91" CONTENT="gvinnobildning"/><SP WIDTH="21" VPOS="963" HPOS="400"/>
							<String ID="string_270" HPOS="421" VPOS="963" WIDTH="72" HEIGHT="22" WC="0.95" CONTENT="blifvit"/><SP WIDTH="22" VPOS="963" HPOS="493"/>
							<String ID="string_271" HPOS="515" VPOS="964" WIDTH="59" HEIGHT="27" WC="0.96" CONTENT="långt"/><SP WIDTH="20" VPOS="964" HPOS="574"/>
							<String ID="string_272" HPOS="594" VPOS="963" WIDTH="54" HEIGHT="22" WC="0.96" CONTENT="efter"/><SP WIDTH="14" VPOS="963" HPOS="648"/>
							<String ID="string_273" HPOS="662" VPOS="963" WIDTH="113" HEIGHT="28" WC="0.96" CONTENT="Ryssland,"/><SP WIDTH="16" VPOS="963" HPOS="775"/>
							<String ID="string_274" HPOS="791" VPOS="963" WIDTH="41" HEIGHT="22" WC="0.96" CONTENT="och"/><SP WIDTH="15" VPOS="963" HPOS="832"/>
							<String ID="string_275" HPOS="847" VPOS="964" WIDTH="33" HEIGHT="20" WC="0.96" CONTENT="att"/>
						</TextLine>
						<TextLine ID="line_29" HPOS="59" VPOS="992" WIDTH="819" HEIGHT="27">
							<String ID="string_276" HPOS="59" VPOS="992" WIDTH="40" HEIGHT="21" WC="0.95" CONTENT="hos"/><SP WIDTH="23" VPOS="992" HPOS="99"/>
							<String ID="string_277" HPOS="122" VPOS="998" WIDTH="36" HEIGHT="15" WC="0.93" CONTENT="oss"/><SP WIDTH="18" VPOS="998" HPOS="158"/>
							<String ID="string_278" HPOS="176" VPOS="992" WIDTH="124" HEIGHT="27" WC="0.95" CONTENT="fullkomligt"/><SP WIDTH="15" VPOS="992" HPOS="300"/>
							<String ID="string_279" HPOS="315" VPOS="993" WIDTH="77" HEIGHT="21" WC="0.93" CONTENT="saknas"/><SP WIDTH="17" VPOS="993" HPOS="392"/>
							<String ID="string_280" HPOS="409" VPOS="993" WIDTH="84" HEIGHT="21" WC="0.93" CONTENT="sådana"/><SP WIDTH="15" VPOS="993" HPOS="493"/>
							<String ID="string_281" HPOS="508" VPOS="992" WIDTH="224" HEIGHT="26" WC="0.92" CONTENT="fruntimmersskolor,"/><SP WIDTH="16" VPOS="992" HPOS="732"/>
							<String ID="string_282" HPOS="748" VPOS="998" WIDTH="47" HEIGHT="15" WC="0.96" CONTENT="som"/><SP WIDTH="14" VPOS="998" HPOS="795"/>
							<String ID="string_283" HPOS="809" VPOS="992" WIDTH="69" HEIGHT="21" WC="0.96" CONTENT="skulle"/>
						</TextLine>
						<TextLine ID="line_30" HPOS="59" VPOS="1020" WIDTH="820" HEIGHT="29">
							<String ID="string_284" HPOS="59" VPOS="1022" WIDTH="109" HEIGHT="21" WC="0.94" CONTENT="motsvara"/><SP WIDTH="18" VPOS="1022" HPOS="168"/>
							<String ID="string_285" HPOS="186" VPOS="1021" WIDTH="26" HEIGHT="22" WC="0.92" CONTENT="de"/><SP WIDTH="16" VPOS="1021" HPOS="212"/>
							<String ID="string_286" HPOS="228" VPOS="1021" WIDTH="93" HEIGHT="27" WC="0.92" CONTENT="gvinliga"/><SP WIDTH="15" VPOS="1021" HPOS="321"/>
							<String ID="string_287" HPOS="336" VPOS="1022" WIDTH="127" HEIGHT="27" WC="0.96" CONTENT="gymnasier,"/><SP WIDTH="16" VPOS="1022" HPOS="463"/>
							<String ID="string_288" HPOS="479" VPOS="1027" WIDTH="48" HEIGHT="16" WC="0.96" CONTENT="som"/><SP WIDTH="15" VPOS="1027" HPOS="527"/>
							<String ID="string_289" HPOS="542" VPOS="1021" WIDTH="68" HEIGHT="22" WC="0.95" CONTENT="finnas"/><SP WIDTH="14" VPOS="1021" HPOS="610"/>
							<String ID="string_290" HPOS="624" VPOS="1021" WIDTH="8" HEIGHT="21" WC="0.96" CONTENT="i"/><SP WIDTH="15" VPOS="1021" HPOS="632"/>
							<String ID="string_291" HPOS="647" VPOS="1021" WIDTH="110" HEIGHT="27" WC="0.96" CONTENT="Ryssland,"/><SP WIDTH="10" VPOS="1021" HPOS="757"/>
							<String ID="string_292" HPOS="767" VPOS="1021" WIDTH="40" HEIGHT="21" WC="0.97" CONTENT="och"/><SP WIDTH="11" VPOS="1021" HPOS="807"/>
							<String ID="string_293" HPOS="818" VPOS="1020" WIDTH="61" HEIGHT="22" WC="0.96" CONTENT="detta"/>
						</TextLine>
						<TextLine ID="line_31" HPOS="59" VPOS="1049" WIDTH="818" HEIGHT="29">
							<String ID="string_294" HPOS="59" VPOS="1050" WIDTH="28" HEIGHT="27" WC="0.96" CONTENT="pä"/><SP WIDTH="22" VPOS="1050" HPOS="87"/>
							<String ID="string_295" HPOS="109" VPOS="1056" WIDTH="26" HEIGHT="15" WC="0.96" CONTENT="en"/><SP WIDTH="22" VPOS="1056" HPOS="135"/>
							<String ID="string_296" HPOS="157" VPOS="1050" WIDTH="33" HEIGHT="21" WC="0.96" CONTENT="tid"/><SP WIDTH="19" VPOS="1050" HPOS="190"/>
							<String ID="string_297" HPOS="209" VPOS="1049" WIDTH="27" HEIGHT="22" WC="0.96" CONTENT="dä"/><SP WIDTH="16" VPOS="1049" HPOS="236"/>
							<String ID="string_298" HPOS="252" VPOS="1050" WIDTH="63" HEIGHT="21" WC="0.96" CONTENT="dessa"/><SP WIDTH="14" VPOS="1050" HPOS="315"/>
							<String ID="string_299" HPOS="329" VPOS="1056" WIDTH="82" HEIGHT="20" WC="0.96" CONTENT="senare,"/><SP WIDTH="17" VPOS="1056" HPOS="411"/>
							<String ID="string_300" HPOS="428" VPOS="1050" WIDTH="26" HEIGHT="21" WC="0.93" CONTENT="de"/><SP WIDTH="17" VPOS="1050" HPOS="454"/>
							<String ID="string_301" HPOS="471" VPOS="1050" WIDTH="95" HEIGHT="27" WC="0.92" CONTENT="gvinliga"/><SP WIDTH="14" VPOS="1050" HPOS="566"/>
							<String ID="string_302" HPOS="580" VPOS="1050" WIDTH="148" HEIGHT="28" WC="0.92" CONTENT="gymnasierna"/><SP WIDTH="15" VPOS="1050" HPOS="728"/>
							<String ID="string_303" HPOS="743" VPOS="1049" WIDTH="7" HEIGHT="22" WC="0.96" CONTENT="i"/><SP WIDTH="15" VPOS="1049" HPOS="750"/>
							<String ID="string_304" HPOS="765" VPOS="1049" WIDTH="112" HEIGHT="28" WC="0.96" CONTENT="Ryssland,"/>
						</TextLine>
						<TextLine ID="line_32" HPOS="59" VPOS="1078" WIDTH="819" HEIGHT="28">
							<String ID="string_305" HPOS="59" VPOS="1079" WIDTH="56" HEIGHT="21" WC="0.97" CONTENT="visat"/><SP WIDTH="15" VPOS="1079" HPOS="115"/>
							<String ID="string_306" HPOS="130" VPOS="1079" WIDTH="33" HEIGHT="27" WC="0.93" CONTENT="sig"/><SP WIDTH="14" VPOS="1079" HPOS="163"/>
							<String ID="string_307" HPOS="177" VPOS="1079" WIDTH="48" HEIGHT="21" WC="0.96" CONTENT="icke"/><SP WIDTH="10" VPOS="1079" HPOS="225"/>
							<String ID="string_308" HPOS="235" VPOS="1079" WIDTH="125" HEIGHT="27" WC="0.93" CONTENT="tillräckligt"/><SP WIDTH="10" VPOS="1079" HPOS="360"/>
							<String ID="string_309" HPOS="370" VPOS="1079" WIDTH="201" HEIGHT="22" WC="0.61" CONTENT="tillfredsställande"/><SP WIDTH="9" VPOS="1079" HPOS="571"/>
							<String ID="string_310" HPOS="580" VPOS="1079" WIDTH="40" HEIGHT="22" WC="0.93" CONTENT="och"/><SP WIDTH="8" VPOS="1079" HPOS="620"/>
							<String ID="string_311" HPOS="628" VPOS="1079" WIDTH="46" HEIGHT="22" WC="0.96" CONTENT="icke"/><SP WIDTH="11" VPOS="1079" HPOS="674"/>
							<String ID="string_312" HPOS="685" VPOS="1079" WIDTH="71" HEIGHT="21" WC="0.93" CONTENT="kunna"/><SP WIDTH="8" VPOS="1079" HPOS="756"/>
							<String ID="string_313" HPOS="764" VPOS="1078" WIDTH="114" HEIGHT="27" WC="0.95" CONTENT="tillgodose"/>
						</TextLine>
						<TextLine ID="line_33" HPOS="60" VPOS="1107" WIDTH="818" HEIGHT="28">
							<String ID="string_314" HPOS="60" VPOS="1107" WIDTH="37" HEIGHT="22" WC="0.93" CONTENT="det"/><SP WIDTH="14" VPOS="1107" HPOS="97"/>
							<String ID="string_315" HPOS="111" VPOS="1108" WIDTH="95" HEIGHT="21" WC="0.93" CONTENT="växande"/><SP WIDTH="15" VPOS="1108" HPOS="206"/>
							<String ID="string_316" HPOS="221" VPOS="1107" WIDTH="210" HEIGHT="28" WC="0.83" CONTENT="bildningsbehofvet"/><SP WIDTH="16" VPOS="1107" HPOS="431"/>
							<String ID="string_317" HPOS="447" VPOS="1107" WIDTH="41" HEIGHT="22" WC="0.96" CONTENT="och"/><SP WIDTH="16" VPOS="1107" HPOS="488"/>
							<String ID="string_318" HPOS="504" VPOS="1114" WIDTH="49" HEIGHT="15" WC="0.93" CONTENT="man"/><SP WIDTH="16" VPOS="1114" HPOS="553"/>
							<String ID="string_319" HPOS="569" VPOS="1107" WIDTH="83" HEIGHT="22" WC="0.92" CONTENT="derföre"/><SP WIDTH="14" VPOS="1107" HPOS="652"/>
							<String ID="string_320" HPOS="666" VPOS="1108" WIDTH="66" HEIGHT="21" WC="0.93" CONTENT="redan"/><SP WIDTH="13" VPOS="1108" HPOS="732"/>
							<String ID="string_321" HPOS="745" VPOS="1107" WIDTH="91" HEIGHT="28" WC="0.93" CONTENT="vidtagit"/><SP WIDTH="10" VPOS="1107" HPOS="836"/>
							<String ID="string_322" HPOS="846" VPOS="1107" WIDTH="32" HEIGHT="22" WC="0.78" CONTENT="ät-"/>
						</TextLine>
						<TextLine ID="line_34" HPOS="59" VPOS="1135" WIDTH="820" HEIGHT="29">
							<String ID="string_323" HPOS="59" VPOS="1136" WIDTH="54" HEIGHT="27" WC="0.92" CONTENT="gärd"/><SP WIDTH="15" VPOS="1136" HPOS="113"/>
							<String ID="string_324" HPOS="128" VPOS="1138" WIDTH="33" HEIGHT="20" WC="0.96" CONTENT="att"/><SP WIDTH="14" VPOS="1138" HPOS="161"/>
							<String ID="string_325" HPOS="175" VPOS="1137" WIDTH="51" HEIGHT="26" WC="0.93" CONTENT="göra"/><SP WIDTH="16" VPOS="1137" HPOS="226"/>
							<String ID="string_326" HPOS="242" VPOS="1136" WIDTH="61" HEIGHT="22" WC="0.93" CONTENT="äfven"/><SP WIDTH="14" VPOS="1136" HPOS="303"/>
							<String ID="string_327" HPOS="317" VPOS="1137" WIDTH="39" HEIGHT="21" WC="0.90" CONTENT="den"/><SP WIDTH="17" VPOS="1137" HPOS="356"/>
							<String ID="string_328" HPOS="373" VPOS="1137" WIDTH="78" HEIGHT="27" WC="0.92" CONTENT="högsta"/><SP WIDTH="16" VPOS="1137" HPOS="451"/>
							<String ID="string_329" HPOS="467" VPOS="1137" WIDTH="124" HEIGHT="27" WC="0.91" CONTENT="bildningen"/><SP WIDTH="7" VPOS="1137" HPOS="591"/>
							<String ID="string_330" HPOS="598" VPOS="1137" WIDTH="120" HEIGHT="26" WC="0.96" CONTENT="tillgänglig"/><SP WIDTH="7" VPOS="1137" HPOS="718"/>
							<String ID="string_331" HPOS="725" VPOS="1135" WIDTH="32" HEIGHT="23" WC="0.97" CONTENT="för"/><SP WIDTH="9" VPOS="1135" HPOS="757"/>
							<String ID="string_332" HPOS="766" VPOS="1136" WIDTH="40" HEIGHT="22" WC="0.96" CONTENT="den"/><SP WIDTH="8" VPOS="1136" HPOS="806"/>
							<String ID="string_333" HPOS="814" VPOS="1136" WIDTH="65" HEIGHT="27" WC="0.96" CONTENT="ryska"/>
						</TextLine>
						<TextLine ID="line_35" HPOS="61" VPOS="1165" WIDTH="818" HEIGHT="27">
							<String ID="string_334" HPOS="61" VPOS="1165" WIDTH="96" HEIGHT="27" WC="0.92" CONTENT="gvinnan."/><SP WIDTH="31" VPOS="1165" HPOS="157"/>
							<String ID="string_335" HPOS="188" VPOS="1165" WIDTH="60" HEIGHT="22" WC="0.90" CONTENT="Skall"/><SP WIDTH="18" VPOS="1165" HPOS="248"/>
							<String ID="string_336" HPOS="266" VPOS="1165" WIDTH="42" HEIGHT="22" WC="0.96" CONTENT="den"/><SP WIDTH="14" VPOS="1165" HPOS="308"/>
							<String ID="string_337" HPOS="322" VPOS="1165" WIDTH="70" HEIGHT="22" WC="0.96" CONTENT="finska"/><SP WIDTH="15" VPOS="1165" HPOS="392"/>
							<String ID="string_338" HPOS="407" VPOS="1165" WIDTH="35" HEIGHT="22" WC="0.96" CONTENT="stä"/><SP WIDTH="16" VPOS="1165" HPOS="442"/>
							<String ID="string_339" HPOS="458" VPOS="1165" WIDTH="71" HEIGHT="22" WC="0.96" CONTENT="efter?"/><SP WIDTH="29" VPOS="1165" HPOS="529"/>
							<String ID="string_340" HPOS="558" VPOS="1166" WIDTH="56" HEIGHT="21" WC="0.93" CONTENT="Herr"/><SP WIDTH="16" VPOS="1166" HPOS="614"/>
							<String ID="string_341" HPOS="630" VPOS="1165" WIDTH="142" HEIGHT="27" WC="0.93" CONTENT="Gripenbergs"/><SP WIDTH="15" VPOS="1165" HPOS="772"/>
							<String ID="string_342" HPOS="787" VPOS="1165" WIDTH="92" HEIGHT="27" WC="0.96" CONTENT="petition"/>
						</TextLine>
						<TextLine ID="line_36" HPOS="59" VPOS="1194" WIDTH="819" HEIGHT="27">
							<String ID="string_343" HPOS="59" VPOS="1194" WIDTH="74" HEIGHT="27" WC="0.96" CONTENT="påstås"/><SP WIDTH="23" VPOS="1194" HPOS="133"/>
							<String ID="string_344" HPOS="156" VPOS="1194" WIDTH="72" HEIGHT="21" WC="0.93" CONTENT="vidare"/><SP WIDTH="20" VPOS="1194" HPOS="228"/>
							<String ID="string_345" HPOS="248" VPOS="1194" WIDTH="62" HEIGHT="21" WC="0.95" CONTENT="hafva"/><SP WIDTH="15" VPOS="1194" HPOS="310"/>
							<String ID="string_346" HPOS="325" VPOS="1194" WIDTH="69" HEIGHT="22" WC="0.93" CONTENT="blifvit"/><SP WIDTH="16" VPOS="1194" HPOS="394"/>
							<String ID="string_347" HPOS="410" VPOS="1196" WIDTH="126" HEIGHT="25" WC="0.92" CONTENT="emottagen"/><SP WIDTH="14" VPOS="1196" HPOS="536"/>
							<String ID="string_348" HPOS="550" VPOS="1195" WIDTH="50" HEIGHT="21" WC="0.93" CONTENT="med"/><SP WIDTH="14" VPOS="1195" HPOS="600"/>
							<String ID="string_349" HPOS="614" VPOS="1194" WIDTH="52" HEIGHT="27" WC="0.91" CONTENT="liflig"/><SP WIDTH="14" VPOS="1194" HPOS="666"/>
							<String ID="string_350" HPOS="680" VPOS="1194" WIDTH="141" HEIGHT="22" WC="0.91" CONTENT="acklamation"/><SP WIDTH="17" VPOS="1194" HPOS="821"/>
							<String ID="string_351" HPOS="838" VPOS="1194" WIDTH="40" HEIGHT="21" WC="0.96" CONTENT="och"/>
						</TextLine>
						<TextLine ID="line_37" HPOS="59" VPOS="1223" WIDTH="820" HEIGHT="28">
							<String ID="string_352" HPOS="59" VPOS="1223" WIDTH="103" HEIGHT="26" WC="0.90" CONTENT="slutligen"/><SP WIDTH="14" VPOS="1223" HPOS="162"/>
							<String ID="string_353" HPOS="176" VPOS="1223" WIDTH="54" HEIGHT="21" WC="0.93" CONTENT="läter"/><SP WIDTH="15" VPOS="1223" HPOS="230"/>
							<String ID="string_354" HPOS="245" VPOS="1229" WIDTH="81" HEIGHT="15" WC="0.96" CONTENT="samma"/><SP WIDTH="15" VPOS="1229" HPOS="326"/>
							<String ID="string_355" HPOS="341" VPOS="1223" WIDTH="82" HEIGHT="27" WC="0.93" CONTENT="tidning"/><SP WIDTH="15" VPOS="1223" HPOS="423"/>
							<String ID="string_356" HPOS="438" VPOS="1223" WIDTH="51" HEIGHT="22" WC="0.91" CONTENT="herr"/><SP WIDTH="17" VPOS="1223" HPOS="489"/>
							<String ID="string_357" HPOS="506" VPOS="1223" WIDTH="144" HEIGHT="28" WC="0.92" CONTENT="Gripenbergs"/><SP WIDTH="15" VPOS="1223" HPOS="650"/>
							<String ID="string_358" HPOS="665" VPOS="1229" WIDTH="63" HEIGHT="15" WC="0.93" CONTENT="namn"/><SP WIDTH="17" VPOS="1229" HPOS="728"/>
							<String ID="string_359" HPOS="745" VPOS="1223" WIDTH="97" HEIGHT="27" WC="0.92" CONTENT="undergä"/><SP WIDTH="10" VPOS="1223" HPOS="842"/>
							<String ID="string_360" HPOS="852" VPOS="1229" WIDTH="27" HEIGHT="15" WC="0.96" CONTENT="en"/>
						</TextLine>
						<TextLine ID="line_38" HPOS="59" VPOS="1251" WIDTH="818" HEIGHT="28">
							<String ID="string_361" HPOS="59" VPOS="1251" WIDTH="143" HEIGHT="22" WC="0.91" CONTENT="metamorfos."/><SP WIDTH="31" VPOS="1251" HPOS="202"/>
							<String ID="string_362" HPOS="233" VPOS="1252" WIDTH="50" HEIGHT="21" WC="0.96" CONTENT="Med"/><SP WIDTH="21" VPOS="1252" HPOS="283"/>
							<String ID="string_363" HPOS="304" VPOS="1252" WIDTH="82" HEIGHT="27" WC="0.93" CONTENT="hänsyn"/><SP WIDTH="23" VPOS="1252" HPOS="386"/>
							<String ID="string_364" HPOS="409" VPOS="1252" WIDTH="79" HEIGHT="27" WC="0.92" CONTENT="dertill,"/><SP WIDTH="25" VPOS="1252" HPOS="488"/>
							<String ID="string_365" HPOS="513" VPOS="1254" WIDTH="33" HEIGHT="20" WC="0.93" CONTENT="att"/><SP WIDTH="21" VPOS="1254" HPOS="546"/>
							<String ID="string_366" HPOS="567" VPOS="1252" WIDTH="118" HEIGHT="21" WC="0.92" CONTENT="utskottets"/><SP WIDTH="23" VPOS="1252" HPOS="685"/>
							<String ID="string_367" HPOS="708" VPOS="1252" WIDTH="135" HEIGHT="21" WC="0.92" CONTENT="betänkande"/><SP WIDTH="16" VPOS="1252" HPOS="843"/>
							<String ID="string_368" HPOS="859" VPOS="1252" WIDTH="18" HEIGHT="27" WC="0.88" CONTENT="ej"/>
						</TextLine>
						<TextLine ID="line_39" HPOS="61" VPOS="1280" WIDTH="818" HEIGHT="28">
							<String ID="string_369" HPOS="61" VPOS="1287" WIDTH="62" HEIGHT="21" WC="0.92" CONTENT="synes"/><SP WIDTH="16" VPOS="1287" HPOS="123"/>
							<String ID="string_370" HPOS="139" VPOS="1280" WIDTH="106" HEIGHT="22" WC="0.93" CONTENT="innehälla"/><SP WIDTH="15" VPOS="1280" HPOS="245"/>
							<String ID="string_371" HPOS="260" VPOS="1281" WIDTH="74" HEIGHT="27" WC="0.93" CONTENT="giltiga"/><SP WIDTH="16" VPOS="1281" HPOS="334"/>
							<String ID="string_372" HPOS="350" VPOS="1281" WIDTH="46" HEIGHT="21" WC="0.90" CONTENT="skäl"/><SP WIDTH="15" VPOS="1281" HPOS="396"/>
							<String ID="string_373" HPOS="411" VPOS="1280" WIDTH="33" HEIGHT="22" WC="0.96" CONTENT="för"/><SP WIDTH="15" VPOS="1280" HPOS="444"/>
							<String ID="string_374" HPOS="459" VPOS="1281" WIDTH="52" HEIGHT="22" WC="0.93" CONTENT="dess"/><SP WIDTH="15" VPOS="1281" HPOS="511"/>
							<String ID="string_375" HPOS="526" VPOS="1281" WIDTH="118" HEIGHT="25" WC="0.92" CONTENT="utlätande,"/><SP WIDTH="17" VPOS="1281" HPOS="644"/>
							<String ID="string_376" HPOS="661" VPOS="1280" WIDTH="39" HEIGHT="22" WC="0.96" CONTENT="och"/><SP WIDTH="16" VPOS="1280" HPOS="700"/>
							<String ID="string_377" HPOS="716" VPOS="1281" WIDTH="27" HEIGHT="21" WC="0.96" CONTENT="dä"/><SP WIDTH="11" VPOS="1281" HPOS="743"/>
							<String ID="string_378" HPOS="754" VPOS="1281" WIDTH="39" HEIGHT="27" WC="0.96" CONTENT="jag"/><SP WIDTH="14" VPOS="1281" HPOS="793"/>
							<String ID="string_379" HPOS="807" VPOS="1281" WIDTH="72" HEIGHT="22" WC="0.97" CONTENT="vidare"/>
						</TextLine>
						<TextLine ID="line_40" HPOS="59" VPOS="1309" WIDTH="820" HEIGHT="28">
							<String ID="string_380" HPOS="59" VPOS="1311" WIDTH="62" HEIGHT="25" WC="0.93" CONTENT="tager"/><SP WIDTH="21" VPOS="1311" HPOS="121"/>
							<String ID="string_381" HPOS="142" VPOS="1310" WIDTH="7" HEIGHT="21" WC="0.93" CONTENT="i"/><SP WIDTH="22" VPOS="1310" HPOS="149"/>
							<String ID="string_382" HPOS="171" VPOS="1310" WIDTH="142" HEIGHT="21" WC="0.92" CONTENT="betraktande"/><SP WIDTH="15" VPOS="1310" HPOS="313"/>
							<String ID="string_383" HPOS="328" VPOS="1310" WIDTH="41" HEIGHT="21" WC="0.96" CONTENT="den"/><SP WIDTH="15" VPOS="1310" HPOS="369"/>
							<String ID="string_384" HPOS="384" VPOS="1310" WIDTH="7" HEIGHT="21" WC="0.93" CONTENT="i"/><SP WIDTH="15" VPOS="1310" HPOS="391"/>
							<String ID="string_385" HPOS="406" VPOS="1309" WIDTH="51" HEIGHT="22" WC="0.92" CONTENT="flere"/><SP WIDTH="16" VPOS="1309" HPOS="457"/>
							<String ID="string_386" HPOS="473" VPOS="1310" WIDTH="117" HEIGHT="22" WC="0.92" CONTENT="afseenden"/><SP WIDTH="14" VPOS="1310" HPOS="590"/>
							<String ID="string_387" HPOS="604" VPOS="1310" WIDTH="125" HEIGHT="27" WC="0.92" CONTENT="likbördiga,"/><SP WIDTH="16" VPOS="1310" HPOS="729"/>
							<String ID="string_388" HPOS="745" VPOS="1310" WIDTH="8" HEIGHT="20" WC="0.92" CONTENT="i"/><SP WIDTH="14" VPOS="1310" HPOS="753"/>
							<String ID="string_389" HPOS="767" VPOS="1310" WIDTH="67" HEIGHT="27" WC="0.92" CONTENT="nägra"/><SP WIDTH="11" VPOS="1310" HPOS="834"/>
							<String ID="string_390" HPOS="845" VPOS="1310" WIDTH="34" HEIGHT="22" WC="0.91" CONTENT="af-"/>
						</TextLine>
						<TextLine ID="line_41" HPOS="60" VPOS="1338" WIDTH="819" HEIGHT="28">
							<String ID="string_391" HPOS="60" VPOS="1338" WIDTH="95" HEIGHT="22" WC="0.92" CONTENT="seenden"/><SP WIDTH="21" VPOS="1338" HPOS="155"/>
							<String ID="string_392" HPOS="176" VPOS="1340" WIDTH="15" HEIGHT="20" WC="0.93" CONTENT="t."/><SP WIDTH="24" VPOS="1340" HPOS="191"/>
							<String ID="string_393" HPOS="215" VPOS="1344" WIDTH="19" HEIGHT="16" WC="0.96" CONTENT="o."/><SP WIDTH="22" VPOS="1344" HPOS="234"/>
							<String ID="string_394" HPOS="256" VPOS="1345" WIDTH="27" HEIGHT="15" WC="0.96" CONTENT="m."/><SP WIDTH="20" VPOS="1345" HPOS="283"/>
							<String ID="string_395" HPOS="303" VPOS="1338" WIDTH="66" HEIGHT="28" WC="0.96" CONTENT="högre"/><SP WIDTH="18" VPOS="1338" HPOS="369"/>
							<String ID="string_396" HPOS="387" VPOS="1338" WIDTH="104" HEIGHT="28" WC="0.93" CONTENT="ställning"/><SP WIDTH="16" VPOS="1338" HPOS="491"/>
							<String ID="string_397" HPOS="507" VPOS="1340" WIDTH="47" HEIGHT="20" WC="0.93" CONTENT="värt"/><SP WIDTH="14" VPOS="1340" HPOS="554"/>
							<String ID="string_398" HPOS="568" VPOS="1339" WIDTH="45" HEIGHT="21" WC="0.95" CONTENT="lilla"/><SP WIDTH="14" VPOS="1339" HPOS="613"/>
							<String ID="string_399" HPOS="627" VPOS="1338" WIDTH="50" HEIGHT="22" WC="0.93" CONTENT="land"/><SP WIDTH="15" VPOS="1338" HPOS="677"/>
							<String ID="string_400" HPOS="692" VPOS="1339" WIDTH="77" HEIGHT="27" WC="0.93" CONTENT="intagit"/><SP WIDTH="14" VPOS="1339" HPOS="769"/>
							<String ID="string_401" HPOS="783" VPOS="1339" WIDTH="7" HEIGHT="21" WC="0.93" CONTENT="i"/><SP WIDTH="13" VPOS="1339" HPOS="790"/>
							<String ID="string_402" HPOS="803" VPOS="1338" WIDTH="76" HEIGHT="28" WC="0.92" CONTENT="jemfö-"/>
						</TextLine>
						<TextLine ID="line_42" HPOS="59" VPOS="1367" WIDTH="821" HEIGHT="28">
							<String ID="string_403" HPOS="59" VPOS="1367" WIDTH="56" HEIGHT="22" WC="0.92" CONTENT="relse"/><SP WIDTH="15" VPOS="1367" HPOS="115"/>
							<String ID="string_404" HPOS="130" VPOS="1367" WIDTH="49" HEIGHT="21" WC="0.96" CONTENT="med"/><SP WIDTH="15" VPOS="1367" HPOS="179"/>
							<String ID="string_405" HPOS="194" VPOS="1367" WIDTH="37" HEIGHT="22" WC="0.96" CONTENT="det"/><SP WIDTH="14" VPOS="1367" HPOS="231"/>
							<String ID="string_406" HPOS="245" VPOS="1368" WIDTH="59" HEIGHT="21" WC="0.93" CONTENT="stora"/><SP WIDTH="15" VPOS="1368" HPOS="304"/>
							<String ID="string_407" HPOS="319" VPOS="1368" WIDTH="160" HEIGHT="27" WC="0.91" CONTENT="kejsaredömet"/><SP WIDTH="14" VPOS="1368" HPOS="479"/>
							<String ID="string_408" HPOS="493" VPOS="1380" WIDTH="30" HEIGHT="2" WC="0.92" CONTENT="—"/><SP WIDTH="14" VPOS="1380" HPOS="523"/>
							<String ID="string_409" HPOS="537" VPOS="1369" WIDTH="15" HEIGHT="21" WC="0.90" CONTENT="t."/><SP WIDTH="17" VPOS="1369" HPOS="552"/>
							<String ID="string_410" HPOS="569" VPOS="1374" WIDTH="31" HEIGHT="16" WC="0.93" CONTENT="ex."/><SP WIDTH="18" VPOS="1374" HPOS="600"/>
							<String ID="string_411" HPOS="618" VPOS="1368" WIDTH="50" HEIGHT="26" WC="0.91" CONTENT="deri,"/><SP WIDTH="20" VPOS="1368" HPOS="668"/>
							<String ID="string_412" HPOS="688" VPOS="1369" WIDTH="32" HEIGHT="20" WC="0.96" CONTENT="att"/><SP WIDTH="14" VPOS="1369" HPOS="720"/>
							<String ID="string_413" HPOS="734" VPOS="1368" WIDTH="81" HEIGHT="22" WC="0.93" CONTENT="antalet"/><SP WIDTH="8" VPOS="1368" HPOS="815"/>
							<String ID="string_414" HPOS="823" VPOS="1367" WIDTH="57" HEIGHT="22" WC="0.92" CONTENT="skol-"/>
						</TextLine>
						<TextLine ID="line_43" HPOS="59" VPOS="1396" WIDTH="823" HEIGHT="28">
							<String ID="string_415" HPOS="59" VPOS="1396" WIDTH="125" HEIGHT="22" WC="0.96" CONTENT="besökande"/><SP WIDTH="17" VPOS="1396" HPOS="184"/>
							<String ID="string_416" HPOS="201" VPOS="1396" WIDTH="7" HEIGHT="21" WC="0.96" CONTENT="i"/><SP WIDTH="15" VPOS="1396" HPOS="208"/>
							<String ID="string_417" HPOS="223" VPOS="1396" WIDTH="107" HEIGHT="28" WC="0.96" CONTENT="Ryssland"/><SP WIDTH="14" VPOS="1396" HPOS="330"/>
							<String ID="string_418" HPOS="344" VPOS="1398" WIDTH="64" HEIGHT="26" WC="0.96" CONTENT="utgör"/><SP WIDTH="16" VPOS="1398" HPOS="408"/>
							<String ID="string_419" HPOS="424" VPOS="1398" WIDTH="26" HEIGHT="19" WC="0.96" CONTENT="14"/><SP WIDTH="15" VPOS="1398" HPOS="450"/>
							<String ID="string_420" HPOS="465" VPOS="1397" WIDTH="30" HEIGHT="26" WC="0.93" CONTENT="pä"/><SP WIDTH="15" VPOS="1397" HPOS="495"/>
							<String ID="string_421" HPOS="510" VPOS="1397" WIDTH="73" HEIGHT="27" WC="0.96" CONTENT="hvarje"/><SP WIDTH="15" VPOS="1397" HPOS="583"/>
							<String ID="string_422" HPOS="598" VPOS="1396" WIDTH="91" HEIGHT="22" WC="0.96" CONTENT="tusende"/><SP WIDTH="15" VPOS="1396" HPOS="689"/>
							<String ID="string_423" HPOS="704" VPOS="1397" WIDTH="133" HEIGHT="25" WC="0.95" CONTENT="innevånare,"/><SP WIDTH="17" VPOS="1397" HPOS="837"/>
							<String ID="string_424" HPOS="854" VPOS="1396" WIDTH="28" HEIGHT="21" WC="0.97" CONTENT="dä"/>
						</TextLine>
						<TextLine ID="line_44" HPOS="61" VPOS="1424" WIDTH="820" HEIGHT="28">
							<String ID="string_425" HPOS="61" VPOS="1425" WIDTH="61" HEIGHT="21" WC="0.96" CONTENT="detta"/><SP WIDTH="23" VPOS="1425" HPOS="122"/>
							<String ID="string_426" HPOS="145" VPOS="1425" WIDTH="57" HEIGHT="21" WC="0.96" CONTENT="antal"/><SP WIDTH="22" VPOS="1425" HPOS="202"/>
							<String ID="string_427" HPOS="224" VPOS="1425" WIDTH="7" HEIGHT="21" WC="0.96" CONTENT="i"/><SP WIDTH="23" VPOS="1425" HPOS="231"/>
							<String ID="string_428" HPOS="254" VPOS="1425" WIDTH="90" HEIGHT="21" WC="0.96" CONTENT="Finland"/><SP WIDTH="22" VPOS="1425" HPOS="344"/>
							<String ID="string_429" HPOS="366" VPOS="1425" WIDTH="67" HEIGHT="27" WC="0.96" CONTENT="stiger"/><SP WIDTH="18" VPOS="1425" HPOS="433"/>
							<String ID="string_430" HPOS="451" VPOS="1424" WIDTH="33" HEIGHT="22" WC="0.96" CONTENT="till"/><SP WIDTH="17" VPOS="1424" HPOS="484"/>
							<String ID="string_431" HPOS="501" VPOS="1427" WIDTH="34" HEIGHT="25" WC="0.92" CONTENT="42,"/><SP WIDTH="15" VPOS="1427" HPOS="535"/>
							<String ID="string_432" HPOS="550" VPOS="1437" WIDTH="29" HEIGHT="3" WC="0.92" CONTENT="—"/><SP WIDTH="15" VPOS="1437" HPOS="579"/>
							<String ID="string_433" HPOS="594" VPOS="1426" WIDTH="24" HEIGHT="20" WC="0.96" CONTENT="sä"/><SP WIDTH="16" VPOS="1426" HPOS="618"/>
							<String ID="string_434" HPOS="634" VPOS="1425" WIDTH="67" HEIGHT="21" WC="0.96" CONTENT="skulle"/><SP WIDTH="16" VPOS="1425" HPOS="701"/>
							<String ID="string_435" HPOS="717" VPOS="1425" WIDTH="36" HEIGHT="22" WC="0.96" CONTENT="det"/><SP WIDTH="15" VPOS="1425" HPOS="753"/>
							<String ID="string_436" HPOS="768" VPOS="1431" WIDTH="51" HEIGHT="16" WC="0.93" CONTENT="vara"/><SP WIDTH="14" VPOS="1431" HPOS="819"/>
							<String ID="string_437" HPOS="833" VPOS="1424" WIDTH="48" HEIGHT="22" WC="0.90" CONTENT="icke"/>
						</TextLine>
						<TextLine ID="line_45" HPOS="60" VPOS="1453" WIDTH="822" HEIGHT="27">
							<String ID="string_438" HPOS="60" VPOS="1453" WIDTH="57" HEIGHT="22" WC="0.92" CONTENT="blott"/><SP WIDTH="22" VPOS="1453" HPOS="117"/>
							<String ID="string_439" HPOS="139" VPOS="1453" WIDTH="81" HEIGHT="22" WC="0.93" CONTENT="mindre"/><SP WIDTH="22" VPOS="1453" HPOS="220"/>
							<String ID="string_440" HPOS="242" VPOS="1453" WIDTH="99" HEIGHT="27" WC="0.89" CONTENT="lofvärdt,"/><SP WIDTH="22" VPOS="1453" HPOS="341"/>
							<String ID="string_441" HPOS="363" VPOS="1456" WIDTH="52" HEIGHT="19" WC="0.92" CONTENT="utan"/><SP WIDTH="18" VPOS="1456" HPOS="415"/>
							<String ID="string_442" HPOS="433" VPOS="1454" WIDTH="42" HEIGHT="20" WC="0.91" CONTENT="ock"/><SP WIDTH="16" VPOS="1454" HPOS="475"/>
							<String ID="string_443" HPOS="491" VPOS="1454" WIDTH="83" HEIGHT="26" WC="0.93" CONTENT="ganska"/><SP WIDTH="14" VPOS="1454" HPOS="574"/>
							<String ID="string_444" HPOS="588" VPOS="1454" WIDTH="126" HEIGHT="26" WC="0.92" CONTENT="betänkligt,"/><SP WIDTH="16" VPOS="1454" HPOS="714"/>
							<String ID="string_445" HPOS="730" VPOS="1460" WIDTH="34" HEIGHT="15" WC="0.96" CONTENT="om"/><SP WIDTH="15" VPOS="1460" HPOS="764"/>
							<String ID="string_446" HPOS="779" VPOS="1460" WIDTH="48" HEIGHT="16" WC="0.96" CONTENT="man"/><SP WIDTH="15" VPOS="1460" HPOS="827"/>
							<String ID="string_447" HPOS="842" VPOS="1453" WIDTH="40" HEIGHT="22" WC="0.96" CONTENT="hos"/>
						</TextLine>
						<TextLine ID="line_46" HPOS="61" VPOS="1482" WIDTH="822" HEIGHT="28">
							<String ID="string_448" HPOS="61" VPOS="1488" WIDTH="36" HEIGHT="16" WC="0.93" CONTENT="oss"/><SP WIDTH="16" VPOS="1488" HPOS="97"/>
							<String ID="string_449" HPOS="113" VPOS="1482" WIDTH="124" HEIGHT="22" WC="0.91" CONTENT="underläter"/><SP WIDTH="15" VPOS="1482" HPOS="237"/>
							<String ID="string_450" HPOS="252" VPOS="1484" WIDTH="32" HEIGHT="20" WC="0.96" CONTENT="att"/><SP WIDTH="16" VPOS="1484" HPOS="284"/>
							<String ID="string_451" HPOS="300" VPOS="1484" WIDTH="52" HEIGHT="25" WC="0.96" CONTENT="göra"/><SP WIDTH="15" VPOS="1484" HPOS="352"/>
							<String ID="string_452" HPOS="367" VPOS="1483" WIDTH="28" HEIGHT="27" WC="0.93" CONTENT="pä"/><SP WIDTH="15" VPOS="1483" HPOS="395"/>
							<String ID="string_453" HPOS="410" VPOS="1482" WIDTH="215" HEIGHT="28" WC="0.88" CONTENT="gvinnobildningens"/><SP WIDTH="16" VPOS="1482" HPOS="625"/>
							<String ID="string_454" HPOS="641" VPOS="1482" WIDTH="86" HEIGHT="22" WC="0.92" CONTENT="omräde"/><SP WIDTH="11" VPOS="1482" HPOS="727"/>
							<String ID="string_455" HPOS="738" VPOS="1483" WIDTH="26" HEIGHT="21" WC="0.96" CONTENT="de"/><SP WIDTH="9" VPOS="1483" HPOS="764"/>
							<String ID="string_456" HPOS="773" VPOS="1485" WIDTH="54" HEIGHT="24" WC="0.96" CONTENT="steg,"/><SP WIDTH="9" VPOS="1485" HPOS="827"/>
							<String ID="string_457" HPOS="836" VPOS="1488" WIDTH="47" HEIGHT="16" WC="0.96" CONTENT="som"/>
						</TextLine>
						<TextLine ID="line_47" HPOS="61" VPOS="1510" WIDTH="821" HEIGHT="28">
							<String ID="string_458" HPOS="61" VPOS="1517" WIDTH="30" HEIGHT="15" WC="0.85" CONTENT="nu"/><SP WIDTH="23" VPOS="1517" HPOS="91"/>
							<String ID="string_459" HPOS="114" VPOS="1510" WIDTH="62" HEIGHT="28" WC="0.95" CONTENT="skilja"/><SP WIDTH="18" VPOS="1510" HPOS="176"/>
							<String ID="string_460" HPOS="194" VPOS="1517" WIDTH="36" HEIGHT="15" WC="0.93" CONTENT="oss"/><SP WIDTH="16" VPOS="1517" HPOS="230"/>
							<String ID="string_461" HPOS="246" VPOS="1510" WIDTH="46" HEIGHT="22" WC="0.96" CONTENT="från"/><SP WIDTH="16" VPOS="1510" HPOS="292"/>
							<String ID="string_462" HPOS="308" VPOS="1511" WIDTH="51" HEIGHT="21" WC="0.96" CONTENT="våra"/><SP WIDTH="15" VPOS="1511" HPOS="359"/>
							<String ID="string_463" HPOS="374" VPOS="1516" WIDTH="92" HEIGHT="22" WC="0.96" CONTENT="grannar"/><SP WIDTH="16" VPOS="1516" HPOS="466"/>
							<String ID="string_464" HPOS="482" VPOS="1511" WIDTH="42" HEIGHT="21" WC="0.96" CONTENT="och"/><SP WIDTH="17" VPOS="1511" HPOS="524"/>
							<String ID="string_465" HPOS="541" VPOS="1511" WIDTH="40" HEIGHT="22" WC="0.93" CONTENT="den"/><SP WIDTH="16" VPOS="1511" HPOS="581"/>
							<String ID="string_466" HPOS="597" VPOS="1510" WIDTH="68" HEIGHT="28" WC="0.96" CONTENT="öfriga"/><SP WIDTH="15" VPOS="1510" HPOS="665"/>
							<String ID="string_467" HPOS="680" VPOS="1510" WIDTH="133" HEIGHT="23" WC="0.93" CONTENT="civiliserade"/><SP WIDTH="14" VPOS="1510" HPOS="813"/>
							<String ID="string_468" HPOS="827" VPOS="1511" WIDTH="55" HEIGHT="21" WC="0.93" CONTENT="verl-"/>
						</TextLine>
						<TextLine ID="line_48" HPOS="63" VPOS="1539" WIDTH="822" HEIGHT="29">
							<String ID="string_469" HPOS="63" VPOS="1539" WIDTH="48" HEIGHT="27" WC="0.96" CONTENT="den,"/><SP WIDTH="18" VPOS="1539" HPOS="111"/>
							<String ID="string_470" HPOS="129" VPOS="1539" WIDTH="40" HEIGHT="22" WC="0.96" CONTENT="och"/><SP WIDTH="14" VPOS="1539" HPOS="169"/>
							<String ID="string_471" HPOS="183" VPOS="1539" WIDTH="39" HEIGHT="23" WC="0.96" CONTENT="ber"/><SP WIDTH="13" VPOS="1539" HPOS="222"/>
							<String ID="string_472" HPOS="235" VPOS="1539" WIDTH="37" HEIGHT="28" WC="0.93" CONTENT="jag"/><SP WIDTH="15" VPOS="1539" HPOS="272"/>
							<String ID="string_473" HPOS="287" VPOS="1539" WIDTH="84" HEIGHT="23" WC="0.92" CONTENT="derföre"/><SP WIDTH="15" VPOS="1539" HPOS="371"/>
							<String ID="string_474" HPOS="386" VPOS="1540" WIDTH="22" HEIGHT="21" WC="0.96" CONTENT="få"/><SP WIDTH="12" VPOS="1540" HPOS="408"/>
							<String ID="string_475" HPOS="420" VPOS="1539" WIDTH="180" HEIGHT="23" WC="0.95" CONTENT="rekommendera"/><SP WIDTH="14" VPOS="1539" HPOS="600"/>
							<String ID="string_476" HPOS="614" VPOS="1540" WIDTH="40" HEIGHT="22" WC="0.93" CONTENT="hos"/><SP WIDTH="15" VPOS="1540" HPOS="654"/>
							<String ID="string_477" HPOS="669" VPOS="1539" WIDTH="114" HEIGHT="29" WC="0.91" CONTENT="höglofliga"/><SP WIDTH="15" VPOS="1539" HPOS="783"/>
							<String ID="string_478" HPOS="798" VPOS="1539" WIDTH="87" HEIGHT="24" WC="0.96" CONTENT="ståndet"/>
						</TextLine>
					</TextBlock>
				</ComposedBlock>
			</PrintSpace>
		</Page>
	</Layout>
</alto>
