1086 1717
380 115 40 17 Den
435 113 27 19 30
478 114 43 24 Maj.
794 112 53 22 1005

54 178 45 21 Det
115 179 24 19 är
153 177 34 21 väl
197 177 48 22 icke
256 176 102 28 behöfligt
369 178 32 20 att
411 177 153 22 seminarierna
574 177 62 22 skola
647 177 109 22 dimittera
767 177 25 21 så
801 177 78 26 många

52 206 78 26 lärare,
145 212 45 15 som
207 206 37 22 det
259 205 67 22 finnes
341 206 129 27 folkskolor;
486 206 21 22 vi
522 206 63 22 hafva
600 208 45 20 sett
659 206 35 22 vid
709 206 72 27 Evois,
797 207 32 20 att
845 212 34 14 se-

54 235 43 21 dan
119 234 93 22 derifrån
234 235 155 21 utdimitterats
405 236 32 20 ett
452 235 59 21 antal
526 234 156 27 forstmästare,
698 235 27 21 de
741 234 138 22 återstående

53 264 48 21 icke
125 270 59 15 mera
205 264 72 21 kunde
299 263 22 22 få
342 264 71 26 någon
429 264 141 27 anställning;
586 264 24 22 så
626 264 71 22 kunde
713 263 62 22 äfven
790 263 89 22 härmed

53 292 86 22 inträffa
153 292 7 21 i
177 299 26 15 en
218 292 92 26 framtid,
327 292 40 22 och
380 292 37 28 jag
433 294 46 20 tror
494 294 33 20 att
541 299 49 15 man
606 299 34 15 om
656 294 25 20 15
698 293 24 21 år
735 292 78 22 framåt
824 292 55 22 skall

52 321 22 22 få
89 321 126 27 tillräckligt
229 322 49 20 med
293 321 76 26 lärare,
385 322 58 21 helst
454 321 64 22 äfven
529 322 65 21 andra
606 322 97 27 sujetter,
716 328 34 15 om
761 324 27 18 än
797 321 82 21 undan-

53 350 89 27 tagsvis,
158 350 73 22 kunna
246 350 96 22 befinnas
357 350 102 28 lämpliga
474 352 34 20 att
523 350 65 22 blifva
602 350 184 26 folkskolelärare,
804 356 33 15 om
852 350 27 21 de

53 379 68 21 också
138 379 47 21 icke
201 379 125 27 genomgått
341 380 128 21 seminarier.
501 380 31 21 På
548 380 64 21 dessa
628 379 48 22 skäl
692 379 69 22 skulle
774 379 38 27 jag
827 384 52 16 anse

53 408 120 22 utskottets
187 408 137 22 betänkande
340 408 71 22 kunna
426 408 132 27 godkännas.

122 437 56 22 Herr
196 437 201 28 Nordensköld,
417 437 53 22 Karl
490 437 69 28 Adolf,
574 437 102 22 förenade
692 437 34 28 sig
741 443 34 16 om
790 436 89 22 friherre

55 472 41 16 von
111 466 70 21 Borns
198 465 85 28 förslag.

121 495 157 22 Diskussionen
294 495 128 22 afstannade
432 495 83 27 härvid,
527 495 40 22 och
577 495 32 22 till
620 495 133 22 besvarande
765 495 113 27 upplästes

54 523 94 28 följande
164 526 77 20 tvenne
257 524 313 27 omröstningspropositioner
561 519 14 37 :

124 555 33 20 1:0
175 553 65 26 ,Den,
257 559 46 16 som
319 553 124 27 godkänner
457 553 115 22 Allmänna
581 553 213 33 Besvärsutskottets
803 553 76 21 betän-

53 581 72 22 kande
141 583 48 20 med
206 582 52 21 eller
273 584 51 19 utan
340 581 154 28 modifikation,
511 589 73 15 svarar
596 583 35 27 ja;

123 611 74 22 vinner
218 611 41 28 nej,
280 613 87 25 antages
383 611 49 22 herr
447 599 67 34 Reins
529 589 148 44 betänkandet
692 610 101 28 bifogade
809 617 70 15 reser-

57 639 93 22 vation*.

124 669 163 27 Propositionen
303 669 129 21 besvarades
447 669 50 21 med
515 671 24 19 16
553 669 24 27 ja
592 669 40 22 och
649 671 11 19 9
676 669 42 27 nej.

125 699 34 20 2:0
176 698 66 26 ,Den,
258 703 46 16 som
320 697 124 27 godkänner
454 698 113 21 Allmänna
577 698 212 22 Besvärsutskottets
800 697 80 27 ifräga-

57 727 94 21 varande
167 727 135 21 betänkande
318 726 143 26 oförändradt,
479 733 73 15 svarar
565 727 33 27 ja;

124 755 74 22 vinner
220 755 41 28 nej,
285 755 104 28 inskjutes
411 755 54 22 efter
482 755 156 26 ,instundande
653 755 116 28 landtdag*
786 755 95 27 följande

56 784 49 21 ord:
131 784 57 27 ,ifall
212 784 36 21 det
271 784 57 21 visar
350 784 33 27 sig
406 786 32 19 att
461 785 83 21 antalet
559 785 66 27 högre
641 784 118 22 folkskolor
774 785 7 20 i
795 784 86 21 landets

55 813 189 22 landskommuner
263 813 47 22 icke
326 813 88 27 tilltagit
432 813 3 21 i
451 813 69 22 sådan
534 813 59 27 grad,
610 819 46 16 som
671 814 49 21 med
736 813 102 22 afseende
854 813 29 26 pä

55 842 153 21 lärarekrafter
224 842 68 21 mäste
308 848 63 15 anses
387 841 117 28 önskligt*.

125 871 34 21 Då
181 871 36 21 vid
240 871 92 21 anställd
355 871 135 26 omröstning
514 871 69 21 denna
602 871 134 27 proposition
752 870 130 22 besvarades

56 899 49 22 med
129 901 26 20 14
177 900 22 27 ja
222 899 40 22 och
285 901 25 20 13
327 899 40 28 nej,
387 899 56 22 hade
459 906 77 21 genom
552 900 65 22 dessa
631 902 79 19 tvenne
725 899 158 26 omröstningar

57 929 89 22 ståndet
161 929 96 22 beslutat
272 930 33 21 att
320 929 113 26 godkänna
448 929 149 22 betänkandet
612 928 145 23 oförändradt.

126 1003 120 28 Föredrogs
270 1011 26 15 en
320 1003 113 23 skrifvelse
456 1004 48 22 från
525 1004 170 22 Bankutskottet
715 1003 22 22 af
751 1004 69 21 denna
836 1003 47 27 dag,

56 1032 61 22 hvari
133 1033 131 26 utskottet,
257 1028 11 38 i
280 1033 100 22 afseende
397 1033 12 22 å
425 1033 141 28 företagande
581 1033 23 22 af
616 1033 33 22 val
666 1033 48 21 utaf
726 1032 157 23 bankfullmäk-

57 1061 32 27 tig
105 1061 40 22 och
165 1061 81 22 revisor
263 1062 67 27 jemte
353 1062 148 27 suppleanter,
518 1062 94 21 anmäler
627 1063 33 20 att
674 1061 74 28 frågan
765 1068 33 15 om
817 1061 67 21 bank-

57 1089 145 28 fullmäktiges
222 1091 58 21 antal
294 1097 89 15 numera
398 1097 78 21 genom
492 1093 34 20 tre
542 1091 74 21 stånds
631 1091 72 21 beslut
718 1091 68 21 blifvit
801 1089 84 28 afgjord

58 1119 87 26 derhän,
161 1121 34 19 att
210 1120 76 21 endast
302 1127 26 14 en
344 1119 179 28 bankfullmäktig
535 1120 40 21 och
585 1121 33 20 tre
628 1119 256 27 bankfullmäktigssupp-

57 1147 83 22 leanter
155 1148 85 22 komma
256 1151 32 19 att
304 1150 58 20 utses
377 1148 33 22 för
425 1149 75 27 hvarje
516 1149 70 21 stånd.

127 1177 71 21 Sedan
218 1177 74 22 herrar
312 1177 121 28 Pipping,
454 1177 88 27 Fridolf,
563 1177 40 22 och
622 1177 163 28 Lagerborg,
802 1177 24 21 A.
843 1176 40 27 W.,

57 1205 98 22 förordat
177 1205 68 22 valets
268 1206 160 28 uppskjutande
449 1206 33 21 till
503 1207 84 26 hösten,
604 1206 72 22 beslöt
691 1205 87 22 ståndet
793 1205 28 28 på
835 1205 51 22 herr

58 1235 220 21 Landtmarskalkens
294 1235 157 27 framställning
468 1237 33 20 att
515 1235 49 22 med
579 1235 34 22 val
630 1235 22 21 af
664 1235 98 21 ståndets
778 1234 107 22 bankfull-

57 1263 97 51 aeon
178 1263 40 22 och
240 1264 140 22 bankrevisor
396 1266 56 19 samt
468 1264 140 28 suppleanter
622 1263 34 22 för
671 1264 64 21 dessa
749 1263 57 28 finge
822 1262 63 23 anstä

58 1292 17 22 till
122 1294 68 20 hösten.

125 1350 107 28 Slutligen
246 1350 112 28 föredrogs
373 1350 40 22 och
427 1351 117 22 bordlades
560 1350 32 22 till
609 1351 65 21 andra
689 1350 87 28 plenum
792 1350 7 21 i
815 1349 70 22 Okto-

55 1378 45 27 ber,
121 1379 229 22 Ekonomiutskottets
365 1380 138 21 betänkande
519 1380 6 21 i
542 1380 114 26 anledning
673 1379 22 22 af
708 1380 36 21 tvä
759 1379 58 21 inom
831 1378 54 22 Bor-

55 1408 141 26 gareständet
211 1409 78 21 väckta
304 1408 188 28 petitionsförslag
507 1415 33 15 om
555 1408 93 28 lindring
661 1408 7 21 i
684 1408 69 27 nägra
763 1407 123 23 stadskom-

55 1442 86 16 muners
157 1437 231 27 ingvarteringstunga.

124 1505 176 23 Sammanträdet
321 1506 83 22 afbröts
427 1506 93 22 klockan
543 1508 33 20 tre
599 1505 55 23 efter
670 1506 120 27 middagen,
805 1503 34 22 för
854 1506 33 20 att

53 1534 114 22 fortsättas
182 1535 28 21 kl.
228 1536 12 20 7
259 1542 17 14 e.
293 1541 27 15 m.
