1086 1717
388 132 40 21 Den
446 132 23 20 11
486 133 43 25 Maj.
792 129 41 23 139

111 197 167 29 Lagutskottets
301 198 297 28 sammanjemkningsförslag
619 198 8 22 i
648 197 62 28 fråga
731 204 35 15 om
785 198 78 27 nådiga

42 228 169 28 propositionen,
232 227 109 27 angäende
360 227 90 27 ändring
465 227 23 21 af
500 234 29 14 nu
543 228 99 26 gällande
658 227 79 27 lagbud
753 234 34 15 om
801 227 63 28 gifto-

42 259 45 20 rätt
103 257 40 21 och
159 256 33 22 arf
206 256 54 22 efter
274 256 107 22 landsrätt
396 258 56 19 samt
467 262 35 16 om
517 256 158 28 morgongäfva;

112 285 224 22 Ekonomiutskottets
360 285 297 27 sammanjemkningsförslag
678 285 8 21 i
702 284 61 28 fråga
777 292 35 15 om
826 285 38 22 nä-

45 315 50 27 diga
109 314 167 28 propositionen,
293 314 110 27 angäende
419 320 26 15 en
460 313 124 28 förordning
594 314 146 21 innefattande
749 314 74 28 tillägg
831 314 34 22 till

44 343 79 27 nädiga
145 343 151 27 förordningen
312 349 33 15 om
360 342 280 28 kommunalförvaltningen
655 343 29 27 pä
698 343 79 28 landet,
793 343 71 28 gifven

46 373 41 21 den
103 374 12 19 6
132 372 102 22 Februari
251 373 65 25 1865;

114 401 159 21 Sammansatta
296 400 74 22 Stats-
393 400 40 22 och
455 400 227 22 Elkonomiutskottets
704 400 160 22 betänkande
850 396 19 37 i

46 430 115 27 anledning
177 429 22 22 af
212 430 77 27 nädiga
296 429 167 28 propositionen,
473 429 112 27 angäende
594 428 75 29 anslag
678 429 31 22 till
717 428 149 23 förbättrande

46 459 22 21 af
83 459 118 22 därvärden
216 459 7 20 i
238 459 79 25 landet,
334 460 55 19 samt

115 488 241 21 Riddarhusutskottets
371 487 139 22 betänkande
525 487 48 22 med
590 487 114 27 anledning
719 486 22 23 af
749 487 118 22 tullförval-

46 518 63 20 taren
127 517 70 21 Oskar
212 516 159 27 Wasastjernas
387 516 98 21 ansökan
501 522 33 15 om
550 516 76 27 bidrag
640 515 33 22 för
688 515 123 28 utgifvande
827 516 40 21 och

47 546 114 27 tryckning
183 545 23 22 af
218 545 70 22 finska
302 545 171 27 Ridderskapets
490 545 41 21 och
545 545 81 21 Adelns
642 545 127 27 ättartaflor,
785 545 82 22 hvilket

47 574 135 22 sistnämnda
196 574 136 22 betänkande
347 580 38 15 var
400 574 25 21 sä
439 573 102 28 lydande:

254 631 235 23 Riddarhusutskottets
505 631 128 22 betänkande
647 631 9 21 i
671 631 111 28 anledning
793 631 26 28 af
822 631 47 22 herr

187 661 173 27 Tullförvaltaren
381 661 68 21 Jakob
471 660 73 22 Frans
569 659 67 23 Oskar
661 659 155 28 Wasastjernas
832 667 37 14 an-

186 690 88 27 sökning
294 697 32 14 om
346 689 120 28 trycknings
482 690 74 27 bidrag
570 689 34 27 för
618 689 121 27 utgifvande
754 689 26 27 af
788 689 52 26 ,den
855 689 14 21 å

186 719 105 21 Finlands
306 718 123 22 Riddarhus
443 718 159 22 introducerade
616 718 81 21 Adelns
712 718 139 26 ättartaflor*.

118 747 38 22 Uti
176 754 25 15 en
217 747 33 22 till
265 747 159 27 Ridderskapet
443 747 40 21 och
501 747 68 22 Adeln
583 747 93 27 ingifven
692 747 61 22 skrift
768 747 39 21 har
820 747 51 22 herr

50 777 154 27 Wasastjerna,
222 782 46 15 som
284 783 25 14 en
325 776 52 27 följd
392 775 23 22 af
429 776 23 21 år
469 775 62 22 äflats
547 777 49 20 med
603 778 32 19 att
643 776 68 21 samla
718 776 153 27 genealogiska

51 806 40 21 och
106 805 131 28 biografiska
252 805 153 27 upplysningar
419 811 35 15 om
469 811 105 20 personer
588 805 95 22 hörande
698 805 32 21 till
741 805 130 21 Ridderska-

50 836 38 25 pet
106 834 41 22 och
163 834 75 26 Adeln,
252 834 80 21 anmält
347 834 33 27 sig
395 833 77 22 sinnad
489 836 33 19 att
537 834 67 21 under
619 833 48 22 titel
683 833 22 22 af
720 834 58 26 ,Den
795 833 13 21 å
822 833 48 22 Fin-

50 863 63 22 lands
136 863 122 21 Riddarhus
279 862 165 22 introducerade
467 862 81 21 Adelns
569 862 132 22 ättartaflor*
719 869 75 20 genom
810 862 62 27 tryck

51 892 32 21 till
106 892 155 21 allmänhetens
276 891 120 22 kännedom
410 890 103 23 befordra
529 891 21 21 af
563 891 78 22 honom
656 891 7 21 i
679 891 76 22 sådant
771 891 100 22 afseende

51 920 121 28 uppgjorda
192 920 115 27 samlingar
326 920 7 21 i
349 921 78 25 ämnet,
444 922 58 19 samt
517 920 68 21 tillika
600 920 90 21 anhållit
703 921 32 20 att
749 919 33 22 för
799 920 73 21 betäc-

51 949 72 22 kande
145 949 23 22 af
187 949 122 22 kostnaden
331 949 32 21 för
385 949 142 27 tryckningen
550 949 22 21 af
589 949 91 22 berörde
696 949 79 26 arbete,
792 948 81 22 hvilket

53 978 70 22 skulle
145 977 93 28 utgifvas
254 977 54 22 efter
327 977 112 22 enahanda
453 977 53 28 plan
521 984 46 15 som
581 978 83 27 Anreps
680 977 96 22 Svenska
791 977 80 22 Adelns

53 1007 121 22 ättartaflor
189 1007 40 21 och
244 1007 95 21 kommer
354 1008 33 20 att
399 1007 67 26 jemte
485 1007 156 27 omslagstryck
656 1006 40 22 och
706 1006 97 27 häftning
810 1006 64 21 kosta

53 1036 98 27 omkring
167 1037 62 25 8,000
243 1035 67 27 mark,
327 1035 23 22 af
362 1035 163 28 Ridderskapet
539 1035 40 22 och
593 1035 69 22 Adeln
677 1035 64 21 undfå
756 1037 32 20 ett
798 1035 76 27 bidrag

54 1065 23 22 af
97 1066 64 25 4,000
183 1064 67 27 mark,
274 1065 110 21 hvaremot
406 1063 182 23 Tullförvaltaren
602 1064 104 22 förklarat
720 1064 33 27 sig
768 1064 58 27 villig
841 1065 33 20 att

53 1094 33 21 till
104 1093 154 26 Riddarhuset,
280 1093 22 21 af
316 1093 41 22 den
372 1093 32 21 till
420 1094 62 25 1,200
500 1093 108 27 exemplar
622 1093 121 22 beräknade
759 1093 114 27 upplagan,

54 1122 91 22 aflemna
167 1122 56 21 ända
244 1122 33 21 till
292 1122 40 21 och
347 1122 49 21 med
411 1123 32 20 ett
457 1121 108 22 femtiotal
581 1122 117 27 exemplar:
714 1121 39 22 och
768 1121 40 22 har
822 1121 52 22 Rid-

55 1151 118 27 derskapet
195 1151 40 21 och
256 1151 69 21 Adeln
347 1157 76 21 genom
441 1151 201 26 protokollsutdrag
658 1150 58 22 öfver
730 1151 91 22 berörde
837 1156 37 15 an-

54 1180 73 22 hållan
141 1179 105 22 infordrat
261 1179 244 22 Riddarhusutskottets
522 1179 106 28 yttrande.

124 1209 42 21 För
180 1208 134 22 bedömande
330 1208 22 21 af
364 1208 165 27 ifrågavarande
544 1209 86 21 arbetes
645 1208 51 27 plan
712 1207 38 22 och
761 1207 113 22 utförande

55 1238 40 21 har
109 1237 231 22 Riddarhusutskottet
356 1237 22 21 af
390 1237 50 21 herr
454 1237 152 27 Wasastjerna
615 1237 33 21 till
657 1237 107 26 påseende
772 1236 105 22 infordrat

56 1266 158 28 manuskriptet
228 1266 33 21 till
274 1265 161 28 ifrågavarande
450 1266 78 21 arbete
543 1266 41 21 och
599 1271 76 22 genom
690 1272 27 15 en
731 1265 23 22 af
762 1265 46 22 sine
818 1265 59 21 med-

55 1296 90 22 lemmar
167 1294 141 22 underkastat
331 1294 119 22 detsamma
473 1295 132 27 granskning
627 1295 41 21 och
688 1294 121 28 jemförelse
828 1294 49 21 med

56 1324 84 27 Anreps
163 1323 127 22 ättartaflor.
320 1323 81 21 Härvid
422 1322 66 22 hafva
507 1324 158 26 Wasastjernas
684 1322 119 22 ättartaflor
818 1322 59 22 öfver

57 1353 100 21 Finlands
180 1352 55 27 adel,
259 1352 24 22 så
298 1352 45 22 vidt
358 1352 35 21 vid
408 1352 95 22 nämnde
523 1352 128 28 granskning
668 1352 81 21 kunnat
764 1352 113 25 inhemtas,

57 1382 108 22 befunnits
187 1387 52 16 vara
253 1381 129 27 upprättade
397 1380 50 22 med
466 1387 28 15 en
511 1381 65 27 ingen
590 1381 64 21 möda
669 1380 94 28 skyende
778 1380 33 21 flit
825 1382 57 19 samt

58 1411 41 21 den
113 1410 176 22 berömvärdaste
305 1415 84 21 omsorg
405 1409 40 21 och
460 1410 142 27 noggranhet,
618 1409 82 22 hvilket
714 1409 79 21 vittnar
804 1414 34 16 om
847 1410 32 19 ett

57 1439 66 27 högst
145 1438 91 28 sällsynt
258 1438 41 22 och
320 1438 97 22 lefvande
440 1438 97 22 intresse
558 1438 33 22 för
610 1438 136 27 genealogisk
761 1436 118 27 forskning.

58 1468 83 26 Anreps
157 1467 97 22 Svenska
268 1467 80 21 Adelns
363 1466 122 22 ättartaflor
501 1466 65 22 hafva
580 1467 126 26 visserligen
720 1466 67 28 tjenat
803 1464 76 22 Wasa-

59 1497 81 27 stjerna
157 1496 33 21 till
203 1495 91 22 förebild
310 1496 40 21 och
364 1495 55 22 varit
433 1494 83 23 honom
532 1495 31 22 till
578 1495 42 27 god
634 1495 86 27 ledning
735 1495 39 21 och
789 1493 91 27 mycken

58 1525 65 27 hjelp,
146 1531 48 15 men
215 1524 43 21 'han
279 1524 40 21 har
340 1524 48 21 icke
410 1523 71 28 ätnöjt
505 1524 34 27 sig
557 1524 48 22 med
622 1525 32 20 att
666 1524 38 21 lita
718 1524 27 26 på
761 1523 69 21 denne
845 1522 34 21 sin

59 1554 92 21 svenske
165 1552 147 27 föregångare,
328 1552 55 22 hvad
399 1551 26 22 de
442 1552 162 22 svensk-finska
619 1554 83 20 ätterne
711 1551 106 26 beträffar,
826 1552 55 20 utan
