1086 1717
405 117 40 17 Den
463 116 10 18 4
489 117 43 23 Maj.
809 116 38 20 679

56 180 102 23 skalkens
182 180 97 22 tillstånd
302 178 67 23 afrest
389 179 47 22 från
459 182 70 25 orten,
553 180 41 22 den
618 182 10 20 1
646 180 40 28 maj
703 180 48 22 icke
767 180 111 27 deltagit
868 174 14 38 i

53 209 172 27 Ridderskapets
247 209 40 21 och
310 208 80 22 Adelns
410 208 186 28 öfverläggningar
620 210 39 21 och
675 209 79 23 beslut.
784 210 41 26 Jag
841 210 38 26 gör

56 238 71 22 denna
141 238 97 21 anmälan
254 238 90 27 specielt
358 238 50 21 med
424 237 101 23 afseende
541 238 12 21 å
566 238 170 26 Ridderskapets
748 238 40 22 och
798 238 79 22 Adelns

55 268 74 21 beslut
143 268 33 20 att
190 266 123 28 handlägga
328 266 256 28 tingsgästningsfrägan,
601 267 64 21 innan
681 267 149 21 betänkanden
846 266 31 21 in-

55 296 90 22 kommit
160 296 7 21 i
182 295 115 27 anledning
320 294 23 22 af
361 295 189 27 propositionerna
565 302 34 15 om
614 296 160 22 häradsnämnd
790 296 39 22 och
845 301 34 16 om

55 325 188 22 häradsrätternas
260 324 182 27 omorganisition.

126 412 41 21 Till
193 411 88 22 fortsatt
305 411 132 27 behandling
464 413 94 26 upptogs
582 412 156 21 sammansatta
760 412 57 27 Lag-
840 411 40 22 och

56 441 226 22 Ekonomiutskottets
297 440 138 22 betänkande
451 441 6 21 i
474 441 114 27 anledning
602 440 22 22 af
632 441 78 27 nådiga
720 441 161 27 propositionen

58 476 34 15 om
112 470 164 27 tingsgästning,
298 469 22 22 af
335 469 83 22 hvilket
433 469 139 22 betänkande
588 472 10 19 1
616 469 11 28 $
642 469 36 22 vid
693 472 88 19 senaste
795 470 86 27 plenum

56 498 71 23 blifvit
143 498 88 28 afgjord,
247 498 85 22 hvarför
347 505 29 14 nu
389 499 8 20 i
413 499 91 27 ordning
519 498 65 28 följde
599 498 11 28 $
626 500 19 25 2,
662 505 34 15 om
711 498 86 22 hvilken

125 528 56 21 Herr
202 527 137 22 Mechelin
361 527 98 28 yttrade:
484 528 44 22 Det
550 534 63 21 synes
636 527 43 28 mig
700 527 47 22 icke
774 527 106 23 öfverens-

58 558 91 20 stämma
164 557 48 21 med
227 556 170 27 Ridderskapets
414 556 42 21 och
470 557 80 22 Adelns
566 557 72 21 beslut
652 555 133 24 beträffande
800 557 11 27 3
827 558 10 19 1
850 557 32 21 att

58 586 7 21 i
81 585 38 28 82
142 585 108 22 bibehålla
272 585 67 22 orden
364 585 171 28 ,jordlägenhet,
550 585 47 22 från
620 585 85 22 hvilken
723 585 159 28 tingsgästning

61 615 110 26 utgöres",
186 616 22 26 ty
224 614 41 21 den
280 613 130 28 förändring,
427 620 48 15 som
491 615 87 21 ståndet
592 614 74 27 vidtog
681 614 7 21 i
704 613 101 23 afseende
821 615 12 20 å
847 613 11 28 $
871 616 8 19 1

58 643 96 26 innebär,
178 643 71 22 såvidt
268 643 38 27 jag
321 643 83 21 kunnat
417 642 47 22 från
481 643 227 27 tidningsreferaterna
722 643 101 26 inhemta,
836 643 47 27 just

59 672 43 27 det,
123 673 32 20 att
171 671 188 28 tingsgästningen
373 672 48 21 icke
437 672 58 22 skall
510 679 52 15 vara
576 672 85 22 bunden
676 672 36 21 vid
724 656 157 48 jordlägenhet,

58 701 49 22 icke
129 701 55 21 skall
206 707 62 15 anses
288 702 76 26 utgöra
381 701 72 26 någon
467 701 117 27 jordskatt.
614 701 76 22 Denna
704 701 101 27 paragraf
817 701 66 21 borde

59 729 86 22 således
169 729 159 22 omformuleras
350 729 33 22 till
405 729 121 28 följdriktig
544 729 223 22 öfverensstämmelse
782 730 49 21 med
846 730 37 21 be-

60 759 68 22 slutet
143 759 7 20 i
167 760 9 19 1
194 758 10 28 $
220 759 40 21 och
275 759 7 20 i
298 759 77 21 sådant
391 758 102 23 afseende
509 759 175 22 äterremitteras.

129 787 98 22 Friherre
249 787 102 27 Wrede,
374 787 97 27 August:
497 788 75 21 Såsom
592 788 38 27 jag
645 787 35 22 vid
696 789 87 20 senaste
798 787 86 27 plenum

59 817 7 20 i
81 816 75 28 frågan
175 816 66 22 redan
261 816 56 22 hade
338 819 51 18 äran
407 818 60 25 yttra
485 817 50 26 mig,
552 817 24 21 så
592 823 63 21 synes
672 817 36 21 det
723 823 51 15 vara
788 816 95 27 följdrik-

59 845 43 27 tigt
125 845 40 22 och
188 845 47 21 icke
258 845 72 21 kunna
350 845 136 22 annorlunda
501 846 33 27 gå,
551 847 27 20 än
594 847 32 20 att
642 845 69 22 denna
725 845 102 28 paragraf
841 845 44 21 helt

60 874 40 21 och
122 873 68 22 hållet
211 874 97 21 kommer
330 876 33 19 att
385 873 62 28 utgå;
469 874 42 22 den
527 875 39 21 har
581 875 63 26 ingen
660 874 112 28 betydelse
788 874 40 21 och
842 874 43 21 kan

60 903 48 22 icke
131 902 22 22 få
170 903 70 27 någon
259 903 141 27 tillämpning,
421 903 70 22 sedan
511 905 10 20 1
539 903 11 28 $
564 903 70 22 blifvit
649 905 91 26 antagen
755 903 68 27 enligt
837 903 49 21 mitt

60 931 85 28 förslag.

129 961 58 21 Enär
209 960 50 22 herr
278 960 119 22 Mechelins
412 961 71 22 under
499 961 152 22 diskussionen
666 961 126 22 framstälda
805 960 81 28 förslag

61 989 49 22 icke
125 989 75 22 vunnit
215 989 124 27 understöd,
356 995 48 16 men
421 990 100 22 deremot
531 990 89 22 friherre
631 989 90 22 Wredes
731 989 156 28 framställning

63 1025 34 15 om
112 1018 140 27 paragrafens
267 1019 110 26 utgående
387 1018 70 22 blifvit
468 1019 37 22 vid
516 1019 128 27 föregående
652 1019 86 27 plenum
746 1018 140 26 understödd,

62 1047 136 28 uppställdes
215 1047 312 28 omröstningspropositionen
542 1048 28 27 på
584 1047 94 28 följande
694 1049 53 20 sätt:

133 1076 67 27 »Den,
217 1082 46 15 som
274 1076 125 27 godkänner
409 1077 13 20 2
434 1075 11 28 $
457 1076 24 22 af
491 1079 155 20 sammansatta
656 1077 55 27 Lag-
722 1077 40 22 och
772 1076 115 22 Ekonomi-

65 1105 119 22 utskottets
200 1105 162 32 ifrågavarande
377 1105 148 27 betänkande,
542 1112 74 15 svarar
628 1106 33 27 ja;

132 1134 74 21 vinner
220 1134 41 27 nej,
278 1134 107 22 uteslutes
400 1134 132 27 paragrafen
546 1141 26 15 ur
587 1134 173 27 författningen".

133 1163 34 21 Då
181 1163 160 27 propositionen
355 1163 133 22 besvarades
500 1164 49 21 med
560 1165 32 20 ett
602 1163 155 28 öfvervägande
767 1163 41 28 nej,
820 1163 69 22 skulle

63 1191 85 22 således
164 1191 127 28 paragrafen
306 1199 26 14 ur
346 1191 158 28 författningen
519 1193 115 21 uteslutas.

132 1220 41 21 Vid
189 1216 34 37 den
216 1220 122 22 'derefter
352 1220 131 27 föredragna
497 1221 12 28 8
525 1223 12 20 3
552 1221 97 28 yttrades
664 1221 23 22 af

133 1249 55 22 Herr
207 1249 147 22 Mechelin:
374 1249 56 21 Från
450 1250 73 22 denna
538 1250 103 27 paragraf
654 1256 62 22 synes
732 1250 43 27 mig
790 1256 62 15 mom.
869 1251 20 24 a)

64 1278 54 22 böra
133 1278 57 27 utgå.
222 1278 72 22 Också
310 1279 60 21 detta
384 1280 98 20 moment
498 1281 25 19 är
539 1279 100 22 affattadt
654 1279 67 22 under
736 1278 155 27 förutsättning

65 1309 34 19 att
121 1307 185 27 tingsgästningen
329 1307 55 22 skall
405 1314 52 15 vara
473 1308 35 21 till
523 1308 45 22 viss
584 1308 52 28 grad
652 1308 81 22 ordnad
748 1308 71 22 såsom
832 1308 59 27 jord-

65 1336 66 26 skatt,
155 1336 101 22 eftersom
280 1337 38 21 der
340 1336 62 22 heter
425 1338 33 19 att
482 1337 39 21 det
543 1336 68 23 finnes
626 1337 59 21 vissa
698 1337 131 27 lägenheter,
845 1336 47 22 från

64 1364 73 22 hvilka
159 1364 47 22 icke
228 1365 160 27 tingsgästning
411 1364 57 22 skall
484 1366 62 26 utgå.
576 1366 42 22 Vill
634 1372 49 15 man
700 1366 45 21 åter
764 1368 33 19 att
813 1372 26 15 en
854 1365 37 21 be-

65 1393 73 22 frielse
153 1394 7 20 i
176 1400 81 15 samma
280 1394 54 27 syfte
357 1393 56 22 skall
427 1394 130 27 bibehållas,
574 1394 66 22 borde
657 1395 37 21 det
707 1394 60 22 heta:
785 1394 106 27 ,innehaf-

65 1429 50 14 vare
138 1422 26 27 af
182 1422 124 28 nybyggen"
324 1428 18 16 o.
360 1428 15 16 s.
392 1429 19 14 v.
441 1422 45 22 För
510 1424 44 21 min
570 1424 34 21 del
620 1425 45 20 tror
677 1424 37 27 jag
730 1423 55 22 dock
801 1423 32 21 att
848 1428 44 16 mo-

66 1452 82 20 mentet
163 1451 47 21 helt
225 1451 40 21 och
280 1451 67 22 hället
362 1451 71 21 kunde
449 1452 64 26 utgå.

136 1479 98 22 Friherre
256 1480 102 27 Wrede,
377 1480 96 26 August:
492 1481 34 21 Pä
541 1481 26 21 de
583 1480 47 22 skäl
643 1481 37 27 jag
694 1480 65 22 redan
775 1480 54 22 sista
843 1480 52 26 gän-

68 1514 48 21 gen,
135 1508 27 21 dä
184 1508 76 27 frägan
278 1508 89 26 förevar,
387 1508 127 27 framhällit,
531 1510 69 21 skulle
613 1509 37 27 jag
666 1509 95 27 ödmjukt
775 1508 121 28 hemställa,

67 1537 109 22 huruvida
198 1537 48 22 icke
271 1538 70 21 denna
355 1537 102 28 paragraf
471 1538 77 22 kunde
563 1538 21 22 fä
600 1538 40 22 den
655 1538 86 28 lydelse,
758 1544 46 16 som
820 1540 23 19 är
859 1544 38 16 an-
