1086 1717
377 103 40 17 Den
433 101 26 19 29
475 102 44 23 Maj.
793 101 40 20 983

50 167 23 21 Je
89 166 55 26 skäl,
161 171 45 16 som
221 165 70 22 blifvit
306 165 89 23 anförda
409 165 32 22 för
455 165 111 27 förslaget,
582 171 63 16 anser
658 164 38 28 jag
712 164 55 22 dock
782 165 25 21 sä
821 165 44 27 vig-

49 196 45 26 iga,
111 196 34 21 att
160 195 70 22 denna
244 195 108 27 synpunkt
367 200 64 22 synes
445 194 44 27 mig
504 194 53 22 böra
568 193 138 28 öfvergifvas;
718 194 60 22 detta
788 194 77 27 belopp

49 226 18 20 ir
82 224 57 22 dock
153 224 49 22 icke
218 225 70 21 större
304 226 26 19 än
346 225 38 25 att,
401 230 34 15 om
449 223 69 27 några
526 222 104 28 vigtigare
639 222 94 22 ärenden
741 228 77 22 genom
829 222 37 22 det

48 253 65 22 jkade
127 252 83 22 antalet
224 252 134 28 fullmäktige
373 252 64 22 vinna
452 258 25 16 en
493 252 104 27 riktigare
608 252 40 21 och
658 251 154 27 insigtsfullare
822 252 43 21 lös-

48 282 51 27 ning,
115 282 62 21 detta
191 282 79 26 belopp
285 281 67 22 redan
367 282 124 26 derigenom
506 281 43 21 kan
563 287 52 15 vara
630 280 84 22 banken
728 280 49 22 fullt
791 282 73 20 ersatt.

47 310 36 28 Jag
98 311 39 21 ber
151 312 33 20 att
198 310 22 22 få
234 310 86 22 biträda
334 310 183 22 Bankutskottets
532 309 86 27 förslag.

111 339 72 22 Sedan
203 339 151 22 diskussionen
368 340 7 20 i
390 339 72 27 frågan
478 338 90 22 härmed
583 338 107 27 afslutats,
706 338 111 28 upplästes
833 338 32 22 till

46 368 130 22 besvarande
190 368 96 28 följande
301 368 289 28 omröstningsproposition:

115 397 66 27 »Den,
197 404 47 14 som
259 397 124 27 godkänner
398 397 182 22 Bankutskottets
595 396 80 27 förslag
690 397 33 21 att
738 396 46 22 åtta
798 396 67 22 bank-

45 426 123 27 fulmäktige
188 426 53 22 böra
263 428 67 25 utses,
345 426 37 22 två
396 426 33 22 för
443 426 76 27 hvarje
533 426 70 27 stånd,
619 427 57 20 samt
690 424 46 29 fyra
751 425 114 28 supplean-

45 457 32 20 ter
90 455 104 22 likaledes
210 455 46 22 från
271 455 73 28 hvarje
360 455 69 27 stånd,
446 461 75 16 svarar
534 455 32 28 ja;

110 484 74 22 vinner
209 485 42 26 nej,
278 484 95 22 förfaller
393 484 104 27 förslaget
521 490 33 15 om
580 483 114 28 tillökning
716 483 22 22 af
758 483 107 22 bankfull-

43 513 104 28 mäktiges
155 513 40 22 och
210 513 148 27 suppleanters
375 513 78 22 antal".

111 542 82 22 Genom
218 543 70 21 denna
312 542 145 28 propositions
480 542 134 21 besvarande
636 541 49 22 med
705 543 24 20 13
743 541 24 28 ja
783 541 39 22 och
837 543 28 20 22

42 571 33 28 nej
101 571 57 22 hade
178 571 88 22 ståndet
280 571 66 22 fattat
360 571 73 22 beslut
447 572 34 20 att
495 570 75 28 frågan
586 577 34 15 om
635 570 112 27 tillökning
762 569 23 23 af
797 570 68 22 bank-

42 600 134 27 fullmäktige
191 600 40 22 och
248 601 139 27 suppleanter
401 600 69 21 skulle
485 599 91 22 förfalla.
848 598 3 3 |

111 629 56 22 Herr
191 629 23 22 af
238 629 143 27 Forselles,
405 629 61 26 Emil,
482 628 92 23 nedlade
598 628 34 22 sin
653 628 132 23 reservation
808 630 57 20 emot

43 658 62 22 detta
120 658 79 22 beslut.

112 715 41 22 Till
178 715 130 28 behandling
327 715 111 28 föredrogs
455 715 225 22 Ekonomiutskottets
696 715 119 28 bordlagda
829 715 37 21 be-

43 745 109 21 tänkande
174 744 7 22 i
204 745 115 27 anledning
342 745 22 21 af
384 747 31 19 ett
436 745 7 21 i
468 745 185 26 Borgareståndet
676 744 121 22 framstäldt
812 743 55 28 peti-

43 773 145 28 tionsförslag,
206 774 110 27 angående
331 773 155 28 inskränkning
502 773 23 22 af
537 773 133 22 handlandes
682 774 46 21 rätt
738 774 33 21 att
780 772 87 28 försälja

44 802 59 22 vissa
117 802 58 27 slags
191 803 152 27 spritdrycker.

114 831 68 22 Ordet
196 831 110 22 lemnades
322 832 7 21 i
345 832 70 21 denna
428 831 63 27 fråga
506 831 23 22 åt

113 860 56 21 Herr
193 867 42 15 von
259 860 123 25 Alfthan,
406 867 45 15 som
477 860 95 28 yttrade:
602 860 41 27 Jag
666 861 44 20 tror
725 860 80 21 enhvar
819 860 49 21 med

45 889 188 22 tillfredsställelse
255 889 72 22 helsar
350 889 37 22 det
408 889 88 27 förslag,
520 895 46 16 som
581 889 7 21 i
604 889 42 27 dag
660 888 114 28 föreligger
789 889 32 21 till
837 888 30 22 af-

45 918 101 27 görande,
163 918 72 21 såsom
251 918 81 27 egnadt
346 920 33 20 att
393 918 7 21 i
415 919 72 26 någon
503 918 48 21 mån
566 918 84 21 minska
665 917 41 22 den
721 918 74 21 starka
805 917 62 22 brän-

44 947 213 22 vinskonsumtionen
281 947 7 22 i
313 947 108 26 städerna,
445 947 42 22 och
509 947 32 22 får
563 947 37 27 jag
625 946 84 23 derföre
726 946 33 23 för
774 947 43 21 min
832 947 35 21 del

45 975 108 28 tillstyrka
167 975 60 22 bifall
242 976 32 21 till
288 976 131 27 petitionens
435 976 128 27 antagande,
580 982 48 15 men
643 975 72 22 förrän
729 982 50 15 man
793 975 74 23 defini-

45 1005 41 21 tivt
101 1005 96 21 beslutat
212 1005 33 26 sig
259 1004 34 22 för
308 1006 32 21 ett
356 1005 24 21 så
394 1005 78 27 vigtigt
488 1007 54 25 steg,
555 1005 67 22 borde
632 1011 49 15 man
692 1005 55 21 ändå
757 1005 49 21 litet
815 1011 52 20 mer,

47 1035 27 20 än
89 1033 214 22 Ekonomiutskottet
318 1034 61 27 gjort,
396 1035 52 26 göra
463 1033 34 28 sig
512 1034 52 21 reda
577 1033 33 22 för
625 1034 42 21 alla
683 1033 27 22 de
723 1033 89 28 möjliga
821 1033 47 28 följ-

47 1062 68 21 derna
137 1062 22 22 af
177 1062 60 22 detta
254 1062 130 22 förfarande.
414 1063 44 21 Det
473 1065 26 19 är
512 1063 106 27 nemligen
632 1063 48 21 icke
694 1062 57 22 blott
765 1063 41 21 och
821 1063 48 21 bart

47 1091 10 28 8
81 1093 26 19 55
130 1091 7 21 i
162 1093 52 20 1873
239 1092 35 21 års
296 1091 229 28 bränvinsförordning
548 1097 46 16 som
611 1091 121 22 förorsakat
749 1091 37 22 det
804 1091 63 27 onda,

47 1126 47 15 som
116 1119 7 22 i
145 1120 119 27 petitionen
287 1120 142 27 öfverklagas,
449 1122 54 20 utan
518 1120 71 22 dertill
604 1120 62 22 hafva
680 1120 94 27 bidragit
789 1121 42 21 den
845 1121 24 21 år

38 1148 42 24 för
103 1149 24 21 år
149 1149 69 22 ökade
237 1149 236 27 bränvinsbränningen
489 1149 40 22 och
542 1149 255 28 utskänkningsbolagen.
826 1149 43 22 Det

47 1177 133 22 förhållande
198 1184 47 15 som
265 1178 134 27 öfverklagas
423 1178 76 22 består
514 1179 76 26 deruti,
606 1180 33 20 att
653 1179 32 21 uti
700 1184 26 16 en
741 1178 35 22 hel
791 1179 79 26 mängd

48 1206 82 21 mindre
152 1206 74 27 bodor,
249 1207 69 22 under
338 1207 128 27 benämning
490 1207 23 22 af
528 1213 52 21 rom,
601 1207 63 22 arrak
681 1214 27 15 m.
727 1213 27 16 m.
771 1207 98 28 försäljes

47 1235 87 27 färgadt
153 1235 95 27 bränvin,
268 1236 41 21 och
325 1237 38 21 det
381 1239 24 19 är
421 1236 88 22 alldeles
525 1236 103 27 naturligt
643 1237 33 20 att
690 1236 27 22 de
732 1237 61 20 stora
807 1236 63 21 brän-

48 1264 105 27 nerierna,
170 1266 38 19 när
224 1265 26 21 de
266 1265 53 27 sågo
335 1265 33 27 sig
382 1265 142 28 möjligheten
539 1265 92 27 betagen
646 1267 33 20 att
693 1265 75 28 sjelfva
782 1265 89 27 försälja

48 1293 34 21 sin
96 1299 51 15 vara
162 1293 7 21 i
184 1294 57 26 parti
256 1294 40 22 och
312 1294 74 27 minut,
401 1295 29 27 på
444 1294 68 27 något
527 1296 45 20 sätt
586 1294 70 22 skulle
665 1294 88 22 försöka
763 1296 32 20 att
805 1294 66 22 blifva

49 1321 23 22 af
84 1322 49 21 med
149 1322 130 28 densamma,
295 1324 25 21 så
335 1325 32 20 att
382 1329 35 16 om
431 1323 28 22 de
475 1323 66 22 också
554 1323 48 22 icke
616 1323 133 26 omedelbart
760 1322 111 26 befattade

49 1350 34 27 sig
97 1350 50 22 med
163 1351 67 27 några
244 1352 147 28 blandningar,
407 1352 80 22 sådant
501 1352 142 22 verkställdes
660 1352 22 22 af
695 1358 26 16 en
736 1352 79 27 mängd
825 1352 46 22 små

48 1379 131 27 handlande,
193 1380 33 22 för
240 1380 74 22 hvilka
327 1380 114 23 frestelsen
456 1387 39 16 var
509 1380 33 24 för
550 1383 51 19 stor.
624 1381 45 23 När
676 1380 195 27 utgkänkningsbo-

49 1408 60 32 laget
123 1408 8 21 i
146 1409 70 21 denna
230 1409 135 27 Helsingfors
381 1410 55 26 stad,
453 1410 68 27 enligt
536 1410 155 27 samstämmigt
705 1410 73 23 beslut
793 1408 22 22 af
828 1415 44 17 ma-

50 1438 105 26 gistraten
171 1438 40 21 och
226 1438 203 28 stadsfullmäktige,
443 1439 69 21 erhöll
522 1439 104 27 rättighet
641 1440 33 20 att
683 1439 49 21 med
743 1438 42 22 alla
795 1438 78 22 andras

50 1466 138 22 uteslutande
203 1466 121 22 handhafva
338 1468 182 26 utminuteringen
535 1467 22 21 af
570 1467 94 26 bränvin,
680 1466 25 23 så
712 1466 119 25 besvärade
841 1468 34 27 sig

52 1494 99 27 samtlige
171 1495 165 28 bränneriegare
352 1496 58 22 öfver
426 1496 71 22 denna
512 1496 82 27 åtgärd.
624 1495 73 28 Enligt
711 1494 162 28 förordningens

53 1523 136 31 ordalydelse
212 1524 72 22 kunde
307 1525 64 22 dessa
391 1525 79 23 besvär
492 1524 55 23 dock
571 1525 47 23 icke
633 1524 109 26 föranleda
757 1524 32 24 till
804 1524 71 31 nägon
