1086 1717
232 111 42 20 634
552 118 40 17 Den
610 117 7 17 1
636 118 42 23 Maj.

199 176 49 21 med
269 176 27 22 30
316 177 13 21 &
348 178 27 21 40
394 179 60 21 mark
470 180 81 28 årligen
566 181 90 27 bidraga
670 181 33 22 för
718 188 26 14 en
759 181 54 22 hvar
828 181 22 21 af
864 182 46 22 sina
924 181 98 28 pupiller.

198 204 156 24 Erfarenheten
368 207 47 22 från
431 208 65 22 dessa
511 210 71 27 asyler
596 210 58 22 visar
670 211 32 21 att
718 210 63 22 dessa
796 210 60 24 barn,
873 211 67 21 ehuru
955 210 67 26 några

199 233 23 22 af
235 234 49 22 dem
298 235 55 21 varit
372 236 25 22 så
412 237 45 27 lågt
473 238 97 27 sjunkna,
587 245 46 15 som
648 239 89 27 möjligt,
753 240 28 26 på
795 239 68 27 några
877 239 22 22 få
912 239 110 27 undantag

198 264 44 24 när,
259 263 66 22 redan
341 264 68 22 blifvit
423 266 53 22 eller
490 266 56 22 lofva
562 269 32 20 att
609 268 65 22 blifva
689 268 84 28 nyttiga
787 268 138 22 medlemmar
936 268 24 22 af
966 274 55 16 sam-

198 292 72 21 hället.
294 292 39 20 Om
349 293 35 29 jag
399 288 90 44 sålunda
502 288 77 44 nästan
592 288 42 44 till
645 288 44 44 olla
702 288 64 44 dalar
777 288 60 44 ansor
854 288 41 44 mig
911 298 53 23 böra
977 296 44 27 för-

197 320 101 28 enä>mig
312 321 10 21 i
334 311 28 47 de
367 315 130 35 Yttranden,
514 324 44 22 som
574 311 50 47 herr
636 323 95 31 Bergh
721 311 13 47 i
747 325 36 22 sin
791 324 132 24 reservation
931 323 88 31 afgifvit,

197 349 25 21 sä
236 349 43 22 kan
292 350 38 26 jag
344 350 44 22 lika
402 352 49 22 fullt
466 353 47 22 icke
528 354 86 22 komma
628 355 33 21 till
676 361 81 15 samma
766 355 140 27 slutresultat,
916 361 46 15 som
969 355 49 27 han,

198 378 52 22 eller
272 384 53 16 anse
347 381 32 20 att
403 382 53 20 1865
479 382 35 22 års
537 383 125 28 förordning
680 384 66 22 borde
763 386 26 19 än
805 384 73 22 vidare
892 384 125 22 bibehållas.

196 406 45 28 Mig
264 413 63 22 synes
343 410 32 20 att
392 410 41 21 den
448 416 29 16 nu
493 411 145 28 föreliggande
653 413 79 27 nädiga
747 412 167 28 propositionen,
930 413 29 28 pä
974 415 45 20 sätt

195 436 245 25 utskottsbetänkandet
463 441 66 21 ocksä
548 441 123 27 innehäller,
688 442 39 21 har
741 441 52 22 flere
809 442 139 27 obestridliga
962 442 56 22 före-

194 465 78 22 träden
293 465 88 24 framför
403 467 41 22 den
467 469 59 22 äldre
548 470 158 27 författningen,
726 470 105 23 förutsatt
849 473 33 19 att
896 470 54 22 ifrän
966 471 52 22 den-

195 500 82 16 samma
292 496 52 27 utgä
359 497 66 26 nägra
439 497 169 29 bestämmelser,
624 499 72 22 hvilka
708 500 44 27 jag,
769 500 6 21 i
791 500 95 27 enlighet
899 500 48 21 med
960 500 57 21 hvad

192 522 38 27 jag
251 523 59 22 förut
331 526 72 26 yttrat,
420 532 63 16 anser
497 527 33 22 för
545 528 41 21 den
600 529 123 27 personliga
739 528 92 22 friheten
845 529 90 27 vädliga.
966 529 50 21 Man

195 553 63 26 säger
274 554 34 19 att
323 553 37 22 det
375 556 24 19 är
413 555 103 27 vigtigare
533 558 33 20 att
580 557 34 22 väl
629 557 62 28 skipa
706 560 26 19 än
749 557 60 22 stifta
824 558 35 27 lag
875 558 39 21 och
930 564 33 15 om
979 558 37 21 nä-

194 581 76 26 gonsin
292 581 40 22 bör
354 583 60 22 detta
436 583 63 23 hafva
521 586 32 21 sin
573 586 134 28 tillämpning
722 586 32 22 uti
769 593 29 15 nu
813 586 146 27 föreliggande
973 586 42 22 fall.

193 609 51 22 Man
266 609 68 23 finner
355 611 7 22 i
381 612 73 23 denna
476 620 39 21 nya
526 614 133 29 förordning
673 616 68 27 några
755 615 166 27 bestämningar,
936 615 79 27 hvilka;

193 639 45 20 rätt
251 638 131 29 tillämpade,
397 640 84 29 förtaga
495 643 85 27 mycket
595 643 23 22 af
631 644 67 21 andra
713 644 135 27 stadganden
863 644 7 21 i
885 644 129 27 densamma,

194 666 73 22 hvilka
288 668 36 21 vid
345 669 68 22 första
427 671 120 26 påseendet
561 673 71 21 kunde
648 679 64 22 synas
727 673 156 22 skrämmande.
914 673 42 27 Jag
971 675 45 20 tror

195 695 72 22 såsom
290 698 64 26 sagdt
370 698 47 22 icke
433 701 34 20 att
481 700 41 22 den
537 707 41 22 nya
593 701 151 28 förordningen
760 702 56 21 skall
832 702 88 27 bidraga
935 702 32 21 till
983 703 33 20 att

192 724 84 22 minska
297 725 150 30 lösdrifveriet,
467 735 48 16 men
532 729 41 22 den
588 730 39 21 har
641 730 98 22 fördelen
754 731 23 21 af
791 732 68 20 större
875 731 85 21 klarhet
975 731 39 21 och

192 753 112 27 enkelhet;
321 755 40 21 den
377 755 128 24 förminskar
521 759 25 21 de
561 759 77 27 många
654 760 123 27 omgångar,
793 759 72 22 hvilka
876 766 28 15 nu
912 765 40 22 ega
959 766 53 20 rum,

192 781 72 23 hvilka
280 783 119 23 emellertid
413 785 70 22 blifvit
498 787 89 22 anförda
602 788 72 22 såsom
689 790 33 20 ett
736 788 105 21 särskildt
856 787 108 22 företräde
974 789 40 21 hos

191 811 41 21 den
255 811 58 22 förra
334 812 159 29 författningen.
523 816 50 21 Man
595 817 39 21 har
651 817 87 22 dermed
753 817 59 22 velat
826 817 130 27 kringgärda
972 818 41 21 den

189 840 123 27 personliga
330 841 97 28 friheten,
444 850 49 15 men
507 844 79 28 följden
602 845 40 22 har
656 846 56 21 varit
727 847 33 20 att
775 853 48 14 man
839 846 120 27 onödigtvis
975 846 37 21 be-

190 870 74 20 svärat
286 870 177 27 myndigheterna
485 873 40 22 och
547 875 16 20 t.
586 880 19 16 o.
628 881 27 15 m.
671 874 156 23 lösdrifvarena
845 874 80 28 sjelfva,
941 875 72 21 hvilka

190 897 129 28 derigenom,
343 901 33 20 att
391 900 26 22 de
432 901 72 22 alltför
519 902 45 22 ofta
578 903 56 22 måst
649 904 102 21 insändas
766 903 55 22 först
835 903 39 22 för.
883 905 33 20 att
932 903 81 22 erhålla

189 926 96 27 varning,
306 927 66 28 derpä
390 929 33 22 för
437 931 34 20 att
485 931 68 22 skaffa
569 933 32 26 sig
616 931 82 23 försvar
713 933 41 21 och
769 932 68 22 sedan
851 932 33 21 för
899 934 32 20 att
945 934 67 26 ytter-

188 961 60 15 mera
271 957 56 20 ännu
350 957 71 27 höras,
444 959 68 22 blifvit
533 960 135 23 utledsnade.
700 961 89 22 Säledes
807 963 46 20 tror
865 961 38 27 jag
916 961 49 22 icke
980 963 32 20 att

188 983 83 22 skadan
287 987 25 19 är
327 987 52 25 stor,
389 993 34 15 om
439 987 64 22 dessa
519 989 183 28 omständigheter
717 989 107 22 bortfalla.
849 989 111 28 Slutligen,
966 990 46 27 just

189 1018 78 21 genom
298 1015 32 20 att
361 1014 62 23 dessa
446 1017 115 28 omgångar
583 1018 105 27 bortfalla,
712 1019 97 21 kommer
831 1019 121 21 kostnaden
979 1019 33 22 för

187 1040 48 22 lösa
250 1047 115 21 personers
380 1043 108 24 forslande
503 1046 53 21 fram
572 1047 39 22 och
628 1047 46 22 äter
690 1049 32 20 att
738 1047 68 22 blifva
818 1047 88 22 mindre.
932 1047 78 22 Förbe-

186 1069 100 22 hällande
308 1071 44 28 mig
375 1074 32 20 att
429 1076 45 19 mot
495 1075 67 27 nägra
579 1076 97 21 enskilda
696 1076 125 28 paragrafer
836 1076 6 21 i
858 1075 153 28 författningen

185 1097 121 24 framställa
321 1101 57 22 mina
393 1103 170 28 anmärkningar,
573 1107 39 19 när
627 1105 150 22 diskussionen
793 1105 73 22 derom
880 1105 78 28 börjar,
975 1105 36 22 vill

184 1127 38 26 jag
236 1127 80 22 endast
330 1129 33 22 till
379 1131 37 21 det
430 1131 115 28 höglofliga
559 1134 87 21 ständet
660 1134 122 25 hemställa,
790 1134 107 21 huruvida
905 1134 48 21 icke
964 1135 46 20 det-

185 1161 83 17 samma
283 1157 68 22 skulle
367 1165 52 16 anse
435 1160 48 22 skäl
497 1161 131 23 förekomma
643 1164 33 20 att
694 1163 3 21 i
712 1163 155 26 sammanhang
882 1163 48 21 med
939 1164 73 21 svaret

184 1184 29 27 pä
228 1185 42 21 den
285 1186 79 28 nädiga
378 1189 160 26 propositionen
555 1191 51 21 eller
621 1192 67 21 ocksä
702 1194 41 19 när
757 1191 60 27 fräga
833 1192 89 26 uppstär
933 1198 77 15 oman-

185 1213 47 27 slag
246 1214 33 21 till
290 1214 206 31 fängelseväsendet,
505 1219 88 22 hvarom
601 1220 92 21 särskild
702 1220 137 28 proposition
847 1220 69 21 blifvit
924 1220 85 26 afläten,

184 1241 87 23 förorda
287 1245 32 20 ett
333 1245 112 23 uttalande
461 1247 13 21 å
488 1248 128 22 ständernas
631 1251 81 25 vägnar
727 1249 24 21 af
757 1251 32 20 ett
797 1249 78 21 sädant
883 1249 127 27 önsknings-

184 1270 49 27 mäl,
257 1273 33 20 att
302 1272 26 28 ju
342 1273 44 23 förr
402 1274 50 23 dess
467 1275 68 23 hellre
549 1277 7 21 i
571 1277 89 22 Finland
676 1278 131 22 ätminstone
823 1284 27 15 en
865 1278 144 22 mönsterkor-

183 1300 180 24 rektionsanstalt
388 1303 34 22 för
443 1310 57 22 unga
521 1306 126 22 lösdrifvare
670 1308 40 21 och
733 1307 121 27 förbrytare
888 1307 68 21 mätte
978 1307 31 21 in-

182 1330 76 20 rättas.

251 1358 99 22 Friherre
366 1360 103 28 Wrede,
493 1363 25 21 R.
537 1363 32 27 A.,
588 1363 60 28 afgaf
662 1364 95 28 följande
776 1364 107 27 skriftliga
898 1364 110 28 yttrande:

182 1386 84 27 Frägan
286 1393 36 16 om
339 1388 126 24 lösdrifvare
480 1391 41 22 och
537 1388 62 36 deras
608 1388 135 36 -behandiing
761 1392 62 22 är:af
835 1396 95 24 yttersta
943 1393 45 27 vigt.
1003 1394 7 20 i

182 1416 33 20 ett
229 1415 57 27 land,
303 1416 78 23 sädant
396 1424 46 16 som
457 1420 54 26 värt,
527 1421 38 21 der
580 1421 40 21 den
635 1422 48 22 lösa
697 1422 152 26 befolkningen
865 1423 63 25 utgör
944 1428 26 15 en
986 1422 24 21 sä

182 1444 46 20 Stor
250 1447 91 25 procent
362 1446 24 22 af
402 1447 50 22 hela
467 1449 81 21 antalet
563 1450 99 22 invånare
679 1451 40 21 och
736 1451 39 21 der
790 1450 71 22 denna
875 1450 134 28 befolknings

182 1472 102 28 ställning
306 1476 25 19 är
353 1475 7 21 i
383 1476 25 20 sä
429 1477 44 27 hög
487 1478 52 26 grad
558 1479 83 27 osäker,
658 1480 125 27 derigenom
799 1481 32 20 att
847 1479 163 27 arbetslegorna

181 1502 102 30 stundom
298 1504 38 20 äro
351 1505 86 26 mycket
452 1506 56 27 höga
523 1508 76 21 medan
614 1509 28 26 pä
657 1508 68 22 andra
741 1508 57 22 tider
813 1508 64 27 ingen
892 1508 116 22 arbetsför-

181 1530 68 26 tjenst
269 1531 47 21 stär
330 1534 33 20 att
377 1532 64 24 finna.
471 1535 111 28 Farhägan
598 1539 32 19 att
645 1538 71 21 denna
728 1537 60 22 klass
804 1537 33 21 till
853 1536 71 28 nägon
939 1538 70 21 större
