1073 1753
313 83 75 22 Pappiss.
398 84 20 17 10
431 87 15 18 p.
459 83 63 18 Huhtik.
534 83 50 18 1885.
804 81 33 18 587

52 149 52 15 men
122 141 69 22 bland
206 140 93 23 läkarne
314 141 42 22 hos
372 149 37 14 oss
424 142 36 21 uti
475 143 56 21 våra
547 141 83 29 dagars
645 140 138 30 hygieniska
798 143 77 22 veten-

52 171 57 29 skap
132 174 26 18 är
172 171 9 22 i
196 171 84 29 själfva
294 171 80 22 verket
389 172 93 28 mycket
496 172 63 26 liten,
575 171 94 29 mycket
683 171 88 21 mindre
787 173 29 18 än
831 170 43 21 den

54 201 69 22 borde
138 208 61 14 vara.
229 201 52 21 Den
295 201 74 22 första
383 201 44 22 och
441 201 184 29 nödvändigaste
641 200 118 29 åtgärden,
774 207 48 14 som
834 200 41 21 bör

53 231 107 28 vidtagas
184 230 36 22 för
245 230 122 29 spridande
393 231 26 22 af
440 231 138 29 hygieniska
601 231 98 28 insigter
722 230 8 21 i
752 229 82 28 landet,
850 232 24 18 är

54 259 76 23 derför
144 260 8 22 i
168 260 84 29 själfva
276 261 81 21 verket
372 261 154 22 anställandet
541 261 27 22 af
581 268 30 14 en
625 261 75 21 lärare
713 260 41 22 vid
763 259 111 22 universi-

53 292 64 26 tetet,
132 290 50 22 icke
197 290 81 22 endast
293 290 36 22 för
343 291 208 29 undervisningens
565 291 90 21 direkta
663 290 72 22 behof
740 291 57 20 utan
806 289 78 27 äfven
877 285 11 39 ,

52 319 60 22 ifrån
127 321 83 28 många
226 319 71 22 andra
313 321 149 28 synpunkter.
492 321 47 21 Det
553 321 74 21 finnes
643 320 36 21 för
687 320 39 21 det
733 318 140 23 närvarande

53 349 50 23 icke
125 351 76 27 någon
227 349 54 21 fullt
299 350 130 29 sakkunnig
444 351 125 28 hygienisk
585 350 126 22 auktoritet
725 350 9 20 i
749 351 50 20 vårt
814 348 60 22 land.

52 379 50 22 Blir
126 380 39 21 det
188 379 65 29 fråga
278 386 36 15 om
335 381 76 27 någon
426 380 125 30 hygienisk
566 380 82 29 åtgärd
663 380 9 21 i
687 381 34 20 ett
736 379 55 22 eller
805 379 70 21 annat

53 409 112 27 afseende,
184 410 25 21 så
223 409 74 21 finnes
313 409 38 22 det
366 410 51 22 icke
432 412 77 28 någon
524 410 56 22 fullt
596 409 132 29 sakkunnig
743 408 131 27 auktoritet,

53 438 37 22 till
104 438 95 23 hvilken
213 446 53 14 man
281 439 76 22 kunde
372 440 70 29 vädja
457 440 36 22 för
508 442 35 20 att
558 440 24 22 få
597 439 169 29 upplysningar
780 439 9 21 i
799 438 75 22 saken.

53 468 81 22 Redan
158 469 38 21 det
221 471 35 20 att
276 476 29 15 en
329 470 99 21 särskild
442 470 73 22 lärare
532 470 114 21 anstäldes
661 469 42 21 vid
717 468 158 22 universitetet

52 499 74 21 skulle
134 499 107 29 bibringa
251 499 153 22 allmänheten
419 500 101 29 begrepp
536 507 37 15 om
589 501 34 20 att
639 499 76 21 denna
729 498 145 29 vetenskaps-

52 536 58 21 gren
132 528 42 22 har
199 536 28 14 en
252 529 147 29 själfständig
414 530 124 28 betydelse,
554 537 29 14 en
598 528 147 30 själfständig
760 528 115 28 ställning.

52 558 38 22 En
112 559 70 21 sådan
201 558 73 22 lärare
294 559 40 22 vid
356 560 160 21 universitetet
534 559 75 22 skuile
634 558 71 23 verka
729 558 101 22 lifvande
845 558 30 28 på

52 588 124 28 studierna,
191 588 69 22 äfven
275 591 63 19 utom
353 589 45 22 den
414 589 90 22 direkta
523 589 166 28 undervisning
699 588 46 22 han
756 587 118 27 meddelar,

55 618 131 29 derigenom
202 620 35 20 att
251 619 106 22 intresset
367 619 43 22 och
421 619 76 22 lusten
508 622 35 19 att
550 621 56 28 taga
615 618 130 23 kännedom
755 625 36 15 om
801 617 74 22 denna

53 648 224 29 vetenskapsbranch
300 649 73 22 skulle
395 649 10 22 i
419 650 117 29 väsentlig
559 651 53 20 mån
633 649 61 28 stiga
718 648 41 21 hos
785 647 27 22 de
828 649 46 20 stu-

54 678 104 22 derande.
188 679 83 21 Dertill
291 679 101 22 kommer
412 679 29 22 då
463 679 44 22 den
523 679 89 22 direkta
627 678 167 28 undervisning
808 678 24 21 åt
847 676 28 22 de

55 707 116 22 blifvande
186 708 112 28 läkarene,
313 716 48 14 som
377 716 29 14 en
421 709 71 22 sådan
506 709 73 22 lärare
590 708 75 22 skulle
675 708 108 22 meddela.
814 706 61 22 Säle-

55 737 39 22 des
113 741 25 18 är
154 738 73 28 enligt
241 738 54 22 mitt
310 739 147 21 förmenande
473 739 44 21 den
532 739 74 21 första
613 738 44 22 och
667 738 125 28 vigtigaste
802 738 74 27 åtgär-

55 766 43 22 den
114 767 36 22 för
164 768 122 28 spridande
302 768 25 22 af
341 776 28 14 en
384 769 141 21 allmännare
541 768 106 29 kunskap
663 768 35 21 uti
711 767 86 29 hygien
806 766 9 22 i
825 766 51 22 vårt

54 796 55 22 land
124 797 49 27 den,
189 799 35 20 att
240 806 28 13 en
283 798 93 22 lärostol
391 798 98 22 inrättas
505 798 43 22 och
563 798 57 28 icke,
636 805 49 14 som
700 797 112 21 utskottet
827 798 49 26 tyc-

54 826 41 22 kes
120 826 69 22 hafva
211 829 82 26 menat,
315 830 35 20 att
372 836 53 14 man
447 828 94 22 förökar
564 828 87 22 antalet
666 826 210 30 provincialläkare.

55 856 78 22 Skulle
154 856 89 22 derföre
265 858 113 22 utskottet
400 858 72 22 hafva
494 858 128 22 framhållit
646 858 65 21 dessa
734 855 141 33 synpunkter

55 886 43 22 och
118 886 132 22 formulerat
271 888 36 21 sin
321 888 63 22 kläm
398 888 100 29 ungefär
513 888 9 21 i
538 888 39 22 det
591 888 68 28 syfte,
676 889 35 19 att
725 886 127 27 ständerna,
867 892 9 14 i

55 915 155 31 förhoppning
233 919 34 19 att
284 918 135 28 regeringen
435 918 74 22 skulle
524 918 85 22 beakta
624 918 39 21 det
679 916 51 22 från
745 916 131 28 kompetent

54 945 48 22 håll
116 946 71 22 redan
201 947 84 22 väckta
299 947 90 29 vigtiga
404 948 199 28 önskningsmålet
618 955 37 14 om
670 946 131 22 inrättande
813 944 27 22 af
848 952 28 14 en

54 975 94 22 lärostol
162 976 9 21 i
185 976 87 29 hygien
294 977 41 22 vid
357 978 165 28 universitetet,
544 978 52 21 icke
614 977 55 22 ville
685 976 89 29 ingifva
789 982 28 14 en
832 977 45 19 sär-

55 1004 61 23 skild
130 1006 98 28 petition
242 1006 9 22 i
267 1006 62 22 detta
344 1008 67 28 syfte,
427 1008 25 21 så
467 1010 49 19 tror
528 1007 43 29 jag
586 1009 35 19 att
636 1007 39 21 det
690 1006 36 22 för
738 1006 69 21 saken
817 1004 59 22 hade

55 1035 59 21 varit
140 1036 80 27 bättre,
236 1036 42 21 och
300 1036 59 23 hade
379 1037 42 29 jag
441 1037 36 22 för
491 1038 49 21 min
555 1037 38 21 del
608 1037 138 21 åtminstone
760 1035 50 21 icke
825 1033 52 22 haft

55 1065 70 28 något
140 1067 35 20 att
191 1066 107 21 anmärka
309 1066 106 23 deremot.
445 1067 40 22 Nu
497 1068 73 21 måste
576 1066 42 29 jag
625 1069 57 26 göra
690 1065 74 22 denna
773 1063 102 22 anmärk-

54 1094 63 29 ning.
147 1095 51 22 Den
223 1095 46 22 kan
291 1096 50 22 icke
359 1096 120 23 föranleda
493 1097 37 21 till
545 1097 76 28 någon
637 1095 87 29 åtgärd,
740 1095 29 21 då
784 1094 38 21 det
837 1093 39 22 väl

54 1123 52 22 icke
121 1127 25 19 är
161 1125 190 30 ändamålsenligt
367 1129 34 19 att
416 1127 118 21 remittera
549 1126 83 29 frågan
647 1125 97 22 tillbaka
759 1124 36 22 för
803 1123 73 22 erhål-

55 1153 67 23 lande
138 1155 26 21 af
177 1157 34 19 ett
225 1157 54 27 nytt
294 1155 143 23 betänkande
453 1156 44 22 och
512 1156 37 22 för
563 1155 188 28 omformulering
766 1153 25 23 af
804 1153 73 22 kläm-

56 1191 57 21 men,
138 1185 29 21 då
190 1185 119 28 slutsyftet
332 1186 58 21 dock
412 1185 86 23 blifver
522 1186 131 21 detsamma.
683 1186 46 27 Jag
749 1184 41 22 har
804 1182 73 23 likväl

56 1216 74 19 ansett
154 1215 50 28 mig
226 1215 55 22 böra
304 1216 90 29 påpeka
416 1216 66 21 dessa
504 1215 203 29 omständigheter.
737 1214 45 21 Det
803 1213 73 33 finnes

56 1243 38 22 väl
109 1244 68 22 också
192 1245 71 21 andra
277 1245 101 29 punkter
393 1246 8 21 i
416 1246 125 21 utskottets
556 1245 145 29 motivering,
717 1251 48 15 som
773 1243 43 29 jag
826 1242 51 21 icke

56 1273 46 22 kan
116 1274 128 29 godkänna,
258 1282 53 15 men
324 1275 42 29 jag
381 1275 42 22 vill
438 1275 50 22 icke
504 1275 124 29 uppehålla
643 1268 42 41 mig
697 1273 40 23 vid
745 1273 56 22 dem.
830 1272 48 33 Jag

56 1303 43 22 vill
123 1304 80 21 endast
225 1305 89 28 påpeka
337 1305 44 22 den
403 1307 63 20 stora
488 1305 123 29 optimism,
634 1304 113 21 utskottet
769 1302 85 23 uttalat
869 1309 9 13 i

56 1332 107 23 afseende
185 1335 14 20 &
221 1334 194 22 lefnadsvilkoren
438 1335 9 21 i
466 1335 54 22 vårt
539 1335 60 22 land.
629 1334 120 22 Utskottet
768 1336 66 25 säger
848 1331 30 29 pä

56 1362 66 22 sidan
136 1365 15 21 4
166 1366 35 20 att
217 1364 40 28 ,,de
272 1364 115 22 allmänna
401 1364 198 23 lefnadsvilkoren
614 1364 9 22 i
637 1365 52 21 vårt
703 1363 55 22 land
776 1363 9 20 i
800 1361 78 29 hygie-

56 1392 63 22 niskt
144 1394 107 21 afseende
274 1394 59 21 dock
350 1394 128 29 ingalunda
493 1398 39 18 äro
549 1398 78 23 sämre,
642 1396 57 19 utan
714 1394 98 21 tvärtom
828 1398 51 14 sna-

56 1429 50 15 rare
127 1423 74 22 bättre
221 1427 30 18 än
269 1423 9 22 i
293 1424 72 21 andra
380 1424 97 27 länder",
494 1424 44 22 och
553 1425 30 28 på
597 1423 82 29 början
694 1423 26 21 af
733 1422 66 21 sidan
813 1421 14 33 5
843 1421 36 20 att

56 1453 64 26 »vårt
135 1453 66 22 lands
216 1453 72 29 karga
302 1455 71 20 natur
387 1454 9 21 i
411 1453 43 22 och
470 1461 85 22 genom
565 1453 28 22 de
603 1453 98 28 torftiga
708 1449 170 27 lefnadsvilkor,

56 1488 48 15 som
128 1482 67 22 däraf
216 1486 39 18 äro
273 1491 29 13 en
317 1482 63 29 följd,
396 1483 100 22 skänker
510 1483 85 22 folkets
611 1483 69 22 äfven
695 1481 88 30 fysiska
798 1479 81 28 styrka

54 1510 45 22 den
121 1513 197 27 motståndskraft,
337 1520 48 14 som
400 1513 69 22 alltid
484 1513 44 22 och
544 1512 106 23 öfverallt
666 1511 91 29 åtföljer
772 1509 106 23 enkelhet
