1075 1742
334 73 75 21 Pappiss.
420 72 19 18 10
452 76 15 18 p.
481 72 62 18 Huhtik.
555 72 49 18 1885.
803 70 34 20 551

57 132 57 22 1865
134 138 37 14 om
193 130 261 23 kommunalförvaltning
493 132 30 28 pä
544 130 80 22 landet
638 133 26 19 är
679 130 141 30 fullkomligt
835 130 40 22 fri-

56 160 92 23 stäende
170 161 50 21 frän
242 160 110 29 förslaget
374 168 37 14 om
426 160 119 22 införande
564 160 26 22 af
602 160 108 29 länsting,
727 160 72 22 ehuru
812 168 63 21 rege-

56 190 81 29 ringen
152 190 114 22 framstält
288 190 44 22 den
348 190 7 22 i
372 190 166 29 sammanhang
552 190 52 22 med
620 190 126 22 sistnämda
763 190 69 29 fråga.
862 190 13 20 I

57 220 166 29 motiveringen
238 220 26 22 af
284 220 44 22 den
350 220 86 28 nädiga
459 220 171 29 propositionen
646 220 47 21 stär
708 219 76 22 derför
799 220 76 21 äfven:

60 249 126 29 yDerjemte
201 250 43 21 har
258 250 86 29 förslag
360 250 79 22 blifvit
454 250 127 29 uppgjordt
595 250 38 21 till
648 249 134 29 förordning
791 249 84 22 beträf-

57 279 70 22 fande
142 279 68 22 häraf
222 279 118 22 föranledd
356 280 99 28 ändring
471 280 26 21 af
509 281 30 21 40
554 281 13 26 &
583 280 9 21 i
607 280 164 28 förordningen
789 280 43 21 den
849 279 27 21 17

59 316 60 15 mars
135 310 57 22 1879
208 309 116 29 angäende
340 309 116 23 allmänna
471 309 165 30 fattigvärden;
658 309 42 22 och
716 317 48 14 som
787 308 90 30 stridig-

59 339 64 21 heter
138 339 78 22 kunna
230 340 84 28 uppstä
329 346 38 14 om
382 339 44 22 den
441 340 82 28 grund,
539 339 59 22 efter
607 340 95 21 hvilken
712 342 101 19 rösterna
823 339 55 21 böra

59 369 109 22 beräknas
191 369 29 21 dä
242 369 74 21 skilda
338 369 135 22 kommuner
495 369 92 29 deltaga
610 370 9 20 i
634 376 131 22 gemensam
779 371 99 25 stämma,

59 406 53 14 men
126 399 118 22 föreskrift
259 399 81 21 saknas
356 399 60 21 huru
432 399 9 21 i
456 399 82 22 sådant
548 399 41 21 fall
600 399 42 21 bör
652 398 103 29 förfaras,
763 399 41 22 har
814 398 64 22 Hans

60 428 129 29 Kejserliga
203 428 107 29 Majestät
325 429 52 21 lätit
392 429 78 22 tillika
485 432 102 26 uppgöra
602 429 86 29 förslag
698 429 38 21 till
746 428 133 28 förordning

60 458 117 30 angående
199 458 83 30 tillägg
304 458 92 22 härom”
421 466 19 15 o.
456 467 17 14 s.
489 467 20 14 v.
540 459 51 21 Den
611 459 86 29 nådiga
711 459 169 29 propositionen

60 488 130 22 framhäller
205 489 86 21 säledes
307 490 35 20 att
357 488 39 22 det
411 492 26 18 är
452 497 29 14 en
491 488 147 29 fullständigt
648 488 125 22 fristäende
783 488 97 28 ändring

59 518 9 21 i
84 519 28 22 20
127 518 136 29 paragrafen
278 518 8 22 i
301 518 306 30 kommunalförfattningen.
637 518 135 22 Emellertid
782 519 41 21 har
831 518 48 29 lag-

61 548 43 22 och
119 548 217 22 ekonomiutskottet
359 550 75 20 ansett
457 549 39 21 det
514 556 55 14 vara
584 548 150 30 fördelaktigt
749 551 34 19 att
797 548 82 22 omfor-

62 578 86 22 mulera
163 578 44 22 den
221 578 85 29 nädiga
321 578 171 29 propositionen
508 578 42 22 och
560 578 66 29 gifva
639 578 44 22 den
694 580 33 20 ett
737 580 70 20 annat
817 578 62 21 inne-

62 608 53 21 håll.
144 608 13 21 I
172 608 73 22 likhet
266 608 51 22 med
339 608 63 22 hvad
424 608 41 22 vid
488 608 170 29 behandlingen
673 608 25 22 af
712 608 71 22 andra
797 608 84 28 nådiga

62 638 166 29 propositioner
242 641 25 18 är
282 638 95 28 vanligt,
394 639 47 21 stär
457 638 40 22 det
512 638 68 22 äfven
595 638 9 22 i
620 638 63 22 detta
703 638 42 21 fall
760 638 127 22 ständerna-

61 668 51 22 fritt
135 670 35 19 att
192 668 159 22 omformulera
374 668 44 22 den
440 668 87 29 nädiga
548 668 169 29 propositionen
740 668 8 21 i
769 668 37 22 det
821 666 60 30 syfte

62 698 122 21 ständerna
204 698 78 21 kunna
302 705 54 14 anse
379 706 56 14 vara
458 698 112 29 lämpligt,
586 698 43 22 och
644 698 29 21 dä
688 705 31 14 nu
735 698 52 21 hela
801 698 81 28 trägan

62 734 38 15 om
114 728 102 28 länsting
230 727 102 29 förfallit,
348 728 25 21 sä
388 728 47 21 kan
449 728 74 22 likväl
538 735 28 14 en
581 727 133 29 utbildning
731 728 24 29 af
763 728 44 21 den
816 727 65 21 insti-

63 757 81 28 tution,
160 764 48 15 som
224 760 24 18 är
264 757 78 22 afsedd
357 758 9 21 i
382 758 29 22 20
427 759 13 26 $
456 758 27 21 af
496 758 163 28 förordningen
683 764 36 15 om
742 756 139 23 kommunal-

62 787 171 29 förvaltningen
252 788 30 28 pä
304 787 84 28 landet,
404 795 43 21 ega
462 795 57 21 rum,
534 795 38 14 om
586 787 97 22 stånden
698 794 83 22 genom
795 787 88 21 utskot-

63 819 45 19 tets
130 816 140 30 behandling
291 817 91 21 komma
404 817 38 21 till
464 818 78 28 nägon
564 816 94 30 enighet
673 817 95 21 rörande
784 817 49 21 dess
847 816 35 29 ly-

66 846 66 22 delse.
161 846 13 22 I
189 846 170 22 Bondeständet
374 847 42 21 har
432 847 78 21 derför
525 847 68 22 äfven
609 847 64 21 detta
685 847 87 29 förslag
786 846 37 22 till
838 846 45 22 för-

65 876 97 29 ordning
178 884 36 14 om
229 876 124 22 förändrad
367 876 89 29 lydelse
467 877 27 22 af
502 876 137 30 paragrafen
649 876 78 23 blifvit
737 876 146 23 äterremitte-

64 907 53 22 radt
133 907 37 21 till
184 907 112 21 utskottet
311 907 53 21 med
379 907 102 28 begäran
497 909 34 20 att
546 907 39 22 det
600 908 72 20 mätte
692 907 169 22 omformuleras
877 907 8 20 i

64 936 38 22 det
118 936 62 29 syfte
202 938 34 20 att
259 936 65 22 deraf
344 937 108 28 tydligen
468 937 135 28 framginge,
618 937 68 21 hvem
701 944 48 14 som
763 936 121 29 rätteligen

65 973 53 22 eger
133 966 40 22 vid
188 973 130 22 gemensam
340 967 230 21 kommunalstämma
593 966 117 22 diskutera
732 966 43 22 och
789 966 95 28 besluta,

64 996 59 21 huru
137 998 103 19 rösterna
262 996 80 22 dervid
365 997 64 21 skola
450 997 119 26 beräknas,
588 998 59 20 samt
662 996 94 22 hvilken
770 998 47 19 rätt
837 1003 48 14 som

65 1025 138 22 tillkommer
224 1033 130 22 gemensam
377 1026 235 22 kommunalstämma.
642 1026 46 21 Det
707 1029 26 18 är
747 1026 48 27 allt,
810 1025 75 22 såvidt

62 1055 42 29 jag
126 1055 46 22 kan
192 1055 64 28 fatta,
271 1063 85 14 samma
379 1056 175 29 önskningsmål
576 1063 48 14 som
644 1056 96 21 uttalats
756 1055 26 22 af
794 1057 92 28 prosten

67 1085 120 22 Stenbäck.
218 1085 42 22 Om
282 1086 48 29 lag-
354 1086 43 21 och
420 1085 220 23 ekonomiutskottet
655 1085 73 22 skulle
743 1085 58 29 hysa
815 1086 71 28 några

66 1115 182 28 betänkligheter
264 1116 42 21 och
321 1123 54 14 anse
391 1116 36 29 sig
441 1116 54 21 icke
509 1116 71 21 hafva
595 1115 126 30 tillräcklig
735 1115 36 22 tid
781 1117 34 20 att
825 1118 61 19 utar-

66 1145 53 22 beta
141 1145 82 28 frågan
245 1145 9 22 i
272 1145 50 22 dess
338 1145 97 29 detaljer
450 1145 57 22 eller
522 1145 113 22 måhända
650 1153 54 14 anse
719 1145 39 22 det
773 1153 54 14 vara
842 1145 45 22 för-

66 1175 114 28 delaktigt
195 1177 35 19 att
245 1175 50 22 icke
310 1175 117 22 fastställa
441 1175 121 22 enahanda
576 1175 172 29 bestämningar
766 1175 9 21 i
789 1175 45 22 alla
850 1175 37 21 de-

65 1205 35 21 lar
115 1204 27 22 af
153 1204 85 29 landet,
253 1205 25 21 så
292 1205 46 22 kan
353 1205 70 22 äfven
439 1205 66 22 detta
519 1205 138 29 tillgodoses,
672 1212 37 15 om
718 1212 54 15 man
781 1205 108 28 tillägger

67 1237 35 20 att
117 1235 157 21 återremissen
289 1235 61 22 skett
366 1235 111 28 antingen
494 1235 9 22 i
519 1235 38 22 det
572 1235 67 28 syfte,
650 1242 49 15 som
712 1235 41 29 jag
768 1242 32 14 nu
809 1236 80 20 nämnt

70 1264 42 22 och
128 1271 47 15 som
190 1264 70 22 äfven
274 1264 173 23 Bondeståndet
461 1264 45 23 har
521 1265 107 28 förordat,
636 1265 55 22 eller
706 1265 67 21 också
788 1263 101 28 sålunda,

68 1296 35 20 att
118 1293 168 22 vederbörande
298 1294 134 22 kommuner
447 1294 64 29 finge
526 1301 82 23 genom
617 1297 143 26 guvernören
774 1293 37 22 till
826 1301 64 14 sena-

68 1327 50 18 tens
134 1323 123 29 afgörande
272 1323 140 23 öfverlemna
427 1324 96 29 förslag,
538 1324 58 23 huru
612 1327 102 19 rösterna
727 1323 110 23 beräknas
847 1323 43 22 och

68 1353 60 22 huru
144 1353 73 29 öfriga
232 1353 159 22 förhållanden
407 1354 66 21 skola
489 1354 88 27 ordnas,
593 1354 21 21 d.
627 1361 21 15 v.
660 1354 33 21 s.i
702 1354 103 21 närmare
815 1353 75 22 öfver-

68 1383 170 22 ensstämmelse
260 1383 52 22 med
335 1383 45 22 den
402 1383 88 30 nådiga
513 1384 180 29 propositionens
711 1383 92 29 förslag,
819 1383 73 22 ehuru

69 1414 72 27 något
155 1413 129 28 utvidgadt,
299 1413 118 29 nämligen
433 1413 98 22 sålunda
545 1415 35 20 att
594 1416 35 19 ett
644 1413 76 29 dylikt
735 1413 86 28 förslag
830 1412 62 29 finge

70 1443 110 21 inlemnas
203 1443 69 21 äfven
294 1443 127 21 oberoende
445 1443 68 22 deraf
534 1445 34 20 att
588 1451 54 14 man
656 1443 62 22 förut
732 1443 65 22 råkat
812 1443 9 20 i
835 1441 58 22 tvist

70 1472 95 22 rörande
180 1475 82 19 ämnet.
292 1473 47 27 Jag
354 1473 75 21 skulle
445 1473 78 22 derför
538 1473 125 22 återhemta
678 1473 53 22 mitt
745 1472 87 28 förslag
842 1471 51 22 från

70 1501 118 29 gårdagen
211 1509 37 14 om
266 1502 128 21 återremiss
410 1502 8 21 i
434 1502 66 22 detta
515 1502 85 22 dubbla
615 1503 67 28 syfte,
697 1503 110 28 antingen
822 1502 73 21 såsom
