1075 1709
348 76 75 28 Päppiss:
435 83 10 18 7
457 86 17 20 p.
487 83 75 18 Maalisk.
572 81 50 20 1885.
826 81 35 19 279

71 148 49 15 som
138 141 8 22 i
167 141 71 23 andra
258 140 80 23 länder
357 142 63 22 skett
439 142 44 22 och
505 142 75 21 säsom
594 148 55 16 man
664 142 9 21 i
688 141 94 27 Sverige
797 141 100 29 föregätt

72 170 53 23 med
144 170 116 30 exempel,
277 171 83 22 afstätt
382 171 52 22 från
449 170 174 23 bibehällandet
646 170 26 23 af
692 170 45 23 den
760 172 25 21 sä
807 171 90 22 kallade

72 200 164 22 besutenheten
252 200 55 23 eller
319 200 204 30 jordegendomens
539 200 159 30 sjelfbeständ.
728 200 31 23 Vi
774 201 77 22 känna
863 202 34 20 att

72 230 46 23 den
137 230 50 22 lösa
206 230 165 30 befolkningen
394 230 9 22 i
423 232 52 20 värt
495 230 55 23 land
571 226 73 39 stiger
656 226 56 39 till
721 230 84 22 mellan
825 232 14 21 5
855 230 42 22 och

75 260 101 28 600,000,
197 268 29 14 en
246 260 136 29 befolkning
398 268 49 14 som
463 260 56 22 fullt
538 260 67 22 torde
620 262 115 20 motsvara
751 260 44 22 den
810 268 48 14 som
873 263 25 19 är

72 290 77 22 tästad
164 290 41 22 vid
218 289 82 29 jorden
314 291 75 21 säsom
404 290 148 29 sjelfegande.
583 290 47 22 Det
645 290 51 22 fans
711 290 117 29 nämligen
840 290 57 22 1880

74 319 162 30 sjelfständiga
255 319 120 30 jordegare
399 320 95 26 105,000
517 320 43 22 och
583 321 73 28 något
678 320 141 28 derutöfver;
836 320 61 21 hem-

72 348 174 24 mansrökarnes
267 348 62 23 antal
349 356 43 15 var
414 350 103 28 109,000.
548 349 36 22 Af
602 350 28 22 de
654 349 161 30 sjelfständiga
834 348 63 30 jord-

74 386 83 22 egarne
177 386 56 15 voro
254 380 96 27 103,000
371 379 104 29 allmoge,
497 379 93 22 hvadan
610 387 54 14 man
684 379 59 22 efter
762 387 29 14 en
805 378 93 30 mättlig

74 408 129 30 beräkning
226 409 26 21 af
270 408 98 30 ungefär
387 409 14 22 5
421 409 13 21 &
449 410 14 21 6
479 410 30 28 pä
523 409 80 29 hvarje
618 409 197 29 hemmans-egare
835 409 62 29 kom-

75 446 49 14 mer
142 438 38 22 till
201 438 99 22 ungefär
320 446 86 14 samma
421 439 32 21 tal
469 446 50 14 som
534 439 45 21 den
594 439 49 21 lösa
658 438 169 30 befolkningen,
839 438 59 22 ellet

75 468 106 29 omkring
201 469 14 21 5
233 446 17 44 i
270 469 102 27 600,000.
403 468 42 22 Om
465 475 55 15 'man
540 476 32 14 'nu
592 468 53 22 med
666 468 64 22 dessa
750 471 61 20 stora
825 468 34 23 tal
874 467 25 23 af

75 505 29 15 en
126 497 142 30 befolkning,
292 506 48 14 som
363 498 51 22 icke
434 498 43 22 har
498 498 136 29 eganderätt
654 498 38 22 till
708 498 88 29 jorden,
813 498 85 30 jemför

74 528 124 22 tillväxten
224 528 26 21 af
272 528 217 22 hemmansrökarne
526 536 67 14 genom
616 528 147 22 hemmanens
783 528 114 29 klyfning,

75 558 25 22 så
120 557 106 22 förefalla
247 557 106 23 siffrorna
372 558 42 22 bra
435 558 142 28 obetydliga.
608 558 80 22 Under
709 559 61 21 5-års
790 558 108 29 perioden

76 588 149 22 1876—1880
246 588 104 22 tillväxte
371 587 217 23 hemmansrökarne
608 595 83 21 genom
709 587 110 29 klyfning
839 587 59 22 blott

75 617 52 22 med
142 618 71 27 5,307,
230 617 66 22 deraf
313 619 85 20 största
413 617 67 22 delen
496 617 56 22 eller
571 620 57 19 nära
647 617 90 22 hälften
758 617 2 22 i
775 618 70 22 Wasa
859 617 40 21 län

76 647 43 22 och
133 648 72 28 nägot
220 647 65 22 öfver
300 648 65 26 1,000
384 648 5 21 i
403 647 110 29 Wiborgs
527 648 46 28 län,
589 648 42 22 951
648 648 9 21 i
672 647 92 29 Kuopio
779 647 38 22 län
833 646 42 23 och
890 646 9 22 i

75 677 30 22 do
130 676 75 30 öfriga
230 676 94 22 mindre.
354 677 135 29 Nybyggen
509 677 131 22 tillkommo
660 677 73 21 under
753 677 52 22 hela
825 677 74 22 denna

78 706 79 30 period
178 706 60 22 blott
253 708 35 21 81.
319 706 108 22 Deremot
442 706 132 22 minskades
590 714 84 22 genom
690 706 209 30 sammanslagning

77 736 27 22 af
120 736 106 22 hemman
246 736 72 22 under
338 744 86 14 samma
444 738 26 20 är
491 737 88 21 antalet
599 739 23 19 at
643 736 184 22 hemmansrökar
846 736 53 22 med

79 766 63 28 1,993
164 766 43 22 och
228 766 8 22 i
256 766 100 22 ödesmäl
371 766 71 29 gingo
459 767 50 22 136.
541 766 93 22 Säledes
650 774 41 14 var
707 766 44 22 den
766 766 71 24 totala
852 765 47 22 till-

77 798 86 20 växten
182 796 72 28 nägot
272 795 64 22 öfver
356 796 71 28 5,000,
443 796 44 22 och
502 800 42 18 när
560 796 102 22 derifrän
677 796 81 29 drages
773 795 126 22 minsknin-

76 827 47 29 gen
138 825 27 22 af
178 825 65 22 öfver
258 826 71 27 2,000,
346 826 25 21 sä
386 826 98 21 återstår
500 826 36 21 för
552 826 76 22 denna
643 826 61 22 5-ärs
714 825 79 30 period
803 833 29 14 en
841 824 59 23 total

77 851 87 42 ökning
185 854 27 22 af
224 855 60 21 blott
304 856 65 26 3,259
393 855 192 27 hemmansrökar,
605 855 111 22 hvarmed
731 855 39 22 det
785 855 114 29 sjelfstän-

79 884 55 30 diga
151 884 137 29 jordbruket
302 884 43 22 har
359 884 104 30 tilltagit.
495 886 36 21 Då
547 885 164 29 folkmängden
727 885 72 22 under
814 892 85 14 samma

78 914 80 30 period
177 914 94 28 tillväxt
290 914 52 22 med
363 918 98 25 ungetär
481 916 96 24 144,000
592 922 109 22 personer
716 915 42 22 och
773 922 53 14 man
841 914 59 22 efter

78 951 87 15 samma
184 944 129 28 beräkning
331 944 43 30 jag
393 944 63 22 förut
472 945 84 28 antydt
570 945 48 21 kan
633 944 125 30 uppskatta
774 944 87 22 antalet
876 944 27 21 af

76 974 142 29 jordegande
233 974 43 21 och
291 974 48 22 lösa
354 974 168 29 befolkningen
537 974 38 22 till
590 975 30 22 50
636 975 28 28 %,
675 974 27 22 af
710 974 38 22 det
758 974 57 27 hela,
826 973 74 23 skulle

78 1004 24 21 vi
123 1003 86 22 således
230 1004 90 21 komma
341 1004 37 21 till
398 1011 29 14 en
447 1004 65 22 siffra
533 1004 26 22 af
577 1004 99 29 ungefär:
694 1005 79 27 70,000
788 1010 112 22 personer,

80 1033 85 28 hvilka,
186 1033 59 21 efter
266 1040 86 15 samma
373 1034 135 28 proportion
529 1034 27 21 af
568 1034 90 22 hälften
674 1034 35 22 för
722 1034 120 29 jordegare
857 1032 43 23 och

78 1062 90 23 hälften
183 1062 38 22 för
235 1063 49 21 lösa
298 1070 113 22 personer,
427 1063 75 22 skulle
517 1064 66 28 gifva
599 1071 29 14 en
644 1063 62 22 siffra
722 1063 26 23 af
760 1064 80 27 35,000
850 1070 50 22 per-

79 1100 71 20 soner,
170 1092 111 22 hvarmed
302 1093 44 21 den
366 1092 49 22 lösa
435 1093 168 29 befolkningen
623 1093 74 22 skulle
712 1094 71 21 hafva
797 1092 103 29 tilltagit.

79 1122 46 22 Det
144 1122 63 22 visar
227 1122 37 29 sig
284 1122 96 22 sälunda
399 1124 42 26 att,
457 1130 38 14 om
510 1130 54 14 man
579 1122 95 23 härmed
686 1123 85 29 jemför
785 1122 116 29 ökningen

78 1152 27 22 af
122 1152 190 28 hemmansrökar,
334 1152 45 22 den
400 1152 49 22 lösa
469 1152 168 30 befolkningen
657 1153 9 21 i
680 1153 89 29 ganska
783 1152 46 29 hög
844 1151 58 30 grad

79 1182 41 22 hos
142 1189 36 15 oss
199 1181 104 29 tilltagit.
333 1182 46 22 Det
399 1185 26 19 är
445 1182 79 22 derför
538 1182 52 22 icke
604 1182 74 22 heller
692 1182 118 29 underligt
825 1189 37 14 om
877 1181 24 22 vi

78 1211 73 22 under
171 1218 150 22 ogynsamma
341 1211 170 29 konjunkturer
531 1212 8 21 i
560 1214 53 26 eget
632 1212 56 22 land
703 1212 104 22 bevittna
822 1211 79 22 skäde-

80 1241 72 29 spelet
175 1241 26 21 af
220 1248 26 14 en
266 1241 37 29 sig
324 1241 42 22 allt
387 1249 62 15 mera
469 1242 128 22 förökande
613 1244 71 19 ström
699 1242 27 21 af
738 1240 163 28 utvandrande,

79 1270 80 22 hvilka
179 1271 9 21 i
208 1270 142 22 främmande
370 1271 55 21 land
445 1271 57 22 söka
522 1272 37 21 sin
578 1272 102 21 utkomst
703 1271 42 22 och
765 1272 75 21 lemna
860 1270 42 22 sitt

79 1300 165 22 fädernesland.
280 1300 107 22 Granska
406 1301 25 21 vi
449 1300 352 30 jordegendomsförhällandena
821 1300 9 21 i
849 1300 53 21 Fin-

77 1330 55 22 land
148 1330 43 21 och
204 1330 98 28 jemföra
317 1330 52 22 dem
383 1330 52 22 med
445 1330 74 22 andra
528 1331 96 28 länders,
636 1332 24 20 sä
670 1331 90 21 komma
769 1330 24 22 vi
805 1329 98 29 ungefär

79 1360 37 23 till
133 1359 109 22 liknande
262 1359 81 22 siffror.
373 1360 13 21 I
405 1360 103 22 Finland
525 1368 55 14 voro
596 1360 53 22 utaf
662 1361 107 28 samtliga
781 1359 121 29 jordegare

80 1390 80 27 54,000
175 1389 56 21 eller
246 1390 28 22 51
291 1390 28 28 9/,
336 1389 27 22 af
376 1389 117 23 desamma
509 1390 84 22 sådana
608 1398 49 14 som
672 1390 57 29 egde
744 1390 60 22 blott
819 1389 84 22 mellan

81 1420 28 21 10
132 1418 44 22 och
195 1420 30 21 50
240 1418 115 22 tunnland
375 1418 69 23 odlad
463 1419 63 29 jord;
542 1420 82 28 40,900
639 1420 55 21 eller
708 1427 61 14 mera
784 1422 29 19 än
829 1420 28 21 38
874 1419 27 28 %

79 1448 59 29 egde
158 1448 74 22 under
254 1449 28 22 10
301 1448 120 22 tunnland.
452 1449 13 21 I
487 1449 121 29 Tyskland
623 1450 49 21 åter
686 1450 62 22 visar
763 1449 38 21 det
816 1449 37 29 sig
868 1450 35 20 att

80 1478 84 22 sådana
185 1477 26 22 af
227 1478 129 21 böndernas
373 1478 200 30 jordegendomar,
593 1486 48 15 som
660 1479 56 29 egde
732 1479 59 22 blott
806 1486 29 14 en
849 1485 54 22 ego-

84 1507 57 22 vidd
162 1508 26 21 af
206 1507 68 29 högst
295 1508 13 21 3
324 1508 121 26 tunnland,
462 1510 84 28 utgöra
567 1510 29 25 60
612 1509 28 28 %
656 1509 27 22 af
696 1509 38 21 det
749 1508 52 22 hela
817 1508 42 22 och
875 1507 28 22 de
