1075 1756
201 101 54 43 VIH
558 118 72 24 1-4

178 186 137 28 upptagande.
330 186 66 23 bland
419 189 108 21 annat
500 182 29 37 en
541 187 137 27 bestämning
694 194 35 15 om
742 187 40 23 det
793 187 84 23 minsta
891 186 78 28 belopp
984 186 23 22 af

178 220 124 29 inkomster,
318 227 46 17 som
377 221 44 23 kan
435 221 98 23 medföra
548 223 92 21 rösträtt
650 222 36 22 vid
698 221 78 22 sådant
791 221 45 26 val,
849 222 61 21 samt
921 227 35 17 om
971 221 37 22 det

179 255 77 27 högsta
267 256 69 22 antal:
345 258 76 24 röster,
436 262 46 16 som
497 251 83 36 dervid:
592 256 36 22 kan
646 256 101 27 tilläggas
762 255 70 27 någon
843 255 163 27 valberättigad,

179 289 109 23 äfvehsom
302 292 33 20 'att
350 290 189 28 bestämningarna
549 290 81 27 derom,
645 290 74 22 hvilka
728 288 104 29 personer
847 290 80 22 valrätt
941 290 7 21 i
958 290 49 21 bor-

179 324 141 27 gareståndet
332 324 47 23 icke
394 324 137 28 tillkommer,
547 325 82 21 erhölle
645 326 69 20 större
725 324 155 27 noggrannhet,
894 325 65 27 jemte
971 324 36 22 det

180 360 90 20 rösträtt
289 359 88 23 tillades
397 359 80 23 sådana
484 354 41 37 till
542 359 38 23 der
602 359 139 27 uppräknade
764 358 244 28 undantagskategorier

181 392 95 22 hörande
291 399 108 21 personer,
415 400 45 15 som
475 394 115 22 innehafva
606 400 26 15 en
644 393 159 27 jemförelsevis
813 393 120 22 oberoende
948 392 59 22 ställ-

180 427 58 27 ning.
268 427 42 22 Det
332 434 39 15 var
392 428 59 22 detta
472 428 117 22 ständerna
603 428 36 22 vid
656 428 55 22 1882
727 427 35 23 års
785 427 104 28 landtdag
911 427 97 28 åsyftade

180 462 49 21 med
244 462 33 21 sin
291 462 96 27 petition,
409 468 49 16 men
480 463 27 21 de
521 462 98 28 åsyftade
642 463 47 21 icke
704 462 71 27 någon
790 461 126 28 förändring
931 462 22 21 af
967 462 41 21 den

180 496 102 27 politiska
295 497 168 27 tyngdpunkten.
488 497 32 22 De
535 497 51 22 ville
602 497 19 27 ej
636 497 62 27 flytta
714 497 37 22 det
765 497 103 26 politiska
881 496 127 28 inflytandet

179 530 34 21 till
232 526 64 38 andra
301 531 194 23 samhällsklasser
510 533 27 20 än
548 532 56 26 dem,
620 531 39 22 der
670 531 122 22 detsamma
802 531 76 21 dittills
889 531 76 26 hvilat;
981 531 26 21 de

181 565 93 22 önskade
290 565 53 27 icke,
362 565 69 23 såsom
447 572 26 17 en
489 566 34 22 del
539 567 175 26 representanter
729 566 7 21 i
752 565 176 22 förblommeradt
943 565 65 27 språk

179 600 73 25 yttrat
263 599 38 29 sig,
319 600 68 22 ställa
409 601 112 21 städernas
536 601 128 26 valordning
678 600 28 27 pä
727 606 27 15 en
769 606 59 16 mera
843 600 74 27 folklig
931 599 76 28 grund,

180 633 26 27 ej'
212 629 75 36 heller,
296 634 49 21 ville
360 635 33 24 de,
409 634 70 23 såsom
493 634 48 22 från
557 637 67 19 annat
639 635 44 21 håll
697 636 66 25 sagts,
779 634 130 21 tillerkänna
918 634 91 21 bildnin-

180 674 41 21 gen
231 669 45 22 :och
290 669 175 27 förmögenheten
487 671 32 20 ett
539 669 109 22 bestämdt
671 671 70 20 större
763 668 117 28 inflytande
902 670 26 19 än
943 669 64 20 förut.

180 703 33 21 De
235 703 50 22 ville
302 703 52 24 med
377 705 32 20 ett
423 704 40 22 ord
479 705 62 26 sagdt
560 704 48 21 icke
623 703 104 22 förändra
744 704 26 21 12
786 703 12 28 $
812 703 8 22 i
835 703 24 22 L.
875 703 26 23 O.
914 703 7 21 i
937 703 71 21 demo-

180 737 84 22 kratisk
278 737 96 28 riktning
397 739 39 21 och
451 739 47 21 icke
513 739 69 22 heller
597 739 33 21 till
645 738 84 22 förmån
745 738 34 21 för
794 738 159 27 intelligensens
968 737 40 21 och

180 771 116 27 kapitalets.
311 773 130 22 aristokrati.
473 773 39 22 Om
535 774 37 21 det
594 773 28 22 dä
637 773 121 22 inlemnade
773 772 235 27 petitionsmemorialet

180 805 56 23 hade
252 805 80 28 äsyftat
346 806 66 28 något
427 807 75 28 dylikt,
525 807 24 22 sä
572 809 24 20 är
618 808 38 21 det
672 807 124 28 uppenbart
810 807 35 22 för
859 807 54 21 hvar
927 806 40 22 och
982 812 27 15 en

180 840 32 21 uti
228 841 68 20 denna
311 841 84 26 talrika,
412 842 99 27 upplysta
522 842 131 27 församling,
670 844 32 19 att
718 843 32 20 ett
761 841 78 22 sädant
849 841 80 26 förslag
939 841 70 21 skulle

181 875 97 21 strandat
293 875 28 27 pä
336 876 42 21 den
392 876 79 27 klippa,
488 882 45 15 som
548 876 62 23 heter
626 893 5 10 ,
633 876 44 27 tvä
692 876 63 21 stånd
766 875 114 22 mot:tvä'*.
902 875 54 22 Lika
970 881 38 20 up-

180 909 93 27 penbart
283 905 34 37 Är.
327 905 47 37 att:
376 917 35 16 om
427 911 54 22 1885
497 910 34 22 års
548 911 88 22 ständer
651 911 50 27 vilja
717 911 88 26 vidtaga
822 917 27 15 en
857 909 130 27 förändring
1001 909 8 21 i

182 943 42 22 den
238 950 40 15 ena
293 944 52 22 eller
360 945 68 22 andra
442 945 128 27 riktningen,
594 945 24 22 sä
640 947 58 20 stöta
713 945 28 22 de
755 944 28 28 pä
799 951 83 15 samma
896 943 112 28 svärighet:

181 977 43 22 Det
239 982 62 23 synes
315 979 44 27 mig
374 979 55 22 dock
445 985 44 16 som
500 980 117 22 ständerna
628 980 31 21 uti
670 980 71 21 denna
750 979 188 27 maktpäliggande
948 977 61 30 fråga

181 1012 46 21 icke
243 1013 56 21 blott
314 1013 67 22 borde
397 1014 182 21 sammankomma
595 1014 27 27 pä
637 1016 135 25 gemensamt
787 1020 54 19 rum,
864 1015 52 19 utan
935 1014 32 20 att
983 1013 26 21 de

182 1046 62 22 äfven
259 1047 67 22 borde
341 1048 54 22 söka
409 1048 86 22 komma
513 1049 34 20 till
562 1050 32 20 ett
609 1050 134 25 gemensamt
758 1048 99 21 resultat.
887 1047 83 27 Frägan
985 1049 25 18 är

182 1081 24 21 af
218 1081 41 22 den
274 1083 60 22 stora
348 1082 51 27 vigt,
415 1084 32 20 att
462 1083 112 26 allvarliga
589 1083 150 21 bemödanden
754 1083 7 20 i
777 1083 70 21 denna
863 1082 93 26 riktning
971 1083 38 19 äro

181 1115 49 22 fullt
245 1115 120 27 påkallade.
394 1117 43 21 Det
459 1117 68 26 gäller
549 1117 108 27 nämligen
679 1117 40 22 här
734 1117 48 21 icke
798 1117 56 21 blott
869 1118 32 19 att
916 1115 95 28 afhjelpa

182 1149 57 22 vissa
254 1150 132 27 ojemnheter
401 1151 40 22 och
451 1151 82 28 yppade
545 1149 140 30 olägenheter
694 1151 37 22 vid
741 1151 74 26 valen;
835 1151 36 21 det
881 1151 67 26 gäller
957 1149 54 22 fast-

181 1190 60 17 mera
255 1186 33 20 att
302 1184 24 22 ät
340 1191 28 16 en
382 1185 29 28 $i
422 1186 23 21 L.
457 1185 32 27 O.,
504 1192 46 15 som
566 1186 58 21 varit
638 1188 68 19 utsatt
722 1186 34 21 för
771 1185 27 22 de
813 1187 56 20 mest
883 1185 57 21 olika
955 1184 56 22 tolk-

182 1219 76 27 ningar
273 1219 39 21 och
327 1219 62 28 gifvit
404 1220 114 27 anledning
533 1220 33 21 till
588 1220 92 27 mycken
702 1220 52 27 split
777 1219 40 22 och
839 1225 45 20 oro,
907 1219 104 26 ätergifva

182 1253 41 22 den
238 1253 90 28 aktning
342 1254 41 22 och
397 1254 70 27 helgd,
491 1261 45 15 som
556 1255 40 21 bör
611 1255 122 21 tillkomma
748 1254 75 27 hvarje
837 1253 174 28 grundlagsstad-

181 1288 75 27 gande.
280 1288 56 27 Vilja
351 1289 118 21 ständerna
483 1295 29 15 nu
528 1289 87 21 komma
631 1289 33 21 till
679 1290 32 21 ett
727 1289 98 25 resultat,
841 1293 62 22 synes
918 1288 36 21 det
968 1287 44 26 mig

182 1324 33 20 att
230 1322 26 21 de
271 1322 63 27 lojalt
348 1322 54 22 böra
417 1323 92 27 fullfölja
525 1323 56 22 1882
597 1323 36 22 års
648 1323 100 22 ständers
768 1323 97 21 uttalade
879 1322 70 27 afsigt.
979 1321 33 21 De

182 1356 60 26 böra,
265 1356 49 22 med
333 1357 150 22 bibehållande
499 1357 70 22 sävidt
583 1357 84 27 möjligt
682 1357 23 22 af
720 1359 71 20 status
807 1363 42 20 quo
864 1357 7 20 i
886 1356 98 22 afseende
999 1355 14 21 ä

182 1391 27 22 de
224 1391 58 21 olika
297 1391 226 22 samhällsklassernas
539 1392 101 26 politiska
655 1392 118 27 betydelse,
792 1391 53 21 söka
860 1397 26 15 en
901 1392 64 24 utväg
980 1391 33 19 att

182 1425 95 27 afhjelpa
292 1426 28 21 de
335 1425 80 23 brister
431 1433 44 15 som
490 1426 86 22 vidläda
592 1427 27 20 12
635 1427 11 26 $
661 1427 7 20 i
683 1427 24 20 L.
726 1425 24 22 O.

252 1460 50 22 Men
318 1461 7 20 i
341 1460 60 21 detta
417 1461 99 21 afseende
532 1467 63 20 synes
617 1461 42 26 mig
682 1460 97 21 hvarken
799 1460 117 21 utskottets
931 1459 40 21 och
987 1460 26 19 än

182 1495 84 21 mindre
288 1497 176 20 reservanternas.
487 1495 80 26 förslag
581 1501 53 15 vara
648 1495 49 21 fullt
712 1494 207 25 tillfredsställande,
943 1495 22 25 ty
988 1493 25 22 de

183 1531 53 25 göra
250 1530 46 21 alla
312 1536 30 15 en
353 1529 82 27 ganska
450 1529 95 27 betydlig
557 1529 102 22 afvikelse
674 1529 49 21 från
739 1529 57 20 hvad
807 1528 77 21 hittills
899 1528 55 21 varit
969 1528 45 27 gäl-
