1073 1753
415 135 14 19 11
443 135 47 23 April.
827 133 17 19 Vv

40 205 80 21 hvilket
136 205 69 21 blefve
220 205 105 26 grundlag
341 205 45 25 der,
409 205 88 21 hvarest
511 204 76 27 frågan
603 204 77 22 endast
695 204 68 27 gäller
779 205 31 20 ett
825 203 43 21 för-

40 239 129 27 tydligande,
185 245 26 15 en
226 241 99 20 närmare
339 239 126 27 förklaring,
481 239 68 21 delvis
565 245 26 15 en
601 239 131 26 förändring.
757 238 27 22 Vi
799 237 69 22 skulle

40 273 88 22 beröfva
142 273 95 22 tusental
252 274 23 21 af
288 273 84 22 landets
387 274 143 27 medborgare
547 273 41 22 den
603 273 103 27 politiska
721 274 44 20 rätt
780 278 46 16 som
841 272 26 21 de

41 307 67 22 redan
122 310 52 19 vant
189 308 32 27 sig
236 309 33 20 att
283 308 80 25 utöfva,
379 308 39 21 och
434 307 87 22 hvilken
536 308 27 21 de
579 307 73 22 skatta
666 307 72 22 såsom
753 313 26 16 en
790 306 79 28 dyrbar

42 343 109 26 egendom.
174 342 65 21 Utom
255 342 59 20 detta
329 341 24 21 så
367 341 116 22 förefinnes
499 342 32 21 uti
547 342 26 21 de
588 342 7 20 i
610 341 61 27 fråga
685 341 94 22 varande
794 341 76 21 försla-

42 382 40 20 gen
98 382 25 16 en
138 376 161 26 inkonseqvens,
315 376 28 21 då
358 382 50 16 man
419 376 81 27 jemför
510 376 49 21 dem
574 376 49 21 med
639 376 56 21 hvad
710 381 47 16 som
767 377 29 19 'är
812 375 58 21 stad-

42 411 51 26 gadt
108 411 33 21 för
156 411 35 21 val
206 410 39 22 och
261 410 227 27 representationsrätt
503 411 7 21 i
525 411 28 21 de
568 410 69 22 andra
651 410 96 22 stånden.
775 410 42 21 Det
831 408 38 22 fin-

43 450 37 16 nes
102 445 62 27 ingen
185 444 182 28 samstämmighet
388 445 7 21 i
410 445 137 27 principerna
571 445 90 21 emellan
684 444 41 22 den
748 444 122 27 föreslagna

43 479 105 21 valrätten
163 479 34 21 för
213 480 169 26 representation
397 480 6 20 i
419 478 182 28 borgareståndet
623 479 40 21 och
687 479 40 21 den
743 485 45 15 som.
803 478 68 28 gäller

43 514 33 21 för
92 514 25 21 de
132 514 68 21 andra
216 513 95 22 stånden.
337 514 44 21 Hos
397 514 24 21 R.
439 520 19 15 o.
469 514 26 21 A.
511 520 51 20 eger
577 513 74 27 hvärje
667 515 32 19 ätt
715 515 33 19 att
762 514 67 20 sända
844 519 27 15 en

44 549 149 26 representant
207 548 32 21 till
255 548 138 27 landtdagen;
413 548 39 22 der
463 550 24 20 är
498 554 77 16 census
585 550 33 19 att
628 554 52 15 vara
691 548 116 25 adelsman,
823 553 48 16 men

45 584 58 20 ätten
118 588 50 21 eger
183 582 56 22 blott
254 589 26 15 en
295 584 52 20 röst.
369 583 46 21 Hos
430 583 161 27 presteståndet
602 584 24 20 är
637 588 81 16 samma
727 582 144 22 förhållande:

44 616 153 23 innehafvaren
211 617 24 21 af
248 617 36 21 det
298 618 79 20 minsta
391 617 150 27 kapellansbol
556 619 71 20 röstar
643 617 35 21 vid
692 617 35 21 val
750 617 32 21 till
803 616 69 22 landt-

46 652 101 26 dagsman
162 651 43 21 lika
220 652 49 21 med
283 652 150 26 kyrkoherden
448 652 7 21 i
471 652 86 21 landets
573 653 81 21 största
669 653 107 25 pastorat;
796 651 38 21 der
849 652 24 20 är

46 692 75 15 census
136 688 32 19 att
183 686 64 21 hafva
262 686 106 21 ordinarie
383 686 72 27 tjenst.
479 686 11 21 I
505 686 158 21 bondeståndet
678 686 85 21 fordras
778 687 33 19 att
821 691 53 15 vara

44 720 120 27 jordegare,
187 727 48 14 men
257 720 62 21 äfven
342 721 38 21 der
402 721 39 20 har
461 721 82 21 enhvar
558 721 57 21 blott
629 727 27 14 en
672 722 45 19 röst
732 720 36 21 vid
783 720 35 21 val
840 719 33 22 till

46 754 163 27 landtdagsman
224 754 33 22 för
272 755 37 21 sitt
324 755 70 21 stånd.
417 755 39 21 Att
472 755 33 21 för
516 755 180 26 borgareståndet
707 754 82 22 således
803 753 72 22 införa

47 795 26 15 en
88 789 113 26 röstskala,
223 795 51 15 vore
296 791 33 19 att
350 789 71 22 afvika
435 789 50 22 från
501 789 41 21 den
557 789 82 27 princip
655 795 46 15 som
716 789 68 27 gäller
799 788 33 21 för
847 788 28 21 de

47 825 33 20 tre
95 823 69 27 öfriga
180 823 95 22 stånden.
305 823 68 22 Stödd
388 823 28 28 på
431 824 64 21 dessa
509 823 184 28 grundprinciper,
717 829 46 16 som
776 823 37 27 jag
827 822 49 21 haft

48 860 51 19 äran
114 857 126 26 framställa,
263 858 43 21 kan
319 858 38 27 jag
379 859 18 26 ej
421 858 92 21 omfatta
530 858 98 21 hvarken
643 858 42 21 den
699 857 48 22 nåd.
765 864 66 21 prop.,
855 857 19 26 ej

48 892 67 21 heller
129 892 117 21 utskottets
261 892 135 21 betänkande
412 892 40 21 och
468 893 57 20 allra
540 893 65 21 minst
620 892 41 21 den
676 892 137 26 reservation,
829 897 46 16 som

48 928 24 19 är
88 926 91 27 afgifven
194 926 23 21 af
230 927 49 22 frih.
294 927 86 21 Wrede.

118 961 46 22 Den
187 967 62 21 synes
271 961 43 27 mig
328 967 52 15 vara
394 961 95 22 skrifven
504 961 29 26 på
548 961 41 21 den
604 962 91 25 yttersta
710 961 93 27 högerns
817 959 59 22 bänk

49 995 40 22 och
104 996 66 21 andas
185 1002 27 15 en
227 995 24 22 så
266 997 73 26 sträng
354 996 158 21 konservatism
535 998 33 19 att
583 996 42 21 den
639 995 50 28 föga
704 995 42 22 kan
760 995 65 21 vinna
838 994 39 21 nå-

48 1031 38 25 got
100 1030 101 26 märkligt
216 1030 52 21 eller
283 1030 74 21 talrikt
373 1030 85 26 anhang
473 1031 59 20 inom
543 1029 70 27 någon
624 1030 170 26 representation
808 1029 8 21 i
824 1028 54 22 våra

50 1060 72 35 dagar.
147 1058 100 28 Återstår
262 1065 75 21 endast
352 1065 41 21 den
409 1065 135 21 reservation
559 1070 46 16 som
621 1064 22 22 af
656 1064 50 21 herr
716 1064 121 21 Johansson
852 1064 26 19 är

50 1098 167 22 undertecknad.
247 1099 48 21 Den
309 1099 37 21 vill
359 1099 36 27 jag
410 1099 34 21 för
459 1098 89 28 frågans
563 1099 84 26 lösning
670 1098 85 22 ansluta
776 1098 43 26 mig
837 1097 40 27 till,

51 1134 54 20 dock
120 1134 47 20 med
184 1133 66 21 sådan
265 1133 124 27 förändring
405 1140 46 14 som
464 1134 38 26 jag
518 1133 67 21 redan
600 1134 82 26 antydt,
698 1134 33 20 att
745 1131 63 29 ingen
823 1132 55 21 röst-

50 1167 61 21 skala
126 1168 38 20 der
179 1168 68 20 skulle
263 1168 54 26 ingå,
341 1170 52 19 utan
408 1169 33 20 att
456 1168 57 21 efter
529 1168 26 21 de
569 1168 101 26 grunder,
689 1173 45 15 som
749 1167 129 21 reservatio-

50 1208 42 14 nen
106 1202 97 26 uppstält
224 1202 33 21 för
280 1204 32 19 att
327 1208 52 15 vara
393 1202 172 26 röstberättigad
580 1202 33 21 till
628 1202 165 26 landtdagsman
807 1201 8 21 i
829 1201 50 21 bor-

50 1236 144 27 gareståndet,
211 1236 80 21 enhvar
306 1236 68 22 skulle
389 1236 22 22 få
426 1236 83 27 afgifva
523 1236 34 22 sin
571 1238 53 24 röst,
640 1242 49 15 men
705 1236 74 21 endast
795 1242 33 15 en.

120 1270 119 22 Professori
254 1271 19 21 J.
289 1270 133 22 Forsman:
454 1270 56 22 Olen
525 1272 104 26 pyytänyt
643 1270 166 28 puheenvuoroa
833 1270 47 21 lau-

52 1304 99 22 suakseni
166 1305 119 21 muutamia
299 1306 74 26 sanoja
392 1311 37 15 sen
444 1305 153 21 vastalauseen
612 1304 180 28 puolustukseksi,
813 1304 68 27 jonka

51 1339 209 21 lakivaliokunnassa
281 1340 94 21 istuneet
396 1340 93 26 Pappis-
502 1340 24 26 ja
541 1339 233 27 Talonpoikaissäädyn
795 1339 85 27 jäsenet

52 1375 50 19 ovat
116 1374 95 21 tehneet.
240 1374 155 21 Vastalauseen
417 1374 79 26 tekijät
516 1376 51 19 ovat
581 1376 93 24 panneet
688 1372 193 23 vaalisensukseksi

52 1407 62 22 kaksi
128 1408 118 26 veroäyriä.
269 1407 59 22 Siinä
343 1407 86 22 kohden
444 1408 38 21 siis
498 1408 20 21 ei
529 1408 129 21 luullakseni
668 1407 35 22 voi
713 1409 84 25 syyttää
808 1408 73 19 vasta-

52 1441 87 22 lauseen
161 1442 98 27 tekijöitä
273 1442 146 21 liikanaisesta
435 1442 256 26 demokraattisuudesta,
714 1442 69 21 koska
797 1441 85 21 muuta-

52 1475 66 22 missa
128 1476 158 27 kaupungeissa
298 1477 22 26 jo
337 1478 46 19 tätä
392 1477 71 26 nykyä
478 1477 50 26 yksi
538 1477 97 26 veroäyri
651 1478 64 19 antaa
725 1476 70 27 yhden
805 1474 82 27 äänen,.

53 1509 107 22 nimittäin
175 1511 66 20 niissä
258 1511 163 26 kaupungeissa,
443 1511 65 26 jotka
531 1513 50 19 ovat
604 1512 87 20 saaneet
713 1509 170 28 vaalijärjestyk-

54 1545 62 20 sensä
131 1551 68 15 ennen
215 1545 51 21 kuin
277 1545 150 22 Keisarillinen
443 1547 74 19 asetus
534 1545 55 22 elok.
607 1546 25 20 15
643 1545 53 26 p:ltä
708 1545 54 22 1883
773 1544 39 21 tuli
827 1543 56 27 ulos,
