1075 1709
323 79 76 24 Pulples:
407 81 22 17 57
436 82 21 21 p.
469 80 72 19 Maalis:
809 78 36 19 313

220 138 104 24 Tiistaina
340 139 27 23 17
382 145 20 23 p.
417 137 106 29 Maalisk.,
538 138 45 23 k:lo
598 138 13 22 6
624 138 18 29 j.
656 144 20 24 p.
691 144 21 24 p-

128 216 141 23 Kokouksen
293 216 67 22 alotti
379 216 89 30 pastori
487 216 75 22 Lilius
587 214 204 24 ruotsinkielisellä
812 214 67 23 ruko-

53 244 95 24 uksella.

126 318 76 21 Nimiä
216 316 159 23 huudettaissa
388 317 74 22 olivat
477 317 130 30 saapuvilla
622 317 81 22 kaikki
718 319 66 20 muut
794 316 87 29 säädyn

52 346 90 29 jäsenet
156 347 71 29 paitsi
242 347 102 30 provasti
359 347 127 29 Grönberg.

124 412 166 22 Tarkastettiin
305 412 82 22 otteita
402 412 71 22 viime
488 412 112 22 istunnon
614 412 176 30 pöytäkirjasta.

129 477 146 25 Ilmoitettiin
293 478 85 22 muista
395 478 120 29 säädyistä
530 478 113 22 tulleiden
657 478 225 30 pöytäkirjan-ottei-

58 507 44 22 den
117 507 97 30 sisällys.

127 566 105 23 Luettiin
247 566 251 24 valtiovaliokunnasta
507 566 73 23 tullut
589 567 56 22 näin
655 567 104 23 kuuluva
767 567 116 30 kirjoitus:

213 626 60 22 Till
288 626 188 30 högvördiga
491 626 240 23 Presteständet.

128 674 47 22 Vid
192 674 171 29 behandlingen
378 674 27 22 af
417 674 88 29 nådiga
520 674 172 29 propositionen
706 674 45 22 N:o
766 675 35 28 35,
816 674 68 30 angä-

57 703 57 22 ende
129 704 88 22 inlösen
233 704 26 22 af
272 704 207 29 donationsgodsen
494 704 9 22 i
516 704 111 29 Wiborgs
637 704 44 22 och
691 704 33 22 S:t
734 704 96 22 Michels
839 704 45 27 län,

57 733 42 22 har
117 733 178 23 Statsutskottet
310 733 78 22 funnit
403 733 40 22 det
458 733 27 22 af
498 734 179 22 kommissionen
693 734 36 22 för
743 733 142 23 anställande

58 763 26 21 af
104 763 172 29 undersökning
298 763 53 22 utaf
369 763 28 21 de
413 763 205 29 omständigheter,
633 770 49 16 som
697 763 78 23 kunna
790 762 95 24 inverka

58 788 101 60 menligt
178 794 30 28 pä
228 793 109 22 äboarnes
358 794 13 20 &
387 792 28 22 de
430 792 86 22 inlösta
531 793 286 29 donationslägenheterna
832 793 53 22 eko-

57 822 104 22 nomiska
184 822 117 29 ställning,
323 822 136 22 framstälda
480 822 43 22 och
537 822 87 29 jemväl
638 823 74 21 under
727 823 159 22 diskussionen

58 859 37 15 om
110 852 72 29 sagda
196 852 153 30 propositions
364 851 165 23 remitterande
544 852 37 22 till
596 852 91 22 utskott
704 852 4 22 i
718 853 168 28 Ridderskapet

58 882 43 22 och
116 881 76 23 Adeln
206 884 60 20 samt
280 882 195 29 Borgareständet
489 882 98 22 berörda
601 882 87 29 förslag
704 890 36 14 om
755 882 132 22 inrättande

60 911 26 22 af
103 912 25 21 sä
142 912 92 22 kallade
249 912 217 28 kommunalskogar
481 919 57 15 vara
554 912 26 21 af
594 912 44 22 den
653 912 119 28 betydelse
787 914 36 20 att
838 912 48 22 det-

60 948 85 15 samma
164 941 51 22 icke
230 941 70 23 borde
314 941 88 22 lemnas
417 944 58 19 utan
491 941 112 22 afseende.
634 942 36 22 Dä
686 941 126 23 emellertid
826 941 61 30 Lag-

59 970 42 22 och
124 970 227 23 Ekonomiutskottet
373 971 36 22 för
431 971 145 22 närvarande
599 971 43 22 har
659 971 73 22 under
747 970 140 30 behandling

59 1000 66 22 Hans
148 1000 131 30 Kejserliga
300 1000 121 30 Majestäts
443 1001 88 29 nådiga
552 1001 144 29 proposition
718 1000 117 23 angående
855 1007 33 22 ny

59 1030 114 29 skogslag,
188 1030 167 27 innehållande,
375 1030 71 22 bland
462 1032 78 26 annat,
556 1030 88 30 förslag
659 1030 37 22 till
711 1030 126 30 stadgande
852 1033 35 19 rö-

59 1060 71 22 rande
153 1059 156 30 samfällighet
330 1060 107 29 tillhörig
460 1060 45 22 och
523 1063 143 26 gemensamt
680 1060 115 22 förvaltad
809 1060 79 29 skogs-

58 1089 71 29 mark,
144 1089 42 22 har
202 1089 177 23 Statsutskottet
390 1091 77 20 ansett
477 1090 36 27 sig
526 1090 56 22 böra
591 1090 43 22 hos
644 1090 28 22 de
683 1090 129 29 respektive
822 1090 66 21 Stån-

60 1119 45 22 den
119 1118 83 23 föreslå
218 1119 40 22 det
272 1120 60 28 Lag-
348 1119 43 22 och
405 1119 231 23 Ekonomiutskottet
651 1121 72 21 måtte
737 1119 106 23 anmodas
854 1118 33 22 af-

59 1148 66 30 gifva
147 1148 109 29 yttrande
276 1149 118 22 angående
414 1149 191 22 kommissionens
621 1149 166 23 ofvanberörda
801 1148 88 30 förslag

60 1181 60 19 samt
140 1178 132 22 utlåtandet
307 1179 24 21 till
351 1179 175 21 statsutskottet
546 1178 137 23 öfversända
698 1179 8 22 i
722 1179 42 22 och
779 1179 36 21 för
829 1179 60 21 inta-

60 1207 74 30 gande
154 1208 36 22 uti
206 1208 126 22 sistnämda
352 1208 129 22 utskottets
504 1208 146 23 betänkande
669 1208 117 30 angående
801 1208 89 22 inlösen

60 1238 27 21 af
100 1237 212 29 donationsgodsen.

296 1268 35 22 På
346 1267 193 23 Statsutskottets
555 1271 96 26 vägnar:

350 1297 67 22 Hans
432 1297 87 27 Gustaf
531 1298 67 26 Boije.

238 1329 3 2 i
591 1326 86 28 Gustaf
687 1326 130 28 Sucksdorf.

131 1356 79 22 Tähän
226 1356 230 22 valtiovaliokunnan
471 1356 160 22 ehdotukseen
649 1357 89 21 suostui
753 1359 66 25 sääty
828 1355 62 27 yksi-

60 1385 120 22 mielisesti
188 1386 26 28 ja
224 1386 123 29 päätettiin
354 1386 40 21 siis
402 1386 58 21 laki-
466 1386 27 28 ja
501 1386 227 22 talousvaliokuntaa
735 1386 109 22 kehottaa
851 1392 40 15 an-

60 1418 93 19 tamaan
167 1415 108 22 lausunto
289 1414 165 30 yllämainitun
465 1416 167 22 komissioonin
642 1416 127 22 sanotuista
779 1414 112 23 ehdotuk-

62 1444 56 22 sista
140 1445 140 22 otettavaksi
303 1445 74 21 siihen
395 1445 145 27 mietintöön,
553 1445 73 29 jonka
640 1445 207 23 valtiovaliokunta
861 1450 31 16 on

60 1474 112 28 säädyille
188 1477 85 19 antava
287 1474 210 29 lahjoitusmaitten
513 1475 193 22 lunastamisesta.
