<?xml version="1.0" encoding="UTF-8"?>
<alto xmlns="http://www.loc.gov/standards/alto/ns-v3#" xmlns:xlink="http://www.w3.org/1999/xlink" xmlns:xsi="http://www.w3.org/2001/XMLSchema-instance" xsi:schemaLocation="http://www.loc.gov/standards/alto/ns-v3# http://www.loc.gov/alto/v3/alto-3-0.xsd">
	<Description>
		<MeasurementUnit>pixel</MeasurementUnit>
		<sourceImageInformation>
			<fileName>/tmp/tess_0rp7acay_input.PNG</fileName>
		</sourceImageInformation>
		<OCRProcessing ID="OCR_0">
			<ocrProcessingStep>
				<processingSoftware>
					<softwareName>tesseract 5.3.4</softwareName>
				</processingSoftware>
			</ocrProcessingStep>
		</OCRProcessing>
	</Description>
	<Layout>
		<Page WIDTH="1075" HEIGHT="1736" PHYSICAL_IMG_NR="0" ID="page_0">
			<PrintSpace HPOS="0" VPOS="0" WIDTH="1075" HEIGHT="1736">
				<ComposedBlock ID="cblock_0" HPOS="357" VPOS="98" WIDTH="519" HEIGHT="24">
					<TextBlock ID="block_0" HPOS="357" VPOS="98" WIDTH="519" HEIGHT="24">
						<TextLine ID="line_0" HPOS="357" VPOS="98" WIDTH="519" HEIGHT="24">
							<String ID="string_0" HPOS="357" VPOS="100" WIDTH="75" HEIGHT="22" WC="0.91" CONTENT="Pappiss."/><SP WIDTH="13" VPOS="100" HPOS="432"/>
							<String ID="string_1" HPOS="445" VPOS="100" WIDTH="11" HEIGHT="18" WC="0.90" CONTENT="2"/><SP WIDTH="13" VPOS="100" HPOS="456"/>
							<String ID="string_2" HPOS="469" VPOS="104" WIDTH="15" HEIGHT="17" WC="0.90" CONTENT="p."/><SP WIDTH="14" VPOS="104" HPOS="484"/>
							<String ID="string_3" HPOS="498" VPOS="100" WIDTH="65" HEIGHT="18" WC="0.90" CONTENT="Helmik."/><SP WIDTH="12" VPOS="100" HPOS="563"/>
							<String ID="string_4" HPOS="575" VPOS="100" WIDTH="50" HEIGHT="18" WC="0.95" CONTENT="1885."/><SP WIDTH="228" VPOS="100" HPOS="625"/>
							<String ID="string_5" HPOS="853" VPOS="98" WIDTH="23" HEIGHT="19" WC="0.90" CONTENT="99"/>
						</TextLine>
					</TextBlock>
				</ComposedBlock>
				<ComposedBlock ID="cblock_1" HPOS="86" VPOS="158" WIDTH="831" HEIGHT="1452">
					<TextBlock ID="block_1" HPOS="90" VPOS="158" WIDTH="825" HEIGHT="118">
						<TextLine ID="line_1" HPOS="90" VPOS="158" WIDTH="821" HEIGHT="30">
							<String ID="string_6" HPOS="90" VPOS="158" WIDTH="159" HEIGHT="29" WC="0.96" CONTENT="föreliggande"/><SP WIDTH="20" VPOS="158" HPOS="249"/>
							<String ID="string_7" HPOS="269" VPOS="158" WIDTH="97" HEIGHT="29" WC="0.96" CONTENT="petition"/><SP WIDTH="20" VPOS="158" HPOS="366"/>
							<String ID="string_8" HPOS="386" VPOS="159" WIDTH="102" HEIGHT="22" WC="0.96" CONTENT="kommer"/><SP WIDTH="22" VPOS="159" HPOS="488"/>
							<String ID="string_9" HPOS="510" VPOS="160" WIDTH="33" HEIGHT="21" WC="0.93" CONTENT="att"/><SP WIDTH="19" VPOS="160" HPOS="543"/>
							<String ID="string_10" HPOS="562" VPOS="158" WIDTH="123" HEIGHT="30" WC="0.92" CONTENT="begrafvas"/><SP WIDTH="21" VPOS="158" HPOS="685"/>
							<String ID="string_11" HPOS="706" VPOS="159" WIDTH="8" HEIGHT="21" WC="0.91" CONTENT="i"/><SP WIDTH="21" VPOS="159" HPOS="714"/>
							<String ID="string_12" HPOS="735" VPOS="159" WIDTH="117" HEIGHT="27" WC="0.96" CONTENT="utskottet,"/><SP WIDTH="17" VPOS="159" HPOS="852"/>
							<String ID="string_13" HPOS="869" VPOS="160" WIDTH="42" HEIGHT="21" WC="0.96" CONTENT="och"/>
						</TextLine>
						<TextLine ID="line_2" HPOS="90" VPOS="188" WIDTH="821" HEIGHT="30">
							<String ID="string_14" HPOS="90" VPOS="188" WIDTH="83" HEIGHT="28" WC="0.95" CONTENT="tycker"/><SP WIDTH="12" VPOS="188" HPOS="173"/>
							<String ID="string_15" HPOS="185" VPOS="188" WIDTH="47" HEIGHT="29" WC="0.96" CONTENT="jag,"/><SP WIDTH="16" VPOS="188" HPOS="232"/>
							<String ID="string_16" HPOS="248" VPOS="190" WIDTH="33" HEIGHT="20" WC="0.96" CONTENT="att"/><SP WIDTH="16" VPOS="190" HPOS="281"/>
							<String ID="string_17" HPOS="297" VPOS="188" WIDTH="38" HEIGHT="22" WC="0.96" CONTENT="det"/><SP WIDTH="16" VPOS="188" HPOS="335"/>
							<String ID="string_18" HPOS="351" VPOS="191" WIDTH="25" HEIGHT="19" WC="0.90" CONTENT="är"/><SP WIDTH="15" VPOS="191" HPOS="376"/>
							<String ID="string_19" HPOS="391" VPOS="189" WIDTH="73" HEIGHT="21" WC="0.90" CONTENT="likasä"/><SP WIDTH="16" VPOS="189" HPOS="464"/>
							<String ID="string_20" HPOS="480" VPOS="191" WIDTH="47" HEIGHT="20" WC="0.93" CONTENT="stor"/><SP WIDTH="15" VPOS="191" HPOS="527"/>
							<String ID="string_21" HPOS="542" VPOS="192" WIDTH="39" HEIGHT="18" WC="0.93" CONTENT="ära"/><SP WIDTH="15" VPOS="192" HPOS="581"/>
							<String ID="string_22" HPOS="596" VPOS="189" WIDTH="37" HEIGHT="21" WC="0.93" CONTENT="för"/><SP WIDTH="14" VPOS="189" HPOS="633"/>
							<String ID="string_23" HPOS="647" VPOS="188" WIDTH="153" HEIGHT="30" WC="0.92" CONTENT="petitionären"/><SP WIDTH="16" VPOS="188" HPOS="800"/>
							<String ID="string_24" HPOS="816" VPOS="196" WIDTH="36" HEIGHT="14" WC="0.96" CONTENT="om"/><SP WIDTH="16" VPOS="196" HPOS="852"/>
							<String ID="string_25" HPOS="868" VPOS="189" WIDTH="43" HEIGHT="21" WC="0.96" CONTENT="den"/>
						</TextLine>
						<TextLine ID="line_3" HPOS="90" VPOS="218" WIDTH="825" HEIGHT="29">
							<String ID="string_26" HPOS="90" VPOS="218" WIDTH="121" HEIGHT="28" WC="0.76" CONTENT="begrafves"/><SP WIDTH="16" VPOS="218" HPOS="211"/>
							<String ID="string_27" HPOS="227" VPOS="218" WIDTH="8" HEIGHT="21" WC="0.96" CONTENT="i"/><SP WIDTH="16" VPOS="218" HPOS="235"/>
							<String ID="string_28" HPOS="251" VPOS="218" WIDTH="94" HEIGHT="28" WC="0.96" CONTENT="ståndet,"/><SP WIDTH="16" VPOS="218" HPOS="345"/>
							<String ID="string_29" HPOS="361" VPOS="218" WIDTH="8" HEIGHT="22" WC="0.96" CONTENT="i"/><SP WIDTH="15" VPOS="218" HPOS="369"/>
							<String ID="string_30" HPOS="384" VPOS="219" WIDTH="126" HEIGHT="28" WC="0.96" CONTENT="synnerhet"/><SP WIDTH="15" VPOS="219" HPOS="510"/>
							<String ID="string_31" HPOS="525" VPOS="226" WIDTH="48" HEIGHT="14" WC="0.96" CONTENT="som"/><SP WIDTH="16" VPOS="226" HPOS="573"/>
							<String ID="string_32" HPOS="589" VPOS="218" WIDTH="46" HEIGHT="22" WC="0.96" CONTENT="han"/><SP WIDTH="16" VPOS="218" HPOS="635"/>
							<String ID="string_33" HPOS="651" VPOS="222" WIDTH="24" HEIGHT="18" WC="0.93" CONTENT="är"/><SP WIDTH="6" VPOS="222" HPOS="675"/>
							<String ID="string_34" HPOS="681" VPOS="214" WIDTH="13" HEIGHT="37" WC="0.93" CONTENT="i"/><SP WIDTH="19" VPOS="214" HPOS="694"/>
							<String ID="string_35" HPOS="713" VPOS="218" WIDTH="93" HEIGHT="22" WC="0.96" CONTENT="tillfälle"/><SP WIDTH="11" VPOS="218" HPOS="806"/>
							<String ID="string_36" HPOS="817" VPOS="220" WIDTH="33" HEIGHT="20" WC="0.93" CONTENT="att"/><SP WIDTH="10" VPOS="220" HPOS="850"/>
							<String ID="string_37" HPOS="860" VPOS="219" WIDTH="55" HEIGHT="28" WC="0.95" CONTENT="sjelf"/>
						</TextLine>
						<TextLine ID="line_4" HPOS="90" VPOS="248" WIDTH="379" HEIGHT="28">
							<String ID="string_38" HPOS="90" VPOS="248" WIDTH="84" HEIGHT="22" WC="0.92" CONTENT="härvid"/><SP WIDTH="14" VPOS="248" HPOS="174"/>
							<String ID="string_39" HPOS="188" VPOS="248" WIDTH="62" HEIGHT="22" WC="0.91" CONTENT="hälla"/><SP WIDTH="15" VPOS="248" HPOS="250"/>
							<String ID="string_40" HPOS="265" VPOS="248" WIDTH="204" HEIGHT="28" WC="0.91" CONTENT="parentationerna."/>
						</TextLine>
					</TextBlock>
					<TextBlock ID="block_2" HPOS="86" VPOS="278" WIDTH="831" HEIGHT="1250">
						<TextLine ID="line_5" HPOS="166" VPOS="278" WIDTH="746" HEIGHT="29">
							<String ID="string_41" HPOS="166" VPOS="278" WIDTH="141" HEIGHT="29" WC="0.90" CONTENT="Yliopettaja"/><SP WIDTH="19" VPOS="278" HPOS="307"/>
							<String ID="string_42" HPOS="326" VPOS="278" WIDTH="119" HEIGHT="22" WC="0.96" CONTENT="Kihlman:"/><SP WIDTH="20" VPOS="278" HPOS="445"/>
							<String ID="string_43" HPOS="465" VPOS="279" WIDTH="35" HEIGHT="21" WC="0.96" CONTENT="De"/><SP WIDTH="21" VPOS="279" HPOS="500"/>
							<String ID="string_44" HPOS="521" VPOS="278" WIDTH="25" HEIGHT="23" WC="0.96" CONTENT="af"/><SP WIDTH="18" VPOS="278" HPOS="546"/>
							<String ID="string_45" HPOS="564" VPOS="278" WIDTH="58" HEIGHT="29" WC="0.96" CONTENT="prof."/><SP WIDTH="15" VPOS="278" HPOS="622"/>
							<String ID="string_46" HPOS="637" VPOS="278" WIDTH="126" HEIGHT="29" WC="0.93" CONTENT="Runeberg"/><SP WIDTH="15" VPOS="278" HPOS="763"/>
							<String ID="string_47" HPOS="778" VPOS="278" WIDTH="134" HEIGHT="22" WC="0.92" CONTENT="framhällna"/>
						</TextLine>
						<TextLine ID="line_6" HPOS="91" VPOS="307" WIDTH="821" HEIGHT="31">
							<String ID="string_48" HPOS="91" VPOS="307" WIDTH="79" HEIGHT="22" WC="0.92" CONTENT="skälen"/><SP WIDTH="15" VPOS="307" HPOS="170"/>
							<String ID="string_49" HPOS="185" VPOS="315" WIDTH="68" HEIGHT="21" WC="0.92" CONTENT="synas"/><SP WIDTH="16" VPOS="315" HPOS="253"/>
							<String ID="string_50" HPOS="269" VPOS="315" WIDTH="54" HEIGHT="14" WC="0.96" CONTENT="vara"/><SP WIDTH="14" VPOS="315" HPOS="323"/>
							<String ID="string_51" HPOS="337" VPOS="308" WIDTH="93" HEIGHT="28" WC="0.93" CONTENT="mycket"/><SP WIDTH="16" VPOS="308" HPOS="430"/>
							<String ID="string_52" HPOS="446" VPOS="309" WIDTH="96" HEIGHT="29" WC="0.90" CONTENT="vigtiga."/><SP WIDTH="32" VPOS="309" HPOS="542"/>
							<String ID="string_53" HPOS="574" VPOS="308" WIDTH="114" HEIGHT="22" WC="0.89" CONTENT="Särskildt"/><SP WIDTH="15" VPOS="308" HPOS="688"/>
							<String ID="string_54" HPOS="703" VPOS="311" WIDTH="25" HEIGHT="18" WC="0.96" CONTENT="är"/><SP WIDTH="16" VPOS="311" HPOS="728"/>
							<String ID="string_55" HPOS="744" VPOS="309" WIDTH="38" HEIGHT="21" WC="0.93" CONTENT="det"/><SP WIDTH="15" VPOS="309" HPOS="782"/>
							<String ID="string_56" HPOS="797" VPOS="307" WIDTH="52" HEIGHT="23" WC="0.92" CONTENT="utaf"/><SP WIDTH="12" VPOS="307" HPOS="849"/>
							<String ID="string_57" HPOS="861" VPOS="308" WIDTH="51" HEIGHT="29" WC="0.91" CONTENT="vigt"/>
						</TextLine>
						<TextLine ID="line_7" HPOS="92" VPOS="337" WIDTH="820" HEIGHT="30">
							<String ID="string_58" HPOS="92" VPOS="339" WIDTH="34" HEIGHT="20" WC="0.93" CONTENT="att"/><SP WIDTH="15" VPOS="339" HPOS="126"/>
							<String ID="string_59" HPOS="141" VPOS="337" WIDTH="76" HEIGHT="22" WC="0.93" CONTENT="erinra"/><SP WIDTH="19" VPOS="337" HPOS="217"/>
							<String ID="string_60" HPOS="236" VPOS="338" WIDTH="41" HEIGHT="28" WC="0.93" CONTENT="sig,"/><SP WIDTH="21" VPOS="338" HPOS="277"/>
							<String ID="string_61" HPOS="298" VPOS="337" WIDTH="80" HEIGHT="22" WC="0.93" CONTENT="hvilka"/><SP WIDTH="18" VPOS="337" HPOS="378"/>
							<String ID="string_62" HPOS="396" VPOS="338" WIDTH="141" HEIGHT="29" WC="0.88" CONTENT="äligganden"/><SP WIDTH="20" VPOS="338" HPOS="537"/>
							<String ID="string_63" HPOS="557" VPOS="338" WIDTH="223" HEIGHT="29" WC="0.92" CONTENT="provincialläkaren"/><SP WIDTH="16" VPOS="338" HPOS="780"/>
							<String ID="string_64" HPOS="796" VPOS="339" WIDTH="8" HEIGHT="20" WC="0.93" CONTENT="i"/><SP WIDTH="15" VPOS="339" HPOS="804"/>
							<String ID="string_65" HPOS="819" VPOS="338" WIDTH="93" HEIGHT="21" WC="0.93" CONTENT="främsta"/>
						</TextLine>
						<TextLine ID="line_8" HPOS="91" VPOS="367" WIDTH="820" HEIGHT="30">
							<String ID="string_66" HPOS="91" VPOS="369" WIDTH="98" HEIGHT="20" WC="0.92" CONTENT="rummet"/><SP WIDTH="20" VPOS="369" HPOS="189"/>
							<String ID="string_67" HPOS="209" VPOS="367" WIDTH="46" HEIGHT="22" WC="0.96" CONTENT="har."/><SP WIDTH="30" VPOS="367" HPOS="255"/>
							<String ID="string_68" HPOS="285" VPOS="367" WIDTH="46" HEIGHT="29" WC="0.93" CONTENT="Jag"/><SP WIDTH="19" VPOS="367" HPOS="331"/>
							<String ID="string_69" HPOS="350" VPOS="367" WIDTH="62" HEIGHT="22" WC="0.92" CONTENT="lefde"/><SP WIDTH="20" VPOS="367" HPOS="412"/>
							<String ID="string_70" HPOS="432" VPOS="368" WIDTH="69" HEIGHT="29" WC="0.96" CONTENT="länge"/><SP WIDTH="21" VPOS="368" HPOS="501"/>
							<String ID="string_71" HPOS="522" VPOS="369" WIDTH="8" HEIGHT="21" WC="0.96" CONTENT="i"/><SP WIDTH="16" VPOS="369" HPOS="530"/>
							<String ID="string_72" HPOS="546" VPOS="369" WIDTH="44" HEIGHT="21" WC="0.93" CONTENT="den"/><SP WIDTH="16" VPOS="369" HPOS="590"/>
							<String ID="string_73" HPOS="606" VPOS="368" WIDTH="192" HEIGHT="29" WC="0.92" CONTENT="föreställningen"/><SP WIDTH="15" VPOS="368" HPOS="798"/>
							<String ID="string_74" HPOS="813" VPOS="370" WIDTH="34" HEIGHT="20" WC="0.93" CONTENT="att"/><SP WIDTH="14" VPOS="370" HPOS="847"/>
							<String ID="string_75" HPOS="861" VPOS="375" WIDTH="50" HEIGHT="21" WC="0.93" CONTENT="pro-"/>
						</TextLine>
						<TextLine ID="line_9" HPOS="91" VPOS="397" WIDTH="820" HEIGHT="30">
							<String ID="string_76" HPOS="91" VPOS="397" WIDTH="179" HEIGHT="22" WC="0.91" CONTENT="vincialläkaren"/><SP WIDTH="20" VPOS="397" HPOS="270"/>
							<String ID="string_77" HPOS="290" VPOS="405" WIDTH="40" HEIGHT="14" WC="0.96" CONTENT="var"/><SP WIDTH="20" VPOS="405" HPOS="330"/>
							<String ID="string_78" HPOS="350" VPOS="405" WIDTH="29" HEIGHT="14" WC="0.96" CONTENT="en"/><SP WIDTH="20" VPOS="405" HPOS="379"/>
							<String ID="string_79" HPOS="399" VPOS="398" WIDTH="79" HEIGHT="21" WC="0.96" CONTENT="läkare"/><SP WIDTH="20" VPOS="398" HPOS="478"/>
							<String ID="string_80" HPOS="498" VPOS="399" WIDTH="9" HEIGHT="20" WC="0.93" CONTENT="i"/><SP WIDTH="15" VPOS="399" HPOS="507"/>
							<String ID="string_81" HPOS="522" VPOS="398" WIDTH="127" HEIGHT="29" WC="0.92" CONTENT="provinsen,"/><SP WIDTH="17" VPOS="398" HPOS="649"/>
							<String ID="string_82" HPOS="666" VPOS="405" WIDTH="47" HEIGHT="14" WC="0.96" CONTENT="som"/><SP WIDTH="16" VPOS="405" HPOS="713"/>
							<String ID="string_83" HPOS="729" VPOS="398" WIDTH="59" HEIGHT="22" WC="0.96" CONTENT="hade"/><SP WIDTH="15" VPOS="398" HPOS="788"/>
							<String ID="string_84" HPOS="803" VPOS="398" WIDTH="37" HEIGHT="21" WC="0.93" CONTENT="till"/><SP WIDTH="14" VPOS="398" HPOS="840"/>
							<String ID="string_85" HPOS="854" VPOS="405" WIDTH="57" HEIGHT="21" WC="0.92" CONTENT="upp-"/>
						</TextLine>
						<TextLine ID="line_10" HPOS="91" VPOS="427" WIDTH="821" HEIGHT="30">
							<String ID="string_86" HPOS="91" VPOS="427" WIDTH="47" HEIGHT="29" WC="0.95" CONTENT="gift"/><SP WIDTH="15" VPOS="427" HPOS="138"/>
							<String ID="string_87" HPOS="153" VPOS="429" WIDTH="34" HEIGHT="20" WC="0.93" CONTENT="att"/><SP WIDTH="14" VPOS="429" HPOS="187"/>
							<String ID="string_88" HPOS="201" VPOS="427" WIDTH="55" HEIGHT="22" WC="0.92" CONTENT="bota"/><SP WIDTH="15" VPOS="427" HPOS="256"/>
							<String ID="string_89" HPOS="271" VPOS="427" WIDTH="140" HEIGHT="28" WC="0.96" CONTENT="sjukdomar;"/><SP WIDTH="17" VPOS="427" HPOS="411"/>
							<String ID="string_90" HPOS="428" VPOS="435" WIDTH="53" HEIGHT="15" WC="0.96" CONTENT="men"/><SP WIDTH="13" VPOS="435" HPOS="481"/>
							<String ID="string_91" HPOS="494" VPOS="428" WIDTH="42" HEIGHT="29" WC="0.96" CONTENT="jag"/><SP WIDTH="15" VPOS="428" HPOS="536"/>
							<String ID="string_92" HPOS="551" VPOS="429" WIDTH="42" HEIGHT="20" WC="0.96" CONTENT="har"/><SP WIDTH="15" VPOS="429" HPOS="593"/>
							<String ID="string_93" HPOS="608" VPOS="428" WIDTH="73" HEIGHT="21" WC="0.93" CONTENT="under"/><SP WIDTH="11" VPOS="428" HPOS="681"/>
							<String ID="string_94" HPOS="692" VPOS="428" WIDTH="136" HEIGHT="29" WC="0.91" CONTENT="föregäende"/><SP WIDTH="10" VPOS="428" HPOS="828"/>
							<String ID="string_95" HPOS="838" VPOS="427" WIDTH="74" HEIGHT="22" WC="0.91" CONTENT="landt-"/>
						</TextLine>
						<TextLine ID="line_11" HPOS="92" VPOS="457" WIDTH="820" HEIGHT="30">
							<String ID="string_96" HPOS="92" VPOS="457" WIDTH="70" HEIGHT="29" WC="0.91" CONTENT="dagar"/><SP WIDTH="20" VPOS="457" HPOS="162"/>
							<String ID="string_97" HPOS="182" VPOS="457" WIDTH="79" HEIGHT="22" WC="0.95" CONTENT="blifvit"/><SP WIDTH="19" VPOS="457" HPOS="261"/>
							<String ID="string_98" HPOS="280" VPOS="457" WIDTH="100" HEIGHT="29" WC="0.96" CONTENT="upplyst,"/><SP WIDTH="22" VPOS="457" HPOS="380"/>
							<String ID="string_99" HPOS="402" VPOS="459" WIDTH="34" HEIGHT="20" WC="0.96" CONTENT="att"/><SP WIDTH="16" VPOS="459" HPOS="436"/>
							<String ID="string_100" HPOS="452" VPOS="458" WIDTH="40" HEIGHT="21" WC="0.96" CONTENT="det"/><SP WIDTH="16" VPOS="458" HPOS="492"/>
							<String ID="string_101" HPOS="508" VPOS="461" WIDTH="24" HEIGHT="18" WC="0.96" CONTENT="är"/><SP WIDTH="15" VPOS="461" HPOS="532"/>
							<String ID="string_102" HPOS="547" VPOS="460" WIDTH="34" HEIGHT="19" WC="0.93" CONTENT="ett"/><SP WIDTH="16" VPOS="460" HPOS="581"/>
							<String ID="string_103" HPOS="597" VPOS="458" WIDTH="143" HEIGHT="29" WC="0.96" CONTENT="fullkomligt"/><SP WIDTH="15" VPOS="458" HPOS="740"/>
							<String ID="string_104" HPOS="755" VPOS="457" WIDTH="157" HEIGHT="23" WC="0.95" CONTENT="missförstånd"/>
						</TextLine>
						<TextLine ID="line_12" HPOS="92" VPOS="487" WIDTH="820" HEIGHT="30">
							<String ID="string_105" HPOS="92" VPOS="489" WIDTH="34" HEIGHT="19" WC="0.95" CONTENT="att"/><SP WIDTH="15" VPOS="489" HPOS="126"/>
							<String ID="string_106" HPOS="141" VPOS="488" WIDTH="25" HEIGHT="21" WC="0.95" CONTENT="sä"/><SP WIDTH="15" VPOS="488" HPOS="166"/>
							<String ID="string_107" HPOS="181" VPOS="487" WIDTH="59" HEIGHT="22" WC="0.93" CONTENT="fatta"/><SP WIDTH="15" VPOS="487" HPOS="240"/>
							<String ID="string_108" HPOS="255" VPOS="487" WIDTH="231" HEIGHT="29" WC="0.92" CONTENT="provincialläkarens"/><SP WIDTH="16" VPOS="487" HPOS="486"/>
							<String ID="string_109" HPOS="502" VPOS="488" WIDTH="99" HEIGHT="29" WC="0.92" CONTENT="uppgift."/><SP WIDTH="25" VPOS="488" HPOS="601"/>
							<String ID="string_110" HPOS="626" VPOS="488" WIDTH="223" HEIGHT="22" WC="0.92" CONTENT="Provincialläkaren"/><SP WIDTH="11" VPOS="488" HPOS="849"/>
							<String ID="string_111" HPOS="860" VPOS="495" WIDTH="52" HEIGHT="21" WC="0.90" CONTENT="eger"/>
						</TextLine>
						<TextLine ID="line_13" HPOS="92" VPOS="517" WIDTH="821" HEIGHT="29">
							<String ID="string_112" HPOS="92" VPOS="519" WIDTH="34" HEIGHT="19" WC="0.93" CONTENT="att"/><SP WIDTH="15" VPOS="519" HPOS="126"/>
							<String ID="string_113" HPOS="141" VPOS="517" WIDTH="59" HEIGHT="22" WC="0.93" CONTENT="vaka"/><SP WIDTH="15" VPOS="517" HPOS="200"/>
							<String ID="string_114" HPOS="215" VPOS="517" WIDTH="64" HEIGHT="22" WC="0.92" CONTENT="öfver"/><SP WIDTH="15" VPOS="517" HPOS="279"/>
							<String ID="string_115" HPOS="294" VPOS="517" WIDTH="154" HEIGHT="28" WC="0.92" CONTENT="helsovärden,"/><SP WIDTH="16" VPOS="517" HPOS="448"/>
							<String ID="string_116" HPOS="464" VPOS="518" WIDTH="43" HEIGHT="21" WC="0.96" CONTENT="och"/><SP WIDTH="16" VPOS="518" HPOS="507"/>
							<String ID="string_117" HPOS="523" VPOS="518" WIDTH="44" HEIGHT="21" WC="0.96" CONTENT="den"/><SP WIDTH="16" VPOS="518" HPOS="567"/>
							<String ID="string_118" HPOS="583" VPOS="518" WIDTH="207" HEIGHT="28" WC="0.96" CONTENT="uppmärksamhet,"/><SP WIDTH="16" VPOS="518" HPOS="790"/>
							<String ID="string_119" HPOS="806" VPOS="525" WIDTH="46" HEIGHT="15" WC="0.96" CONTENT="som"/><SP WIDTH="16" VPOS="525" HPOS="852"/>
							<String ID="string_120" HPOS="868" VPOS="517" WIDTH="45" HEIGHT="22" WC="0.96" CONTENT="han"/>
						</TextLine>
						<TextLine ID="line_14" HPOS="92" VPOS="547" WIDTH="821" HEIGHT="29">
							<String ID="string_121" HPOS="92" VPOS="547" WIDTH="58" HEIGHT="21" WC="0.96" CONTENT="skall"/><SP WIDTH="16" VPOS="547" HPOS="150"/>
							<String ID="string_122" HPOS="166" VPOS="554" WIDTH="58" HEIGHT="22" WC="0.95" CONTENT="egna"/><SP WIDTH="15" VPOS="554" HPOS="224"/>
							<String ID="string_123" HPOS="239" VPOS="548" WIDTH="22" HEIGHT="20" WC="0.93" CONTENT="ät"/><SP WIDTH="15" VPOS="548" HPOS="261"/>
							<String ID="string_124" HPOS="276" VPOS="547" WIDTH="154" HEIGHT="27" WC="0.92" CONTENT="helsovärden,"/><SP WIDTH="18" VPOS="547" HPOS="430"/>
							<String ID="string_125" HPOS="448" VPOS="547" WIDTH="64" HEIGHT="28" WC="0.93" CONTENT="skall,"/><SP WIDTH="17" VPOS="547" HPOS="512"/>
							<String ID="string_126" HPOS="529" VPOS="551" WIDTH="65" HEIGHT="25" WC="0.92" CONTENT="säges"/><SP WIDTH="17" VPOS="551" HPOS="594"/>
							<String ID="string_127" HPOS="611" VPOS="548" WIDTH="44" HEIGHT="27" WC="0.93" CONTENT="det,"/><SP WIDTH="16" VPOS="548" HPOS="655"/>
							<String ID="string_128" HPOS="671" VPOS="550" WIDTH="55" HEIGHT="26" WC="0.93" CONTENT="taga"/><SP WIDTH="10" VPOS="550" HPOS="726"/>
							<String ID="string_129" HPOS="736" VPOS="549" WIDTH="25" HEIGHT="20" WC="0.93" CONTENT="sä"/><SP WIDTH="10" VPOS="549" HPOS="761"/>
							<String ID="string_130" HPOS="771" VPOS="548" WIDTH="97" HEIGHT="28" WC="0.91" CONTENT="mycken"/><SP WIDTH="10" VPOS="548" HPOS="868"/>
							<String ID="string_131" HPOS="878" VPOS="547" WIDTH="35" HEIGHT="21" WC="0.96" CONTENT="tid"/>
						</TextLine>
						<TextLine ID="line_15" HPOS="92" VPOS="576" WIDTH="821" HEIGHT="30">
							<String ID="string_132" HPOS="92" VPOS="576" WIDTH="8" HEIGHT="21" WC="0.93" CONTENT="i"/><SP WIDTH="20" VPOS="576" HPOS="100"/>
							<String ID="string_133" HPOS="120" VPOS="577" WIDTH="103" HEIGHT="28" WC="0.94" CONTENT="anspråk,"/><SP WIDTH="17" VPOS="577" HPOS="223"/>
							<String ID="string_134" HPOS="240" VPOS="578" WIDTH="34" HEIGHT="20" WC="0.96" CONTENT="att"/><SP WIDTH="14" VPOS="578" HPOS="274"/>
							<String ID="string_135" HPOS="288" VPOS="576" WIDTH="46" HEIGHT="21" WC="0.93" CONTENT="han"/><SP WIDTH="15" VPOS="576" HPOS="334"/>
							<String ID="string_136" HPOS="349" VPOS="577" WIDTH="51" HEIGHT="20" WC="0.96" CONTENT="icke"/><SP WIDTH="16" VPOS="577" HPOS="400"/>
							<String ID="string_137" HPOS="416" VPOS="580" WIDTH="71" HEIGHT="18" WC="0.95" CONTENT="annat"/><SP WIDTH="16" VPOS="580" HPOS="487"/>
							<String ID="string_138" HPOS="503" VPOS="581" WIDTH="29" HEIGHT="17" WC="0.96" CONTENT="än"/><SP WIDTH="15" VPOS="581" HPOS="532"/>
							<String ID="string_139" HPOS="547" VPOS="578" WIDTH="8" HEIGHT="21" WC="0.96" CONTENT="i"/><SP WIDTH="15" VPOS="578" HPOS="555"/>
							<String ID="string_140" HPOS="570" VPOS="578" WIDTH="61" HEIGHT="21" WC="0.96" CONTENT="vissa"/><SP WIDTH="16" VPOS="578" HPOS="631"/>
							<String ID="string_141" HPOS="647" VPOS="577" WIDTH="42" HEIGHT="21" WC="0.95" CONTENT="fall"/><SP WIDTH="14" VPOS="577" HPOS="689"/>
							<String ID="string_142" HPOS="703" VPOS="577" WIDTH="47" HEIGHT="22" WC="0.96" CONTENT="kan"/><SP WIDTH="15" VPOS="577" HPOS="750"/>
							<String ID="string_143" HPOS="765" VPOS="584" WIDTH="59" HEIGHT="22" WC="0.96" CONTENT="egna"/><SP WIDTH="14" VPOS="584" HPOS="824"/>
							<String ID="string_144" HPOS="838" VPOS="577" WIDTH="36" HEIGHT="28" WC="0.96" CONTENT="sig"/><SP WIDTH="15" VPOS="577" HPOS="874"/>
							<String ID="string_145" HPOS="889" VPOS="577" WIDTH="24" HEIGHT="20" WC="0.96" CONTENT="åt"/>
						</TextLine>
						<TextLine ID="line_16" HPOS="91" VPOS="605" WIDTH="820" HEIGHT="30">
							<String ID="string_146" HPOS="91" VPOS="606" WIDTH="98" HEIGHT="22" WC="0.91" CONTENT="botande"/><SP WIDTH="23" VPOS="606" HPOS="189"/>
							<String ID="string_147" HPOS="212" VPOS="606" WIDTH="25" HEIGHT="22" WC="0.96" CONTENT="af"/><SP WIDTH="18" VPOS="606" HPOS="237"/>
							<String ID="string_148" HPOS="255" VPOS="606" WIDTH="137" HEIGHT="29" WC="0.95" CONTENT="sjukdomar."/><SP WIDTH="30" VPOS="606" HPOS="392"/>
							<String ID="string_149" HPOS="422" VPOS="607" WIDTH="48" HEIGHT="28" WC="0.93" CONTENT="Jag"/><SP WIDTH="20" VPOS="607" HPOS="470"/>
							<String ID="string_150" HPOS="490" VPOS="609" WIDTH="48" HEIGHT="20" WC="0.93" CONTENT="tror"/><SP WIDTH="20" VPOS="609" HPOS="538"/>
							<String ID="string_151" HPOS="558" VPOS="607" WIDTH="89" HEIGHT="22" WC="0.92" CONTENT="derföre"/><SP WIDTH="22" VPOS="607" HPOS="647"/>
							<String ID="string_152" HPOS="669" VPOS="607" WIDTH="8" HEIGHT="21" WC="0.93" CONTENT="i"/><SP WIDTH="20" VPOS="607" HPOS="677"/>
							<String ID="string_153" HPOS="697" VPOS="607" WIDTH="75" HEIGHT="22" WC="0.96" CONTENT="likhet"/><SP WIDTH="17" VPOS="607" HPOS="772"/>
							<String ID="string_154" HPOS="789" VPOS="606" WIDTH="51" HEIGHT="22" WC="0.96" CONTENT="med"/><SP WIDTH="15" VPOS="606" HPOS="840"/>
							<String ID="string_155" HPOS="855" VPOS="605" WIDTH="56" HEIGHT="30" WC="0.96" CONTENT="prof."/>
						</TextLine>
						<TextLine ID="line_17" HPOS="92" VPOS="635" WIDTH="820" HEIGHT="30">
							<String ID="string_156" HPOS="92" VPOS="636" WIDTH="124" HEIGHT="29" WC="0.96" CONTENT="Runeberg"/><SP WIDTH="15" VPOS="636" HPOS="216"/>
							<String ID="string_157" HPOS="231" VPOS="638" WIDTH="40" HEIGHT="26" WC="0.96" CONTENT="att,"/><SP WIDTH="19" VPOS="638" HPOS="271"/>
							<String ID="string_158" HPOS="290" VPOS="643" WIDTH="36" HEIGHT="14" WC="0.96" CONTENT="om"/><SP WIDTH="15" VPOS="643" HPOS="326"/>
							<String ID="string_159" HPOS="341" VPOS="636" WIDTH="39" HEIGHT="21" WC="0.96" CONTENT="det"/><SP WIDTH="16" VPOS="636" HPOS="380"/>
							<String ID="string_160" HPOS="396" VPOS="639" WIDTH="24" HEIGHT="18" WC="0.93" CONTENT="är"/><SP WIDTH="16" VPOS="639" HPOS="420"/>
							<String ID="string_161" HPOS="436" VPOS="637" WIDTH="124" HEIGHT="28" WC="0.91" CONTENT="meningen"/><SP WIDTH="16" VPOS="637" HPOS="560"/>
							<String ID="string_162" HPOS="576" VPOS="639" WIDTH="35" HEIGHT="19" WC="0.93" CONTENT="att"/><SP WIDTH="15" VPOS="639" HPOS="611"/>
							<String ID="string_163" HPOS="626" VPOS="636" WIDTH="87" HEIGHT="22" WC="0.93" CONTENT="erhälla"/><SP WIDTH="10" VPOS="636" HPOS="713"/>
							<String ID="string_164" HPOS="723" VPOS="636" WIDTH="139" HEIGHT="29" WC="0.92" CONTENT="läkarehjelp"/><SP WIDTH="10" VPOS="636" HPOS="862"/>
							<String ID="string_165" HPOS="872" VPOS="635" WIDTH="40" HEIGHT="22" WC="0.96" CONTENT="vid"/>
						</TextLine>
						<TextLine ID="line_18" HPOS="91" VPOS="666" WIDTH="821" HEIGHT="29">
							<String ID="string_166" HPOS="91" VPOS="666" WIDTH="136" HEIGHT="22" WC="0.92" CONTENT="inträffande"/><SP WIDTH="20" VPOS="666" HPOS="227"/>
							<String ID="string_167" HPOS="247" VPOS="666" WIDTH="163" HEIGHT="29" WC="0.92" CONTENT="sjukdomsfall,"/><SP WIDTH="22" VPOS="666" HPOS="410"/>
							<String ID="string_168" HPOS="432" VPOS="666" WIDTH="39" HEIGHT="22" WC="0.93" CONTENT="det"/><SP WIDTH="20" VPOS="666" HPOS="471"/>
							<String ID="string_169" HPOS="491" VPOS="674" WIDTH="54" HEIGHT="14" WC="0.93" CONTENT="vore"/><SP WIDTH="20" VPOS="674" HPOS="545"/>
							<String ID="string_170" HPOS="565" VPOS="667" WIDTH="94" HEIGHT="28" WC="0.93" CONTENT="mycket"/><SP WIDTH="20" VPOS="667" HPOS="659"/>
							<String ID="string_171" HPOS="679" VPOS="667" WIDTH="134" HEIGHT="28" WC="0.92" CONTENT="lämpligare"/><SP WIDTH="21" VPOS="667" HPOS="813"/>
							<String ID="string_172" HPOS="834" VPOS="668" WIDTH="35" HEIGHT="20" WC="0.96" CONTENT="att"/><SP WIDTH="15" VPOS="668" HPOS="869"/>
							<String ID="string_173" HPOS="884" VPOS="673" WIDTH="28" HEIGHT="14" WC="0.96" CONTENT="en"/>
						</TextLine>
						<TextLine ID="line_19" HPOS="91" VPOS="695" WIDTH="821" HEIGHT="27">
							<String ID="string_174" HPOS="91" VPOS="696" WIDTH="77" HEIGHT="21" WC="0.95" CONTENT="läkare"/><SP WIDTH="19" VPOS="696" HPOS="168"/>
							<String ID="string_175" HPOS="187" VPOS="696" WIDTH="37" HEIGHT="21" WC="0.96" CONTENT="för"/><SP WIDTH="20" VPOS="696" HPOS="224"/>
							<String ID="string_176" HPOS="244" VPOS="703" WIDTH="28" HEIGHT="14" WC="0.96" CONTENT="en"/><SP WIDTH="20" VPOS="703" HPOS="272"/>
							<String ID="string_177" HPOS="292" VPOS="696" WIDTH="108" HEIGHT="21" WC="0.96" CONTENT="kommun"/><SP WIDTH="21" VPOS="696" HPOS="400"/>
							<String ID="string_178" HPOS="421" VPOS="696" WIDTH="55" HEIGHT="21" WC="0.93" CONTENT="eller"/><SP WIDTH="16" VPOS="696" HPOS="476"/>
							<String ID="string_179" HPOS="492" VPOS="696" WIDTH="53" HEIGHT="22" WC="0.96" CONTENT="flere"/><SP WIDTH="15" VPOS="696" HPOS="545"/>
							<String ID="string_180" HPOS="560" VPOS="697" WIDTH="135" HEIGHT="21" WC="0.96" CONTENT="kommuner"/><SP WIDTH="15" VPOS="697" HPOS="695"/>
							<String ID="string_181" HPOS="710" VPOS="697" WIDTH="74" HEIGHT="21" WC="0.93" CONTENT="skulle"/><SP WIDTH="15" VPOS="697" HPOS="784"/>
							<String ID="string_182" HPOS="799" VPOS="695" WIDTH="113" HEIGHT="27" WC="0.96" CONTENT="anställas,"/>
						</TextLine>
						<TextLine ID="line_20" HPOS="90" VPOS="725" WIDTH="822" HEIGHT="30">
							<String ID="string_183" HPOS="90" VPOS="729" WIDTH="30" HEIGHT="18" WC="0.95" CONTENT="än"/><SP WIDTH="20" VPOS="729" HPOS="120"/>
							<String ID="string_184" HPOS="140" VPOS="729" WIDTH="35" HEIGHT="18" WC="0.95" CONTENT="att"/><SP WIDTH="20" VPOS="729" HPOS="175"/>
							<String ID="string_185" HPOS="195" VPOS="728" WIDTH="34" HEIGHT="19" WC="0.93" CONTENT="ett"/><SP WIDTH="22" VPOS="728" HPOS="229"/>
							<String ID="string_186" HPOS="251" VPOS="726" WIDTH="299" HEIGHT="29" WC="0.91" CONTENT="provincialläkaredistrikt"/><SP WIDTH="21" VPOS="726" HPOS="550"/>
							<String ID="string_187" HPOS="571" VPOS="726" WIDTH="68" HEIGHT="23" WC="0.91" CONTENT="delas."/><SP WIDTH="34" VPOS="726" HPOS="639"/>
							<String ID="string_188" HPOS="673" VPOS="726" WIDTH="64" HEIGHT="22" WC="0.92" CONTENT="Skall"/><SP WIDTH="19" VPOS="726" HPOS="737"/>
							<String ID="string_189" HPOS="756" VPOS="727" WIDTH="47" HEIGHT="21" WC="0.93" CONTENT="äter"/><SP WIDTH="16" VPOS="727" HPOS="803"/>
							<String ID="string_190" HPOS="819" VPOS="725" WIDTH="93" HEIGHT="28" WC="0.92" CONTENT="delning"/>
						</TextLine>
						<TextLine ID="line_21" HPOS="91" VPOS="755" WIDTH="820" HEIGHT="30">
							<String ID="string_191" HPOS="91" VPOS="756" WIDTH="45" HEIGHT="27" WC="0.96" CONTENT="ske,"/><SP WIDTH="26" VPOS="756" HPOS="136"/>
							<String ID="string_192" HPOS="162" VPOS="757" WIDTH="24" HEIGHT="20" WC="0.91" CONTENT="sä"/><SP WIDTH="20" VPOS="757" HPOS="186"/>
							<String ID="string_193" HPOS="206" VPOS="763" WIDTH="53" HEIGHT="14" WC="0.95" CONTENT="vore"/><SP WIDTH="21" VPOS="763" HPOS="259"/>
							<String ID="string_194" HPOS="280" VPOS="755" WIDTH="39" HEIGHT="22" WC="0.96" CONTENT="det"/><SP WIDTH="17" VPOS="755" HPOS="319"/>
							<String ID="string_195" HPOS="336" VPOS="755" WIDTH="27" HEIGHT="29" WC="0.93" CONTENT="ju"/><SP WIDTH="20" VPOS="755" HPOS="363"/>
							<String ID="string_196" HPOS="383" VPOS="756" WIDTH="111" HEIGHT="29" WC="0.96" CONTENT="riktigare"/><SP WIDTH="21" VPOS="756" HPOS="494"/>
							<String ID="string_197" HPOS="515" VPOS="759" WIDTH="35" HEIGHT="19" WC="0.93" CONTENT="att"/><SP WIDTH="20" VPOS="759" HPOS="550"/>
							<String ID="string_198" HPOS="570" VPOS="756" WIDTH="124" HEIGHT="29" WC="0.95" CONTENT="delningen"/><SP WIDTH="15" VPOS="756" HPOS="694"/>
							<String ID="string_199" HPOS="709" VPOS="756" WIDTH="74" HEIGHT="21" WC="0.93" CONTENT="skulle"/><SP WIDTH="15" VPOS="756" HPOS="783"/>
							<String ID="string_200" HPOS="798" VPOS="755" WIDTH="113" HEIGHT="29" WC="0.96" CONTENT="företagas"/>
						</TextLine>
						<TextLine ID="line_22" HPOS="91" VPOS="785" WIDTH="822" HEIGHT="30">
							<String ID="string_201" HPOS="91" VPOS="786" WIDTH="51" HEIGHT="21" WC="0.96" CONTENT="med"/><SP WIDTH="15" VPOS="786" HPOS="142"/>
							<String ID="string_202" HPOS="157" VPOS="786" WIDTH="90" HEIGHT="28" WC="0.96" CONTENT="hänsyn"/><SP WIDTH="15" VPOS="786" HPOS="247"/>
							<String ID="string_203" HPOS="262" VPOS="785" WIDTH="37" HEIGHT="22" WC="0.96" CONTENT="till"/><SP WIDTH="15" VPOS="785" HPOS="299"/>
							<String ID="string_204" HPOS="314" VPOS="785" WIDTH="52" HEIGHT="22" WC="0.96" CONTENT="hela"/><SP WIDTH="14" VPOS="785" HPOS="366"/>
							<String ID="string_205" HPOS="380" VPOS="786" WIDTH="85" HEIGHT="28" WC="0.96" CONTENT="landet,"/><SP WIDTH="17" VPOS="786" HPOS="465"/>
							<String ID="string_206" HPOS="482" VPOS="790" WIDTH="30" HEIGHT="17" WC="0.97" CONTENT="än"/><SP WIDTH="15" VPOS="790" HPOS="512"/>
							<String ID="string_207" HPOS="527" VPOS="786" WIDTH="52" HEIGHT="21" WC="0.96" CONTENT="med"/><SP WIDTH="10" VPOS="786" HPOS="579"/>
							<String ID="string_208" HPOS="589" VPOS="786" WIDTH="91" HEIGHT="28" WC="0.96" CONTENT="hänsyn"/><SP WIDTH="11" VPOS="786" HPOS="680"/>
							<String ID="string_209" HPOS="691" VPOS="786" WIDTH="36" HEIGHT="21" WC="0.93" CONTENT="till"/><SP WIDTH="10" VPOS="786" HPOS="727"/>
							<String ID="string_210" HPOS="737" VPOS="787" WIDTH="76" HEIGHT="28" WC="0.92" CONTENT="nägon"/><SP WIDTH="11" VPOS="787" HPOS="813"/>
							<String ID="string_211" HPOS="824" VPOS="785" WIDTH="89" HEIGHT="22" WC="0.92" CONTENT="enskild"/>
						</TextLine>
						<TextLine ID="line_23" HPOS="90" VPOS="815" WIDTH="822" HEIGHT="30">
							<String ID="string_212" HPOS="90" VPOS="815" WIDTH="107" HEIGHT="22" WC="0.87" CONTENT="landsort."/><SP WIDTH="30" VPOS="815" HPOS="197"/>
							<String ID="string_213" HPOS="227" VPOS="815" WIDTH="34" HEIGHT="22" WC="0.93" CONTENT="De"/><SP WIDTH="21" VPOS="815" HPOS="261"/>
							<String ID="string_214" HPOS="282" VPOS="815" WIDTH="90" HEIGHT="29" WC="0.91" CONTENT="äsigter,"/><SP WIDTH="16" VPOS="815" HPOS="372"/>
							<String ID="string_215" HPOS="388" VPOS="823" WIDTH="48" HEIGHT="14" WC="0.96" CONTENT="som"/><SP WIDTH="15" VPOS="823" HPOS="436"/>
							<String ID="string_216" HPOS="451" VPOS="816" WIDTH="58" HEIGHT="29" WC="0.96" CONTENT="prof."/><SP WIDTH="17" VPOS="816" HPOS="509"/>
							<String ID="string_217" HPOS="526" VPOS="816" WIDTH="125" HEIGHT="28" WC="0.93" CONTENT="Runeberg"/><SP WIDTH="15" VPOS="816" HPOS="651"/>
							<String ID="string_218" HPOS="666" VPOS="816" WIDTH="90" HEIGHT="28" WC="0.93" CONTENT="uttalat,"/><SP WIDTH="15" VPOS="816" HPOS="756"/>
							<String ID="string_219" HPOS="771" VPOS="815" WIDTH="62" HEIGHT="29" WC="0.91" CONTENT="syfta"/><SP WIDTH="15" VPOS="815" HPOS="833"/>
							<String ID="string_220" HPOS="848" VPOS="815" WIDTH="64" HEIGHT="21" WC="0.93" CONTENT="emel-"/>
						</TextLine>
						<TextLine ID="line_24" HPOS="90" VPOS="845" WIDTH="822" HEIGHT="29">
							<String ID="string_221" HPOS="90" VPOS="845" WIDTH="69" HEIGHT="22" WC="0.91" CONTENT="lertid"/><SP WIDTH="20" VPOS="845" HPOS="159"/>
							<String ID="string_222" HPOS="179" VPOS="846" WIDTH="29" HEIGHT="28" WC="0.93" CONTENT="pä"/><SP WIDTH="21" VPOS="846" HPOS="208"/>
							<String ID="string_223" HPOS="229" VPOS="845" WIDTH="124" HEIGHT="22" WC="0.91" CONTENT="detsamma"/><SP WIDTH="20" VPOS="845" HPOS="353"/>
							<String ID="string_224" HPOS="373" VPOS="845" WIDTH="65" HEIGHT="29" WC="0.91" CONTENT="goda,"/><SP WIDTH="22" VPOS="845" HPOS="438"/>
							<String ID="string_225" HPOS="460" VPOS="853" WIDTH="50" HEIGHT="14" WC="0.93" CONTENT="som"/><SP WIDTH="14" VPOS="853" HPOS="510"/>
							<String ID="string_226" HPOS="524" VPOS="846" WIDTH="154" HEIGHT="28" WC="0.92" CONTENT="petitionären"/><SP WIDTH="16" VPOS="846" HPOS="678"/>
							<String ID="string_227" HPOS="694" VPOS="845" WIDTH="92" HEIGHT="29" WC="0.90" CONTENT="äsyftar,"/><SP WIDTH="16" VPOS="845" HPOS="786"/>
							<String ID="string_228" HPOS="802" VPOS="845" WIDTH="52" HEIGHT="22" WC="0.96" CONTENT="med"/><SP WIDTH="15" VPOS="845" HPOS="854"/>
							<String ID="string_229" HPOS="869" VPOS="845" WIDTH="43" HEIGHT="21" WC="0.96" CONTENT="den"/>
						</TextLine>
						<TextLine ID="line_25" HPOS="90" VPOS="874" WIDTH="822" HEIGHT="30">
							<String ID="string_230" HPOS="90" VPOS="875" WIDTH="96" HEIGHT="26" WC="0.96" CONTENT="skilnad,"/><SP WIDTH="21" VPOS="875" HPOS="186"/>
							<String ID="string_231" HPOS="207" VPOS="876" WIDTH="34" HEIGHT="20" WC="0.96" CONTENT="att"/><SP WIDTH="20" VPOS="876" HPOS="241"/>
							<String ID="string_232" HPOS="261" VPOS="875" WIDTH="57" HEIGHT="29" WC="0.96" CONTENT="prof."/><SP WIDTH="21" VPOS="875" HPOS="318"/>
							<String ID="string_233" HPOS="339" VPOS="875" WIDTH="125" HEIGHT="29" WC="0.92" CONTENT="Runeberg"/><SP WIDTH="22" VPOS="875" HPOS="464"/>
							<String ID="string_234" HPOS="486" VPOS="875" WIDTH="88" HEIGHT="29" WC="0.88" CONTENT="äsyftat"/><SP WIDTH="16" VPOS="875" HPOS="574"/>
							<String ID="string_235" HPOS="590" VPOS="878" WIDTH="34" HEIGHT="18" WC="0.93" CONTENT="ett"/><SP WIDTH="15" VPOS="878" HPOS="624"/>
							<String ID="string_236" HPOS="639" VPOS="875" WIDTH="57" HEIGHT="29" WC="0.96" CONTENT="godt"/><SP WIDTH="15" VPOS="875" HPOS="696"/>
							<String ID="string_237" HPOS="711" VPOS="875" WIDTH="36" HEIGHT="21" WC="0.96" CONTENT="för"/><SP WIDTH="15" VPOS="875" HPOS="747"/>
							<String ID="string_238" HPOS="762" VPOS="875" WIDTH="52" HEIGHT="21" WC="0.96" CONTENT="hela"/><SP WIDTH="15" VPOS="875" HPOS="814"/>
							<String ID="string_239" HPOS="829" VPOS="874" WIDTH="83" HEIGHT="27" WC="0.96" CONTENT="landet,"/>
						</TextLine>
						<TextLine ID="line_26" HPOS="91" VPOS="903" WIDTH="820" HEIGHT="31">
							<String ID="string_240" HPOS="91" VPOS="905" WIDTH="29" HEIGHT="21" WC="0.93" CONTENT="dä"/><SP WIDTH="16" VPOS="905" HPOS="120"/>
							<String ID="string_241" HPOS="136" VPOS="905" WIDTH="99" HEIGHT="21" WC="0.91" CONTENT="deremot"/><SP WIDTH="15" VPOS="905" HPOS="235"/>
							<String ID="string_242" HPOS="250" VPOS="904" WIDTH="151" HEIGHT="30" WC="0.91" CONTENT="petitionären"/><SP WIDTH="15" VPOS="904" HPOS="401"/>
							<String ID="string_243" HPOS="416" VPOS="905" WIDTH="64" HEIGHT="21" WC="0.96" CONTENT="velat"/><SP WIDTH="16" VPOS="905" HPOS="480"/>
							<String ID="string_244" HPOS="496" VPOS="913" WIDTH="29" HEIGHT="13" WC="0.93" CONTENT="en"/><SP WIDTH="15" VPOS="913" HPOS="525"/>
							<String ID="string_245" HPOS="540" VPOS="905" WIDTH="91" HEIGHT="21" WC="0.92" CONTENT="enskild"/><SP WIDTH="10" VPOS="905" HPOS="631"/>
							<String ID="string_246" HPOS="641" VPOS="905" WIDTH="114" HEIGHT="21" WC="0.92" CONTENT="landsorts"/><SP WIDTH="10" VPOS="905" HPOS="755"/>
							<String ID="string_247" HPOS="765" VPOS="905" WIDTH="70" HEIGHT="21" WC="0.96" CONTENT="bästa."/><SP WIDTH="16" VPOS="905" HPOS="835"/>
							<String ID="string_248" HPOS="851" VPOS="903" WIDTH="60" HEIGHT="23" WC="0.96" CONTENT="Prof."/>
						</TextLine>
						<TextLine ID="line_27" HPOS="91" VPOS="934" WIDTH="825" HEIGHT="30">
							<String ID="string_249" HPOS="91" VPOS="935" WIDTH="134" HEIGHT="29" WC="0.91" CONTENT="Runebergs"/><SP WIDTH="16" VPOS="935" HPOS="225"/>
							<String ID="string_250" HPOS="241" VPOS="934" WIDTH="144" HEIGHT="29" WC="0.92" CONTENT="andragande"/><SP WIDTH="15" VPOS="934" HPOS="385"/>
							<String ID="string_251" HPOS="400" VPOS="934" WIDTH="90" HEIGHT="29" WC="0.92" CONTENT="äsyftar"/><SP WIDTH="16" VPOS="934" HPOS="490"/>
							<String ID="string_252" HPOS="506" VPOS="937" WIDTH="33" HEIGHT="19" WC="0.96" CONTENT="ett"/><SP WIDTH="15" VPOS="937" HPOS="539"/>
							<String ID="string_253" HPOS="554" VPOS="935" WIDTH="81" HEIGHT="28" WC="0.93" CONTENT="bättre,"/><SP WIDTH="14" VPOS="935" HPOS="635"/>
							<String ID="string_254" HPOS="649" VPOS="934" WIDTH="111" HEIGHT="29" WC="0.92" CONTENT="jemfördt"/><SP WIDTH="14" VPOS="934" HPOS="760"/>
							<String ID="string_255" HPOS="774" VPOS="934" WIDTH="52" HEIGHT="22" WC="0.96" CONTENT="med"/><SP WIDTH="15" VPOS="934" HPOS="826"/>
							<String ID="string_256" HPOS="841" VPOS="934" WIDTH="39" HEIGHT="22" WC="0.96" CONTENT="det"/><SP WIDTH="10" VPOS="934" HPOS="880"/>
							<String ID="string_257" HPOS="890" VPOS="934" WIDTH="26" HEIGHT="21" WC="0.96" CONTENT="af"/>
						</TextLine>
						<TextLine ID="line_28" HPOS="90" VPOS="963" WIDTH="823" HEIGHT="31">
							<String ID="string_258" HPOS="90" VPOS="964" WIDTH="36" HEIGHT="22" WC="0.95" CONTENT="Hr"/><SP WIDTH="14" VPOS="964" HPOS="126"/>
							<String ID="string_259" HPOS="140" VPOS="964" WIDTH="109" HEIGHT="22" WC="0.93" CONTENT="Törnudd"/><SP WIDTH="15" VPOS="964" HPOS="249"/>
							<String ID="string_260" HPOS="264" VPOS="964" WIDTH="81" HEIGHT="29" WC="0.92" CONTENT="gjorda"/><SP WIDTH="15" VPOS="964" HPOS="345"/>
							<String ID="string_261" HPOS="360" VPOS="964" WIDTH="117" HEIGHT="29" WC="0.92" CONTENT="förslaget."/><SP WIDTH="23" VPOS="964" HPOS="477"/>
							<String ID="string_262" HPOS="500" VPOS="965" WIDTH="55" HEIGHT="21" WC="0.96" CONTENT="Men"/><SP WIDTH="15" VPOS="965" HPOS="555"/>
							<String ID="string_263" HPOS="570" VPOS="965" WIDTH="29" HEIGHT="21" WC="0.96" CONTENT="dä"/><SP WIDTH="15" VPOS="965" HPOS="599"/>
							<String ID="string_264" HPOS="614" VPOS="965" WIDTH="114" HEIGHT="29" WC="0.96" CONTENT="professor"/><SP WIDTH="10" VPOS="965" HPOS="728"/>
							<String ID="string_265" HPOS="738" VPOS="964" WIDTH="123" HEIGHT="28" WC="0.96" CONTENT="Runeberg"/><SP WIDTH="10" VPOS="964" HPOS="861"/>
							<String ID="string_266" HPOS="871" VPOS="963" WIDTH="42" HEIGHT="22" WC="0.96" CONTENT="vill"/>
						</TextLine>
						<TextLine ID="line_29" HPOS="91" VPOS="993" WIDTH="823" HEIGHT="30">
							<String ID="string_267" HPOS="91" VPOS="996" WIDTH="34" HEIGHT="20" WC="0.95" CONTENT="att"/><SP WIDTH="20" VPOS="996" HPOS="125"/>
							<String ID="string_268" HPOS="145" VPOS="994" WIDTH="38" HEIGHT="22" WC="0.93" CONTENT="det"/><SP WIDTH="18" VPOS="994" HPOS="183"/>
							<String ID="string_269" HPOS="201" VPOS="994" WIDTH="65" HEIGHT="29" WC="0.92" CONTENT="goda,"/><SP WIDTH="21" VPOS="994" HPOS="266"/>
							<String ID="string_270" HPOS="287" VPOS="1002" WIDTH="48" HEIGHT="14" WC="0.93" CONTENT="som"/><SP WIDTH="18" VPOS="1002" HPOS="335"/>
							<String ID="string_271" HPOS="353" VPOS="994" WIDTH="155" HEIGHT="29" WC="0.92" CONTENT="petitionären"/><SP WIDTH="16" VPOS="994" HPOS="508"/>
							<String ID="string_272" HPOS="524" VPOS="995" WIDTH="92" HEIGHT="28" WC="0.92" CONTENT="äsyftat,"/><SP WIDTH="17" VPOS="995" HPOS="616"/>
							<String ID="string_273" HPOS="633" VPOS="995" WIDTH="50" HEIGHT="21" WC="0.92" CONTENT="icke"/><SP WIDTH="16" VPOS="995" HPOS="683"/>
							<String ID="string_274" HPOS="699" VPOS="994" WIDTH="58" HEIGHT="22" WC="0.96" CONTENT="skall"/><SP WIDTH="15" VPOS="994" HPOS="757"/>
							<String ID="string_275" HPOS="772" VPOS="994" WIDTH="91" HEIGHT="21" WC="0.96" CONTENT="komma"/><SP WIDTH="13" VPOS="994" HPOS="863"/>
							<String ID="string_276" HPOS="876" VPOS="993" WIDTH="38" HEIGHT="22" WC="0.93" CONTENT="till"/>
						</TextLine>
						<TextLine ID="line_30" HPOS="90" VPOS="1023" WIDTH="823" HEIGHT="28">
							<String ID="string_277" HPOS="90" VPOS="1023" WIDTH="72" HEIGHT="28" WC="0.92" CONTENT="ständ,"/><SP WIDTH="21" VPOS="1023" HPOS="162"/>
							<String ID="string_278" HPOS="183" VPOS="1023" WIDTH="88" HEIGHT="22" WC="0.92" CONTENT="derföre"/><SP WIDTH="19" VPOS="1023" HPOS="271"/>
							<String ID="string_279" HPOS="290" VPOS="1026" WIDTH="35" HEIGHT="19" WC="0.96" CONTENT="att"/><SP WIDTH="16" VPOS="1026" HPOS="325"/>
							<String ID="string_280" HPOS="341" VPOS="1024" WIDTH="38" HEIGHT="21" WC="0.93" CONTENT="det"/><SP WIDTH="15" VPOS="1024" HPOS="379"/>
							<String ID="string_281" HPOS="394" VPOS="1024" WIDTH="73" HEIGHT="21" WC="0.92" CONTENT="finnes"/><SP WIDTH="17" VPOS="1024" HPOS="467"/>
							<String ID="string_282" HPOS="484" VPOS="1026" WIDTH="34" HEIGHT="19" WC="0.96" CONTENT="ett"/><SP WIDTH="14" VPOS="1026" HPOS="518"/>
							<String ID="string_283" HPOS="532" VPOS="1025" WIDTH="80" HEIGHT="26" WC="0.96" CONTENT="bättre,"/><SP WIDTH="17" VPOS="1025" HPOS="612"/>
							<String ID="string_284" HPOS="629" VPOS="1025" WIDTH="24" HEIGHT="20" WC="0.97" CONTENT="sä"/><SP WIDTH="16" VPOS="1025" HPOS="653"/>
							<String ID="string_285" HPOS="669" VPOS="1024" WIDTH="44" HEIGHT="21" WC="0.96" CONTENT="blir"/><SP WIDTH="16" VPOS="1024" HPOS="713"/>
							<String ID="string_286" HPOS="729" VPOS="1024" WIDTH="41" HEIGHT="21" WC="0.96" CONTENT="här"/><SP WIDTH="16" VPOS="1024" HPOS="770"/>
							<String ID="string_287" HPOS="786" VPOS="1023" WIDTH="38" HEIGHT="22" WC="0.96" CONTENT="det"/><SP WIDTH="15" VPOS="1023" HPOS="824"/>
							<String ID="string_288" HPOS="839" VPOS="1023" WIDTH="74" HEIGHT="22" WC="0.95" CONTENT="bättre"/>
						</TextLine>
						<TextLine ID="line_31" HPOS="90" VPOS="1053" WIDTH="823" HEIGHT="29">
							<String ID="string_289" HPOS="90" VPOS="1055" WIDTH="34" HEIGHT="20" WC="0.94" CONTENT="ett"/><SP WIDTH="20" VPOS="1055" HPOS="124"/>
							<String ID="string_290" HPOS="144" VPOS="1053" WIDTH="39" HEIGHT="22" WC="0.93" CONTENT="det"/><SP WIDTH="20" VPOS="1053" HPOS="183"/>
							<String ID="string_291" HPOS="203" VPOS="1053" WIDTH="70" HEIGHT="29" WC="0.92" CONTENT="godas"/><SP WIDTH="20" VPOS="1053" HPOS="273"/>
							<String ID="string_292" HPOS="293" VPOS="1053" WIDTH="79" HEIGHT="22" WC="0.95" CONTENT="fiende."/><SP WIDTH="31" VPOS="1053" HPOS="372"/>
							<String ID="string_293" HPOS="403" VPOS="1054" WIDTH="58" HEIGHT="21" WC="0.88" CONTENT="Tills"/><SP WIDTH="16" VPOS="1054" HPOS="461"/>
							<String ID="string_294" HPOS="477" VPOS="1054" WIDTH="79" HEIGHT="22" WC="0.97" CONTENT="vidare"/><SP WIDTH="16" VPOS="1054" HPOS="556"/>
							<String ID="string_295" HPOS="572" VPOS="1054" WIDTH="55" HEIGHT="21" WC="0.93" CONTENT="eller"/><SP WIDTH="14" VPOS="1054" HPOS="627"/>
							<String ID="string_296" HPOS="641" VPOS="1054" WIDTH="63" HEIGHT="21" WC="0.96" CONTENT="intill"/><SP WIDTH="16" VPOS="1054" HPOS="704"/>
							<String ID="string_297" HPOS="720" VPOS="1053" WIDTH="49" HEIGHT="22" WC="0.96" CONTENT="dess"/><SP WIDTH="25" VPOS="1053" HPOS="769"/>
							<String ID="string_298" HPOS="794" VPOS="1053" WIDTH="28" HEIGHT="22" WC="0.93" CONTENT="hr"/><SP WIDTH="15" VPOS="1053" HPOS="822"/>
							<String ID="string_299" HPOS="837" VPOS="1053" WIDTH="76" HEIGHT="21" WC="0.91" CONTENT="Rune-"/>
						</TextLine>
						<TextLine ID="line_32" HPOS="90" VPOS="1083" WIDTH="823" HEIGHT="29">
							<String ID="string_300" HPOS="90" VPOS="1083" WIDTH="67" HEIGHT="29" WC="0.96" CONTENT="bergs"/><SP WIDTH="16" VPOS="1083" HPOS="157"/>
							<String ID="string_301" HPOS="173" VPOS="1083" WIDTH="74" HEIGHT="22" WC="0.91" CONTENT="bättre"/><SP WIDTH="15" VPOS="1083" HPOS="247"/>
							<String ID="string_302" HPOS="262" VPOS="1083" WIDTH="84" HEIGHT="29" WC="0.96" CONTENT="förslag"/><SP WIDTH="15" VPOS="1083" HPOS="346"/>
							<String ID="string_303" HPOS="361" VPOS="1084" WIDTH="47" HEIGHT="21" WC="0.93" CONTENT="kan"/><SP WIDTH="14" VPOS="1084" HPOS="408"/>
							<String ID="string_304" HPOS="422" VPOS="1084" WIDTH="119" HEIGHT="21" WC="0.96" CONTENT="realiseras"/><SP WIDTH="14" VPOS="1084" HPOS="541"/>
							<String ID="string_305" HPOS="555" VPOS="1091" WIDTH="68" HEIGHT="21" WC="0.96" CONTENT="synes"/><SP WIDTH="12" VPOS="1091" HPOS="623"/>
							<String ID="string_306" HPOS="635" VPOS="1084" WIDTH="37" HEIGHT="21" WC="0.96" CONTENT="det"/><SP WIDTH="10" VPOS="1084" HPOS="672"/>
							<String ID="string_307" HPOS="682" VPOS="1084" WIDTH="49" HEIGHT="28" WC="0.93" CONTENT="mig"/><SP WIDTH="11" VPOS="1084" HPOS="731"/>
							<String ID="string_308" HPOS="742" VPOS="1083" WIDTH="88" HEIGHT="22" WC="0.92" CONTENT="derföre"/><SP WIDTH="11" VPOS="1083" HPOS="830"/>
							<String ID="string_309" HPOS="841" VPOS="1083" WIDTH="72" HEIGHT="21" WC="0.96" CONTENT="såsom"/>
						</TextLine>
						<TextLine ID="line_33" HPOS="90" VPOS="1112" WIDTH="824" HEIGHT="30">
							<String ID="string_310" HPOS="90" VPOS="1113" WIDTH="73" HEIGHT="22" WC="0.96" CONTENT="skulle"/><SP WIDTH="15" VPOS="1113" HPOS="163"/>
							<String ID="string_311" HPOS="178" VPOS="1121" WIDTH="53" HEIGHT="14" WC="0.93" CONTENT="man"/><SP WIDTH="15" VPOS="1121" HPOS="231"/>
							<String ID="string_312" HPOS="246" VPOS="1113" WIDTH="55" HEIGHT="22" WC="0.96" CONTENT="böra"/><SP WIDTH="14" VPOS="1113" HPOS="301"/>
							<String ID="string_313" HPOS="315" VPOS="1115" WIDTH="55" HEIGHT="27" WC="0.96" CONTENT="taga"/><SP WIDTH="14" VPOS="1115" HPOS="370"/>
							<String ID="string_314" HPOS="384" VPOS="1115" WIDTH="77" HEIGHT="27" WC="0.96" CONTENT="någon"/><SP WIDTH="17" VPOS="1115" HPOS="461"/>
							<String ID="string_315" HPOS="478" VPOS="1114" WIDTH="90" HEIGHT="28" WC="0.96" CONTENT="hänsyn"/><SP WIDTH="15" VPOS="1114" HPOS="568"/>
							<String ID="string_316" HPOS="583" VPOS="1114" WIDTH="37" HEIGHT="21" WC="0.93" CONTENT="till"/><SP WIDTH="10" VPOS="1114" HPOS="620"/>
							<String ID="string_317" HPOS="630" VPOS="1113" WIDTH="176" HEIGHT="29" WC="0.93" CONTENT="befolkningens"/><SP WIDTH="10" VPOS="1113" HPOS="806"/>
							<String ID="string_318" HPOS="816" VPOS="1114" WIDTH="14" HEIGHT="20" WC="0.92" CONTENT="&amp;"/><SP WIDTH="10" VPOS="1114" HPOS="830"/>
							<String ID="string_319" HPOS="840" VPOS="1112" WIDTH="74" HEIGHT="24" WC="0.96" CONTENT="skilda"/>
						</TextLine>
						<TextLine ID="line_34" HPOS="90" VPOS="1143" WIDTH="823" HEIGHT="29">
							<String ID="string_320" HPOS="90" VPOS="1145" WIDTH="60" HEIGHT="19" WC="0.91" CONTENT="orter"/><SP WIDTH="15" VPOS="1145" HPOS="150"/>
							<String ID="string_321" HPOS="165" VPOS="1143" WIDTH="120" HEIGHT="21" WC="0.92" CONTENT="tänkesätt."/><SP WIDTH="26" VPOS="1143" HPOS="285"/>
							<String ID="string_322" HPOS="311" VPOS="1143" WIDTH="60" HEIGHT="21" WC="0.95" CONTENT="Prof."/><SP WIDTH="16" VPOS="1143" HPOS="371"/>
							<String ID="string_323" HPOS="387" VPOS="1144" WIDTH="127" HEIGHT="28" WC="0.95" CONTENT="Runeberg"/><SP WIDTH="11" VPOS="1144" HPOS="514"/>
							<String ID="string_324" HPOS="525" VPOS="1144" WIDTH="42" HEIGHT="20" WC="0.93" CONTENT="har"/><SP WIDTH="10" VPOS="1144" HPOS="567"/>
							<String ID="string_325" HPOS="577" VPOS="1143" WIDTH="86" HEIGHT="28" WC="0.91" CONTENT="erkänt,"/><SP WIDTH="12" VPOS="1143" HPOS="663"/>
							<String ID="string_326" HPOS="675" VPOS="1145" WIDTH="34" HEIGHT="19" WC="0.92" CONTENT="att"/><SP WIDTH="11" VPOS="1145" HPOS="709"/>
							<String ID="string_327" HPOS="720" VPOS="1143" WIDTH="193" HEIGHT="21" WC="0.92" CONTENT="läkarekrafterna"/>
						</TextLine>
						<TextLine ID="line_35" HPOS="91" VPOS="1172" WIDTH="822" HEIGHT="29">
							<String ID="string_328" HPOS="91" VPOS="1176" WIDTH="38" HEIGHT="18" WC="0.96" CONTENT="äro"/><SP WIDTH="21" VPOS="1176" HPOS="129"/>
							<String ID="string_329" HPOS="150" VPOS="1172" WIDTH="153" HEIGHT="29" WC="0.96" CONTENT="otillräckliga"/><SP WIDTH="22" VPOS="1172" HPOS="303"/>
							<String ID="string_330" HPOS="325" VPOS="1173" WIDTH="9" HEIGHT="21" WC="0.93" CONTENT="i"/><SP WIDTH="19" VPOS="1173" HPOS="334"/>
							<String ID="string_331" HPOS="353" VPOS="1174" WIDTH="52" HEIGHT="20" WC="0.95" CONTENT="vårt"/><SP WIDTH="20" VPOS="1174" HPOS="405"/>
							<String ID="string_332" HPOS="425" VPOS="1173" WIDTH="57" HEIGHT="21" WC="0.96" CONTENT="land"/><SP WIDTH="21" VPOS="1173" HPOS="482"/>
							<String ID="string_333" HPOS="503" VPOS="1174" WIDTH="8" HEIGHT="20" WC="0.92" CONTENT="i"/><SP WIDTH="21" VPOS="1174" HPOS="511"/>
							<String ID="string_334" HPOS="532" VPOS="1173" WIDTH="143" HEIGHT="21" WC="0.96" CONTENT="förhållande"/><SP WIDTH="15" VPOS="1173" HPOS="675"/>
							<String ID="string_335" HPOS="690" VPOS="1173" WIDTH="38" HEIGHT="21" WC="0.96" CONTENT="till"/><SP WIDTH="15" VPOS="1173" HPOS="728"/>
							<String ID="string_336" HPOS="743" VPOS="1172" WIDTH="170" HEIGHT="28" WC="0.96" CONTENT="befolkningen."/>
						</TextLine>
						<TextLine ID="line_36" HPOS="90" VPOS="1202" WIDTH="822" HEIGHT="29">
							<String ID="string_337" HPOS="90" VPOS="1202" WIDTH="46" HEIGHT="22" WC="0.93" CONTENT="Det"/><SP WIDTH="20" VPOS="1202" HPOS="136"/>
							<String ID="string_338" HPOS="156" VPOS="1210" WIDTH="53" HEIGHT="14" WC="0.91" CONTENT="vore"/><SP WIDTH="21" VPOS="1210" HPOS="209"/>
							<String ID="string_339" HPOS="230" VPOS="1202" WIDTH="101" HEIGHT="29" WC="0.91" CONTENT="önskligt"/><SP WIDTH="20" VPOS="1202" HPOS="331"/>
							<String ID="string_340" HPOS="351" VPOS="1205" WIDTH="35" HEIGHT="19" WC="0.96" CONTENT="att"/><SP WIDTH="20" VPOS="1205" HPOS="386"/>
							<String ID="string_341" HPOS="406" VPOS="1202" WIDTH="53" HEIGHT="22" WC="0.96" CONTENT="hela"/><SP WIDTH="21" VPOS="1202" HPOS="459"/>
							<String ID="string_342" HPOS="480" VPOS="1203" WIDTH="79" HEIGHT="21" WC="0.96" CONTENT="landet"/><SP WIDTH="15" VPOS="1203" HPOS="559"/>
							<String ID="string_343" HPOS="574" VPOS="1203" WIDTH="74" HEIGHT="21" WC="0.93" CONTENT="skulle"/><SP WIDTH="16" VPOS="1203" HPOS="648"/>
							<String ID="string_344" HPOS="664" VPOS="1203" WIDTH="62" HEIGHT="21" WC="0.92" CONTENT="delas"/><SP WIDTH="16" VPOS="1203" HPOS="726"/>
							<String ID="string_345" HPOS="742" VPOS="1202" WIDTH="8" HEIGHT="22" WC="0.93" CONTENT="i"/><SP WIDTH="16" VPOS="1202" HPOS="750"/>
							<String ID="string_346" HPOS="766" VPOS="1206" WIDTH="83" HEIGHT="18" WC="0.92" CONTENT="smärre"/><SP WIDTH="15" VPOS="1206" HPOS="849"/>
							<String ID="string_347" HPOS="864" VPOS="1209" WIDTH="48" HEIGHT="21" WC="0.92" CONTENT="pro-"/>
						</TextLine>
						<TextLine ID="line_37" HPOS="90" VPOS="1232" WIDTH="823" HEIGHT="29">
							<String ID="string_348" HPOS="90" VPOS="1232" WIDTH="285" HEIGHT="27" WC="0.91" CONTENT="vincialläkaredistrikter,"/><SP WIDTH="17" VPOS="1232" HPOS="375"/>
							<String ID="string_349" HPOS="392" VPOS="1233" WIDTH="42" HEIGHT="21" WC="0.96" CONTENT="och"/><SP WIDTH="16" VPOS="1233" HPOS="434"/>
							<String ID="string_350" HPOS="450" VPOS="1236" WIDTH="64" HEIGHT="18" WC="0.93" CONTENT="ännu"/><SP WIDTH="11" VPOS="1236" HPOS="514"/>
							<String ID="string_351" HPOS="525" VPOS="1233" WIDTH="130" HEIGHT="28" WC="0.92" CONTENT="önskligare"/><SP WIDTH="8" VPOS="1233" HPOS="655"/>
							<String ID="string_352" HPOS="663" VPOS="1234" WIDTH="35" HEIGHT="20" WC="0.97" CONTENT="att"/><SP WIDTH="11" VPOS="1234" HPOS="698"/>
							<String ID="string_353" HPOS="709" VPOS="1232" WIDTH="39" HEIGHT="22" WC="0.93" CONTENT="det"/><SP WIDTH="10" VPOS="1232" HPOS="748"/>
							<String ID="string_354" HPOS="758" VPOS="1232" WIDTH="82" HEIGHT="22" WC="0.92" CONTENT="funnes"/><SP WIDTH="10" VPOS="1232" HPOS="840"/>
							<String ID="string_355" HPOS="850" VPOS="1232" WIDTH="63" HEIGHT="21" WC="0.92" CONTENT="kom-"/>
						</TextLine>
						<TextLine ID="line_38" HPOS="90" VPOS="1261" WIDTH="824" HEIGHT="30">
							<String ID="string_356" HPOS="90" VPOS="1262" WIDTH="163" HEIGHT="28" WC="0.92" CONTENT="munalläkare;"/><SP WIDTH="9" VPOS="1262" HPOS="253"/>
							<String ID="string_357" HPOS="262" VPOS="1270" WIDTH="52" HEIGHT="14" WC="0.95" CONTENT="men"/><SP WIDTH="16" VPOS="1270" HPOS="314"/>
							<String ID="string_358" HPOS="330" VPOS="1264" WIDTH="24" HEIGHT="20" WC="0.72" CONTENT="sä"/><SP WIDTH="8" VPOS="1264" HPOS="354"/>
							<String ID="string_359" HPOS="362" VPOS="1263" WIDTH="68" HEIGHT="28" WC="0.72" CONTENT="länge"/><SP WIDTH="16" VPOS="1263" HPOS="430"/>
							<String ID="string_360" HPOS="446" VPOS="1262" WIDTH="66" HEIGHT="22" WC="0.93" CONTENT="detta"/><SP WIDTH="15" VPOS="1262" HPOS="512"/>
							<String ID="string_361" HPOS="527" VPOS="1263" WIDTH="50" HEIGHT="21" WC="0.96" CONTENT="icke"/><SP WIDTH="16" VPOS="1263" HPOS="577"/>
							<String ID="string_362" HPOS="593" VPOS="1263" WIDTH="62" HEIGHT="21" WC="0.96" CONTENT="skett"/><SP WIDTH="16" VPOS="1263" HPOS="655"/>
							<String ID="string_363" HPOS="671" VPOS="1262" WIDTH="43" HEIGHT="22" WC="0.96" CONTENT="och"/><SP WIDTH="15" VPOS="1262" HPOS="714"/>
							<String ID="string_364" HPOS="729" VPOS="1270" WIDTH="35" HEIGHT="14" WC="0.96" CONTENT="om"/><SP WIDTH="14" VPOS="1270" HPOS="764"/>
							<String ID="string_365" HPOS="778" VPOS="1263" WIDTH="30" HEIGHT="27" WC="0.93" CONTENT="pä"/><SP WIDTH="11" VPOS="1263" HPOS="808"/>
							<String ID="string_366" HPOS="819" VPOS="1261" WIDTH="95" HEIGHT="28" WC="0.96" CONTENT="somliga"/>
						</TextLine>
						<TextLine ID="line_39" HPOS="90" VPOS="1291" WIDTH="823" HEIGHT="30">
							<String ID="string_367" HPOS="90" VPOS="1294" WIDTH="60" HEIGHT="19" WC="0.96" CONTENT="orter"/><SP WIDTH="20" VPOS="1294" HPOS="150"/>
							<String ID="string_368" HPOS="170" VPOS="1292" WIDTH="165" HEIGHT="28" WC="0.93" CONTENT="befolkningen"/><SP WIDTH="20" VPOS="1292" HPOS="335"/>
							<String ID="string_369" HPOS="355" VPOS="1293" WIDTH="100" HEIGHT="28" WC="0.95" CONTENT="uppnått"/><SP WIDTH="21" VPOS="1293" HPOS="455"/>
							<String ID="string_370" HPOS="476" VPOS="1292" WIDTH="46" HEIGHT="22" WC="0.93" CONTENT="den"/><SP WIDTH="19" VPOS="1292" HPOS="522"/>
							<String ID="string_371" HPOS="541" VPOS="1292" WIDTH="181" HEIGHT="29" WC="0.81" CONTENT="bildningsgrad,"/><SP WIDTH="23" VPOS="1292" HPOS="722"/>
							<String ID="string_372" HPOS="745" VPOS="1294" WIDTH="33" HEIGHT="20" WC="0.96" CONTENT="att"/><SP WIDTH="21" VPOS="1294" HPOS="778"/>
							<String ID="string_373" HPOS="799" VPOS="1291" WIDTH="44" HEIGHT="21" WC="0.93" CONTENT="den"/><SP WIDTH="20" VPOS="1291" HPOS="843"/>
							<String ID="string_374" HPOS="863" VPOS="1291" WIDTH="50" HEIGHT="21" WC="0.96" CONTENT="icke"/>
						</TextLine>
						<TextLine ID="line_40" HPOS="90" VPOS="1320" WIDTH="827" HEIGHT="30">
							<String ID="string_375" HPOS="90" VPOS="1329" WIDTH="47" HEIGHT="14" WC="0.93" CONTENT="mer"/><SP WIDTH="15" VPOS="1329" HPOS="137"/>
							<String ID="string_376" HPOS="152" VPOS="1322" WIDTH="69" HEIGHT="28" WC="0.92" CONTENT="hyser"/><SP WIDTH="14" VPOS="1322" HPOS="221"/>
							<String ID="string_377" HPOS="235" VPOS="1322" WIDTH="129" HEIGHT="21" WC="0.90" CONTENT="förtroende"/><SP WIDTH="15" VPOS="1322" HPOS="364"/>
							<String ID="string_378" HPOS="379" VPOS="1322" WIDTH="37" HEIGHT="21" WC="0.93" CONTENT="till"/><SP WIDTH="16" VPOS="1322" HPOS="416"/>
							<String ID="string_379" HPOS="432" VPOS="1322" WIDTH="181" HEIGHT="28" WC="0.92" CONTENT="gvacksalfvare,"/><SP WIDTH="10" VPOS="1322" HPOS="613"/>
							<String ID="string_380" HPOS="623" VPOS="1324" WIDTH="58" HEIGHT="19" WC="0.96" CONTENT="utan"/><SP WIDTH="10" VPOS="1324" HPOS="681"/>
							<String ID="string_381" HPOS="691" VPOS="1322" WIDTH="42" HEIGHT="21" WC="0.93" CONTENT="vill"/><SP WIDTH="10" VPOS="1322" HPOS="733"/>
							<String ID="string_382" HPOS="743" VPOS="1320" WIDTH="91" HEIGHT="30" WC="0.92" CONTENT="betjena"/><SP WIDTH="10" VPOS="1320" HPOS="834"/>
							<String ID="string_383" HPOS="844" VPOS="1320" WIDTH="36" HEIGHT="29" WC="0.96" CONTENT="sig"/><SP WIDTH="11" VPOS="1320" HPOS="880"/>
							<String ID="string_384" HPOS="891" VPOS="1320" WIDTH="26" HEIGHT="22" WC="0.96" CONTENT="af"/>
						</TextLine>
						<TextLine ID="line_41" HPOS="90" VPOS="1350" WIDTH="825" HEIGHT="31">
							<String ID="string_385" HPOS="90" VPOS="1352" WIDTH="145" HEIGHT="21" WC="0.87" CONTENT="examinerad"/><SP WIDTH="15" VPOS="1352" HPOS="235"/>
							<String ID="string_386" HPOS="250" VPOS="1352" WIDTH="81" HEIGHT="27" WC="0.96" CONTENT="läkare,"/><SP WIDTH="16" VPOS="1352" HPOS="331"/>
							<String ID="string_387" HPOS="347" VPOS="1352" WIDTH="25" HEIGHT="21" WC="0.93" CONTENT="sä"/><SP WIDTH="15" VPOS="1352" HPOS="372"/>
							<String ID="string_388" HPOS="387" VPOS="1359" WIDTH="68" HEIGHT="21" WC="0.96" CONTENT="synes"/><SP WIDTH="17" VPOS="1359" HPOS="455"/>
							<String ID="string_389" HPOS="472" VPOS="1352" WIDTH="40" HEIGHT="22" WC="0.96" CONTENT="det"/><SP WIDTH="15" VPOS="1352" HPOS="512"/>
							<String ID="string_390" HPOS="527" VPOS="1352" WIDTH="48" HEIGHT="29" WC="0.96" CONTENT="mig"/><SP WIDTH="16" VPOS="1352" HPOS="575"/>
							<String ID="string_391" HPOS="591" VPOS="1359" WIDTH="48" HEIGHT="14" WC="0.96" CONTENT="som"/><SP WIDTH="16" VPOS="1359" HPOS="639"/>
							<String ID="string_392" HPOS="655" VPOS="1352" WIDTH="73" HEIGHT="21" WC="0.96" CONTENT="skulle"/><SP WIDTH="15" VPOS="1352" HPOS="728"/>
							<String ID="string_393" HPOS="743" VPOS="1351" WIDTH="73" HEIGHT="22" WC="0.93" CONTENT="under"/><SP WIDTH="14" VPOS="1351" HPOS="816"/>
							<String ID="string_394" HPOS="830" VPOS="1350" WIDTH="85" HEIGHT="22" WC="0.96" CONTENT="sådana"/>
						</TextLine>
						<TextLine ID="line_42" HPOS="89" VPOS="1380" WIDTH="824" HEIGHT="30">
							<String ID="string_395" HPOS="89" VPOS="1381" WIDTH="158" HEIGHT="22" WC="0.95" CONTENT="förhållanden"/><SP WIDTH="20" VPOS="1381" HPOS="247"/>
							<String ID="string_396" HPOS="267" VPOS="1389" WIDTH="28" HEIGHT="14" WC="0.93" CONTENT="en"/><SP WIDTH="20" VPOS="1389" HPOS="295"/>
							<String ID="string_397" HPOS="315" VPOS="1382" WIDTH="103" HEIGHT="28" WC="0.96" CONTENT="petition,"/><SP WIDTH="17" VPOS="1382" HPOS="418"/>
							<String ID="string_398" HPOS="435" VPOS="1389" WIDTH="49" HEIGHT="14" WC="0.93" CONTENT="som"/><SP WIDTH="17" VPOS="1389" HPOS="484"/>
							<String ID="string_399" HPOS="501" VPOS="1382" WIDTH="88" HEIGHT="28" WC="0.93" CONTENT="åsyftar"/><SP WIDTH="14" VPOS="1382" HPOS="589"/>
							<String ID="string_400" HPOS="603" VPOS="1380" WIDTH="223" HEIGHT="23" WC="0.86" CONTENT="tillfredsställandet"/><SP WIDTH="16" VPOS="1380" HPOS="826"/>
							<String ID="string_401" HPOS="842" VPOS="1380" WIDTH="26" HEIGHT="21" WC="0.93" CONTENT="af"/><SP WIDTH="13" VPOS="1380" HPOS="868"/>
							<String ID="string_402" HPOS="881" VPOS="1380" WIDTH="32" HEIGHT="21" WC="0.93" CONTENT="äf-"/>
						</TextLine>
						<TextLine ID="line_43" HPOS="89" VPOS="1410" WIDTH="824" HEIGHT="30">
							<String ID="string_403" HPOS="89" VPOS="1418" WIDTH="45" HEIGHT="14" WC="0.96" CONTENT="ven"/><SP WIDTH="22" VPOS="1418" HPOS="134"/>
							<String ID="string_404" HPOS="156" VPOS="1419" WIDTH="29" HEIGHT="13" WC="0.93" CONTENT="en"/><SP WIDTH="23" VPOS="1419" HPOS="185"/>
							<String ID="string_405" HPOS="208" VPOS="1411" WIDTH="89" HEIGHT="21" WC="0.92" CONTENT="enskild"/><SP WIDTH="20" VPOS="1411" HPOS="297"/>
							<String ID="string_406" HPOS="317" VPOS="1412" WIDTH="113" HEIGHT="21" WC="0.92" CONTENT="landsorts"/><SP WIDTH="21" VPOS="1412" HPOS="430"/>
							<String ID="string_407" HPOS="451" VPOS="1412" WIDTH="77" HEIGHT="27" WC="0.91" CONTENT="behof,"/><SP WIDTH="21" VPOS="1412" HPOS="528"/>
							<String ID="string_408" HPOS="549" VPOS="1419" WIDTH="55" HEIGHT="14" WC="0.93" CONTENT="vara"/><SP WIDTH="18" VPOS="1419" HPOS="604"/>
							<String ID="string_409" HPOS="622" VPOS="1411" WIDTH="138" HEIGHT="29" WC="0.88" CONTENT="berättigad;"/><SP WIDTH="21" VPOS="1411" HPOS="760"/>
							<String ID="string_410" HPOS="781" VPOS="1410" WIDTH="43" HEIGHT="22" WC="0.96" CONTENT="och"/><SP WIDTH="16" VPOS="1410" HPOS="824"/>
							<String ID="string_411" HPOS="840" VPOS="1410" WIDTH="73" HEIGHT="21" WC="0.96" CONTENT="skulle"/>
						</TextLine>
						<TextLine ID="line_44" HPOS="86" VPOS="1439" WIDTH="827" HEIGHT="30">
							<String ID="string_412" HPOS="86" VPOS="1440" WIDTH="42" HEIGHT="29" WC="0.96" CONTENT="jag"/><SP WIDTH="20" VPOS="1440" HPOS="128"/>
							<String ID="string_413" HPOS="148" VPOS="1442" WIDTH="30" HEIGHT="27" WC="0.96" CONTENT="pä"/><SP WIDTH="21" VPOS="1442" HPOS="178"/>
							<String ID="string_414" HPOS="199" VPOS="1441" WIDTH="74" HEIGHT="21" WC="0.96" CONTENT="denna"/><SP WIDTH="20" VPOS="1441" HPOS="273"/>
							<String ID="string_415" HPOS="293" VPOS="1441" WIDTH="75" HEIGHT="28" WC="0.96" CONTENT="grund"/><SP WIDTH="15" VPOS="1441" HPOS="368"/>
							<String ID="string_416" HPOS="383" VPOS="1441" WIDTH="58" HEIGHT="28" WC="0.93" CONTENT="vilja"/><SP WIDTH="15" VPOS="1441" HPOS="441"/>
							<String ID="string_417" HPOS="456" VPOS="1442" WIDTH="142" HEIGHT="21" WC="0.92" CONTENT="understöda"/><SP WIDTH="15" VPOS="1442" HPOS="598"/>
							<String ID="string_418" HPOS="613" VPOS="1443" WIDTH="93" HEIGHT="26" WC="0.92" CONTENT="prosten"/><SP WIDTH="16" VPOS="1443" HPOS="706"/>
							<String ID="string_419" HPOS="722" VPOS="1440" WIDTH="119" HEIGHT="22" WC="0.92" CONTENT="Törnudds"/><SP WIDTH="15" VPOS="1440" HPOS="841"/>
							<String ID="string_420" HPOS="856" VPOS="1439" WIDTH="57" HEIGHT="28" WC="0.92" CONTENT="peti-"/>
						</TextLine>
						<TextLine ID="line_45" HPOS="88" VPOS="1469" WIDTH="825" HEIGHT="30">
							<String ID="string_421" HPOS="88" VPOS="1470" WIDTH="55" HEIGHT="27" WC="0.93" CONTENT="tion,"/><SP WIDTH="19" VPOS="1470" HPOS="143"/>
							<String ID="string_422" HPOS="162" VPOS="1471" WIDTH="94" HEIGHT="21" WC="0.91" CONTENT="emedan"/><SP WIDTH="15" VPOS="1471" HPOS="256"/>
							<String ID="string_423" HPOS="271" VPOS="1470" WIDTH="44" HEIGHT="21" WC="0.96" CONTENT="den"/><SP WIDTH="16" VPOS="1470" HPOS="315"/>
							<String ID="string_424" HPOS="331" VPOS="1473" WIDTH="24" HEIGHT="19" WC="0.93" CONTENT="är"/><SP WIDTH="15" VPOS="1473" HPOS="355"/>
							<String ID="string_425" HPOS="370" VPOS="1471" WIDTH="96" HEIGHT="27" WC="0.90" CONTENT="uttryck"/><SP WIDTH="17" VPOS="1471" HPOS="466"/>
							<String ID="string_426" HPOS="483" VPOS="1471" WIDTH="36" HEIGHT="22" WC="0.96" CONTENT="för"/><SP WIDTH="16" VPOS="1471" HPOS="519"/>
							<String ID="string_427" HPOS="535" VPOS="1473" WIDTH="34" HEIGHT="20" WC="0.93" CONTENT="ett"/><SP WIDTH="15" VPOS="1473" HPOS="569"/>
							<String ID="string_428" HPOS="584" VPOS="1470" WIDTH="74" HEIGHT="27" WC="0.92" CONTENT="behof,"/><SP WIDTH="17" VPOS="1470" HPOS="658"/>
							<String ID="string_429" HPOS="675" VPOS="1478" WIDTH="47" HEIGHT="14" WC="0.96" CONTENT="som"/><SP WIDTH="15" VPOS="1478" HPOS="722"/>
							<String ID="string_430" HPOS="737" VPOS="1471" WIDTH="30" HEIGHT="28" WC="0.96" CONTENT="pä"/><SP WIDTH="15" VPOS="1471" HPOS="767"/>
							<String ID="string_431" HPOS="782" VPOS="1470" WIDTH="57" HEIGHT="21" WC="0.96" CONTENT="hans"/><SP WIDTH="15" VPOS="1470" HPOS="839"/>
							<String ID="string_432" HPOS="854" VPOS="1470" WIDTH="36" HEIGHT="19" WC="0.93" CONTENT="ort"/><SP WIDTH="15" VPOS="1470" HPOS="890"/>
							<String ID="string_433" HPOS="905" VPOS="1469" WIDTH="8" HEIGHT="20" WC="0.89" CONTENT="i"/>
						</TextLine>
						<TextLine ID="line_46" HPOS="88" VPOS="1499" WIDTH="402" HEIGHT="29">
							<String ID="string_434" HPOS="88" VPOS="1499" WIDTH="71" HEIGHT="29" WC="0.90" CONTENT="högre"/><SP WIDTH="15" VPOS="1499" HPOS="159"/>
							<String ID="string_435" HPOS="174" VPOS="1500" WIDTH="57" HEIGHT="28" WC="0.96" CONTENT="grad"/><SP WIDTH="16" VPOS="1500" HPOS="231"/>
							<String ID="string_436" HPOS="247" VPOS="1500" WIDTH="62" HEIGHT="28" WC="0.96" CONTENT="gjort"/><SP WIDTH="15" VPOS="1500" HPOS="309"/>
							<String ID="string_437" HPOS="324" VPOS="1500" WIDTH="36" HEIGHT="28" WC="0.96" CONTENT="sig"/><SP WIDTH="15" VPOS="1500" HPOS="360"/>
							<String ID="string_438" HPOS="375" VPOS="1500" WIDTH="115" HEIGHT="28" WC="0.96" CONTENT="gällande."/>
						</TextLine>
					</TextBlock>
					<TextBlock ID="block_3" HPOS="86" VPOS="1527" WIDTH="828" HEIGHT="61">
						<TextLine ID="line_47" HPOS="163" VPOS="1527" WIDTH="751" HEIGHT="31">
							<String ID="string_439" HPOS="163" VPOS="1530" WIDTH="106" HEIGHT="21" WC="0.91" CONTENT="Provasti"/><SP WIDTH="14" VPOS="1530" HPOS="269"/>
							<String ID="string_440" HPOS="283" VPOS="1529" WIDTH="115" HEIGHT="28" WC="0.93" CONTENT="Sahlberg:"/><SP WIDTH="15" VPOS="1529" HPOS="398"/>
							<String ID="string_441" HPOS="413" VPOS="1530" WIDTH="48" HEIGHT="28" WC="0.96" CONTENT="Jag"/><SP WIDTH="15" VPOS="1530" HPOS="461"/>
							<String ID="string_442" HPOS="476" VPOS="1530" WIDTH="44" HEIGHT="22" WC="0.93" CONTENT="har"/><SP WIDTH="15" VPOS="1530" HPOS="520"/>
							<String ID="string_443" HPOS="535" VPOS="1530" WIDTH="82" HEIGHT="28" WC="0.91" CONTENT="begärt"/><SP WIDTH="14" VPOS="1530" HPOS="617"/>
							<String ID="string_444" HPOS="631" VPOS="1530" WIDTH="65" HEIGHT="21" WC="0.92" CONTENT="ordet"/><SP WIDTH="15" VPOS="1530" HPOS="696"/>
							<String ID="string_445" HPOS="711" VPOS="1529" WIDTH="35" HEIGHT="22" WC="0.96" CONTENT="för"/><SP WIDTH="14" VPOS="1529" HPOS="746"/>
							<String ID="string_446" HPOS="760" VPOS="1530" WIDTH="35" HEIGHT="20" WC="0.96" CONTENT="att"/><SP WIDTH="10" VPOS="1530" HPOS="795"/>
							<String ID="string_447" HPOS="805" VPOS="1527" WIDTH="52" HEIGHT="22" WC="0.96" CONTENT="med"/><SP WIDTH="10" VPOS="1527" HPOS="857"/>
							<String ID="string_448" HPOS="867" VPOS="1528" WIDTH="47" HEIGHT="21" WC="0.97" CONTENT="min"/>
						</TextLine>
						<TextLine ID="line_48" HPOS="86" VPOS="1557" WIDTH="827" HEIGHT="31">
							<String ID="string_449" HPOS="86" VPOS="1558" WIDTH="67" HEIGHT="28" WC="0.92" CONTENT="ringa"/><SP WIDTH="20" VPOS="1558" HPOS="153"/>
							<String ID="string_450" HPOS="173" VPOS="1562" WIDTH="47" HEIGHT="18" WC="0.90" CONTENT="röst"/><SP WIDTH="21" VPOS="1562" HPOS="220"/>
							<String ID="string_451" HPOS="241" VPOS="1559" WIDTH="67" HEIGHT="22" WC="0.91" CONTENT="ocksä"/><SP WIDTH="19" VPOS="1559" HPOS="308"/>
							<String ID="string_452" HPOS="327" VPOS="1559" WIDTH="140" HEIGHT="22" WC="0.92" CONTENT="understöda"/><SP WIDTH="22" VPOS="1559" HPOS="467"/>
							<String ID="string_453" HPOS="489" VPOS="1560" WIDTH="45" HEIGHT="22" WC="0.96" CONTENT="den"/><SP WIDTH="21" VPOS="1560" HPOS="534"/>
							<String ID="string_454" HPOS="555" VPOS="1560" WIDTH="26" HEIGHT="21" WC="0.93" CONTENT="af"/><SP WIDTH="20" VPOS="1560" HPOS="581"/>
							<String ID="string_455" HPOS="601" VPOS="1562" WIDTH="91" HEIGHT="26" WC="0.92" CONTENT="prosten"/><SP WIDTH="17" VPOS="1562" HPOS="692"/>
							<String ID="string_456" HPOS="709" VPOS="1557" WIDTH="108" HEIGHT="23" WC="0.93" CONTENT="Törnudd"/><SP WIDTH="15" VPOS="1557" HPOS="817"/>
							<String ID="string_457" HPOS="832" VPOS="1557" WIDTH="81" HEIGHT="29" WC="0.92" CONTENT="gjorda"/>
						</TextLine>
					</TextBlock>
					<TextBlock ID="block_4" HPOS="822" VPOS="1593" WIDTH="22" HEIGHT="17">
						<TextLine ID="line_49" HPOS="822" VPOS="1593" WIDTH="22" HEIGHT="17">
							<String ID="string_458" HPOS="822" VPOS="1593" WIDTH="22" HEIGHT="17" WC="0.38" CONTENT="Tx"/>
						</TextLine>
					</TextBlock>
				</ComposedBlock>
			</PrintSpace>
		</Page>
	</Layout>
</alto>
