1075 1756
223 88 36 20 398
474 92 76 22 Pappiss.
564 83 20 38 21
596 88 14 26 p.
622 92 76 18 Maalisk.
710 87 49 23 1885.

187 149 75 28 tanke,
285 150 55 22 böra
363 150 58 29 yrka
443 152 31 28 pä
497 153 35 20 att
554 151 76 22 denna
644 158 84 22 person
743 150 74 22 skulle
833 149 74 30 släpas
922 149 37 23 hit
973 150 36 22 för

188 181 36 20 att
237 180 36 21 stä
287 180 37 21 till
339 187 70 15 svars.
439 181 47 29 Jag
500 181 42 21 har
555 180 28 30 ju
598 182 8 20 i
621 181 44 21 full
680 182 96 20 motsats
791 180 69 28 yrkat
875 180 30 28 pä
920 182 35 20 att
965 179 45 23 den

187 209 107 29 skyldige
309 210 71 22 måtte
395 210 24 22 få
434 212 37 20 stä
484 210 39 22 till
538 218 64 14 svars
616 212 31 28 pä
663 210 44 22 den
723 212 36 20 ort
775 209 40 22 der
830 209 47 22 han
892 212 31 26 är,
939 210 25 21 sä
974 210 35 21 att

187 238 23 22 vi
224 238 28 30 ju
266 239 9 21 i
291 239 44 22 den
350 240 70 22 saken
434 243 39 19 äro
488 240 144 29 fullkomligt
644 248 58 14 ense.
729 239 121 29 Exemplet
860 238 81 23 endast
951 241 60 27 styr-

188 268 41 22 ker
252 268 44 23 den
318 270 27 21 af
365 270 48 29 mig
435 270 103 22 uttalade
558 270 96 29 äsigten.
685 269 64 30 Eljes
772 269 43 22 har
829 271 93 27 prosten
936 269 75 22 Nord-

188 300 70 20 ström
281 298 42 22 och
346 299 96 29 kyrkoh
461 300 68 22 Valle
548 300 150 29 fullständigt
713 299 120 29 vederlagt
849 298 28 22 de
891 299 56 28 skäl,
963 306 48 14 som

186 328 39 21 till
246 328 89 22 förmån
358 329 36 22 för
417 330 257 22 utskottsbetänkandet
696 329 81 23 blifvit
800 328 96 23 anförda
918 328 94 22 särskilt

187 358 27 21 af
231 357 137 30 fältprosten
391 360 125 21 Petterson.
546 359 50 29 Att,
612 360 74 21 säsom
700 359 115 29 professor
830 360 108 20 Forsman
953 360 58 27 sagt,

186 387 52 22 icke
252 387 44 23 här
309 389 76 29 nägon
400 388 149 30 villrädighet
564 389 74 22 skulle
648 396 56 15 vara
714 388 106 28 rädande,
830 390 57 20 utan
897 390 34 20 att
940 388 71 22 redan

188 424 28 15 en
229 417 97 29 judiciel
340 419 77 28 praxis
434 418 73 23 skulle
523 426 53 15 vara
591 418 104 30 stadgad,
710 420 116 27 motsäges
842 418 27 22 af
881 418 70 28 fakta,
962 424 49 15 som

187 447 27 21 af
226 447 97 29 kyrkoh.
346 448 66 22 Valle
430 448 79 22 blifvit
524 448 102 28 anförda,
642 448 43 22 och
700 456 49 14 som
765 447 71 23 hafva
850 447 37 22 till
902 447 59 22 följd
976 449 36 20 att

187 484 29 14 en
234 477 101 22 stackars
357 478 157 29 värnepligtig
529 478 59 22 skall
602 486 50 14 resa
668 478 52 22 frän
735 478 127 28 Uguniemi
876 477 37 22 till
946 476 65 23 Sorda-

186 506 54 22 vala
263 506 43 22 och
329 508 25 21 sä
368 508 96 22 tillbaka
478 508 36 22 till
529 508 126 29 Uguniemi
670 508 55 30 igen
741 508 42 21 och
798 507 109 29 slutligen
922 506 89 29 hamna,

186 543 54 15 man
263 539 39 19 vet
324 537 51 22 icke
390 538 57 22 hvar
462 537 35 23 för
512 540 34 20 att
562 538 84 22 dömas.
676 539 45 21 Att
736 545 28 14 en
779 536 150 30 villrädighet
943 544 66 21 gvar-

186 566 53 28 stär,
255 566 118 29 bestyrkes
389 568 57 21 allra
460 568 51 22 bäst
527 568 25 22 af
566 570 34 20 att
616 568 44 22 den
675 568 52 21 näd.
742 567 171 29 propositionen
928 568 83 28 uppta-

186 603 41 21 ger
239 596 51 29 just
304 597 202 29 tvehägsamheten
521 597 42 22 hos
579 598 121 21 domarene
716 597 83 29 själfve
809 598 75 20 säsom
895 596 58 22 enda
963 603 46 15 mo-

185 626 36 21 tiv
236 626 38 22 till
290 626 38 22 det
342 626 130 30 föreslagna
486 627 235 29 tilläggsstadgandet
735 627 9 21 i
761 628 42 21 113
819 628 20 26 $.
869 626 55 22 Man
938 627 72 21 mätte

184 655 27 29 ju
227 655 59 22 dock
304 656 134 30 obetingadt
453 657 78 21 kunna
544 657 44 22 lita
603 658 31 28 pä
649 657 45 22 den
708 656 57 30 kejs.
780 656 171 30 propositionen
961 656 48 22 och

185 686 31 28 pä
230 685 143 29 riktigheten
387 687 27 21 af
426 686 62 22 hvad
503 686 43 22 den
562 686 74 28 anför;
653 687 53 21 med
721 688 35 20 ett
771 686 50 22 ord:
835 686 39 22 det
884 693 67 21 synes
961 687 49 27 mig

185 722 56 14 vara
264 715 61 22 blott
347 716 78 22 alltför
447 717 128 29 uppenbart
590 718 36 20 att
640 717 51 22 icke
707 718 34 20 ett
757 716 59 22 enda
831 715 26 22 af
871 715 27 22 de
913 715 26 22 få
953 716 56 28 skäl,

185 752 48 14 som
255 745 80 23 blifvit
357 746 97 22 anförda
476 746 36 22 för
533 746 127 22 utskottets
682 746 153 27 betänkande,
858 749 25 17 är
902 745 107 27 hållbart,

185 774 119 22 hvaremot
327 776 25 21 så
373 776 94 28 mycket
486 776 53 22 flere
556 776 42 22 och
613 784 63 14 mera
690 776 106 29 vägande
812 775 49 22 skäl
876 774 74 23 finnas
966 775 43 22 och

184 804 69 22 äfven
276 804 78 23 blifvit
377 806 96 21 anförda
495 806 36 22 för
550 806 39 21 det
604 806 131 29 föreslagna
751 804 234 30 tilläggsstadgandet
1000 805 9 21 i

185 835 14 26 $
216 835 42 21 113
274 834 27 22 af
319 834 43 22 den
382 836 51 21 nåd.
448 836 175 28 propositionen,
639 836 90 22 hvilket
742 834 42 30 jag
799 836 26 20 så
839 834 92 29 mycket
946 842 63 14 mera

185 866 25 18 är
225 863 113 23 förvissad
361 872 36 14 om
418 868 33 19 att
467 865 89 22 ståndet
572 866 102 21 ansluter
690 865 37 29 sig
741 864 44 27 till,
800 872 49 14 som
865 864 37 22 det
915 864 27 29 ju
957 864 51 22 icke

184 893 61 22 blott
260 896 26 19 är
301 894 118 22 domarens
434 896 56 21 utan
500 895 68 22 äfven
578 895 160 29 lagstiftarens
749 894 134 29 skyldighet
893 895 34 21 att
937 894 72 22 hellre

184 923 46 22 fria
245 926 30 18 än
290 923 61 29 fälla,
367 924 72 22 hellre
453 925 58 21 lätta
526 932 28 14 en
569 925 71 21 redan
654 927 60 27 tung
728 924 73 22 börda
816 926 29 19 än
861 926 34 19 att
905 923 104 29 onödigt-

184 952 36 22 vis
236 953 45 21 öka
296 953 137 23 densamma.

256 983 80 29 Piispa
363 983 135 23 Johansson:
535 984 58 22 Mitä
616 984 74 22 siihen
714 983 205 29 epätietoisuuteen
941 983 68 28 tulee,

182 1012 55 28 joka
260 1020 30 14 on
312 1013 116 22 vallinnut
447 1014 185 28 lainoppineiden
652 1014 93 27 kesken,
764 1013 50 21 niin
830 1012 129 22 semmoista
974 1020 36 20 on,

184 1042 108 22 niinkuin
315 1045 98 26 sanottu,
437 1043 62 28 ollut,
521 1046 74 19 mutta
610 1051 111 14 maamme
737 1042 180 22 korkeimmassa
931 1042 78 22 oikeu-

184 1071 66 22 dessa
273 1079 29 14 on
322 1072 26 29 jo
371 1080 24 13 se
417 1075 79 26 päätös
519 1073 114 26 olemassa,
654 1075 48 19 että
720 1072 62 22 rikos
797 1074 61 19 tässä
873 1072 90 21 kohden
979 1079 30 14 on

183 1101 131 22 katsottava
336 1101 110 29 tehdyksi
465 1102 221 29 kutsuntapaikassa,
700 1102 27 29 ja
743 1104 77 19 tämän
835 1101 64 21 asian
914 1101 94 21 käsitte-

182 1131 101 21 leminen
305 1131 72 22 näillä
399 1132 165 29 valtiopäivillä
587 1134 68 20 antaa
676 1132 67 29 kyllä
765 1131 150 21 lakimiehille
930 1130 78 22 tiedon

182 1160 58 28 siitä,
257 1161 63 21 mikä
335 1161 104 29 säätyjen
454 1161 87 29 käsitys
554 1161 26 29 ja
594 1162 64 21 tahto
674 1164 61 19 tässä
751 1161 84 21 asiassa
845 1167 34 15 on.
910 1160 98 29 Epäilen

183 1190 79 28 hyvin,
284 1190 60 22 onko
365 1198 29 20 se,
407 1191 56 28 joka
478 1199 56 14 asuu
549 1191 118 29 Venäjällä
682 1189 227 31 passitodistuksella,
925 1190 83 28 tehnyt

181 1219 136 22 rikoksensa
332 1220 59 22 siinä
406 1221 105 28 paikassa
526 1221 124 28 Suomessa,
666 1221 69 21 missä
751 1220 45 21 hän
813 1227 30 14 on
853 1219 99 26 hengille
962 1219 45 22 kir-

180 1249 102 29 joitettu;
306 1249 53 22 sillä
381 1258 24 13 se
429 1258 29 14 on
479 1253 95 26 peruste,
598 1252 48 20 että
660 1250 64 22 rikos
741 1257 29 14 on
786 1249 65 22 siellä
866 1249 142 28 tuomittava,

181 1279 70 22 missä
267 1287 23 14 se
306 1287 29 14 on
351 1279 72 23 tehty.

252 1309 180 22 Julistettuansa
446 1310 148 21 keskustelun
608 1309 153 29 loppuneeksi
776 1308 67 22 asetti
856 1308 67 22 herra
933 1308 74 21 Puhe-

180 1339 56 21 mies
252 1339 89 28 säädyn
356 1339 166 22 vastattavaksi
536 1347 127 14 seuraavan
678 1338 235 29 äänestysesityksen:

252 1368 50 21 Vill
324 1369 92 22 ständet
434 1369 9 21 i
457 1369 149 22 förevarande
621 1369 41 21 fall
678 1368 98 23 omfatta
790 1367 123 22 utskottets
928 1367 78 22 betän-

179 1397 76 22 kande
270 1397 53 22 med
338 1399 55 21 eller
401 1401 56 19 utan
467 1399 87 28 tillägg,
565 1399 54 22 eller
630 1399 66 22 icke?
720 1397 52 22 Den
783 1397 38 22 det
831 1397 42 22 vill
885 1404 77 15 svarar
968 1397 39 27 ja;

250 1428 84 21 vinner
348 1428 43 28 nej,
406 1428 42 22 har
463 1429 89 21 ständet
567 1429 36 21 uti
618 1427 177 30 ifrägavarande
811 1427 42 21 fall
864 1427 95 21 anslutit
969 1427 38 28 sig

179 1457 36 21 till
230 1457 87 29 nädiga
332 1458 175 29 propositionen.

250 1486 245 29 Äänestysesitykseen
515 1487 119 22 vastattiin
649 1487 27 22 16
686 1487 55 28 jaa-
755 1486 26 29 ja
797 1487 29 21 15
841 1485 124 28 eiäänellä;
978 1485 26 29 ja

178 1515 30 22 oli
232 1518 66 27 sääty
321 1517 39 21 siis
384 1517 216 29 puheena-olevassa
615 1517 115 22 kohdassa
745 1517 122 28 päättänyt
882 1515 122 29 hyväksyä
