1075 1753
341 93 76 22 Pappiss.
429 93 12 18 2
453 97 16 17 p.
481 93 68 18 Helmik.
560 92 49 18 1886.
824 92 23 19 93

58 151 77 28 hålles,
155 151 163 28 normallyceet
337 150 74 29 enligt
431 151 36 22 sin
486 151 39 22 idé
540 153 26 19 är
580 150 52 22 icke
646 150 61 23 blott
723 158 29 14 en
766 150 117 23 undervis-

58 181 155 28 ningsanstalt
226 181 10 21 i
250 180 81 29 vanlig
346 180 100 29 mening,
462 183 57 20 utan
533 180 79 22 tillika
626 187 30 15 en
671 180 92 28 anstalt,
774 180 40 22 der
823 187 61 22 unga

59 217 111 23 personer,
190 210 80 22 hvilka
290 210 58 29 vilja
367 217 60 22 egna
447 211 36 28 sig
503 211 25 21 ät
543 209 151 29 lärarekallet,
710 210 63 22 äro
760 205 14 39 i
793 209 91 23 tillfälle

61 242 35 21 att
113 240 116 29 praktiskt
248 240 90 21 utbilda
356 240 37 29 sig
411 240 37 21 för
468 240 135 27 detsamma;
619 240 30 21 dä
664 239 39 22 det
719 240 88 29 äligger
823 240 61 21 desse

62 269 209 23 lärarekandidater
286 271 34 20 att
335 271 106 28 mottaga
455 269 167 30 undervisning
636 269 52 22 itke
703 269 61 22 blott
779 269 27 22 af
813 269 72 22 öfver-

61 300 101 22 lärarene
178 301 56 20 utan
249 299 69 22 äfven
334 299 27 22 af
373 299 131 29 professorn
519 300 9 21 i
543 299 141 30 pedagogik;
700 299 29 22 dä
745 299 39 22 det
799 299 87 29 äligger

60 329 82 22 nämde
156 329 114 29 professor
285 331 35 20 att
333 336 84 21 genom
427 329 168 29 föreläsningar
605 329 44 22 och
658 329 147 22 konferenser
815 329 70 22 hand-

61 359 53 22 leda
133 358 63 22 desse
217 366 61 22 unge
296 361 59 25 män,
373 359 26 21 sä
418 358 76 30 ligger
515 359 39 21 det
573 359 9 21 i
602 358 82 22 sakens
704 360 75 27 natur,
795 361 39 26 att,
850 366 36 14 om

64 389 64 22 dessa
143 388 136 29 ömsesidiga
294 388 86 29 pligter
395 388 65 22 skola
475 389 79 21 kunna
568 388 125 30 uppfyllas,
707 388 73 22 lärare
790 388 43 22 och
843 388 43 22 ele-

63 426 41 14 ver
117 420 72 20 mäste
204 418 91 22 befinna
310 418 36 29 sig
361 419 30 28 pä
406 426 86 14 samma
507 420 42 20 ort.
571 418 47 22 Det
633 421 25 19 är
671 418 28 29 ju
714 418 93 22 alldeles
818 418 68 28 omöj-

65 448 44 30 ligt
126 450 35 20 att
176 448 116 30 pligterna
306 448 80 22 kunna
400 448 125 29 uppfyllas,
540 456 38 14 om
594 448 106 22 eleverna
714 448 123 29 uppehälla
851 448 37 29 sig

67 479 29 22 10
114 478 41 22 mil
175 479 53 21 från
248 478 44 21 den
312 479 42 26 ort,
370 477 40 22 der
425 478 90 22 läraren
530 478 103 22 befinner
648 478 42 29 sig.
721 478 168 29 Normallyceet

64 508 9 22 i
88 508 141 22 Tavastehus
244 507 41 22 har
300 507 78 22 derför
393 508 70 21 ocksä
477 508 93 22 besökts
586 508 27 22 af
626 509 34 20 ett
675 507 55 23 vida
745 508 88 22 mindre
849 514 38 16 an-

64 538 34 22 tal
114 537 245 23 lärarekandidater
331 533 25 37 än
366 538 180 28 normallyceet
537 533 11 37 i
556 537 229 22 universitetsstaden
795 537 42 22 och
847 537 42 22 har

65 568 87 22 säledes
166 568 52 22 icke
232 567 88 22 kunnat
335 567 9 21 i
359 574 87 15 samma
461 568 58 28 grad
529 568 98 28 fungera
637 567 9 21 i
656 567 232 22 öfverensstämmelse

66 597 51 23 med
133 598 35 21 sin
183 597 162 23 bestämmelse.

139 627 38 22 En
191 627 27 22 af
231 626 27 22 de
273 626 138 30 föregäende
426 627 68 22 ärade
509 627 103 22 talarene
626 626 43 22 har
684 629 76 19 ansett
771 629 34 20 att
815 626 74 22 denna

66 657 122 29 olägenhet
202 659 57 20 utan
274 656 117 29 svårighet
406 656 74 22 skulle
495 657 79 21 kunna
584 656 114 29 aflägsnas
708 656 131 30 derigenom
850 657 39 26 att,

66 688 10 20 i
98 687 103 28 enlighet
222 686 52 22 med
292 694 29 14 en
342 686 26 21 af
383 686 85 22 honom
488 686 87 22 citerad
595 686 145 29 författning,
761 694 29 14 en
809 692 81 23 person

68 717 74 21 skulle
156 717 119 28 öfvertaga
290 715 28 22 de
334 715 165 30 skyldigheter,
514 723 49 15 som
578 723 32 14 nu
626 716 78 29 äligga
713 715 177 30 pedagogiepro-

68 746 92 22 fessorn.
190 746 54 21 Men
261 745 43 29 jag
318 746 41 21 ber
374 747 35 20 att
422 745 50 29 just
487 746 25 21 fä
527 745 61 22 fästa
602 723 103 44 ständets
720 745 170 30 uppmärksam-

68 776 41 22 het
123 777 31 28 pä
168 775 159 29 ordalydelsen
342 775 27 22 af
381 775 76 22 denna
472 775 147 29 författning,
634 775 72 22 sädan
721 775 45 22 den
781 775 26 22 af
815 777 77 27 pastor

68 805 66 22 Böök
152 805 122 30 upplästes.
304 805 48 22 Der
373 809 72 25 säges,
467 807 34 20 att
515 805 38 22 till
568 805 126 22 utöfvande
710 805 27 22 af
749 805 8 22 i
773 804 66 30 fråga
853 811 38 15 va

68 835 71 22 rande
159 835 145 22 verksamhet
323 835 60 22 skall
403 837 62 20 utses
484 843 29 14 en
533 835 56 22 fullt
608 835 100 28 skicklig
722 842 87 21 person.
839 834 54 21 Men

70 873 37 14 om
127 865 44 22 den
191 872 87 22 person,
294 872 48 15 som
357 865 60 21 skall
432 865 135 22 handhafva
582 865 137 22 funktionen
735 864 8 21 i
759 863 105 23 afseende
879 865 13 20 å

70 895 236 22 lärarekandidaterno
326 894 41 22 vid
387 895 165 28 normallyceet
570 895 8 21 i
600 894 147 28 Tavastehus,
765 893 59 23 skall
838 900 55 15 vara

70 924 54 22 fullt
144 924 105 29 skicklig,
269 925 25 22 sä
313 925 73 21 mäste
405 924 48 22 han
471 925 38 21 väl
524 925 72 21 hafva
611 924 71 29 aflagt
696 931 86 15 samma
796 923 55 30 prof
863 924 30 28 pä

68 954 144 29 skicklighet,
232 961 48 15 som
301 954 160 22 motsvarande
483 954 135 22 funktionär
639 954 42 21 vid
700 953 163 29 normallyceet
886 952 9 21 i

70 983 152 30 Helsingfors,
242 983 21 22 d.
282 991 21 15 v.
318 991 16 14 s.
350 984 47 22 han
411 984 42 21 bör
468 983 71 23 hafva
555 983 71 30 aflagt
641 983 124 30 professors
780 982 113 30 specimen

70 1013 10 22 i
96 1013 136 29 pedagogik.
262 1013 45 22 Det
323 1017 25 18 är
363 1013 81 22 endast
460 1013 133 22 derigenom
609 1014 46 21 han
670 1013 173 22 dokumenterat
857 1012 37 29 sig

71 1044 73 21 såsom
164 1043 55 22 fullt
238 1043 100 29 skicklig
357 1046 36 19 att
410 1043 83 22 utöfva
543 1043 47 22 kallet.
620 1043 44 22 Om
683 1051 54 13 man
751 1042 86 22 således
852 1041 42 22 vill

72 1080 55 15 vara
146 1074 82 20 rättvis
248 1075 48 19 mot
317 1073 39 21 det
376 1073 75 22 finska
468 1073 165 29 normallyceet
651 1072 42 23 och
708 1074 49 20 mot
772 1072 27 22 de
814 1072 81 21 lärare-

72 1102 141 28 kandidater,
234 1102 80 22 hvilka
334 1103 40 21 der
394 1103 112 21 söka-sin
523 1103 139 29 utbildning,
678 1104 25 20 sä
717 1103 73 21 måste
805 1102 90 28 kompe-

72 1132 154 22 tensvilkoren
246 1132 36 22 för
302 1132 65 22 deras
390 1133 73 21 lärare
485 1140 56 15 vara
564 1132 120 27 desamma,
699 1140 48 14 som
763 1132 36 22 för
813 1132 83 21 lärare-

73 1162 177 22 kandidaternas
270 1162 40 22 vid
330 1162 40 22 det
389 1162 98 22 svenska
502 1162 165 29 normallyceet
682 1162 77 22 lärare.
790 1161 54 22 Men
859 1168 36 14 om

72 1199 53 15 man
146 1199 38 21 nu,
208 1193 73 21 säsom
304 1192 36 29 sig
362 1192 47 28 bör,
432 1192 120 22 fasthäller
572 1192 75 22 denna
667 1192 98 27 fordran,
784 1192 25 21 sä
829 1190 68 29 följer

73 1221 69 22 häraf
158 1221 44 22 den
223 1222 172 28 abnormiteten,
415 1222 21 21 d.
455 1230 21 14 v.
497 1230 16 14 s.
528 1222 70 28 lagen
613 1229 37 15 om
665 1221 177 30 professorernes
857 1220 40 22 vid

74 1251 159 22 universitetet
252 1251 146 22 verksamhet
418 1252 73 21 mäste
513 1253 24 21 sä
556 1252 39 21 till
610 1252 55 22 vida
680 1251 123 28 förändras,
819 1252 35 20 att
869 1257 29 14 en

75 1280 55 22 eller
150 1288 76 15 annan
246 1281 26 22 af
284 1281 169 29 professorerne
468 1282 47 21 kan
530 1282 95 28 äläggas
641 1283 35 20 att
690 1281 90 22 bosätta
795 1280 36 28 sig
846 1280 9 20 i
869 1286 30 14 en

75 1310 170 27 landsortsstad.
276 1312 43 20 Att
338 1311 74 22 behof
425 1311 27 22 af
465 1319 29 13 en
509 1311 111 22 teoretisk
634 1311 106 29 pedagog
755 1308 143 28 förefunnits,

75 1340 39 22 det
133 1340 46 22 kan
194 1340 146 30 ifrägasättas
356 1341 82 21 endast
454 1341 27 21 af
494 1341 58 28 dem,
567 1348 49 15 som
632 1348 53 14 anse
700 1339 110 23 teoretisk
817 1338 82 22 under-

76 1370 110 29 byggnad
206 1370 115 29 obehöflig
341 1370 37 22 för
393 1370 142 30 praktikern.
566 1370 115 22 Behofvet
695 1370 42 22 har
752 1368 89 23 funnits
857 1368 43 22 och

75 1399 79 28 finnes,
174 1407 53 14 men
247 1400 147 29 svårigheten
414 1400 43 21 har
477 1400 61 22 blott
555 1401 63 28 legat
638 1400 49 21 deri
708 1402 34 19 att
759 1400 80 21 kunna
853 1398 47 21 till-

75 1429 129 22 fredsställa
219 1429 113 22 behofvet.
358 1429 56 22 Man
429 1429 47 22 kan
491 1437 56 14 vara
562 1437 29 14 en
606 1430 83 29 duglig
704 1429 123 29 praktiker,
843 1429 57 19 utan

76 1460 35 20 att
126 1459 76 22 derför
217 1462 43 25 äga
276 1459 28 22 de
318 1459 125 22 teoretiska
459 1459 103 29 insigter,
578 1467 48 14 som
641 1462 56 26 göra
712 1466 28 15 en
750 1459 9 21 i
769 1458 46 22 allo
825 1456 75 22 skick-

75 1488 35 28 lig
130 1491 34 19 att
184 1489 107 29 uppfylla
306 1496 29 14 en
350 1489 71 22 sädan
436 1489 142 29 skyldighet,
593 1497 49 14 som
656 1489 89 28 äligger
760 1496 29 14 en
803 1486 98 30 pedago-

75 1517 157 29 gieprofessor.
262 1519 70 22 Hvad
354 1519 79 22 vidare
456 1519 110 22 beträffar
590 1519 39 21 det
649 1519 27 21 af
694 1518 81 22 doktor
795 1515 109 24 Lindelöf

75 1546 137 24 framhällna
228 1548 56 28 skäl,
300 1550 34 20 att
349 1548 119 29 nämligen
481 1549 165 28 normallyceet
656 1549 9 20 i
676 1547 141 22 Tavastehus
828 1545 75 22 skulle
