1075 1711
205 69 42 51 280
450 75 75 31 Pagplss.
535 75 11 19 7
556 63 22 51 3.
588 75 75 32 Maalisk.
669 75 56 29 1805.

173 140 49 15 som
243 140 43 14 ega
304 133 74 23 3—10
393 133 120 28 tunnland,
529 136 84 24 utgöra
629 134 29 23 25
674 134 34 20 %.
737 127 52 34 Äfven
834 132 18 30 i.
856 131 113 31 Sachsen.

172 163 32 31 45
219 163 29 28 %,
256 140 35 44 %
303 156 200 40 bondegendömar
515 131 96 66 sädena,
628 170 48 17 som
683 134 76 51 oli
772 130 69 68 hotva
855 162 14 22 5
888 131 116 66 lannlagå

174 196 61 26 egor,
258 192 42 26 och
322 193 9 21 i
352 188 129 30 Frankrike
501 192 125 30 uppgifves
647 194 35 20 att
698 189 91 31 sådana
797 191 200 31 jordegendomar,

175 227 49 24 som
244 221 70 31 högst
332 223 81 29 uppgå
432 218 39 33 till
493 223 14 21 7
529 222 121 28 tännland,
672 223 85 29 utgöra
772 221 29 25 60
817 222 34 29 %-
959 248 26 4 KAI

174 252 137 22 visserligen
329 230 51 44 icke
392 252 99 30 jemföra
506 253 52 21 vårt
566 252 63 23 land
644 252 54 26 med
712 250 127 25 Frankrike
855 251 54 26 eller
960 250 37 23 Tysk-

174 280 56 23 land
245 281 9 22 i
266 282 147 29 jordmånens
427 281 157 22 beskaffenhet
599 282 56 21 eller
670 282 8 21 i
693 280 135 23 klimatiska
838 280 159 31 förhållanden

176 311 10 22 i
205 311 79 29 öfrigt,
304 313 52 20 men
377 310 120 23 skilnaden
516 314 26 21 är
557 312 25 21 så
598 313 54 25 stor,
667 313 35 20 att
716 318 55 18 man
786 312 66 29 trygt
867 310 46 23 kan
928 309 70 32 fram-

175 340 65 23 hålla
262 342 73 21 säsom
356 341 97 22 resultat
474 343 35 20 ett
529 341 125 28 uttalande,
677 348 50 15 som
750 340 69 23 äfven
841 340 52 23 från

174 369 75 23 andra
263 371 48 22 håll
325 371 80 22 blifvit
419 371 66 29 fäldt,
501 373 35 25 att
550 371 54 22 vårt
618 371 56 25 land
688 371 43 23 bör
746 370 79 23 kunna
838 377 84 22 genom
934 369 65 30 jord-

176 397 84 25 bruket
282 400 54 22 föda
360 408 29 14 en
409 398 140 33 befolkning,
570 401 49 22 som
639 398 43 24 fill
695 400 66 23 antal
781 393 84 42 kunde:
872 407 67 14 stiga
959 399 38 25 till

167 429 175 30 mångdubbelt
362 430 27 22 af
405 430 44 22 den
464 430 148 24 närvarande.
643 430 81 23 Under
739 429 85 23 sådana
839 429 51 23 förh:
969 437 30 16 en

178 461 25 20 är
223 459 40 22 det
282 459 157 30 lagstiftarens
459 460 62 29 pligt
535 461 36 21 att
586 459 52 23 med
654 460 47 22 alla
714 459 97 30 möjliga
826 459 74 23 medel
915 459 82 30 under-

175 488 60 28 lätta
250 489 81 22 skiftet
346 489 28 23 af
383 489 53 30 jord
451 490 34 21 för
500 492 35 20 att
550 489 108 23 befordra
670 489 149 30 jordbrukets
834 489 110 29 framsteg
954 488 43 24 och

176 518 108 23 fästande
303 519 40 22 vid
361 519 82 30 jorden
458 519 44 22 den
516 519 142 30 befolkning,
675 527 50 14 som
740 519 9 22 i
764 519 47 29 hög
826 518 59 30 grad
900 518 98 23 tilltagit

178 548 43 23 och
241 549 52 22 icke
312 548 47 29 har,
382 549 137 30 åtminstone
541 549 38 22 till
601 549 43 22 sitt
666 551 63 20 stora
751 548 80 27 flertal
855 556 29 15 en
903 548 96 24 alldeles

176 578 106 22 bestämd
302 578 181 30 sysselsättning.
513 578 87 30 Mänga
619 578 198 23 omständigheter
837 578 78 23 bevisa
929 577 70 25 äfven

177 608 151 30 möjligheten
348 610 35 20 att
401 608 89 30 framgå
504 609 30 28 pä
549 608 76 22 denna
639 608 66 23 bana.
735 582 92 61 Fändet
841 608 95 22 besitter
950 614 49 16 om-

178 637 70 31 kring
270 638 130 28 40,000,000
423 638 112 23 tunnland
561 638 143 31 skogsmark;
727 638 68 23 deraf
812 637 66 23 faller
900 636 100 30 ungefär

178 668 132 28 16,000,000
328 668 31 28 på
378 668 189 29 kronoskogarne,
587 668 86 22 hvaraf
685 669 86 21 största
786 667 66 23 delen
867 667 56 24 eller
937 674 63 15 mera

178 699 30 19 än
224 698 130 27 14,000,000
369 697 67 23 faller
445 698 30 29 på
485 697 127 30 Uleåborgs
622 698 39 22 län
671 697 44 23 och
724 698 32 29 på
766 697 29 22 de
805 696 116 31 sydligare
929 696 70 23 länen

178 726 88 29 ganska
286 726 143 23 vidsträckta
449 726 165 30 skogsmarker.
649 727 47 22 Det
716 734 69 22 synes
806 726 75 23 derför
901 734 48 14 mer
968 729 32 20 än

178 755 39 22 väl
236 756 144 29 motiveradt,
401 756 29 23 då
450 757 113 22 utskottet
577 756 93 30 bifogar
685 757 38 22 sin
738 756 142 34 behandling
895 755 26 25 af
934 755 66 23 detta

178 785 128 30 lagförslag
321 788 33 20 ett
370 786 118 25 uttalande
503 786 8 22 i
527 786 39 22 det
580 786 117 23 allmänna
720 786 68 29 syfte,
812 788 35 20 att
867 785 51 29 icke
939 785 61 23 blott

177 820 33 17 nu
234 814 123 24 bestående
383 816 112 23 särskilda
521 815 162 30 förordningar
708 815 119 30 angående
853 815 148 24 hemmanens

178 844 116 30 klyfning,
314 845 168 31 egostyckning
501 845 43 23 och
556 844 191 31 jordafsöndring
762 846 72 21 måtte
849 845 38 22 till
902 847 34 19 ett
951 844 50 25 helt

177 874 125 27 bearbetas,
318 877 57 20 utan
391 876 68 21 äfven
474 877 35 20 att
523 876 30 28 på
567 882 87 15 samma
668 876 64 28 gång
748 882 29 15 en
791 874 70 22 friare
868 874 133 29 jordstyck-

178 904 59 29 ning
260 906 70 20 måtte
354 904 77 22 kunna
453 904 93 23 föreslås
568 904 43 23 och
634 904 75 23 blifva
732 904 101 29 antegen
848 911 54 21 som
912 904 45 29 lag.
986 903 15 23 I

177 934 53 21 vårt
240 934 55 22 land
302 934 42 22 har
350 942 54 14 man
411 934 60 22 blott
481 937 51 27 steg
540 934 36 22 för
583 937 51 27 steg
642 934 43 22 och
693 934 151 29 synnerligen
853 933 148 23 betänksamt

178 963 56 29 följt
262 963 39 23 det
318 964 107 30 exempel,
446 972 49 14 som
514 964 178 29 lagstiftningen
706 964 9 22 i
732 963 95 30 Sverige
841 963 78 30 gifvit,
934 962 69 30 långt

178 992 61 22 ifrån
262 995 35 20 att
316 992 59 30 vilja
396 995 30 27 gå
441 994 51 22 med
507 995 25 21 så
546 996 63 20 stora
628 996 52 27 steg
695 994 86 22 framåt
796 1000 50 15 som
860 993 9 21 i
883 993 119 29 sydligare

178 1021 85 24 länder.
294 1022 53 22 Men
363 1024 24 21 så
401 1024 68 28 länge
481 1024 122 34 principen
619 1024 27 22 af
658 1024 139 22 besutenhet
811 1023 56 22 eller
879 1022 122 34 jordegen-

179 1052 94 22 domens
292 1052 152 29 sjelfbestånd
464 1053 130 28 bibehålles,
616 1060 68 22 synes
704 1053 42 22 det
765 1052 51 22 icke
836 1060 56 14 vara
909 1052 94 29 möjligt

179 1084 35 20 att
236 1082 9 22 i
268 1082 166 22 vidsträcktare
457 1082 56 30 grad
536 1083 78 22 kunna
636 1082 159 22 åstadkomma
817 1090 28 14 en
864 1082 93 28 lösning
977 1081 30 22 af

179 1111 75 22 denna
269 1111 72 29 fråga.
372 1112 79 22 Såsom
466 1112 113 22 utskottet
595 1112 69 22 äfven
680 1112 91 29 antydt,
787 1112 42 22 har
843 1119 55 15 man
913 1111 70 24 äfven
992 1111 12 22 i

179 1140 97 30 Sverige
290 1148 94 15 numera
399 1142 132 22 öfvergifvit
546 1141 76 23 denna
636 1141 91 30 princip
744 1141 43 23 och
797 1141 82 22 tillåtit
892 1140 112 31 klyfning

178 1172 57 20 utan
251 1170 107 23 afseende
373 1172 30 28 på
417 1171 170 22 bibehållandet
602 1171 27 22 af
642 1179 28 15 en
685 1173 98 21 stomme
798 1171 55 22 eller
868 1170 94 22 fordran
972 1170 33 29 på

178 1199 208 29 sjeltbeständ
344 1194 44 40 hos
401 1201 28 22 de
444 1200 75 23 skilda
534 1201 68 28 delar,
618 1201 9 22 i
642 1201 82 22 hvilka
739 1203 36 19 ett
787 1200 106 24 hemman
903 1199 101 30 klyfves-

178 1229 72 22 Hvad
272 1231 34 26 8:1
328 1229 27 22 af
367 1230 149 29 lagförslaget
535 1231 115 27 beträffar,
665 1238 70 21 synes
752 1230 44 21 den
811 1237 55 15 vara
881 1229 39 22 väl
934 1229 69 23 moti-

178 1259 72 22 verad
265 1260 27 21 af
304 1259 178 24 förhållandena.
512 1261 44 21 Det
570 1260 124 34 uppgifves
709 1259 38 22 för
778 1261 63 26 1880,
857 1261 35 21 att
905 1259 100 22 besutna

179 1289 103 29 åboskap
296 1289 43 22 och
354 1289 141 23 krononatur
510 1290 82 22 funnos
608 1289 38 22 till
660 1292 35 20 ett
711 1289 66 22 antal
791 1289 27 22 af
837 1289 85 28 13,500,
937 1288 71 23 deraf

178 1318 10 21 i
203 1318 109 30 Wiborgs
328 1319 39 22 län
383 1320 69 27 7,800,
468 1320 8 21 i
491 1319 127 30 Uleåborgs
633 1320 39 22 län
688 1319 74 28 2,700,
778 1319 8 21 i
802 1319 33 22 St:
849 1318 97 22 Michels
961 1317 41 24 län

180 1348 45 22 964
240 1348 45 22 och
300 1349 8 21 i
323 1348 93 30 Kuopio
431 1349 38 22 län
485 1350 49 21 862.
563 1349 82 22 Denna
657 1348 114 30 paragraf
778 1348 129 29 medgifver
916 1347 88 24 säledes

178 1379 35 19 ett
235 1377 130 23 vidsträckt
386 1385 63 22 gagn
472 1379 26 21 af
518 1378 212 30 kronolägenheten
754 1378 9 21 i
783 1385 86 15 samma
891 1377 63 29 syfte
978 1377 31 22 af

178 1406 132 30 styckning,
343 1414 48 15 som
410 1415 83 21 genom
514 1409 57 22 1883
596 1409 38 20 års
658 1407 123 22 förordning
822 1407 51 22 blef
895 1406 108 29 gällande

178 1435 37 22 för
236 1436 80 22 frälse-
341 1436 44 22 och
410 1437 214 29 skattelägenheter.
654 1437 38 22 Då
716 1437 41 22 det
794 1437 62 22 likväl
880 1436 47 21 kan
948 1443 59 14 vara

178 1465 104 23 hvarken
302 1466 108 29 lämpligt
430 1467 55 22 eller
500 1467 116 29 praktiskt
631 1469 35 20 att
680 1474 34 15 nu
729 1466 58 22 söka
801 1465 158 23 ästadkomma
975 1472 29 15 en

176 1495 170 22 vidsträcktare
369 1496 92 29 lösning
486 1497 27 22 af
532 1497 76 21 denna
629 1496 67 29 fräga
720 1499 31 19 än
774 1495 62 23 hvad
859 1495 45 22 den
918 1494 89 29 nädiga
