1075 1709
324 78 75 22 Pappiss.
410 78 19 18 12
441 82 16 17 p.
469 78 67 18 Helmik.
546 77 49 19 1885.
812 78 35 18 199

59 138 41 25 ter,
121 137 74 20 säsom
216 136 158 28 renskrifning
395 136 26 21 af
439 135 46 22 alla
500 135 113 29 afgäende
628 136 163 28 expeditioner,
807 139 76 26 proto-

59 165 88 22 kollens
169 165 143 29 behandling
332 165 49 22 före
402 165 77 22 dessas
495 165 127 29 tryckning
636 167 60 20 samt
710 166 172 22 notariatsvärf-

58 197 52 19 vets
124 195 112 22 skötande
250 195 10 21 i
274 195 108 21 Ständets
397 195 106 22 enskilda
518 195 200 27 Besvärsutskott;
735 195 43 22 och
793 195 35 22 fär
841 195 42 29 jag

60 224 68 22 alltsä
142 224 38 22 till
195 225 107 22 Ständets
318 224 110 29 pröfning
442 225 85 21 härhos
537 224 117 22 vördsamt
664 224 146 27 öfverlemna,
821 225 61 23 hvad

57 254 43 30 jag
113 254 10 22 i
138 254 96 22 berörda
249 254 122 22 afseenden
387 256 76 20 ansett
476 255 50 28 mig
540 254 79 22 kunna
634 254 44 22 och
692 254 57 22 böra
765 254 87 23 föreslä.

132 285 40 21 1:o.
203 286 44 20 För
267 286 34 20 ett
322 284 149 29 fullständigt
490 284 95 22 förande
606 284 26 22 af
653 284 104 28 diarium,
772 285 110 21 verkstäl-

58 313 70 22 lande
143 314 27 21 af
183 314 27 22 de
226 314 129 22 renskrifna
371 314 199 28 expeditionernas
586 314 43 21 och
644 314 74 21 delvis
728 314 154 29 protokollens

59 343 179 29 kollationering
254 344 118 21 äfvensom
384 344 37 21 för
430 344 85 28 många
526 344 70 21 andra
606 344 117 28 tilltälligt
733 344 150 22 förefallande

59 373 80 29 bestyr
154 374 14 21 &
182 374 104 28 kansliet,
307 374 73 21 säsom
395 374 140 28 exempelvis
550 376 83 19 smärre
648 374 178 30 beskickningar
841 374 42 22 och

60 402 121 30 betjening
204 403 26 21 af
250 403 108 21 Ständets
381 403 148 22 medlemmar
549 403 9 21 i
578 403 108 22 afseende
706 404 14 20 &
735 404 90 22 arkivet
840 404 43 22 och

60 432 148 22 anskaffande
223 433 26 21 af
261 432 118 29 tillfälliga
393 433 171 29 upplysningar
578 440 30 14 m.
623 440 34 20 m.,
665 440 56 14 vore
735 434 148 29 synnerligen

60 462 103 29 önskligt
178 464 35 20 att
229 463 156 21 sekreteraren
400 462 85 22 erhölle
501 465 34 19 ett
551 462 94 28 biträde,
660 464 31 28 pä
706 466 47 18 sätt
768 463 66 23 fallet
848 471 34 15 re-

60 491 46 23 dan
121 495 25 19 är
161 492 8 22 i
180 492 169 29 Ridderskapet
360 492 43 22 och
413 492 76 22 Adeln
500 495 59 19 samt
568 492 173 22 Bondeständet
751 493 42 21 och
804 501 79 15 sanno-

61 521 45 22 likt
128 522 102 22 kommer
253 524 34 20 att
301 522 75 22 blifva
389 522 87 28 jemväl
491 522 9 22 i
515 522 199 29 Borgareständet,
731 522 66 22 hvars
808 524 74 21 sekre-

60 554 74 19 terare
155 559 67 15 ernar
241 552 41 21 hos
298 552 42 21 sitt
355 552 74 21 Stånd
444 552 91 22 anmäla
550 559 36 15 om
603 552 39 21 det
656 552 174 29 oundpgängliga
844 554 37 21 be-

61 580 81 23 hofvet
162 582 26 21 af
206 584 34 19 ett
260 581 87 22 sädant.
363 594 28 3 —
407 582 46 21 För
474 582 64 22 detta
552 581 97 28 biträde,
665 589 48 14 som
729 582 40 22 bör
785 590 55 14 vara
855 590 28 14 en

60 618 49 22 ung
124 619 53 14 man
192 611 52 22 med
259 612 49 21 små
323 612 104 28 anspråk,
442 612 66 21 torde
524 611 131 29 aflöningen
669 611 51 22 icke
735 612 100 22 behöfva
845 620 38 14 an-

61 640 46 22 slås
126 642 38 21 till
184 642 71 28 högre
270 644 29 18 än
316 642 44 22 150
375 641 14 21 &
404 642 44 21 200
463 641 67 22 mark
544 649 41 21 per
600 641 89 28 månad,
705 641 60 22 dock
779 644 35 20 att
829 642 53 22 den-

62 678 86 15 samma
163 673 65 27 synts
244 671 48 29 mig
307 671 78 21 kunna
401 671 83 21 räknas
500 671 52 21 frän
567 671 153 29 landtdagens
730 671 86 29 början,
827 679 56 14 eme-

62 700 46 22 dan
128 701 45 21 han
194 701 90 21 komme
299 700 41 22 vid
355 701 41 21 sitt
412 700 103 22 tillträde
530 701 38 21 till
583 700 161 29 befattningen
759 703 35 20 att
809 701 74 22 öfver-

62 733 55 25 taga
137 732 34 20 ett
192 730 70 29 drygt
277 730 77 22 arbete
369 730 53 22 med
436 730 122 22 införande
573 730 9 22 i
597 730 83 22 diariet
695 731 27 21 af
735 730 44 22 alla
794 731 90 22 härtills

60 759 110 23 inkomna
192 760 105 26 ärenden,
320 760 89 22 hvilket
429 760 103 28 göromål
549 760 42 28 jag
611 760 48 21 tills
679 760 54 22 dato
755 760 51 22 icke
821 761 62 21 med-

61 789 90 22 hunnit.
182 790 196 28 Upplysningsvis
404 789 36 22 får
463 790 44 28 jag
533 790 113 28 meddela,
669 792 35 20 att
725 790 128 22 kanslisten
875 792 8 20 i

60 818 173 23 Bondeståndet
247 820 88 21 betalas
350 819 53 22 med
418 820 45 22 300
477 820 41 21 mk
533 827 40 21 per
587 819 89 22 månad.

131 851 39 20 2:0.
201 849 40 21 All
266 849 73 21 under
358 849 143 29 landtdagen
521 849 186 22 förekommande
727 849 157 29 renskrifning

61 878 47 22 kan
130 881 97 19 ersättas
250 879 117 28 antingen,
387 880 75 20 säsom
482 879 41 22 vid
542 878 190 30 nästföregäende
747 879 137 29 landtdagar

62 908 67 28 skett,
149 908 76 29 enligt
240 909 129 21 inlemnade
384 909 43 21 och
443 908 27 22 af
483 908 155 22 sekreteraren
653 908 122 29 godkända
790 910 94 28 special-

59 938 132 30 räkningar,
202 938 60 28 eller,
271 942 54 18 enär
335 938 40 22 det
385 938 59 22 lärer
454 938 112 22 förefallit
576 938 177 22 Statsutskottet
763 939 121 28 obegvämt

62 970 34 19 att
114 968 100 28 granska
230 968 38 22 det
284 970 61 20 stora
361 968 88 22 antalet
464 968 27 21 af
505 968 64 22 dessa
584 969 48 21 små
647 968 131 29 räkningar,
794 968 89 22 utbeta-

60 998 35 21 las
110 998 8 21 i
134 1000 34 19 ett
188 998 36 21 för
244 998 41 21 allt
305 998 52 21 med
377 1000 34 19 ett
427 998 180 28 approximativt
622 998 83 28 belopp
721 998 26 22 af
761 999 42 21 100
818 998 65 22 mark

61 1034 42 22 per
117 1028 84 21 mänad
216 1028 44 21 och
274 1027 9 21 i
299 1028 63 21 detta
377 1028 42 21 fall
434 1028 150 21 sammansläs
594 1028 53 21 med
657 1028 132 21 förenämda
800 1028 83 22 arvode

61 1057 37 22 för
112 1057 182 29 kanslibiträdet,
314 1057 91 22 hvilket
421 1058 90 27 arvode,
527 1057 36 21 till
578 1058 108 28 beloppet
700 1057 96 22 sålunda
811 1058 44 22 250
871 1058 13 20 å

62 1088 44 21 300
121 1087 45 26 mk,
182 1086 64 30 förty
261 1087 26 21 af
300 1087 178 22 Statsutskottet
494 1087 78 21 kunde
586 1087 73 21 under
674 1087 117 22 rubriken:
815 1087 68 26 ,kan-

61 1116 171 29 slikostnader',
243 1117 141 28 mänatligen
393 1116 38 22 till
442 1116 156 22 sekreteraren
608 1117 141 21 utanordnas
759 1118 29 27 pä
798 1124 87 14 samma

60 1148 64 28 gång
146 1146 43 22 och
195 1142 13 38 i
229 1146 106 29 förening
354 1146 53 22 med
427 1146 58 22 hans
501 1154 58 21 egen
574 1146 106 29 aflöning.
712 1147 33 22 På
759 1146 125 22 sistnämda

62 1178 47 20 sätt
126 1176 60 22 lärer
201 1176 69 22 saken
285 1184 55 14 vara
355 1176 119 22 anordnad
490 1176 8 22 i
513 1176 177 22 Bondeständet.
713 1176 112 29 Beloppet
841 1177 43 21 100

61 1206 65 22 mark
141 1214 42 21 per
198 1206 83 22 mänad
296 1206 102 28 grundar
413 1206 37 28 sig
465 1206 77 28 derpä,
551 1208 35 19 att
601 1206 45 21 den
656 1206 170 29 sammanlagda
835 1213 49 14 ren-

61 1235 288 29 skrifningsersättningen
371 1236 41 22 vid
435 1238 91 19 senaste
543 1235 117 30 landtdag,
676 1243 49 14 som
740 1236 77 21 räckte
833 1236 52 28 fyra

61 1265 114 28 mänader,
191 1266 65 21 torde
272 1265 70 22 hafva
356 1265 91 29 utgjort
461 1265 95 29 vidpass
570 1266 46 22 400
630 1266 71 20 mark.

132 1296 41 21 3:0.
204 1295 158 21 Protokollens
382 1295 130 29 bringande
527 1296 9 20 i
551 1297 34 19 ett
600 1295 120 29 verkligen
734 1294 151 29 tryckfärdigt

62 1325 71 27 skick,
154 1325 72 21 innan
246 1325 28 21 de
294 1324 37 22 till
351 1325 69 28 tryck
435 1324 125 27 befordras,
577 1324 139 22 tillkommer
731 1325 154 21 sekreteraren

62 1354 43 22 och
116 1354 201 29 stenografchefen
326 1356 149 27 gemensamt;
489 1354 45 22 den
543 1354 67 28 förre,
621 1354 95 22 emedan
726 1354 57 22 hans
791 1353 94 29 tjenste-

62 1384 140 29 åligganden
224 1392 99 18 numera,
344 1384 30 21 dä
391 1384 90 22 notarie
497 1384 20 29 ej
535 1388 25 17 är
575 1384 97 28 anstäld,
687 1385 71 21 måste
773 1383 114 22 innefatta

62 1414 44 21 full
129 1414 149 28 ansvarighet
301 1414 36 21 för
358 1414 52 21 icke
430 1414 62 21 blott
513 1414 44 21 den
578 1413 36 22 del
635 1413 26 22 af
673 1413 149 29 protokollen,
838 1420 48 14 som

62 1443 128 22 innehåller
213 1444 113 26 besluten,
349 1445 58 25 utan
430 1443 71 22 äfven
523 1443 52 22 hela
598 1441 288 31 diskussionsprotokollet;

64 1473 44 21 den
131 1480 79 14 senare
232 1474 48 20 åter
295 1473 9 21 i
319 1473 239 21 öfverensstämmelse
577 1473 53 21 med
646 1472 170 29 Stenografiska
831 1471 56 22 För-

63 1502 112 28 eningens
199 1502 26 22 af
244 1502 97 22 Ständet
361 1504 102 27 antagna
483 1503 95 28 förslag,
594 1510 49 14 som
658 1502 111 23 förklarar
784 1501 103 23 bemälde
