1075 1753
228 97 28 31 30
478 105 75 21 Pappiss.
565 105 18 18 31
596 109 16 17 p.
624 105 77 17 Tammik.
714 105 48 17 1885.

196 170 83 22 genom
294 163 155 22 ministrarnes
465 163 137 29 deltagande
618 163 8 22 i
641 163 223 29 representationens
879 163 140 23 förhandlin-

197 200 47 22 gar.
271 192 176 30 Granskningen
467 200 28 14 ur
515 193 93 29 tryckta
632 193 57 22 eller
709 193 90 22 skrifna
817 193 66 21 akter
903 194 26 20 af
949 194 70 22 redan

196 222 112 35 vidtagna
326 222 256 30 regeringshandlingar
602 222 47 22 kan
669 223 9 21 i
693 223 44 22 och
757 223 36 21 för
813 222 37 30 sig
865 223 74 22 blifva
953 224 66 21 ofull-

197 252 99 29 ständig,
316 252 29 22 då
360 252 38 22 det
413 253 38 21 väl
467 253 48 21 ofta
530 254 72 20 måste
618 252 93 22 inträffa
726 255 35 19 att
775 252 149 30 synpunkter,
939 252 80 23 hvilka

197 282 36 22 för
248 282 112 29 styrelsen
374 282 61 22 varit
450 282 176 28 bestämmande,
642 282 51 22 icke
708 282 53 22 med
777 282 44 22 den
837 282 26 22 af
880 285 138 20 representa-

196 312 79 22 tionen
295 312 98 22 önskade
414 312 205 29 fullständigheten
640 312 8 22 i
669 312 29 22 de
718 312 118 29 Skriftliga
851 312 167 28 handlingarna

198 341 143 28 framhållits,
352 341 94 22 hvartill
457 342 101 21 kommer
568 344 36 19 att
618 344 34 19 ett
667 342 142 22 bedömande
825 341 27 22 af
860 342 39 21 det
909 342 109 21 förflutna

196 371 82 22 endast
292 371 125 22 medelbart
431 371 47 22 kan
492 371 81 22 utöfva
588 371 130 28 inflytande
733 372 30 29 på
778 371 123 29 styrelsens
912 371 105 30 åtgärder

194 400 37 23 för
251 401 128 22 framtiden.
408 401 108 22 Deremot
536 408 67 21 synes
624 403 34 20 ett
678 401 193 29 fruktbringande
892 401 125 22 samarbete

195 430 36 22 för
246 432 118 20 nationens
383 431 83 28 högsta
481 431 113 21 intressen
609 431 9 22 i
632 433 73 20 större
720 431 58 29 grad
793 438 56 15 vara
863 433 34 20 att
912 431 104 29 påräkna,

196 467 36 15 om
252 461 123 27 styrelsens
395 460 145 22 medlemmar
560 460 66 22 träda
642 461 8 21 i
666 460 143 23 fortfarande
823 460 116 29 personlig
953 461 63 22 berö-

194 490 53 29 ring
267 490 52 21 med
338 490 84 22 folkets
442 493 188 26 representanter.
660 491 90 21 Nästan
765 490 41 22 vid
820 490 80 29 hvarje
915 491 102 21 ständer-

196 521 61 20 möte
282 519 113 30 föreligga
417 520 38 21 till
485 520 141 29 behandling
651 520 79 29 frågor
750 520 27 21 af
795 520 68 29 djupt
881 519 135 30 ingripande

195 549 123 29 betydelse,
334 550 48 22 ofta
397 549 48 22 helt
461 549 42 22 och
519 549 71 22 hållet
605 557 52 21 nya.
688 550 46 22 Det
749 550 46 21 kan
812 549 19 29 ej
848 550 118 26 undvikas,
982 552 35 20 att

195 578 44 23 den
259 579 130 29 utredning,
410 582 77 19 ämnet
509 580 63 21 förut
592 579 98 28 erhållit,
713 580 8 21 i
736 586 29 15 en
781 579 56 22 eller
851 586 76 15 annan
941 579 75 29 punkt

194 608 116 23 förefaller
330 609 151 29 ofullständig
501 609 55 21 eller
576 609 152 29 otillräckligt
751 609 132 28 motiverad,
903 611 64 20 utom
988 609 27 22 de

194 638 42 22 fall
256 638 30 22 då
305 639 164 28 uttrycksättet
488 638 46 22 kan
554 638 66 30 gifva
640 639 127 29 anledning
781 638 38 22 till
834 638 104 29 verkliga
952 639 64 21 miss-

194 668 110 22 förstånd.
334 668 119 22 Närvaron
473 668 27 22 af
517 676 29 14 en
565 669 221 28 regeringsledamot
806 668 43 22 och
869 668 56 22 hans
947 668 68 22 delta-

194 698 75 28 gande
289 698 10 21 i
314 698 157 21 diskussionen
486 698 73 21 skulle
574 697 153 23 tvifvelsutan
743 698 8 21 i
766 699 84 28 många
865 698 42 21 fall
922 698 94 29 skingra

194 727 28 22 de
230 727 189 29 betänkligheter,
430 735 48 14 som
488 728 62 22 inom
558 727 96 22 stånden
664 728 92 22 uttalas.
782 727 115 30 Slutligen
912 735 53 14 vore
977 727 38 22 det

192 757 131 29 personliga
336 757 41 22 och
393 757 39 22 det
447 757 121 22 moraliska
584 765 88 20 ansvar,
683 765 29 14 en
722 757 215 29 regeringsmedlem
947 758 67 28 åtoge

193 787 37 28 sig
258 787 9 21 i
282 787 65 28 fråga
367 794 37 15 om
423 787 66 29 lojalt
508 786 122 23 utförande
646 787 26 22 af
685 795 29 14 en
729 789 56 27 gent
801 789 60 20 emot
875 788 140 27 representa-

193 816 80 22 tionen
293 817 82 28 åtagen
391 816 143 28 förbindelse,
554 817 51 21 icke
626 817 60 22 blott
706 817 8 21 i
730 817 43 22 och
788 816 37 22 för
840 817 36 28 sig
891 817 26 20 af
930 823 84 22 gagne-

194 845 44 29 ligt
246 846 127 28 inflytande
383 846 36 22 för
434 846 164 29 utvecklingen
606 847 26 21 af
638 847 52 21 vårt
697 847 111 28 politiska
823 846 32 26 lif,
871 848 56 19 utan
942 845 73 22 skulle

193 875 117 22 sannolikt
330 876 68 22 äfven
418 877 77 28 någon
509 877 63 28 gång
588 876 96 29 erbjuda
698 879 35 19 ett
748 876 150 28 välbehöfligt
913 875 51 22 stöd
979 875 36 22 för

192 905 169 22 vederbörande
376 905 215 30 regeringsmedlem
606 905 40 22 vid
660 905 207 30 handläggningen
883 905 26 22 af
921 913 28 14 en
964 905 50 29 vig-

192 935 75 28 tigare
282 935 71 28 fråga.

268 965 38 21 Nu
325 965 106 28 gällande
449 965 221 29 landtdagsordning
683 965 85 22 företer
787 965 72 21 likväl
877 964 139 22 härutinnan

192 993 118 23 såtillvida
330 1002 28 14 en
373 994 171 29 bristfällighet,
560 997 35 19 att
616 994 50 22 dess
687 996 29 21 47
733 996 14 25 $
761 993 129 30 medgifver
910 997 105 18 senatens

192 1023 137 22 ordförande
347 1024 42 21 och
408 1024 123 22 ledamöter
549 1024 103 22 tillträde
666 1024 38 22 till
720 1024 109 22 ständens
848 1031 167 21 gemensamma

193 1053 208 28 sammankomster,
422 1053 52 22 med
493 1053 112 29 rättighet
625 1055 35 20 att
676 1053 93 28 deltaga
784 1053 9 22 i
808 1053 80 22 dervid
903 1053 111 22 förekom-

192 1082 83 22 mande
294 1082 209 29 öfverläggningar,
522 1083 118 22 hvaremot
662 1083 44 22 den
721 1082 144 23 omedelbara
880 1082 134 29 beröringen

192 1111 52 22 med
266 1111 28 22 de
313 1112 112 22 särskilda
445 1112 95 22 ständen
560 1112 134 22 inskränkes
715 1112 38 22 till
774 1112 29 22 de
818 1112 76 29 adliga
908 1111 106 23 medlem-

192 1148 90 15 marnes
308 1142 26 21 af
358 1143 112 27 styrelsen
489 1145 97 19 närvaro
609 1143 63 22 inom
694 1142 160 29 ridderskapet
877 1141 42 22 och
942 1141 72 22 adeln.

193 1170 54 22 Alla
275 1171 28 21 de
326 1171 84 22 ofrälse
435 1171 96 22 ständen
556 1172 72 21 sakna
652 1172 103 22 deremot
777 1171 118 22 förmänen
918 1173 34 20 att
974 1170 41 23 vid

191 1200 171 29 behandlingen
383 1201 26 22 af
427 1201 90 29 vigtiga
537 1201 127 30 lagförslag
684 1209 84 22 genom
783 1202 76 28 nägon
873 1201 142 22 närvarande

192 1229 197 29 styrelseledamot
412 1231 86 22 erhälla
520 1231 142 30 upplysning
686 1239 38 14 om
745 1231 28 22 de
797 1231 148 28 synpunkter,
966 1237 48 15 som

192 1259 64 29 gjort
271 1260 36 29 sig
322 1260 107 29 gällande
444 1260 40 22 vid
500 1261 103 22 ärendets
619 1261 144 28 behandling
778 1261 63 21 inom
851 1262 99 25 senaten,
961 1267 52 21 syn-

192 1289 102 29 punkter
313 1289 81 23 hvilka
415 1290 58 22 dock
493 1291 75 21 kunde
589 1297 55 15 vara
666 1291 26 21 af
709 1290 118 29 väsentlig
846 1289 117 29 betydelse
979 1289 36 22 för

191 1326 49 21 nya
258 1319 204 30 ändringsförslag,
483 1320 133 22 tramstälda
638 1321 63 21 inom
717 1320 28 21 de
761 1320 130 29 respektive
913 1319 102 22 ständen.

190 1347 14 22 I
219 1351 63 19 ännu
297 1349 192 30 ofördelaktigare
505 1350 110 29 ställning
633 1350 94 22 befinna
750 1349 37 29 sig
809 1349 123 28 styrelsens
955 1356 60 21 egna

191 1377 149 23 medlemmar
363 1381 116 26 gentemot
501 1379 83 22 nämda
607 1379 67 22 ständ
697 1379 53 22 med
773 1379 91 28 hänsyn
878 1379 38 21 till
931 1378 84 22 sädana

192 1407 138 22 uttalanden
361 1408 118 29 angäende
508 1409 123 29 styrelsens
659 1408 154 28 verksamhet,
838 1408 80 22 hvilka
939 1408 76 28 nägon

190 1438 64 28 gång
269 1437 49 21 helt
333 1438 114 29 naturligt
463 1439 72 21 måste
550 1440 84 27 uppstå
652 1438 42 22 och
710 1438 109 22 stundom
835 1440 84 26 antaga
933 1437 81 22 karak-

189 1469 67 19 tären
276 1466 27 22 af
320 1469 35 20 ett
374 1474 48 15 mer
437 1467 55 23 eller
511 1468 88 21 mindre
615 1468 75 22 direkt
704 1467 99 23 klander
817 1469 48 20 mot
879 1467 112 29 styrelsen
1006 1467 9 21 i

191 1495 51 22 dess
263 1496 79 22 helhet
360 1497 55 22 eller
438 1497 104 22 enskilda
564 1498 148 21 medlemmar
736 1497 71 28 deraf,
826 1499 57 19 utan
898 1499 34 19 att
947 1496 28 22 de
991 1496 26 22 af

188 1524 109 24 klandret
316 1526 97 22 träffade
429 1529 38 20 äro
482 1527 9 21 i
506 1527 92 22 tillfälle
622 1529 35 20 att
678 1527 103 22 deremot
800 1527 94 28 inlägga
909 1533 105 22 gensaga.

188 1553 203 31 Bristfälligheten
406 1556 9 21 i
429 1563 32 15 nu
483 1556 107 29 gällande
616 1556 129 29 stadgande
769 1556 78 22 träder
872 1557 25 20 så
922 1556 94 29 mycket
