1075 1756
237 84 34 19 176
494 86 75 23 Pappiss.
580 88 13 18 9
605 92 16 18 p.
634 88 66 18 Helmik.
712 86 50 20 1885.

199 146 78 28 någon
292 147 47 20 rätt
354 145 43 22 och
412 145 108 29 billighet
533 146 80 22 kunna
626 144 81 31 afgöra
718 146 69 22 detta.
812 138 34 28 Åt
856 145 44 22 den
911 144 114 23 enskildes

200 176 67 21 bästa
287 175 57 29 vilja
359 175 42 22 och
416 175 105 29 förmåga
535 176 42 22 bör
587 178 34 19 ett
631 176 83 22 sådant
724 175 171 23 bestämmande
906 174 119 23 öfverlem-

201 213 52 19 nas;
274 205 42 22 och
337 212 38 15 om
394 206 78 28 någon
492 205 74 22 skulle
586 205 112 30 misstaga
718 206 37 28 sig
770 205 44 22 och
829 205 59 21 efter
903 206 72 28 några
989 205 36 21 års

201 235 88 21 studier
313 234 41 22 vid
378 234 160 22 universitetet
560 235 63 22 finna
649 238 36 19 att
705 235 47 22 hon
772 234 51 23 icke
843 235 47 21 kan
910 234 59 29 fylla
989 234 36 22 sin

201 265 62 29 plats
284 264 46 28 der,
350 266 25 20 så
390 267 24 19 är
430 265 93 21 dermed
537 265 52 21 icke
603 266 94 27 mycket
713 264 117 23 förloradt.
860 264 48 30 Jag
923 264 104 22 anhåller

202 296 35 20 att
259 294 38 22 det
317 294 143 29 högvördiga
481 294 91 22 ståndet
592 294 56 23 ville
668 296 118 21 remittera
806 294 49 22 min
876 294 99 29 petition
989 293 37 23 till

202 324 117 22 allmänna
333 324 205 22 besvärsutskottet
553 324 44 22 och
611 325 49 21 låta
675 325 45 21 den
731 324 93 30 åtföljas
835 324 26 22 af
869 324 157 22 konsistoriets

201 354 114 29 yttrande:

272 384 126 21 Professori
412 384 103 22 Donner:
530 384 45 22 Det
591 387 25 19 är
631 384 44 22 lätt
691 384 134 30 förklarligt
836 386 35 20 att
881 385 70 27 något
962 383 64 22 miss-

202 413 106 23 förstånd
323 414 105 28 uppstått
442 413 53 22 med
510 414 107 22 afseende
633 415 13 21 å
661 414 74 29 syftet
749 414 8 21 i
767 414 115 29 professor
892 413 135 28 Runebergs

203 443 232 29 petitionsmemorial.
466 443 54 22 Han
535 443 73 22 slutar
629 443 128 22 detsamma
772 443 53 22 med
838 443 126 28 uttrycket:
978 445 48 24 ,att

204 473 87 28 qvinna
313 473 37 21 må
372 473 41 21 vid
435 473 160 22 universitetet
616 481 49 14 som
686 473 139 22 studerande
846 473 71 22 vinna
937 472 89 22 inträde

203 502 74 22 under
296 509 85 14 samma
402 503 76 22 vilkor
498 505 59 20 samt
576 503 53 22 med
650 503 48 22 lika
712 503 139 28 rättigheter
867 503 42 21 och
925 502 102 30 skyldig-

203 533 71 27 heter,
290 539 48 15 som
353 532 36 21 för
404 533 136 21 studerande
556 533 27 21 af
594 533 125 22 mankönet
734 532 138 22 föreskrifne
887 535 56 19 äro."
976 532 51 22 Den

203 570 56 21 nyss
275 562 108 29 upplästa
397 562 136 22 hemställan
547 562 54 22 frän
615 563 165 22 konsistorium
795 563 96 27 utvisar,
906 564 35 19 att
955 563 73 28 nägra

203 592 86 29 tillägg
304 592 8 21 i
328 591 124 22 detsamma
468 591 145 28 förekomma,
629 600 49 15 som
691 592 95 23 alldeles
796 592 115 22 bestämdt
921 592 43 21 och
974 591 53 29 tyd-

203 623 46 28 ligt
264 622 113 28 begränsa
392 621 82 29 sjelfva
490 622 74 22 denna
574 622 122 29 rättighet;
709 623 65 21 dessa
785 625 50 20 äro:
846 624 35 19 att
891 621 136 23 studerande

205 652 27 22 af
248 651 132 29 gvinnokön
395 651 51 22 icke
461 653 37 20 mä
512 653 75 28 nägon
603 652 216 29 studentafdelning
836 652 97 26 tillhöra,
950 664 29 3 —
995 653 33 19 ett

205 681 134 29 stadgande,
354 688 48 15 som
417 681 65 22 torde
496 689 55 14 vara
567 682 111 29 temligen
693 682 122 29 sjelffallott,
833 695 27 2 —
877 681 20 29 ej
913 681 92 22 komma
1020 680 9 21 i

205 711 135 28 åtnjutande
356 711 26 21 af
395 711 81 22 sådant
491 711 141 29 stipendium
647 712 56 22 eller
717 712 102 21 litterärt
835 711 129 25 understöd,
980 717 49 15 som

204 740 156 29 uttryckligen
376 741 108 22 inrättats
499 741 81 22 endast
590 741 37 22 för
637 749 109 22 personer
756 741 27 22 af
790 741 101 22 mankön
902 741 55 22 eller
967 743 62 19 aiser

205 770 151 22 förberedelse
364 770 37 21 till
409 771 70 21 sädan
489 773 86 20 statens
583 771 76 29 tjenst,
668 779 48 14 som
724 771 52 22 icke
784 771 36 22 fär
828 771 27 21 af
860 771 84 28 gvinna
952 770 77 22 beklä-

205 801 47 27 das,
269 803 59 18 samt
343 802 34 19 att
393 800 83 28 förhör,
491 808 48 14 som
550 801 27 22 af
584 801 73 22 henne
668 801 120 29 undergäs,
800 801 49 22 icke
860 802 37 20 mä
907 800 36 22 för
953 800 74 22 henne

205 830 105 22 medföra
330 830 167 22 vidsträcktare
513 833 47 19 rätt
576 831 37 21 till
628 831 91 22 inträde
736 831 8 21 i
760 831 85 22 allmän
860 830 71 29 tjenst
946 833 30 18 än
991 830 38 28 lag

206 860 44 22 och
270 859 165 29 författningar
455 860 86 28 gvinna
561 868 33 14 nu
613 861 120 29 medgifva
754 860 56 22 eller
830 860 119 21 framdeles
965 859 65 22 skola

206 889 106 22 förunna.
342 889 72 22 Dessa
428 889 173 30 bestämningar
616 894 39 18 äro
670 891 92 28 ganska
778 890 129 29 väsentliga
923 889 42 22 och
981 897 48 20 pre-

207 919 106 27 ciserade,
329 920 73 21 såsom
418 919 68 22 äfven
501 920 114 29 professor
630 921 127 28 Runeberg
767 919 133 23 framhållit.
931 919 43 22 Om
983 919 47 21 han

206 949 53 21 med
275 948 74 22 denna
364 949 137 29 utförlighet
516 949 109 29 framlagt
641 950 117 28 förslaget,
774 951 25 20 sä
814 952 48 18 tror
875 949 42 29 jag
932 949 39 21 det
986 948 44 21 lät-

206 980 51 20 tare
272 978 59 22 hade
346 978 89 22 kunnat
449 979 119 28 uppfattas
585 980 69 21 äfven
669 980 28 21 af
709 979 140 29 föregäende
864 979 77 21 talare.
972 978 58 22 Uni-

207 1008 132 22 versitetets
359 1008 105 22 ändamål
479 1008 42 22 har
536 1009 27 21 af
575 1009 143 22 öfverlärarn
734 1009 114 21 Kihlman
862 1011 103 19 närmare
980 1015 50 21 pre-

207 1038 95 21 ciserats
318 1038 73 21 såsom
406 1038 122 22 bestående
543 1038 49 22 deri
608 1041 34 19 att
657 1039 162 21 universitetet
829 1038 41 22 bör
880 1038 90 22 utbilda
980 1044 50 22 per-

207 1075 67 14 soner
289 1067 36 22 för
339 1069 87 19 statens
441 1068 43 21 och
498 1068 102 28 kyrkans
615 1068 72 29 tjenst
703 1070 61 20 samt
778 1068 108 22 befordra
895 1068 44 21 den
949 1067 83 29 högsta

207 1097 137 28 bildningen
359 1097 9 21 i
383 1097 78 21 landet
475 1105 83 22 genom
573 1098 136 22 utbildande
725 1098 27 22 af
765 1097 196 29 vetenskapsmän,
977 1096 55 22 eller

207 1128 9 20 i
236 1126 126 22 allmänhet
377 1126 120 23 framkalla
512 1127 39 22 det
566 1128 83 28 högsta
664 1128 106 28 vetande,
786 1135 49 14 som
850 1128 51 21 värt
916 1126 55 22 land
985 1126 47 22 kan

207 1156 163 28 ästadkomma,
386 1156 43 22 och
444 1156 45 22 han
505 1157 108 22 hänvisar
629 1158 80 22 dervid
724 1158 32 28 pä
772 1157 44 22 den
826 1156 206 28 omständigheten,

207 1188 36 20 att
258 1186 198 28 föreläsningarna
471 1186 39 22 vid
525 1187 160 22 universitetet
699 1191 41 18 äro
756 1186 126 29 offentliga,
897 1188 35 20 att
946 1185 87 22 således

209 1216 68 22 säväl
292 1215 87 29 gvinna
394 1222 48 15 som
457 1224 52 14 man
524 1216 46 22 kan
585 1217 40 21 der
640 1217 105 22 inhemta
760 1216 39 22 det
808 1216 99 22 vetande
917 1216 28 21 de
955 1215 78 21 önska.

208 1245 146 23 Sistanförda
374 1246 169 28 omständighet
563 1247 81 28 tyckes
665 1248 48 28 mig
735 1246 59 22 dock
815 1253 56 15 vara
891 1245 26 22 af
931 1244 44 22 den
991 1247 41 24 art,

209 1278 34 20 att
265 1275 70 29 derpä
350 1274 123 30 ingenting
488 1279 25 18 är
528 1278 35 20 att
577 1276 85 29 bygga.
693 1276 81 22 Såsom
788 1276 79 26 kändt,
883 1274 151 22 förekommer

209 1306 39 22 det
269 1305 9 21 i
298 1304 112 28 utlandet,
430 1305 107 22 särskildt
557 1306 9 21 i
586 1306 134 28 Frankrike,
740 1308 36 19 att
792 1304 242 29 föreläsningssalarna

208 1334 121 30 uppfyllas
345 1334 27 21 af
385 1334 56 22 både
456 1338 53 18 män
524 1335 43 22 och
583 1336 103 28 qvinnor,
701 1336 74 22 redan
790 1342 85 22 mogna
890 1334 43 22 och
943 1334 38 22 till
991 1333 43 22 och

208 1364 54 22 med
277 1364 146 28 ålderstigna,
438 1364 80 22 hvilka
533 1365 49 21 ofta
597 1368 56 26 taga
667 1366 53 22 bort
735 1365 118 29 platserna
868 1364 36 22 för
919 1364 28 21 de
963 1363 72 22 alum-

208 1401 49 20 ner,
274 1400 50 15 som
339 1393 133 29 egentligen
486 1394 93 22 tillhöra
594 1396 162 21 universitetet
766 1394 44 22 och
821 1394 40 22 der
871 1394 64 22 skola
945 1392 91 23 utbilda

209 1424 42 28 sig.
283 1423 44 21 Om
342 1424 35 20 ett
393 1422 77 29 dylikt
485 1424 143 22 förhållande
643 1425 9 21 i
667 1425 73 29 högre
750 1424 60 30 grad
820 1424 70 22 äfven
899 1423 9 21 i
918 1424 52 20 vårt
980 1422 56 22 land

209 1452 75 23 skulle
299 1452 100 28 inträffa,
415 1453 73 22 skulle
504 1454 38 22 det
557 1455 146 29 sannerligen
718 1454 106 22 medföra
833 1452 203 30 nödvändigheten

209 1484 42 26 att,
267 1483 75 20 såsom
357 1482 9 21 i
381 1482 55 21 flere
452 1483 71 22 andra
537 1484 80 21 länder
633 1487 25 18 är
673 1484 73 28 fallet,
763 1491 30 14 en
808 1483 72 22 sådan
890 1482 146 29 offentlighet

208 1512 51 22 icke
281 1511 93 22 tillätes.
405 1512 166 23 Universitetet
591 1515 71 20 måste
683 1514 8 22 i
707 1513 98 22 främsta
821 1514 98 21 rummet
935 1511 48 22 afse
999 1513 34 20 att
