1075 1756
212 70 35 18 164
456 74 75 22 Pappiss.
543 75 12 17 9
567 78 17 18 p.
596 74 67 18 Helmik.
675 74 49 19 1885.

176 134 36 22 Af
229 134 76 23 denna
319 136 122 30 olägenhet
456 144 69 22 synes
540 136 136 23 emedlertid
690 136 162 23 universitetet
868 135 36 23 för
919 139 82 19 närva-

176 165 72 22 rande
263 165 50 22 icke
328 166 53 22 lida.
410 166 36 22 Då
458 166 44 30 jag
517 167 9 21 i
540 166 66 22 tiden
621 174 42 14 var
677 167 103 27 student,
794 168 91 28 upptog
897 166 105 22 student-

176 195 125 22 katalogen
323 198 34 20 ett
376 196 70 28 antal
467 204 38 14 om
522 196 43 29 jag
585 196 52 22 icke
657 197 147 21 missminner
819 196 54 29 mig,
889 196 27 22 af
927 197 46 22 400
989 196 13 21 &

174 222 55 38 500.
290 232 55 15 nare
359 226 123 22 tillkomna
497 226 218 29 studentkataloger
730 226 51 22 visa
796 233 30 15 en
842 226 106 29 betydlig
957 226 46 21 för-

177 254 106 30 ändring.
305 255 89 23 Hösten
410 257 59 21 1876
484 256 84 22 funnos
584 256 42 22 vid
641 256 163 22 universitetet
819 256 114 22 inskrifne
944 256 59 22 1010

178 284 143 29 studerande,
342 286 25 21 år
388 287 58 21 1878
468 287 63 26 1064,
548 287 25 21 är
595 286 59 22 1880
675 287 64 27 1213,
762 287 25 20 år
803 286 59 22 1883
879 287 57 21 1477
959 285 44 22 och

178 316 92 20 senaste
294 315 53 22 höst
372 316 64 28 1594,
466 316 88 21 således
584 319 58 18 nära
669 317 59 21 1600
754 315 144 28 studerande,
921 314 84 23 hvaraf

178 344 60 22 dock
260 344 82 22 endast
364 346 43 22 849
430 345 150 23 närvarande.
615 345 140 22 Statistiken
777 345 64 21 visar
863 345 88 22 således
974 352 29 14 en

179 374 135 29 fortgående
336 376 150 28 progression,
512 375 43 22 och
584 375 75 22 denna
682 375 148 29 progression
852 376 73 20 måste
946 376 58 20 utan

178 404 85 22 tvifvel
287 404 71 22 blifva
380 405 43 22 allt
442 407 79 26 större,
542 405 30 21 då
592 404 29 22 de
639 405 77 29 lyceer
731 405 52 21 med
798 404 73 22 finskt
886 404 117 22 undervis-

179 434 145 28 ningsspråk,
345 441 48 15 som
412 435 74 21 under
506 442 80 14 senare
610 435 60 21 tider
693 434 81 23 blifvit
796 434 102 28 stiftade,
914 434 90 21 komma

180 465 36 20 att
234 463 102 22 leverera
356 464 50 22 sina
426 465 74 29 årliga
515 465 170 28 kontingenter,
705 464 43 22 och
764 464 71 21 sedan
850 463 155 22 realskolorna

180 493 91 22 komma
287 495 36 20 att
337 497 56 26 göra
408 494 60 22 bruk
482 494 27 21 af
522 494 45 22 den
582 494 53 22 dem
649 501 33 14 nu
697 493 119 29 medgifna
831 496 47 19 rätt
889 496 35 19 att
935 493 69 22 äfven

181 523 29 21 de
224 523 38 21 till
277 523 160 23 universitetet
452 524 118 22 dimittera
586 524 51 21 sina
653 524 82 22 elever.
759 523 83 22 Redan
857 531 32 14 nu
905 527 25 18 är
940 525 65 20 anta-

180 552 33 22 let
233 553 27 21 af
279 553 137 22 studerande
437 556 65 26 stort,
518 555 25 20 så
558 555 66 27 stort,
640 556 35 19 att
688 553 44 30 jag
747 553 51 22 icke
814 553 65 22 torde
894 553 112 28 misstaga

180 583 56 28 mig,
251 590 38 15 om
301 583 43 29 jag
359 583 58 28 sade,
434 586 35 20 att
484 584 39 21 det
538 584 101 29 troligen
654 583 74 22 finnes
744 584 100 28 mången
860 583 147 22 fosterlands-

181 615 51 25 vän,
254 620 48 14 som
322 613 71 22 redan
413 614 8 21 i
442 614 90 28 tysthet
558 613 79 30 frågar
657 613 45 29 sig:
725 613 59 22 hvar
799 613 65 22 skola
880 613 45 22 alla
941 613 66 21 desse

181 642 120 22 studenter
315 643 87 22 erhålla
416 651 29 14 en
461 643 65 22 deras
542 643 109 29 bildning
665 643 163 22 motsvarande
838 642 169 23 verksamhets-

182 672 47 21 sfer
252 672 43 22 och
317 672 59 22 hvar
396 673 64 22 skola
481 673 27 22 de
524 673 63 22 finna
603 681 29 14 en
647 673 109 28 aflöning,
772 680 49 14 som
835 675 128 19 motsvarar
979 671 28 22 de

182 704 71 19 större
268 701 75 29 behof,
358 710 48 15 som
422 711 28 14 en
465 703 71 29 högre
547 703 107 29 bildning
672 703 112 28 vanligen
799 702 148 22 framkallar?
979 701 30 22 Sä

182 731 52 22 vidt
251 731 44 30 jag
309 732 46 22 kan
370 733 68 28 finna,
454 733 91 22 fordrar
561 733 173 21 universitetets
750 732 75 22 fördel
840 732 50 22 icke
906 732 35 21 för
956 735 52 18 när-

183 762 108 26 varande,
312 765 35 18 att
367 763 122 22 tillväxten
509 763 9 22 i
537 763 27 21 de
581 762 151 22 studerandes
748 762 65 21 antal
828 762 75 21 skulle
917 761 92 29 ytterli-

182 799 56 21 gare
258 791 123 30 befrämjas
396 800 82 21 genom
490 794 77 27 någon
582 792 100 22 särskild
696 791 160 30 lagstiftning;
872 792 137 21 åtminstone

183 828 68 21 synes
275 829 28 14 en
325 821 244 30 lagstiftningsätgärd
587 822 9 22 i
614 822 82 21 sådant
720 821 62 29 syfte
804 821 128 29 ingalunda
954 828 56 15 vara

184 851 151 28 brådskande,
361 852 29 21 dä
410 852 160 29 tillökningen,
591 859 50 14 som
661 859 75 21 synes,
761 855 25 17 är
809 851 65 22 stark
894 851 43 22 och
956 851 53 22 blif-

184 888 41 14 ver
240 881 39 22 till
294 881 59 29 följd
368 882 27 21 af
406 882 72 21 redan
493 882 96 22 stiftade
605 882 66 28 lagar
687 884 63 19 ännu
766 881 109 22 starkare.
900 881 43 22 Om
953 882 57 21 såle-

185 910 39 22 des
240 911 65 21 detta
320 911 50 22 skäl
385 915 26 18 är
426 912 103 28 åsyftadt
544 912 53 21 med
613 911 39 22 det
665 911 27 22 af
705 911 156 29 petitionären
876 911 135 29 begagnade

184 940 119 28 uttrycket
313 941 184 26 ,universitetets
505 949 58 21 egen
572 941 95 26 fördel",
675 942 26 20 så
711 948 70 20 synes
790 940 39 22 det
836 941 49 28 mig
893 949 48 14 som
949 941 61 22 skul-

184 970 22 21 le
222 970 75 21 skälet
309 970 50 22 icke
375 978 56 15 vara
443 971 139 29 tillräckligt
595 971 36 21 för
642 970 187 22 understödande
842 970 27 21 af
876 971 133 28 petitionen.

259 1000 54 21 Men
327 1001 153 28 petitionären
495 1000 79 22 ställer
594 1001 68 21 också
677 1000 8 22 i
701 1000 98 21 främsta
814 1002 97 20 rummet
927 1003 34 19 ett
971 1008 40 14 an-

184 1031 42 19 nat
241 1030 56 27 skäl,
313 1030 125 22 rättvisans
454 1031 54 28 skäl,
524 1031 43 21 och
584 1031 64 21 detta
663 1030 51 21 skäl
730 1032 26 18 är
768 1029 28 29 ju
810 1033 88 19 ensamt
909 1030 102 23 tillräck-

184 1059 53 29 ligt;
254 1061 27 27 ty
296 1060 115 22 rättvisan
425 1062 73 20 måste
513 1061 71 22 hafva
600 1061 37 21 sin
651 1060 69 30 gång,
737 1059 43 21 och
795 1059 70 22 hvem
874 1060 88 30 vågade
972 1060 39 22 väl

184 1090 117 28 uppträda
323 1092 48 20 mot
388 1091 120 27 rättvisan,
529 1091 55 21 eller
603 1091 69 21 hvem
691 1089 57 22 ville
768 1096 41 14 ens
827 1092 57 26 göra
902 1091 44 26 det,
965 1093 47 18 sär-

185 1119 57 21 skilt
262 1119 30 21 då
313 1120 38 21 det
372 1121 72 28 gäller
466 1121 110 28 qvinnan!
608 1121 54 21 Men
677 1119 53 21 icke
746 1118 43 22 allt
805 1122 25 18 är
845 1120 104 27 rättvisa,
963 1126 49 15 som

185 1151 67 26 tager
266 1150 31 28 på
312 1150 37 28 sig
364 1150 126 22 rättvisans
505 1158 75 14 namn.
619 1150 56 22 Man
689 1150 76 20 måste
786 1148 77 22 derför
878 1149 69 29 skilja
957 1149 55 21 mel-

184 1178 40 22 lan
239 1179 93 29 verklig
347 1180 43 21 och
406 1180 98 22 skenbar
517 1180 105 22 rättvisa,
645 1178 128 23 Rättvisan
784 1178 76 22 består
870 1179 51 21 icke
932 1179 82 26 deruti,

185 1210 36 20 att
244 1208 47 22 alla
311 1208 72 23 hafva
402 1217 87 15 samma
508 1210 55 22 eller
578 1210 49 22 lika
643 1207 145 29 rättigheter,
804 1211 58 19 utan
877 1209 74 28 enligt
966 1208 49 22 min

184 1238 97 29 mening
301 1238 50 22 deri
369 1242 35 19 att
430 1240 125 28 skaparens
581 1240 58 28 vilja
660 1240 59 26 sker,
736 1237 57 22 eller
808 1238 52 22 med
876 1238 71 22 andra
963 1238 50 22 ord:

184 1270 41 26 att,
246 1268 30 22 då
296 1268 62 22 olika
377 1270 70 28 anlag
465 1270 43 21 och
525 1270 84 28 gåfvor
625 1270 70 21 hafva
711 1266 82 23 blifvit
810 1268 27 21 af
849 1270 97 20 naturen
962 1268 54 21 ned-

184 1298 72 29 lagda
278 1298 36 22 uti
334 1298 63 22 olika
417 1299 101 29 skapade
538 1300 107 28 varelser,
662 1299 68 22 dessa
752 1296 62 22 olika
830 1298 101 22 varelser
947 1298 68 21 också

184 1329 38 20 må
242 1328 73 22 hafva
335 1328 113 30 rättighet
467 1331 36 19 att
518 1329 109 22 utveckla
642 1329 37 29 sig
694 1336 30 15 en
740 1326 60 22 hvar
815 1328 9 21 i
839 1328 177 22 öfverensstäm-

184 1357 71 22 melse
278 1357 53 22 med
351 1358 51 22 sina
422 1359 112 21 särskilda
554 1359 76 29 anlag,
646 1361 25 19 sä
690 1361 37 19 att
744 1363 29 15 en
788 1356 58 23 hvar
862 1358 8 21 i
885 1357 132 29 möjligaste

184 1387 74 21 måtto
278 1388 37 21 må
330 1387 73 23 blifva
419 1388 44 27 det,
480 1396 48 14 som
543 1388 47 22 hon
605 1389 47 21 kan
667 1389 43 21 och
728 1386 43 21 bör
786 1386 75 23 blifva
877 1387 74 28 enligt
966 1387 51 21 ska-

184 1423 84 23 parens
284 1417 79 29 afsigt.
394 1418 43 22 Om
452 1426 32 14 nu
498 1426 99 14 mannen
614 1418 42 22 och
672 1419 106 27 gvinnan
794 1417 72 22 hafva
880 1424 86 14 samma
976 1424 41 14 na-

185 1446 168 30 turbegåfning
373 1447 61 22 ända
455 1448 93 28 derhän,
569 1450 36 20 att
625 1456 53 14 man
698 1448 54 22 icke
768 1445 46 24 kan
829 1447 49 21 tala
893 1454 38 14 om
946 1448 73 27 något

184 1476 159 29 egendomligt
357 1478 99 28 manligt
466 1478 55 21 eller
531 1479 73 27 något
614 1478 160 28 egendomligt
784 1476 110 29 qvinligt;
905 1483 38 14 om
954 1483 63 14 man-

184 1512 46 15 nen
254 1505 44 22 och
321 1506 104 28 qvinnan
445 1510 39 19 äro
504 1507 28 22 af
547 1509 99 20 naturen
661 1507 123 22 bestämda
799 1506 38 22 till
853 1513 86 14 samma
956 1505 63 29 slags
