1073 1753
356 63 75 22 Pappiss.
443 63 11 18 7
465 67 18 18 p.
493 62 78 21 Maalisk.
583 63 50 18 1885.
837 61 35 19 291

82 121 26 21 sä
125 123 26 20 är
166 120 42 23 det
221 121 24 22 sä
260 121 93 28 mycket
368 128 63 15 mera
446 121 52 22 skäl
512 120 43 23 hos
571 128 37 15 oss
619 123 36 20 att
664 122 31 28 gå
705 121 146 22 betänksamt
861 121 47 22 till-

82 153 66 25 väga,
167 150 30 22 dä
214 150 25 22 vi
254 153 58 25 veta,
328 149 81 23 hvilka
423 150 117 29 ofantliga
554 149 145 30 svärigheter
713 150 71 22 redan
799 151 45 21 den
858 151 51 21 lilla

80 179 169 29 jordbrukaren
264 179 42 22 har
320 179 41 22 vid
375 179 37 23 sin
426 180 169 28 hemmanslott,
611 187 49 15 som
675 180 60 22 dock
750 180 46 22 kan
811 180 97 22 omfatta

83 208 55 22 flere
158 209 67 23 tiotal
244 209 119 28 tunnland,
378 209 37 22 för
430 212 35 20 att
480 209 25 23 få
520 210 41 22 det
576 216 49 16 som
640 210 47 21 han
702 209 43 22 och
760 210 58 22 hans
833 209 73 29 familj

81 238 142 30 nödtorftigt
242 238 115 23 behöfver.
387 239 46 22 Det
453 242 25 19 är
498 239 51 22 helt
567 241 72 20 annat
653 239 9 22 i
676 239 77 22 rikare
767 239 84 28 länder,
867 239 41 22 der

82 275 54 15 man
156 268 47 22 kan
222 268 106 22 använda
342 271 35 19 ett
391 269 56 21 eller
461 270 42 21 tvä
517 269 116 22 tunnland
648 270 30 28 pä
693 271 34 19 ett
742 268 165 22 fruktbärande

84 300 47 20 sätt
150 306 84 22 genom
254 300 35 20 att
309 298 52 22 odla
379 298 86 22 sädana
478 298 133 30 produkter,
627 306 48 14 som
691 300 36 20 stä
742 299 9 21 i
765 298 58 29 högt
837 298 71 23 värde

84 327 43 23 och
142 331 39 19 äro
196 328 45 22 lätt
256 328 89 27 afsatta,
361 335 53 15 men
429 328 42 22 hos
487 336 44 20 oss,
547 328 41 22 der
602 336 55 14 man
688 329 14 21 pä
717 336 28 14 en
755 328 58 22 liten
823 328 85 29 parcell

84 357 82 22 endast
180 357 47 22 kan
242 359 25 20 sä
282 360 26 19 ut
322 359 73 27 nägra
409 357 89 30 kappar
512 359 49 28 räg,
576 358 59 21 korn
650 365 27 14 och
708 360 95 27 potäter,
817 358 40 21 der
866 357 43 22 har

84 394 53 15 man
159 395 33 14 nu
214 387 51 23 icke
287 387 62 29 gjort
371 387 45 22 den
438 361 49 60 lösa
509 387 168 30 befolkningen
697 389 77 27 någon
793 387 115 28 väsentlig

82 419 75 26 nytta,
177 424 38 15 om
234 424 54 15 man
307 417 41 22 har
363 417 72 28 gifvit
449 417 44 23 den
510 425 30 14 en
554 417 36 22 bit
602 417 60 29 jord,
677 417 69 22 hvars
761 417 147 22 bebrukande

83 447 31 28 på
135 446 67 29 långt
224 450 42 18 när
288 447 50 22 icke
358 446 104 23 afkastar
482 447 40 22 det
542 447 183 28 nödvändigaste
740 447 37 22 till
792 446 116 30 familjens

84 476 128 27 underhåll;
233 484 53 14 men
305 477 39 21 väl
363 477 42 21 har
425 484 55 15 man
495 477 64 29 gjort
574 477 89 28 ganska
677 479 47 20 stor
740 477 71 22 skada
825 483 83 23 genom

84 507 36 21 att
139 505 125 23 förminska
282 506 44 22 den
341 507 8 21 i
363 507 88 21 mantal
466 509 61 20 satta
540 506 83 29 jorden
638 507 9 21 i
663 507 42 21 allt
719 506 36 22 för
770 508 48 21 små
833 507 74 26 lotter,

86 535 150 30 hvarigenom
255 536 94 29 jordens
370 536 71 22 värde
464 537 44 22 och
531 536 137 29 afkastning
688 536 9 21 i
717 536 119 30 betänklig
857 537 53 21 mån

88 565 143 22 förminskas.

159 595 126 22 Professori
305 595 101 23 Donner:
420 596 36 22 De
472 596 186 29 anmärkningar,
675 595 153 22 öfverläraren
843 594 68 23 Kihl-

88 632 54 15 man
156 625 81 30 gjorde
252 628 48 19 mot
310 627 33 20 ett
353 625 36 22 för
399 626 67 29 långt
475 627 89 28 gånget
590 625 240 30 parcelleringssystem,
840 625 72 22 hafva

88 655 36 22 för
143 655 71 30 långa
234 655 59 22 tider
310 655 70 22 sedan
395 655 73 29 gjorts
483 656 10 21 i
508 656 113 28 utlandet,
637 655 43 22 och
695 663 53 14 man
762 655 43 22 har
819 654 93 23 särskilt

88 685 46 21 fäst
154 685 37 28 sig
210 685 41 21 vid
271 685 43 21 den
329 685 208 29 omständigheten,
553 687 35 20 att
603 693 29 13 en
647 685 86 28 mängd
745 685 70 29 judar
830 685 82 28 inköpt

90 716 62 20 stora
174 714 143 29 egendomar,
339 714 136 30 parcellerat
495 715 53 21 dem
569 715 8 21 i
597 716 50 20 små
661 715 97 28 stycken
773 714 42 23 och
830 714 82 22 försålt

90 744 52 22 dem
162 744 38 22 till
219 744 58 29 högt
291 744 46 29 pris
352 744 36 22 för
403 744 81 29 hvarje
500 744 87 30 parcell
601 746 60 20 samt
677 744 95 22 sålunda
787 744 82 22 drifvit
883 750 29 15 en

89 774 85 22 handel
188 774 53 22 med
254 774 87 28 jorden,
351 774 80 22 afsedd
441 774 82 22 endast
533 774 37 22 för
580 776 48 20 stor
638 774 63 22 vinst
711 774 36 22 för
757 773 155 30 ögonblicket;

89 810 53 15 men
162 804 113 21 särskilda
293 803 160 29 förordningar
468 804 73 22 hafva
556 806 115 20 emanerat
686 804 36 21 för
737 806 35 20 att
787 803 82 22 hindra
884 810 29 14 en

90 833 71 22 sådan
183 833 90 22 handel.
302 833 49 22 Mot
374 833 85 29 sjelfva
481 834 182 29 parcelleringen
687 834 8 21 i
711 834 42 22 och
768 834 37 21 för
819 834 42 28 sig,
877 832 36 22 för

90 865 36 20 att
145 863 41 21 vid
203 863 83 29 jorden
301 863 60 22 fästa
375 866 72 19 större
463 864 64 22 antal
543 863 106 29 familjer,
664 863 65 29 gifva
744 863 52 22 dem
811 870 29 14 en
855 870 58 22 egen

89 892 78 23 torfva
180 894 75 21 såsom
269 893 111 29 underlag
394 893 37 22 för
445 894 80 28 stadig
540 893 138 29 bosättning,
693 895 47 19 mot
753 892 64 23 detta
826 894 87 27 system

88 922 10 22 i
114 922 43 22 och
172 922 36 22 för
223 923 36 28 sig
273 922 42 22 har
329 930 53 14 man
397 923 50 22 icke
463 923 91 22 kunnat
569 923 80 22 anföra
663 924 72 28 några
744 922 104 22 hållbara
857 921 56 23 skäl.

90 952 47 22 Det
151 952 132 22 framhålles
297 952 39 22 väl
351 955 35 19 att
398 953 145 29 jordbruket,
558 952 115 23 bedrifvet
689 953 7 21 i
707 953 70 21 större
788 952 64 22 skala
861 951 53 23 med

90 981 121 29 maskiner,
226 982 77 29 gifver
317 984 34 20 ett
366 982 180 30 fördelaktigare
561 982 102 28 resultat,
673 982 9 22 i
693 982 38 22 det
741 984 34 20 att
785 989 53 15 man
848 982 66 21 ernär

90 1011 107 29 billigare
219 1012 145 28 produktion,
386 1020 53 14 men
462 1012 64 22 hvad
547 1012 96 22 sålunda
662 1012 81 22 vinnes
763 1013 118 28 uppväges
901 1012 14 20 å

92 1041 72 22 andra
178 1041 67 22 sidan
260 1049 82 21 genom
357 1042 45 21 den
417 1042 105 22 enskilde
537 1042 132 21 arbetarens
685 1044 70 19 större
771 1048 90 21 omsorg
872 1040 43 23 och

91 1072 107 27 trägnare
213 1071 84 28 arbete,
311 1071 43 22 och
368 1071 141 29 inflytandet
524 1072 9 21 i
549 1071 80 22 socialt
644 1071 128 22 hänseende
787 1071 45 22 blir
847 1069 67 23 oänd-

91 1100 46 29 ligt
158 1101 94 28 mycket
274 1103 76 25 större,
373 1109 38 14 om
433 1109 29 14 en
484 1101 82 29 längre
589 1101 92 22 drifven
700 1100 151 30 parcellering
869 1099 47 22 kan

92 1130 91 22 komma
197 1130 38 21 till
250 1131 65 21 ständ
330 1130 43 23 och
387 1131 86 22 talrika
488 1131 205 28 arbetarefamiljer
704 1131 130 28 derigenom
844 1129 72 22 fästas

93 1159 41 28 vid
151 1159 88 29 jorden,
270 1160 36 22 Då
325 1161 52 22 vårt
397 1161 55 21 land
473 1168 56 21 eger
550 1161 29 22 75
599 1161 114 21 millioner
730 1159 115 23 tunnland
857 1159 59 29 jord,

94 1189 67 22 deraf
170 1189 99 29 ungefär
283 1191 40 21 två
337 1190 138 29 tredjedelar
491 1190 58 22 falla
563 1191 30 28 på
608 1191 93 28 privata
715 1190 91 27 händer,
821 1190 25 21 så
856 1189 61 22 inses

93 1219 45 21 lätt
160 1219 60 21 huru
241 1222 58 19 stort
315 1219 146 29 jordområde
481 1223 64 18 ännu
564 1223 25 18 är
604 1220 116 21 tilldeladt
734 1219 80 29 hvarje
829 1218 36 22 för
881 1218 37 28 sig

94 1248 123 22 bestående
234 1248 107 30 lägenhet
356 1250 43 21 och
415 1251 34 20 att
465 1249 89 22 således
570 1256 29 15 en
614 1249 116 29 bjudande
744 1247 174 29 nödvändighet

93 1278 89 22 fordrar
199 1286 30 14 en
247 1279 42 21 allt
305 1279 80 29 längre
400 1280 93 28 gången
508 1279 158 29 parcellering,
681 1286 37 14 om
749 1280 13 20 på
777 1278 75 21 denna
864 1277 54 29 jord

95 1314 29 16 en
144 1310 72 20 större
236 1308 136 29 befolkning
389 1308 59 22 skall
463 1308 82 22 kunna
558 1308 53 22 med
626 1308 85 22 lätthet
725 1308 84 22 lifnära
823 1306 37 29 sig
875 1306 43 23 och

95 1337 83 22 arbeta.
209 1338 48 28 Jag
271 1338 46 22 kan
331 1338 76 22 derför
423 1339 30 28 på
462 1338 63 22 intet
535 1340 48 20 sätt
593 1346 54 14 anse
658 1340 35 20 att
702 1338 81 29 frågan
793 1344 38 15 om
841 1336 77 22 utvid-

94 1366 47 29 gad
163 1368 211 28 parcelleringsrätt
396 1368 51 21 icke
470 1368 73 22 borde
565 1368 52 21 med
639 1370 84 19 största
742 1368 59 21 ifver
821 1366 41 22 hos
883 1373 37 15 oss

95 1396 156 29 understödas,
266 1399 27 26 ty
309 1397 43 22 den
368 1401 25 18 är
407 1400 35 19 ett
457 1397 77 22 medel
550 1399 35 20 att
595 1397 72 28 draga
676 1399 68 26 nytta
753 1397 27 21 af
787 1396 133 22 samhällets

96 1425 104 22 arbetare
215 1427 9 20 i
238 1427 166 28 mångdubbelt
418 1427 73 28 högre
507 1427 59 28 grad
581 1430 30 18 än
625 1426 63 22 hvad
702 1433 32 14 nu
745 1430 24 18 är
779 1425 72 22 fallet.
865 1425 56 21 Men

96 1455 30 22 dä
135 1456 54 21 mitt
197 1455 86 30 förslag
291 1456 42 21 och
342 1456 118 22 uttalande
466 1456 100 22 rörande
571 1456 144 29 jordskatten
725 1456 50 21 icke
785 1454 86 23 vunnit
878 1461 42 14 un-

98 1485 92 22 derstöd
205 1486 44 21 och
264 1486 91 21 särskilt
367 1486 28 21 dä
405 1488 96 26 prosten
511 1486 65 28 Lyra
583 1485 103 23 uttalade
694 1485 107 29 farhägor
809 1486 35 45 att
852 1484 70 22 äfven

838 1515 9 11 jul
