1073 1756
207 108 61 33 XLn
564 114 15 19 11
592 114 47 23 April.

187 180 94 29 följande
303 182 99 27 paragraf
422 182 7 21 i
451 182 24 22 L.
491 182 33 27 O.,
544 183 40 21 den
600 182 68 27 13:de,
684 183 37 21 der
736 182 36 22 det
787 182 54 22 talas
857 188 34 15 om
906 181 103 23 valrätten

189 216 33 22 till
243 216 158 28 bondeståndet,
423 216 32 22 för
478 219 33 20 att
533 216 57 23 finna
612 218 33 21 att
667 216 60 23 äfven
750 217 37 21 der
811 216 122 22 förutsättes
954 216 55 22 vissa

189 250 205 28 rättsförhållanden,
416 253 15 19 t.
454 258 31 15 ex.
509 251 108 26 mantalet,
640 257 46 15 som
709 250 122 22 tillkommit
849 256 76 22 genom
940 256 69 16 annan

189 284 130 27 lagstiftning
341 287 27 19 än
389 285 108 27 grundlag.
527 285 62 22 Hvad
611 285 33 21 för
666 285 62 27 öfrigt
751 285 107 21 olikheten
880 284 89 22 emellan
983 284 26 22 hr

189 318 87 22 Heikels
297 318 77 28 förslag
395 319 39 22 och
454 320 41 21 den
510 319 48 22 nåd.
575 326 59 20 prop.
650 319 137 27 vidkommer,
803 320 24 20 så
841 325 62 21 synes
917 318 36 21 det
967 318 42 27 mig

189 358 46 16 som
257 358 34 16 om
310 359 32 20 en,
364 359 26 16 en
411 354 54 27 gäng
487 353 33 22 för
542 353 49 27 alla,
614 353 6 22 i
635 353 62 27 lagen
711 353 96 22 bestämd
821 352 152 22 klassifikation
988 352 23 22 af

189 386 105 27 städerna,
317 386 108 28 åsyftande
446 390 32 19 att
500 394 52 15 vara
573 388 86 27 lämpad
681 388 54 21 efter
749 387 107 22 olikheten
871 387 7 21 i
892 386 117 26 förmögen-

190 420 205 23 hetsförhållandena
413 422 26 27 på
455 422 68 22 skilda
539 423 63 25 orter,
618 422 105 22 måhända
737 422 46 21 icke
798 421 44 21 lika
856 421 71 21 säkert
941 420 68 22 skulle

189 454 100 22 realisera
311 455 58 22 detta
391 456 52 28 syfte
459 462 45 16 som
527 456 41 22 den
587 456 31 22 uti
633 456 48 22 nåd.
696 462 60 21 prop.
771 455 119 27 föreslagna
905 454 102 28 grunden.

190 488 45 22 När
256 488 98 23 städerna
376 490 116 22 bestämma
514 490 38 22 sitt
571 490 179 27 skattörebelopp,
765 491 50 26 taga
830 490 27 21 de
871 488 73 23 dervid
959 489 50 21 hän-

189 529 38 21 syn
249 522 31 22 till
303 522 250 24 inkomstförhållandena
575 525 39 21 hos
635 524 92 22 flertalet
749 524 126 22 innevånare
898 524 27 26 på
940 525 67 24 orten,

162 556 3 4 "
190 556 119 23 oberoende
331 558 22 21 af
373 558 73 27 frågan
468 565 34 15 om
525 559 37 21 det
579 559 100 27 politiska
694 558 63 22 valet.
787 558 44 22 När
846 558 36 21 det
896 557 66 27 gäller
976 559 32 19 att

190 590 94 28 tillämpa
303 592 39 21 den
357 598 27 16 nu
399 592 118 28 föreslagna
531 593 126 27 röstskalan,
673 594 23 20 så
711 593 96 21 kommer
821 592 69 22 denna
904 590 104 28 sjelffallet

190 626 33 20 att
244 625 7 21 i
265 625 96 28 lämpligt
375 626 130 22 förhållande
520 627 84 21 ansluta
618 627 32 27 sig
665 626 32 22 till
712 626 186 22 existensvilkoren
914 625 38 22 och
967 625 40 21 för-

190 660 243 27 mögenhets-olikheten,
455 661 82 21 hvilket
551 661 46 22 icke
619 668 51 15 vore
688 660 137 28 garanteradt
839 666 76 21 genom
930 661 31 20 att
976 660 31 20 så-

190 699 46 15 som
254 693 25 21 hr
294 693 75 23 Heikel
383 694 114 28 föreslagit,
513 695 81 22 fördela
608 696 99 21 städerna
722 695 7 21 i
744 694 56 22 vissa
813 694 125 27 kategorier.
967 693 40 27 Jag

190 728 46 20 tror
254 729 31 20 att
301 728 67 22 denna
383 728 112 23 elasticitet
509 729 40 22 har
563 730 85 27 mycket
661 729 46 22 skäl
722 729 33 22 för
769 729 38 27 sig,
822 728 89 22 likasom
927 728 34 21 det
975 733 32 21 sy-

191 767 37 16 nes
246 762 42 27 mig
303 764 32 20 att
349 762 40 22 den
403 763 86 27 princip,
505 770 46 15 som
563 764 37 26 jag
615 770 48 21 nyss
679 766 36 24 tog
730 763 43 27 mig
787 762 90 22 friheten
891 761 116 27 framhålla,

191 795 105 27 nämligen
318 798 32 20 att
364 796 75 27 högsta
453 797 111 22 röstetalet
578 798 46 21 icke
639 798 66 21 borde
721 797 120 22 utsträckas
856 796 57 22 öfver
928 796 35 21 det
977 795 30 22 in-

191 829 153 29 komstbelopp,
367 836 44 16 som
434 831 80 22 medför
528 832 68 26 skälig
610 832 109 27 bergning,
735 831 60 22 äfven
811 830 88 22 sålunda
913 830 40 22 blir
967 829 40 22 till-

190 864 113 26 godosedd.

259 898 49 22 Med
329 897 78 23 fästadt
429 899 96 22 afseende
548 900 27 27 på
597 900 146 26 önskligheten
765 898 23 23 af
807 901 33 20 att
858 899 58 21 detta
931 898 76 22 ärende

190 932 66 21 måtte
278 932 71 22 kunna
370 932 47 23 leda
439 933 33 22 till
494 934 152 27 samstämmigt
669 934 75 26 beslut,
767 939 62 22 synes
848 933 36 21 det
899 932 47 27 mig,
961 938 45 16 som

189 966 69 22 skulle
279 968 78 20 största
378 967 111 27 anledning
511 968 73 27 finnas,
606 970 32 20 att
653 968 33 22 till
701 968 68 27 grund
785 967 32 22 för
831 967 70 21 beslut
915 968 92 26 upptaga

190 1000 36 21 det
248 1000 31 21 uti
298 1000 41 22 den
355 1001 47 21 nåd.
419 1008 58 21 prop.
493 1002 117 27 framlagda
624 1002 106 27 förslaget,
745 1001 87 27 hvilket,
845 1000 100 28 jemfördt
959 1000 48 22 med

189 1034 27 21 de
234 1034 65 27 öfriga
313 1034 84 28 förslag,
412 1042 45 15 som
471 1036 118 26 framträdt,
604 1036 67 22 borde
686 1036 105 22 erkännas
806 1035 89 22 beträda
909 1035 39 21 den
963 1034 44 28 gyl-

189 1067 47 23 lene
258 1068 141 27 medelvägen.
428 1070 42 21 Det
487 1072 24 20 är
525 1070 47 22 icke
587 1071 63 21 minst
665 1070 31 22 uti
712 1070 40 22 den
768 1070 100 27 politiska
882 1068 125 27 lagstiftnin-

188 1107 40 21 gen
250 1101 7 22 i
276 1103 48 20 vårt
345 1102 50 22 land
417 1103 22 22 af
457 1103 48 28 vigt,
521 1106 33 19 att
568 1111 48 15 man
631 1105 115 26 begränsar
761 1104 46 21 sina
821 1103 138 27 tillgöranden
974 1102 33 21 till

188 1135 96 28 måttliga
306 1136 39 21 och
367 1143 116 16 varsamma
505 1137 151 28 förändringar.
686 1138 41 27 Jag
749 1143 63 16 anser
836 1137 42 25 mig
892 1137 53 21 dock
960 1136 46 22 icke

188 1169 52 22 böra
262 1169 32 22 för
316 1170 42 21 min
381 1171 33 21 del
437 1171 105 22 bestämdt
564 1171 70 28 afböja
656 1172 41 22 den
719 1171 23 22 af
758 1171 26 22 hr
799 1171 76 22 Heikel
889 1171 117 26 föreslagna

188 1203 177 22 modifikationen.
390 1205 40 27 Jag
445 1206 64 26 vågar
523 1206 85 21 förorda
623 1206 32 21 till
669 1205 70 28 grund
753 1206 34 21 för
801 1205 92 22 beslutet
907 1205 40 21 den
957 1205 47 21 nåd.

186 1243 60 22 prop.
262 1238 56 21 .med
340 1238 51 22 eller
409 1241 51 19 utan
477 1240 66 21 sådan
558 1239 151 27 modifikation,
725 1246 46 15 som
787 1239 22 22 af
823 1239 26 22 hr
863 1239 75 22 Heikel
952 1239 54 22 före-

187 1271 80 27 slagits.
292 1272 40 27 Jag
347 1274 45 20 tror
407 1273 41 26 mig
463 1273 52 22 böra
528 1273 115 22 inskränka
658 1274 48 21 mitt
721 1273 116 22 anförande
853 1273 32 22 till
900 1273 35 22 det
945 1274 60 25 mått,

186 1305 101 22 hvarmed
308 1306 37 27 jag
359 1307 64 21 redan
439 1307 54 27 tagit
507 1307 213 28 uppmärksamheten
735 1307 8 22 i
758 1307 98 27 anspråk,
872 1307 27 22 då
913 1313 25 16 en
953 1307 53 22 före-

186 1339 80 26 gående
281 1340 52 21 ärad
348 1340 72 27 talare,
436 1341 25 21 hr
476 1341 119 27 Runeberg,
610 1341 116 22 framhållit
742 1342 76 27 många
833 1341 22 22 af
869 1341 25 22 de
909 1341 96 22 väsentli-

185 1375 60 25 gaste
267 1374 179 27 omständigheter
465 1375 36 28 jag
519 1381 76 16 annars
610 1375 67 22 skulle
693 1375 46 22 haft
753 1375 48 22 skäl
816 1377 32 20 att
862 1377 49 26 taga
925 1375 8 21 i
947 1375 59 22 skär-

185 1407 115 22 skådande.

253 1441 70 22 Herra
337 1442 124 23 Kivekäs:
477 1443 181 28 Täydentääkseni
673 1443 54 22 niitä
741 1443 81 27 tietoja,
835 1443 55 28 joita
902 1443 103 22 edusmies

185 1475 88 22 Castrén
296 1482 27 15 on
341 1478 76 20 tuonut
431 1477 52 22 esiin
497 1477 151 22 valaistakseen
664 1478 42 21 sitä
720 1477 94 27 seikkaa,
830 1479 44 20 että
888 1477 51 22 sekä
953 1477 50 22 keis.

184 1509 105 28 esityksen
305 1512 44 20 että
359 1510 139 23 valiokunnan
508 1511 115 22 mietinnön
634 1511 91 22 mukaan
736 1511 58 22 tulisi
805 1511 118 22 melkoinen
934 1513 70 21 määrä
