1075 1753
326 82 76 21 Pappiss.
414 81 23 18 20
449 86 16 17 p.
478 74 76 25 Maalisk.
565 81 49 18 1885.
812 81 35 18 381

58 140 98 22 skottets
178 139 144 23 betänkande
345 139 97 22 rörande
461 140 114 22 ordinarie
590 142 90 20 räntors
695 140 43 22 och
754 140 105 29 samtliga
875 139 8 22 i

58 170 103 29 spanmål
181 169 119 22 bestämda
312 169 154 29 jordskatters
481 169 151 30 förvandling
646 170 38 21 till
698 170 47 21 fixa
759 170 124 29 penninge-

59 199 83 29 belopp
161 199 41 22 vid
224 200 57 21 1877
297 200 36 21 års
348 199 118 29 landtdag.
496 199 55 22 Icke
566 199 73 22 heller
654 199 79 30 deltog
747 200 136 29 prestestån-

59 229 39 22 det
113 229 9 21 i
138 229 44 22 den
196 229 104 29 petition,
316 236 49 14 som
380 229 123 22 ständerna
519 230 25 21 år
560 230 58 21 1882
635 229 9 22 i
652 236 85 15 samma
746 229 61 29 syfte
815 229 68 22 fram-

58 259 63 26 buro,
144 259 96 22 emedan
263 258 38 22 det
324 259 64 27 fann,
405 259 95 22 hvilken
522 259 140 29 försämring
682 259 74 22 skulle
771 258 113 23 inträda
873 254 15 38 i

59 291 128 26 presternas
203 288 106 29 aflöning,
323 295 37 15 om
375 288 69 22 äfven
459 289 30 28 på
504 289 172 29 presterskapet
686 289 73 21 skulle
770 289 114 28 tillämpas

61 319 44 21 den
115 318 139 29 förändring,
271 320 34 20 att
321 318 44 27 det,
381 318 8 21 i
405 318 78 22 stället
497 319 37 21 för
550 320 34 20 att
600 319 74 21 såsom
682 318 62 22 förut
751 319 24 22 få
782 319 103 28 uppbära

61 348 35 22 sin
120 347 101 29 aflöning
241 348 25 21 in
284 350 88 26 natura,
388 348 73 21 skulle
477 348 87 22 erhålla
579 348 45 22 den
640 348 8 21 i
664 348 111 22 kontanta
790 348 95 29 pennin-

61 385 47 21 gar.
133 378 47 28 Jag
202 379 47 20 tror
272 377 38 22 det
329 380 25 18 är
370 377 51 22 bäst
438 380 34 19 att
487 378 114 22 vidblifva
616 377 40 22 det
672 380 47 20 sätt
735 380 33 19 att
783 378 102 29 uppbära

62 407 92 27 skatter,
170 414 48 14 som
234 406 62 22 förut
310 407 62 21 varit
387 407 97 29 vanligt.

133 437 88 21 Genom
237 437 44 21 den
296 438 25 20 af
333 437 138 28 regeringen
486 437 130 29 framlagda
631 435 171 31 propositionen
817 438 68 21 inträ-

63 467 39 21 der
121 466 51 22 icke
192 466 80 22 endast
288 474 28 14 en
331 466 106 29 betydlig
452 467 135 29 minskning
602 467 8 21 i
626 467 187 29 skattebeloppet,
828 474 57 22 upp-

63 496 135 22 kommande
214 496 67 22 deraf
294 498 34 20 att
343 504 54 14 man
413 496 8 22 i
436 496 197 30 undervisningen
649 496 72 22 infört
737 498 84 21 sådana
835 500 50 18 rän-

63 526 143 29 tepersedlar,
218 534 48 14 som
281 526 50 22 icke
347 526 149 29 oupphörligt
512 527 61 28 stiga
588 527 9 21 i
612 526 54 29 pris,
682 529 59 19 samt
757 527 129 29 derigenom

63 558 35 20 att
118 564 52 14 man
190 556 130 22 förvandlat
336 558 85 19 smöret
437 556 42 22 och
495 556 85 29 talgen,
596 564 48 14 som
660 556 88 22 fordom
763 556 123 22 inverkade

63 587 25 21 så
102 586 92 28 mycket
210 587 29 27 på
254 585 169 29 förhöjningen,
433 586 38 21 till
486 586 134 29 penningar,
636 588 57 19 utan
703 593 54 14 man
767 586 41 22 har
818 586 68 22 äfven

64 616 96 22 kommit
182 616 38 21 till
243 623 28 14 en
290 615 81 29 grund,
387 622 49 14 som
456 616 88 21 tillåter
562 616 44 22 den
622 615 119 22 förmodan
757 618 33 19 att
805 617 82 20 räntan

64 645 134 23 hädanefter
219 652 91 14 snarare
328 645 60 21 skall
411 645 56 22 falla
490 649 30 18 än
535 646 67 28 stiga.
632 645 118 22 Professor
765 645 122 22 Danielson

64 676 71 21 måste
150 675 55 28 sjelf
218 675 117 29 medgifva
352 677 34 19 att
401 674 45 22 den
461 676 148 27 proposition,
625 682 48 15 som
688 682 33 14 nu
736 679 25 17 är
774 674 113 29 framlagd

63 705 38 21 till
116 705 133 21 ständernas
264 704 147 29 behandling,
427 705 118 21 utmärker
560 705 37 28 sig
612 705 30 28 på
657 707 34 19 ett
702 704 133 29 förmånligt
842 706 46 20 sätt

64 734 95 22 framför
175 734 45 22 alla
235 734 57 28 dem,
303 741 48 14 som
367 734 63 21 förut
445 734 80 22 blifvit
534 734 134 29 framlagda.
694 734 46 29 Jag
747 734 46 22 kan
801 733 86 23 således

63 764 51 22 icke
138 766 70 19 annat
228 767 29 18 än
278 763 119 29 tillstyrka
414 764 172 21 Presteståndet
602 766 35 19 att
652 763 141 22 fortfarande
805 765 39 20 stå
859 764 29 28 på

64 794 36 21 sin
122 794 147 21 traditionela
291 793 76 29 grund
390 793 43 22 och
455 794 125 28 godkänna
598 793 64 22 detta
677 793 148 27 betänkande,
841 800 47 14 som

65 827 25 18 är
105 823 107 22 affattadt
228 824 9 21 i
252 831 85 14 samma
352 823 61 28 syfte
430 831 49 14 som
495 823 39 22 det
549 823 41 22 vid
606 823 136 30 föregående
753 823 136 28 landtdagar

64 853 108 29 godkänt.

135 883 36 21 Då
190 883 43 28 jag
248 883 42 21 har
305 883 64 21 ordet
385 883 40 21 ber
438 883 42 28 jag
496 885 35 19 att
550 883 24 21 få
590 885 57 27 göra
662 883 90 21 ståndet
767 881 122 30 uppmärk-

66 914 58 20 samt
146 913 76 28 derpå,
238 915 34 19 att
288 913 62 21 såväl
365 913 9 20 i
389 912 55 29 kejs.
459 913 175 28 propositionen
649 920 48 14 som
712 912 178 22 utskottsbetän-

65 942 85 22 kandet
165 942 140 22 förekomma
320 943 72 28 några
407 942 107 29 tryckfel.
537 943 12 20 I
565 942 45 22 den
625 942 62 22 förra
700 945 25 19 är
743 942 64 21 ordet
823 941 64 27 ,län*

66 972 140 29 bortglömdt
230 972 58 21 efter
311 972 65 21 ordet
398 989 10 10 ,
411 972 118 28 Nylands”
553 973 30 28 på
598 979 52 22 pag.
667 973 18 20 7.
716 972 49 21 Och
779 972 9 21 i
803 971 87 22 utskot-

66 1003 45 20 tets
133 1001 145 22 betänkande
298 1001 151 22 förekommer
471 1002 38 21 det
531 1002 30 21 fel
581 1003 30 27 på
626 1009 52 22 pag.
694 1002 20 27 5,
730 1004 35 19 att
780 1001 39 22 der
835 1002 55 21 står:

68 1034 42 25 vän
125 1031 9 21 i
149 1031 70 29 sagde
234 1031 71 22 tabell
320 1031 73 22 finnes
403 1033 139 27 upptaget";
554 1031 39 22 det
604 1031 60 22 skall
674 1031 62 27 heta;
749 1034 42 24 ,än
801 1031 8 21 i
820 1030 71 29 sagda

66 1061 142 29 proposition
222 1060 74 22 finnes
312 1061 133 29 upptaget".

138 1090 142 29 Yliopettaja
295 1090 118 22 Kihlman:
443 1090 46 22 Det
505 1094 26 18 är
546 1093 56 19 utan
618 1090 84 22 tvifvel
718 1090 25 22 af
751 1090 94 22 intresse
856 1092 35 18 att

69 1120 75 22 känna
159 1120 27 22 de
202 1120 56 27 skäl,
274 1120 64 22 som
330 1116 13 37 i
355 1120 94 28 Sverige
465 1120 82 22 verkat
563 1120 91 28 derhän,
671 1122 34 20 att
720 1120 31 21 fix
767 1120 124 28 penninge-

66 1152 68 20 ränta
149 1150 39 21 der
203 1150 79 22 blifvit
291 1152 112 26 antagen.
433 1150 35 21 De
484 1150 56 27 skäl,
556 1150 68 22 som
614 1145 15 37 i
640 1150 94 28 Sverige
749 1149 143 27 framhållits,

68 1183 38 18 äro
129 1180 77 28 likväl,
224 1180 75 21 såvidt
313 1180 41 28 jag
370 1180 93 27 känner,
479 1180 115 21 desamma
610 1187 49 14 som
674 1180 69 21 äfven
757 1180 42 20 här
813 1178 80 22 blifvit

68 1209 137 21 framhållna
228 1210 42 21 och
294 1216 47 15 som
365 1210 81 21 verkat
469 1209 93 28 derhän,
578 1211 36 19 att
634 1212 80 19 trenne
729 1209 66 22 stånd
811 1208 82 22 önskat

68 1241 35 19 att
118 1239 32 21 fix
165 1239 183 29 penningeränta
363 1239 69 21 äfven
447 1239 9 21 i
471 1239 102 21 Finland
585 1240 72 20 måtte
668 1239 91 22 införas,
782 1238 55 22 Man
847 1238 46 21 kan

68 1269 59 21 blott
148 1268 98 29 beklaga
264 1271 33 19 att
313 1268 66 22 dessa
394 1268 50 22 skäl
459 1268 51 22 icke
526 1269 106 21 inverkat
648 1270 29 28 på
692 1269 117 28 styrelsen.
840 1267 53 29 Sty-

67 1298 74 22 relsen
161 1298 42 22 har
223 1299 122 28 nämligen,
362 1299 73 21 såsom
451 1301 94 26 prosten
560 1298 66 29 Hjelt
641 1298 112 27 framhöll,
769 1297 70 22 redan
853 1296 42 22 vid

69 1329 57 21 1877
142 1329 36 20 års
194 1328 111 28 landtdag
320 1328 79 21 blifvit
415 1328 26 21 af
455 1328 125 22 ständerna
595 1328 111 22 anmodad
720 1330 33 20 att
771 1326 124 23 verkställa

68 1358 136 28 förändring
224 1358 9 21 i
254 1358 81 21 sådant
350 1358 62 28 syfte
428 1358 42 21 och
486 1358 70 22 äfven
571 1358 41 21 vid
627 1360 89 19 senaste
731 1357 110 28 landtdag
857 1364 38 21 pe-

68 1387 148 22 titionerades
232 1388 9 20 i
256 1387 66 28 dylik
338 1387 111 28 riktning.
473 1388 55 20 Men
539 1388 29 20 då
578 1388 114 27 styrelsen
702 1387 68 21 äfven
780 1394 31 13 nu
822 1386 73 27 tredje

70 1417 91 28 gången
177 1417 108 21 vidhållit
301 1417 35 20 sin
352 1417 150 28 ståndpunkt,
519 1419 34 19 att
568 1417 117 28 nämligen
699 1416 145 29 jordskatten
854 1415 42 21 bör

68 1446 88 21 betalas
172 1446 70 22 äfven
258 1446 72 21 delvis
347 1446 24 21 in
386 1448 89 25 natura,
492 1447 25 21 så
532 1447 42 20 har
589 1447 170 21 statsutskottet
774 1447 75 20 ansett
860 1444 37 29 sig

69 1476 55 21 böra
146 1475 118 29 tillstyrka
284 1476 44 21 den
349 1475 124 29 kejserliga
494 1476 176 29 propositionen,
686 1475 60 22 helst
761 1474 136 29 styrelsen
886 1470 16 39 i

69 1505 44 21 den
128 1513 32 13 nu
176 1505 128 29 föreslagna
315 1505 340 29 skatterubelundervisningen
670 1505 159 28 tillmötesgått
837 1506 60 19 stän-
