1073 1756
218 76 40 31 432
457 84 111 21 Pappiss.'23
580 88 16 18 p.
610 84 75 18 Maalisk.
695 83 52 19 1885.

183 140 38 22 till
238 140 60 23 intet
316 142 126 30 kraftigare
459 142 76 22 medel
550 146 31 18 än
596 144 36 20 att
646 142 123 30 påskynda
785 142 64 22 detta
863 142 90 22 försöks
967 147 41 17 am-

184 170 113 23 ställande
317 172 8 22 i
340 172 100 29 Kuopio.
473 172 48 29 Jag
535 172 44 22 vill
594 172 123 30 sluteligen
732 168 91 60 påpeka
837 179 29 14 en
881 171 127 30 origtighet

185 200 10 22 i
207 200 94 30 prosten
325 202 78 28 Hjelts
428 202 154 29 andragande,
606 202 29 22 då
653 204 94 27 prosten
785 202 44 29 Hjélt
845 202 53 22 sade
913 204 35 19 att
963 202 45 21 den

182 230 61 30 plan,
259 238 49 14 som
326 239 33 14 nu
381 235 26 18 är
425 234 100 26 antagen
548 232 27 22 af
595 232 129 28 ständerna,
741 239 40 15 var
796 232 110 29 uppstäld
921 232 26 21 af
958 232 49 28 lag-

184 260 43 22 och
234 260 223 24 ekonomiutskottet.
466 262 43 21 Om
517 262 39 22 det
564 269 54 14 vore
626 262 125 22 ständerna
756 269 49 15 som
811 262 115 21 utarbetat
933 261 74 22 denna

182 290 62 29 plan,
260 290 73 23 skulle
348 299 53 14 man
416 292 71 21 hafva
503 292 63 21 svårt
582 294 35 19 att
632 292 75 22 förstå
717 292 60 22 huru
787 292 134 22 ständernas
931 291 76 22 beslut

183 321 9 20 i
207 320 85 29 själfva
306 321 79 22 verket
401 321 96 22 kommit
513 323 35 20 att
563 322 38 21 till
616 322 126 29 ordalagen
757 322 74 21 blifva
846 323 71 27 något
928 329 79 14 annor-

183 350 72 22 lunda
278 353 29 19 än
329 351 62 22 hvad
405 351 9 22 i
429 351 42 22 sak
493 351 75 22 afsedt
586 359 48 14 var.
652 352 90 21 Planen
757 355 25 18 är
798 351 63 27 dock,
877 352 74 21 såsom
964 351 43 28 jag

182 379 71 22 redan
276 380 131 29 framhållit,
429 381 118 29 uppgjord
565 381 27 22 af
605 389 29 14 en
649 381 28 22 af
689 381 138 30 regeringen
843 382 57 21 1873
915 381 92 21 nedsatt

182 409 93 29 komité,
283 412 41 20 och
331 411 64 21 såväl
404 411 49 29 lag-
464 411 43 22 och
515 411 105 22 ekonomi
628 411 115 22 utskottet
752 419 48 14 som
808 411 121 22 ständerna
937 411 70 21 hafva

182 439 82 22 endast
287 440 90 29 antagit
399 441 44 21 den
463 441 27 21 af
505 441 103 22 komitén
624 441 133 29 fullfärdigt
772 441 130 29 uppgjorda
916 441 90 28 planen.

255 469 94 22 Tohtori
365 470 84 22 Geitlin
463 471 81 28 luopui
559 473 186 20 sananvuorosta.

252 499 108 22 Provasti
374 499 75 29 Lyra:
464 501 89 28 Pyysin
568 501 134 22 oikeastaan
717 507 160 16 sananvuoroa
891 499 114 23 osottaak-

183 528 49 22 seni
254 531 49 20 että
324 529 43 22 itse
390 530 180 29 Tampereenkin
593 531 101 28 puolella
717 531 77 22 olevat
824 530 181 22 mielenvikaiset

183 559 89 21 tulevat
291 560 126 28 paremmin
441 560 131 28 autetuiksi,
590 560 38 29 jos
651 561 145 28 täydellinen
818 561 67 21 laitos
906 560 100 21 tehdään

182 588 128 29 Kuopioon,
331 589 56 22 kuin
405 589 37 29 jos
465 590 54 21 sekä
534 590 154 29 Tampereelle
703 593 50 20 että
769 590 124 29 Kuopioon
907 589 98 22 tehdään

182 618 197 29 puolikuntoinen.
409 619 45 22 Sen
470 627 29 14 on
520 620 25 29 jo
564 620 124 29 professori
707 620 126 29 Runeberg
851 621 116 20 osottanut
979 619 26 28 ja

182 648 45 21 sitä
250 648 101 23 vieläkin
373 649 87 22 tahdon
481 651 143 26 muistuttaa,
647 652 48 19 että
716 650 65 29 juuri
800 649 104 30 säätyjen
919 649 86 22 tahdon

182 677 115 22 mukaista
317 685 30 15 on
365 681 86 20 asettaa
468 679 131 29 yhdistetty
619 687 126 22 parannus-
759 679 26 30 ja
806 679 131 22 hoitolaitos
958 686 46 14 mo-

182 707 96 29 lempiin
300 708 141 29 paikkoihin,
465 709 21 22 ei
501 709 121 28 yksistään
636 709 84 22 lähelle
735 709 124 29 Kuopiota,
875 709 52 22 eikä
940 709 63 21 kum-

182 737 123 28 paankaan
327 738 144 28 puolinaista.
494 752 27 3 —
538 739 146 22 Toisestakin
707 742 82 26 syystä
804 739 85 29 pyysin
904 739 100 29 puheen-

182 773 91 16 vuoroa.
311 767 80 23 Minua
413 769 94 26 säälitti,
529 771 49 19 että
600 769 165 22 Käkisalmeen
785 770 73 21 aiottu
873 769 131 21 hoitolaitos

181 798 219 27 parantumattomia
409 798 183 23 mielenvikaisia
601 799 26 29 ja
642 799 199 29 pariakymmentä
859 806 21 14 n.
899 806 16 14 s.
925 798 80 22 krimi-

183 826 144 23 naalihullua
349 829 81 20 varten
451 828 55 29 jäisi
531 829 210 28 pyyntöesityksen
767 829 81 21 kautta
874 829 131 21 aikaansaa-

181 857 80 27 matta,
274 856 37 29 jos
326 857 166 29 hyväksymme
505 859 160 21 vastalauseen
674 859 165 29 loppuponnen
849 858 156 22 sellaisenaan.

182 886 78 22 Mutta
278 887 92 21 toiselta
389 888 90 28 puolen,
499 888 37 29 jos
557 888 148 22 ehdotustani
725 896 42 14 sen
787 889 182 21 muuttamisesta
984 889 21 20 ei

181 915 131 29 kannateta,
335 916 51 22 niin
409 918 52 21 siitä
483 918 93 27 luovun,
592 918 51 22 sillä
659 919 63 21 minä
737 918 99 29 pelkään
851 920 49 20 että
915 925 23 14 se
953 920 51 20 taas

181 945 144 29 puoleltansa
348 946 57 22 voisi
428 949 62 20 estää
512 948 110 28 Kuopion
640 948 114 22 laitoksen
772 947 232 30 toimeenpanemista.

181 974 105 22 Tahtoisi
301 976 164 22 nKäkisalmea
479 977 118 22 koskevan
613 978 64 21 asian
690 978 76 28 jättää
781 978 140 21 hallituksen
936 977 69 22 huos-

180 1006 62 25 taan,
254 1001 10 39 :
265 1005 137 23 tahtomatta
434 1007 45 21 sitä
504 1007 62 21 asiaa
591 1007 222 22 välltämättömäksi
841 1007 94 22 ehdoksi
960 1009 45 27 nyt

180 1034 218 29 puheena-olevalle.
429 1036 102 22 Hallitus
547 1037 123 22 kuitenkin
685 1037 106 29 paraiten
806 1037 39 22 voi
857 1038 69 21 tietää
935 1037 70 21 missä

179 1064 90 22 määrin
284 1066 129 21 semmoista
423 1066 91 23 laitesta
529 1069 80 19 varten
619 1067 80 29 varoja
709 1067 86 28 riittää,
803 1067 42 29 jos,
857 1067 70 21 kuten
937 1067 66 21 luon-

179 1094 116 22 nolliselta
317 1097 102 27 näyttää,
442 1104 23 13 se
480 1096 89 22 valtion
592 1096 78 22 omilla
693 1096 97 22 varoilla
806 1104 29 14 on
849 1096 154 29 toimeenpan-

179 1125 62 20 tava.
259 1137 30 3 —
307 1124 64 22 Minä
389 1125 40 22 siis
447 1126 80 21 kaikin
544 1126 82 29 puolin
646 1126 120 22 kannatan
786 1126 122 29 professori
925 1126 78 22 Rune-

179 1153 83 29 bergin
276 1154 126 22 lausuntoa.

250 1183 143 29 Yliopettaja
407 1185 115 21 Kihlman:
557 1185 122 22 Utskottet
697 1186 43 21 har
759 1186 120 28 föreslagit
897 1188 33 20 att
945 1185 59 29 peti-

178 1212 82 22 tionen
274 1213 51 21 icke
340 1214 75 22 skulle
432 1214 118 22 föranleda
568 1215 36 21 till
622 1216 78 28 någon
715 1215 88 29 åtgärd,
819 1223 52 14 men
887 1215 40 22 har
942 1215 62 29 gjort

179 1242 65 22 detta
260 1243 73 21 under
348 1243 44 22 den
407 1244 171 30 förutsättning,
590 1247 34 19 att
634 1245 121 29 Styrelsen
765 1245 74 21 skulle
849 1244 100 29 fullfölja
959 1245 45 21 den

178 1271 56 29 plan
248 1272 38 22 till
301 1273 142 29 utvidgning
458 1274 26 22 af
497 1274 127 22 därvärden
637 1275 8 21 i
656 1274 85 27 landet,
750 1282 48 14 som
810 1276 146 21 1877—1878
967 1276 37 20 års

179 1302 93 22 ständer
288 1304 90 28 antogo.
408 1304 49 21 Mot
472 1304 124 22 utskottets
610 1304 87 29 förslag
708 1304 73 22 hafva
788 1307 73 19 röster
870 1304 61 29 höjts
941 1304 62 22 inom

179 1330 65 22 detta
262 1332 74 28 stånd,
355 1332 43 22 och
413 1340 53 15 man
481 1333 42 22 har
538 1334 90 22 förenat
643 1334 38 29 sig
696 1342 38 14 om
750 1334 44 22 den
809 1334 130 27 resolution,
955 1341 49 15 som

178 1364 26 18 är
221 1361 129 29 petitionen
365 1362 116 30 vidfogad.
511 1363 67 22 Flere
594 1364 67 22 ärade
677 1364 74 22 talare
765 1364 71 22 hafva
851 1364 50 21 icke
916 1364 89 21 kunnat

178 1390 82 22 förena
282 1391 37 29 sig
341 1398 37 15 om
396 1393 125 21 utskottets
544 1393 93 29 förslag,
653 1396 34 19 att
703 1394 125 28 ingenting
843 1394 73 21 skulle
931 1396 73 26 göras.

177 1420 117 22 Behofvet
309 1421 27 21 af
349 1421 137 23 därvärdens
502 1422 139 30 förbättring
656 1426 26 18 är
697 1424 27 21 sä
739 1426 64 24 stort,
819 1425 36 19 att
864 1430 53 14 man
927 1426 77 18 ansett

177 1449 37 29 sig
230 1450 55 22 böra
300 1450 67 29 gifva
381 1454 35 19 ett
431 1452 94 29 uttryck
541 1454 24 21 åt
580 1453 97 22 känslan
692 1453 28 22 af
731 1453 64 22 detta
805 1453 75 22 behof.
910 1452 53 22 Men
974 1452 29 23 dä

176 1486 55 15 man
246 1481 42 21 vill
304 1481 91 22 besluta
409 1484 36 20 att
461 1483 40 21 hos
517 1483 137 28 regeringen
672 1487 58 25 göra
745 1491 29 14 en
789 1483 104 29 petition,
908 1484 96 27 uppstär

177 1508 43 22 här
243 1517 30 15 en
295 1511 124 29 svårighet,
438 1512 59 22 huru
513 1513 75 21 denna
603 1513 98 28 petition
717 1513 60 21 skall
794 1512 137 27 formuleras,
948 1512 55 23 eller
