1073 1731
452 116 14 25 H
480 117 49 28 br.
840 117 34 22 LV

77 199 57 20 visäs
156 197 61 22 äfven
238 197 48 22 från
307 196 67 23 andrä
396 197 60 22 sidan
479 197 39 22 och
534 195 78 23 främst
626 195 49 22 från
690 194 146 29 pliiralitetens
851 195 46 22 sida

77 232 8 21 i
106 233 36 20 det
164 230 67 28 stånd,
254 237 45 16 som
319 230 39 23 har
372 229 61 29 gifvit
448 231 115 27 anledning
578 229 33 23 till
626 231 70 21 denna
711 229 164 22 sammankomst
889 229 8 20 i

78 267 36 20 det
135 265 95 22 uttalade
252 265 53 28 syfte
327 267 32 20 att
381 261 148 26 ästadkomitia
544 271 27 16 en
584 263 115 28 jemkning,
714 265 49 20 men
777 263 47 22 från
838 263 58 22 detta

78 299 62 23 ständ
161 300 53 22 eller
234 300 48 21 dess
305 297 109 30 plurälitet
435 298 40 23 har
497 300 55 21 intet
566 298 82 28 förslag
662 297 70 23 blifvit
747 298 61 21 väckt
822 297 34 22 till
870 303 26 16 en

77 334 67 22 sådan
158 334 120 27 medelväg;
292 335 92 20 tvärtom
399 333 63 22 hafva
478 332 43 23 alla
538 333 68 22 talare
616 333 48 22 från
681 332 69 22 denria
760 333 45 21 sida
815 333 82 25 strängt

77 369 61 22 hållit
160 369 35 21 vid
218 368 35 21 det
274 368 80 27 förslag
376 375 45 14 som
443 370 25 19 är
489 367 123 22 framstäldt
634 368 7 20 i
656 367 156 22 reservationen
827 372 33 15 n:o
876 366 19 21 2.

77 403 73 22 Under
165 402 79 22 sädana
258 402 147 22 förhällanden
419 403 69 21 finnes
503 402 66 27 enligt
584 402 43 21 min
638 401 64 22 tanke
712 402 63 27 ingen
785 399 111 27 anledhing

76 438 34 21 att
124 437 69 21 uttala
208 437 6 21 i
229 437 84 21 hvilken
327 437 49 21 män
392 443 49 15 man
456 443 51 15 vore
517 434 126 29 beredvillig
654 437 32 20 att
698 435 26 28 gä
735 435 47 22 frän
792 435 32 22 sin
834 435 61 26 äsigt,

77 471 33 22 för
132 471 32 22 att
186 471 74 27 bringa
282 471 32 21 till
337 471 62 22 ständ
420 477 27 16 en
469 471 90 27 lösning,
576 477 34 15 om
625 467 65 25 hvars
705 469 142 22 önskvärdhet
860 469 36 27 jag

77 506 82 27 hoppas
180 505 49 27 alla,
252 505 52 22 eller
326 505 127 22 ätminstone
476 502 26 25 de
525 505 67 31 flesta,
616 505 72 21 kunna
702 504 72 22 förena
789 504 37 27 sig.
856 503 40 27 Jag

76 540 39 22 ber
136 538 56 23 blott
206 539 8 21 i
228 539 112 27 anledning
355 539 23 22 af
392 539 36 22 det
443 540 24 21 af
479 540 26 21 hr
520 537 78 24 Heikel
612 538 126 23 framstälda
751 537 145 28 förmedlings-

77 574 103 27 förslaget
198 575 32 20 att
244 573 22 22 få
280 575 52 26 göra
346 575 32 20 ett
391 578 41 23 par
447 574 171 27 anmärkningar.
649 573 32 22 Hr
696 572 76 23 Heikel
786 573 40 21 har
840 572 55 21 klas-

76 609 93 21 sificerat
184 608 100 21 städerna
299 608 53 21 efter
367 608 62 21 deras
444 608 134 21 invänäreta]
593 609 39 21 och
644 608 36 21 det
690 607 42 22 kan
740 608 25 27 ju
774 607 46 22 icke
830 606 65 22 nekas

77 644 32 20 att
131 649 26 15 en
179 642 66 21 sådan
266 638 153 25 klassifikation
442 644 25 19 är
489 641 49 22 vida
558 643 32 21 att
605 642 113 27 föredraga
732 641 88 22 framför
834 640 61 22 den
879 634 18 40 i

76 677 49 22 näd.
147 683 60 20 prop.
229 677 119 26 föreslagna
371 676 53 21 efter
447 674 113 29 skattöret,
583 677 82 20 hvilket
686 678 25 19 är
733 676 103 21 variabelt
856 675 38 22 och

76 711 108 22 dessutom
204 713 24 19 är
243 711 104 22 beroende
363 710 19 27 ej
398 711 55 21 blott
469 709 24 23 af
505 709 284 28 kommunal-förordningen
804 710 33 21 för
852 711 42 20 stä-

76 745 66 22 derna
156 747 52 20 utan
222 745 62 22 äfven
298 743 22 24 af
334 745 70 21 beslut
419 745 28 26 pä
462 744 172 23 rädhusstämma
644 745 62 21 hvart
716 745 68 27 tredje
794 744 29 22 år.
846 744 48 21 Men

75 779 55 22 efter
148 780 41 21 den
203 779 120 22 erfarenhet
335 779 36 27 jag
386 779 38 21 har
440 785 35 16 om
490 779 229 22 lefnadskostnaderna
733 779 8 21 i
755 779 83 22 landets
852 780 42 20 stä-

76 814 44 26 der,
140 816 46 19 tror
198 813 37 28 jag
248 813 47 22 icke
310 815 32 20 att
356 812 156 23 invänaretalet
526 814 83 21 lemnar
624 820 37 15 ens
676 813 69 28 nägon
759 812 135 23 närmelsevis

76 848 62 22 säker
160 848 85 27 ledning
266 847 34 22 för
321 846 168 29 uppskattandet
507 846 24 23 af
544 849 62 20 dessa
621 847 203 22 lefnadskostnader.
854 847 39 26 Jag

75 882 81 22 känner
176 881 122 28 smästäder,
321 882 38 21 der
377 880 229 23 lefnadskostnaderna
621 884 37 19 äro
673 882 83 27 mycket
771 882 71 27 dryga,
858 887 36 15 an-

74 917 44 26 dra,
142 917 38 21 der
202 917 25 21 de
249 918 37 19 äro
306 916 98 27 ofantligt
419 916 81 27 billiga,
516 916 40 21 och
572 917 108 21 dessutom
695 918 24 19 är
734 916 109 22 städernas
858 915 36 22 be-

73 950 164 28 folkningssiffra
258 951 100 26 variabel,
382 956 25 15 en
429 951 35 20 del
480 951 72 21 städer
566 951 28 26 gä
608 951 78 21 framät
701 951 48 21 med
763 951 63 21 raska
841 951 52 26 steg,

74 991 27 15 en
122 991 70 15 annan
214 985 34 21 del
265 984 44 22 stär
324 985 62 26 stilla,
403 985 68 26 nägra
488 985 23 21 fä
525 985 27 27 gä
568 985 96 27 tillbaka,
681 985 39 22 och
734 991 50 16 vare
799 985 31 26 sig
845 990 49 15 män

74 1019 37 21 vill
132 1019 45 21 låta
198 1019 95 27 grunden
308 1019 33 22 för
355 1019 192 28 röstberäkningen
561 1018 101 23 förändra
678 1020 30 27 sig
723 1020 6 21 i
745 1024 79 17 samma
838 1018 54 27 män,

74 1059 46 16 som
141 1053 111 22 städernas
274 1053 131 22 invänaretal
420 1053 97 28 undergå
532 1053 132 28 förändring,
680 1054 51 22 eller
745 1061 34 14 om
794 1059 49 16 man
857 1053 37 21 vill

74 1086 44 23 läta
147 1087 40 22 den
216 1088 118 21 oberoende
363 1089 23 20 af
409 1087 82 22 sädana
515 1088 149 27 förändringar
687 1089 99 21 förblifva
808 1087 85 22 stäende

74 1121 27 28 pä
125 1128 81 15 samma
227 1122 73 27 punkt,
323 1129 45 15 som
390 1129 26 14 en
438 1121 57 28 gång
518 1122 70 22 blifvit
610 1122 104 27 faststäld,
737 1122 64 22 råkar
823 1128 47 15 man
886 1121 8 21 i

74 1155 104 22 hvardera
200 1155 59 23 fallet
280 1158 25 19 ut
326 1157 33 21 för
374 1156 62 21 svåra
451 1157 186 26 inkonseqvenser.
666 1157 41 27 Jag
721 1157 39 21 har
774 1157 73 21 vidare
862 1152 32 25 att

74 1192 56 19 emot
152 1190 59 22 detta
233 1191 51 27 eljes
305 1197 41 21 nog
368 1191 172 21 beaktansvärda
562 1191 80 27 förslag
656 1193 53 25 göra
723 1191 63 22 också
802 1191 40 21 den
857 1197 37 14 an-

73 1224 139 28 märkningen
234 1227 31 19 att
284 1225 36 22 det
335 1226 53 21 lider
403 1225 23 21 af
440 1229 83 18 samma
538 1226 28 21 fel
582 1232 45 15 som
642 1226 40 22 den
697 1226 48 21 nåd.
760 1232 59 21 prop.
835 1224 58 21 näm-

73 1258 56 28 ligen
151 1258 32 22 att
204 1261 53 25 göra
274 1266 26 15 en
316 1260 55 21 ökad
386 1259 94 22 inkomst
495 1259 23 22 af
532 1260 76 21 endast
623 1259 41 23 200
680 1260 60 22 mark
754 1257 33 25 fill
802 1260 92 21 bestäm-

73 1293 75 21 mande
171 1292 71 23 faktor
263 1293 34 22 för
319 1295 31 20 ett
372 1293 65 22 ökadt
453 1292 117 29 inflytande
585 1295 36 21 vid
635 1293 257 29 landtdagsmannavalen.

73 1327 47 21 Den
135 1327 81 21 olikhet
230 1328 7 20 i
251 1328 89 22 röstetal
355 1328 35 22 vid
405 1328 236 27 landtdagsmannaval,
658 1335 45 15 som
717 1335 49 15 man
776 1328 117 27 uppställer

73 1361 27 27 på
121 1362 68 26 grund
211 1362 23 21 af
246 1362 150 25 inkomsterna,
411 1363 97 26 grundar
523 1363 32 27 sig
569 1363 135 27 naturligtvis
718 1363 65 27 derpå
798 1364 32 20 att
844 1367 49 17 man

73 1402 62 15 anser
156 1402 26 15 en
205 1398 68 20 större
292 1396 93 22 inkomst
399 1396 99 22 medföra
513 1403 26 15 en
554 1397 70 22 bättre
640 1398 64 21 social
720 1398 104 26 ställning,
840 1396 53 22 hvil-

73 1429 41 21 ken
136 1430 46 22 åter
204 1432 63 26 utgör
282 1436 26 16 en
322 1431 84 27 garanti
421 1430 34 22 för
471 1432 70 20 större
556 1431 168 28 sjelfständighet
739 1432 39 21 och
793 1437 99 21 mognare

72 1464 70 26 insigt,
165 1470 49 16 men
236 1471 26 15 en
277 1464 66 22 sådan
358 1465 81 21 olikhet
454 1466 8 20 i
479 1466 42 21 den
536 1466 80 21 sociala
630 1466 132 27 ställningen,
778 1471 50 21 eger
842 1466 51 26 näp-

72 1498 83 26 peligen
172 1505 47 15 rum
234 1500 90 20 emellan
339 1505 107 21 personer,
464 1500 84 22 hvilkas
563 1500 117 22 inkomster
695 1501 74 21 endast
784 1498 62 28 skilja
862 1499 31 27 sig

72 1532 49 21 med
136 1532 42 22 200
192 1533 67 21 mark.
282 1534 43 20 För
340 1533 43 21 min
398 1533 35 21 del
447 1540 54 15 vore
514 1534 37 27 jag
566 1534 77 26 derför,
660 1535 6 20 i
682 1535 99 21 händelse
797 1534 31 20 ett
838 1540 56 15 sam-
