1078 1739
203 97 11 17 4
427 99 75 22 Pappiss.
514 99 50 18 1885.
589 99 18 18 16
619 103 17 18 p.
648 99 77 18 Tammik.

167 156 198 22 tillfredsställelse
387 165 77 14 menar
485 157 43 30 jag
548 158 51 21 icke
619 157 49 27 den,
685 164 49 15 som
753 156 70 23 äfven
844 157 7 20 i
873 157 47 21 viss
936 157 52 21 mån

168 186 77 22 kunde
265 190 55 25 göra
340 187 36 29 sig
390 187 112 28 gällande,
518 189 35 20 att
567 188 50 28 mig
631 187 81 22 blifvit
726 186 106 22 tilldelad
847 186 44 21 den
906 186 9 21 i
929 186 60 21 med-

167 217 127 28 borgerligt
311 217 125 22 hänseende
452 219 62 20 stora
528 217 156 22 utmärkelsen
698 219 36 20 att
748 216 25 22 få
787 216 52 21 leda
849 215 141 23 förhandlin-

167 254 71 21 garne
254 247 9 21 i
278 246 73 22 denna
367 247 133 29 församling
515 247 27 22 af
555 247 110 29 höglärde
681 247 43 22 och
740 246 57 29 högt
813 245 124 29 vördade,
928 241 11 39 i
952 245 38 22 lit-

167 278 51 20 vets
233 276 105 29 djupaste
354 277 122 28 sanningar
492 277 141 30 insigtsfulle
648 277 43 22 och
707 276 89 22 erfarne
810 279 58 25 män,
879 277 56 20 utan
945 275 45 22 den

167 307 26 20 af
211 306 50 29 mig
279 306 40 21 vid
335 306 62 22 detta
411 306 92 23 tillfälle
519 307 68 29 djupt
602 307 118 22 senterade
735 306 214 21 tillfredsställelsen
964 309 24 18 är

168 336 45 21 den
232 335 84 30 glädje,
329 336 42 29 jag
391 336 85 22 känner
492 337 106 22 deröfver
613 339 35 19 att
662 337 31 28 vi,
709 343 48 15 som
773 336 41 21 här
829 343 32 14 nu
876 343 111 14 samman-

167 366 67 28 trädt,
255 365 70 22 hafva
345 366 62 29 gjort
427 367 39 21 det
485 367 52 21 med
557 368 30 27 på
602 367 39 28 lag
656 366 118 29 grundade
790 365 98 29 anspråk
903 367 35 20 att
952 366 34 21 så-

167 403 48 14 som
230 403 29 14 en
274 396 52 21 med
340 396 88 21 landets
439 397 75 28 öfriga
525 396 98 22 Ständer
631 396 135 29 jembördig,
777 395 154 29 rådplägande
941 395 45 22 för-

167 425 98 29 samling
285 425 70 21 varda
375 426 163 29 respekterade,
554 427 71 21 varda
645 426 39 21 det
705 427 73 21 såsom
793 425 148 29 prestestånd,
958 438 27 2 —

166 455 143 29 prestestånd
329 455 8 21 i
357 455 44 22 den
421 456 141 22 omfattande
577 456 93 28 mening
686 463 48 15 som
750 455 64 21 detta
828 455 41 21 ord
885 455 26 21 af
924 454 62 22 ålder

166 485 52 21 haft
234 485 43 21 och
292 484 107 23 särskildt
413 486 8 20 i
440 486 43 21 den
498 486 179 28 protestantiska
692 485 91 29 kyrkan
798 484 73 30 aldrig
886 484 100 30 upphört

167 517 34 19 att
216 514 77 28 hafva,
308 515 139 22 omfattande
462 516 117 28 nämligen
595 516 50 21 icke
660 516 60 21 blott
736 515 57 27 dem,
804 522 48 14 som
866 518 38 18 äro
914 515 72 21 lärare

167 545 7 21 i
194 544 164 29 församlingen
378 545 7 21 i
405 545 73 22 ordets
494 546 119 28 egentliga
628 546 98 28 mening,
743 547 56 19 utan
814 544 69 22 äfven
898 544 88 22 lärarne

167 574 40 22 vid
228 574 125 29 högskolan
374 575 41 21 och
436 575 262 22 elementarläroverken.
732 575 46 21 Det
798 574 46 22 kan
864 574 122 28 omöjligen

166 604 105 22 förnekas
293 606 34 20 att
346 605 165 28 presteståndet
532 607 167 27 representerar
718 605 28 21 de
762 604 82 29 högsta
859 604 42 22 och
916 604 70 28 vigti-

166 636 70 27 gaste,
257 634 28 21 de
305 634 38 22 det
364 634 92 30 andliga
475 635 79 22 lifvets
575 635 63 21 helsa
653 634 187 22 konstituerande
854 634 131 22 intressena.

166 664 43 22 Att
229 664 24 22 vi
273 668 38 17 äro
332 664 137 22 tillsamman
490 672 46 14 som
559 667 34 19 ett
613 665 73 27 stånd,
702 665 36 21 för
754 666 34 20 att
803 664 133 28 öfverlägga
950 666 35 18 rö-

166 694 70 22 rande
252 694 192 22 fäderneslandets
461 695 195 29 angelägenheter,
672 698 26 18 är
712 694 126 28 ingalunda
853 694 71 28 något
939 700 46 14 som

167 731 53 14 vore
235 723 141 22 främmande
391 724 36 22 för
441 724 44 22 den
495 725 155 29 uppfattning,
662 732 49 14 som
722 724 44 21 den
777 723 146 29 evangeliska
933 723 51 28 kyr-

167 754 46 21 kan
228 753 42 22 har
285 761 37 14 om
337 754 41 21 sitt
393 755 148 28 prestestånd.
566 755 50 21 Den
633 754 147 29 evangeliska
795 754 89 28 kyrkan
894 752 42 22 har
946 752 40 22 all-

166 784 35 20 tid
222 784 8 20 i
251 783 74 21 ordets
346 784 104 29 djupaste
468 785 94 28 mening
577 784 80 22 erkänt
672 784 128 28 sanningen
816 783 25 21 af
855 783 39 21 det
908 782 78 29 gamla

166 814 124 21 talesättet:
312 814 46 26 ,nil
379 814 90 22 hunani
489 822 13 14 a
522 822 33 14 me
574 814 96 22 alienum
681 815 76 26 puto*.
787 813 35 28 Ty
838 812 46 22 hon
898 814 40 20 vet
953 814 34 20 att

167 843 44 21 den
226 850 71 14 sanna
312 844 156 21 humaniteten
482 844 42 22 har
539 844 41 22 sitt
595 844 130 22 ankarfäste
742 844 8 20 i
765 843 93 21 Kristus
868 842 43 22 och
921 842 65 22 Hans

167 872 160 30 uppenbarade
347 874 45 20 ord.
424 874 30 22 Vi
474 874 55 22 böra
548 874 75 22 derför
641 874 51 21 icke
707 874 48 21 låta
770 880 35 14 oss
818 872 84 22 rubbas
912 871 26 22 af
945 872 41 21 vär

166 903 152 28 uppfattning
338 903 26 21 af
380 904 178 28 presteståndets
574 904 8 21 i
596 905 51 20 vårt
662 904 55 21 land
732 902 182 28 medborgerliga
929 909 57 21 upp-

167 933 51 28 gift,
234 934 25 20 så
274 932 92 29 mycket
381 936 29 18 än
426 941 52 14 man
494 934 8 20 i
518 942 29 12 en
562 941 78 14 senare
655 934 35 21 tid
704 934 42 20 har
756 932 123 22 framställt
890 932 38 20 det
938 938 47 14 som

167 969 28 14 en
210 962 173 28 inkonseqvens,
399 970 47 14 som
462 971 28 13 en
506 963 103 26 anomali,
625 963 55 21 eller
695 969 49 15 som
760 969 28 14 en
799 961 128 28 antiqvitet,
939 967 47 15 som

166 993 71 27 något
257 991 131 29 föråldradt,
409 995 33 19 att
460 993 171 28 presteståndet,
647 1000 48 14 som
711 992 87 27 sådant,
814 991 58 22 skall
888 998 54 14 vara
957 997 28 14 en

166 1021 160 29 integrerande
337 1022 37 21 del
385 1022 26 21 af
419 1023 263 28 folkrepresentationen.
700 1023 46 20 Det
757 1025 25 18 är
792 1023 57 26 sant,
860 1023 34 19 att
905 1020 80 22 sådant

166 1051 79 22 blifvit
260 1051 52 22 med
327 1052 97 28 mycken
440 1053 157 21 tvärsäkerhet
611 1052 109 28 uttaladt;
742 1051 42 22 och
800 1053 35 20 att
850 1051 136 28 prestestån-

167 1081 38 21 det
225 1081 125 28 uppträder
368 1083 72 20 såsom
456 1084 33 19 ett
504 1082 108 21 särskildt
627 1081 191 29 landtdagsstånd
834 1087 67 21 synes
916 1079 71 22 strida

167 1113 61 19 emot
244 1118 29 13 en
287 1111 48 21 viss
352 1111 97 27 doktrin,
465 1119 47 14 som
528 1112 62 29 gjort
606 1112 41 21 och
664 1112 66 21 söker
746 1111 42 22 allt
798 1110 78 22 vidare
887 1112 55 26 göra
952 1109 36 28 sig

166 1140 115 29 gällande,
298 1140 74 29 enligt
392 1141 93 22 hvilken
506 1142 39 21 det
565 1141 73 22 skulle
658 1142 56 21 höra
729 1141 38 21 till
783 1140 38 22 det
837 1139 149 30 parlamenta-

166 1170 61 21 riska
242 1170 158 22 statsskickets
416 1171 98 22 väsende
530 1173 34 20 att
579 1179 55 14 vara
649 1171 79 22 skuret
742 1170 59 21 efter
811 1177 28 14 en
850 1169 42 22 och
902 1176 86 14 samma

165 1200 63 21 snitt.
259 1200 53 21 Men
333 1200 60 22 hvad
413 1209 31 13 nu
464 1201 68 22 också
552 1209 29 14 en
601 1201 36 21 för
656 1201 76 28 dagen
752 1200 106 29 gällande
878 1199 57 21 teori
950 1199 37 20 må

166 1229 70 22 hafva
257 1232 35 19 att
312 1233 55 25 säga
388 1233 59 19 emot
463 1231 176 28 presteståndets
654 1230 160 29 uppträdande
829 1237 48 14 som
892 1230 34 19 ett
941 1231 46 18 sär-

165 1259 77 27 skildt,
263 1259 154 29 sjelfständigt
440 1261 72 27 stånd,
530 1268 49 14 som
599 1260 160 29 integrerande
779 1259 56 22 länk
854 1259 8 21 i
884 1266 27 13 en
927 1257 58 22 folk-

165 1289 189 28 representation,
371 1291 25 20 så
411 1298 67 21 synes
494 1291 59 21 dock
568 1291 110 21 historien
693 1290 70 21 äfven
778 1289 9 21 i
800 1289 66 28 detta
882 1287 106 22 afseende

165 1319 51 21 icke
235 1319 58 28 vilja
313 1319 47 22 låta
379 1319 52 22 leda
450 1320 36 29 sig
507 1321 27 20 af
547 1321 29 28 på
591 1320 30 21 fri
636 1320 62 21 hand
714 1319 131 29 uppgjorda
860 1317 128 28 menskliga

165 1349 88 21 teorier.
284 1349 120 22 Historien
424 1350 76 28 gifver
520 1350 40 21 vid
580 1350 91 21 handen
692 1351 34 20 att
748 1349 45 21 den
808 1347 180 30 representation

165 1381 25 18 är
209 1378 36 21 för
266 1378 80 29 hvarje
362 1379 50 22 folk
427 1380 44 21 den
486 1380 70 27 bästa,
572 1387 48 14 som
634 1381 58 20 mest
707 1379 213 22 öfverensstämmer
936 1377 51 22 med

165 1408 50 21 dess
236 1407 72 22 behof
321 1409 43 21 och
380 1409 125 29 sedvänjor,
521 1409 52 22 med
589 1409 50 22 dess
654 1409 126 22 historiska
794 1407 136 28 utveckling
945 1406 43 21 och

165 1437 50 22 dess
230 1438 85 21 sociala
330 1438 162 29 institutioner,
507 1439 53 21 med
575 1441 34 20 ett
625 1439 44 27 ord,
681 1439 45 22 den
741 1445 48 14 som
799 1438 53 21 bäst
862 1437 46 22 kan
918 1436 70 21 häfda

163 1467 43 21 och
221 1467 84 22 bevara
321 1468 43 21 och
379 1469 121 28 tillgodose
516 1469 51 21 dess
582 1469 132 28 vigtigaste,
729 1468 53 21 icke
796 1467 61 22 blott
872 1465 116 33 materiela

163 1498 56 20 utan
240 1497 43 21 ock
305 1498 74 22 ideela
398 1498 117 22 intressen.
545 1498 54 22 Men
614 1499 69 27 ingen
699 1498 43 21 har
758 1501 62 17 ännu
837 1496 52 22 med
904 1496 84 28 giltiga

163 1526 43 21 och
222 1527 169 29 öfvertygande
407 1528 49 21 skäl
472 1528 88 21 mäktat
575 1528 85 28 bevisa,
678 1530 34 20 att
728 1526 169 30 presteståndet
912 1526 9 20 i
936 1526 51 20 vårt

162 1556 62 26 land,
249 1557 74 21 såsom
346 1559 34 20 ett
401 1558 113 28 politiskt,
530 1558 178 28 medborgerligt
730 1557 75 28 stånd,
822 1556 74 22 skulle
917 1554 71 23 hafva
