1073 1753
432 115 14 19 1
460 115 47 23 April.
811 113 46 18 XLI

130 185 62 21 Hvad
214 184 129 22 vidkommer
364 185 125 25 röstskalan,
513 190 62 21 synes
590 184 49 27 mig,
655 186 32 19 att
702 185 44 20 mot
761 183 39 22 den
815 189 65 15 reser-

62 219 78 26 vation,
156 225 45 15 som
217 219 55 21 velat
286 221 76 19 stanna
377 219 35 21 vid
428 220 27 20 10
469 220 80 20 rösters
563 218 118 27 maximum,
693 218 40 21 den
744 216 135 27 anmärkning

63 252 47 27 läge
132 255 51 20 nära
205 253 31 21 till
258 253 73 26 hands,
355 255 31 19 att
409 253 35 22 det
463 253 45 22 icke
523 252 66 27 ligger
605 253 69 26 nägon
689 251 96 22 bestämd
801 250 79 28 princip

64 287 30 21 uti
117 287 57 22 detta
197 286 83 27 förslag.
310 287 58 22 Skall
391 293 26 16 en
438 288 55 26 gång
516 293 26 15 en
565 287 106 21 röstskala
686 281 57 38 vara
765 281 115 38 etablerad,

64 321 24 21 sä
110 322 66 21 mäste
199 321 40 22 den
262 321 32 21 väl
317 321 118 22 utsträckas
450 322 67 26 uppät
531 321 24 21 sä
569 321 60 26 längt
643 322 32 20 att
691 321 40 20 den
746 320 81 27 uppnär
841 319 39 21 den

65 356 68 26 gräns,
156 355 37 21 der
212 361 47 15 man
283 354 194 28 öfverhufvudtaget
499 355 42 21 kan
557 357 57 25 säga,
631 355 47 21 med
693 354 78 22 fästadt
785 352 96 23 afseende

65 389 27 27 pä
114 389 113 21 bestäende
250 389 136 21 ekonomiska
409 389 39 22 och
471 389 77 22 sociala
563 389 152 26 förhällanden,
731 390 31 20 att
777 388 64 21 redan
857 393 25 15 en

65 423 88 27 tryggad
161 423 98 27 ställning
266 423 126 27 innehafves,
401 423 125 27 förknippad
534 424 48 20 med
593 430 26 15 en
627 424 27 26 pä
662 423 65 27 högre
734 422 79 22 studier
823 428 60 21 grun-

67 457 40 21 dad
129 457 138 27 verksamhet,
289 464 26 14 en
337 457 75 27 vidgad
435 458 86 27 politisk
543 457 69 27 insigt.
643 457 92 22 Stannar
757 463 47 15 man
819 456 64 26 enligt

67 490 40 22 den
122 497 48 21 nyss
185 491 110 21 omnämda
310 492 167 21 reservationens
493 492 78 26 förslag
585 492 35 20 vid
637 492 26 21 10
679 493 78 19 rösters
766 491 117 25 maximum,

67 525 146 22 motsvarande
235 527 26 25 pä
277 532 25 15 en
317 526 34 21 del
367 528 57 19 orter
439 526 74 22 endast
529 526 62 26 2,000
607 526 71 21 marks
693 526 98 25 inkomst,
806 526 23 21 sä
844 525 38 21 har

67 565 49 15 man
138 560 45 21 icke
205 560 52 26 tagit
280 562 23 19 ut
324 562 68 24 steget
413 560 7 21 i
441 560 92 27 enlighet
549 560 48 22 med
613 560 40 21 den
669 560 54 21 enda
737 559 86 27 princip,
839 565 45 15 som

68 593 112 22 motiverar
203 600 25 15 en
250 594 109 26 röstskala,
383 596 50 20 utan
456 595 27 21 dä
506 594 70 22 kunde
598 600 49 16 man
662 594 43 21 lika
720 600 63 20 gerna
799 592 84 22 förorda

69 627 39 22 den
131 628 62 21 enkla
215 628 104 21 allmänna
337 630 122 20 rösträtten.
491 628 42 22 Gär
549 635 48 15 man
613 629 46 21 äter
673 628 6 21 i
695 628 66 22 likhet
776 628 47 21 med
838 626 46 22 frih.

68 661 88 22 Wredes
178 662 128 22 reservation
329 662 32 21 för
383 662 59 27 långt
463 664 24 20 åt
509 669 69 15 annan
600 662 99 27 riktning,
721 663 24 21 sä
759 662 64 26 begår
838 666 47 16 man

68 697 52 20 utan
142 696 70 21 tvifvel
235 698 30 19 ett
279 696 48 21 feli
343 696 141 27 plutokratisk
500 697 61 26 anda,
577 699 21 25 ty
615 697 74 20 mättet
709 696 21 21 af
747 696 93 26 förmäga
855 696 32 20 att

69 729 91 22 bedöma
182 729 105 22 allmänna
309 730 176 27 angelägenheter
508 731 41 21 kan
564 731 46 21 icke
625 733 52 18 växa
692 730 7 21 i
713 730 56 27 kapp
785 729 47 22 med
846 729 41 21 för-

70 764 149 26 mögenheten;
243 764 134 27 möjligheten
392 767 33 19 att
439 765 46 22 föra
500 767 31 20 ett
547 765 85 27 lysande
648 765 23 21 lif
685 765 96 26 betingar
795 764 45 21 icke
855 765 32 20 ett

70 797 65 27 högre
157 799 53 20 mått
229 798 21 21 af
263 798 117 27 intelligens
397 799 38 21 och
451 799 96 27 politiskt
562 799 103 26 omdöme,
681 801 26 19 än
723 801 31 19 ett
768 798 75 22 sådant
856 798 31 21 in-

70 831 153 28 komstbelopp,
239 839 44 14 som
299 832 196 29 öfverhufvudtaget
511 833 106 22 erfordras
631 833 33 21 för
679 839 26 15 en
714 832 71 22 bildad
801 838 86 21 persons

72 866 96 21 existens.

139 900 33 21 En
195 900 32 21 del
250 901 72 26 talare,
345 907 44 15 som
413 901 124 22 understödt
560 901 39 22 den
622 901 22 22 af
661 903 78 25 preste-
757 901 39 21 och
811 901 77 21 bonde-

72 934 100 21 ståndens
193 934 116 22 ledamöter
331 935 6 21 i
353 935 140 27 lagutskottet
510 935 77 28 afgifna
602 935 135 26 reservation,
753 935 61 22 hafva
828 935 60 21 fram-

72 968 61 21 hållit
154 969 69 21 såsom
246 969 113 22 önskvärdt
381 972 32 19 att
435 970 41 21 den
493 970 175 27 valrättsprincip,
684 975 44 16 som
743 969 7 21 i
765 969 84 26 Europa
865 970 23 19 är

72 1001 126 22 allmännast:
213 1003 114 27 tillämpad,
343 1003 104 27 nemligen
463 1003 42 22 lika
520 1005 89 20 rösträtt
623 1003 33 22 för
671 1003 40 22 alla
726 1003 97 28 myndiga
833 1003 56 21 med-

72 1036 96 26 borgare,
193 1037 70 27 borde,
287 1044 33 14 om
336 1037 38 21 ock
390 1038 48 21 med
454 1039 71 25 någon
543 1044 78 20 census,
637 1038 89 21 beredas
740 1038 68 26 insteg
822 1037 7 20 i
843 1037 48 21 vårt

73 1070 50 21 land
138 1076 28 15 nu
182 1070 26 22 då
223 1071 149 27 valordningen
387 1071 33 21 för
435 1071 176 27 borgareståndet
625 1072 54 21 skall
694 1072 128 21 reformeras.
850 1070 39 27 Jag

74 1106 45 19 tror
141 1106 33 20 att
190 1111 32 15 om
239 1105 136 21 uttalandena
390 1106 6 20 i
413 1106 69 21 denna
497 1106 93 26 riktning
605 1105 68 22 blefve
687 1105 156 22 bestämmande
859 1104 31 22 för

74 1138 123 22 ständernas
219 1139 74 26 beslut,
316 1140 23 20 så
355 1146 49 15 vore
421 1140 58 21 detta
494 1140 47 21 icke
557 1142 30 19 ett
602 1146 48 15 svar
666 1141 26 25 på
707 1140 40 21 den
763 1140 45 21 nåd.
825 1145 66 21 prop.,

74 1172 46 22 icke
143 1175 31 19 ett
196 1173 131 21 vidhållande
349 1174 21 20 af
393 1174 40 21 den
455 1174 82 22 önskan
554 1176 84 19 senaste
653 1174 86 21 ständer
753 1174 100 26 framfört,
869 1175 23 25 ty

74 1206 39 21 här
136 1208 23 20 är
182 1207 54 21 blott
258 1207 58 27 fråga
331 1214 33 15 om
381 1210 32 19 att
428 1208 135 22 bestämdare
579 1208 38 21 och
633 1208 121 27 lämpligare
771 1208 65 21 ordna
850 1207 42 21 val-

75 1242 69 19 rätten
160 1241 6 21 i
182 1241 179 27 borgareståndet;
377 1242 117 22 ständerna
509 1242 63 22 hafva
586 1242 47 22 icke
649 1242 74 22 önskat
738 1249 25 15 en
774 1241 119 27 omgestalt-

75 1275 50 27 ning
140 1275 22 21 af
176 1275 26 21 de
214 1276 97 26 grunder,
322 1282 45 16 som
379 1278 36 19 äro
426 1276 33 21 för
469 1277 48 21 vårt
527 1276 166 27 representativa
702 1278 77 26 system
789 1275 104 28 gällande.

144 1309 42 21 Det
207 1310 39 21 har
263 1309 45 22 utaf
322 1316 25 16 en
362 1311 51 21 ärad
429 1310 74 25 talare,
519 1311 26 21 hr
560 1311 81 26 Heikel,
658 1311 106 21 anmärkts
779 1312 68 20 såsom
863 1311 31 20 ett

75 1342 28 22 fel
125 1344 7 20 i
155 1343 41 21 den
217 1344 47 21 nåd.
287 1350 66 21 prop.,
376 1346 33 20 att
423 1344 121 22 röstskalan
559 1347 25 19 är
598 1345 56 27 bygd
669 1345 27 27 på
711 1345 35 21 det
760 1343 134 23 kommunala

76 1377 111 23 skattöret,
209 1378 79 22 hvilket
309 1378 46 22 icke
370 1381 23 19 är
408 1378 89 22 föremål
512 1379 33 21 för
559 1379 112 26 grundlags
687 1379 135 26 bestämning.
853 1378 42 21 Det

76 1417 56 20 vore,
156 1418 34 14 om
211 1412 36 26 jag
269 1411 62 22 fattat
354 1412 81 22 talaren
457 1415 52 23 rätt,
529 1419 27 15 en
571 1413 142 26 oegentlighet
728 1415 31 19 att
773 1413 75 21 basera
863 1412 32 20 ett

76 1445 219 28 grundlagstadgande
317 1447 27 26 på
367 1448 30 19 ett
419 1447 126 26 stadgande,
569 1453 45 15 som
637 1447 40 21 kan
693 1447 27 26 på
735 1447 39 21 den
790 1445 105 22 allmänna

76 1478 168 28 lagstiftningens
266 1482 39 25 väg
320 1480 83 21 ändras.
433 1481 78 26 Dylika
526 1480 175 27 förutsättningar
715 1481 70 20 kunna
799 1479 45 22 icke
859 1478 38 21 all-

76 1511 31 22 tid
130 1512 6 21 i
159 1513 129 28 grundlagen
311 1515 110 24 undvikas;
443 1515 18 21 vi
478 1515 91 21 behöfva
584 1515 46 21 icke
645 1515 26 26 gå
686 1514 71 27 längre
772 1517 25 18 än
813 1512 31 22 till
860 1513 37 26 på-
