1075 1750
325 80 75 22 Pappiss.
412 80 18 18 31
442 84 18 18 p.
471 80 77 18 Tammik.
560 80 49 21 1885.
829 79 22 19 81

65 140 107 28 skarpare
187 139 9 21 i
211 138 81 30 dagen,
313 138 29 22 då
357 145 54 15 man
425 138 112 28 besinnar,
552 140 35 20 att
603 138 124 29 styrelsens
742 138 145 22 medlemmar

61 168 72 22 sakna
156 168 102 22 tillträde
277 167 50 29 just
341 167 39 22 till
396 168 28 22 de
447 168 74 26 stånd,
536 163 96 38 hvilkas
642 168 206 29 sammansättning
862 171 25 18 är

63 198 113 22 beroende
199 198 26 21 af
237 205 48 14 mer
305 196 55 23 eller
380 198 90 21 mindre
488 198 97 21 allmänt
604 197 39 22 val
663 197 44 22 och
722 198 92 21 hvilkas
828 198 58 21 utta-

62 227 68 22 lande
148 228 30 29 på
192 227 77 29 grund
285 227 66 22 deraf
363 228 73 21 måste
452 235 65 14 anses
532 229 87 27 utgöra
634 229 34 20 ett
683 234 96 15 sannare
793 226 95 29 uttryck

63 257 37 22 för
114 257 45 22 den
174 257 116 22 allmänna
303 256 125 30 meningen
443 257 9 21 i
467 257 80 22 landet
561 259 31 19 än
606 256 63 23 hvad
679 256 67 23 fallet
756 257 46 22 kan
815 256 73 23 blifva

65 288 63 21 inom
142 286 39 22 det
195 286 74 28 stånd,
285 286 40 22 der
335 286 229 29 sjelfskrifvenheten
573 287 137 21 bestämmer
723 287 164 28 representant-

65 317 78 22 kallet.

137 346 78 29 Några
230 346 133 29 synnerliga
378 346 143 29 svårigheter
536 346 35 22 för
586 346 164 29 medgifvande
766 346 26 22 af
804 347 46 20 rätt
864 346 24 21 åt

63 378 104 20 senatens
181 375 137 23 ordförande
333 376 44 21 och
390 376 126 22 ledamöter
532 378 34 19 att
582 376 93 29 deltaga
689 376 51 22 icke
750 376 60 22 blott
824 376 9 21 i
843 375 45 28 ple-

65 413 53 16 num
130 406 115 27 plenorum
255 407 57 20 utan
322 405 70 22 äfven
405 405 9 22 i
429 405 28 22 de
474 405 113 22 särskilda
601 405 108 22 ståndens
720 405 168 30 öfverläggnin-

64 443 42 22 gar
115 443 68 21 synas
193 435 52 22 icke
255 443 54 14 vara
319 435 36 22 för
366 435 96 22 handen.
488 435 92 22 Samma
590 435 67 29 fråga
667 435 45 22 kan
723 436 39 22 väl
776 435 112 22 förekom-

63 473 37 15 ma
110 465 38 22 till
157 465 142 29 behandling
308 465 120 29 samtidigt
439 465 7 21 i
462 465 46 22 alla
522 465 53 29 fyra
590 465 102 28 stånden,
703 465 8 22 i
726 465 96 22 hvilken
832 465 55 22 hän-

66 495 62 22 delse
150 495 129 30 uppdraget
302 497 35 20 att
352 495 118 22 eventuelt
491 497 157 27 representera
671 495 122 28 styrelsens
812 494 76 23 stånd-

66 525 74 30 punkt
149 526 72 21 måste
231 525 98 22 fördelas
339 526 31 27 på
380 524 54 22 flere
445 525 270 29 regeringsmedlemmar.
746 525 13 21 TI
774 525 114 28 vigtigare

65 555 42 22 fall
129 555 43 22 och
196 555 30 22 då
246 562 85 14 samma
354 555 217 29 regeringsmedlem
597 554 100 22 önskade
717 555 9 21 i
746 555 56 21 flera
821 553 68 23 stånd

66 586 128 28 framlägga
208 585 102 21 motiven
324 584 38 22 för
376 585 148 28 regeringens
539 585 82 27 beslut,
631 584 77 22 kunde
718 584 94 22 ärendet
826 584 62 22 inom

67 615 28 22 de
110 614 111 23 särskilda
236 614 97 22 stånden
347 615 31 28 på
392 614 102 29 begäran
509 614 139 29 bordläggas
663 614 37 22 till
710 614 141 29 behandling
860 614 30 28 på

69 645 62 22 olika
155 644 65 23 tider.
254 644 182 28 Otvifvelaktigt
460 652 74 20 synes,
561 646 34 19 att
621 644 183 22 diskussionerna
828 644 61 22 inom

66 675 94 22 stånden
180 681 83 22 genom
283 681 29 14 en
330 673 130 29 anordning
480 674 27 21 af
526 674 75 21 denna
618 674 157 21 beskaffenhet
789 672 100 23 vunne
878 668 16 39 i

68 704 117 29 betydelse
200 704 43 21 och
258 703 142 30 mångsidigt
415 703 102 29 intresse,
532 704 31 29 på
577 711 87 14 samma
678 705 62 27 gång
756 703 28 22 de
799 702 91 29 erbjöde

68 734 121 29 styrelsens
207 733 147 22 medlemmar
370 733 92 22 tilltälle
477 735 35 20 att
527 736 103 19 närmare
645 736 56 26 taga
715 733 129 22 kännedom
854 739 36 14 om

68 763 44 22 den
126 763 157 30 uppfattning,
299 763 67 22 som
356 759 15 38 i
381 770 29 14 en
425 763 48 22 viss
497 763 67 28 fråga
583 766 42 26 gör
643 763 36 28 sig
701 763 108 28 gällande
828 763 62 21 inom

69 793 215 29 representationen.

142 823 34 22 På
193 822 76 29 grund
283 822 27 22 af
325 822 40 22 det
380 822 98 22 anförda
492 822 42 22 har
547 822 42 29 jag
604 825 56 19 äran
675 822 89 27 föreslå,
780 823 35 20 att
829 823 61 20 stän-

70 853 69 22 derna
154 853 54 28 ingå
222 852 38 22 till
275 852 66 22 Hans
356 851 110 30 Majestät
480 851 53 22 med
547 851 145 30 underdånig
702 851 98 30 petition
810 851 82 26 derom,

71 884 34 20 att
120 883 64 21 Hans
199 882 108 29 Majestät
322 881 94 30 nådigst
431 881 56 22 ville
502 884 56 27 taga
573 881 39 22 det
627 881 84 22 honom
721 880 172 23 tillkommande

68 912 103 23 initiativ
188 912 43 21 och
249 911 40 23 vid
308 911 189 24 nästkommande
512 911 112 29 landtdag
639 911 119 29 förelägga
772 910 122 23 ständerna

69 942 70 29 nådig
151 941 142 30 proposition
309 941 117 29 angående
442 941 71 22 sådan
529 941 99 29 ändring
643 941 26 21 af
682 942 28 21 47
727 943 13 25 $
762 940 80 22 iL.O.
858 941 35 20 att

68 974 104 19 senatens
187 971 136 22 ordförande
347 971 44 22 och
414 971 125 22 ledamöter
559 971 62 29 finge
646 971 102 21 tillträde
768 970 38 21 till
825 969 68 22 hvars

69 1001 43 22 och
136 1003 35 20 ett
186 1001 27 22 af
228 1001 28 22 de
272 1001 52 28 fyra
343 1001 97 21 stånden
468 1001 118 22 äfvensom
606 1001 107 22 ståndens
728 1006 166 23 gemensamma

70 1031 187 27 sammanträden,
277 1031 52 22 med
349 1030 114 29 rättighet
488 1033 34 19 att
547 1030 92 29 deltaga
659 1030 8 21 i
686 1029 207 30 öfverläggningar,

70 1068 48 15 som
133 1061 41 22 vid
190 1061 29 21 de
233 1068 86 14 samma
334 1060 138 22 förehafvas.

144 1096 177 29 Helsingfors
336 1096 45 21 den
396 1096 28 22 31
441 1096 98 21 Januari
555 1096 64 22 1885.

711 1131 23 21 0.
749 1130 101 22 Donner.

144 1205 18 23 c)
178 1203 105 22 Provasti
298 1203 92 28 Hjel'in
405 1203 91 21 tekemä
512 1202 200 23 anomusehdotus:

209 1250 61 22 Till
291 1250 197 29 Högvördiga
508 1250 238 22 Presteständet.

139 1297 46 22 Vid
200 1297 54 22 flere
269 1297 26 22 af
309 1297 27 22 de
351 1299 147 27 prestmöten,
514 1305 47 14 som
576 1297 9 22 i
600 1305 79 14 senare
693 1297 60 22 tider
765 1297 62 21 inom
842 1296 50 22 stif-

72 1334 38 15 ten
124 1327 85 27 hällits,
224 1327 42 22 har
281 1335 51 14 man
342 1327 137 28 visserligen
490 1327 125 22 behandlat
625 1327 83 29 frägan
719 1334 36 15 om
763 1327 44 20 den
818 1328 79 27 tunga,

72 1365 48 14 som
136 1361 25 18 är
175 1357 168 29 presterskapet
366 1357 102 27 &hvälfd,
488 1359 35 20 att
537 1358 31 27 pä
583 1365 59 20 egen
657 1356 127 23 bekostnad
799 1358 55 27 göra
869 1363 28 14 en

74 1387 86 29 mängd
176 1387 154 28 embetsresor,
346 1389 60 19 utan
412 1389 35 19 att
462 1387 83 27 derför,
556 1387 9 21 i
575 1387 76 21 likhet
661 1387 52 21 med
724 1386 66 22 civile
801 1386 96 21 embets-

72 1417 43 21 och
135 1416 143 29 tjenstemän,
293 1424 56 14 vara
365 1416 142 29 berättigadt
522 1416 38 21 till
575 1417 140 28 ersättning;
730 1423 53 14 men
798 1415 44 22 den
857 1415 42 22 har

73 1446 75 29 aldrig
163 1446 48 22 ledt
226 1447 38 20 till
279 1447 71 28 nägot
366 1449 143 25 gemensamt
525 1446 102 22 resultat.
642 1446 62 22 Voro
720 1446 64 21 dessa
793 1452 63 14 resor
865 1452 33 14 re-

74 1476 46 21 dan
134 1476 117 21 tillförene
267 1476 147 28 betungande
430 1475 36 22 för
482 1475 45 22 den
543 1475 62 22 snäft
621 1475 102 22 aflönade
730 1477 167 27 prestmannen,

72 1505 90 22 komme
185 1505 28 22 de
229 1507 34 20 att
278 1505 75 22 blifva
369 1505 39 22 det
424 1509 62 18 ännu
504 1513 54 20 mer,
575 1505 70 22 sedan
660 1505 143 29 skjutslegan
817 1503 80 22 blifvit

72 1534 97 29 förhöjd,
183 1534 26 29 ja
223 1536 30 27 pä
269 1535 49 21 sina
333 1534 84 22 ställen
432 1534 144 23 tredubblad.

149 1575 126 18 Pappissäädyn
282 1576 109 17 pöytäkirjat.
817 1569 11 17 6
