1075 1731
345 82 82 27 Päppiss:
436 82 13 23 7
458 90 17 19 p.
487 77 69 40 Ruhtik:
563 77 51 40 1885.
815 84 36 21 47n

65 145 56 23 Hit
140 146 44 22 den
199 145 129 23 tillsvidare
341 145 60 22 bero.
431 145 52 23 Den
499 146 46 21 kan
555 145 75 22 också:
644 145 129 22 tillsvidare
784 145 63 25 'bero,
861 146 27 28 ty

66 175 42 22 döt
130 178 26 19 är
178 175 51 22 icke
251 175 76 30 omöjligt
378 177 36 20 att
429 175 46 22 den
488 175 40 22 del
542 175 28 22 af
582 175 82 28 silfret,
677 177 51 20 som
742 171 65 38 öfver
818 171 71 38 tjugu

69 206 26 21 år
118 205 59 22 varit
199 208 39 19 ute
260 205 9 22 i
286 208 104 25 rörelsen,
414 205 145 30 småningom
583 205 43 22 har
646 205 98 22 förlorat
758 201 26 38 sä
794 205 95 29 'mycket

68 235 13 22 i
92 235 58 29 vigt,
173 237 35 20 att
231 235 38 22 det
291 236 72 21 måste
385 234 110 30 indragas
510 235 43 22 och
568 236 97 21 ersättas
679 235 53 22 med
746 237 60 26 nytt.
836 234 53 22 Man

68 268 36 19 ser:
123 265 30 22 af.
162 265 220 28 bankfullmäktiges
397 265 130 27 berättelse,
543 272 52 23 pag.
610 266 21 27 4,
647 266 36 21 att
697 265 31 29 pä
742 265 45 21 den
801 263 87 23 million

68 301 49 15 som
132 295 136 22 nedsmältes
286 295 64 28 1882,
366 302 28 14 en
410 295 24 22 sä
449 297 49 20 stor
513 295 134 28 minskning
661 295 8 21 i
684 295 81 29 vigten
779 294 110 29 uppkom-

67 324 45 22 mit
125 330 82 23 genom
222 324 137 29 förslitning,
374 326 36 20 att
424 324 115 23 förlusten
549 324 51 23 blef
607 325 65 21 öfver
681 324 53 29 fyra
743 327 67 19 tusen
820 323 69 28 mark,

66 353 46 23 och
135 354 44 22 den
202 354 45 29 dag
265 354 103 22 inträffar
383 357 64 19 snart
461 362 54 22 nog,
531 355 30 21 då
575 362 29 15 en
619 354 86 29 mängd
720 354 106 22 förslitna
841 353 48 22 silf-

69 385 142 28 verstycken,
232 391 49 14 som
304 384 50 22 icke
376 391 49 15 mer
447 384 80 22 kunna
547 385 113 21 utlemnas
674 384 9 21 i
697 385 106 26 rörelsen,
819 384 70 21 mäste

68 413 105 23 mvexlas
191 414 37 22 för
243 416 35 19 att
295 414 127 22 sedermera
432 414 158 22 'öfverlemnas
605 414 38 21 till
657 414 170 28 statskontoret,
842 420 48 15 som

70 445 26 20 är
118 444 95 29 skyldig
235 446 36 19 att
293 444 72 21 inlösa
388 443 58 22 dem.
476 444 49 29 Jag
546 444 56 22 ville
622 443 92 23 derföre
735 443 37 22 för
790 443 101 23 min:del

69 473 66 29 yrka,
158 477 34 18 att
215 473 38 22 det
275 475 36 20 mä
333 473 144 22 fortfarande
501 474 74 22 blifva
596 481 49 14 som
661 474 38 21 det
714 476 31 25 är,
760 473 42 23 och
818 475 35 20 att
867 474 24 21 ät

70 503 233 30 bankförvaltningen
326 503 154 23 öfverlemnas
503 506 34 20 att
559 503 98 30 vidtaga
671 503 106 31 åtgärder
792 504 36 22 för
843 503 48 22 silt-

70 536 143 26 vermyntets
227 534 175 29 nedsmältning,
417 537 43 18 när
475 534 66 22 tiden
557 537 26 19 är
597 534 58 22 inne.

142 564 95 21 Tohtori
251 563 113 28 Lindelöf:
386 564 48 28 Jag
448 564 93 22 förenar
555 564 49 29 mig
618 564 53 21 med
685 563 115 29 professor
814 564 77 21 Rune-

71 593 57 29 berg
142 594 8 21 i
166 594 43 26 det,
225 596 35 19 att
273 593 40 29 jag
324 601 64 14 anser
399 596 36 19 att
445 594 94 22 banken
549 593 42 22 har
601 593 136 30 tillräckligt
747 594 145 28 silfvermynt

70 622 54 32 inne
134 623 41 22 för
191 625 34 20 att
239 623 168 22 tillfredsställa
423 624 31 21 all
470 623 147 30 efterfrågan,
633 623 29 22 dä
677 623 44 22 den
734 631 54 21 eger
797 626 34 19 tre
841 622 50 22 mil-

64 648 76 60 jan
156 653 117 22 äfvensom
290 653 140 22 beträffande
446 653 93 22 skilnad
553 654 84 21 mellan
653 653 43 21 den
711 653 76 29 skada,
802 652 90 23 banken

82 682 57 22 ider
136 678 7 39 *
151 683 36 21 uti
204 682 147 23 ränteförlust
366 690 82 22 genom
464 685 36 20 att
515 683 68 22 deraf
595 683 125 22 innehafva
734 685 39 20 två
787 682 106 30 miljoner

70 711 37 23 för
120 713 100 28 mycket,
235 713 41 21 och
293 713 43 21 den
351 713 77 28 skada,
443 720 51 14 som
509 713 45 22 den
569 713 50 21 lede
632 720 81 22 genom
723 712 170 28 nedsmältning

71 742 28 22 af
118 743 65 21 detta
201 743 91 29 belopp;
309 743 43 21 den
368 742 62 22 förra
444 746 27 18 är
486 743 118 29 nämligen
619 745 71 19 större
705 746 29 18 än
750 743 43 21 den
809 749 83 15 senare.

71 774 47 28 Jag
133 772 90 22 förenar
237 773 49 28 mig
300 772 86 22 säledes
400 773 9 21 i
426 772 46 22 allo
489 772 51 22 med
555 772 114 34 professor
684 772 128 29 Runeberg.

105 808 3 1 *
144 802 126 22 Professori
292 802 102 22 Donner:
426 802 51 22 Här
500 802 125 29 föreligger
644 802 9 22 i
669 802 83 29 själfva
766 802 79 22 verket
860 802 34 21 ett

73 832 39 22 val
134 832 85 22 mellan
241 832 247 29 bankförvaltningens
513 832 61 29 &sigt
593 833 13 21 &
621 840 43 14 ena
679 832 64 22 sidan
759 831 42 23 och
817 832 38 21 det
871 831 26 22 af

73 862 175 22 bankutskottet
270 869 32 14 nu
325 862 139 22 framhällna
482 863 14 21 &
511 862 73 22 andra
607 862 72 22 sidan.
709 862 46 21 För
777 869 58 21 egen
857 861 37 21 del

68 891 78 22 -skulle
162 891 43 30 jag
219 892 120 28 föredraga
353 892 45 21 den
412 892 66 22 förra
494 892 95 29 äsigten,
605 893 74 21 säsom
693 899 48 15 mer
755 891 138 23 välbetänkt.

73 921 118 22 Professor
210 922 125 29 Runeberg
349 920 119 31 päpekade
485 924 35 20 att
535 922 178 21 räntetörlusten
728 921 72 22 under
814 922 40 21 tvä
869 922 26 21 är

74 952 30 28 pä
126 959 28 14 en
177 951 79 29 miljon
280 955 41 26 gör
344 951 98 30 ungefär
465 953 82 27 85,000
570 952 51 27 mk.
637 952 54 21 eller
707 959 85 14 samma
807 958 87 22 summa

72 986 50 17 som
144 981 91 22 banken
257 981 42 22 har
321 981 46 22 fått
389 981 132 22 vidkännas
543 981 38 22 för
603 981 215 29 nedsmältningen.'
841 981 53 21 Men

74 1010 40 22 det
135 1010 118 22 förefaller
274 1012 48 28 mig
343 1019 49 14 som
408 1019 38 14 om
461 1011 117 30 professor
592 1010 130 30 Runeberg,
738 1011 26 22 af
776 1010 102 29 synnerli;

74 1040 116 22 förkärlek
212 1040 35 22 för
271 1041 38 22 det
331 1041 61 27 verk,
415 1041 54 22 med
493 1041 91 22 hvilket
603 1041 112 22 utskottet
730 1042 100 20 närmast
845 1040 50 21 haft

74 1072 36 20 att
132 1071 134 28 sysselsätta
288 1071 41 28 sig,
353 1071 58 22 hade
435 1071 74 22 afsett
531 1071 60 22 blott
605 1071 63 22 detta
682 1071 68 22 verks
764 1070 74 22 fördel
852 1069 43 23 och

75 1100 51 21 icke
148 1100 45 21 den
215 1101 83 21 förlust
321 1103 74 19 staten
417 1101 159 29 öfverhufvud
599 1101 55 21 eller
671 1100 143 28 statsverket,
829 1099 66 22 hvar-

76 1130 37 21 till
126 1129 43 30 jag
186 1130 84 22 räknar
285 1131 45 21 alla
345 1130 133 29 tillgångar,
494 1131 89 21 komme
598 1133 36 19 att
649 1131 52 26 lida,
716 1133 28 26 ty
758 1129 138 23 statsverket

75 1159 43 23 har
140 1159 68 22 ocksä
230 1167 29 14 en
281 1160 83 22 förlust
386 1160 40 21 vid
450 1168 30 14 en
504 1161 67 28 dylik
591 1160 171 29 nedsmältning
784 1159 53 30 plus
852 1159 44 22 den

75 1190 72 21 andra
162 1189 110 22 förlusten
287 1190 40 21 vid
342 1190 150 29 nyprägling,
507 1191 43 21 och
560 1190 72 21 under
642 1190 85 21 sädana
738 1189 159 22 förhällanden

75 1226 114 22 upprepar
198 1230 2 2 :
209 1219 42 30 jag
273 1223 66 24 ännu,
355 1222 35 19 att
404 1219 38 22 för
458 1227 60 22 egen
533 1220 38 21 del
585 1220 74 21 skulle
671 1219 42 30 jag
728 1219 70 22 hellre
814 1219 82 22 omfor-

74 1249 88 22 mulera
176 1249 125 22 utskottets
315 1249 146 22 betänkande
477 1250 9 21 i
502 1251 77 27 nägon
591 1251 54 20 män
655 1249 60 28 eller,
726 1257 36 14 om
773 1249 64 22 detta
846 1248 50 22 ieke

74 1279 140 29 godkännes,
230 1279 96 22 omfatta
341 1279 248 29 bankförvaltningens
604 1279 67 29 äsigt.

147 1308 142 30 Yliopettaja
311 1309 117 22 Kihlman:
459 1309 122 22 Professor
603 1309 124 29 Runeberg
748 1308 42 22 har
810 1307 87 30 ganska

75 1338 84 29 riktigt
181 1339 122 28 preciserat
325 1339 87 28 frågan,
437 1346 51 14 som
509 1343 34 18 är:
559 1339 60 21 huru
633 1339 92 28 mycket
740 1338 134 29 skiljemynt
889 1337 9 21 i

77 1368 79 22 silfver
178 1368 110 29 möjligen
308 1368 47 22 kan
369 1368 113 22 behöfvas
499 1369 9 21 i
523 1369 52 21 värt
589 1369 61 21 land.
681 1368 131 22 Professorn
827 1373 71 22 anser,

77 1400 35 20 att
134 1405 29 15 en
181 1405 88 15 summa
284 1398 26 22 af
324 1399 26 21 11
366 1398 117 22 millioner
499 1398 52 22 icke
566 1402 25 18 är
605 1398 106 29 behöflig.
742 1398 41 22 Om
798 1397 100 22 emeller-

76 1428 35 21 tid
133 1433 29 16 en
185 1428 154 28 förfalskning
361 1428 26 22 af
405 1428 47 21 fem
468 1429 79 21 marks
563 1428 77 22 sedeln
654 1428 74 22 skulle
742 1427 98 27 inträffa,
856 1426 43 22 och

76 1457 91 22 banken
182 1458 77 21 blefve
274 1460 105 26 tvungen
394 1460 35 19 att
445 1458 101 28 indraga
562 1458 65 21 dessa
642 1458 79 26 sedlar,
736 1457 80 22 hvilka
826 1456 74 28 enligt

77 1481 188 41 bankutskottets
273 1485 79 23 "tabell
367 1494 52 22 pag.
435 1488 31 22 26
482 1490 85 26 utgöra
582 1488 116 28 6,460,495
708 1486 70 28 mark,
789 1486 26 21 sä
825 1486 74 21 skulle

77 1516 65 22 dessa
164 1516 115 22 millioner
301 1517 72 21 måsta
395 1517 38 21 till
457 1524 31 14 en
503 1517 83 29 början
601 1519 97 20 ersättas
713 1523 82 22 genom
809 1514 90 24 silfver-
