1073 1756
205 117 48 18 XVI
555 120 74 23 11:-April.

182 186 117 28 exploitera
321 194 26 15 en
362 188 81 22 mindre
457 188 73 22 bildad
546 191 66 19 nästa.
645 189 46 22 Och
706 190 73 21 säkert
794 191 25 19 är
833 189 129 22 åtminstone
978 190 33 21 att

180 221 43 21 den
246 228 58 16 mera
326 222 83 22 bildade
431 222 45 22 har:
492 229 27 15 en
536 225 70 20 större
620 223 97 28 förmåga
731 226 32 20 att
778 223 157 22 tillfredsställa
951 224 60 21 detta

182 255 72 27 begär,
276 256 44 22 ifall.
345 256 36 22 det
401 263 81 16 samma
505 257 39 22 hos
567 258 79 21 honom
661 258 86 22 vaknar.
778 258 43 22 Det
837 260 24 19 är
879 257 71 22 derför
965 264 46 16 som

182 290 102 22 rättvisan
310 290 77 27 fodrar,
410 293 32 20 att
461 292 80 26 jemväl
564 292 26 22 de
613 292 82 22 mindre
717 292 86 22 bildade
825 292 109 22 klasserna
957 292 54 22 böra

182 324 72 21 kunna
272 324 72 22 utöfva
361 327 31 19 ett
407 325 94 22 effektivt
515 326 115 28 inflytande
641 327 32 27 :på
688 326 27 22 de
729 326 101 28 politiska
845 326 68 26 valen,
929 328 32 20 ett
978 327 32 21 så-

182 359 53 21 dant
257 358 113 28 inflytande
393 361 31 20 att
446 360 26 21 de
494 360 73 22 kunna
583 360 7 21 i
606 360 197 27 representationen
818 360 21 22 få
853 366 108 21 personer,
977 360 33 22 till

181 392 73 22 hvilka
272 393 26 21 de
312 393 52 27 hysa
378 393 47 22 fullt
439 394 123 22 förtroende
578 394 39 22 och
633 401 46 15 som
694 396 38 20 äro
747 394 101 28 lämpliga
863 394 39 22 och
917 394 93 28 kapabla

182 429 32 19 att
229 427 65 21 vårda
309 427 61 23 deras
385 428 110 22 intressen.
522 428 49 22 Man
587 429 102 21 behöfver
702 430 47 21 icke
760 428 74 22 befara
844 431 33 19 att
887 429 123 27 derigenom

182 461 40 22 den
238 461 125 27 bristfälliga
379 462 120 28 bildningen
514 463 55 22 skall
584 465 50 25 taga
644 466 47 19 säte
701 464 7 20 i
719 463 74 27 sjelfva
803 463 205 27 representationen.

182 495 30 27 Ty
228 496 26 21 de
270 496 81 22 mindre
365 496 84 23 bildade
463 497 110 22 klasserna
588 498 62 21 hafva
666 497 139 23 öfverhufvud
820 497 54 27 tagit
892 497 117 27 urskilning

182 536 42 20 nog
247 532 32 19 att
300 530 33 21 till
354 531 45 21 sina
421 532 173 21 förtroendemän
616 532 56 27 välja
694 532 87 26 sådana,
805 531 71 22 hvilka
894 532 33 21 stå
943 531 66 27 högre

181 564 7 21 i
210 563 96 28 bildning
317 567 27 19 än
360 565 25 22 de
399 566 79 26 sjelfva,
494 566 66 22 redan
576 566 72 22 derför
663 568 32 20 att
711 567 26 21 de
751 566 46 32 inse
812 567 33 20 att
861 566 74 21 endast
952 572 57 15 mera

181 598 86 22 bildade
284 604 101 22 personer
401 600 72 22 kunna
487 600 48 22 med
550 600 115 27 tillräcklig
679 599 110 28 framgång
804 599 46 22 föra
866 600 61 21 deras
941 600 64 21 talan.

251 632 39 22 Om
309 633 35 27 jag
358 640 29 15 nu
401 640 25 15 ur
441 634 68 22 denna
524 634 108 28 synpunkt
646 634 55 22 skall
716 634 91 22 bedöma
823 634 27 21 de
865 634 142 27 föreliggande

180 666 112 28 förslagen,
315 669 24 21 så
361 674 60 22 synes
443 669 42 26 mig
508 669 41 21 den
572 668 22 22 af
614 669 47 21 frih.
685 668 79 22 Wrede
786 668 40 22 och
849 670 77 20 tvenne
941 668 66 22 andra

181 701 65 21 ärade
268 705 169 23 representanter
459 703 148 22 underskrifna
630 703 158 22 reservationen
803 708 52 16 vara
869 702 22 22 af
905 702 26 22 de
946 701 63 22 fram-

180 735 64 27 lagda
265 736 105 28 förslagen
393 737 35 21 det
449 744 46 15 som
515 739 54 20 mest
584 737 103 27 aflägsnat
702 738 32 26 sig
749 736 47 22 från
812 737 36 21 det
863 736 83 27 riktiga,
962 742 45 15 som

180 770 45 21 står
243 772 53 20 mest
311 771 24 21 så
350 773 31 19 att
396 774 51 24 säga
461 771 79 27 fjerran
554 771 46 22 från
617 772 25 22 de
659 772 102 22 moderna
776 771 93 27 idéerna,
885 770 64 22 minst
963 771 45 21 står

179 804 7 21 i
202 804 217 24 öfverensstämmelse
434 806 47 21 med
496 806 98 22 nutidens
605 806 152 26 statsrättsliga
767 805 177 27 åskådvingssätt.
967 805 40 27 Jag

180 838 36 21 vill
231 838 47 22 icke
292 841 51 25 säga
357 840 121 27 någonting,
494 846 45 16 som
554 840 72 22 kunde
641 847 51 15 vara
707 840 78 27 egnadt
800 841 33 20 att
847 840 8 20 i
870 839 78 22 minsta
958 840 49 21 mån

180 873 48 21 såra
251 873 26 21 de
299 874 64 21 ärade
381 877 176 25 representanter,
573 874 72 22 hvilka
661 874 155 22 undertecknat
831 874 69 22 denna
914 880 94 15 reserva-

179 906 53 27 tion,
255 914 48 15 men
326 908 35 21 det
380 908 105 22 förefaller
500 908 42 28 mig
558 915 44 15 som
619 915 34 15 om
669 909 124 21 densamma
809 914 50 16 vore
874 908 97 21 dikterad
987 907 21 22 af

179 941 87 27 politisk
288 942 144 28 skuggrädsla,
455 942 22 22 af
497 950 26 15 en
549 943 140 22 ötverdrifven
712 942 73 22 rädsla
807 942 33 22 för
863 942 144 21 demokratins

180 976 53 21 röda
255 976 72 27 spöke.
357 977 34 21 Då
412 978 157 21 reservationen
585 977 117 27 uppställer
715 983 28 16 en
758 978 24 20 så
797 977 43 26 hög
854 976 93 22 inkomst
961 982 46 16 som

180 1010 80 26 20,500
279 1010 60 22 mark
353 1011 70 21 såsom
438 1011 68 22 vilkor
521 1012 32 20 för
568 1012 135 21 innehafvare
719 1011 23 22 af
755 1010 160 22 röstmaximum
931 1010 28 22 30
973 1012 34 20 rö-

180 1045 51 25 ster,
254 1045 24 21 så
300 1044 60 27 följer
382 1046 31 20 att
436 1045 65 27 enligt
523 1046 27 21 de
565 1046 65 21 ärade
644 1046 173 21 reservanternas
833 1044 54 27 åsigt
901 1046 15 19 t.
933 1051 31 15 ex.
981 1051 26 15 en

181 1078 115 27 välbergad
311 1078 110 27 familjefar
436 1079 127 22 tillhörande
578 1080 41 21 den
634 1080 66 26 högre
709 1078 157 23 medelklassen
875 1078 8 21 i
893 1079 48 21 vårt
950 1078 57 27 land,

180 1111 69 23 denna
270 1112 64 27 klass,
357 1112 56 22 inom
431 1113 85 21 hvilken
532 1113 105 22 måhända
652 1113 41 22 den
709 1115 55 20 mest
779 1112 68 22 solida
862 1111 95 28 bildning
971 1118 37 16 an-

179 1145 80 27 träffas,
282 1148 33 20 att
337 1153 26 15 en
385 1147 65 21 sådan
472 1153 77 21 person
570 1149 28 26 på
613 1147 60 28 långt
687 1149 40 20 när
742 1147 47 21 icke
805 1153 50 15 vore
872 1145 136 28 qvalificerad

180 1181 33 20 att
234 1181 60 21 rösta
316 1181 47 21 med
385 1181 76 27 högsta
483 1182 93 21 röstetal.
607 1177 68 26 Äfven
693 1182 52 27 högt
761 1181 98 22 aflönade
877 1180 131 22 embetsmän

178 1213 70 22 skulle
262 1217 57 19 ännu
333 1215 47 22 icke
395 1216 27 26 på
436 1215 59 28 långt
510 1217 39 20 när
564 1222 61 15 anses
640 1215 65 22 värda
721 1217 32 20 att
769 1217 59 20 rösta
844 1215 47 21 med
907 1215 36 22 det
958 1214 51 27 hög-

179 1250 33 20 sta
235 1248 23 22 af
277 1251 161 20 reservanterna
460 1250 106 27 medgifna
588 1250 116 21 röstetalet.
737 1250 34 21 En
799 1249 52 27 högt
866 1249 53 21 ärad
933 1249 75 26 talare,

179 1288 46 16 som
241 1283 39 22 här
295 1283 66 22 redan
376 1284 77 22 uttalat
468 1284 31 27 sig
514 1284 40 21 och
569 1284 49 22 med
628 1284 63 22 hvars
706 1283 81 28 åsigter
800 1283 37 28 jag
852 1283 7 21 i
875 1285 77 20 nästan
967 1283 42 21 alla

179 1317 93 26 punkter
290 1319 24 20 är
328 1317 77 28 lycklig
420 1324 41 21 nog
476 1320 32 20 att
522 1318 73 22 kunna
609 1318 74 21 förena
697 1318 50 27 mig,
764 1317 26 22 hr
805 1317 79 27 Taube,
900 1317 39 22 har
955 1319 54 24 sagt,

178 1352 33 20 att
234 1351 69 22 denna
325 1352 130 22 reservation
477 1359 50 15 vore
542 1353 6 20 i
563 1353 42 26 hög
620 1353 53 26 grad
687 1352 143 22 konservativ.
860 1351 41 28 Jag
916 1353 46 19 tror
977 1352 32 20 att

176 1384 38 27 jag
229 1384 6 21 i
252 1385 69 22 denna
336 1386 55 21 enda
406 1386 67 27 punkt
488 1387 68 21 måste
571 1388 98 25 motsäga
683 1387 42 21 den
741 1385 66 22 ärade
822 1385 88 26 talaren,
923 1385 38 27 jag
970 1384 39 22 har

179 1420 59 21 svårt
253 1421 33 20 att
301 1419 94 23 erkänna
410 1423 32 19 att
457 1421 68 21 denna
540 1421 131 22 reservation
685 1423 24 19 är
725 1419 144 27 konservativ,
881 1419 128 22 åtminstone

178 1459 35 15 om
236 1460 49 15 man
308 1456 61 25 tager
391 1455 61 21 ordet
473 1455 135 22 konservativ
629 1455 7 21 i
659 1455 41 22 den
719 1454 93 27 mening,
831 1460 46 15 som
890 1454 37 26 jag
941 1452 68 23 skulle

177 1487 49 27 vilja
249 1489 51 26 taga
322 1489 42 26 det,
388 1489 105 27 nemligen
515 1490 70 21 såsom
600 1489 129 26 benämning
744 1489 29 27 på
789 1488 36 22 det
840 1493 46 16 som
901 1487 108 27 verkligen

177 1518 100 31 bidrager
300 1523 33 21 till
351 1523 228 28 samhällsordningens
594 1523 96 22 bestånd.
721 1523 171 22 Reservanterne
907 1523 56 26 yttra
978 1521 31 28 sig
