1073 1720
448 124 14 19 11
476 123 46 23 April.
828 120 46 19 LII

80 194 60 21 dessa
160 193 175 27 inskränkningar
353 193 106 27 upphäfts,
478 194 88 26 uppstår
581 192 133 26 naturligtvis
729 191 73 27 frågan
817 196 34 16 om
865 191 32 20 att

79 234 74 20 genom
172 228 63 26 nägot
250 229 65 20 annat
329 227 68 22 medel
413 227 85 21 komma
512 226 33 22 till
561 233 80 15 samma
656 225 97 25 resultat,
767 227 22 25 ty
804 223 93 22 hvarken

80 261 38 21 har
140 262 35 21 det
197 262 54 20 varit
272 263 83 20 senaste
374 262 98 21 ständers
486 261 52 22 eller
552 261 136 27 regeringens
703 259 85 27 mening
803 258 55 26 eller,
874 259 24 19 är

81 295 35 22 det
138 297 45 20 tror
201 296 42 27 jag,
264 296 25 21 de
304 296 121 21 nuvarande
440 296 125 22 ständernas
581 294 84 27 mening
681 296 32 19 att
727 293 32 21 till
775 291 122 27 deltagande

80 329 7 21 i
107 330 114 22 valrättens
236 329 111 22 utöfvande
361 330 57 21 kalla
434 336 100 20 personer
549 329 52 22 eller
615 328 88 26 klasser,
719 334 34 15 om
767 326 71 22 hvilka
852 325 46 21 icke

82 364 60 22 dessa
163 364 173 26 förutsättningar
357 364 72 22 kunna
451 366 67 25 göras.
549 364 42 21 Det
613 363 38 21 har
667 362 82 22 således
763 361 8 21 i
785 359 113 23 allmänhet

80 398 74 21 insetts
177 398 38 21 och
239 398 84 21 erkänts
345 400 32 19 att
399 404 26 15 en
444 404 73 16 census
532 398 40 21 bör
589 396 117 28 uppställas
722 395 39 22 och
776 394 73 22 endast
863 393 35 21 be-

81 431 102 22 träffande
205 431 99 28 beloppet
326 432 59 21 deraf
406 431 62 22 hafva
490 431 135 27 meningarne
647 430 55 22 varit
724 430 62 25 olika,
809 428 39 21 och
862 428 36 26 jag

82 465 107 22 bekänner
209 467 32 20 att
262 466 35 21 det
319 468 24 19 är
365 467 57 20 svärt
441 468 32 20 att
491 466 30 21 uti
538 472 25 15 en
579 466 66 21 sädan
659 465 66 26 fräga,
742 464 26 21 dä
783 463 35 22 det
832 461 66 28 gäller

83 496 31 19 att
129 499 53 28 välja
198 500 39 21 den
253 507 39 14 ena
307 500 50 22 eller
372 501 67 21 andra
454 500 77 27 siffran,
542 499 63 22 träffa
615 499 68 28 precis
693 499 40 21 den
744 497 80 27 riktiga.
849 495 49 22 Men

83 539 33 16 om
137 540 47 15 man
200 534 108 22 betraktar
323 535 265 26 bildningsförhällandena
602 534 39 21 hos
656 534 47 21 värt
717 532 44 22 folk
776 531 38 22 och
828 529 70 23 särde-

82 567 30 22 les
134 568 39 21 hos
195 569 108 21 städernas
325 569 115 22 arbetande
463 569 39 22 och
522 569 138 22 medellösare
675 566 126 27 befolkning,
816 566 23 20 sä
853 567 46 18 tror

80 601 36 27 jag
132 602 53 21 dock
200 604 31 19 att
246 603 35 21 det
296 603 53 22 skall
365 603 52 22 höra
432 603 32 22 till
480 603 134 27 undantagen
629 604 32 19 att
676 607 100 22 personer
791 599 47 22 med
847 598 51 21 min-

84 635 36 22 dre
142 636 91 22 inkomst
255 639 26 19 än
306 638 59 25 1,000
384 638 59 21 mark
462 644 38 21 ega
515 637 58 22 såväl
588 637 42 26 håg
645 636 39 22 och
699 635 88 22 intresse
802 633 32 22 för
848 631 51 28 poli-

83 670 55 21 tiska
153 671 180 27 angelägenheter,
349 678 44 15 som
408 671 96 28 förmäga
518 673 33 20 att
565 671 90 22 bedöma
671 670 70 27 dylika
755 669 75 26 frägor.
857 666 42 21 Det

83 706 23 19 är
129 704 50 22 visst
201 707 53 24 sant,
277 707 31 19 att
329 705 317 27 förmögenhetsförhällandena
660 707 37 19 äro
713 703 62 26 olika,
791 703 31 20 att
837 700 62 27 1,000

83 739 70 20 marks
175 739 91 21 inkomst
287 739 46 22 icke
355 743 157 24 representerar
530 745 80 16 samma
625 737 144 28 förmögenhet
783 737 7 20 i
805 735 95 26 Helsing-

83 771 43 22 fors
147 779 44 15 som
214 776 15 18 t.
247 780 30 15 ex.
293 774 7 21 i
315 774 86 27 Kajana
433 774 49 21 Men
498 774 36 21 det
549 774 38 21 har
602 773 45 27 gält
662 775 32 19 att
708 772 56 21 finna
779 772 30 21 ett
823 768 77 23 medel-

83 806 30 21 tal
135 813 44 15 som
201 813 49 16 vore
272 807 119 28 tillämpligt
413 808 32 21 för
468 808 49 22 hela
538 808 73 21 landet
629 807 39 22 och
683 813 45 15 som
743 806 46 21 icke
803 810 50 15 vore
867 802 33 22 för

83 839 49 28 lägt,
149 842 22 26 ty
186 841 101 27 öfverallt,
307 842 37 22 der
359 843 36 21 det
409 843 24 21 sä
449 842 83 22 kallade
547 842 93 21 sträcket
654 840 129 28 uppäragits,
799 839 38 20 har
851 843 49 15 man

83 874 65 22 sedan
169 874 44 22 haft
235 882 25 15 en
279 876 88 22 tendens
383 878 31 20 att
429 877 27 26 gå
471 876 65 22 nedåt
551 876 39 21 och
605 876 69 26 någon
689 874 107 27 svårighet
810 872 38 21 har
863 870 37 22 all-

84 908 46 27 drig
151 909 52 21 visat
225 909 32 27 sig
274 912 31 20 att
320 910 21 22 få
356 911 35 21 det
406 910 92 26 nedsatt,
515 917 34 15 om
565 911 36 20 det
615 909 54 22 varit
684 908 32 22 för
731 908 56 26 högt,
804 912 46 16 men
866 904 33 22 väl

84 944 32 19 att
136 942 21 22 få
179 943 36 21 det
237 944 64 27 höjdt.
331 945 42 21 Det
395 947 24 19 är
441 944 53 22 visst
510 947 49 19 sant
574 946 32 20 att
620 950 75 20 genom
710 940 156 30 uppställandet
880 938 23 22 af

84 982 25 16 en
132 978 61 25 1,000
209 978 70 22 marks
293 985 73 15 census
381 986 25 14 en
423 979 34 22 del
472 985 107 21 personer,
595 978 70 22 hvilka
687 983 28 15 nu
733 975 70 22 utöfva
824 973 78 22 valrätt

83 1010 84 22 komme
189 1013 31 20 att
241 1012 64 22 blifva
327 1013 90 22 derifrän
436 1014 113 25 uteslutna,
565 1019 48 15 men
628 1013 13 21 &
656 1012 66 22 andra
736 1010 59 22 sidan
809 1009 39 21 bör
863 1007 36 21 det

83 1044 45 22 icke
150 1045 91 28 förgätas
263 1049 32 19 att
315 1048 40 21 den
370 1048 47 22 nåd.
433 1054 60 21 prop.
510 1048 65 27 gifver
589 1049 90 19 rösträtt
693 1047 24 21 åt
731 1045 104 24 arbetare,
851 1042 49 26 dag-

83 1078 78 28 lönare,
183 1080 73 22 idkare
278 1082 22 20 af
313 1083 74 26 näring
408 1082 33 22 för
463 1082 179 27 sjelfförsörjning,
661 1081 39 21 och
715 1082 32 19 att
761 1077 64 23 bland
840 1077 61 21 dessa

83 1113 80 22 klasser
185 1114 44 22 helt
251 1116 70 21 säkert
343 1116 66 22 finnes
432 1123 26 15 en
474 1116 78 28 mängd
567 1122 106 22 personer,
688 1114 82 22 hvilkas
784 1112 116 21 inkomster

84 1147 122 28 öfverstiger
228 1150 62 26 1,000
312 1150 66 27 mark,
401 1151 39 21 och
458 1157 47 15 som
521 1150 120 27 derigenom
657 1150 84 20 komma
755 1148 8 20 i
777 1144 123 28 åtnjutande

84 1181 32 27 af
126 1184 93 20 rösträtt.
248 1184 40 27 Jag
310 1184 77 22 saknar
402 1185 96 21 material
514 1185 32 21 för
561 1186 32 20 att
607 1184 90 21 bedöma
711 1182 81 21 hvilkas
807 1179 56 22 antal
879 1180 23 19 är

83 1217 75 26 större,
173 1217 66 27 deras,
255 1217 70 23 hvilka
339 1219 68 21 skulle
422 1218 80 23 förlora
517 1220 94 25 rösträtt,
628 1217 52 22 eller
695 1217 68 26 deras,
778 1221 45 16 som
834 1212 68 23 skulle

84 1249 80 23 erhålla
186 1253 93 26 rösträtt,
302 1253 7 21 i
323 1253 100 22 händelse
439 1253 49 22 mitt
503 1253 78 27 förslag
596 1254 93 25 antages,
705 1257 48 16 men
769 1249 63 27 enligt
846 1246 56 22 hvad

83 1283 33 21 för
138 1285 41 27 mig
202 1285 67 23 blifvit
286 1287 107 27 uppgifvet
407 1287 22 22 af
442 1294 103 21 personer
559 1293 46 15 som
620 1286 137 22 underkastat
771 1281 131 27 Helsingfors

84 1318 58 22 stads
156 1319 121 28 vallängder
292 1328 25 14 en
327 1328 110 20 noggrann
447 1321 136 28 granskning,
595 1320 67 22 skulle
677 1319 65 27 enligt
757 1318 47 21 mitt
818 1314 84 27 förslag,

84 1353 133 23 valmännens
233 1355 57 21 antal
305 1356 6 20 i
326 1355 131 27 Helsingfors
473 1356 49 22 stad
538 1356 51 21 ökas
603 1354 48 22 med
667 1353 95 26 omkring
777 1352 41 22 900
832 1355 72 22 perso-

84 1393 39 15 ner
145 1390 44 19 mot
211 1388 54 22 hvad
288 1390 35 21 det
345 1396 28 15 nu
390 1392 69 25 utgör.
490 1390 76 22 Såsom
581 1395 26 15 en
622 1387 127 28 föregående
764 1385 51 23 ärad
829 1383 74 25 talare,

84 1421 25 21 hr
131 1422 75 22 Heikel
227 1424 98 26 påpekat,
347 1424 96 22 kommer
465 1424 138 21 valmännens
625 1422 58 22 antal
704 1422 7 20 i
726 1418 130 28 Helsingfors
871 1418 33 20 att

83 1456 129 28 fördubblas,
227 1458 7 21 i
249 1458 99 22 händelse
363 1458 36 22 det
413 1458 6 21 i
433 1458 40 22 den
488 1458 48 22 nåd.
551 1464 58 21 prop.
621 1456 38 22 och
669 1451 236 27 utskottsbetänkandet

83 1489 118 29 föreslagna
217 1492 106 22 minimum
338 1492 21 22 af
374 1494 41 20 800
431 1493 60 21 mark
507 1492 69 22 blefve
590 1492 68 27 följdt.
683 1490 33 22 En
731 1490 23 21 så
768 1490 44 20 stor
826 1485 78 27 ökning

84 1528 7 21 i
112 1528 135 22 valmännens
269 1528 57 22 antal
344 1534 50 16 som
417 1534 24 16 en
464 1526 137 27 fördubbling
623 1532 62 16 anser
704 1525 37 27 jag
761 1523 33 21 för
812 1520 42 23 min
870 1518 34 23 del
