1075 1709
209 75 35 33 188
458 78 105 25 Päjipiss.'&
568 81 19 22 p.
599 80 68 19 Helmik.
678 78 50 21 1988.

170 140 44 29 jag
232 139 82 29 begärt
334 139 65 22 ordet
419 146 44 15 var
477 139 76 23 denna
567 140 64 29 gång
645 139 51 29 den,
713 141 36 21 att
764 139 26 22 få
804 138 123 23 framhålla
941 138 56 23 nöd-

172 168 157 30 vändipheten
344 169 32 29 af
388 171 36 20 att
438 169 10 22 i
463 169 76 22 denna
553 169 68 29 fråga
635 169 58 29 vilja
707 169 97 27 medlen,
820 168 52 22 ifall
887 176 54 15 man
955 168 44 23 vill

174 198 137 24 ändamålet,
340 199 138 22 Andamälet
492 202 26 19 är
533 201 36 20 att
583 202 63 19 ännu
661 199 38 22 till
709 199 75 22 denna
794 198 113 30 landtdag
916 206 83 22 genom

173 237 30 14 en
217 228 99 30 petition
330 228 79 23 kunna
423 228 25 23 fä
463 236 29 14 en
507 228 111 30 kejserlig
632 229 145 29 proposition
792 228 118 30 angäende
921 228 78 30 spräk-

273 258 122 22 ständerna
410 258 112 29 förelagd.
552 258 65 22 Skall
633 259 64 21 detta
712 259 46 21 mål
774 259 88 26 vinnas,
879 254 25 37 är
912 258 87 29 skynd-

174 288 91 22 samhet
280 288 26 22 af
317 288 81 22 nöden.
428 288 44 22 Om
486 288 92 22 ständet
592 288 75 22 skulle
682 288 92 22 besluta
789 288 38 29 sig
836 288 37 22 för
883 290 35 20 att
928 287 71 23 sända

174 318 77 22 denna
265 318 97 29 petition
377 318 37 22 till
429 318 91 22 hvilket
534 325 49 15 som
597 318 62 22 helst
674 318 116 22 ordinarie
805 318 97 28 utskott,
912 318 30 29 pä
952 319 47 21 sätt

173 348 124 29 föreslaget
312 348 84 28 blifvit,
412 351 26 19 är
452 347 51 23 fara
517 348 69 22 värdt
601 350 36 20 att
649 348 132 22 ändamälet
790 348 52 22 icke
854 348 45 21 kan
909 348 89 27 vinnas,

173 381 28 26 ty
215 378 76 29 enligt
305 378 26 22 L.
345 378 25 22 O.
386 379 72 21 mäste
472 378 115 22 ordinarie
601 378 92 22 utskott
707 378 59 22 först
781 377 115 22 behandla
911 377 28 22 de
948 376 49 30 kej-

172 408 85 29 serliga
281 407 195 30 propositionerna
498 407 43 22 och
561 407 60 23 först
641 408 71 22 sedan
732 407 66 22 dessa
813 406 184 23 slutbehandlats

173 437 106 23 enskilda
294 437 128 29 petitioner.
452 437 46 22 Det
512 437 75 22 skulle
600 437 87 22 säledes
701 438 81 22 kunna
791 437 134 30 handlägga
934 437 64 22 detta

174 467 84 22 ärende
277 467 59 22 först
355 467 59 22 efter
433 475 29 14 en
482 467 55 29 lång
557 467 41 29 tid,
614 467 91 22 hvilket
720 469 50 20 åter
785 467 75 22 skulle
875 467 70 22 hafva
959 467 38 21 till

173 497 64 29 följd,
253 499 36 20 att
303 497 128 29 petitionen
446 497 89 22 komme
548 498 25 21 sä
583 499 52 20 sent
645 499 36 20 att
691 497 134 29 expedieras
835 497 27 21 af
870 497 127 26 ständerna,

174 529 35 20 att
223 526 56 30 föga
293 527 73 29 utsigt
380 527 74 22 skulle
469 527 124 22 förefinnas
608 529 35 20 att
654 528 76 21 såsom
739 527 88 22 verkan
837 526 27 23 af
870 527 129 29 petitionen

174 565 29 14 en
213 557 141 29 proposition
364 557 8 22 i
382 559 78 20 ämnet
470 560 61 19 ännu
541 557 41 22 vid
592 557 75 22 denna
677 556 115 29 landtdag
802 563 54 16 vore
865 559 35 20 att
907 558 91 21 emotse.

174 587 47 28 Jag
236 593 68 15 anser
318 586 39 22 det
372 586 76 22 derför
463 587 51 22 icke
528 594 56 15 vara
594 586 27 23 af
628 587 68 29 ringa
706 587 53 28 vigt
769 588 36 20 att
815 586 75 22 denna
900 586 99 29 petition

174 617 130 21 remitteras
324 616 37 22 till
379 619 34 19 ett
428 616 82 23 sädant
524 617 97 27 utskott,
636 624 50 15 som
700 617 52 22 icke
768 619 25 19 är
808 616 87 22 bundet
911 616 26 22 af
949 615 48 29 kej-

174 646 85 29 serliga
273 646 177 29 propositioners
465 646 138 29 föregäende
619 646 149 29 behandling,
778 646 44 22 och
832 646 41 22 ber
882 647 31 28 pä
923 645 74 22 denna

235 676 16 21 d
271 678 36 19 att
327 676 91 22 ståndet
436 677 72 21 måtte
528 676 79 22 förena
627 676 38 29 sig
679 683 38 15 om
733 678 36 19 att
783 675 73 22 sända
870 675 127 30 petitionen

172 706 38 21 till
230 705 116 22 allmänna
365 706 212 28 besvärsutskottet,
593 713 50 15 som
662 709 26 19 är
704 705 162 23 oförhindradt
882 707 35 20 att
933 707 64 20 strax

174 738 56 27 taga
245 735 56 30 ihop
315 735 52 22 med
382 735 75 22 saken.

246 765 127 22 Professori
388 765 126 28 Runeberg:
528 765 48 29 Jag
590 765 41 22 ber
646 767 35 20 att
697 766 37 21 för
750 765 48 22 min
811 765 38 22 del
859 765 25 22 få
893 764 105 23 fullstän-

174 795 53 29 digt
247 795 139 22 understöda
400 795 127 29 petitionen
541 795 9 22 i
566 795 51 22 dess
632 795 92 22 klämm.
755 795 52 22 Den
821 795 127 21 innehäller
963 796 35 19 ett

176 825 179 28 önskningsmäl,
373 832 48 15 som
436 827 57 20 utan
507 825 84 22 tvifvel
607 828 26 19 är
648 825 27 22 af
687 827 49 20 stor
750 825 53 28 vigt
818 824 44 22 och
877 824 122 29 betydelse,

174 854 45 23 och
239 862 49 14 som
307 857 60 20 mött
386 862 79 15 varma
484 855 127 29 sympatier
630 854 62 23 ifrån
712 856 86 28 många
817 854 54 22 håll.
906 854 46 22 Det
972 857 26 19 är

175 884 98 23 allmänt
291 884 92 29 bekant,
402 887 35 20 att
456 884 122 30 kejserliga
595 887 94 20 senaten
704 886 32 28 på
750 884 130 29 befallning
894 884 27 22 af
933 884 66 22 Hans

174 914 109 30 Majestät
304 914 117 22 utarbetat
443 917 34 19 ett
496 914 87 30 förslag
603 915 37 21 till
661 914 71 23 sådan
752 914 149 30 proposition,
921 920 48 15 som
989 913 9 22 i

176 945 76 21 denna
274 945 98 28 petition
394 945 101 29 begäres.
525 944 46 23 Det
593 945 66 22 torde
681 952 57 15 vara
761 946 36 20 att
819 943 53 22 med
894 943 106 22 säkerhet

175 974 89 29 hoppas
279 976 40 26 att,
335 981 37 15 om
388 982 28 14 en
431 974 142 30 proposition
588 975 8 21 i
612 975 39 21 det
667 975 69 28 syfte,
752 981 49 15 som
817 973 75 22 denna
901 973 98 30 petition

175 1004 102 27 innebär,
297 1004 129 29 förelägges
445 1011 33 15 nu
498 1004 135 22 församlade
652 1004 100 27 ständer,
768 1003 76 22 denna
858 1003 142 29 proposition

176 1034 74 21 skulle
273 1034 9 21 i
305 1034 132 22 hufvudsak
456 1033 91 23 bifallas
567 1034 44 22 och
631 1034 98 22 sålunda
749 1041 30 14 en
798 1033 91 29 lycklig
906 1033 93 28 lösning

175 1063 84 22 vinnas
280 1063 26 22 af
324 1063 28 22 de
372 1065 84 28 många
475 1063 152 30 stridsfrågor,
648 1071 49 15 som
713 1067 63 18 ännu
791 1063 8 21 i
815 1063 64 22 detta
894 1061 105 23 afseende

176 1093 129 22 förefinnas.
335 1093 47 22 Det
396 1096 26 19 är
436 1093 135 29 visserligen
586 1095 74 26 sannt,
671 1095 35 20 att
717 1093 117 29 åsigterna
844 1093 30 28 gå
884 1093 24 21 åt
916 1093 84 28 många

175 1123 62 22 olika
252 1123 57 28 håll;
324 1131 53 14 men
392 1123 40 22 det
446 1126 26 19 är
485 1123 74 22 likaså
574 1123 83 28 säkert,
672 1125 36 20 att
723 1130 55 15 man
793 1129 33 15 nu
841 1122 74 22 skulle
929 1121 72 22 hafva

176 1152 44 22 den
236 1154 85 21 största
335 1153 75 29 utsigt
424 1153 36 22 för
475 1155 35 20 att
525 1153 28 22 de
568 1153 93 22 sansadt
670 1152 119 23 tänkande
799 1152 54 21 från
862 1151 79 29 hvarje
951 1151 50 22 håll

176 1182 74 22 skulle
271 1183 78 21 kunna
364 1177 79 39 förena
457 1183 39 28 sig
510 1189 37 16 om
562 1190 29 14 en
606 1183 98 28 lösning,
720 1181 98 23 hvilken
832 1188 77 15 vunne
923 1181 77 29 plura-

174 1212 53 21 litet
241 1211 64 23 inom
319 1213 42 21 vår
376 1212 116 29 landtdag.
522 1212 47 29 Jag
584 1212 46 22 kan
645 1212 51 22 icke
711 1219 57 15 anse
783 1213 77 26 annat,
876 1214 29 18 än
916 1212 35 20 att
961 1210 39 22 det

175 1241 62 22 varit
257 1243 36 20 ett
313 1241 74 22 oblidt
406 1242 43 22 öde
468 1242 37 21 för
524 1243 53 21 vårt
597 1242 60 28 land,
678 1249 50 14 som
746 1241 74 22 vållat
836 1243 34 20 att
886 1248 28 14 en
929 1239 71 23 sådan

175 1271 143 29 proposition
332 1271 52 22 icke
399 1275 62 18 ännu
475 1271 79 22 blifvit
569 1271 104 29 förelagd
688 1271 149 29 landtdagen,
848 1270 44 22 och
902 1272 35 19 att
946 1277 55 14 man

175 1301 52 22 icke
242 1309 41 14 ens
298 1301 46 22 kan
358 1309 57 14 vara
430 1301 113 22 förvissad
558 1308 44 21 om,
618 1304 35 19 att
668 1308 29 15 en
708 1301 72 22 sådan
790 1300 142 29 proposition
942 1299 60 22 skall

174 1330 94 23 komma
283 1333 36 20 att
332 1331 136 29 föreläggas.
499 1331 42 22 Om
557 1331 64 22 detta
635 1331 47 22 mål
697 1330 79 22 kunde
786 1331 83 20 vinnas
879 1336 83 22 genom
970 1335 31 15 en

176 1360 198 29 ständerpetition,
395 1362 25 20 så
439 1368 54 15 vore
514 1361 92 22 dermed
621 1360 104 29 oändligt
740 1359 95 29 mycket
849 1361 94 26 vunnet,
958 1358 43 22 och

173 1389 43 29 jag
235 1389 38 22 för
293 1390 48 22 min
362 1390 37 21 del
419 1392 91 20 törenar
529 1391 49 28 mig
597 1390 78 22 derför
689 1390 36 21 uti
741 1389 41 22 det
796 1388 182 29 hufvudsakliga
993 1388 8 21 i

175 1419 136 51 pani
327 1419 22 22 d.
363 1427 21 14 v.
400 1427 16 14 s.
432 1421 35 20 uti
482 1420 61 22 hvad
558 1427 49 15 som
622 1421 48 20 står
684 1419 9 22 i
709 1419 53 22 dess
772 1419 92 22 klämm.
894 1418 108 22 Deremot

193 1455 30 16 an
235 1449 44 29 jag
293 1449 51 23 icke
361 1457 53 15 anse
429 1450 167 29 motiveringen
611 1449 27 23 af
650 1449 117 22 klämmen
776 1447 96 31 lycklig.
903 1447 46 30 Jag
959 1447 42 22 vill

176 1478 51 22 icke
246 1486 34 14 nu
299 1479 73 22 inläta
392 1480 50 28 mig
459 1481 30 28 pä
503 1480 76 28 nägon
594 1479 154 29 vidlyftigare
762 1478 173 28 framställning
949 1477 52 22 med

176 1508 127 29 anledning
323 1508 26 22 af
366 1510 139 28 petitionens
522 1509 141 29 motivering
677 1509 8 21 i
701 1508 116 23 särskilda
832 1508 105 29 punkter,
953 1514 48 15 som
