1075 1739
228 77 37 33 364
480 83 75 22 Pappiss.
567 83 26 18 20
604 87 16 18 p.
632 83 75 18 Maalisk.
718 82 50 19 1985.

192 142 118 27 systemet.
340 141 70 22 Hvad
432 141 40 22 det
493 141 122 30 praktiska
637 141 75 22 skälet
729 139 111 24 beträffar
854 143 26 19 är
896 139 39 23 det
949 139 72 23 redan

193 170 27 23 af
241 171 26 22 sä
287 171 84 29 många
393 171 98 28 berördt,
514 173 36 20 att
570 171 43 29 jag
633 171 51 22 icke
704 170 112 23 behöfver
833 169 125 30 uppehålla
968 169 53 29 mig

193 200 88 23 dervid.
310 200 46 23 Det
378 201 110 22 behöfves
511 201 61 22 vissa
594 201 65 28 mått,
681 201 43 22 vid
746 199 82 24 hvilka
846 201 42 21 vär
902 199 119 30 menighet

192 232 58 21 vant
269 230 42 29 sig,
331 230 44 23 och
395 230 65 23 dessa
479 234 27 19 är
526 231 39 22 det
585 231 44 22 allt
648 230 51 23 skäl
719 232 36 20 att
768 229 118 23 bibehålla
900 229 70 23 äfven
984 229 38 22 för

192 259 133 29 framtiden,
341 260 76 23 sävidt
432 261 29 22 de
475 259 80 24 kunna
569 260 104 29 inpassas
689 261 9 22 i
713 260 40 22 det
767 267 48 22 nya
830 261 117 27 systemet.
978 258 44 23 Om

193 289 41 23 det
248 290 63 22 visar
325 290 36 29 sig
376 292 36 20 att
425 291 37 22 uti
477 290 39 22 det
530 290 94 29 förslag,
640 297 49 15 som
703 291 69 28 ingår
786 290 8 21 i
811 289 44 22 den
870 289 86 29 nådiga
969 295 52 23 pro-

193 320 138 29 positionen,
346 321 73 28 nägra
438 320 151 29 öfverflödiga
605 320 173 29 bestämningar
793 319 97 22 rörande
904 320 60 21 mätt
978 318 44 23 och

193 349 53 30 vigt
267 349 146 29 förekomma,
429 351 25 21 sä
474 350 92 22 törfalla
587 349 29 22 de
634 350 27 22 af
673 350 37 29 sig
725 349 89 30 sjelfva,
829 350 31 28 på
875 356 86 15 samma
976 350 47 20 sätt

193 386 50 15 som
258 379 29 22 de
301 379 71 22 redan
388 379 26 22 af
426 379 48 30 mig
489 379 101 22 nämnda
605 379 122 30 decigram,
743 379 105 22 deciliter
863 386 19 15 o.
898 386 16 15 s.
930 386 27 19 v;
978 378 43 23 och

193 409 180 22 Ofverflödsverk
388 409 8 22 i
412 409 74 22 denna
501 409 107 30 riktning
622 409 43 22 har
679 410 73 29 ingen
767 417 77 14 annan
858 409 119 28 betydelse
993 411 30 19 än

194 440 36 21 att
250 439 40 22 det
309 439 100 30 onödiga
423 439 36 22 för
477 447 29 14 en
528 439 35 23 tid
586 439 82 29 består,
691 439 38 23 till
752 439 52 23 dess
826 446 55 15 man
902 439 43 22 har
966 440 57 20 vant

194 469 37 29 sig
250 468 42 22 vid
312 468 39 22 det
370 476 47 22 nya
431 471 110 27 systemet
561 468 44 23 och
624 470 65 22 derat
710 469 128 23 bibehåller
857 468 37 22 för
908 468 115 30 praktiskt

193 498 61 22 bruk
269 498 61 22 hvad
349 506 49 15 som
413 502 25 19 är
452 499 150 29 nödvändigt.
632 499 47 29 Jag
694 499 75 22 skulle
785 498 77 23 derför
877 498 84 28 förnya
975 498 48 22 min

194 528 109 22 anhällan
318 530 35 20 att
367 529 171 22 Presteständet
552 529 105 22 uttalade
671 529 38 29 sig
725 536 38 15 om
778 528 40 23 det
830 528 133 29 föredrager
972 535 51 22 pro-

194 558 131 29 positionen
345 558 55 22 eller
422 559 259 22 utskottsbetänkandet
702 560 8 21 i
732 558 52 22 dess
807 558 130 28 allmänhet,
952 557 73 23 under

195 588 45 22 den
255 588 168 29 förutsättning
436 588 42 29 jag
492 588 72 22 redan
578 588 61 22 hade
654 592 55 18 äran
725 588 96 30 päpeka.

268 618 106 22 Provasti
389 618 145 22 Fredrikson:
548 618 173 22 Betänkandets
735 618 43 22 öde
788 618 80 29 tyckes
878 625 57 15 vara
943 616 81 30 gifvet,

196 647 44 22 och
253 647 42 29 jag
310 648 43 22 vill
368 648 75 22 derför
458 648 51 22 icke
523 648 53 22 med
591 650 39 26 ett,
645 649 75 21 såsom
736 648 39 22 det
788 655 74 21 synes,
872 647 96 29 onödigt
978 646 46 22 för-

196 684 53 15 svar
269 677 37 22 för
326 677 124 23 detsamma
467 678 123 29 uppehälla
605 678 99 27 ständet;
718 677 43 30 jag
776 678 43 22 vill
834 677 59 22 blott
908 679 117 27 gentemot

196 707 126 22 öfverlärar
341 707 113 22 Kihlman
473 710 89 25 nämna,
578 709 35 21 att
627 708 113 22 utskottet
754 707 128 29 ingalunda
897 706 73 22 under
985 706 40 22 det

197 736 161 30 omsorgsfulla
373 737 82 28 arbete,
470 737 39 23 det
523 737 98 22 nedlade
635 738 30 28 pä
676 737 64 23 detta
749 736 152 29 betänkande,
910 736 53 22 låtit
972 735 53 23 leda

197 766 37 29 sig
254 766 59 22 blott
333 766 27 22 af
372 766 80 22 kärlek
467 767 37 22 till
519 767 57 22 teori
592 766 43 23 och
650 774 49 14 mer
714 766 57 23 eller
786 766 90 22 mindre
891 766 134 22 ofruktbara

197 798 94 26 system,
310 798 56 20 utan
386 799 34 20 att
439 797 111 22 utskottet
570 796 94 23 fastmer
678 796 61 22 hade
754 799 101 19 närmast
868 796 10 22 i
893 796 60 28 sigte
968 798 34 19 att
1017 795 9 22 i

197 825 132 29 möjligaste
343 827 54 21 mån
411 826 130 22 underlätta
555 826 132 22 införandet
703 826 27 22 af
743 826 38 22 det
790 826 110 22 metriska
910 828 115 26 systemet,

198 862 50 15 som
254 855 113 23 utskottet
376 851 49 38 från
436 851 74 38 början
520 864 42 14 var
572 856 99 22 beslutet
677 858 35 20 att
720 855 98 23 förorda.
829 855 119 23 Utskottet
955 856 71 28 ansåg

197 884 138 30 visserligen
354 888 34 20 att
409 886 38 22 det
466 886 108 22 metriska
595 888 109 26 systemet
725 889 25 18 är
771 886 85 26 sådant,
872 887 34 20 att
922 884 38 22 det
975 884 51 22 icke

197 921 85 22 genom
301 916 73 28 några
393 916 182 22 modifikationer
594 916 48 21 kan
661 916 85 22 ändras
766 917 57 20 utan
843 917 34 19 att
891 915 9 21 i
916 913 43 23 och
973 913 53 23 med

198 944 127 22 detsamma
339 944 74 23 blifva
427 947 35 20 ett
475 945 49 22 helt
540 947 79 25 annat;
633 953 54 14 men
702 944 98 23 orsaken
814 944 95 22 hvarför
922 944 29 22 de
963 951 64 21 myc-

197 974 41 21 ket
253 974 115 22 omtalade
382 974 170 30 benämningar,
568 982 49 14 som
632 975 85 21 mellan
730 974 96 22 enheter
836 974 9 22 i
854 973 173 30 propositionen

196 1003 143 23 förekomma
353 1004 45 22 och
412 1004 27 22 af
451 1004 115 22 utskottet
580 1004 81 23 blifvit
675 1004 133 27 utstrukna,
824 1004 42 22 har
875 1004 49 22 lika
933 1002 94 30 mycket

197 1034 63 21 varit
281 1033 52 27 den,
349 1036 35 20 att
403 1034 171 22 bibehållandet
588 1034 27 22 af
628 1034 67 22 dessa
709 1033 181 23 mellanenheter
905 1033 36 22 för
957 1033 70 28 ingen

198 1062 38 22 del
251 1063 76 22 skulle
341 1063 99 29 bidraga
453 1064 37 22 till
504 1064 92 22 lättnad
610 1064 41 22 vid
667 1063 164 23 användandet
846 1062 26 23 af
883 1062 40 22 det
932 1070 48 21 nya
989 1069 38 21 sy-

198 1094 89 20 stemet.
317 1092 44 22 Att
375 1095 16 21 t.
407 1101 33 14 ex.
456 1093 52 22 med
523 1093 106 23 afseende
644 1094 14 21 &
672 1093 162 30 längdmätten
843 1092 117 22 bibehålla
971 1098 56 22 ,ny-

196 1122 79 22 famn"
299 1122 52 22 med
371 1122 51 22 dess
441 1123 218 29 underafdelningar
681 1125 101 27 ,spann"
805 1122 44 22 och
871 1124 84 26 ,tum",
973 1128 54 15 vore

198 1151 127 23 detsamma
339 1159 49 15 som
402 1154 36 20 att
452 1153 10 21 i
476 1153 74 22 mark-
561 1152 44 23 och
614 1153 183 29 pennisystemet
810 1152 57 28 vilja
876 1151 77 22 införa
962 1150 66 22 rubel

198 1181 43 21 och
256 1181 84 34 kopek;
361 1182 97 29 hvilken
478 1182 68 22 oreda
561 1182 9 22 i
585 1182 46 22 alla
645 1182 155 28 räkenskaper
815 1181 75 22 skulle
904 1181 53 21 icke
971 1188 57 14 vara

197 1218 30 14 en
247 1210 61 30 följd
328 1210 72 23 deraf!
431 1212 54 22 Man
505 1213 37 21 må
562 1215 79 26 gärna,
658 1219 37 15 om
713 1219 56 15 man
784 1212 26 21 så
824 1211 51 27 vill,
891 1213 56 26 säga
962 1212 35 20 att
1011 1210 16 22 4

197 1240 66 22 mark
284 1244 25 18 är
329 1248 29 14 en
377 1241 73 27 rubel,
466 1249 52 14 men
538 1242 50 21 icke
609 1242 46 21 kan
675 1249 55 14 man
745 1241 9 21 i
770 1248 29 14 en
819 1240 136 28 förordning
969 1239 59 22 före-

198 1270 90 22 skrifva
308 1272 35 20 att
363 1270 39 22 det
422 1271 59 22 skall
501 1278 56 15 vara
576 1272 31 21 så.
637 1271 44 22 Att
696 1271 9 22 i
721 1270 46 22 den
788 1270 94 30 dagliga
897 1269 101 22 rörelsen
1014 1270 13 20 3

197 1302 74 19 meter
291 1300 102 22 kommer
408 1302 34 20 att
458 1301 72 22 kallas
545 1308 29 14 en
589 1301 70 28 famn,
674 1304 26 18 är
715 1300 71 22 också
800 1300 90 28 troligt;
911 1306 53 15 men
979 1298 50 22 icke

197 1329 60 22 skall
279 1329 39 22 det
337 1330 40 22 väl
396 1330 136 22 bestämmas
552 1330 36 22 uti
607 1330 182 29 lagstadgandet
809 1331 35 20 att
866 1329 39 21 det
926 1330 25 20 så
971 1328 60 22 skall

197 1366 62 14 vara.
290 1359 47 29 Jag
357 1360 43 21 vill
420 1360 59 22 dock
498 1360 50 22 icke
568 1360 81 29 längre
669 1359 127 30 uppehålla
816 1358 105 28 ståndet;
936 1365 49 15 som
1003 1357 28 29 ju

197 1388 72 22 redan
285 1396 68 21 synes
369 1389 31 21 ha
414 1389 71 22 fattat
500 1390 41 21 sitt
556 1390 81 22 beslut.

271 1418 128 22 Professori
419 1418 128 29 Runeberg:
566 1419 47 29 Jag
633 1419 102 29 begärde
751 1418 65 22 ordet
831 1417 132 29 egentligen
977 1416 53 23 med

197 1447 128 30 anledning
340 1448 27 22 af
380 1448 152 22 öfverläraren
547 1448 122 22 Kihlmans
685 1448 116 29 yttrande,
817 1447 96 23 emedan
926 1446 43 30 jag
982 1449 47 19 tror

198 1479 34 19 att
252 1476 48 23 han
320 1478 42 21 har
382 1478 84 22 uttalat
485 1486 29 14 en
534 1478 65 29 åsigt,
616 1485 46 15 som
683 1482 26 18 är
730 1478 94 28 mycket
838 1477 96 22 allmänt
947 1475 82 29 hyllad

196 1506 62 22 inom
275 1506 39 23 det
329 1507 143 30 högvördiga
486 1508 96 28 ståndet,
593 1515 51 15 men
659 1515 47 15 som
724 1507 75 29 enligt
814 1506 53 23 mitt
880 1505 148 23 förmenande
