1073 1734
211 74 27 31 42
456 80 75 22 Pappiss.
543 80 49 18 1885.
605 80 24 18 24
641 84 16 17 p.
669 80 77 18 Tammik.

175 139 69 29 högst
264 138 156 29 märkvärdigt
440 140 35 20 att
493 140 30 27 på
538 146 30 14 en
582 138 42 28 tid,
640 138 30 22 då
685 138 45 22 den
744 138 147 23 kommunala
905 138 91 29 sjelfbe-

178 168 203 30 stämningsrätten
396 169 47 21 står
457 169 30 28 på
503 168 176 29 dagordningen
695 168 64 23 öfver
769 168 42 22 allt
822 169 43 22 och
875 169 28 21 de
912 168 86 22 verlds-

175 199 49 29 liga
242 199 162 22 kommunerna
419 198 149 22 tillerkännes
582 200 48 20 rätt
645 200 36 20 att
696 198 83 29 sjelfva
794 198 124 22 bestämma
933 198 64 22 öfver

174 229 52 22 sina
252 228 51 22 inre
329 228 196 30 angelägenheter,
548 235 88 15 samma
658 230 47 20 rätt
729 228 74 22 skulle
823 228 118 30 fråntagas
969 228 27 22 de

176 259 109 29 kyrkliga
310 258 163 22 kommunerna
495 258 56 22 eller
572 258 197 30 församlingarna.
800 258 53 22 Med
877 258 26 22 af
921 260 75 20 staten

175 288 98 22 tillsatta
287 288 172 22 kommissioner
474 290 48 20 tror
537 296 54 14 man
604 288 37 29 sig
651 296 32 14 nu
693 288 53 22 med
756 296 41 14 ens
807 288 79 22 kunna
896 288 100 29 aflägsna

178 318 46 22 alla
239 317 213 23 missförhållanden
467 325 83 22 genom
566 320 40 25 att,
621 318 101 28 tagande
737 318 28 22 af
777 318 45 22 den
837 326 42 14 ena
894 318 43 22 och
951 318 45 29 gif-

176 348 74 22 vande
268 349 24 21 åt
308 348 44 21 den
367 348 74 28 andre,
456 348 126 22 verkställa
598 350 33 19 ett
647 348 106 29 kyrkligt
768 348 118 22 storskifte
901 348 96 22 emellan

174 378 59 22 både
247 378 100 22 betalare
362 377 42 22 och
419 379 140 27 emottagare
575 378 37 22 för
627 378 132 29 evärdeliga
769 378 65 22 tider.
849 378 46 29 Jag
905 378 42 22 har
956 378 39 29 på-

174 408 71 30 pekat
265 410 35 19 att
319 407 159 22 förhållanden
498 407 80 29 finnas,
599 415 49 15 som
668 408 145 28 nödvändigt
832 408 73 22 skulle
919 408 77 22 tarfva

174 438 99 27 rättelse,
288 437 85 22 sådana
387 444 48 15 som
450 437 29 21 de
494 440 68 26 svagt
572 437 104 22 aflönade
687 437 254 30 kapellanstjensternas
951 438 44 22 för-

175 468 110 28 bättring,
306 467 181 29 boställsfrågan,
508 467 29 22 de
557 468 49 21 små
625 468 210 28 lönepersedlarnes
850 468 147 29 förvandling

176 498 111 28 antingen
301 496 38 22 till
353 497 128 29 penningar
495 497 55 21 eller
566 497 40 22 säd
620 505 30 14 m.
665 506 29 13 m.
710 498 21 21 d.
757 498 55 21 Men
827 498 36 22 för
878 500 34 20 att
922 498 74 22 åstad-

175 528 91 22 komma
286 527 69 27 detta,
371 527 109 22 behöfvas
495 527 9 21 i
519 527 100 29 sanning
634 527 55 29 inga
704 527 162 29 ständerlagar,
881 528 54 28 inga
951 531 44 19 sär-

176 557 80 28 skilda,
271 557 53 21 hela
343 557 78 21 landet
435 556 141 23 omfattande
591 558 143 29 regleringar
749 558 44 21 och
807 557 188 29 regleringskom-

175 587 123 22 missioner.
328 586 35 29 Ty
383 589 34 20 att
437 587 91 28 kyrkan
548 588 72 21 måste
635 587 108 22 betrakta
757 587 158 29 föreliggande
931 588 65 29 fråga

175 624 49 15 som
238 624 29 15 en
282 616 51 22 dess
348 624 57 22 egen
416 617 174 29 angelägenhet,
600 617 102 29 framgår
712 624 49 15 mer
771 620 30 18 än
811 617 60 22 klart
881 618 26 21 af
914 617 81 29 kyrko-

174 648 80 28 lagens
274 646 141 30 stadganden
435 648 30 28 på
484 654 62 14 mera
566 650 30 18 än
614 649 34 19 ett
663 647 72 22 ställe.
764 648 96 21 Prosten
875 647 66 29 Hjelt
955 647 42 22 har

176 677 62 22 velat
259 676 97 29 åberopa
375 677 44 22 455
435 678 14 26 $
464 684 49 14 som
527 677 53 21 stöd
595 676 37 22 för
647 679 34 20 ett
696 679 97 20 motsatt
807 676 190 22 betraktelsesätt.

177 706 82 29 Enligt
274 706 48 22 min
337 706 60 29 åsigt
412 706 41 22 bör
469 714 28 14 en
512 706 66 22 oklar
592 707 112 29 paragraf
716 707 76 21 tolkas
807 714 82 22 genom
904 714 28 14 en
947 706 50 22 klar

176 736 44 22 och
234 736 83 29 tydlig.
347 736 50 22 Den
413 737 28 21 14
457 738 13 26 8
485 736 9 22 i
508 736 30 22 K.
554 736 26 22 L.
595 740 25 18 är
635 737 51 21 klar
701 736 44 22 och
761 736 98 22 skänker
872 736 125 30 tillräcklig

176 766 125 29 belysning
321 766 23 22 ät
363 766 43 22 den
426 766 27 22 af
468 769 92 26 prosten
581 766 67 29 Hjelt
667 766 128 30 åberopade
810 767 44 22 455
869 768 19 26 8,
904 766 39 22 der
959 766 38 22 det

178 796 59 22 dock
257 796 70 21 äfven
346 796 105 29 tydligen
467 796 63 22 heter
546 798 35 20 att
596 796 136 29 kyrkomöte
748 796 139 22 tillkommer
903 798 48 27 ,att
966 796 31 22 af-

176 826 66 28 gifva
256 826 118 22 utlåtande
389 826 9 21 i
414 826 27 22 de
457 826 83 28 frågor,
555 826 80 22 hvilka
645 826 27 22 af
679 826 138 29 regeringen
827 826 38 22 till
874 826 123 22 detsamma

178 856 157 27 öfverlemnas,
355 856 117 29 angående
493 856 44 21 den
558 856 263 29 evangelisk-lutherska
836 856 99 29 kyrkans
949 854 48 29 för-

176 886 102 21 hållande
294 885 34 22 till
342 887 71 20 staten
428 886 43 22 och
485 886 37 21 till
538 886 72 21 andra
625 886 88 22 kristna
729 886 56 21 eller
799 886 52 21 icke
864 886 88 21 kristna
961 893 34 14 re-

175 915 191 29 ligionssamfund
385 916 9 21 i
412 915 83 29 landet,
515 915 121 23 äfvensom
650 915 99 23 rörande
765 915 28 22 de
808 915 115 22 såkallade
938 915 58 22 blan-

176 945 55 22 dade
247 945 221 28 angelägenheterna;
482 953 52 14 men
550 948 35 19 att
600 945 133 30 aflöningen
743 947 75 20 såsom
828 945 69 22 sådan
907 949 25 18 är
942 945 54 28 kyr-

174 975 58 22 kans
252 983 58 21 egen
330 975 171 29 angelägenhet,
522 979 26 18 är
565 977 25 20 så
606 975 101 29 solklart,
723 977 36 20 att
773 975 40 22 det
827 975 107 22 förvånar
948 975 49 28 mig

175 1007 35 20 att
230 1012 53 15 man
303 1005 112 28 någonsin
435 1005 69 22 sedan
523 1005 156 29 kyrkolagens
715 1005 174 29 promulgerande
909 1005 89 21 kunnat

175 1034 70 22 tveka
254 1035 9 21 i
274 1035 74 21 denna
358 1035 71 28 fråga.
452 1035 87 22 Härom
546 1036 73 21 måste
627 1035 39 22 väl
673 1009 88 59 anhvar
769 1035 114 26 förvissas,
892 1042 48 14 som
947 1037 50 19 när-

176 1071 62 15 mare
248 1064 73 22 fäster
329 1065 36 28 sig
372 1065 41 21 vid
420 1065 126 22 innehållet
554 1065 26 22 af
586 1073 28 14 en
622 1073 77 14 annan
706 1065 113 29 paragraf
823 1065 9 21 i
839 1065 30 22 K.
876 1065 31 26 L.,
917 1063 80 22 nämli-

175 1101 46 22 gen
242 1094 44 21 den
303 1095 38 26 16;
358 1094 43 22 den
416 1095 66 28 lyder
497 1096 25 21 sä
537 1095 51 22 här:
606 1094 161 28 ,Inrättandet
783 1094 26 22 af
821 1102 47 21 nya
883 1094 42 22 och
940 1101 58 22 upp-

175 1123 127 22 häfvandet
324 1124 27 21 af
367 1124 71 22 redan
456 1125 122 21 bestående
598 1124 161 29 presttjenster
779 1124 9 21 i
809 1124 189 28 församlingarna

176 1153 119 22 ankomme
317 1155 30 28 på
369 1153 190 30 församlingarna
582 1154 89 29 sjelfva,
691 1154 82 22 hvilka
794 1161 43 22 ega
856 1153 41 23 vid
916 1153 82 29 kyrko-

177 1185 97 20 stämma
297 1183 77 22 derom
396 1184 201 23 öfverenskomma.
627 1184 194 29 Kyrkostämmas
843 1183 75 22 beslut
940 1182 59 22 skall

175 1213 58 22 dock
253 1213 38 22 till
307 1213 160 30 domkapitlets
482 1214 111 29 pröfning
608 1213 43 22 och
666 1213 147 22 stadfästelse
828 1213 170 22 öfverlemnas*.

175 1243 51 21 Har
245 1250 33 14 nu
295 1243 164 29 församlingen
473 1246 47 19 rätt
535 1246 35 20 att
586 1244 63 21 säväl
665 1244 87 21 inrätta
767 1251 46 21 nya
827 1243 96 29 tjenster
941 1242 58 21 efter

177 1272 72 22 behof
269 1280 49 14 som
338 1273 42 21 ock
398 1275 35 20 att
453 1273 97 29 indraga
568 1273 123 22 bestående
711 1273 92 28 sådana,
825 1273 29 21 då
874 1273 27 21 de
922 1272 77 22 derom

176 1309 59 21 enas,
258 1303 44 21 och
320 1303 45 21 kan
383 1303 147 29 församlings
548 1303 76 22 beslut
644 1303 81 22 härom
745 1303 34 21 bli
799 1302 129 29 lagständet
942 1303 57 20 utan

174 1333 36 20 att
230 1339 40 15 ens
290 1333 101 21 behöfva
408 1333 151 22 underställas
574 1333 123 28 kejserliga
717 1334 113 26 senatens,
846 1334 56 19 utan
917 1331 81 22 endast

175 1361 157 29 domkapitels,
347 1362 110 29 pröfning
471 1363 42 21 och
528 1363 151 28 stadfästelse,
695 1364 25 20 sä
736 1362 152 22 förekommer
903 1361 44 28 det,
963 1368 36 14 om

177 1391 166 29 församlingen
363 1392 42 21 har
425 1392 74 22 denna
513 1395 52 24 rätt,
581 1393 97 21 hvilken
693 1393 47 21 den
755 1391 120 30 verkligen
889 1391 48 28 har,
952 1397 48 15 mer

179 1423 29 19 än
231 1421 158 29 besynnerligt
409 1424 35 19 att
464 1422 164 29 församlingen
648 1422 51 21 icke
721 1421 75 22 skulle
816 1421 71 22 hafva
901 1422 47 20 rätt
962 1420 38 21 till

175 1450 39 22 det
234 1458 48 15 som
303 1451 54 22 vida
375 1451 91 30 ringare
484 1455 34 18 är:
535 1454 35 19 att
585 1452 55 29 sjelf
653 1452 70 21 ställa
739 1459 37 14 om
791 1451 150 28 fördelnings-
957 1449 43 22 och

175 1480 184 30 aflöningssättet
374 1481 36 22 för
425 1481 50 22 sina
490 1481 93 29 tjenare.
606 1481 106 29 Sorgligt
728 1488 55 15 vore
795 1480 28 29 ju
839 1481 73 27 ocksä,
923 1487 37 14 om
970 1479 30 28 vi,

176 1509 44 22 den
242 1510 75 23 finska
337 1511 102 28 kyrkans
457 1511 93 29 tjenare,
571 1511 51 22 icke
640 1519 62 14 mera
723 1511 76 21 skulle
818 1510 95 27 minnas,
933 1509 68 22 hvem

174 1546 48 15 som
242 1543 26 19 är
283 1542 42 20 vär
339 1540 125 29 husbonde,
480 1541 42 22 och
538 1541 51 22 icke
604 1549 63 14 mera
681 1540 132 23 vidkännas
828 1540 89 22 honom.
947 1539 54 22 Icke
