1075 1720
220 70 29 33 40
469 78 74 21 Pappiss.
555 78 50 18 1885.
617 77 25 19 24
654 82 16 17 p.
682 78 78 18 Tammik.

183 131 108 38 närmare
310 131 148 59 ompröfning
475 136 43 23 och
533 136 54 24 låtit
601 136 107 23 utarbeta
723 136 87 30 förslag
825 133 38 26 till
878 144 45 22 nya
938 143 69 23 grun-

189 165 39 23 der
250 165 37 23 för
308 166 116 29 reglering
444 166 26 22 af
486 166 181 29 presterskapets
688 166 109 29 aflöning,
816 174 84 22 genom
919 167 91 21 hvilket

188 195 87 29 förslag
292 195 51 22 icke
357 196 95 28 allenast
467 195 166 30 förordningen
647 203 37 15 om
699 196 135 30 uppbörden
850 196 27 22 af
889 198 119 28 prestarät-

188 225 131 29 tigheterna
333 225 9 22 i
357 221 146 27 Österbotten
518 226 54 22 utaf
585 226 45 22 den
646 227 29 21 18
689 226 99 22 Januari
805 227 58 21 1743
878 226 43 22 och
931 225 76 29 kongl.

188 255 153 22 resolutionen
360 255 94 22 rörande
474 255 245 30 prestarättigheterna
738 257 31 28 på
788 248 77 30 Åland
880 256 26 22 af
919 255 44 22 den
979 257 28 21 19

188 285 111 22 Februari
320 286 57 22 1776
396 285 90 22 komme
506 287 35 20 att
563 286 137 28 upphäfvas,
716 288 58 20 utan
788 285 70 23 äfven
873 285 74 30 öfriga
961 284 45 22 för-

188 314 134 30 fattningar,
342 322 48 14 som
409 318 51 19 röra
474 316 180 28 presterskapets
669 315 109 29 aflöning,
794 316 115 28 nämligen
924 315 26 22 af
963 314 44 22 den

189 348 13 19 8
223 344 110 22 Februari
349 346 55 21 1681
421 345 42 22 och
479 345 44 22 den
538 346 29 22 23
583 345 111 22 Februari
711 346 59 22 1694
784 345 121 29 tidsenligt
919 345 88 22 ändras.

189 374 47 29 Jag
251 374 46 22 kan
311 374 50 22 icke
376 376 30 28 på
420 376 72 28 något
506 377 47 20 sätt
568 375 63 22 finna
647 374 48 24 deff
707 375 27 22 af
746 377 94 27 prosten
854 375 62 29 Lyra
925 374 82 30 gjorda

189 404 181 29 anmärkningen
384 404 111 29 grundad,
509 406 57 21 utan
581 407 48 19 tror
644 407 35 20 att
693 407 106 26 prostens
814 405 62 28 åsigt
884 405 65 22 beror
959 404 50 22 helt

189 433 43 22 och
247 433 72 22 hållet
333 433 27 22 af
372 434 44 21 den
430 434 213 30 missuppfattning,
659 436 36 20 att
709 435 92 28 kyrkan
812 434 55 29 sjelf
875 442 48 15 som
932 435 76 28 kyrka

189 463 42 22 har
247 465 34 20 att
295 463 124 23 bestämma
434 471 36 15 om
486 464 49 22 dess
551 464 150 29 tjenstemäns
716 464 108 29 aflöning.

260 511 106 22 Provasti
382 511 112 23 Törnudd:
511 511 69 22 Tässä
591 511 164 23 ehdotuksessa
765 519 30 14 on
806 514 49 19 eräs
859 511 148 34 epäselvyys,

187 541 62 29 josta
268 541 118 29 pyytäisin
404 541 68 22 saada
486 541 149 22 huomauttaa
650 541 45 22 sitä
709 541 156 28 valiokuntaa,
878 541 72 30 johon
965 541 42 22 esi-

188 573 39 26 tys
242 571 61 22 tulee
317 574 137 20 menemään.
478 572 35 21 1:n
522 571 74 22 luvun
606 572 59 21 2:ssa
674 571 116 22 kohdassa
800 573 117 20 sanotaan:
931 571 76 27 ,Kau-

188 600 227 30 punkiseurakunnat
439 603 79 20 saavat
541 601 120 22 laillisessa
685 601 177 30 järjestyksessä
884 601 123 30 pappiensa

189 631 84 22 kanssa
293 631 62 29 sopia
375 631 84 22 näiden
472 631 115 29 palkoista
599 631 26 29 ja
639 631 181 22 virkataloista*.
851 631 102 28 Näyttää
967 631 40 22 siis

188 660 55 23 siltä
265 660 57 22 kuin
343 661 85 28 kaikki,
449 661 56 22 mitä
524 661 149 29 jäljestäpäin
695 661 127 29 puhutaan,
842 661 86 22 koskisi
947 668 60 15 vaan

189 691 203 22 maaseurakuntia,
422 692 14 21 4
456 693 56 25 &:ssä
526 693 50 20 taas
591 693 120 20 sanotaan:
729 691 125 29 ,Papiston
868 690 137 30 palkkaami-

189 727 62 15 sessä
265 722 54 20 ovat
334 720 114 23 osallisina
463 721 180 28 vuorilaitokset,
657 721 92 22 tehtaat
762 720 26 30 ja
802 722 66 20 muut
878 720 128 23 teollisuus-

188 750 128 28 laitokset",
337 750 25 29 ja
384 751 145 29 epäilemättä
551 758 30 15 on
604 751 180 27 tarkoituksena,
808 753 48 19 että
874 750 88 22 tehtaat
979 749 27 30 ja

188 782 67 21 muut
275 780 223 23 teollisuuslaitokset
518 781 55 22 sekä
592 780 158 30 kaupungissa
770 782 48 20 että
833 781 82 21 maalla
931 780 75 21 tulisi-

188 811 41 21 vat
249 809 101 23 olemaan
368 810 58 22 siinä
441 811 120 22 osallisina.
591 811 42 22 Jos
648 811 22 21 ei
685 811 45 22 sitä
745 811 15 22 4
776 812 58 26 S:ssä
848 810 158 22 nimenomaan

188 839 102 29 mainita,
310 840 50 21 niin
377 847 23 15 se
419 841 85 28 pykälä
518 840 91 29 tietysti
623 840 62 22 tulee
701 842 123 20 antamaan
839 842 67 26 syytä
921 839 84 22 monel-

187 868 78 23 laisiin
284 869 131 23 rettelöihin
432 870 26 28 ja
478 877 103 15 suuressa
601 872 113 20 määrässä
734 869 177 22 laimentamaan
927 871 79 20 tämän

188 898 121 23 asetuksen
324 906 72 15 arvoa.
424 900 131 22 Sentähden
569 900 63 21 minä
646 899 121 29 pyytäisin
783 899 112 27 ehdottaa,
905 901 48 20 että
963 906 42 22 py-

187 928 90 22 kälässä
297 929 150 23 sanottaisiin:
470 930 122 29 ,Papiston
609 929 195 29 palkkaamisessa
822 932 54 19 ovat
890 928 116 22 osallisina

187 958 178 28 vuorilaitokset,
380 959 89 22 tehtaat
480 959 26 29 ja
520 962 67 19 muut
601 959 228 22 teollisuuslaitokset
839 958 53 23 sekä
901 958 105 30 kaupun-

187 987 62 29 gissa
263 990 48 20 että
325 989 102 22 maalla".

258 1036 106 22 Provasti
378 1036 74 28 Lyra:
469 1036 45 22 Det
532 1040 26 18 är
573 1036 157 22 öfverhufvud
746 1036 82 29 farligt
843 1038 35 20 att
892 1036 65 28 gifva
969 1036 37 28 sig

186 1065 67 22 ästad
266 1065 39 23 till
320 1068 34 20 att
368 1066 66 22 stifta
448 1067 44 29 lag,
508 1074 36 14 om
558 1066 52 22 icke
625 1066 58 22 först
714 1066 132 29 principerna
860 1068 66 26 göras
941 1065 65 22 klara

186 1094 43 22 och
250 1095 65 23 dessa
332 1096 115 29 principer
464 1096 143 29 konsegvent
626 1096 127 22 fasthällas.
785 1096 13 21 I
818 1095 123 29 synnerhet
960 1095 46 22 blir

186 1124 39 22 det
243 1125 90 29 vädligt
351 1126 41 22 vid
412 1126 83 22 sädana
514 1126 113 29 granlaga
647 1125 199 29 angelägenheter,
861 1132 47 15 som
923 1125 81 29 frägan

186 1161 37 15 om
241 1154 90 29 kyrkan
345 1155 44 22 och
404 1155 50 22 dess
470 1156 141 22 förhållande
626 1156 38 21 till
679 1157 83 20 staten.
785 1155 46 22 Det
846 1155 41 22 har
901 1155 104 29 påståtts,

185 1186 35 19 att
239 1184 55 22 mitt
312 1185 102 28 yrkande
435 1186 50 21 icke
500 1186 74 21 skulle
588 1185 102 29 grundat
704 1185 38 28 sig
757 1186 30 27 pä
802 1184 105 29 gällande
923 1184 82 29 kyrko-

185 1213 44 29 lag,
251 1214 43 21 och
314 1217 92 26 prosten
429 1215 66 28 Hjelt
520 1215 126 28 åberopade
669 1216 75 21 såsom
760 1214 52 22 stöd
834 1214 36 21 för
892 1214 35 21 sin
949 1221 58 22 upp-

185 1243 104 29 fattning
311 1245 44 22 455
380 1246 19 27 &
425 1245 94 21 hvilken
545 1245 74 21 skulle
641 1245 115 28 klargöra,
775 1246 35 19 att
827 1243 179 30 presterskapets

185 1272 179 30 aflöningsfräga
380 1274 51 22 icke
449 1275 73 21 skulle
541 1275 56 21 höra
615 1274 38 21 till
672 1274 104 28 kyrkans
795 1281 59 21 egna
869 1273 136 29 angelägen-

185 1302 70 22 heter.
285 1304 95 21 Prosten
395 1304 66 28 Hjelt
475 1304 42 22 har
537 1304 115 22 dessutom
671 1306 58 26 sagt,
746 1305 35 20 att
796 1303 40 21 det
851 1303 65 21 alltid
931 1302 75 22 skulle

183 1332 62 22 varit
259 1334 141 29 regeringen,
415 1340 47 15 som
479 1333 99 22 bestämt
592 1333 62 22 hvad
668 1333 105 29 kyrkans
783 1332 88 30 tjenare
880 1332 51 22 haft
942 1332 8 21 i
960 1332 44 22 lön.

183 1361 78 29 Något
281 1365 70 19 större
369 1363 119 22 historiskt
507 1364 127 28 missgrepp
650 1363 46 21 kan
714 1370 55 14 man
788 1363 51 21 icke
856 1365 60 27 göra.
947 1362 58 21 Oak-

183 1390 52 22 tadt
253 1391 44 23 den
316 1396 56 18 nära
386 1393 211 29 sammanslutning,
613 1400 48 14 som
677 1392 99 22 emellan
795 1394 75 20 staten
889 1392 43 21 och
950 1391 53 29 kyr-

183 1420 47 22 kan
247 1420 42 23 hos
308 1429 35 15 oss
359 1430 54 21 eger
427 1430 50 14 rum
492 1422 69 22 äfven
575 1423 9 21 i
599 1422 75 22 denna
689 1422 177 29 angelägenhet,
885 1422 70 21 hafva
972 1421 33 21 lö-

182 1457 77 22 nerna,
278 1452 42 22 allt
339 1452 70 22 sedan
426 1452 170 22 kristendomen
610 1452 9 22 i
635 1452 65 22 dessa
715 1451 170 23 nordanländer
898 1450 108 29 infördes,

181 1479 100 24 faktiskt
295 1483 79 27 utgätt
387 1481 53 23 frän
454 1482 193 29 församlingarne.
671 1482 49 21 Och
732 1483 36 20 att
780 1481 28 22 de
818 1481 51 22 icke
879 1480 60 22 blott
949 1481 57 28 utgä

181 1508 53 23 frän
257 1511 194 30 församlingarne,
474 1514 56 19 utan
552 1514 35 19 att
610 1512 39 21 det
671 1512 71 21 ocksä
766 1514 26 18 är
812 1511 75 22 dessas
904 1512 47 20 rätt
971 1511 35 21 att

182 1538 78 24 derom
268 1548 121 22 arrangera
396 1542 44 22 och
447 1542 130 28 bestämma,
585 1541 40 22 det
634 1541 43 22 vill
684 1541 44 29 jag
738 1548 33 15 nu
782 1540 128 29 korteligen
920 1540 78 22 bevisa
