1073 1753
327 70 76 21 Pappiss.
414 70 24 17 20
451 74 15 17 p.
479 69 67 18 Helmik.
558 70 49 18 1885.
817 69 34 19 207

65 130 35 20 tet
115 128 24 22 få
153 128 48 21 låta
217 128 44 22 den
284 127 93 30 åtföljas
401 128 27 21 af
445 129 73 28 några
534 128 185 29 anmärkningar.
750 128 51 22 Den
816 129 72 22 första

66 158 26 21 af
104 158 66 21 dessa
177 157 79 30 frägor
272 160 24 19 är
312 157 45 22 den
372 165 37 14 om
424 157 135 22 bränvinets
575 158 86 29 styrka,
677 158 50 21 dess
739 158 146 22 alkoholhalt.

65 188 46 21 Det
126 187 65 22 torde
205 187 117 29 knappast
336 195 57 14 vara
407 188 72 29 nägot
493 187 85 22 tvifvel
593 187 167 22 underkastadt
775 190 35 19 att
821 188 65 21 skad-

66 217 104 29 ligheten
185 217 55 22 eller
255 217 175 28 oskadligheten
446 217 26 21 af
492 217 151 29 sprithaltiga
663 217 98 28 drycker
776 218 8 21 i
799 217 87 29 ganska

66 247 115 28 väsentlig
196 254 54 14 mon
266 250 25 17 är
305 247 113 21 beroende
434 246 26 23 af
473 247 44 22 den
532 247 182 28 koncentration,
730 247 8 22 i
754 247 94 22 hvilken
859 247 27 22 de

65 277 104 22 förtäras.
199 277 55 21 Man
269 284 35 13 ser
319 279 15 19 t.
351 284 33 14 ex.
401 279 35 19 att
451 277 9 20 i
475 277 28 21 de
518 277 85 27 länder,
615 277 40 21 der
672 277 163 29 befolkningen
849 277 37 22 be-

66 302 88 37 gagnar
172 295 107 44 drycker,
294 306 162 21 innehållande
476 306 59 29 sprit
558 307 8 21 i
587 307 96 28 utspädt
698 307 110 27 tillstånd,
825 307 61 21 alko-

66 336 179 28 holqvantiteter
268 335 26 22 af
314 336 121 28 verkligen
450 336 225 29 häpnadsväckande
690 339 37 19 art
742 337 144 21 konsumeras

66 368 56 20 utan
144 366 101 28 menliga
267 365 88 29 följder.
386 365 36 22 Då
444 373 54 14 man
517 373 36 14 ser
567 368 16 19 t.
599 373 34 14 ex.
649 368 35 20 att
698 366 9 22 i
723 366 164 22 vindistrikten

66 396 35 21 uti
116 396 128 21 Frankrike
258 395 176 22 konsumtionen
450 396 25 21 af
488 396 47 26 vin,
551 396 118 21 beräknad
683 397 30 27 pä
728 396 53 22 hela
803 396 83 22 befolk-

66 425 92 29 ningen,
174 426 72 28 stiger
269 425 60 21 ända
344 425 37 21 till
397 426 44 21 300
456 425 54 22 liter
525 426 37 21 för
577 433 89 21 person,
681 426 162 22 innehållande
858 434 28 13 en

68 455 183 29 alkoholmängd,
275 462 54 20 som,
349 454 117 22 beräknad
488 456 31 28 på
538 455 100 22 bränvin
661 455 27 21 af
700 455 41 22 hos
757 463 36 15 oss
808 456 80 28 vanlig

66 485 85 29 styrka,
166 486 90 28 uppgår
278 485 37 21 till
338 484 98 29 ungefär
455 486 28 21 20
499 485 89 21 kannor
603 492 41 22 per
659 492 82 22 person
757 486 64 22 öfver
834 486 53 29 hela

66 514 169 29 befolkningen,
252 516 25 20 så
291 516 72 20 måste
379 514 65 22 detta
459 515 34 21 slå
509 522 29 14 en
553 514 52 22 med
621 515 48 21 viss
689 515 97 29 häpnad.
816 516 70 21 Ännu

66 552 62 14 mera
143 545 108 22 förvånas
273 552 58 20 man,
348 544 29 22 då
399 552 54 14 man
473 552 36 14 ser
524 544 133 22 autentiska
673 545 119 29 uppgifter
807 548 36 18 att
857 552 29 14 en

66 574 88 29 kraftig
168 574 51 22 karl
235 574 26 22 af
275 574 74 22 denna
371 574 138 28 befolkning
527 574 149 22 konsumerar
691 576 13 20 3
721 575 13 21 &
748 576 15 21 4
778 575 53 21 liter
846 575 40 21 vin

66 612 37 14 om
118 604 79 29 dagen,
213 604 21 22 d.
250 612 21 13 v.
287 612 15 13 s.
317 604 129 22 beräknadt
469 604 69 22 äfven
562 604 64 22 detta
644 604 38 22 till
697 612 28 14 en
740 605 146 27 alkoholhalt,

66 641 48 15 som
129 637 127 19 motsvarar
271 635 51 20 vårt
337 634 94 29 vanliga
446 634 106 28 bränvin,
567 635 107 28 omkring
691 635 27 22 70
733 635 14 21 å
760 637 29 21 80
799 635 87 21 kannor

66 671 40 22 per
122 666 30 20 år.
183 665 38 21 Nu
237 664 45 21 kan
297 671 53 14 man
366 664 136 28 visserligen
516 664 53 21 med
585 664 50 21 skäl
650 665 67 28 påstå
732 667 35 19 att
781 665 40 22 det
835 664 50 22 icke

66 698 26 17 är
106 694 147 21 uteslutande
267 694 178 28 utspädningen,
461 701 49 14 som
524 697 43 25 gör
577 696 35 19 att
622 694 92 22 alkohol
724 694 9 21 i
743 695 74 21 denna
828 695 57 21 form

66 724 46 21 kan
133 724 149 21 konsumeras
305 724 8 20 i
337 724 25 20 sä
384 726 61 18 stora
461 724 142 28 gvantiteter
617 726 58 19 utan
690 724 86 29 menlig
791 724 94 29 påföljd.

66 754 84 28 Mänga
172 753 72 21 andra
265 753 92 29 vigtiga
379 753 198 29 omständigheter
598 753 124 22 medverka
737 754 84 27 dertill;
838 754 47 21 dels

65 783 175 29 befolkningens
264 783 61 21 olika
347 785 76 24 natur,
439 782 49 22 dels
512 783 29 21 de
559 783 72 21 andra
645 783 176 27 beständsdelar,
837 790 48 14 som

64 813 73 28 jämte
161 813 92 21 alkohol
268 812 55 29 ingä
338 812 8 22 i
362 812 65 22 dessa
443 812 104 29 drycker,
564 812 48 22 dels
628 813 44 21 den
687 813 199 29 omständigheten

66 844 34 20 att
111 843 27 21 de
149 842 97 22 förtäras
257 842 194 29 hufvudsakligen
459 842 38 22 till
507 845 78 19 maten
595 842 42 22 och
647 842 9 22 i
666 843 104 29 förening
780 843 51 21 med
841 843 44 21 rik-

64 872 35 29 lig
121 872 43 22 och
186 872 90 32 kraftig
298 872 60 22 föda.
391 872 54 22 Men
468 872 41 22 det
531 872 66 22 torde
615 872 60 22 dock
689 873 50 21 icke
755 873 77 21 kunna
847 872 38 22 be-

65 902 77 22 tviflas
151 904 35 20 att
194 902 69 21 äfven
271 902 170 28 utspädningen
449 905 26 18 är
483 910 29 14 en
522 902 94 28 mycket
626 902 77 29 vigtig
711 902 76 22 faktor
795 902 42 22 och
845 904 42 25 att,

66 932 52 21 med
132 934 34 20 ett
182 932 47 27 ord,
245 939 86 14 samma
346 932 117 28 gvantitet
478 932 99 28 alkohol,
592 932 89 22 förtärd
691 932 10 22 i
711 934 71 20 större
792 932 95 29 utspäd-

65 962 63 28 ning,
144 965 26 17 är
185 962 88 21 mindre
290 962 96 28 skadlig,
403 965 30 17 än
455 968 38 14 om
517 961 45 22 den
577 961 97 22 färtäres
693 962 4 21 i
713 970 28 14 en
755 970 62 14 mera
832 962 55 21 kon-

66 991 119 22 centrerad
199 991 64 21 form.
294 991 79 22 Under
389 991 85 21 sädana
490 991 199 29 omständigheter
704 995 25 18 är
745 992 38 21 det
794 991 26 22 af
829 993 58 19 stör-

66 1023 36 19 sta
116 1021 52 28 vigt
191 1022 36 20 att
249 1021 184 29 lagstiftningen,
449 1028 38 14 om
509 1020 99 30 möjligt,
624 1021 118 22 befordrar
765 1022 82 21 bruket
863 1020 26 22 af

65 1058 62 14 mera
142 1050 115 29 utspädda
271 1051 162 28 spritdrycker,
449 1050 56 21 eller
521 1053 36 18 att
573 1051 44 20 den
633 1051 136 22 ätminstone
780 1051 50 21 icke
841 1052 46 20 sät-

64 1082 36 20 ter
114 1080 81 21 hinder
210 1080 9 21 i
235 1083 75 26 vägen
325 1080 36 21 för
376 1087 60 14 vana
451 1080 44 21 och
511 1080 40 22 sed
566 1082 36 19 att
617 1081 107 21 utveckla
739 1081 36 28 sig
789 1081 9 20 i
813 1080 74 21 denna

64 1110 110 28 riktning.

139 1139 46 22 Det
199 1140 74 21 måste
288 1139 138 28 visserligen
440 1139 136 29 medgifvas,
587 1141 36 20 att
634 1140 44 21 den
688 1148 32 13 nu
730 1139 157 29 föreliggande

66 1169 85 29 nädiga
166 1169 172 29 propositionen
348 1169 8 21 i
368 1169 63 21 detta
442 1169 109 22 afseende
568 1169 62 22 visar
648 1171 34 20 ett
692 1169 116 30 prisvärdt
818 1169 69 22 fram-

65 1201 55 26 steg.
151 1199 12 21 I
178 1199 45 21 den
240 1206 32 14 nu
287 1199 107 28 gällande
417 1199 278 29 bränvinsförordningen
713 1203 25 18 är
753 1199 40 22 det
806 1199 82 21 nämli-

66 1236 44 21 gen
128 1229 115 21 bestämdt
258 1230 35 19 att
309 1229 60 21 intet
382 1229 100 21 bränvin
496 1228 74 22 under
585 1229 29 22 46
630 1231 106 26 procents
747 1228 142 23 alkoholhalt

66 1258 36 21 får
116 1258 37 21 till
168 1258 50 21 salu
233 1258 109 29 utbjudas
358 1258 8 21 i
386 1258 89 21 mindre
499 1259 146 28 gvantiteter,
661 1259 82 22 medan
757 1259 9 21 i
781 1265 31 14 nu
828 1258 60 21 före-

66 1288 108 28 liggande
189 1288 143 29 proposition
347 1288 64 21 detta
425 1288 123 21 minimum
563 1291 24 18 är
610 1288 115 22 bestämdt
740 1288 37 22 till
791 1288 30 21 42
837 1294 51 22 pro-

66 1319 56 20 cent.
153 1317 46 22 Det
214 1321 31 24 är,
261 1325 48 14 som
333 1317 74 29 sagdt,
423 1319 34 20 ett
477 1318 120 28 prisvärdt
612 1318 119 29 framsteg;
747 1325 52 15 men
814 1319 75 26 steget

66 1350 24 18 är
104 1347 51 22 icke
170 1349 65 27 taget
249 1347 55 21 fullt
319 1349 32 26 ut,
367 1347 43 22 och
423 1347 42 28 jag
481 1350 48 19 tror
545 1347 51 22 icke
611 1349 36 20 att
661 1349 72 28 nägot
747 1347 74 22 skulle
835 1346 52 22 hin-

66 1377 41 22 dra
122 1379 34 19 att
171 1378 56 27 taga
243 1379 75 27 steget
332 1379 32 19 ut.
395 1377 46 21 Det
465 1379 25 19 är
511 1377 66 22 öfver
592 1377 91 23 hufvud
698 1379 63 21 svärt
775 1379 36 20 att
825 1376 64 22 finna

64 1407 71 28 nägot
150 1406 100 22 hällbart
265 1407 50 21 skäl
331 1409 36 19 att
381 1406 72 22 fixera
471 1414 30 14 en
517 1407 140 22 minimihalt
680 1407 37 22 för
732 1407 38 22 det
785 1406 37 22 till
837 1406 52 21 salu

64 1435 114 29 utbjudna
193 1436 128 22 bränvinet.
344 1436 46 21 Det
405 1439 26 18 är
446 1443 29 14 en
491 1437 87 20 allmän
593 1436 160 29 föreställning
769 1438 34 20 att
813 1435 76 22 denna

65 1465 145 29 bestämning
225 1465 74 22 skulle
314 1467 36 20 stä
365 1465 9 22 i
389 1466 169 29 sammanhang
580 1466 52 22 med
654 1467 130 21 kontrollen
799 1465 36 22 för
850 1464 38 22 be-

65 1495 154 29 skattningen.
249 1495 44 22 Att
308 1496 25 21 sä
349 1495 74 22 skulle
439 1503 56 14 vara
511 1496 74 28 fallet,
600 1495 46 23 kan
663 1496 58 22 dock
735 1496 50 21 icke
796 1501 43 22 ega
848 1495 41 20 nä-
