<?xml version="1.0" encoding="UTF-8"?>
<alto xmlns="http://www.loc.gov/standards/alto/ns-v3#" xmlns:xlink="http://www.w3.org/1999/xlink" xmlns:xsi="http://www.w3.org/2001/XMLSchema-instance" xsi:schemaLocation="http://www.loc.gov/standards/alto/ns-v3# http://www.loc.gov/alto/v3/alto-3-0.xsd">
	<Description>
		<MeasurementUnit>pixel</MeasurementUnit>
		<sourceImageInformation>
			<fileName>/tmp/tess_ds28uqip_input.PNG</fileName>
		</sourceImageInformation>
		<OCRProcessing ID="OCR_0">
			<ocrProcessingStep>
				<processingSoftware>
					<softwareName>tesseract 5.3.4</softwareName>
				</processingSoftware>
			</ocrProcessingStep>
		</OCRProcessing>
	</Description>
	<Layout>
		<Page WIDTH="1073" HEIGHT="1750" PHYSICAL_IMG_NR="0" ID="page_0">
			<PrintSpace HPOS="0" VPOS="0" WIDTH="1073" HEIGHT="1750">
				<ComposedBlock ID="cblock_0" HPOS="335" VPOS="82" WIDTH="514" HEIGHT="22">
					<TextBlock ID="block_0" HPOS="335" VPOS="82" WIDTH="514" HEIGHT="22">
						<TextLine ID="line_0" HPOS="335" VPOS="82" WIDTH="514" HEIGHT="22">
							<String ID="string_0" HPOS="335" VPOS="83" WIDTH="75" HEIGHT="21" WC="0.91" CONTENT="Pappiss."/><SP WIDTH="11" VPOS="83" HPOS="410"/>
							<String ID="string_1" HPOS="421" VPOS="83" WIDTH="13" HEIGHT="17" WC="0.96" CONTENT="2"/><SP WIDTH="11" VPOS="83" HPOS="434"/>
							<String ID="string_2" HPOS="445" VPOS="87" WIDTH="16" HEIGHT="17" WC="0.93" CONTENT="p."/><SP WIDTH="13" VPOS="87" HPOS="461"/>
							<String ID="string_3" HPOS="474" VPOS="83" WIDTH="76" HEIGHT="17" WC="0.93" CONTENT="Maalisk."/><SP WIDTH="12" VPOS="83" HPOS="550"/>
							<String ID="string_4" HPOS="562" VPOS="82" WIDTH="49" HEIGHT="18" WC="0.95" CONTENT="1885."/><SP WIDTH="204" VPOS="82" HPOS="611"/>
							<String ID="string_5" HPOS="815" VPOS="82" WIDTH="34" HEIGHT="18" WC="0.94" CONTENT="265"/>
						</TextLine>
					</TextBlock>
				</ComposedBlock>
				<ComposedBlock ID="cblock_1" HPOS="58" VPOS="140" WIDTH="829" HEIGHT="1393">
					<TextBlock ID="block_1" HPOS="58" VPOS="140" WIDTH="827" HEIGHT="261">
						<TextLine ID="line_1" HPOS="58" VPOS="140" WIDTH="826" HEIGHT="30">
							<String ID="string_6" HPOS="58" VPOS="144" WIDTH="13" HEIGHT="25" WC="0.96" CONTENT="8"/><SP WIDTH="16" VPOS="144" HPOS="71"/>
							<String ID="string_7" HPOS="87" VPOS="143" WIDTH="19" HEIGHT="25" WC="0.92" CONTENT="3,"/><SP WIDTH="16" VPOS="143" HPOS="106"/>
							<String ID="string_8" HPOS="122" VPOS="142" WIDTH="73" HEIGHT="21" WC="0.96" CONTENT="ehuru"/><SP WIDTH="14" VPOS="142" HPOS="195"/>
							<String ID="string_9" HPOS="209" VPOS="141" WIDTH="41" HEIGHT="29" WC="0.96" CONTENT="jag"/><SP WIDTH="15" VPOS="141" HPOS="250"/>
							<String ID="string_10" HPOS="265" VPOS="140" WIDTH="39" HEIGHT="22" WC="0.93" CONTENT="vid"/><SP WIDTH="15" VPOS="140" HPOS="304"/>
							<String ID="string_11" HPOS="319" VPOS="141" WIDTH="189" HEIGHT="29" WC="0.92" CONTENT="genomläsandet"/><SP WIDTH="15" VPOS="141" HPOS="508"/>
							<String ID="string_12" HPOS="523" VPOS="141" WIDTH="27" HEIGHT="21" WC="0.96" CONTENT="af"/><SP WIDTH="13" VPOS="141" HPOS="550"/>
							<String ID="string_13" HPOS="563" VPOS="141" WIDTH="75" HEIGHT="21" WC="0.93" CONTENT="denna"/><SP WIDTH="10" VPOS="141" HPOS="638"/>
							<String ID="string_14" HPOS="648" VPOS="141" WIDTH="111" HEIGHT="29" WC="0.96" CONTENT="paragraf"/><SP WIDTH="8" VPOS="141" HPOS="759"/>
							<String ID="string_15" HPOS="767" VPOS="140" WIDTH="50" HEIGHT="22" WC="0.93" CONTENT="icke"/><SP WIDTH="12" VPOS="140" HPOS="817"/>
							<String ID="string_16" HPOS="829" VPOS="142" WIDTH="55" HEIGHT="20" WC="0.93" CONTENT="kun-"/>
						</TextLine>
						<TextLine ID="line_2" HPOS="58" VPOS="170" WIDTH="826" HEIGHT="29">
							<String ID="string_17" HPOS="58" VPOS="174" WIDTH="40" HEIGHT="19" WC="0.89" CONTENT="nat"/><SP WIDTH="23" VPOS="174" HPOS="98"/>
							<String ID="string_18" HPOS="121" VPOS="172" WIDTH="25" HEIGHT="21" WC="0.96" CONTENT="få"/><SP WIDTH="17" VPOS="172" HPOS="146"/>
							<String ID="string_19" HPOS="163" VPOS="171" WIDTH="62" HEIGHT="22" WC="0.96" CONTENT="klart"/><SP WIDTH="15" VPOS="171" HPOS="225"/>
							<String ID="string_20" HPOS="240" VPOS="170" WIDTH="36" HEIGHT="22" WC="0.96" CONTENT="för"/><SP WIDTH="15" VPOS="170" HPOS="276"/>
							<String ID="string_21" HPOS="291" VPOS="170" WIDTH="54" HEIGHT="29" WC="0.96" CONTENT="mig,"/><SP WIDTH="15" VPOS="170" HPOS="345"/>
							<String ID="string_22" HPOS="360" VPOS="178" WIDTH="37" HEIGHT="14" WC="0.96" CONTENT="om"/><SP WIDTH="16" VPOS="178" HPOS="397"/>
							<String ID="string_23" HPOS="413" VPOS="170" WIDTH="28" HEIGHT="22" WC="0.93" CONTENT="de"/><SP WIDTH="16" VPOS="170" HPOS="441"/>
							<String ID="string_24" HPOS="457" VPOS="170" WIDTH="124" HEIGHT="28" WC="0.96" CONTENT="officerare,"/><SP WIDTH="16" VPOS="170" HPOS="581"/>
							<String ID="string_25" HPOS="597" VPOS="170" WIDTH="81" HEIGHT="22" WC="0.96" CONTENT="hvilka"/><SP WIDTH="16" VPOS="170" HPOS="678"/>
							<String ID="string_26" HPOS="694" VPOS="170" WIDTH="40" HEIGHT="22" WC="0.93" CONTENT="der"/><SP WIDTH="15" VPOS="170" HPOS="734"/>
							<String ID="string_27" HPOS="749" VPOS="174" WIDTH="135" HEIGHT="22" WC="0.96" CONTENT="omnämnas,"/>
						</TextLine>
						<TextLine ID="line_3" HPOS="59" VPOS="200" WIDTH="826" HEIGHT="29">
							<String ID="string_28" HPOS="59" VPOS="204" WIDTH="39" HEIGHT="18" WC="0.96" CONTENT="äro"/><SP WIDTH="16" VPOS="204" HPOS="98"/>
							<String ID="string_29" HPOS="114" VPOS="201" WIDTH="32" HEIGHT="26" WC="0.96" CONTENT="de,"/><SP WIDTH="17" VPOS="201" HPOS="146"/>
							<String ID="string_30" HPOS="163" VPOS="202" WIDTH="30" HEIGHT="27" WC="0.93" CONTENT="pä"/><SP WIDTH="15" VPOS="202" HPOS="193"/>
							<String ID="string_31" HPOS="208" VPOS="200" WIDTH="81" HEIGHT="22" WC="0.96" CONTENT="hvilka"/><SP WIDTH="16" VPOS="200" HPOS="289"/>
							<String ID="string_32" HPOS="305" VPOS="201" WIDTH="29" HEIGHT="21" WC="0.92" CONTENT="98"/><SP WIDTH="15" VPOS="201" HPOS="334"/>
							<String ID="string_33" HPOS="349" VPOS="202" WIDTH="13" HEIGHT="25" WC="0.89" CONTENT="$"/><SP WIDTH="15" VPOS="202" HPOS="362"/>
							<String ID="string_34" HPOS="377" VPOS="200" WIDTH="9" HEIGHT="21" WC="0.93" CONTENT="i"/><SP WIDTH="15" VPOS="200" HPOS="386"/>
							<String ID="string_35" HPOS="401" VPOS="200" WIDTH="215" HEIGHT="29" WC="0.91" CONTENT="värnepligtslagen"/><SP WIDTH="15" VPOS="200" HPOS="616"/>
							<String ID="string_36" HPOS="631" VPOS="200" WIDTH="47" HEIGHT="21" WC="0.96" CONTENT="kan"/><SP WIDTH="15" VPOS="200" HPOS="678"/>
							<String ID="string_37" HPOS="693" VPOS="200" WIDTH="121" HEIGHT="29" WC="0.96" CONTENT="tillämpas,"/><SP WIDTH="17" VPOS="200" HPOS="814"/>
							<String ID="string_38" HPOS="831" VPOS="200" WIDTH="54" HEIGHT="21" WC="0.96" CONTENT="eller"/>
						</TextLine>
						<TextLine ID="line_4" HPOS="59" VPOS="229" WIDTH="826" HEIGHT="29">
							<String ID="string_39" HPOS="59" VPOS="238" WIDTH="36" HEIGHT="13" WC="0.92" CONTENT="om"/><SP WIDTH="22" VPOS="238" HPOS="95"/>
							<String ID="string_40" HPOS="117" VPOS="230" WIDTH="69" HEIGHT="21" WC="0.96" CONTENT="också"/><SP WIDTH="23" VPOS="230" HPOS="186"/>
							<String ID="string_41" HPOS="209" VPOS="229" WIDTH="34" HEIGHT="22" WC="0.96" CONTENT="dit"/><SP WIDTH="23" VPOS="229" HPOS="243"/>
							<String ID="string_42" HPOS="266" VPOS="233" WIDTH="25" HEIGHT="18" WC="0.95" CONTENT="är"/><SP WIDTH="23" VPOS="233" HPOS="291"/>
							<String ID="string_43" HPOS="314" VPOS="231" WIDTH="35" HEIGHT="20" WC="0.93" CONTENT="att"/><SP WIDTH="22" VPOS="231" HPOS="349"/>
							<String ID="string_44" HPOS="371" VPOS="229" WIDTH="72" HEIGHT="22" WC="0.96" CONTENT="räkna"/><SP WIDTH="21" VPOS="229" HPOS="443"/>
							<String ID="string_45" HPOS="464" VPOS="230" WIDTH="51" HEIGHT="26" WC="0.93" CONTENT="den,"/><SP WIDTH="20" VPOS="230" HPOS="515"/>
							<String ID="string_46" HPOS="535" VPOS="230" WIDTH="96" HEIGHT="21" WC="0.96" CONTENT="hvilken"/><SP WIDTH="23" VPOS="230" HPOS="631"/>
							<String ID="string_47" HPOS="654" VPOS="229" WIDTH="79" HEIGHT="22" WC="0.96" CONTENT="blifvit"/><SP WIDTH="23" VPOS="229" HPOS="733"/>
							<String ID="string_48" HPOS="756" VPOS="229" WIDTH="78" HEIGHT="22" WC="0.95" CONTENT="officer"/><SP WIDTH="22" VPOS="229" HPOS="834"/>
							<String ID="string_49" HPOS="856" VPOS="230" WIDTH="29" HEIGHT="28" WC="0.97" CONTENT="pä"/>
						</TextLine>
						<TextLine ID="line_5" HPOS="58" VPOS="259" WIDTH="826" HEIGHT="30">
							<String ID="string_50" HPOS="58" VPOS="259" WIDTH="76" HEIGHT="30" WC="0.96" CONTENT="grund"/><SP WIDTH="15" VPOS="259" HPOS="134"/>
							<String ID="string_51" HPOS="149" VPOS="259" WIDTH="27" HEIGHT="22" WC="0.96" CONTENT="af"/><SP WIDTH="13" VPOS="259" HPOS="176"/>
							<String ID="string_52" HPOS="189" VPOS="260" WIDTH="28" HEIGHT="21" WC="0.93" CONTENT="96"/><SP WIDTH="16" VPOS="260" HPOS="217"/>
							<String ID="string_53" HPOS="233" VPOS="260" WIDTH="19" HEIGHT="27" WC="0.70" CONTENT="8."/><SP WIDTH="30" VPOS="260" HPOS="252"/>
							<String ID="string_54" HPOS="282" VPOS="259" WIDTH="47" HEIGHT="28" WC="0.96" CONTENT="Jag"/><SP WIDTH="15" VPOS="259" HPOS="329"/>
							<String ID="string_55" HPOS="344" VPOS="259" WIDTH="74" HEIGHT="22" WC="0.93" CONTENT="skulle"/><SP WIDTH="17" VPOS="259" HPOS="418"/>
							<String ID="string_56" HPOS="435" VPOS="259" WIDTH="90" HEIGHT="22" WC="0.92" CONTENT="derföre"/><SP WIDTH="16" VPOS="259" HPOS="525"/>
							<String ID="string_57" HPOS="541" VPOS="259" WIDTH="27" HEIGHT="22" WC="0.93" CONTENT="af"/><SP WIDTH="8" VPOS="259" HPOS="568"/>
							<String ID="string_58" HPOS="576" VPOS="259" WIDTH="126" HEIGHT="22" WC="0.96" CONTENT="utskottets"/><SP WIDTH="9" VPOS="259" HPOS="702"/>
							<String ID="string_59" HPOS="711" VPOS="259" WIDTH="124" HEIGHT="22" WC="0.93" CONTENT="ledamöter"/><SP WIDTH="10" VPOS="259" HPOS="835"/>
							<String ID="string_60" HPOS="845" VPOS="263" WIDTH="39" HEIGHT="17" WC="0.93" CONTENT="ön-"/>
						</TextLine>
						<TextLine ID="line_6" HPOS="60" VPOS="289" WIDTH="824" HEIGHT="28">
							<String ID="string_61" HPOS="60" VPOS="290" WIDTH="41" HEIGHT="21" WC="0.93" CONTENT="ska"/><SP WIDTH="14" VPOS="290" HPOS="101"/>
							<String ID="string_62" HPOS="115" VPOS="289" WIDTH="24" HEIGHT="22" WC="0.96" CONTENT="få"/><SP WIDTH="16" VPOS="289" HPOS="139"/>
							<String ID="string_63" HPOS="155" VPOS="291" WIDTH="59" HEIGHT="26" WC="0.95" CONTENT="veta,"/><SP WIDTH="16" VPOS="291" HPOS="214"/>
							<String ID="string_64" HPOS="230" VPOS="296" WIDTH="37" HEIGHT="14" WC="0.96" CONTENT="om"/><SP WIDTH="16" VPOS="296" HPOS="267"/>
							<String ID="string_65" HPOS="283" VPOS="289" WIDTH="38" HEIGHT="21" WC="0.96" CONTENT="det"/><SP WIDTH="16" VPOS="289" HPOS="321"/>
							<String ID="string_66" HPOS="337" VPOS="292" WIDTH="25" HEIGHT="18" WC="0.93" CONTENT="är"/><SP WIDTH="15" VPOS="292" HPOS="362"/>
							<String ID="string_67" HPOS="377" VPOS="290" WIDTH="124" HEIGHT="27" WC="0.96" CONTENT="meningen"/><SP WIDTH="16" VPOS="290" HPOS="501"/>
							<String ID="string_68" HPOS="517" VPOS="291" WIDTH="34" HEIGHT="20" WC="0.93" CONTENT="att"/><SP WIDTH="16" VPOS="291" HPOS="551"/>
							<String ID="string_69" HPOS="567" VPOS="289" WIDTH="97" HEIGHT="22" WC="0.96" CONTENT="hänföra"/><SP WIDTH="13" VPOS="289" HPOS="664"/>
							<String ID="string_70" HPOS="677" VPOS="289" WIDTH="73" HEIGHT="21" WC="0.96" CONTENT="under"/><SP WIDTH="11" VPOS="289" HPOS="750"/>
							<String ID="string_71" HPOS="761" VPOS="289" WIDTH="75" HEIGHT="21" WC="0.93" CONTENT="denna"/><SP WIDTH="10" VPOS="289" HPOS="836"/>
							<String ID="string_72" HPOS="846" VPOS="296" WIDTH="38" HEIGHT="21" WC="0.91" CONTENT="pa-"/>
						</TextLine>
						<TextLine ID="line_7" HPOS="59" VPOS="318" WIDTH="825" HEIGHT="30">
							<String ID="string_73" HPOS="59" VPOS="319" WIDTH="79" HEIGHT="29" WC="0.90" CONTENT="ragraf"/><SP WIDTH="16" VPOS="319" HPOS="138"/>
							<String ID="string_74" HPOS="154" VPOS="320" WIDTH="25" HEIGHT="20" WC="0.96" CONTENT="sä"/><SP WIDTH="15" VPOS="320" HPOS="179"/>
							<String ID="string_75" HPOS="194" VPOS="319" WIDTH="39" HEIGHT="22" WC="0.96" CONTENT="väl"/><SP WIDTH="16" VPOS="319" HPOS="233"/>
							<String ID="string_76" HPOS="249" VPOS="318" WIDTH="56" HEIGHT="28" WC="0.96" CONTENT="dem,"/><SP WIDTH="17" VPOS="318" HPOS="305"/>
							<String ID="string_77" HPOS="322" VPOS="325" WIDTH="48" HEIGHT="15" WC="0.93" CONTENT="som"/><SP WIDTH="15" VPOS="325" HPOS="370"/>
							<String ID="string_78" HPOS="385" VPOS="322" WIDTH="134" HEIGHT="18" WC="0.96" CONTENT="omnämnas"/><SP WIDTH="15" VPOS="322" HPOS="519"/>
							<String ID="string_79" HPOS="534" VPOS="319" WIDTH="9" HEIGHT="21" WC="0.96" CONTENT="i"/><SP WIDTH="16" VPOS="319" HPOS="543"/>
							<String ID="string_80" HPOS="559" VPOS="320" WIDTH="29" HEIGHT="21" WC="0.93" CONTENT="96"/><SP WIDTH="16" VPOS="320" HPOS="588"/>
							<String ID="string_81" HPOS="604" VPOS="320" WIDTH="19" HEIGHT="26" WC="0.67" CONTENT="&amp;,"/><SP WIDTH="16" VPOS="320" HPOS="623"/>
							<String ID="string_82" HPOS="639" VPOS="326" WIDTH="48" HEIGHT="14" WC="0.96" CONTENT="som"/><SP WIDTH="16" VPOS="326" HPOS="687"/>
							<String ID="string_83" HPOS="703" VPOS="319" WIDTH="28" HEIGHT="21" WC="0.92" CONTENT="de"/><SP WIDTH="15" VPOS="319" HPOS="731"/>
							<String ID="string_84" HPOS="746" VPOS="319" WIDTH="8" HEIGHT="21" WC="0.92" CONTENT="i"/><SP WIDTH="16" VPOS="319" HPOS="754"/>
							<String ID="string_85" HPOS="770" VPOS="320" WIDTH="27" HEIGHT="21" WC="0.93" CONTENT="98"/><SP WIDTH="17" VPOS="320" HPOS="797"/>
							<String ID="string_86" HPOS="814" VPOS="321" WIDTH="13" HEIGHT="25" WC="0.87" CONTENT="$"/><SP WIDTH="11" VPOS="321" HPOS="827"/>
							<String ID="string_87" HPOS="838" VPOS="325" WIDTH="46" HEIGHT="15" WC="0.92" CONTENT="om-"/>
						</TextLine>
						<TextLine ID="line_8" HPOS="58" VPOS="347" WIDTH="826" HEIGHT="30">
							<String ID="string_88" HPOS="58" VPOS="349" WIDTH="118" HEIGHT="22" WC="0.88" CONTENT="förmälda."/><SP WIDTH="30" VPOS="349" HPOS="176"/>
							<String ID="string_89" HPOS="206" VPOS="348" WIDTH="35" HEIGHT="21" WC="0.93" CONTENT="De"/><SP WIDTH="19" VPOS="348" HPOS="241"/>
							<String ID="string_90" HPOS="260" VPOS="347" WIDTH="71" HEIGHT="22" WC="0.95" CONTENT="hafva"/><SP WIDTH="15" VPOS="347" HPOS="331"/>
							<String ID="string_91" HPOS="346" VPOS="348" WIDTH="58" HEIGHT="21" WC="0.96" CONTENT="dock"/><SP WIDTH="15" VPOS="348" HPOS="404"/>
							<String ID="string_92" HPOS="419" VPOS="349" WIDTH="95" HEIGHT="28" WC="0.96" CONTENT="mycket"/><SP WIDTH="15" VPOS="349" HPOS="514"/>
							<String ID="string_93" HPOS="529" VPOS="349" WIDTH="63" HEIGHT="21" WC="0.93" CONTENT="olika"/><SP WIDTH="15" VPOS="349" HPOS="592"/>
							<String ID="string_94" HPOS="607" VPOS="348" WIDTH="121" HEIGHT="29" WC="0.86" CONTENT="tjenstetid"/><SP WIDTH="20" VPOS="348" HPOS="728"/>
							<String ID="string_95" HPOS="748" VPOS="349" WIDTH="43" HEIGHT="21" WC="0.96" CONTENT="och"/><SP WIDTH="15" VPOS="349" HPOS="791"/>
							<String ID="string_96" HPOS="806" VPOS="349" WIDTH="78" HEIGHT="21" WC="0.96" CONTENT="kunna"/>
						</TextLine>
						<TextLine ID="line_9" HPOS="60" VPOS="378" WIDTH="569" HEIGHT="23">
							<String ID="string_97" HPOS="60" VPOS="379" WIDTH="85" HEIGHT="22" WC="0.92" CONTENT="säledes"/><SP WIDTH="16" VPOS="379" HPOS="145"/>
							<String ID="string_98" HPOS="161" VPOS="378" WIDTH="52" HEIGHT="21" WC="0.92" CONTENT="icke"/><SP WIDTH="14" VPOS="378" HPOS="213"/>
							<String ID="string_99" HPOS="227" VPOS="378" WIDTH="52" HEIGHT="21" WC="0.93" CONTENT="med"/><SP WIDTH="15" VPOS="378" HPOS="279"/>
							<String ID="string_100" HPOS="294" VPOS="378" WIDTH="131" HEIGHT="21" WC="0.92" CONTENT="hvarandra"/><SP WIDTH="16" VPOS="378" HPOS="425"/>
							<String ID="string_101" HPOS="441" VPOS="378" WIDTH="188" HEIGHT="21" WC="0.91" CONTENT="sammanställas."/>
						</TextLine>
					</TextBlock>
					<TextBlock ID="block_2" HPOS="58" VPOS="407" WIDTH="829" HEIGHT="920">
						<TextLine ID="line_10" HPOS="130" VPOS="407" WIDTH="755" HEIGHT="29">
							<String ID="string_102" HPOS="130" VPOS="408" WIDTH="54" HEIGHT="21" WC="0.96" CONTENT="Som"/><SP WIDTH="23" VPOS="408" HPOS="184"/>
							<String ID="string_103" HPOS="207" VPOS="407" WIDTH="52" HEIGHT="22" WC="0.94" CONTENT="stöd"/><SP WIDTH="22" VPOS="407" HPOS="259"/>
							<String ID="string_104" HPOS="281" VPOS="407" WIDTH="36" HEIGHT="22" WC="0.95" CONTENT="för"/><SP WIDTH="22" VPOS="407" HPOS="317"/>
							<String ID="string_105" HPOS="339" VPOS="407" WIDTH="42" HEIGHT="22" WC="0.93" CONTENT="sitt"/><SP WIDTH="15" VPOS="407" HPOS="381"/>
							<String ID="string_106" HPOS="396" VPOS="407" WIDTH="165" HEIGHT="29" WC="0.92" CONTENT="tillstyrkande"/><SP WIDTH="17" VPOS="407" HPOS="561"/>
							<String ID="string_107" HPOS="578" VPOS="408" WIDTH="26" HEIGHT="21" WC="0.96" CONTENT="af"/><SP WIDTH="13" VPOS="408" HPOS="604"/>
							<String ID="string_108" HPOS="617" VPOS="408" WIDTH="45" HEIGHT="21" WC="0.96" CONTENT="den"/><SP WIDTH="16" VPOS="408" HPOS="662"/>
							<String ID="string_109" HPOS="678" VPOS="408" WIDTH="29" HEIGHT="21" WC="0.93" CONTENT="K."/><SP WIDTH="15" VPOS="408" HPOS="707"/>
							<String ID="string_110" HPOS="722" VPOS="415" WIDTH="81" HEIGHT="21" WC="0.92" CONTENT="prop:n"/><SP WIDTH="16" VPOS="415" HPOS="803"/>
							<String ID="string_111" HPOS="819" VPOS="407" WIDTH="66" HEIGHT="22" WC="0.96" CONTENT="anför"/>
						</TextLine>
						<TextLine ID="line_11" HPOS="59" VPOS="437" WIDTH="825" HEIGHT="30">
							<String ID="string_112" HPOS="59" VPOS="438" WIDTH="113" HEIGHT="22" WC="0.92" CONTENT="utskottet"/><SP WIDTH="17" VPOS="438" HPOS="172"/>
							<String ID="string_113" HPOS="189" VPOS="439" WIDTH="13" HEIGHT="20" WC="0.91" CONTENT="&amp;"/><SP WIDTH="15" VPOS="439" HPOS="202"/>
							<String ID="string_114" HPOS="217" VPOS="445" WIDTH="52" HEIGHT="21" WC="0.91" CONTENT="pag."/><SP WIDTH="16" VPOS="445" HPOS="269"/>
							<String ID="string_115" HPOS="285" VPOS="439" WIDTH="20" HEIGHT="26" WC="0.96" CONTENT="2,"/><SP WIDTH="16" VPOS="439" HPOS="305"/>
							<String ID="string_116" HPOS="321" VPOS="439" WIDTH="34" HEIGHT="19" WC="0.96" CONTENT="att"/><SP WIDTH="16" VPOS="439" HPOS="355"/>
							<String ID="string_117" HPOS="371" VPOS="437" WIDTH="28" HEIGHT="22" WC="0.93" CONTENT="de"/><SP WIDTH="15" VPOS="437" HPOS="399"/>
							<String ID="string_118" HPOS="414" VPOS="437" WIDTH="74" HEIGHT="22" WC="0.92" CONTENT="finske"/><SP WIDTH="15" VPOS="437" HPOS="488"/>
							<String ID="string_119" HPOS="503" VPOS="437" WIDTH="133" HEIGHT="30" WC="0.92" CONTENT="ynglingar,"/><SP WIDTH="16" VPOS="437" HPOS="636"/>
							<String ID="string_120" HPOS="652" VPOS="437" WIDTH="80" HEIGHT="22" WC="0.93" CONTENT="hvilka"/><SP WIDTH="16" VPOS="437" HPOS="732"/>
							<String ID="string_121" HPOS="748" VPOS="438" WIDTH="54" HEIGHT="21" WC="0.96" CONTENT="söka"/><SP WIDTH="13" VPOS="438" HPOS="802"/>
							<String ID="string_122" HPOS="815" VPOS="440" WIDTH="35" HEIGHT="19" WC="0.93" CONTENT="att"/><SP WIDTH="11" VPOS="440" HPOS="850"/>
							<String ID="string_123" HPOS="861" VPOS="437" WIDTH="23" HEIGHT="22" WC="0.87" CONTENT="fä"/>
						</TextLine>
						<TextLine ID="line_12" HPOS="60" VPOS="467" WIDTH="824" HEIGHT="29">
							<String ID="string_124" HPOS="60" VPOS="468" WIDTH="141" HEIGHT="28" WC="0.95" CONTENT="anställning"/><SP WIDTH="22" VPOS="468" HPOS="201"/>
							<String ID="string_125" HPOS="223" VPOS="467" WIDTH="40" HEIGHT="21" WC="0.92" CONTENT="vid"/><SP WIDTH="24" VPOS="467" HPOS="263"/>
							<String ID="string_126" HPOS="287" VPOS="467" WIDTH="164" HEIGHT="28" WC="0.96" CONTENT="kejsardömets"/><SP WIDTH="21" VPOS="467" HPOS="451"/>
							<String ID="string_127" HPOS="472" VPOS="468" WIDTH="68" HEIGHT="26" WC="0.93" CONTENT="armé,"/><SP WIDTH="17" VPOS="468" HPOS="540"/>
							<String ID="string_128" HPOS="557" VPOS="467" WIDTH="133" HEIGHT="29" WC="0.92" CONTENT="derigenom"/><SP WIDTH="15" VPOS="467" HPOS="690"/>
							<String ID="string_129" HPOS="705" VPOS="467" WIDTH="73" HEIGHT="22" WC="0.96" CONTENT="skulle"/><SP WIDTH="15" VPOS="467" HPOS="778"/>
							<String ID="string_130" HPOS="793" VPOS="468" WIDTH="91" HEIGHT="21" WC="0.96" CONTENT="komma"/>
						</TextLine>
						<TextLine ID="line_13" HPOS="59" VPOS="497" WIDTH="825" HEIGHT="29">
							<String ID="string_131" HPOS="59" VPOS="500" WIDTH="34" HEIGHT="19" WC="0.91" CONTENT="att"/><SP WIDTH="23" VPOS="500" HPOS="93"/>
							<String ID="string_132" HPOS="116" VPOS="498" WIDTH="71" HEIGHT="21" WC="0.92" CONTENT="vinna"/><SP WIDTH="22" VPOS="498" HPOS="187"/>
							<String ID="string_133" HPOS="209" VPOS="504" WIDTH="29" HEIGHT="14" WC="0.96" CONTENT="en"/><SP WIDTH="23" VPOS="504" HPOS="238"/>
							<String ID="string_134" HPOS="261" VPOS="499" WIDTH="72" HEIGHT="19" WC="0.93" CONTENT="större"/><SP WIDTH="18" VPOS="499" HPOS="333"/>
							<String ID="string_135" HPOS="351" VPOS="497" WIDTH="106" HEIGHT="28" WC="0.91" CONTENT="praktisk"/><SP WIDTH="15" VPOS="497" HPOS="457"/>
							<String ID="string_136" HPOS="472" VPOS="497" WIDTH="136" HEIGHT="29" WC="0.95" CONTENT="utbildning"/><SP WIDTH="15" VPOS="497" HPOS="608"/>
							<String ID="string_137" HPOS="623" VPOS="497" WIDTH="42" HEIGHT="22" WC="0.93" CONTENT="och"/><SP WIDTH="16" VPOS="497" HPOS="665"/>
							<String ID="string_138" HPOS="681" VPOS="497" WIDTH="130" HEIGHT="29" WC="0.88" CONTENT="mängsidig"/><SP WIDTH="15" VPOS="497" HPOS="811"/>
							<String ID="string_139" HPOS="826" VPOS="497" WIDTH="58" HEIGHT="22" WC="0.92" CONTENT="erfa-"/>
						</TextLine>
						<TextLine ID="line_14" HPOS="59" VPOS="526" WIDTH="826" HEIGHT="28">
							<String ID="string_140" HPOS="59" VPOS="527" WIDTH="85" HEIGHT="27" WC="0.92" CONTENT="renhet,"/><SP WIDTH="16" VPOS="527" HPOS="144"/>
							<String ID="string_141" HPOS="160" VPOS="527" WIDTH="43" HEIGHT="22" WC="0.96" CONTENT="och"/><SP WIDTH="20" VPOS="527" HPOS="203"/>
							<String ID="string_142" HPOS="223" VPOS="528" WIDTH="35" HEIGHT="19" WC="0.96" CONTENT="att"/><SP WIDTH="15" VPOS="528" HPOS="258"/>
							<String ID="string_143" HPOS="273" VPOS="526" WIDTH="74" HEIGHT="22" WC="0.96" CONTENT="denna"/><SP WIDTH="16" VPOS="526" HPOS="347"/>
							<String ID="string_144" HPOS="363" VPOS="527" WIDTH="73" HEIGHT="21" WC="0.96" CONTENT="skulle"/><SP WIDTH="16" VPOS="527" HPOS="436"/>
							<String ID="string_145" HPOS="452" VPOS="527" WIDTH="51" HEIGHT="21" WC="0.96" CONTENT="med"/><SP WIDTH="15" VPOS="527" HPOS="503"/>
							<String ID="string_146" HPOS="518" VPOS="527" WIDTH="65" HEIGHT="21" WC="0.96" CONTENT="tiden"/><SP WIDTH="16" VPOS="527" HPOS="583"/>
							<String ID="string_147" HPOS="599" VPOS="527" WIDTH="91" HEIGHT="21" WC="0.93" CONTENT="komma"/><SP WIDTH="15" VPOS="527" HPOS="690"/>
							<String ID="string_148" HPOS="705" VPOS="527" WIDTH="68" HEIGHT="21" WC="0.92" CONTENT="äfven"/><SP WIDTH="16" VPOS="527" HPOS="773"/>
							<String ID="string_149" HPOS="789" VPOS="527" WIDTH="43" HEIGHT="21" WC="0.93" CONTENT="den"/><SP WIDTH="11" VPOS="527" HPOS="832"/>
							<String ID="string_150" HPOS="843" VPOS="526" WIDTH="42" HEIGHT="22" WC="0.91" CONTENT="fin-"/>
						</TextLine>
						<TextLine ID="line_15" HPOS="60" VPOS="556" WIDTH="826" HEIGHT="30">
							<String ID="string_151" HPOS="60" VPOS="557" WIDTH="41" HEIGHT="22" WC="0.93" CONTENT="ska"/><SP WIDTH="15" VPOS="557" HPOS="101"/>
							<String ID="string_152" HPOS="116" VPOS="556" WIDTH="157" HEIGHT="30" WC="0.96" CONTENT="krigsmakten"/><SP WIDTH="16" VPOS="556" HPOS="273"/>
							<String ID="string_153" HPOS="289" VPOS="556" WIDTH="43" HEIGHT="21" WC="0.93" CONTENT="och"/><SP WIDTH="15" VPOS="556" HPOS="332"/>
							<String ID="string_154" HPOS="347" VPOS="556" WIDTH="102" HEIGHT="22" WC="0.92" CONTENT="militära"/><SP WIDTH="10" VPOS="556" HPOS="449"/>
							<String ID="string_155" HPOS="459" VPOS="557" WIDTH="145" HEIGHT="21" WC="0.92" CONTENT="embetsverk"/><SP WIDTH="11" VPOS="557" HPOS="604"/>
							<String ID="string_156" HPOS="615" VPOS="556" WIDTH="102" HEIGHT="29" WC="0.95" CONTENT="tillgodo,"/><SP WIDTH="11" VPOS="556" HPOS="717"/>
							<String ID="string_157" HPOS="728" VPOS="557" WIDTH="94" HEIGHT="21" WC="0.96" CONTENT="emedan"/><SP WIDTH="10" VPOS="557" HPOS="822"/>
							<String ID="string_158" HPOS="832" VPOS="563" WIDTH="54" HEIGHT="14" WC="0.96" CONTENT="man"/>
						</TextLine>
						<TextLine ID="line_16" HPOS="59" VPOS="586" WIDTH="826" HEIGHT="30">
							<String ID="string_159" HPOS="59" VPOS="587" WIDTH="46" HEIGHT="22" WC="0.92" CONTENT="kan"/><SP WIDTH="23" VPOS="587" HPOS="105"/>
							<String ID="string_160" HPOS="128" VPOS="587" WIDTH="88" HEIGHT="29" WC="0.91" CONTENT="hoppas"/><SP WIDTH="21" VPOS="587" HPOS="216"/>
							<String ID="string_161" HPOS="237" VPOS="588" WIDTH="34" HEIGHT="20" WC="0.95" CONTENT="att"/><SP WIDTH="20" VPOS="588" HPOS="271"/>
							<String ID="string_162" HPOS="291" VPOS="586" WIDTH="28" HEIGHT="22" WC="0.96" CONTENT="de"/><SP WIDTH="15" VPOS="586" HPOS="319"/>
							<String ID="string_163" HPOS="334" VPOS="586" WIDTH="58" HEIGHT="22" WC="0.93" CONTENT="efter"/><SP WIDTH="15" VPOS="586" HPOS="392"/>
							<String ID="string_164" HPOS="407" VPOS="587" WIDTH="78" HEIGHT="29" WC="0.92" CONTENT="nägon"/><SP WIDTH="15" VPOS="587" HPOS="485"/>
							<String ID="string_165" HPOS="500" VPOS="587" WIDTH="35" HEIGHT="21" WC="0.93" CONTENT="tid"/><SP WIDTH="17" VPOS="587" HPOS="535"/>
							<String ID="string_166" HPOS="552" VPOS="586" WIDTH="127" HEIGHT="22" WC="0.92" CONTENT="ätervända"/><SP WIDTH="15" VPOS="586" HPOS="679"/>
							<String ID="string_167" HPOS="694" VPOS="586" WIDTH="57" HEIGHT="22" WC="0.96" CONTENT="hem."/><SP WIDTH="30" VPOS="586" HPOS="751"/>
							<String ID="string_168" HPOS="781" VPOS="588" WIDTH="44" HEIGHT="20" WC="0.96" CONTENT="För"/><SP WIDTH="16" VPOS="588" HPOS="825"/>
							<String ID="string_169" HPOS="841" VPOS="586" WIDTH="44" HEIGHT="22" WC="0.96" CONTENT="den"/>
						</TextLine>
						<TextLine ID="line_17" HPOS="60" VPOS="616" WIDTH="826" HEIGHT="29">
							<String ID="string_170" HPOS="60" VPOS="617" WIDTH="71" HEIGHT="21" WC="0.93" CONTENT="andra"/><SP WIDTH="22" VPOS="617" HPOS="131"/>
							<String ID="string_171" HPOS="153" VPOS="616" WIDTH="121" HEIGHT="29" WC="0.96" CONTENT="kategorin"/><SP WIDTH="23" VPOS="616" HPOS="274"/>
							<String ID="string_172" HPOS="297" VPOS="616" WIDTH="66" HEIGHT="21" WC="0.93" CONTENT="anför"/><SP WIDTH="14" VPOS="616" HPOS="363"/>
							<String ID="string_173" HPOS="377" VPOS="616" WIDTH="114" HEIGHT="22" WC="0.96" CONTENT="utskottet"/><SP WIDTH="17" VPOS="616" HPOS="491"/>
							<String ID="string_174" HPOS="508" VPOS="618" WIDTH="74" HEIGHT="20" WC="0.96" CONTENT="såsom"/><SP WIDTH="15" VPOS="618" HPOS="582"/>
							<String ID="string_175" HPOS="597" VPOS="616" WIDTH="56" HEIGHT="28" WC="0.95" CONTENT="skäl,"/><SP WIDTH="16" VPOS="616" HPOS="653"/>
							<String ID="string_176" HPOS="669" VPOS="624" WIDTH="37" HEIGHT="14" WC="0.96" CONTENT="om"/><SP WIDTH="16" VPOS="624" HPOS="706"/>
							<String ID="string_177" HPOS="722" VPOS="616" WIDTH="38" HEIGHT="22" WC="0.96" CONTENT="det"/><SP WIDTH="15" VPOS="616" HPOS="760"/>
							<String ID="string_178" HPOS="775" VPOS="619" WIDTH="24" HEIGHT="19" WC="0.93" CONTENT="är"/><SP WIDTH="16" VPOS="619" HPOS="799"/>
							<String ID="string_179" HPOS="815" VPOS="617" WIDTH="71" HEIGHT="27" WC="0.96" CONTENT="något"/>
						</TextLine>
						<TextLine ID="line_18" HPOS="60" VPOS="646" WIDTH="827" HEIGHT="29">
							<String ID="string_180" HPOS="60" VPOS="647" WIDTH="54" HEIGHT="28" WC="0.94" CONTENT="skäl,"/><SP WIDTH="16" VPOS="647" HPOS="114"/>
							<String ID="string_181" HPOS="130" VPOS="648" WIDTH="36" HEIGHT="20" WC="0.96" CONTENT="att"/><SP WIDTH="16" VPOS="648" HPOS="166"/>
							<String ID="string_182" HPOS="182" VPOS="646" WIDTH="178" HEIGHT="28" WC="0.96" CONTENT="tillämpningen"/><SP WIDTH="16" VPOS="646" HPOS="360"/>
							<String ID="string_183" HPOS="376" VPOS="646" WIDTH="23" HEIGHT="21" WC="0.93" CONTENT="af"/><SP WIDTH="15" VPOS="646" HPOS="399"/>
							<String ID="string_184" HPOS="414" VPOS="646" WIDTH="226" HEIGHT="29" WC="0.92" CONTENT="värnepligtslagens"/><SP WIDTH="15" VPOS="646" HPOS="640"/>
							<String ID="string_185" HPOS="655" VPOS="646" WIDTH="170" HEIGHT="21" WC="0.96" CONTENT="bestämmelser"/><SP WIDTH="11" VPOS="646" HPOS="825"/>
							<String ID="string_186" HPOS="836" VPOS="646" WIDTH="9" HEIGHT="21" WC="0.93" CONTENT="i"/><SP WIDTH="10" VPOS="646" HPOS="845"/>
							<String ID="string_187" HPOS="855" VPOS="646" WIDTH="32" HEIGHT="21" WC="0.92" CONTENT="af-"/>
						</TextLine>
						<TextLine ID="line_19" HPOS="60" VPOS="675" WIDTH="825" HEIGHT="28">
							<String ID="string_188" HPOS="60" VPOS="676" WIDTH="81" HEIGHT="22" WC="0.90" CONTENT="seende"/><SP WIDTH="23" VPOS="676" HPOS="141"/>
							<String ID="string_189" HPOS="164" VPOS="677" WIDTH="14" HEIGHT="20" WC="0.90" CONTENT="&amp;"/><SP WIDTH="23" VPOS="677" HPOS="178"/>
							<String ID="string_190" HPOS="201" VPOS="675" WIDTH="9" HEIGHT="21" WC="0.95" CONTENT="i"/><SP WIDTH="22" VPOS="675" HPOS="210"/>
							<String ID="string_191" HPOS="232" VPOS="675" WIDTH="117" HEIGHT="28" WC="0.93" CONTENT="Ryssland"/><SP WIDTH="15" VPOS="675" HPOS="349"/>
							<String ID="string_192" HPOS="364" VPOS="675" WIDTH="88" HEIGHT="22" WC="0.92" CONTENT="boende"/><SP WIDTH="16" VPOS="675" HPOS="452"/>
							<String ID="string_193" HPOS="468" VPOS="676" WIDTH="44" HEIGHT="21" WC="0.93" CONTENT="och"/><SP WIDTH="15" VPOS="676" HPOS="512"/>
							<String ID="string_194" HPOS="527" VPOS="675" WIDTH="106" HEIGHT="22" WC="0.92" CONTENT="vistande"/><SP WIDTH="16" VPOS="675" HPOS="633"/>
							<String ID="string_195" HPOS="649" VPOS="675" WIDTH="74" HEIGHT="22" WC="0.92" CONTENT="finske"/><SP WIDTH="14" VPOS="675" HPOS="723"/>
							<String ID="string_196" HPOS="737" VPOS="675" WIDTH="148" HEIGHT="28" WC="0.96" CONTENT="medborgare"/>
						</TextLine>
						<TextLine ID="line_20" HPOS="60" VPOS="705" WIDTH="825" HEIGHT="29">
							<String ID="string_197" HPOS="60" VPOS="713" WIDTH="53" HEIGHT="14" WC="0.93" CONTENT="vore"/><SP WIDTH="23" VPOS="713" HPOS="113"/>
							<String ID="string_198" HPOS="136" VPOS="705" WIDTH="139" HEIGHT="28" WC="0.86" CONTENT="törknippad"/><SP WIDTH="20" VPOS="705" HPOS="275"/>
							<String ID="string_199" HPOS="295" VPOS="705" WIDTH="52" HEIGHT="21" WC="0.92" CONTENT="med"/><SP WIDTH="16" VPOS="705" HPOS="347"/>
							<String ID="string_200" HPOS="363" VPOS="705" WIDTH="150" HEIGHT="22" WC="0.92" CONTENT="alvarsamma"/><SP WIDTH="16" VPOS="705" HPOS="513"/>
							<String ID="string_201" HPOS="529" VPOS="705" WIDTH="149" HEIGHT="29" WC="0.96" CONTENT="svårigheter,"/><SP WIDTH="17" VPOS="705" HPOS="678"/>
							<String ID="string_202" HPOS="695" VPOS="705" WIDTH="111" HEIGHT="22" WC="0.96" CONTENT="beroende"/><SP WIDTH="15" VPOS="705" HPOS="806"/>
							<String ID="string_203" HPOS="821" VPOS="705" WIDTH="64" HEIGHT="22" WC="0.95" CONTENT="såväl"/>
						</TextLine>
						<TextLine ID="line_21" HPOS="60" VPOS="734" WIDTH="825" HEIGHT="30">
							<String ID="string_204" HPOS="60" VPOS="736" WIDTH="29" HEIGHT="28" WC="0.96" CONTENT="på"/><SP WIDTH="14" VPOS="736" HPOS="89"/>
							<String ID="string_205" HPOS="103" VPOS="735" WIDTH="175" HEIGHT="28" WC="0.96" CONTENT="ifrågavarande"/><SP WIDTH="15" VPOS="735" HPOS="278"/>
							<String ID="string_206" HPOS="293" VPOS="742" WIDTH="119" HEIGHT="21" WC="0.93" CONTENT="personers"/><SP WIDTH="16" VPOS="742" HPOS="412"/>
							<String ID="string_207" HPOS="428" VPOS="735" WIDTH="113" HEIGHT="21" WC="0.91" CONTENT="talrikhet"/><SP WIDTH="21" VPOS="735" HPOS="541"/>
							<String ID="string_208" HPOS="562" VPOS="742" WIDTH="48" HEIGHT="15" WC="0.96" CONTENT="som"/><SP WIDTH="15" VPOS="742" HPOS="610"/>
							<String ID="string_209" HPOS="625" VPOS="736" WIDTH="30" HEIGHT="27" WC="0.96" CONTENT="på"/><SP WIDTH="16" VPOS="736" HPOS="655"/>
							<String ID="string_210" HPOS="671" VPOS="735" WIDTH="64" HEIGHT="22" WC="0.96" CONTENT="deras"/><SP WIDTH="14" VPOS="735" HPOS="735"/>
							<String ID="string_211" HPOS="749" VPOS="735" WIDTH="51" HEIGHT="21" WC="0.96" CONTENT="vidt"/><SP WIDTH="10" VPOS="735" HPOS="800"/>
							<String ID="string_212" HPOS="810" VPOS="734" WIDTH="75" HEIGHT="22" WC="0.96" CONTENT="skilda"/>
						</TextLine>
						<TextLine ID="line_22" HPOS="62" VPOS="763" WIDTH="825" HEIGHT="30">
							<String ID="string_213" HPOS="62" VPOS="765" WIDTH="153" HEIGHT="21" WC="0.92" CONTENT="vistelseorter"/><SP WIDTH="21" VPOS="765" HPOS="215"/>
							<String ID="string_214" HPOS="236" VPOS="765" WIDTH="63" HEIGHT="21" WC="0.96" CONTENT="inom"/><SP WIDTH="16" VPOS="765" HPOS="299"/>
							<String ID="string_215" HPOS="315" VPOS="764" WIDTH="38" HEIGHT="22" WC="0.96" CONTENT="det"/><SP WIDTH="14" VPOS="764" HPOS="353"/>
							<String ID="string_216" HPOS="367" VPOS="764" WIDTH="144" HEIGHT="23" WC="0.96" CONTENT="vidsträckta"/><SP WIDTH="15" VPOS="764" HPOS="511"/>
							<String ID="string_217" HPOS="526" VPOS="765" WIDTH="67" HEIGHT="21" WC="0.94" CONTENT="riket."/><SP WIDTH="31" VPOS="765" HPOS="593"/>
							<String ID="string_218" HPOS="624" VPOS="765" WIDTH="46" HEIGHT="21" WC="0.95" CONTENT="Det"/><SP WIDTH="16" VPOS="765" HPOS="670"/>
							<String ID="string_219" HPOS="686" VPOS="768" WIDTH="25" HEIGHT="18" WC="0.97" CONTENT="är"/><SP WIDTH="15" VPOS="768" HPOS="711"/>
							<String ID="string_220" HPOS="726" VPOS="765" WIDTH="29" HEIGHT="28" WC="0.96" CONTENT="på"/><SP WIDTH="15" VPOS="765" HPOS="755"/>
							<String ID="string_221" HPOS="770" VPOS="765" WIDTH="75" HEIGHT="28" WC="0.96" CONTENT="grund"/><SP WIDTH="16" VPOS="765" HPOS="845"/>
							<String ID="string_222" HPOS="861" VPOS="763" WIDTH="26" HEIGHT="22" WC="0.96" CONTENT="af"/>
						</TextLine>
						<TextLine ID="line_23" HPOS="61" VPOS="794" WIDTH="823" HEIGHT="29">
							<String ID="string_223" HPOS="61" VPOS="795" WIDTH="63" HEIGHT="21" WC="0.93" CONTENT="detta"/><SP WIDTH="21" VPOS="795" HPOS="124"/>
							<String ID="string_224" HPOS="145" VPOS="797" WIDTH="149" HEIGHT="25" WC="0.91" CONTENT="resonement,"/><SP WIDTH="16" VPOS="797" HPOS="294"/>
							<String ID="string_225" HPOS="310" VPOS="801" WIDTH="48" HEIGHT="14" WC="0.95" CONTENT="som"/><SP WIDTH="17" VPOS="801" HPOS="358"/>
							<String ID="string_226" HPOS="375" VPOS="794" WIDTH="115" HEIGHT="22" WC="0.95" CONTENT="utskottet"/><SP WIDTH="15" VPOS="794" HPOS="490"/>
							<String ID="string_227" HPOS="505" VPOS="794" WIDTH="116" HEIGHT="29" WC="0.95" CONTENT="tillstyrkt"/><SP WIDTH="15" VPOS="794" HPOS="621"/>
							<String ID="string_228" HPOS="636" VPOS="794" WIDTH="67" HEIGHT="22" WC="0.96" CONTENT="bifall"/><SP WIDTH="14" VPOS="794" HPOS="703"/>
							<String ID="string_229" HPOS="717" VPOS="795" WIDTH="35" HEIGHT="20" WC="0.95" CONTENT="till"/><SP WIDTH="17" VPOS="795" HPOS="752"/>
							<String ID="string_230" HPOS="769" VPOS="795" WIDTH="44" HEIGHT="20" WC="0.93" CONTENT="den"/><SP WIDTH="15" VPOS="795" HPOS="813"/>
							<String ID="string_231" HPOS="828" VPOS="794" WIDTH="56" HEIGHT="28" WC="0.90" CONTENT="Kej-"/>
						</TextLine>
						<TextLine ID="line_24" HPOS="60" VPOS="823" WIDTH="825" HEIGHT="30">
							<String ID="string_232" HPOS="60" VPOS="824" WIDTH="83" HEIGHT="29" WC="0.90" CONTENT="serliga"/><SP WIDTH="15" VPOS="824" HPOS="143"/>
							<String ID="string_233" HPOS="158" VPOS="831" WIDTH="86" HEIGHT="22" WC="0.91" CONTENT="prop:n."/><SP WIDTH="24" VPOS="831" HPOS="244"/>
							<String ID="string_234" HPOS="268" VPOS="824" WIDTH="42" HEIGHT="21" WC="0.95" CONTENT="Om"/><SP WIDTH="15" VPOS="824" HPOS="310"/>
							<String ID="string_235" HPOS="325" VPOS="831" WIDTH="53" HEIGHT="14" WC="0.95" CONTENT="man"/><SP WIDTH="15" VPOS="831" HPOS="378"/>
							<String ID="string_236" HPOS="393" VPOS="823" WIDTH="68" HEIGHT="22" WC="0.96" CONTENT="också"/><SP WIDTH="11" VPOS="823" HPOS="461"/>
							<String ID="string_237" HPOS="472" VPOS="824" WIDTH="75" HEIGHT="21" WC="0.96" CONTENT="skulle"/><SP WIDTH="10" VPOS="824" HPOS="547"/>
							<String ID="string_238" HPOS="557" VPOS="824" WIDTH="80" HEIGHT="21" WC="0.96" CONTENT="kunna"/><SP WIDTH="10" VPOS="824" HPOS="637"/>
							<String ID="string_239" HPOS="647" VPOS="824" WIDTH="122" HEIGHT="28" WC="0.96" CONTENT="godkänna"/><SP WIDTH="10" VPOS="824" HPOS="769"/>
							<String ID="string_240" HPOS="779" VPOS="824" WIDTH="39" HEIGHT="21" WC="0.96" CONTENT="det"/><SP WIDTH="12" VPOS="824" HPOS="818"/>
							<String ID="string_241" HPOS="830" VPOS="823" WIDTH="55" HEIGHT="27" WC="0.96" CONTENT="skäl,"/>
						</TextLine>
						<TextLine ID="line_25" HPOS="60" VPOS="853" WIDTH="826" HEIGHT="29">
							<String ID="string_242" HPOS="60" VPOS="861" WIDTH="47" HEIGHT="15" WC="0.94" CONTENT="som"/><SP WIDTH="23" VPOS="861" HPOS="107"/>
							<String ID="string_243" HPOS="130" VPOS="853" WIDTH="89" HEIGHT="22" WC="0.94" CONTENT="anförts"/><SP WIDTH="22" VPOS="853" HPOS="219"/>
							<String ID="string_244" HPOS="241" VPOS="853" WIDTH="36" HEIGHT="22" WC="0.96" CONTENT="till"/><SP WIDTH="22" VPOS="853" HPOS="277"/>
							<String ID="string_245" HPOS="299" VPOS="853" WIDTH="90" HEIGHT="22" WC="0.96" CONTENT="försvar"/><SP WIDTH="22" VPOS="853" HPOS="389"/>
							<String ID="string_246" HPOS="411" VPOS="853" WIDTH="38" HEIGHT="22" WC="0.96" CONTENT="för"/><SP WIDTH="19" VPOS="853" HPOS="449"/>
							<String ID="string_247" HPOS="468" VPOS="854" WIDTH="44" HEIGHT="22" WC="0.97" CONTENT="den"/><SP WIDTH="16" VPOS="854" HPOS="512"/>
							<String ID="string_248" HPOS="528" VPOS="854" WIDTH="73" HEIGHT="21" WC="0.96" CONTENT="första"/><SP WIDTH="16" VPOS="854" HPOS="601"/>
							<String ID="string_249" HPOS="617" VPOS="854" WIDTH="126" HEIGHT="28" WC="0.96" CONTENT="kategorin,"/><SP WIDTH="24" VPOS="854" HPOS="743"/>
							<String ID="string_250" HPOS="767" VPOS="855" WIDTH="24" HEIGHT="20" WC="0.96" CONTENT="så"/><SP WIDTH="23" VPOS="855" HPOS="791"/>
							<String ID="string_251" HPOS="814" VPOS="853" WIDTH="72" HEIGHT="22" WC="0.95" CONTENT="sakna"/>
						</TextLine>
						<TextLine ID="line_26" HPOS="60" VPOS="883" WIDTH="826" HEIGHT="28">
							<String ID="string_252" HPOS="60" VPOS="884" WIDTH="100" HEIGHT="21" WC="0.90" CONTENT="deremot"/><SP WIDTH="16" VPOS="884" HPOS="160"/>
							<String ID="string_253" HPOS="176" VPOS="883" WIDTH="29" HEIGHT="22" WC="0.96" CONTENT="de"/><SP WIDTH="16" VPOS="883" HPOS="205"/>
							<String ID="string_254" HPOS="221" VPOS="883" WIDTH="55" HEIGHT="27" WC="0.96" CONTENT="skäl,"/><SP WIDTH="15" VPOS="883" HPOS="276"/>
							<String ID="string_255" HPOS="291" VPOS="891" WIDTH="48" HEIGHT="14" WC="0.96" CONTENT="som"/><SP WIDTH="11" VPOS="891" HPOS="339"/>
							<String ID="string_256" HPOS="350" VPOS="883" WIDTH="89" HEIGHT="22" WC="0.96" CONTENT="anförts"/><SP WIDTH="10" VPOS="883" HPOS="439"/>
							<String ID="string_257" HPOS="449" VPOS="884" WIDTH="38" HEIGHT="21" WC="0.96" CONTENT="till"/><SP WIDTH="11" VPOS="884" HPOS="487"/>
							<String ID="string_258" HPOS="498" VPOS="883" WIDTH="52" HEIGHT="22" WC="0.96" CONTENT="stöd"/><SP WIDTH="10" VPOS="883" HPOS="550"/>
							<String ID="string_259" HPOS="560" VPOS="883" WIDTH="37" HEIGHT="22" WC="0.96" CONTENT="för"/><SP WIDTH="12" VPOS="883" HPOS="597"/>
							<String ID="string_260" HPOS="609" VPOS="883" WIDTH="64" HEIGHT="22" WC="0.96" CONTENT="deras"/><SP WIDTH="12" VPOS="883" HPOS="673"/>
							<String ID="string_261" HPOS="685" VPOS="883" WIDTH="109" HEIGHT="28" WC="0.96" CONTENT="befrielse,"/><SP WIDTH="12" VPOS="883" HPOS="794"/>
							<String ID="string_262" HPOS="806" VPOS="883" WIDTH="80" HEIGHT="21" WC="0.96" CONTENT="hvilka"/>
						</TextLine>
						<TextLine ID="line_27" HPOS="60" VPOS="913" WIDTH="825" HEIGHT="29">
							<String ID="string_263" HPOS="60" VPOS="913" WIDTH="56" HEIGHT="22" WC="0.96" CONTENT="höra"/><SP WIDTH="19" VPOS="913" HPOS="116"/>
							<String ID="string_264" HPOS="135" VPOS="913" WIDTH="38" HEIGHT="22" WC="0.96" CONTENT="till"/><SP WIDTH="16" VPOS="913" HPOS="173"/>
							<String ID="string_265" HPOS="189" VPOS="913" WIDTH="72" HEIGHT="22" WC="0.95" CONTENT="andra"/><SP WIDTH="14" VPOS="913" HPOS="261"/>
							<String ID="string_266" HPOS="275" VPOS="913" WIDTH="126" HEIGHT="29" WC="0.96" CONTENT="kategorin,"/><SP WIDTH="16" VPOS="913" HPOS="401"/>
							<String ID="string_267" HPOS="417" VPOS="913" WIDTH="31" HEIGHT="22" WC="0.96" CONTENT="all"/><SP WIDTH="15" VPOS="913" HPOS="448"/>
							<String ID="string_268" HPOS="463" VPOS="913" WIDTH="126" HEIGHT="28" WC="0.38" CONTENT="betydelse."/><SP WIDTH="31" VPOS="913" HPOS="589"/>
							<String ID="string_269" HPOS="620" VPOS="913" WIDTH="142" HEIGHT="29" WC="0.93" CONTENT="Visserligen"/><SP WIDTH="15" VPOS="913" HPOS="762"/>
							<String ID="string_270" HPOS="777" VPOS="913" WIDTH="108" HEIGHT="28" WC="0.92" CONTENT="tillägges"/>
						</TextLine>
						<TextLine ID="line_28" HPOS="60" VPOS="942" WIDTH="826" HEIGHT="29">
							<String ID="string_271" HPOS="60" VPOS="945" WIDTH="34" HEIGHT="19" WC="0.93" CONTENT="att"/><SP WIDTH="15" VPOS="945" HPOS="94"/>
							<String ID="string_272" HPOS="109" VPOS="943" WIDTH="198" HEIGHT="28" WC="0.92" CONTENT="lämplighetsskäl"/><SP WIDTH="16" VPOS="943" HPOS="307"/>
							<String ID="string_273" HPOS="323" VPOS="943" WIDTH="68" HEIGHT="21" WC="0.93" CONTENT="äfven"/><SP WIDTH="15" VPOS="943" HPOS="391"/>
							<String ID="string_274" HPOS="406" VPOS="943" WIDTH="130" HEIGHT="27" WC="0.90" CONTENT="förefinnas,"/><SP WIDTH="16" VPOS="943" HPOS="536"/>
							<String ID="string_275" HPOS="552" VPOS="951" WIDTH="53" HEIGHT="13" WC="0.96" CONTENT="men"/><SP WIDTH="16" VPOS="951" HPOS="605"/>
							<String ID="string_276" HPOS="621" VPOS="943" WIDTH="80" HEIGHT="21" WC="0.96" CONTENT="hvilka"/><SP WIDTH="16" VPOS="943" HPOS="701"/>
							<String ID="string_277" HPOS="717" VPOS="943" WIDTH="27" HEIGHT="21" WC="0.96" CONTENT="de"/><SP WIDTH="10" VPOS="943" HPOS="744"/>
							<String ID="string_278" HPOS="754" VPOS="946" WIDTH="38" HEIGHT="18" WC="0.92" CONTENT="äro"/><SP WIDTH="11" VPOS="946" HPOS="792"/>
							<String ID="string_279" HPOS="803" VPOS="942" WIDTH="83" HEIGHT="21" WC="0.92" CONTENT="under-"/>
						</TextLine>
						<TextLine ID="line_29" HPOS="60" VPOS="972" WIDTH="825" HEIGHT="27">
							<String ID="string_280" HPOS="60" VPOS="973" WIDTH="57" HEIGHT="21" WC="0.96" CONTENT="låter"/><SP WIDTH="15" VPOS="973" HPOS="117"/>
							<String ID="string_281" HPOS="132" VPOS="972" WIDTH="115" HEIGHT="22" WC="0.96" CONTENT="utskottet"/><SP WIDTH="16" VPOS="972" HPOS="247"/>
							<String ID="string_282" HPOS="263" VPOS="975" WIDTH="34" HEIGHT="19" WC="0.96" CONTENT="att"/><SP WIDTH="16" VPOS="975" HPOS="297"/>
							<String ID="string_283" HPOS="313" VPOS="975" WIDTH="92" HEIGHT="24" WC="0.96" CONTENT="nämna;"/><SP WIDTH="17" VPOS="975" HPOS="405"/>
							<String ID="string_284" HPOS="422" VPOS="972" WIDTH="43" HEIGHT="22" WC="0.96" CONTENT="och"/><SP WIDTH="16" VPOS="972" HPOS="465"/>
							<String ID="string_285" HPOS="481" VPOS="973" WIDTH="52" HEIGHT="22" WC="0.96" CONTENT="icke"/><SP WIDTH="15" VPOS="973" HPOS="533"/>
							<String ID="string_286" HPOS="548" VPOS="973" WIDTH="66" HEIGHT="21" WC="0.96" CONTENT="torde"/><SP WIDTH="15" VPOS="973" HPOS="614"/>
							<String ID="string_287" HPOS="629" VPOS="980" WIDTH="54" HEIGHT="14" WC="0.91" CONTENT="man"/><SP WIDTH="16" VPOS="980" HPOS="683"/>
							<String ID="string_288" HPOS="699" VPOS="980" WIDTH="38" HEIGHT="13" WC="0.96" CONTENT="ens"/><SP WIDTH="16" VPOS="980" HPOS="737"/>
							<String ID="string_289" HPOS="753" VPOS="973" WIDTH="78" HEIGHT="20" WC="0.92" CONTENT="kunna"/><SP WIDTH="16" VPOS="973" HPOS="831"/>
							<String ID="string_290" HPOS="847" VPOS="979" WIDTH="38" HEIGHT="14" WC="0.92" CONTENT="an-"/>
						</TextLine>
						<TextLine ID="line_30" HPOS="60" VPOS="1001" WIDTH="827" HEIGHT="30">
							<String ID="string_291" HPOS="60" VPOS="1002" WIDTH="50" HEIGHT="22" WC="0.93" CONTENT="föra"/><SP WIDTH="14" VPOS="1002" HPOS="110"/>
							<String ID="string_292" HPOS="124" VPOS="1002" WIDTH="199" HEIGHT="29" WC="0.91" CONTENT="lämplighetsskäl"/><SP WIDTH="15" VPOS="1002" HPOS="323"/>
							<String ID="string_293" HPOS="338" VPOS="1003" WIDTH="73" HEIGHT="20" WC="0.96" CONTENT="såsom"/><SP WIDTH="16" VPOS="1003" HPOS="411"/>
							<String ID="string_294" HPOS="427" VPOS="1002" WIDTH="51" HEIGHT="21" WC="0.96" CONTENT="skäl"/><SP WIDTH="13" VPOS="1002" HPOS="478"/>
							<String ID="string_295" HPOS="491" VPOS="1002" WIDTH="36" HEIGHT="22" WC="0.96" CONTENT="för"/><SP WIDTH="11" VPOS="1002" HPOS="527"/>
							<String ID="string_296" HPOS="538" VPOS="1004" WIDTH="36" HEIGHT="20" WC="0.96" CONTENT="att"/><SP WIDTH="10" VPOS="1004" HPOS="574"/>
							<String ID="string_297" HPOS="584" VPOS="1003" WIDTH="77" HEIGHT="28" WC="0.96" CONTENT="någon"/><SP WIDTH="11" VPOS="1003" HPOS="661"/>
							<String ID="string_298" HPOS="672" VPOS="1002" WIDTH="56" HEIGHT="21" WC="0.95" CONTENT="skall"/><SP WIDTH="11" VPOS="1002" HPOS="728"/>
							<String ID="string_299" HPOS="739" VPOS="1001" WIDTH="84" HEIGHT="22" WC="0.96" CONTENT="befrias"/><SP WIDTH="11" VPOS="1001" HPOS="823"/>
							<String ID="string_300" HPOS="834" VPOS="1001" WIDTH="53" HEIGHT="22" WC="0.96" CONTENT="från"/>
						</TextLine>
						<TextLine ID="line_31" HPOS="60" VPOS="1032" WIDTH="825" HEIGHT="29">
							<String ID="string_301" HPOS="60" VPOS="1032" WIDTH="43" HEIGHT="27" WC="0.96" CONTENT="det,"/><SP WIDTH="17" VPOS="1032" HPOS="103"/>
							<String ID="string_302" HPOS="120" VPOS="1039" WIDTH="48" HEIGHT="14" WC="0.96" CONTENT="som"/><SP WIDTH="15" VPOS="1039" HPOS="168"/>
							<String ID="string_303" HPOS="183" VPOS="1032" WIDTH="40" HEIGHT="28" WC="0.96" CONTENT="lag"/><SP WIDTH="14" VPOS="1032" HPOS="223"/>
							<String ID="string_304" HPOS="237" VPOS="1032" WIDTH="82" HEIGHT="29" WC="0.96" CONTENT="bjuder"/><SP WIDTH="15" VPOS="1032" HPOS="319"/>
							<String ID="string_305" HPOS="334" VPOS="1032" WIDTH="43" HEIGHT="21" WC="0.96" CONTENT="och"/><SP WIDTH="15" VPOS="1032" HPOS="377"/>
							<String ID="string_306" HPOS="392" VPOS="1032" WIDTH="103" HEIGHT="22" WC="0.95" CONTENT="befaller."/><SP WIDTH="31" VPOS="1032" HPOS="495"/>
							<String ID="string_307" HPOS="526" VPOS="1032" WIDTH="47" HEIGHT="29" WC="0.96" CONTENT="Jag"/><SP WIDTH="16" VPOS="1032" HPOS="573"/>
							<String ID="string_308" HPOS="589" VPOS="1032" WIDTH="73" HEIGHT="21" WC="0.93" CONTENT="skulle"/><SP WIDTH="16" VPOS="1032" HPOS="662"/>
							<String ID="string_309" HPOS="678" VPOS="1032" WIDTH="89" HEIGHT="21" WC="0.92" CONTENT="derföre"/><SP WIDTH="10" VPOS="1032" HPOS="767"/>
							<String ID="string_310" HPOS="777" VPOS="1032" WIDTH="58" HEIGHT="28" WC="0.96" CONTENT="yrka"/><SP WIDTH="16" VPOS="1032" HPOS="835"/>
							<String ID="string_311" HPOS="851" VPOS="1033" WIDTH="34" HEIGHT="19" WC="0.95" CONTENT="att"/>
						</TextLine>
						<TextLine ID="line_32" HPOS="59" VPOS="1061" WIDTH="828" HEIGHT="29">
							<String ID="string_312" HPOS="59" VPOS="1069" WIDTH="53" HEIGHT="14" WC="0.95" CONTENT="man"/><SP WIDTH="15" VPOS="1069" HPOS="112"/>
							<String ID="string_313" HPOS="127" VPOS="1061" WIDTH="51" HEIGHT="22" WC="0.96" CONTENT="från"/><SP WIDTH="15" VPOS="1061" HPOS="178"/>
							<String ID="string_314" HPOS="193" VPOS="1061" WIDTH="150" HEIGHT="29" WC="0.96" CONTENT="lagförslaget"/><SP WIDTH="16" VPOS="1061" HPOS="343"/>
							<String ID="string_315" HPOS="359" VPOS="1061" WIDTH="74" HEIGHT="22" WC="0.93" CONTENT="skulle"/><SP WIDTH="16" VPOS="1061" HPOS="433"/>
							<String ID="string_316" HPOS="449" VPOS="1062" WIDTH="116" HEIGHT="21" WC="0.88" CONTENT="utelemna"/><SP WIDTH="16" VPOS="1062" HPOS="565"/>
							<String ID="string_317" HPOS="581" VPOS="1063" WIDTH="14" HEIGHT="20" WC="0.96" CONTENT="2"/><SP WIDTH="16" VPOS="1063" HPOS="595"/>
							<String ID="string_318" HPOS="611" VPOS="1062" WIDTH="43" HEIGHT="21" WC="0.96" CONTENT="och"/><SP WIDTH="11" VPOS="1062" HPOS="654"/>
							<String ID="string_319" HPOS="665" VPOS="1063" WIDTH="13" HEIGHT="20" WC="0.93" CONTENT="3"/><SP WIDTH="11" VPOS="1063" HPOS="678"/>
							<String ID="string_320" HPOS="689" VPOS="1063" WIDTH="13" HEIGHT="26" WC="0.85" CONTENT="$"/><SP WIDTH="11" VPOS="1063" HPOS="702"/>
							<String ID="string_321" HPOS="713" VPOS="1062" WIDTH="42" HEIGHT="21" WC="0.96" CONTENT="och"/><SP WIDTH="10" VPOS="1062" HPOS="755"/>
							<String ID="string_322" HPOS="765" VPOS="1061" WIDTH="122" HEIGHT="29" WC="0.96" CONTENT="godkänna"/>
						</TextLine>
						<TextLine ID="line_33" HPOS="60" VPOS="1091" WIDTH="826" HEIGHT="29">
							<String ID="string_323" HPOS="60" VPOS="1091" WIDTH="80" HEIGHT="21" WC="0.96" CONTENT="endast"/><SP WIDTH="16" VPOS="1091" HPOS="140"/>
							<String ID="string_324" HPOS="156" VPOS="1091" WIDTH="44" HEIGHT="21" WC="0.96" CONTENT="den"/><SP WIDTH="16" VPOS="1091" HPOS="200"/>
							<String ID="string_325" HPOS="216" VPOS="1091" WIDTH="78" HEIGHT="27" WC="0.96" CONTENT="första,"/><SP WIDTH="15" VPOS="1091" HPOS="294"/>
							<String ID="string_326" HPOS="309" VPOS="1093" WIDTH="28" HEIGHT="27" WC="0.96" CONTENT="ty"/><SP WIDTH="15" VPOS="1093" HPOS="337"/>
							<String ID="string_327" HPOS="352" VPOS="1091" WIDTH="39" HEIGHT="21" WC="0.96" CONTENT="det"/><SP WIDTH="15" VPOS="1091" HPOS="391"/>
							<String ID="string_328" HPOS="406" VPOS="1098" WIDTH="54" HEIGHT="15" WC="0.96" CONTENT="vore"/><SP WIDTH="16" VPOS="1098" HPOS="460"/>
							<String ID="string_329" HPOS="476" VPOS="1099" WIDTH="49" HEIGHT="13" WC="0.96" CONTENT="mer"/><SP WIDTH="16" VPOS="1099" HPOS="525"/>
							<String ID="string_330" HPOS="541" VPOS="1094" WIDTH="28" HEIGHT="18" WC="0.96" CONTENT="än"/><SP WIDTH="17" VPOS="1094" HPOS="569"/>
							<String ID="string_331" HPOS="586" VPOS="1091" WIDTH="155" HEIGHT="29" WC="0.96" CONTENT="egendomligt"/><SP WIDTH="15" VPOS="1091" HPOS="741"/>
							<String ID="string_332" HPOS="756" VPOS="1098" WIDTH="36" HEIGHT="14" WC="0.96" CONTENT="om"/><SP WIDTH="11" VPOS="1098" HPOS="792"/>
							<String ID="string_333" HPOS="803" VPOS="1098" WIDTH="28" HEIGHT="14" WC="0.95" CONTENT="en"/><SP WIDTH="11" VPOS="1098" HPOS="831"/>
							<String ID="string_334" HPOS="842" VPOS="1091" WIDTH="44" HEIGHT="27" WC="0.95" CONTENT="lag,"/>
						</TextLine>
						<TextLine ID="line_34" HPOS="61" VPOS="1120" WIDTH="824" HEIGHT="30">
							<String ID="string_335" HPOS="61" VPOS="1128" WIDTH="48" HEIGHT="14" WC="0.96" CONTENT="som"/><SP WIDTH="14" VPOS="1128" HPOS="109"/>
							<String ID="string_336" HPOS="123" VPOS="1120" WIDTH="81" HEIGHT="29" WC="0.96" CONTENT="lägger"/><SP WIDTH="15" VPOS="1120" HPOS="204"/>
							<String ID="string_337" HPOS="219" VPOS="1128" WIDTH="28" HEIGHT="14" WC="0.96" CONTENT="en"/><SP WIDTH="16" VPOS="1128" HPOS="247"/>
							<String ID="string_338" HPOS="263" VPOS="1121" WIDTH="70" HEIGHT="21" WC="0.96" CONTENT="sådan"/><SP WIDTH="14" VPOS="1121" HPOS="333"/>
							<String ID="string_339" HPOS="347" VPOS="1123" WIDTH="74" HEIGHT="26" WC="0.96" CONTENT="tunga"/><SP WIDTH="15" VPOS="1123" HPOS="421"/>
							<String ID="string_340" HPOS="436" VPOS="1122" WIDTH="30" HEIGHT="28" WC="0.93" CONTENT="på"/><SP WIDTH="8" VPOS="1122" HPOS="466"/>
							<String ID="string_341" HPOS="474" VPOS="1121" WIDTH="141" HEIGHT="21" WC="0.92" CONTENT="invånarene"/><SP WIDTH="10" VPOS="1121" HPOS="615"/>
							<String ID="string_342" HPOS="625" VPOS="1121" WIDTH="8" HEIGHT="21" WC="0.96" CONTENT="i"/><SP WIDTH="11" VPOS="1121" HPOS="633"/>
							<String ID="string_343" HPOS="644" VPOS="1122" WIDTH="52" HEIGHT="20" WC="0.96" CONTENT="vårt"/><SP WIDTH="9" VPOS="1122" HPOS="696"/>
							<String ID="string_344" HPOS="705" VPOS="1120" WIDTH="60" HEIGHT="28" WC="0.96" CONTENT="land,"/><SP WIDTH="12" VPOS="1120" HPOS="765"/>
							<String ID="string_345" HPOS="777" VPOS="1128" WIDTH="47" HEIGHT="14" WC="0.93" CONTENT="som"/><SP WIDTH="10" VPOS="1128" HPOS="824"/>
							<String ID="string_346" HPOS="834" VPOS="1122" WIDTH="51" HEIGHT="19" WC="0.92" CONTENT="vär-"/>
						</TextLine>
						<TextLine ID="line_35" HPOS="60" VPOS="1150" WIDTH="825" HEIGHT="29">
							<String ID="string_347" HPOS="60" VPOS="1150" WIDTH="170" HEIGHT="29" WC="0.90" CONTENT="nepligtslagen"/><SP WIDTH="23" VPOS="1150" HPOS="230"/>
							<String ID="string_348" HPOS="253" VPOS="1150" WIDTH="39" HEIGHT="22" WC="0.95" CONTENT="det"/><SP WIDTH="23" VPOS="1150" HPOS="292"/>
							<String ID="string_349" HPOS="315" VPOS="1153" WIDTH="46" HEIGHT="26" WC="0.94" CONTENT="gör,"/><SP WIDTH="21" VPOS="1153" HPOS="361"/>
							<String ID="string_350" HPOS="382" VPOS="1150" WIDTH="75" HEIGHT="22" WC="0.95" CONTENT="skulle"/><SP WIDTH="24" VPOS="1150" HPOS="457"/>
							<String ID="string_351" HPOS="481" VPOS="1152" WIDTH="25" HEIGHT="20" WC="0.92" CONTENT="så"/><SP WIDTH="23" VPOS="1152" HPOS="506"/>
							<String ID="string_352" HPOS="529" VPOS="1151" WIDTH="110" HEIGHT="28" WC="0.91" CONTENT="eluderas,"/><SP WIDTH="16" VPOS="1151" HPOS="639"/>
							<String ID="string_353" HPOS="655" VPOS="1152" WIDTH="34" HEIGHT="20" WC="0.96" CONTENT="att"/><SP WIDTH="22" VPOS="1152" HPOS="689"/>
							<String ID="string_354" HPOS="711" VPOS="1158" WIDTH="53" HEIGHT="14" WC="0.96" CONTENT="man"/><SP WIDTH="15" VPOS="1158" HPOS="764"/>
							<String ID="string_355" HPOS="779" VPOS="1152" WIDTH="56" HEIGHT="19" WC="0.96" CONTENT="utan"/><SP WIDTH="16" VPOS="1152" HPOS="835"/>
							<String ID="string_356" HPOS="851" VPOS="1151" WIDTH="34" HEIGHT="20" WC="0.96" CONTENT="att"/>
						</TextLine>
						<TextLine ID="line_36" HPOS="59" VPOS="1180" WIDTH="827" HEIGHT="29">
							<String ID="string_357" HPOS="59" VPOS="1181" WIDTH="78" HEIGHT="21" WC="0.96" CONTENT="kunna"/><SP WIDTH="15" VPOS="1181" HPOS="137"/>
							<String ID="string_358" HPOS="152" VPOS="1180" WIDTH="80" HEIGHT="22" WC="0.96" CONTENT="anföra"/><SP WIDTH="15" VPOS="1180" HPOS="232"/>
							<String ID="string_359" HPOS="247" VPOS="1181" WIDTH="72" HEIGHT="28" WC="0.96" CONTENT="några"/><SP WIDTH="14" VPOS="1181" HPOS="319"/>
							<String ID="string_360" HPOS="333" VPOS="1181" WIDTH="92" HEIGHT="21" WC="0.95" CONTENT="talande"/><SP WIDTH="21" VPOS="1181" HPOS="425"/>
							<String ID="string_361" HPOS="446" VPOS="1181" WIDTH="51" HEIGHT="21" WC="0.93" CONTENT="skäl"/><SP WIDTH="15" VPOS="1181" HPOS="497"/>
							<String ID="string_362" HPOS="512" VPOS="1181" WIDTH="129" HEIGHT="28" WC="0.93" CONTENT="medgifver"/><SP WIDTH="16" VPOS="1181" HPOS="641"/>
							<String ID="string_363" HPOS="657" VPOS="1181" WIDTH="102" HEIGHT="21" WC="0.96" CONTENT="befrielse"/><SP WIDTH="14" VPOS="1181" HPOS="759"/>
							<String ID="string_364" HPOS="773" VPOS="1180" WIDTH="51" HEIGHT="21" WC="0.92" CONTENT="från"/><SP WIDTH="11" VPOS="1180" HPOS="824"/>
							<String ID="string_365" HPOS="835" VPOS="1183" WIDTH="51" HEIGHT="18" WC="0.92" CONTENT="vär-"/>
						</TextLine>
						<TextLine ID="line_37" HPOS="59" VPOS="1209" WIDTH="827" HEIGHT="30">
							<String ID="string_366" HPOS="59" VPOS="1210" WIDTH="130" HEIGHT="29" WC="0.91" CONTENT="nepligtens"/><SP WIDTH="24" VPOS="1210" HPOS="189"/>
							<String ID="string_367" HPOS="213" VPOS="1210" WIDTH="132" HEIGHT="29" WC="0.93" CONTENT="utgörande,"/><SP WIDTH="23" VPOS="1210" HPOS="345"/>
							<String ID="string_368" HPOS="368" VPOS="1210" WIDTH="136" HEIGHT="28" WC="0.92" CONTENT="isynnerhet"/><SP WIDTH="23" VPOS="1210" HPOS="504"/>
							<String ID="string_369" HPOS="527" VPOS="1217" WIDTH="49" HEIGHT="14" WC="0.95" CONTENT="som"/><SP WIDTH="24" VPOS="1217" HPOS="576"/>
							<String ID="string_370" HPOS="600" VPOS="1210" WIDTH="44" HEIGHT="21" WC="0.95" CONTENT="den"/><SP WIDTH="22" VPOS="1210" HPOS="644"/>
							<String ID="string_371" HPOS="666" VPOS="1212" WIDTH="79" HEIGHT="27" WC="0.95" CONTENT="tunga,"/><SP WIDTH="23" VPOS="1212" HPOS="745"/>
							<String ID="string_372" HPOS="768" VPOS="1209" WIDTH="118" HEIGHT="22" WC="0.96" CONTENT="hvarifrån"/>
						</TextLine>
						<TextLine ID="line_38" HPOS="59" VPOS="1239" WIDTH="827" HEIGHT="30">
							<String ID="string_373" HPOS="59" VPOS="1247" WIDTH="53" HEIGHT="14" WC="0.94" CONTENT="man"/><SP WIDTH="15" VPOS="1247" HPOS="112"/>
							<String ID="string_374" HPOS="127" VPOS="1239" WIDTH="85" HEIGHT="22" WC="0.96" CONTENT="befriar"/><SP WIDTH="15" VPOS="1239" HPOS="212"/>
							<String ID="string_375" HPOS="227" VPOS="1247" WIDTH="28" HEIGHT="14" WC="0.96" CONTENT="en"/><SP WIDTH="16" VPOS="1247" HPOS="255"/>
							<String ID="string_376" HPOS="271" VPOS="1247" WIDTH="87" HEIGHT="21" WC="0.93" CONTENT="person,"/><SP WIDTH="17" VPOS="1247" HPOS="358"/>
							<String ID="string_377" HPOS="375" VPOS="1240" WIDTH="152" HEIGHT="29" WC="0.91" CONTENT="ovilkorligen"/><SP WIDTH="16" VPOS="1240" HPOS="527"/>
							<String ID="string_378" HPOS="543" VPOS="1240" WIDTH="102" HEIGHT="21" WC="0.96" CONTENT="kommer"/><SP WIDTH="16" VPOS="1240" HPOS="645"/>
							<String ID="string_379" HPOS="661" VPOS="1242" WIDTH="34" HEIGHT="19" WC="0.96" CONTENT="att"/><SP WIDTH="16" VPOS="1242" HPOS="695"/>
							<String ID="string_380" HPOS="711" VPOS="1239" WIDTH="85" HEIGHT="22" WC="0.96" CONTENT="drabba"/><SP WIDTH="12" VPOS="1239" HPOS="796"/>
							<String ID="string_381" HPOS="808" VPOS="1246" WIDTH="28" HEIGHT="13" WC="0.92" CONTENT="en"/><SP WIDTH="11" VPOS="1246" HPOS="836"/>
							<String ID="string_382" HPOS="847" VPOS="1245" WIDTH="39" HEIGHT="14" WC="0.91" CONTENT="an-"/>
						</TextLine>
						<TextLine ID="line_39" HPOS="59" VPOS="1267" WIDTH="828" HEIGHT="31">
							<String ID="string_383" HPOS="59" VPOS="1277" WIDTH="51" HEIGHT="20" WC="0.96" CONTENT="nan,"/><SP WIDTH="23" VPOS="1277" HPOS="110"/>
							<String ID="string_384" HPOS="133" VPOS="1269" WIDTH="43" HEIGHT="22" WC="0.96" CONTENT="och"/><SP WIDTH="23" VPOS="1269" HPOS="176"/>
							<String ID="string_385" HPOS="199" VPOS="1277" WIDTH="53" HEIGHT="14" WC="0.95" CONTENT="man"/><SP WIDTH="24" VPOS="1277" HPOS="252"/>
							<String ID="string_386" HPOS="276" VPOS="1269" WIDTH="86" HEIGHT="22" WC="0.93" CONTENT="således"/><SP WIDTH="19" VPOS="1269" HPOS="362"/>
							<String ID="string_387" HPOS="381" VPOS="1277" WIDTH="83" HEIGHT="21" WC="0.96" CONTENT="genom"/><SP WIDTH="16" VPOS="1277" HPOS="464"/>
							<String ID="string_388" HPOS="480" VPOS="1269" WIDTH="133" HEIGHT="29" WC="0.96" CONTENT="beviljande"/><SP WIDTH="16" VPOS="1269" HPOS="613"/>
							<String ID="string_389" HPOS="629" VPOS="1269" WIDTH="26" HEIGHT="22" WC="0.96" CONTENT="af"/><SP WIDTH="14" VPOS="1269" HPOS="655"/>
							<String ID="string_390" HPOS="669" VPOS="1269" WIDTH="104" HEIGHT="29" WC="0.96" CONTENT="eftergift"/><SP WIDTH="14" VPOS="1269" HPOS="773"/>
							<String ID="string_391" HPOS="787" VPOS="1267" WIDTH="100" HEIGHT="22" WC="0.96" CONTENT="kränker"/>
						</TextLine>
						<TextLine ID="line_40" HPOS="58" VPOS="1299" WIDTH="222" HEIGHT="28">
							<String ID="string_392" HPOS="58" VPOS="1299" WIDTH="74" HEIGHT="28" WC="0.95" CONTENT="tredje"/><SP WIDTH="15" VPOS="1299" HPOS="132"/>
							<String ID="string_393" HPOS="147" VPOS="1306" WIDTH="66" HEIGHT="14" WC="0.96" CONTENT="mans"/><SP WIDTH="15" VPOS="1306" HPOS="213"/>
							<String ID="string_394" HPOS="228" VPOS="1301" WIDTH="52" HEIGHT="19" WC="0.96" CONTENT="rätt."/>
						</TextLine>
					</TextBlock>
					<TextBlock ID="block_3" HPOS="58" VPOS="1327" WIDTH="829" HEIGHT="142">
						<TextLine ID="line_41" HPOS="133" VPOS="1327" WIDTH="753" HEIGHT="30">
							<String ID="string_395" HPOS="133" VPOS="1329" WIDTH="108" HEIGHT="21" WC="0.92" CONTENT="Provasti"/><SP WIDTH="23" VPOS="1329" HPOS="241"/>
							<String ID="string_396" HPOS="264" VPOS="1329" WIDTH="108" HEIGHT="21" WC="0.93" CONTENT="Järvinen"/><SP WIDTH="23" VPOS="1329" HPOS="372"/>
							<String ID="string_397" HPOS="395" VPOS="1329" WIDTH="70" HEIGHT="28" WC="0.91" CONTENT="pyysi"/><SP WIDTH="25" VPOS="1329" HPOS="465"/>
							<String ID="string_398" HPOS="490" VPOS="1329" WIDTH="69" HEIGHT="21" WC="0.90" CONTENT="saada"/><SP WIDTH="22" VPOS="1329" HPOS="559"/>
							<String ID="string_399" HPOS="581" VPOS="1329" WIDTH="176" HEIGHT="21" WC="0.90" CONTENT="asianomaisten"/><SP WIDTH="21" VPOS="1329" HPOS="757"/>
							<String ID="string_400" HPOS="778" VPOS="1327" WIDTH="108" HEIGHT="22" WC="0.92" CONTENT="oikaista-"/>
						</TextLine>
						<TextLine ID="line_42" HPOS="58" VPOS="1357" WIDTH="829" HEIGHT="29">
							<String ID="string_401" HPOS="58" VPOS="1359" WIDTH="66" HEIGHT="22" WC="0.92" CONTENT="vaksi"/><SP WIDTH="24" VPOS="1359" HPOS="124"/>
							<String ID="string_402" HPOS="148" VPOS="1358" WIDTH="159" HEIGHT="22" WC="0.92" CONTENT="sivu-mennen"/><SP WIDTH="22" VPOS="1358" HPOS="307"/>
							<String ID="string_403" HPOS="329" VPOS="1359" WIDTH="156" HEIGHT="27" WC="0.88" CONTENT="huomauttaa,"/><SP WIDTH="23" VPOS="1359" HPOS="485"/>
							<String ID="string_404" HPOS="508" VPOS="1360" WIDTH="49" HEIGHT="19" WC="0.93" CONTENT="että"/><SP WIDTH="14" VPOS="1360" HPOS="557"/>
							<String ID="string_405" HPOS="571" VPOS="1358" WIDTH="156" HEIGHT="22" WC="0.91" CONTENT="valiokunnan"/><SP WIDTH="16" VPOS="1358" HPOS="727"/>
							<String ID="string_406" HPOS="743" VPOS="1357" WIDTH="144" HEIGHT="22" WC="0.91" CONTENT="ehdottaman"/>
						</TextLine>
						<TextLine ID="line_43" HPOS="59" VPOS="1386" WIDTH="828" HEIGHT="31">
							<String ID="string_407" HPOS="59" VPOS="1388" WIDTH="120" HEIGHT="22" WC="0.95" CONTENT="asetuksen"/><SP WIDTH="23" VPOS="1388" HPOS="179"/>
							<String ID="string_408" HPOS="202" VPOS="1389" WIDTH="14" HEIGHT="20" WC="0.93" CONTENT="2"/><SP WIDTH="17" VPOS="1389" HPOS="216"/>
							<String ID="string_409" HPOS="233" VPOS="1390" WIDTH="57" HEIGHT="25" WC="0.32" CONTENT="$8:ssä"/><SP WIDTH="23" VPOS="1390" HPOS="290"/>
							<String ID="string_410" HPOS="313" VPOS="1395" WIDTH="29" HEIGHT="14" WC="0.96" CONTENT="on"/><SP WIDTH="15" VPOS="1395" HPOS="342"/>
							<String ID="string_411" HPOS="357" VPOS="1388" WIDTH="102" HEIGHT="29" WC="0.96" CONTENT="pykälän"/><SP WIDTH="16" VPOS="1388" HPOS="459"/>
							<String ID="string_412" HPOS="475" VPOS="1388" WIDTH="92" HEIGHT="21" WC="0.96" CONTENT="merkki"/><SP WIDTH="16" VPOS="1388" HPOS="567"/>
							<String ID="string_413" HPOS="583" VPOS="1394" WIDTH="73" HEIGHT="15" WC="0.96" CONTENT="ennen"/><SP WIDTH="15" VPOS="1394" HPOS="656"/>
							<String ID="string_414" HPOS="671" VPOS="1395" WIDTH="114" HEIGHT="20" WC="0.96" CONTENT="numeroa,"/><SP WIDTH="16" VPOS="1395" HPOS="785"/>
							<String ID="string_415" HPOS="801" VPOS="1386" WIDTH="86" HEIGHT="22" WC="0.96" CONTENT="vaikka"/>
						</TextLine>
						<TextLine ID="line_44" HPOS="58" VPOS="1416" WIDTH="829" HEIGHT="30">
							<String ID="string_416" HPOS="58" VPOS="1425" WIDTH="110" HEIGHT="14" WC="0.96" CONTENT="numeron"/><SP WIDTH="19" VPOS="1425" HPOS="168"/>
							<String ID="string_417" HPOS="187" VPOS="1417" WIDTH="26" HEIGHT="28" WC="0.96" CONTENT="ja"/><SP WIDTH="19" VPOS="1417" HPOS="213"/>
							<String ID="string_418" HPOS="232" VPOS="1417" WIDTH="102" HEIGHT="29" WC="0.96" CONTENT="pykälän"/><SP WIDTH="15" VPOS="1417" HPOS="334"/>
							<String ID="string_419" HPOS="349" VPOS="1417" WIDTH="89" HEIGHT="22" WC="0.96" CONTENT="merkin"/><SP WIDTH="16" VPOS="1417" HPOS="438"/>
							<String ID="string_420" HPOS="454" VPOS="1417" WIDTH="74" HEIGHT="22" WC="0.96" CONTENT="suhde"/><SP WIDTH="16" VPOS="1417" HPOS="528"/>
							<String ID="string_421" HPOS="544" VPOS="1417" WIDTH="85" HEIGHT="22" WC="0.96" CONTENT="muissa"/><SP WIDTH="16" VPOS="1417" HPOS="629"/>
							<String ID="string_422" HPOS="645" VPOS="1417" WIDTH="116" HEIGHT="28" WC="0.96" CONTENT="pykälissä"/><SP WIDTH="16" VPOS="1417" HPOS="761"/>
							<String ID="string_423" HPOS="777" VPOS="1424" WIDTH="28" HEIGHT="14" WC="0.93" CONTENT="on"/><SP WIDTH="16" VPOS="1424" HPOS="805"/>
							<String ID="string_424" HPOS="821" VPOS="1416" WIDTH="66" HEIGHT="29" WC="0.92" CONTENT="päin-"/>
						</TextLine>
						<TextLine ID="line_45" HPOS="58" VPOS="1447" WIDTH="126" HEIGHT="22">
							<String ID="string_425" HPOS="58" VPOS="1447" WIDTH="126" HEIGHT="22" WC="0.96" CONTENT="vastainen."/>
						</TextLine>
					</TextBlock>
					<TextBlock ID="block_4" HPOS="58" VPOS="1475" WIDTH="829" HEIGHT="58">
						<TextLine ID="line_46" HPOS="130" VPOS="1475" WIDTH="757" HEIGHT="29">
							<String ID="string_426" HPOS="130" VPOS="1476" WIDTH="127" HEIGHT="22" WC="0.96" CONTENT="Professori"/><SP WIDTH="15" VPOS="1476" HPOS="257"/>
							<String ID="string_427" HPOS="272" VPOS="1476" WIDTH="121" HEIGHT="22" WC="0.94" CONTENT="Forsman:"/><SP WIDTH="30" VPOS="1476" HPOS="393"/>
							<String ID="string_428" HPOS="423" VPOS="1477" WIDTH="88" HEIGHT="21" WC="0.94" CONTENT="Herrat"/><SP WIDTH="15" VPOS="1477" HPOS="511"/>
							<String ID="string_429" HPOS="526" VPOS="1476" WIDTH="113" HEIGHT="22" WC="0.96" CONTENT="Kihlman"/><SP WIDTH="14" VPOS="1476" HPOS="639"/>
							<String ID="string_430" HPOS="653" VPOS="1476" WIDTH="25" HEIGHT="28" WC="0.96" CONTENT="ja"/><SP WIDTH="16" VPOS="1476" HPOS="678"/>
							<String ID="string_431" HPOS="694" VPOS="1475" WIDTH="65" HEIGHT="29" WC="0.96" CONTENT="Hjelt"/><SP WIDTH="16" VPOS="1475" HPOS="759"/>
							<String ID="string_432" HPOS="775" VPOS="1478" WIDTH="54" HEIGHT="19" WC="0.93" CONTENT="ovat"/><SP WIDTH="10" VPOS="1478" HPOS="829"/>
							<String ID="string_433" HPOS="839" VPOS="1481" WIDTH="48" HEIGHT="15" WC="0.93" CONTENT="mo-"/>
						</TextLine>
						<TextLine ID="line_47" HPOS="58" VPOS="1504" WIDTH="829" HEIGHT="29">
							<String ID="string_434" HPOS="58" VPOS="1506" WIDTH="92" HEIGHT="21" WC="0.93" CONTENT="lemmat"/><SP WIDTH="15" VPOS="1506" HPOS="150"/>
							<String ID="string_435" HPOS="165" VPOS="1508" WIDTH="158" HEIGHT="19" WC="0.96" CONTENT="vastustaneet"/><SP WIDTH="16" VPOS="1508" HPOS="323"/>
							<String ID="string_436" HPOS="339" VPOS="1505" WIDTH="157" HEIGHT="22" WC="0.96" CONTENT="valiokunnan"/><SP WIDTH="16" VPOS="1505" HPOS="496"/>
							<String ID="string_437" HPOS="512" VPOS="1506" WIDTH="127" HEIGHT="27" WC="0.96" CONTENT="mietintöä,"/><SP WIDTH="10" VPOS="1506" HPOS="639"/>
							<String ID="string_438" HPOS="649" VPOS="1508" WIDTH="76" HEIGHT="19" WC="0.95" CONTENT="mutta"/><SP WIDTH="14" VPOS="1508" HPOS="725"/>
							<String ID="string_439" HPOS="739" VPOS="1507" WIDTH="105" HEIGHT="20" WC="0.93" CONTENT="menevät"/><SP WIDTH="12" VPOS="1507" HPOS="844"/>
							<String ID="string_440" HPOS="856" VPOS="1504" WIDTH="31" HEIGHT="21" WC="0.93" CONTENT="ai-"/>
						</TextLine>
					</TextBlock>
				</ComposedBlock>
			</PrintSpace>
		</Page>
	</Layout>
</alto>
