1073 1756
228 82 36 18 590
477 86 75 22 Pappiss.
564 87 20 17 10
596 90 16 17 p.
626 85 63 18 Huhtik.
701 85 49 17 1885.

192 144 89 21 tionera
303 151 38 14 om
362 144 130 22 inrättande
515 145 27 22 af
562 152 30 14 en
607 144 129 29 profession
751 144 8 21 i
774 143 97 29 hygien;
887 143 44 22 den
947 141 71 23 andra

192 176 36 19 att
251 173 97 23 omfatta
369 175 164 28 petitionärens
554 182 30 14 m.
599 175 23 21 fi.
637 175 9 21 i
661 173 156 23 betänkandet
837 173 104 22 uttalade
956 172 61 29 äsigt

192 203 43 22 och
252 204 7 21 i
274 204 141 29 konseqvens
438 205 92 21 dermed
552 204 125 29 godkänna
700 203 167 23 betänkandets
882 203 68 27 kläm,
964 209 52 15 men

191 233 54 22 med
266 234 145 22 uteslutande
435 234 24 22 af
480 235 168 27 mellansatsen,
671 235 26 21 så
719 236 36 19 att
773 233 91 22 ståndet
879 233 74 22 skulle
967 232 50 22 helt

192 263 79 22 enkelt
286 264 47 21 låta
348 264 148 22 förevarande
511 264 231 29 petitionsmemorial
757 263 98 22 förfalla.

264 294 107 21 Provasti
392 294 73 27 Lyra:
494 294 46 21 Det
562 294 82 29 tyckes
667 293 41 22 vid
723 293 72 22 första
810 292 123 29 påseendet
948 292 67 22 verk-

193 324 64 29 ligen
272 331 55 14 vara
341 324 52 21 litet
408 325 62 20 svårt
486 326 35 20 att
536 327 57 26 säga
608 323 151 22 hvilkendera
773 329 54 15 man
842 323 41 21 bör
893 325 36 18 tro
940 322 75 21 antin-

193 361 46 21 gen
261 353 162 22 fackmännens
446 354 55 21 eller
526 353 272 22 utskottsbetänkandets
821 354 88 27 utsaga,
924 353 30 27 pä
969 353 48 20 sätt

195 383 45 22 den
262 385 89 20 senaste
373 384 69 21 värde
464 384 90 21 talaren
576 383 134 22 framhållit.
741 383 46 21 För
810 390 58 21 egen
886 381 35 22 del
937 384 25 19 är
974 381 43 29 jag

194 413 59 22 dock
275 413 55 29 böjd
345 416 34 19 att
393 415 36 20 tro
443 415 31 28 pä
489 413 159 22 fackmännen.
679 414 79 21 Såsom
773 412 134 29 förklaring,
922 411 96 22 hvarför

192 443 42 28 jag
250 443 38 21 det
303 446 46 25 gör,
365 443 39 22 ber
417 443 41 30 jag
473 444 24 21 få
511 443 99 30 tillägga
625 444 73 28 några
713 443 47 22 ord.
790 442 46 21 Det
852 445 25 18 är
892 441 50 22 icke
957 441 61 22 blott

194 473 66 21 dessa
275 474 40 20 två
331 473 110 28 fackmän,
457 473 44 22 den
517 481 47 20 ene,
580 473 96 22 hvilken
692 472 124 23 framställt
830 472 133 29 petitionen,
974 471 43 22 och

194 502 45 22 den
262 503 71 21 andra
355 503 44 22 den
421 503 67 22 ärade
511 503 113 28 fackman,
648 511 49 14 som
715 503 80 21 tillhör
809 503 52 21 vårt
877 504 52 26 eget
944 501 71 27 stånd,

194 532 82 22 hvilka
297 535 74 26 yttrat
391 533 36 29 sig
442 533 8 22 i
465 533 64 22 detta
544 537 75 24 ämne;
633 533 42 28 jag
690 533 89 21 minnes
794 532 93 28 mycket
903 531 37 22 väl
955 535 63 17 ännu

195 564 34 20 ett
244 563 108 28 yttrande
370 563 77 22 härom
463 563 26 22 af
502 571 28 14 en
545 563 116 29 professor
677 563 40 21 vid
732 561 141 23 medicinska
888 561 128 22 fakulteten

195 592 61 22 ifrån
280 593 56 22 1877
360 594 36 20 års
418 593 117 29 landtdag,
559 593 43 22 och
618 593 96 22 framför
729 592 50 29 mig
792 592 76 28 ligger
883 591 136 29 ytterligare

194 624 34 19 ett
242 623 109 28 yttrande
365 623 9 21 i
389 625 33 20 ett
437 623 35 22 för
487 631 42 21 par
544 623 72 28 dagar
632 623 69 21 sedan
712 622 127 22 utkommet
851 621 167 28 tidningsblad,

194 652 110 22 likaledes
320 653 25 21 af
358 660 29 14 en
401 653 230 28 medicineprofessor.
663 652 46 22 Vid
726 653 57 22 1877
799 653 37 20 års
851 651 110 28 landtdag
976 658 44 14 var

194 682 117 29 nämligen
333 690 28 14 en
383 683 98 28 petition
502 683 49 21 före
571 683 9 21 i
599 683 116 21 allmänna
737 681 206 23 besvärsutskottet
965 680 53 22 med

196 712 107 21 anhållan
325 714 34 20 att
381 713 233 28 provincialläkarene
642 712 74 22 skulle
742 711 121 29 förpligtas
887 712 34 20 att
943 710 74 22 oftare

193 741 86 22 besöka
302 741 271 24 distriktskommunerna.
604 743 52 21 Den
676 742 113 27 fackman,
807 748 49 15 som
872 741 29 21 då
915 740 78 29 deltog
1008 739 9 22 i

194 771 195 29 utskottsarbetet,
412 773 103 21 lämnade
539 772 70 22 redan
633 772 29 22 då
680 772 115 22 utskottet
811 771 44 21 den
870 771 71 28 något
955 770 62 28 frap-

193 804 71 26 panta
278 802 171 29 upplysningen
461 804 34 21 att
505 802 224 29 provincialläkaren
739 802 74 21 finnes
823 801 42 28 till,
876 800 56 28 icke,
943 801 73 21 såsom

193 838 55 15 man
262 832 9 21 i
286 832 153 28 fåkunnighet
461 832 113 22 derintills
597 832 59 22 hade
679 834 64 26 trott,
766 831 37 22 för
825 833 36 19 att
875 830 54 22 bota
944 830 74 29 sjuka,

194 863 58 19 utan
274 861 36 22 för
327 862 120 22 skötandet
462 862 27 22 af
501 862 45 22 den
561 862 117 22 allmänna
693 860 156 29 helsovården,
865 860 42 22 och
920 860 41 29 jag
976 860 42 22 bör

194 891 119 29 medgifva
335 893 35 20 att
392 892 68 22 också
479 892 42 29 jag
544 891 155 23 förskräcktes
721 893 71 27 något
814 890 57 28 litet,
888 890 29 22 då
929 889 42 29 jag
985 897 33 14 nu

194 921 58 21 läste
274 921 153 23 bekännelsen
449 929 37 15 om
508 924 35 20 att
565 922 95 21 läkarne
680 922 50 28 just
750 922 9 20 i
775 920 44 28 det,
834 920 36 22 för
885 919 89 23 hvilket
989 919 30 22 de

194 950 75 22 finnas
291 951 43 27 till,
357 951 55 22 eller
432 952 2 21 i
450 952 250 22 omhänderhafvandet
716 950 27 23 af
757 950 44 22 den
816 950 115 22 allmänna
945 949 73 22 helso-

194 980 92 28 vården,
302 981 71 21 sakna
387 982 70 28 nödig
472 982 80 28 insigt;
567 989 54 14 men
636 982 29 21 då
674 981 42 29 jag
726 980 77 22 tillika
813 980 74 21 finner
897 981 35 20 att
942 986 29 14 en
981 980 37 20 ut-

195 1014 47 25 väg
257 1012 35 20 att
305 1010 102 30 afhjelpa
417 1019 29 14 en
456 1012 24 21 så
489 1011 122 29 betänklig
621 1011 58 22 brist
689 1010 130 28 förefinnes,
830 1011 25 20 så
864 1009 42 22 vill
915 1009 41 29 jag
965 1008 53 22 med

195 1040 49 22 min
266 1042 49 20 röst
337 1040 119 30 fulleligen
477 1041 91 22 biträda
585 1041 129 29 petitionen
729 1041 9 21 i
753 1040 51 22 dess
820 1039 73 22 första
907 1039 68 28 kläm,
989 1041 28 26 ty

196 1070 70 22 saken
281 1074 26 18 är
321 1070 78 22 alltför
422 1071 75 29 vigtig
512 1074 36 18 tör
563 1073 36 19 att
614 1070 87 22 lämnas
718 1070 91 22 derhän.
840 1069 121 22 Utskottet
975 1068 43 22 har

196 1100 68 21 hållit
286 1100 55 28 före,
364 1102 35 20 att
413 1100 92 22 läkarne
521 1100 75 22 skulle
611 1100 72 22 hafva
697 1100 142 28 tillräckliga
853 1098 167 29 förkunskaper

194 1129 52 21 från
261 1130 210 22 universitetstiden
486 1130 36 22 för
537 1133 35 19 att
587 1130 80 22 kunna
682 1132 30 27 på
728 1137 58 21 egen
796 1128 63 22 hand
869 1128 102 22 förkofra
981 1128 37 28 sig

196 1159 69 21 också
280 1160 9 20 i
303 1160 131 28 kunskaper
449 1160 9 21 i
468 1160 84 22 allmän
562 1160 123 22 helsovård
695 1160 57 22 eller
762 1159 92 28 hygien.
877 1158 54 21 Med
941 1157 75 23 anled-

195 1189 59 29 ning
276 1189 27 21 af
323 1189 64 22 detta
406 1190 122 28 påstående
544 1190 99 22 skrifver
657 1198 38 20 nu,
711 1190 76 21 såsom
801 1188 102 27 nämndt,
919 1195 28 14 en
962 1187 56 22 fullt

195 1218 134 30 kompetent
344 1227 81 21 person
440 1220 9 21 i
463 1228 28 13 en
506 1220 26 21 af
540 1220 93 21 stadens
645 1220 126 28 tidningar:
799 1235 11 10 ,
813 1218 70 22 Hvad
892 1218 128 28 berättigar

195 1248 126 22 utskottets
345 1248 74 22 flertal
440 1249 37 22 till
492 1257 28 14 en
535 1250 63 28 åsigt
617 1250 53 21 rakt
684 1250 97 21 motsatt
795 1248 90 22 landets
900 1247 116 21 läkares?"

196 1278 49 22 Och
260 1278 65 22 detta
338 1280 58 20 utan
410 1280 72 28 några
497 1280 119 21 motbevis.

266 1308 47 22 Det
335 1316 54 14 vore
409 1309 26 22 af
447 1310 93 20 intresse
556 1311 35 19 att
606 1311 54 20 veta
674 1308 64 22 hvad
753 1308 114 22 utskottet
883 1314 64 14 anser
962 1313 56 15 vara

196 1337 141 29 »hygienens
352 1339 119 27 grunder".
501 1339 79 21 Menas
596 1338 91 22 dermed
703 1338 108 27 anatomi,
824 1336 114 30 fysiologi,
949 1336 71 28 fysik,

194 1368 67 28 kemi,
277 1369 25 20 så
317 1368 64 21 torde
395 1368 105 22 läkarene
509 1368 126 22 innehafva
646 1369 57 27 dem,
714 1375 53 15 men
778 1374 77 14 menas
866 1366 64 22 dessa
939 1368 79 20 veten-

194 1397 94 29 skapers
311 1398 147 29 tillämpning
480 1399 29 28 på
532 1398 28 22 de
582 1398 119 29 praktiska
724 1396 175 23 förhållandena
921 1396 8 21 i
943 1395 74 27 lifvet,

194 1428 75 21 såsom
291 1428 148 21 annorstädes
458 1436 82 19 menas,
563 1429 25 21 så
610 1432 39 18 äro
673 1428 27 22 de
716 1428 25 22 så
758 1427 100 27 komplett
872 1427 56 21 utan
943 1425 76 28 hvarje

194 1457 156 28 tillstymmelse
373 1458 33 21 till
428 1458 99 27 kunskap
548 1458 78 28 derom,
642 1460 35 20 att
693 1458 28 21 de
737 1457 51 22 icke
803 1457 72 21 hafva
889 1455 131 29 någonting

194 1494 49 15 som
258 1495 83 22 genom
356 1487 154 29 själfstudium
525 1488 46 21 kan
584 1488 171 29 kompletteras,
766 1489 57 20 utan
833 1487 73 20 måste
916 1485 28 22 de
954 1485 65 28 börja

194 1517 51 22 sina
268 1517 87 22 studier
377 1517 137 22 härutinnan
538 1517 159 30 själfständigt
721 1518 53 21 från
797 1516 86 29 början,
900 1515 27 22 då
943 1515 25 22 de
982 1515 39 22 vid
