1075 1753
336 65 75 21 Pappiss.
423 65 12 17 9
448 69 16 17 p.
476 65 66 17 Helmik.
554 65 50 17 1885.
821 64 34 18 159

65 123 118 22 komitean
203 122 89 22 kolmas
312 122 175 30 ehdotuskohta,
503 122 102 22 koskeva
620 122 111 22 sihteerin
745 122 148 24 tarvitsemaa

66 160 59 22 apua
137 152 137 29 juoksevien
289 152 73 22 asiain
376 152 164 23 hoitamisessa.

139 182 151 22 Ehdotuksen
310 181 109 30 johdosta
439 182 115 22 lausuivat
569 181 147 30 ajatuksensa
731 184 105 20 seuravat
850 190 42 21 pu-

66 207 73 37 hujat:
266 212 2 2 N

139 241 92 22 Pastori
252 240 83 23 Lilius:
366 242 47 28 Jag
436 242 42 22 har
500 241 71 23 redan
593 241 42 23 vid
653 244 86 20 tvänne
755 242 137 28 föregäende

64 270 112 22 tillfällen
183 266 10 38 .
196 271 128 22 framhållit
337 271 203 29 nödvändigheten
555 271 37 22 för
606 271 92 22 ståndet
714 273 35 20 att
764 274 85 26 antaga
863 279 28 14 en

66 301 94 21 notarie.
190 301 122 21 Notariens
328 301 124 29 åliggande
467 302 46 21 kan
527 301 27 29 ju
570 300 70 22 äfven
654 300 76 23 blifva
737 303 36 20 att
780 302 111 28 genomgå

67 330 310 29 diskussionsprotokollerna
392 331 43 22 och
450 331 119 28 korrigera
584 330 58 22 dem.

142 360 96 22 Tohtori
260 360 85 28 Lagus:
376 360 47 29 Jag
445 361 81 28 tycker
541 360 37 22 för
592 360 49 22 min
657 360 37 22 del
710 362 35 20 att
760 368 28 14 en
803 361 87 22 notarie

68 393 24 18 är
108 389 92 22 alldeles
215 389 140 31 nödvändig,
371 390 8 22 i
395 390 43 22 och
453 390 53 22 med
521 390 126 22 detsamma
662 390 25 21 vi
702 389 60 23 fatta
772 391 75 22 beslut
857 392 35 19 att

70 419 83 29 trycka
167 419 150 29 protokollen.
348 420 37 29 'Ty
399 420 59 22 hvar
473 420 43 22 och
532 427 28 14 en
575 419 53 22 med
644 419 130 23 erfarenhet
789 420 8 22 i
813 420 80 29 dylike

68 449 66 22 saker
148 451 72 20 måste
236 457 55 14 vara
307 449 138 30 öfvertygad
461 450 77 21 derom
554 452 40 26 att,
611 457 37 14 om
664 449 42 22 allt
721 449 92 23 dermed
833 457 58 15 sam-

68 479 174 29 manhängande
266 479 77 22 arbete
367 479 120 22 åhvälfves
508 479 160 28 sekreteraren,
684 480 25 21 så
724 479 46 22 blir
784 480 57 22 hans
856 479 35 22 tid

68 510 26 20 så
108 511 90 26 strängt
213 511 123 27 upptagen,
352 512 35 19 att
403 509 39 22 det
457 509 51 22 icke
523 511 97 20 återstår
635 509 139 29 tillräckligt
784 510 66 22 deraf
854 510 37 21 för

69 539 57 21 hans
141 542 121 24 närmaste,
277 539 118 29 egentliga
409 539 109 29 göromål.

143 568 105 22 Provasti
264 568 71 28 Lyra:
367 568 47 30 Jag
436 571 40 19 vet
498 569 56 27 icke,
578 576 37 14 om
638 568 39 22 det
693 568 131 29 egentligen
838 576 54 15 vore

70 598 26 21 af
108 598 75 22 nöden
198 600 36 20 att
249 598 71 22 hafva
334 606 29 14 en
378 598 89 22 notarie
482 598 9 22 i
507 599 43 21 den
566 598 94 29 mening
675 606 54 14 man
743 598 109 29 vanligen
859 598 36 22 fä-

70 630 46 19 ster
130 628 41 22 vid
186 628 71 22 ordet.
286 628 48 29 Jag
348 630 49 20 tror
412 630 35 20 att
461 628 92 22 ståndet
564 628 77 22 kunde
651 635 56 15 vara
716 628 118 29 betjenadt
841 628 52 22 med

70 659 34 20 att
126 658 71 22 hafva
219 658 60 22 blott
302 660 34 19 ett
358 658 164 22 kanslibiträde
536 658 37 22 för
588 658 112 22 skötande
715 658 26 22 af
754 658 28 21 de
797 658 96 29 löpande

70 688 118 21 ärendena.
220 688 65 21 Hans
308 688 102 28 göromål
433 688 80 27 skulle,
536 688 74 28 enligt
632 686 64 23 hvad
708 687 42 29 jag
765 688 126 21 föreställer

70 717 54 28 mig,
146 717 76 22 blifva
244 719 100 20 närmast
367 719 35 20 att
424 717 51 22 föra
495 717 98 22 diarium
609 717 42 22 och
667 717 36 22 för
719 717 71 29 öfrigt
805 718 35 21 stå
855 717 38 21 till

71 746 71 29 tjenst
164 747 52 21 med
238 746 157 29 hvarjehanda
410 749 63 26 yttre
488 747 84 28 bestyr,
589 754 49 14 som
652 747 9 21 i
677 749 71 19 annat
763 747 41 22 fall
819 746 74 23 skulle

71 776 71 29 rycka
165 777 155 21 sekreteraren
343 777 52 21 från
417 778 56 20 hans
497 776 117 29 egentliga
628 776 151 22 verksamhet.
809 777 83 21 Månne

72 806 39 22 det
126 806 90 22 derföre
230 806 51 21 icke
296 813 55 15 vore
366 809 59 19 mest
439 807 117 28 praktiskt
572 808 40 25 att,
628 806 52 22 med
695 806 166 29 godkännande
870 805 27 22 af

71 835 61 23 hvad
148 836 42 21 den
207 836 137 29 föregående
358 836 103 22 komitén
476 836 59 22 lärer
550 836 71 22 hafva
636 835 119 30 föreslagit
765 843 36 15 om
812 839 35 18 att
853 835 43 22 vid

72 865 71 22 behof
161 868 34 19 ett
215 866 81 29 anslag
316 865 26 22 af
362 867 44 21 200
426 866 66 21 mark
507 866 73 21 skulle
596 866 37 21 för
648 865 72 29 sagda
735 866 104 21 ändamål
855 873 39 14 an-

72 895 66 27 visas,
161 895 125 22 bestämma
301 898 35 19 att
351 895 156 23 sekreteraren
522 895 57 30 egde
595 895 56 29 sjelf
664 895 97 22 anställa
775 897 71 27 något
860 895 34 22 bi-

71 925 65 22 träde
152 926 24 21 åt
191 925 36 29 sig
242 928 61 19 emot
318 927 34 20 ett
367 925 81 29 anslag
463 926 28 21 af
503 925 135 30 förslagsvis
654 926 45 22 200
714 925 64 22 mark
793 926 8 21 i
819 926 75 21 måna-

73 955 49 22 den.
152 955 47 29 Jag
220 955 82 22 tänker
324 955 50 29 mig
396 955 55 27 icke,
475 958 35 19 att
522 955 50 29 just
586 955 105 22 notarien
706 962 55 15 vore
776 955 44 22 den
835 957 60 19 rätte

72 992 111 21 personen
198 986 35 20 att
248 986 30 27 gå
293 993 83 21 genom
391 985 153 29 protokollen;
560 985 53 22 med
628 985 44 21 den
693 992 65 21 vana,
774 985 120 21 sekretera-

72 1022 41 14 ren
135 1015 50 21 häri
206 1021 59 22 eger,
288 1022 54 14 vore
361 1015 39 21 det
415 1015 78 28 skada,
509 1022 36 14 om
560 1015 47 21 han
622 1015 51 21 icke
688 1014 55 29 sjelf
756 1015 89 21 komme
861 1015 34 20 att

73 1046 55 26 göra
144 1044 44 21 det.

147 1073 79 29 Piispa
246 1073 125 22 Johansson
390 1073 133 22 huomautti
542 1076 50 19 että
612 1073 125 22 sihteerillä
757 1073 79 29 pitäisi
851 1073 46 21 olla

74 1103 107 29 apumies,
198 1103 56 29 joka
268 1103 105 22 saattaisi
388 1103 45 22 olla
448 1106 66 26 myös
529 1103 88 29 säädyn
632 1103 130 29 yksityisen
777 1103 120 22 valiokun-

74 1141 46 14 nan
134 1133 130 22 sihteerinä.

148 1163 96 22 Tohtori
260 1163 83 22 Geitlin
358 1163 96 28 ehdotti,
470 1165 49 19 että
533 1163 168 29 pyydettäisiin
716 1163 87 28 säädyn
814 1161 81 22 sihtee-

73 1193 35 21 riä
132 1193 134 22 lausumaan
291 1192 148 29 ajatuksensa
464 1193 177 21 esillä-olevasta
666 1193 88 27 asiasta,
778 1192 56 29 joka
849 1194 52 19 etu--

74 1226 81 25 päässä
174 1222 72 22 häntä
267 1223 72 21 koski.
363 1234 27 4 —
409 1222 158 22 Keskustelun
582 1224 79 19 tämän
674 1222 93 29 jälkeen
779 1221 118 29 jatkuessa

74 1253 75 21 lausui

149 1282 106 21 Provasti
270 1281 73 28 Hjelt:
373 1281 44 22 Om
439 1281 92 22 ständet
554 1289 28 14 en
598 1282 63 28 gäng
676 1281 72 22 fattar
763 1281 39 22 det
817 1279 80 28 beslut,

75 1314 35 19 att
132 1312 58 21 hvar
212 1312 43 21 och
278 1319 29 14 en
330 1311 60 22 skall
405 1313 116 27 genomgå
535 1311 51 22 sina
600 1311 132 28 yttranden,
747 1310 43 23 och
805 1311 40 26 att,
861 1316 37 15 om

74 1342 47 21 han
143 1341 51 22 icke
214 1344 42 25 gör
279 1341 44 27 det,
348 1341 27 22 de
394 1348 65 15 anses
475 1341 28 22 af
515 1341 85 22 honom
615 1340 122 29 godkända
752 1339 43 23 och
809 1339 90 28 färdiga

75 1373 35 20 att
132 1371 98 28 tryckas,
253 1371 111 22 behöfver
386 1371 158 22 sekreteraren
564 1370 51 22 icke
630 1373 55 19 taga
700 1371 100 28 ringaste
815 1369 88 22 befatt--

74 1402 57 27 ning
145 1401 53 21 med
212 1401 57 21 dem.
299 1401 51 27 Mig
365 1408 74 20 synes,
456 1402 36 20 att
507 1401 39 21 det
561 1404 25 18 är
602 1399 116 29 sjelffallet
733 1402 40 26 att,
788 1406 37 15 om
836 1399 64 21 detta

76 1430 126 29 stadgande
224 1430 67 28 ingär
313 1430 9 21 i
337 1430 145 28 protokollet,
499 1430 157 21 sekreteraren
671 1430 51 21 icke
737 1430 42 21 har
794 1430 35 20 att
843 1431 57 25 göra

74 1460 53 22 med
141 1460 139 29 protokollet
294 1460 73 28 nägot
382 1462 71 19 annat
468 1462 31 18 än
515 1461 33 20 att
564 1460 46 21 han
626 1466 36 14 ser
677 1459 44 27 till,
738 1461 35 19 att
788 1458 45 22 alla
847 1464 52 26 pro-

74 1490 126 28 positioner
215 1490 43 21 och
273 1489 168 28 omröstningar
457 1489 75 22 blifva
546 1491 116 26 noggrant
676 1489 9 21 i
701 1488 138 29 protokollet
863 1494 36 14 in-

74 1521 76 26 tagna.
181 1519 46 21 Det
250 1522 25 18 är
297 1518 47 22 han
360 1518 59 29 sjelf,
435 1525 48 15 som
499 1518 86 22 lemnar
600 1518 43 21 och
659 1518 86 21 införer
760 1518 62 24 dem;
838 1515 63 23 hvad
