1075 1759
229 77 35 37 452
476 85 75 22 Pappiss.
563 85 23 18 30
599 90 16 16 p.
627 85 77 18 Maalisk.
716 85 51 18 1885.

195 142 71 22 skildt
286 142 184 23 Presteständets.
500 141 47 32 Jag
567 151 66 15 anser
655 146 35 20 att
709 151 55 15 man
780 143 42 23 illa
836 142 179 30 tillmötesginge

195 172 169 30 Ridderskapet
379 173 42 22 och
439 173 87 22 Adelns
541 174 102 28 välvilja,
654 180 37 16 om
699 172 185 23 äfven
776 168 23 39 vi
811 172 73 23 skulle
890 172 125 30 uppskjuta

194 202 105 22 ärendets
313 202 128 30 afgörande.

265 232 92 22 Tohtori
378 232 94 23 Geitlin:
491 232 64 23 Minä
573 233 88 30 pyysin
678 233 109 29 myöskin
802 240 157 15 sananvuoroa
974 240 40 14 sen

192 262 113 29 johdosta,
328 265 47 19 että
397 263 69 21 täällä
488 262 137 23 ehdoteltiin
647 262 199 30 pöydälle-panoa.
877 262 137 30 Sopimatto-

194 300 105 22 mampaa
313 294 104 28 päätöstä
432 293 79 21 minun
527 292 128 23 mielestäni
669 292 143 22 kuitenkaan
827 292 151 30 Pappissääty
993 292 22 22 ei

194 322 67 22 voine
281 322 74 27 tehdä,
375 322 51 22 sillä
443 323 114 21 tiedetään
578 322 131 22 Ritariston
722 322 26 30 ja
763 322 94 22 Aatelin
869 322 26 29 jo
909 329 105 22 panneen

194 354 78 20 tämän
295 352 154 29 kysymyksen
471 352 106 30 pöydälle
597 352 65 29 juuri
684 352 60 23 siinä
766 352 184 28 tarkoituksessa,
965 354 49 20 että

194 381 53 23 saisi
270 382 79 22 kuulla
364 382 103 22 mihinkä
481 382 98 22 toimeen
593 385 68 19 muut
675 382 83 29 säädyt
770 382 27 29 ja
812 382 92 22 etenkin
919 382 94 29 Pappis-

194 414 71 26 sääty,
280 412 145 29 pienimpänä
440 415 100 25 säätynä,
556 412 85 22 asiassa
655 412 108 29 ryhtyisi.
786 412 46 22 Siis
847 412 103 22 minäkin
959 418 54 22 puo

193 442 77 21 lustan
285 442 85 28 lisätyn
385 442 154 22 valiokunnan
553 442 158 22 valitsemista.

265 471 141 29 Yliopettaja
426 472 117 22 Kihlman:
563 472 34 22 På
612 472 28 22 de
655 472 57 28 skäl,
728 479 49 15 som
792 472 27 22 af
832 471 28 23 de
875 474 35 19 tre
924 473 89 19 senaste

193 501 102 23 talarene
329 501 79 22 blifvit
439 502 142 26 framhällna,
611 502 56 22 ville
690 502 43 29 jag
755 501 69 29 bedja
844 502 28 21 de
892 502 40 21 tvä
952 500 59 22 leda-

192 534 78 24 möter,
298 538 48 15 som
368 532 68 28 yrkat
463 532 30 28 pä
515 532 175 28 bordläggning,
722 533 36 21 att
784 531 60 22 afstä
872 531 52 22 från
949 530 64 22 detta

193 561 109 28 yrkande.

263 590 157 30 Sotaprovasti
436 592 131 21 Pettersson:
582 591 47 29 Jag
645 591 91 22 förenar
751 591 50 29 mig
816 591 35 21 till
868 590 45 22 alla
928 590 62 22 delar
1004 590 9 22 i

194 621 62 21 hvad
278 624 93 26 prosten
393 621 61 29 Lyra
476 629 55 21 nyss
553 623 74 27 yttrat
650 621 43 22 och
716 620 108 28 anhäller,
848 622 36 20 att
901 620 28 22 de
944 620 68 22 ärade

193 650 229 29 ständsmedlemmar,
445 651 80 22 hvilka
544 651 82 29 begärt
644 651 138 29 ytterligare
802 650 169 29 bordläggning
987 650 27 21 af

193 680 100 28 ärendet,
315 680 74 22 skulle
408 680 60 22 afstä
488 681 50 22 frän
553 681 42 21 sitt
609 681 110 29 yrkande,
735 683 27 27 ty
778 680 39 22 det
832 683 26 19 är
873 680 26 22 af
911 680 52 29 vigt
977 682 35 19 att

193 710 82 30 frägan
295 712 64 20 snart
376 710 45 22 blir
436 710 96 30 afgjord,
547 713 36 20 att
598 711 44 21 den
657 711 51 21 icke
724 711 84 21 drager
821 712 27 20 ut
863 711 31 28 pä
907 709 104 23 längden

194 740 45 22 Det
259 740 46 22 kan
319 740 81 28 hända,
421 742 35 20 att
470 740 96 22 ständen
581 747 33 15 nu
629 743 83 19 stanna
728 740 9 22 i
748 714 66 59 olika
829 740 80 27 beslut,
925 747 26 14 och
983 739 29 22 då

193 770 60 22 skall
275 770 38 22 det
336 773 61 18 ännu
412 770 195 29 sammanjämkas.
637 770 54 22 Med
707 770 127 29 anledning
849 770 27 22 af
888 768 124 30 kyrkoher-

193 800 45 22 den
259 800 141 22 Johanssons
422 800 112 29 yttrande,
557 802 36 20 att
615 800 157 29 lagutskottet
789 801 73 21 måste
876 800 71 21 hafva
961 799 51 21 haft

192 830 72 28 några
283 829 129 29 synnerligt
429 830 130 22 bevekande
575 830 56 27 skäl,
647 830 95 22 hvarför
758 830 40 22 det
812 830 114 22 framstält
941 828 70 22 saken

192 860 9 21 i
223 859 45 22 den
290 859 42 22 här
353 859 94 29 formen,
463 860 39 22 ber
515 859 42 31 jag
571 860 25 22 få
611 860 100 30 upplysa
726 867 38 15 om
779 862 35 20 att
829 859 74 22 skälet
917 866 41 15 var
973 866 38 15 en-

192 890 53 22 dast
268 892 34 20 att
320 890 152 29 lagutskottet
487 890 50 22 icke
551 890 42 23 har
607 892 74 27 några
695 890 88 30 nådiga
797 889 166 30 propositioner
977 891 35 19 att

191 920 137 29 handlägga,
353 922 64 20 utom
442 920 44 22 den
508 922 61 20 stora
591 920 179 34 propositionen,
794 927 47 15 som
862 920 101 21 kommer
977 921 35 19 att

192 952 103 27 upptaga
316 949 53 22 hela
390 950 44 21 den
457 950 141 22 återstående
621 950 65 22 tiden
709 949 27 23 af
756 949 147 29 landtdagen.
933 948 80 22 Skulle

192 979 39 22 det
253 979 89 22 funnits
365 979 53 22 flere
440 980 166 28 propositioner
628 980 9 21 i
659 980 121 28 utskottet,
799 979 74 22 skulle
888 979 123 21 utskottets

191 1009 142 29 åtgöranden
353 1010 61 20 varit
428 1010 64 21 klara
506 1010 73 28 enligt
593 1010 26 22 L.
638 1011 23 20 0.
691 1010 37 21 Då
743 1009 74 22 skulle
832 1009 51 21 icke
898 1016 28 14 en
941 1008 70 22 sådan

191 1039 118 29 förfrågan
329 1038 71 23 hafva
417 1039 95 22 kommit
526 1040 37 21 till
578 1039 73 28 stånd,
666 1042 58 19 utan
740 1042 34 19 ett
789 1039 76 21 direkt
880 1038 85 30 förslag
976 1038 36 22 till

191 1068 166 31 förstärkning;
372 1076 53 14 men
437 1069 49 29 just
498 1069 52 22 med
566 1069 107 22 afseende
681 1069 55 22 derå
744 1071 36 19 att
787 1069 39 21 det
834 1068 80 22 endast
921 1071 26 19 är
954 1068 59 29 peti-

190 1098 75 22 tioner
286 1106 48 14 som
349 1098 120 30 qvarligga
483 1099 37 21 till
534 1098 147 30 behandling,
697 1100 74 28 ansåg
785 1098 114 22 utskottet
909 1098 39 21 det
957 1104 55 15 vara

191 1128 50 22 bäst
264 1130 34 20 att
321 1128 95 22 stånden
439 1128 73 22 skulle
531 1128 74 23 blifva
619 1129 9 21 i
643 1129 95 21 tillfälle
754 1130 35 20 att
803 1128 80 26 uttala,
898 1127 113 22 huruvida

191 1158 28 22 de
237 1158 41 22 vid
293 1158 65 22 dessa
373 1158 122 29 petitioner
510 1158 89 30 behaga
614 1159 61 21 fästa
690 1166 30 14 en
735 1158 72 22 sådan
822 1158 57 29 vigt,
894 1159 35 20 att
937 1156 75 22 derför

190 1194 29 15 en
237 1187 158 29 förstärkning
409 1188 26 22 af
448 1188 113 22 utskottet
575 1188 74 22 skulle
664 1196 57 14 vara
736 1188 138 28 nödvändig.
905 1187 42 21 Att
962 1186 49 30 lag-

189 1218 114 22 utskottet
329 1217 37 22 för
388 1218 36 22 sin
447 1218 36 22 del
505 1218 41 22 har
568 1219 72 28 något
663 1220 62 20 emot
748 1218 44 26 det,
815 1217 43 22 har
871 1216 42 30 jag
928 1216 83 22 åtmin-

190 1249 65 20 stone
271 1248 50 22 icke
337 1247 86 29 erfarit,
439 1250 98 20 tvärtom
551 1248 43 21 hör
606 1248 43 29 jag
663 1248 38 22 till
717 1247 57 28 dem,
790 1255 50 14 som
855 1254 53 14 anse
923 1248 35 20 att
971 1246 40 22 der

190 1277 75 22 finnas
287 1278 25 21 så
332 1277 91 29 vigtiga
432 1278 127 28 petitioner,
571 1280 34 20 att
617 1278 27 21 de
655 1277 71 23 borde
736 1277 143 29 handläggas
889 1276 40 22 vid
939 1276 74 22 denna

189 1306 118 30 landtdag.
337 1307 70 21 Ännu
427 1308 40 21 ber
484 1307 43 29 jag
541 1308 24 21 få
580 1310 84 19 nämna
679 1314 37 15 om
732 1307 167 29 lämpligheten
914 1307 23 21 at
952 1306 59 21 med-

189 1336 100 29 lemmar,
313 1339 35 20 att
371 1337 49 21 lika
441 1337 110 29 lämpliga
566 1344 48 15 som
630 1337 28 21 de
673 1337 74 28 flesta,
762 1336 81 22 hvilka
858 1336 55 22 sitta
927 1336 9 21 i
950 1335 60 22 ordi-

188 1366 65 22 narie
273 1367 95 27 utskott,
389 1367 42 21 har
448 1367 171 21 Presteståndet
633 1367 69 21 äfven
718 1370 63 18 ännu
796 1368 35 20 att
846 1366 121 28 disponera
977 1365 33 22 öf-

189 1404 40 14 ver
244 1396 36 22 för
295 1396 39 22 det
349 1396 124 22 förstärkta
488 1397 117 21 utskottet.

261 1486 144 22 Ritaristoon
424 1486 26 28 ja
472 1486 101 22 Aateliin
596 1486 55 21 sekä
668 1486 210 27 Porvarissäätyyn
892 1484 119 28 lähetetyn

187 1515 132 29 lähetystön
342 1515 109 29 puolesta,
472 1515 55 29 joka
549 1516 152 28 sotaprovasti
722 1515 148 22 Pettersonin
884 1514 127 22 lausunnon
