1075 1756
217 99 23 19 38
442 102 74 22 Pappiss.
529 102 49 19 1885.
602 102 23 19 23
637 106 16 18 p.
665 102 77 17 Tammik.

182 160 43 22 och
241 160 98 23 derefter
354 161 8 22 i
377 162 76 29 nägon
468 169 55 15 mon
537 163 84 21 rättats
629 158 30 25 af
666 161 106 22 notarien
782 160 54 22 eller
846 160 159 27 sekreteraren;

181 198 54 14 men
250 190 70 23 äfven
335 191 63 26 detta
412 191 65 22 torde
492 191 51 22 icke
558 193 116 20 motsvara
686 191 64 22 hvad
756 190 169 23 vederbörande
933 191 71 21 talare

181 220 83 29 sjelfve
287 220 73 23 skulle
382 221 70 22 önska
474 221 9 22 i
506 221 106 22 afseende
635 222 14 21 &
664 221 176 29 korrigeringen
855 221 27 21 af
894 221 49 21 sina
957 222 47 27 ytt-

181 250 92 22 randen.
303 251 34 21 Pä
361 251 75 28 grund
458 251 69 22 häraf
543 252 72 21 mäste
629 251 42 29 jag
687 255 63 18 ännu
766 250 103 23 vidhälla
883 251 48 21 min
945 257 59 22 upp-

180 280 107 29 fattning
307 282 34 20 att
364 281 39 22 det
420 288 54 15 vore
490 281 51 22 skäl
557 283 35 20 att
607 281 97 28 försöka,
720 280 116 22 huruvida
851 280 50 22 icke
917 281 87 21 Preste-

179 310 104 22 ständets
305 310 144 23 medlemmar
471 311 79 22 kunna
570 311 74 22 förmå
659 311 36 28 sig
709 313 37 20 att
760 311 115 28 genomgå
890 310 49 22 sina
955 312 48 26 ytt-

180 340 93 28 randen,
289 340 28 22 då
341 340 27 22 de
388 341 26 22 sä
436 343 62 20 snart
521 341 78 22 kunna
622 340 75 22 blifva
712 340 101 29 tryckta.
848 341 42 21 Om
905 341 14 21 å
933 339 71 22 andra

181 369 66 23 sidan
270 370 27 21 de
320 370 92 29 tryckta
434 371 144 29 protokollen
601 370 69 22 äfven
690 371 37 21 för
742 370 129 23 framtiden
886 370 70 22 hafva
971 371 34 20 ett

180 399 77 28 värde,
272 401 25 20 sä
312 400 84 22 förlora
412 401 27 21 de
454 401 137 22 åtminstone
607 408 28 14 en
651 401 36 21 del
703 401 27 21 af
743 400 41 22 sitt
800 401 96 21 intresse
904 400 35 22 för
947 400 56 27 dem,

181 436 50 15 som
247 429 96 30 deltagit
358 430 9 21 i
382 430 208 29 förhandlingarna,
606 430 51 22 ifall
673 430 28 22 de
722 431 119 22 utkomma
856 432 34 20 tre
905 431 25 21 är
945 430 58 22 efter

179 459 152 29 landtdagens
347 459 51 23 slut.

248 489 106 29 Provasti
368 489 70 29 Hjelt:
468 490 47 29 Jag
530 490 41 22 har
586 490 79 22 blifvit
680 490 157 22 förekommen
853 490 27 22 af
889 489 112 30 professor

180 519 99 22 Donner.
308 519 78 22 Afven
399 520 41 29 jag
455 528 65 14 anser
535 522 40 25 att,
591 520 75 21 derest
681 519 172 30 protokollerna
863 520 63 22 skola
941 521 61 27 tryc-

180 549 47 28 kas,
251 549 28 21 de
299 549 54 22 böra
375 551 92 28 tryckas
490 550 72 21 under
585 549 147 29 landtdagen,
756 553 42 18 när
816 557 53 14 man
884 552 61 19 ännu
960 549 41 22 har

179 579 97 22 intresse
299 579 37 22 för
353 579 57 23 dem.
440 580 49 22 När
503 579 142 30 landtdagen
660 583 25 18 är
700 579 54 28 slut,
770 583 26 18 är
811 579 39 22 det
864 580 67 21 också
946 587 55 14 van-

180 609 64 28 ligen
259 609 47 22 slut
320 609 51 22 med
391 610 106 22 intresset
512 609 35 22 för
562 617 29 14 en
606 609 86 29 mängd
707 609 27 22 af
751 609 29 22 de
795 609 99 29 ärender,
905 617 48 14 som
962 609 40 22 vid

180 639 141 28 landtdagen
343 639 150 22 förekommit.
523 639 47 29 Jag
585 639 76 29 hyllar
677 639 69 22 också
761 639 45 22 den
821 639 65 29 äsigt,
909 641 34 20 att
959 641 42 20 ett-

180 668 55 22 dera
258 668 25 22 af
300 669 114 29 förslagen
429 669 70 22 borde
515 672 105 26 antagas;
636 669 49 29 mig
701 673 25 18 är
742 669 40 22 det
796 669 115 30 likgiltigt
926 669 74 21 antin-

179 706 47 21 gen
241 698 28 22 de
283 699 93 28 tryckas
391 700 74 21 säsom
480 699 164 29 stenografiska
659 699 139 29 föreningen
813 699 118 28 föreslagit
947 698 54 22 eller

180 729 31 28 pä
233 729 76 28 grund
332 729 26 22 af
378 729 39 22 det
440 729 81 28 anbud,
544 737 49 14 som
615 733 26 18 är
663 729 80 29 gjordt
766 729 27 22 af
810 728 192 29 tryckeribolaget

180 758 88 22 Weilin
291 759 18 21 &
333 758 65 23 Göös.
429 759 43 22 Om
494 760 25 21 sä
539 759 56 27 sker,
611 759 78 22 blefve
705 759 40 22 det
760 759 94 28 mycket
868 759 82 21 lättare
965 758 36 22 för

181 796 29 14 en
226 788 58 22 hvar
299 790 34 20 att
347 790 113 28 genomgå
475 790 49 21 sina
539 789 125 29 yttranden
679 789 43 22 och
738 796 24 14 se
778 789 38 21 till
831 791 34 19 att
880 788 27 22 de
922 788 79 22 blifvit

180 818 93 22 korrekt
295 818 141 30 uppfattade,
453 819 118 22 hvaremot
593 818 157 22 förhällandet
773 818 77 22 blefve
872 820 75 26 annat,
963 825 37 15 om

180 849 77 27 nägon
271 848 80 29 längre
365 849 36 21 tid
416 849 36 21 fär
468 848 98 30 förflyta.
596 849 35 21 De
647 848 63 22 fleste
726 848 74 22 talare
810 848 74 23 lemna
894 848 49 22 sina
953 850 47 26 ytt-

181 877 86 22 randen
281 878 110 29 vanligen
410 878 171 29 ogenomsedda,
604 881 42 19 när
661 878 28 22 de
711 879 33 29 pä
767 886 28 13 en
810 879 63 29 gång
887 878 90 22 komma
991 878 9 21 i

181 907 92 22 mängd.
305 908 69 22 Hvad
396 908 107 22 beträffar
518 909 81 21 Pastor
619 908 56 22 Lilii
690 908 116 29 yttrande,
822 910 36 19 att
872 908 45 22 alla
933 907 67 23 ständ

180 936 52 23 alltid
270 937 74 22 skulle
367 938 71 22 hafva
459 938 51 22 haft
531 938 105 28 notarier,
658 938 70 22 beder
746 937 43 29 jag
804 937 24 22 fä
844 938 107 22 anmärka
966 939 34 20 att

179 966 41 22 vid
243 969 88 20 senaste
353 968 112 29 landtdag
487 970 16 20 t.
526 976 33 14 ex.
580 968 191 29 borgareständet
787 968 50 21 icke
852 967 58 22 hade
924 968 76 28 nägon

180 1003 77 15 annan
271 996 138 30 tjensteman
423 998 9 21 i
448 998 41 22 sitt
503 998 74 22 kansli
593 1001 30 18 än
638 998 161 22 sekreteraren.

250 1026 156 23 Keskustelun
428 1028 70 21 tähän
513 1027 106 29 loputtua
634 1028 92 28 pantiin
742 1028 48 21 asia
805 1026 125 23 uudestaan
945 1029 56 27 pöy-

180 1055 60 23 dälle
255 1056 158 23 ensitulevaan
428 1058 121 21 istuntoon.

249 1116 95 22 Kokous
359 1117 90 29 päättyi
464 1117 60 22 kello
539 1118 41 27 2,20
593 1117 17 29 j.
626 1124 21 22 p.
663 1125 20 21 p.

405 1150 3 2 N
751 1147 21 16 In
785 1146 61 18 fidem:

665 1170 53 22 Carl
734 1170 49 22 Joh.
798 1170 133 27 Lindegvist.

332 1282 132 23 Lauantaina
480 1283 100 22 Tammik.
597 1282 28 23 24
640 1289 26 23 p.,
682 1282 31 23 kl.
733 1282 25 22 ]1
777 1288 17 16 e.
809 1289 19 22 p.
844 1288 20 23 p.

253 1324 141 22 Kokouksen
410 1325 66 21 alotti
490 1325 149 21 kirkkoherra
654 1324 128 22 Johansson
798 1323 204 23 suomenkielisellä

177 1354 152 22 rukouksella.

253 1401 77 22 Nimiä
345 1402 158 22 huudettaissa
517 1402 72 22 olivat
604 1402 130 29 saapuvilla
749 1401 81 22 kaikki
840 1403 65 19 muut
915 1400 87 28 säädyn

176 1430 95 29 jäsenet,
295 1431 71 29 paitsi
388 1432 101 29 provasti
511 1432 123 29 Dahlberg,
653 1431 58 30 joka
730 1431 33 22 oli
783 1431 144 26 sairastunut,
948 1431 54 21 sekä

177 1461 59 28 prof.
251 1461 131 22 Danielson.

253 1509 166 22 Tarkastettiin
434 1509 239 30 pöytäkirjan-otteita
689 1508 91 29 säädyn
790 1508 70 23 viime
871 1507 132 22 istunnosta.
