<?xml version="1.0" encoding="UTF-8"?>
<alto xmlns="http://www.loc.gov/standards/alto/ns-v3#" xmlns:xlink="http://www.w3.org/1999/xlink" xmlns:xsi="http://www.w3.org/2001/XMLSchema-instance" xsi:schemaLocation="http://www.loc.gov/standards/alto/ns-v3# http://www.loc.gov/alto/v3/alto-3-0.xsd">
	<Description>
		<MeasurementUnit>pixel</MeasurementUnit>
		<sourceImageInformation>
			<fileName>/tmp/tess_i3upouov_input.PNG</fileName>
		</sourceImageInformation>
		<OCRProcessing ID="OCR_0">
			<ocrProcessingStep>
				<processingSoftware>
					<softwareName>tesseract 5.3.4</softwareName>
				</processingSoftware>
			</ocrProcessingStep>
		</OCRProcessing>
	</Description>
	<Layout>
		<Page WIDTH="1075" HEIGHT="1756" PHYSICAL_IMG_NR="0" ID="page_0">
			<PrintSpace HPOS="0" VPOS="0" WIDTH="1075" HEIGHT="1756">
				<ComposedBlock ID="cblock_0" HPOS="217" VPOS="70" WIDTH="523" HEIGHT="26">
					<TextBlock ID="block_0" HPOS="217" VPOS="70" WIDTH="523" HEIGHT="26">
						<TextLine ID="line_0" HPOS="217" VPOS="70" WIDTH="523" HEIGHT="26">
							<String ID="string_0" HPOS="217" VPOS="70" WIDTH="36" HEIGHT="17" WC="0.94" CONTENT="228"/><SP WIDTH="203" VPOS="70" HPOS="253"/>
							<String ID="string_1" HPOS="456" VPOS="74" WIDTH="76" HEIGHT="21" WC="0.91" CONTENT="Pappiss."/><SP WIDTH="12" VPOS="74" HPOS="532"/>
							<String ID="string_2" HPOS="544" VPOS="74" WIDTH="23" HEIGHT="18" WC="0.93" CONTENT="20"/><SP WIDTH="13" VPOS="74" HPOS="567"/>
							<String ID="string_3" HPOS="580" VPOS="78" WIDTH="17" HEIGHT="18" WC="0.91" CONTENT="p."/><SP WIDTH="12" VPOS="78" HPOS="597"/>
							<String ID="string_4" HPOS="609" VPOS="74" WIDTH="67" HEIGHT="18" WC="0.90" CONTENT="Helmik."/><SP WIDTH="15" VPOS="74" HPOS="676"/>
							<String ID="string_5" HPOS="691" VPOS="74" WIDTH="49" HEIGHT="18" WC="0.96" CONTENT="1885."/>
						</TextLine>
					</TextBlock>
				</ComposedBlock>
				<ComposedBlock ID="cblock_1" HPOS="171" VPOS="129" WIDTH="840" HEIGHT="1402">
					<TextBlock ID="block_1" HPOS="180" VPOS="129" WIDTH="828" HEIGHT="233">
						<TextLine ID="line_1" HPOS="181" VPOS="129" WIDTH="827" HEIGHT="33">
							<String ID="string_6" HPOS="181" VPOS="129" WIDTH="92" HEIGHT="22" WC="0.88" CONTENT="heisiin."/><SP WIDTH="23" VPOS="129" HPOS="273"/>
							<String ID="string_7" HPOS="296" VPOS="130" WIDTH="68" HEIGHT="22" WC="0.96" CONTENT="Totta"/><SP WIDTH="15" VPOS="130" HPOS="364"/>
							<String ID="string_8" HPOS="379" VPOS="138" WIDTH="30" HEIGHT="15" WC="0.96" CONTENT="on"/><SP WIDTH="15" VPOS="138" HPOS="409"/>
							<String ID="string_9" HPOS="424" VPOS="134" WIDTH="49" HEIGHT="20" WC="0.93" CONTENT="että"/><SP WIDTH="15" VPOS="134" HPOS="473"/>
							<String ID="string_10" HPOS="488" VPOS="132" WIDTH="178" HEIGHT="30" WC="0.92" CONTENT="kaupungeissa,"/><SP WIDTH="11" VPOS="132" HPOS="666"/>
							<String ID="string_11" HPOS="677" VPOS="132" WIDTH="95" HEIGHT="23" WC="0.92" CONTENT="ainakin"/><SP WIDTH="15" VPOS="132" HPOS="772"/>
							<String ID="string_12" HPOS="787" VPOS="132" WIDTH="59" HEIGHT="22" WC="0.96" CONTENT="siinä"/><SP WIDTH="8" VPOS="132" HPOS="846"/>
							<String ID="string_13" HPOS="854" VPOS="131" WIDTH="64" HEIGHT="29" WC="0.93" CONTENT="jossa"/><SP WIDTH="10" VPOS="131" HPOS="918"/>
							<String ID="string_14" HPOS="928" VPOS="132" WIDTH="80" HEIGHT="22" WC="0.91" CONTENT="minun"/>
						</TextLine>
						<TextLine ID="line_2" HPOS="181" VPOS="159" WIDTH="826" HEIGHT="33">
							<String ID="string_15" HPOS="181" VPOS="159" WIDTH="147" HEIGHT="23" WC="0.91" CONTENT="asumukseni"/><SP WIDTH="19" VPOS="159" HPOS="328"/>
							<String ID="string_16" HPOS="347" VPOS="161" WIDTH="109" HEIGHT="29" WC="0.91" CONTENT="nykyään"/><SP WIDTH="16" VPOS="161" HPOS="456"/>
							<String ID="string_17" HPOS="472" VPOS="169" WIDTH="34" HEIGHT="21" WC="0.93" CONTENT="on,"/><SP WIDTH="16" VPOS="169" HPOS="506"/>
							<String ID="string_18" HPOS="522" VPOS="162" WIDTH="84" HEIGHT="29" WC="0.91" CONTENT="löytyy"/><SP WIDTH="15" VPOS="162" HPOS="606"/>
							<String ID="string_19" HPOS="621" VPOS="162" WIDTH="62" HEIGHT="30" WC="0.91" CONTENT="paljo"/><SP WIDTH="16" VPOS="162" HPOS="683"/>
							<String ID="string_20" HPOS="699" VPOS="162" WIDTH="129" HEIGHT="22" WC="0.92" CONTENT="semmoisia"/><SP WIDTH="16" VPOS="162" HPOS="828"/>
							<String ID="string_21" HPOS="844" VPOS="162" WIDTH="82" HEIGHT="29" WC="0.92" CONTENT="kurjia,"/><SP WIDTH="14" VPOS="162" HPOS="926"/>
							<String ID="string_22" HPOS="940" VPOS="162" WIDTH="67" HEIGHT="30" WC="0.91" CONTENT="jotka"/>
						</TextLine>
						<TextLine ID="line_3" HPOS="181" VPOS="189" WIDTH="827" HEIGHT="32">
							<String ID="string_23" HPOS="181" VPOS="191" WIDTH="55" HEIGHT="21" WC="0.93" CONTENT="ovat"/><SP WIDTH="13" VPOS="191" HPOS="236"/>
							<String ID="string_24" HPOS="249" VPOS="189" WIDTH="121" HEIGHT="29" WC="0.91" CONTENT="joutuneet"/><SP WIDTH="12" VPOS="189" HPOS="370"/>
							<String ID="string_25" HPOS="382" VPOS="190" WIDTH="157" HEIGHT="30" WC="0.90" CONTENT="juoppouteen"/><SP WIDTH="13" VPOS="190" HPOS="539"/>
							<String ID="string_26" HPOS="552" VPOS="192" WIDTH="26" HEIGHT="29" WC="0.93" CONTENT="ja"/><SP WIDTH="15" VPOS="192" HPOS="578"/>
							<String ID="string_27" HPOS="593" VPOS="192" WIDTH="91" HEIGHT="22" WC="0.91" CONTENT="muihin"/><SP WIDTH="32" VPOS="192" HPOS="684"/>
							<String ID="string_28" HPOS="716" VPOS="191" WIDTH="98" HEIGHT="23" WC="0.90" CONTENT="paheisiin"/><SP WIDTH="11" VPOS="191" HPOS="814"/>
							<String ID="string_29" HPOS="825" VPOS="204" WIDTH="28" HEIGHT="4" WC="0.92" CONTENT="—"/><SP WIDTH="9" VPOS="204" HPOS="853"/>
							<String ID="string_30" HPOS="862" VPOS="192" WIDTH="65" HEIGHT="28" WC="0.91" CONTENT="juuri"/><SP WIDTH="9" VPOS="192" HPOS="927"/>
							<String ID="string_31" HPOS="936" VPOS="192" WIDTH="72" HEIGHT="29" WC="0.92" CONTENT="ylem-"/>
						</TextLine>
						<TextLine ID="line_4" HPOS="180" VPOS="196" WIDTH="827" HEIGHT="59">
							<String ID="string_32" HPOS="180" VPOS="222" WIDTH="62" HEIGHT="26" WC="0.90" CONTENT="pänä"/><SP WIDTH="20" VPOS="222" HPOS="242"/>
							<String ID="string_33" HPOS="262" VPOS="220" WIDTH="194" HEIGHT="23" WC="0.91" CONTENT="huomautetuista"/><SP WIDTH="20" VPOS="220" HPOS="456"/>
							<String ID="string_34" HPOS="476" VPOS="223" WIDTH="80" HEIGHT="27" WC="0.89" CONTENT="syistä,"/><SP WIDTH="19" VPOS="223" HPOS="556"/>
							<String ID="string_35" HPOS="575" VPOS="222" WIDTH="51" HEIGHT="22" WC="0.96" CONTENT="niin"/><SP WIDTH="20" VPOS="222" HPOS="626"/>
							<String ID="string_36" HPOS="646" VPOS="196" WIDTH="100" HEIGHT="59" WC="0.0" CONTENT="sinkin"/><SP WIDTH="16" VPOS="196" HPOS="746"/>
							<String ID="string_37" HPOS="762" VPOS="224" WIDTH="55" HEIGHT="20" WC="0.94" CONTENT="ovat"/><SP WIDTH="23" VPOS="224" HPOS="817"/>
							<String ID="string_38" HPOS="840" VPOS="222" WIDTH="80" HEIGHT="22" WC="0.96" CONTENT="kaikki"/><SP WIDTH="24" VPOS="222" HPOS="920"/>
							<String ID="string_39" HPOS="944" VPOS="222" WIDTH="63" HEIGHT="22" WC="0.96" CONTENT="asiaa"/>
						</TextLine>
						<TextLine ID="line_5" HPOS="181" VPOS="250" WIDTH="827" HEIGHT="30">
							<String ID="string_40" HPOS="181" VPOS="251" WIDTH="108" HEIGHT="20" WC="0.96" CONTENT="tuntevat"/><SP WIDTH="15" VPOS="251" HPOS="289"/>
							<String ID="string_41" HPOS="304" VPOS="250" WIDTH="93" HEIGHT="22" WC="0.96" CONTENT="minulle"/><SP WIDTH="15" VPOS="250" HPOS="397"/>
							<String ID="string_42" HPOS="412" VPOS="251" WIDTH="173" HEIGHT="22" WC="0.96" CONTENT="vakuuttaneet."/><SP WIDTH="27" VPOS="251" HPOS="585"/>
							<String ID="string_43" HPOS="612" VPOS="252" WIDTH="91" HEIGHT="22" WC="0.96" CONTENT="Luulen"/><SP WIDTH="15" VPOS="252" HPOS="703"/>
							<String ID="string_44" HPOS="718" VPOS="251" WIDTH="92" HEIGHT="29" WC="0.96" CONTENT="lopuksi"/><SP WIDTH="16" VPOS="251" HPOS="810"/>
							<String ID="string_45" HPOS="826" VPOS="253" WIDTH="53" HEIGHT="27" WC="0.96" CONTENT="että,"/><SP WIDTH="9" VPOS="253" HPOS="879"/>
							<String ID="string_46" HPOS="888" VPOS="252" WIDTH="37" HEIGHT="28" WC="0.93" CONTENT="jos"/><SP WIDTH="16" VPOS="252" HPOS="925"/>
							<String ID="string_47" HPOS="941" VPOS="252" WIDTH="67" HEIGHT="21" WC="0.93" CONTENT="ehdo-"/>
						</TextLine>
						<TextLine ID="line_6" HPOS="180" VPOS="279" WIDTH="827" HEIGHT="32">
							<String ID="string_48" HPOS="180" VPOS="279" WIDTH="61" HEIGHT="21" WC="0.96" CONTENT="teltu"/><SP WIDTH="15" VPOS="279" HPOS="241"/>
							<String ID="string_49" HPOS="256" VPOS="279" WIDTH="100" HEIGHT="23" WC="0.96" CONTENT="komitea"/><SP WIDTH="15" VPOS="279" HPOS="356"/>
							<String ID="string_50" HPOS="371" VPOS="281" WIDTH="157" HEIGHT="28" WC="0.96" CONTENT="asetettaisiin,"/><SP WIDTH="11" VPOS="281" HPOS="528"/>
							<String ID="string_51" HPOS="539" VPOS="282" WIDTH="59" HEIGHT="21" WC="0.96" CONTENT="voisi"/><SP WIDTH="13" VPOS="282" HPOS="598"/>
							<String ID="string_52" HPOS="611" VPOS="282" WIDTH="55" HEIGHT="22" WC="0.96" CONTENT="tälle"/><SP WIDTH="10" VPOS="282" HPOS="666"/>
							<String ID="string_53" HPOS="676" VPOS="281" WIDTH="129" HEIGHT="30" WC="0.94" CONTENT="puutteelle"/><SP WIDTH="9" VPOS="281" HPOS="805"/>
							<String ID="string_54" HPOS="814" VPOS="281" WIDTH="193" HEIGHT="29" WC="0.96" CONTENT="yhteiskunnassa"/>
						</TextLine>
						<TextLine ID="line_7" HPOS="181" VPOS="309" WIDTH="826" HEIGHT="30">
							<String ID="string_55" HPOS="181" VPOS="309" WIDTH="70" HEIGHT="21" WC="0.96" CONTENT="saada"/><SP WIDTH="22" VPOS="309" HPOS="251"/>
							<String ID="string_56" HPOS="273" VPOS="317" WIDTH="58" HEIGHT="21" WC="0.96" CONTENT="apua"/><SP WIDTH="18" VPOS="317" HPOS="331"/>
							<String ID="string_57" HPOS="349" VPOS="310" WIDTH="126" HEIGHT="29" WC="0.96" CONTENT="pikemmin"/><SP WIDTH="21" VPOS="310" HPOS="475"/>
							<String ID="string_58" HPOS="496" VPOS="311" WIDTH="56" HEIGHT="22" WC="0.96" CONTENT="kuin"/><SP WIDTH="20" VPOS="311" HPOS="552"/>
							<String ID="string_59" HPOS="572" VPOS="312" WIDTH="58" HEIGHT="21" WC="0.96" CONTENT="mitä"/><SP WIDTH="20" VPOS="312" HPOS="630"/>
							<String ID="string_60" HPOS="650" VPOS="314" WIDTH="79" HEIGHT="20" WC="0.96" CONTENT="tämän"/><SP WIDTH="20" VPOS="314" HPOS="729"/>
							<String ID="string_61" HPOS="749" VPOS="311" WIDTH="163" HEIGHT="22" WC="0.96" CONTENT="virkakunnan"/><SP WIDTH="15" VPOS="311" HPOS="912"/>
							<String ID="string_62" HPOS="927" VPOS="312" WIDTH="80" HEIGHT="22" WC="0.96" CONTENT="kautta"/>
						</TextLine>
						<TextLine ID="line_8" HPOS="180" VPOS="338" WIDTH="197" HEIGHT="24">
							<String ID="string_63" HPOS="180" VPOS="338" WIDTH="101" HEIGHT="22" WC="0.96" CONTENT="voidaan"/><SP WIDTH="15" VPOS="338" HPOS="281"/>
							<String ID="string_64" HPOS="296" VPOS="340" WIDTH="81" HEIGHT="22" WC="0.96" CONTENT="toivoa."/>
						</TextLine>
					</TextBlock>
					<TextBlock ID="block_2" HPOS="177" VPOS="369" WIDTH="834" HEIGHT="776">
						<TextLine ID="line_9" HPOS="256" VPOS="369" WIDTH="752" HEIGHT="31">
							<String ID="string_65" HPOS="256" VPOS="369" WIDTH="106" HEIGHT="22" WC="0.92" CONTENT="Provasti"/><SP WIDTH="8" VPOS="369" HPOS="362"/>
							<String ID="string_66" HPOS="370" VPOS="370" WIDTH="138" HEIGHT="23" WC="0.96" CONTENT="Nordström:"/><SP WIDTH="10" VPOS="370" HPOS="508"/>
							<String ID="string_67" HPOS="518" VPOS="371" WIDTH="47" HEIGHT="29" WC="0.96" CONTENT="Jag"/><SP WIDTH="9" VPOS="371" HPOS="565"/>
							<String ID="string_68" HPOS="574" VPOS="371" WIDTH="48" HEIGHT="21" WC="0.93" CONTENT="kan"/><SP WIDTH="10" VPOS="371" HPOS="622"/>
							<String ID="string_69" HPOS="632" VPOS="371" WIDTH="51" HEIGHT="22" WC="0.93" CONTENT="icke"/><SP WIDTH="10" VPOS="371" HPOS="683"/>
							<String ID="string_70" HPOS="693" VPOS="371" WIDTH="38" HEIGHT="21" WC="0.93" CONTENT="till"/><SP WIDTH="11" VPOS="371" HPOS="731"/>
							<String ID="string_71" HPOS="742" VPOS="370" WIDTH="58" HEIGHT="22" WC="0.93" CONTENT="fullo"/><SP WIDTH="11" VPOS="370" HPOS="800"/>
							<String ID="string_72" HPOS="811" VPOS="370" WIDTH="79" HEIGHT="23" WC="0.92" CONTENT="förena"/><SP WIDTH="10" VPOS="370" HPOS="890"/>
							<String ID="string_73" HPOS="900" VPOS="371" WIDTH="49" HEIGHT="29" WC="0.96" CONTENT="mig"/><SP WIDTH="7" VPOS="371" HPOS="949"/>
							<String ID="string_74" HPOS="956" VPOS="370" WIDTH="52" HEIGHT="23" WC="0.96" CONTENT="med"/>
						</TextLine>
						<TextLine ID="line_10" HPOS="180" VPOS="398" WIDTH="827" HEIGHT="32">
							<String ID="string_75" HPOS="180" VPOS="398" WIDTH="117" HEIGHT="22" WC="0.93" CONTENT="allmänna"/><SP WIDTH="14" VPOS="398" HPOS="297"/>
							<String ID="string_76" HPOS="311" VPOS="399" WIDTH="207" HEIGHT="24" WC="0.92" CONTENT="besvärsutskottet"/><SP WIDTH="14" VPOS="399" HPOS="518"/>
							<String ID="string_77" HPOS="532" VPOS="401" WIDTH="9" HEIGHT="21" WC="0.96" CONTENT="i"/><SP WIDTH="17" VPOS="401" HPOS="541"/>
							<String ID="string_78" HPOS="558" VPOS="401" WIDTH="51" HEIGHT="21" WC="0.95" CONTENT="dess"/><SP WIDTH="10" VPOS="401" HPOS="609"/>
							<String ID="string_79" HPOS="619" VPOS="401" WIDTH="88" HEIGHT="29" WC="0.96" CONTENT="förslag"/><SP WIDTH="10" VPOS="401" HPOS="707"/>
							<String ID="string_80" HPOS="717" VPOS="403" WIDTH="35" HEIGHT="20" WC="0.93" CONTENT="att"/><SP WIDTH="10" VPOS="403" HPOS="752"/>
							<String ID="string_81" HPOS="762" VPOS="400" WIDTH="76" HEIGHT="22" WC="0.92" CONTENT="lemna"/><SP WIDTH="10" VPOS="400" HPOS="838"/>
							<String ID="string_82" HPOS="848" VPOS="400" WIDTH="159" HEIGHT="30" WC="0.96" CONTENT="föreliggande"/>
						</TextLine>
						<TextLine ID="line_11" HPOS="181" VPOS="428" WIDTH="826" HEIGHT="32">
							<String ID="string_83" HPOS="181" VPOS="428" WIDTH="228" HEIGHT="29" WC="0.43" CONTENT="petitionsmemoria!"/><SP WIDTH="15" VPOS="428" HPOS="409"/>
							<String ID="string_84" HPOS="424" VPOS="432" WIDTH="57" HEIGHT="20" WC="0.93" CONTENT="utan"/><SP WIDTH="15" VPOS="432" HPOS="481"/>
							<String ID="string_85" HPOS="496" VPOS="431" WIDTH="107" HEIGHT="21" WC="0.96" CONTENT="afseende"/><SP WIDTH="16" VPOS="431" HPOS="603"/>
							<String ID="string_86" HPOS="619" VPOS="431" WIDTH="43" HEIGHT="21" WC="0.96" CONTENT="och"/><SP WIDTH="15" VPOS="431" HPOS="662"/>
							<String ID="string_87" HPOS="677" VPOS="431" WIDTH="43" HEIGHT="21" WC="0.96" CONTENT="lita"/><SP WIDTH="15" VPOS="431" HPOS="720"/>
							<String ID="string_88" HPOS="735" VPOS="432" WIDTH="31" HEIGHT="28" WC="0.93" CONTENT="pä"/><SP WIDTH="15" VPOS="432" HPOS="766"/>
							<String ID="string_89" HPOS="781" VPOS="430" WIDTH="226" HEIGHT="29" WC="0.92" CONTENT="industristyrelsens"/>
						</TextLine>
						<TextLine ID="line_12" HPOS="181" VPOS="458" WIDTH="826" HEIGHT="30">
							<String ID="string_90" HPOS="181" VPOS="465" WIDTH="98" HEIGHT="21" WC="0.90" CONTENT="omsorg,"/><SP WIDTH="15" VPOS="465" HPOS="279"/>
							<String ID="string_91" HPOS="294" VPOS="458" WIDTH="50" HEIGHT="22" WC="0.87" CONTENT="icke"/><SP WIDTH="16" VPOS="458" HPOS="344"/>
							<String ID="string_92" HPOS="360" VPOS="460" WIDTH="71" HEIGHT="22" WC="0.96" CONTENT="heller"/><SP WIDTH="15" VPOS="460" HPOS="431"/>
							<String ID="string_93" HPOS="446" VPOS="460" WIDTH="52" HEIGHT="22" WC="0.96" CONTENT="med"/><SP WIDTH="15" VPOS="460" HPOS="498"/>
							<String ID="string_94" HPOS="513" VPOS="461" WIDTH="28" HEIGHT="21" WC="0.93" CONTENT="de"/><SP WIDTH="19" VPOS="461" HPOS="541"/>
							<String ID="string_95" HPOS="560" VPOS="461" WIDTH="68" HEIGHT="21" WC="0.93" CONTENT="ärade"/><SP WIDTH="19" VPOS="461" HPOS="628"/>
							<String ID="string_96" HPOS="647" VPOS="461" WIDTH="80" HEIGHT="27" WC="0.92" CONTENT="talare,"/><SP WIDTH="16" VPOS="461" HPOS="727"/>
							<String ID="string_97" HPOS="743" VPOS="460" WIDTH="81" HEIGHT="22" WC="0.93" CONTENT="hvilka"/><SP WIDTH="18" VPOS="460" HPOS="824"/>
							<String ID="string_98" HPOS="842" VPOS="461" WIDTH="9" HEIGHT="21" WC="0.92" CONTENT="i"/><SP WIDTH="14" VPOS="461" HPOS="851"/>
							<String ID="string_99" HPOS="865" VPOS="460" WIDTH="75" HEIGHT="22" WC="0.92" CONTENT="likhet"/><SP WIDTH="15" VPOS="460" HPOS="940"/>
							<String ID="string_100" HPOS="955" VPOS="460" WIDTH="52" HEIGHT="22" WC="0.96" CONTENT="med"/>
						</TextLine>
						<TextLine ID="line_13" HPOS="180" VPOS="487" WIDTH="827" HEIGHT="32">
							<String ID="string_101" HPOS="180" VPOS="487" WIDTH="155" HEIGHT="29" WC="0.90" CONTENT="petitionären"/><SP WIDTH="19" VPOS="487" HPOS="335"/>
							<String ID="string_102" HPOS="354" VPOS="490" WIDTH="59" HEIGHT="28" WC="0.96" CONTENT="yrka"/><SP WIDTH="20" VPOS="490" HPOS="413"/>
							<String ID="string_103" HPOS="433" VPOS="492" WIDTH="29" HEIGHT="27" WC="0.93" CONTENT="pä"/><SP WIDTH="15" VPOS="492" HPOS="462"/>
							<String ID="string_104" HPOS="477" VPOS="490" WIDTH="145" HEIGHT="22" WC="0.96" CONTENT="tillsättande"/><SP WIDTH="16" VPOS="490" HPOS="622"/>
							<String ID="string_105" HPOS="638" VPOS="491" WIDTH="27" HEIGHT="21" WC="0.96" CONTENT="af"/><SP WIDTH="14" VPOS="491" HPOS="665"/>
							<String ID="string_106" HPOS="679" VPOS="498" WIDTH="29" HEIGHT="14" WC="0.97" CONTENT="en"/><SP WIDTH="16" VPOS="498" HPOS="708"/>
							<String ID="string_107" HPOS="724" VPOS="489" WIDTH="99" HEIGHT="23" WC="0.93" CONTENT="särskild"/><SP WIDTH="15" VPOS="489" HPOS="823"/>
							<String ID="string_108" HPOS="838" VPOS="490" WIDTH="93" HEIGHT="22" WC="0.86" CONTENT="komite."/><SP WIDTH="30" VPOS="490" HPOS="931"/>
							<String ID="string_109" HPOS="961" VPOS="490" WIDTH="46" HEIGHT="29" WC="0.95" CONTENT="Jag"/>
						</TextLine>
						<TextLine ID="line_14" HPOS="180" VPOS="517" WIDTH="827" HEIGHT="32">
							<String ID="string_110" HPOS="180" VPOS="517" WIDTH="42" HEIGHT="22" WC="0.96" CONTENT="vill"/><SP WIDTH="16" VPOS="517" HPOS="222"/>
							<String ID="string_111" HPOS="238" VPOS="518" WIDTH="59" HEIGHT="22" WC="0.93" CONTENT="visst"/><SP WIDTH="15" VPOS="518" HPOS="297"/>
							<String ID="string_112" HPOS="312" VPOS="518" WIDTH="50" HEIGHT="22" WC="0.92" CONTENT="icke"/><SP WIDTH="15" VPOS="518" HPOS="362"/>
							<String ID="string_113" HPOS="377" VPOS="519" WIDTH="128" HEIGHT="23" WC="0.91" CONTENT="fränkänna"/><SP WIDTH="15" VPOS="519" HPOS="505"/>
							<String ID="string_114" HPOS="520" VPOS="520" WIDTH="44" HEIGHT="22" WC="0.93" CONTENT="den"/><SP WIDTH="16" VPOS="520" HPOS="564"/>
							<String ID="string_115" HPOS="580" VPOS="520" WIDTH="148" HEIGHT="29" WC="0.92" CONTENT="nyinrättade"/><SP WIDTH="12" VPOS="520" HPOS="728"/>
							<String ID="string_116" HPOS="740" VPOS="520" WIDTH="215" HEIGHT="28" WC="0.92" CONTENT="industristyrelsen"/><SP WIDTH="13" VPOS="520" HPOS="955"/>
							<String ID="string_117" HPOS="968" VPOS="520" WIDTH="39" HEIGHT="22" WC="0.95" CONTENT="det"/>
						</TextLine>
						<TextLine ID="line_15" HPOS="179" VPOS="546" WIDTH="827" HEIGHT="33">
							<String ID="string_118" HPOS="179" VPOS="546" WIDTH="131" HEIGHT="24" WC="0.96" CONTENT="förtroende"/><SP WIDTH="21" VPOS="546" HPOS="310"/>
							<String ID="string_119" HPOS="331" VPOS="556" WIDTH="49" HEIGHT="15" WC="0.96" CONTENT="som"/><SP WIDTH="20" VPOS="556" HPOS="380"/>
							<String ID="string_120" HPOS="400" VPOS="550" WIDTH="36" HEIGHT="22" WC="0.93" CONTENT="för"/><SP WIDTH="20" VPOS="550" HPOS="436"/>
							<String ID="string_121" HPOS="456" VPOS="550" WIDTH="131" HEIGHT="22" WC="0.96" CONTENT="densamma"/><SP WIDTH="21" VPOS="550" HPOS="587"/>
							<String ID="string_122" HPOS="608" VPOS="550" WIDTH="26" HEIGHT="22" WC="0.93" CONTENT="af"/><SP WIDTH="20" VPOS="550" HPOS="634"/>
							<String ID="string_123" HPOS="654" VPOS="550" WIDTH="115" HEIGHT="22" WC="0.95" CONTENT="utskottet"/><SP WIDTH="22" VPOS="550" HPOS="769"/>
							<String ID="string_124" HPOS="791" VPOS="550" WIDTH="103" HEIGHT="27" WC="0.96" CONTENT="uttalats,"/><SP WIDTH="21" VPOS="550" HPOS="894"/>
							<String ID="string_125" HPOS="915" VPOS="552" WIDTH="28" HEIGHT="27" WC="0.97" CONTENT="ty"/><SP WIDTH="20" VPOS="552" HPOS="943"/>
							<String ID="string_126" HPOS="963" VPOS="550" WIDTH="43" HEIGHT="29" WC="0.96" CONTENT="jag"/>
						</TextLine>
						<TextLine ID="line_16" HPOS="182" VPOS="578" WIDTH="823" HEIGHT="31">
							<String ID="string_127" HPOS="182" VPOS="584" WIDTH="66" HEIGHT="14" WC="0.96" CONTENT="anser"/><SP WIDTH="21" VPOS="584" HPOS="248"/>
							<String ID="string_128" HPOS="269" VPOS="580" WIDTH="40" HEIGHT="26" WC="0.96" CONTENT="att,"/><SP WIDTH="21" VPOS="580" HPOS="309"/>
							<String ID="string_129" HPOS="330" VPOS="578" WIDTH="29" HEIGHT="22" WC="0.96" CONTENT="dä"/><SP WIDTH="21" VPOS="578" HPOS="359"/>
							<String ID="string_130" HPOS="380" VPOS="579" WIDTH="74" HEIGHT="23" WC="0.92" CONTENT="denna"/><SP WIDTH="19" VPOS="579" HPOS="454"/>
							<String ID="string_131" HPOS="473" VPOS="580" WIDTH="97" HEIGHT="28" WC="0.92" CONTENT="styrelse"/><SP WIDTH="20" VPOS="580" HPOS="570"/>
							<String ID="string_132" HPOS="590" VPOS="584" WIDTH="63" HEIGHT="18" WC="0.93" CONTENT="ännu"/><SP WIDTH="20" VPOS="584" HPOS="653"/>
							<String ID="string_133" HPOS="673" VPOS="580" WIDTH="51" HEIGHT="22" WC="0.92" CONTENT="icke"/><SP WIDTH="16" VPOS="580" HPOS="724"/>
							<String ID="string_134" HPOS="740" VPOS="580" WIDTH="92" HEIGHT="22" WC="0.92" CONTENT="utöfvat"/><SP WIDTH="16" VPOS="580" HPOS="832"/>
							<String ID="string_135" HPOS="848" VPOS="581" WIDTH="76" HEIGHT="28" WC="0.92" CONTENT="nägon"/><SP WIDTH="16" VPOS="581" HPOS="924"/>
							<String ID="string_136" HPOS="940" VPOS="580" WIDTH="65" HEIGHT="22" WC="0.93" CONTENT="verk-"/>
						</TextLine>
						<TextLine ID="line_17" HPOS="181" VPOS="607" WIDTH="827" HEIGHT="32">
							<String ID="string_137" HPOS="181" VPOS="607" WIDTH="95" HEIGHT="27" WC="0.95" CONTENT="samhet,"/><SP WIDTH="23" VPOS="607" HPOS="276"/>
							<String ID="string_138" HPOS="299" VPOS="608" WIDTH="38" HEIGHT="22" WC="0.93" CONTENT="det"/><SP WIDTH="23" VPOS="608" HPOS="337"/>
							<String ID="string_139" HPOS="360" VPOS="608" WIDTH="103" HEIGHT="23" WC="0.92" CONTENT="hvarken"/><SP WIDTH="22" VPOS="608" HPOS="463"/>
							<String ID="string_140" HPOS="485" VPOS="610" WIDTH="46" HEIGHT="22" WC="0.93" CONTENT="kan"/><SP WIDTH="23" VPOS="610" HPOS="531"/>
							<String ID="string_141" HPOS="554" VPOS="610" WIDTH="75" HEIGHT="22" WC="0.95" CONTENT="blifva"/><SP WIDTH="22" VPOS="610" HPOS="629"/>
							<String ID="string_142" HPOS="651" VPOS="610" WIDTH="67" HEIGHT="29" WC="0.96" CONTENT="fråga"/><SP WIDTH="21" VPOS="610" HPOS="718"/>
							<String ID="string_143" HPOS="739" VPOS="617" WIDTH="37" HEIGHT="14" WC="0.91" CONTENT="om"/><SP WIDTH="23" VPOS="617" HPOS="776"/>
							<String ID="string_144" HPOS="799" VPOS="609" WIDTH="130" HEIGHT="22" WC="0.94" CONTENT="förtroende"/><SP WIDTH="24" VPOS="609" HPOS="929"/>
							<String ID="string_145" HPOS="953" VPOS="610" WIDTH="55" HEIGHT="21" WC="0.96" CONTENT="eller"/>
						</TextLine>
						<TextLine ID="line_18" HPOS="179" VPOS="637" WIDTH="828" HEIGHT="31">
							<String ID="string_146" HPOS="179" VPOS="637" WIDTH="156" HEIGHT="23" WC="0.92" CONTENT="misstroende."/><SP WIDTH="31" VPOS="637" HPOS="335"/>
							<String ID="string_147" HPOS="366" VPOS="639" WIDTH="54" HEIGHT="22" WC="0.93" CONTENT="Men"/><SP WIDTH="15" VPOS="639" HPOS="420"/>
							<String ID="string_148" HPOS="435" VPOS="640" WIDTH="147" HEIGHT="22" WC="0.92" CONTENT="alldenstund"/><SP WIDTH="19" VPOS="640" HPOS="582"/>
							<String ID="string_149" HPOS="601" VPOS="640" WIDTH="38" HEIGHT="22" WC="0.93" CONTENT="det"/><SP WIDTH="16" VPOS="640" HPOS="639"/>
							<String ID="string_150" HPOS="655" VPOS="640" WIDTH="90" HEIGHT="26" WC="0.93" CONTENT="ärende,"/><SP WIDTH="16" VPOS="640" HPOS="745"/>
							<String ID="string_151" HPOS="761" VPOS="646" WIDTH="49" HEIGHT="15" WC="0.96" CONTENT="som"/><SP WIDTH="18" VPOS="646" HPOS="810"/>
							<String ID="string_152" HPOS="828" VPOS="641" WIDTH="68" HEIGHT="27" WC="0.93" CONTENT="utgör"/><SP WIDTH="16" VPOS="641" HPOS="896"/>
							<String ID="string_153" HPOS="912" VPOS="640" WIDTH="95" HEIGHT="21" WC="0.92" CONTENT="föremäl"/>
						</TextLine>
						<TextLine ID="line_19" HPOS="179" VPOS="666" WIDTH="831" HEIGHT="32">
							<String ID="string_154" HPOS="179" VPOS="666" WIDTH="37" HEIGHT="22" WC="0.93" CONTENT="för"/><SP WIDTH="15" VPOS="666" HPOS="216"/>
							<String ID="string_155" HPOS="231" VPOS="667" WIDTH="133" HEIGHT="29" WC="0.93" CONTENT="petitionen,"/><SP WIDTH="16" VPOS="667" HPOS="364"/>
							<String ID="string_156" HPOS="380" VPOS="676" WIDTH="27" HEIGHT="14" WC="0.93" CONTENT="ur"/><SP WIDTH="15" VPOS="676" HPOS="407"/>
							<String ID="string_157" HPOS="422" VPOS="670" WIDTH="64" HEIGHT="22" WC="0.93" CONTENT="säväl"/><SP WIDTH="15" VPOS="670" HPOS="486"/>
							<String ID="string_158" HPOS="501" VPOS="670" WIDTH="134" HEIGHT="22" WC="0.93" CONTENT="ekonomisk"/><SP WIDTH="15" VPOS="670" HPOS="635"/>
							<String ID="string_159" HPOS="650" VPOS="677" WIDTH="49" HEIGHT="15" WC="0.93" CONTENT="som"/><SP WIDTH="14" VPOS="677" HPOS="699"/>
							<String ID="string_160" HPOS="713" VPOS="669" WIDTH="78" HEIGHT="29" WC="0.93" CONTENT="sedlig"/><SP WIDTH="15" VPOS="669" HPOS="791"/>
							<String ID="string_161" HPOS="806" VPOS="670" WIDTH="119" HEIGHT="28" WC="0.91" CONTENT="synpunkt"/><SP WIDTH="18" VPOS="670" HPOS="925"/>
							<String ID="string_162" HPOS="943" VPOS="672" WIDTH="25" HEIGHT="18" WC="0.95" CONTENT="är"/><SP WIDTH="16" VPOS="672" HPOS="968"/>
							<String ID="string_163" HPOS="984" VPOS="668" WIDTH="26" HEIGHT="22" WC="0.96" CONTENT="af"/>
						</TextLine>
						<TextLine ID="line_20" HPOS="180" VPOS="697" WIDTH="827" HEIGHT="31">
							<String ID="string_164" HPOS="180" VPOS="697" WIDTH="24" HEIGHT="21" WC="0.96" CONTENT="sä"/><SP WIDTH="16" VPOS="697" HPOS="204"/>
							<String ID="string_165" HPOS="220" VPOS="700" WIDTH="48" HEIGHT="18" WC="0.96" CONTENT="stor"/><SP WIDTH="16" VPOS="700" HPOS="268"/>
							<String ID="string_166" HPOS="284" VPOS="697" WIDTH="42" HEIGHT="22" WC="0.93" CONTENT="och"/><SP WIDTH="15" VPOS="697" HPOS="326"/>
							<String ID="string_167" HPOS="341" VPOS="699" WIDTH="193" HEIGHT="29" WC="0.96" CONTENT="genomgripande"/><SP WIDTH="16" VPOS="699" HPOS="534"/>
							<String ID="string_168" HPOS="550" VPOS="700" WIDTH="123" HEIGHT="28" WC="0.89" CONTENT="betydelse,"/><SP WIDTH="17" VPOS="700" HPOS="673"/>
							<String ID="string_169" HPOS="690" VPOS="702" WIDTH="35" HEIGHT="19" WC="0.93" CONTENT="att"/><SP WIDTH="8" VPOS="702" HPOS="725"/>
							<String ID="string_170" HPOS="733" VPOS="699" WIDTH="88" HEIGHT="29" WC="0.92" CONTENT="jemväl"/><SP WIDTH="11" VPOS="699" HPOS="821"/>
							<String ID="string_171" HPOS="832" VPOS="699" WIDTH="73" HEIGHT="29" WC="0.93" CONTENT="enligt"/><SP WIDTH="14" VPOS="699" HPOS="905"/>
							<String ID="string_172" HPOS="919" VPOS="699" WIDTH="88" HEIGHT="21" WC="0.92" CONTENT="utskot-"/>
						</TextLine>
						<TextLine ID="line_21" HPOS="179" VPOS="727" WIDTH="828" HEIGHT="31">
							<String ID="string_173" HPOS="179" VPOS="728" WIDTH="45" HEIGHT="20" WC="0.92" CONTENT="tets"/><SP WIDTH="23" VPOS="728" HPOS="224"/>
							<String ID="string_174" HPOS="247" VPOS="727" WIDTH="95" HEIGHT="29" WC="0.93" CONTENT="mening"/><SP WIDTH="22" VPOS="727" HPOS="342"/>
							<String ID="string_175" HPOS="364" VPOS="729" WIDTH="72" HEIGHT="28" WC="0.89" CONTENT="nägot"/><SP WIDTH="22" VPOS="729" HPOS="436"/>
							<String ID="string_176" HPOS="458" VPOS="730" WIDTH="72" HEIGHT="21" WC="0.92" CONTENT="mäste"/><SP WIDTH="22" VPOS="730" HPOS="530"/>
							<String ID="string_177" HPOS="552" VPOS="730" WIDTH="8" HEIGHT="21" WC="0.96" CONTENT="i"/><SP WIDTH="24" VPOS="730" HPOS="560"/>
							<String ID="string_178" HPOS="584" VPOS="730" WIDTH="71" HEIGHT="21" WC="0.93" CONTENT="saken"/><SP WIDTH="21" VPOS="730" HPOS="655"/>
							<String ID="string_179" HPOS="676" VPOS="730" WIDTH="112" HEIGHT="28" WC="0.92" CONTENT="tillgöras,"/><SP WIDTH="19" VPOS="730" HPOS="788"/>
							<String ID="string_180" HPOS="807" VPOS="729" WIDTH="56" HEIGHT="22" WC="0.96" CONTENT="ville"/><SP WIDTH="21" VPOS="729" HPOS="863"/>
							<String ID="string_181" HPOS="884" VPOS="729" WIDTH="42" HEIGHT="29" WC="0.93" CONTENT="jag"/><SP WIDTH="22" VPOS="729" HPOS="926"/>
							<String ID="string_182" HPOS="948" VPOS="728" WIDTH="59" HEIGHT="22" WC="0.92" CONTENT="före-"/>
						</TextLine>
						<TextLine ID="line_22" HPOS="180" VPOS="756" WIDTH="827" HEIGHT="32">
							<String ID="string_183" HPOS="180" VPOS="756" WIDTH="34" HEIGHT="21" WC="0.93" CONTENT="slä"/><SP WIDTH="16" VPOS="756" HPOS="214"/>
							<String ID="string_184" HPOS="230" VPOS="756" WIDTH="45" HEIGHT="22" WC="0.93" CONTENT="den"/><SP WIDTH="15" VPOS="756" HPOS="275"/>
							<String ID="string_185" HPOS="290" VPOS="758" WIDTH="154" HEIGHT="29" WC="0.91" CONTENT="medelvägen,"/><SP WIDTH="16" VPOS="758" HPOS="444"/>
							<String ID="string_186" HPOS="460" VPOS="761" WIDTH="35" HEIGHT="19" WC="0.93" CONTENT="att"/><SP WIDTH="15" VPOS="761" HPOS="495"/>
							<String ID="string_187" HPOS="510" VPOS="759" WIDTH="123" HEIGHT="22" WC="0.93" CONTENT="ständerna"/><SP WIDTH="20" VPOS="759" HPOS="633"/>
							<String ID="string_188" HPOS="653" VPOS="760" WIDTH="41" HEIGHT="21" WC="0.96" CONTENT="hos"/><SP WIDTH="14" VPOS="760" HPOS="694"/>
							<String ID="string_189" HPOS="708" VPOS="759" WIDTH="138" HEIGHT="29" WC="0.93" CONTENT="regeringen"/><SP WIDTH="16" VPOS="759" HPOS="846"/>
							<String ID="string_190" HPOS="862" VPOS="759" WIDTH="92" HEIGHT="21" WC="0.89" CONTENT="anhälla"/><SP WIDTH="16" VPOS="759" HPOS="954"/>
							<String ID="string_191" HPOS="970" VPOS="766" WIDTH="37" HEIGHT="14" WC="0.96" CONTENT="om"/>
						</TextLine>
						<TextLine ID="line_23" HPOS="180" VPOS="786" WIDTH="826" HEIGHT="32">
							<String ID="string_192" HPOS="180" VPOS="787" WIDTH="35" HEIGHT="20" WC="0.92" CONTENT="att"/><SP WIDTH="21" VPOS="787" HPOS="215"/>
							<String ID="string_193" HPOS="236" VPOS="786" WIDTH="45" HEIGHT="22" WC="0.93" CONTENT="den"/><SP WIDTH="20" VPOS="786" HPOS="281"/>
							<String ID="string_194" HPOS="301" VPOS="787" WIDTH="147" HEIGHT="28" WC="0.92" CONTENT="nyinrättade"/><SP WIDTH="16" VPOS="787" HPOS="448"/>
							<String ID="string_195" HPOS="464" VPOS="788" WIDTH="213" HEIGHT="30" WC="0.92" CONTENT="industristyrelsen"/><SP WIDTH="14" VPOS="788" HPOS="677"/>
							<String ID="string_196" HPOS="691" VPOS="790" WIDTH="73" HEIGHT="20" WC="0.92" CONTENT="mätte"/><SP WIDTH="16" VPOS="790" HPOS="764"/>
							<String ID="string_197" HPOS="780" VPOS="788" WIDTH="108" HEIGHT="22" WC="0.92" CONTENT="anmodas"/><SP WIDTH="16" VPOS="788" HPOS="888"/>
							<String ID="string_198" HPOS="904" VPOS="790" WIDTH="35" HEIGHT="20" WC="0.95" CONTENT="att"/><SP WIDTH="15" VPOS="790" HPOS="939"/>
							<String ID="string_199" HPOS="954" VPOS="788" WIDTH="52" HEIGHT="22" WC="0.96" CONTENT="med"/>
						</TextLine>
						<TextLine ID="line_24" HPOS="180" VPOS="815" WIDTH="827" HEIGHT="33">
							<String ID="string_200" HPOS="180" VPOS="815" WIDTH="39" HEIGHT="22" WC="0.93" CONTENT="det"/><SP WIDTH="21" VPOS="815" HPOS="219"/>
							<String ID="string_201" HPOS="240" VPOS="816" WIDTH="58" HEIGHT="21" WC="0.96" CONTENT="allra"/><SP WIDTH="20" VPOS="816" HPOS="298"/>
							<String ID="string_202" HPOS="318" VPOS="816" WIDTH="74" HEIGHT="23" WC="0.93" CONTENT="första"/><SP WIDTH="20" VPOS="816" HPOS="392"/>
							<String ID="string_203" HPOS="412" VPOS="818" WIDTH="96" HEIGHT="30" WC="0.96" CONTENT="vidtaga"/><SP WIDTH="20" VPOS="818" HPOS="508"/>
							<String ID="string_204" HPOS="528" VPOS="819" WIDTH="28" HEIGHT="21" WC="0.93" CONTENT="de"/><SP WIDTH="20" VPOS="819" HPOS="556"/>
							<String ID="string_205" HPOS="576" VPOS="819" WIDTH="113" HEIGHT="29" WC="0.95" CONTENT="åtgärder,"/><SP WIDTH="22" VPOS="819" HPOS="689"/>
							<String ID="string_206" HPOS="711" VPOS="826" WIDTH="49" HEIGHT="14" WC="0.96" CONTENT="som"/><SP WIDTH="21" VPOS="826" HPOS="760"/>
							<String ID="string_207" HPOS="781" VPOS="826" WIDTH="55" HEIGHT="14" WC="0.93" CONTENT="man"/><SP WIDTH="17" VPOS="826" HPOS="836"/>
							<String ID="string_208" HPOS="853" VPOS="818" WIDTH="87" HEIGHT="28" WC="0.92" CONTENT="äsyftat"/><SP WIDTH="15" VPOS="818" HPOS="940"/>
							<String ID="string_209" HPOS="955" VPOS="818" WIDTH="52" HEIGHT="22" WC="0.96" CONTENT="med"/>
						</TextLine>
						<TextLine ID="line_25" HPOS="178" VPOS="845" WIDTH="829" HEIGHT="26">
							<String ID="string_210" HPOS="178" VPOS="845" WIDTH="155" HEIGHT="23" WC="0.96" CONTENT="tillsättandet"/><SP WIDTH="15" VPOS="845" HPOS="333"/>
							<String ID="string_211" HPOS="348" VPOS="847" WIDTH="26" HEIGHT="21" WC="0.96" CONTENT="af"/><SP WIDTH="13" VPOS="847" HPOS="374"/>
							<String ID="string_212" HPOS="387" VPOS="855" WIDTH="29" HEIGHT="14" WC="0.93" CONTENT="en"/><SP WIDTH="15" VPOS="855" HPOS="416"/>
							<String ID="string_213" HPOS="431" VPOS="848" WIDTH="90" HEIGHT="22" WC="0.74" CONTENT="komite."/><SP WIDTH="16" VPOS="848" HPOS="521"/>
							<String ID="string_214" HPOS="537" VPOS="849" WIDTH="80" HEIGHT="22" WC="0.91" CONTENT="Såsom"/><SP WIDTH="8" VPOS="849" HPOS="617"/>
							<String ID="string_215" HPOS="625" VPOS="848" WIDTH="146" HEIGHT="23" WC="0.78" CONTENT="försvararne"/><SP WIDTH="14" VPOS="848" HPOS="771"/>
							<String ID="string_216" HPOS="785" VPOS="848" WIDTH="27" HEIGHT="22" WC="0.96" CONTENT="af"/><SP WIDTH="8" VPOS="848" HPOS="812"/>
							<String ID="string_217" HPOS="820" VPOS="848" WIDTH="63" HEIGHT="22" WC="0.93" CONTENT="detta"/><SP WIDTH="13" VPOS="848" HPOS="883"/>
							<String ID="string_218" HPOS="896" VPOS="848" WIDTH="111" HEIGHT="22" WC="0.92" CONTENT="utskotts-"/>
						</TextLine>
						<TextLine ID="line_26" HPOS="179" VPOS="875" WIDTH="828" HEIGHT="32">
							<String ID="string_219" HPOS="179" VPOS="875" WIDTH="144" HEIGHT="22" WC="0.96" CONTENT="betänkande"/><SP WIDTH="16" VPOS="875" HPOS="323"/>
							<String ID="string_220" HPOS="339" VPOS="876" WIDTH="131" HEIGHT="30" WC="0.64" CONTENT="framhållit,"/><SP WIDTH="16" VPOS="876" HPOS="470"/>
							<String ID="string_221" HPOS="486" VPOS="879" WIDTH="41" HEIGHT="21" WC="0.93" CONTENT="bör"/><SP WIDTH="15" VPOS="879" HPOS="527"/>
							<String ID="string_222" HPOS="542" VPOS="878" WIDTH="215" HEIGHT="29" WC="0.90" CONTENT="industristyrelsen"/><SP WIDTH="16" VPOS="878" HPOS="757"/>
							<String ID="string_223" HPOS="773" VPOS="878" WIDTH="8" HEIGHT="21" WC="0.96" CONTENT="i"/><SP WIDTH="15" VPOS="878" HPOS="781"/>
							<String ID="string_224" HPOS="796" VPOS="877" WIDTH="57" HEIGHT="29" WC="0.94" CONTENT="följd"/><SP WIDTH="16" VPOS="877" HPOS="853"/>
							<String ID="string_225" HPOS="869" VPOS="877" WIDTH="27" HEIGHT="22" WC="0.96" CONTENT="af"/><SP WIDTH="12" VPOS="877" HPOS="896"/>
							<String ID="string_226" HPOS="908" VPOS="878" WIDTH="28" HEIGHT="21" WC="0.93" CONTENT="de"/><SP WIDTH="11" VPOS="878" HPOS="936"/>
							<String ID="string_227" HPOS="947" VPOS="877" WIDTH="60" HEIGHT="22" WC="0.93" CONTENT="stad-"/>
						</TextLine>
						<TextLine ID="line_27" HPOS="178" VPOS="906" WIDTH="829" HEIGHT="31">
							<String ID="string_228" HPOS="178" VPOS="912" WIDTH="49" HEIGHT="21" WC="0.96" CONTENT="gar,"/><SP WIDTH="16" VPOS="912" HPOS="227"/>
							<String ID="string_229" HPOS="243" VPOS="912" WIDTH="50" HEIGHT="15" WC="0.93" CONTENT="som"/><SP WIDTH="14" VPOS="912" HPOS="293"/>
							<String ID="string_230" HPOS="307" VPOS="906" WIDTH="61" HEIGHT="28" WC="0.92" CONTENT="gälla"/><SP WIDTH="20" VPOS="906" HPOS="368"/>
							<String ID="string_231" HPOS="388" VPOS="907" WIDTH="36" HEIGHT="22" WC="0.93" CONTENT="för"/><SP WIDTH="23" VPOS="907" HPOS="424"/>
							<String ID="string_232" HPOS="447" VPOS="908" WIDTH="131" HEIGHT="22" WC="0.92" CONTENT="densamma"/><SP WIDTH="23" VPOS="908" HPOS="578"/>
							<String ID="string_233" HPOS="601" VPOS="908" WIDTH="118" HEIGHT="29" WC="0.92" CONTENT="angäende"/><SP WIDTH="23" VPOS="908" HPOS="719"/>
							<String ID="string_234" HPOS="742" VPOS="907" WIDTH="157" HEIGHT="22" WC="0.92" CONTENT="tillkallandet"/><SP WIDTH="24" VPOS="907" HPOS="899"/>
							<String ID="string_235" HPOS="923" VPOS="907" WIDTH="26" HEIGHT="22" WC="0.92" CONTENT="af"/><SP WIDTH="20" VPOS="907" HPOS="949"/>
							<String ID="string_236" HPOS="969" VPOS="915" WIDTH="38" HEIGHT="13" WC="0.92" CONTENT="ex-"/>
						</TextLine>
						<TextLine ID="line_28" HPOS="178" VPOS="935" WIDTH="829" HEIGHT="33">
							<String ID="string_237" HPOS="178" VPOS="936" WIDTH="84" HEIGHT="27" WC="0.93" CONTENT="perter,"/><SP WIDTH="24" VPOS="936" HPOS="262"/>
							<String ID="string_238" HPOS="286" VPOS="935" WIDTH="54" HEIGHT="23" WC="0.96" CONTENT="fullt"/><SP WIDTH="27" VPOS="935" HPOS="340"/>
							<String ID="string_239" HPOS="367" VPOS="936" WIDTH="85" HEIGHT="23" WC="0.95" CONTENT="besitta"/><SP WIDTH="31" VPOS="936" HPOS="452"/>
							<String ID="string_240" HPOS="483" VPOS="938" WIDTH="44" HEIGHT="22" WC="0.93" CONTENT="den"/><SP WIDTH="29" VPOS="938" HPOS="527"/>
							<String ID="string_241" HPOS="556" VPOS="938" WIDTH="73" HEIGHT="30" WC="0.89" CONTENT="insigt"/><SP WIDTH="23" VPOS="938" HPOS="629"/>
							<String ID="string_242" HPOS="652" VPOS="938" WIDTH="43" HEIGHT="22" WC="0.93" CONTENT="och"/><SP WIDTH="27" VPOS="938" HPOS="695"/>
							<String ID="string_243" HPOS="722" VPOS="937" WIDTH="130" HEIGHT="22" WC="0.96" CONTENT="kännedom"/><SP WIDTH="23" VPOS="937" HPOS="852"/>
							<String ID="string_244" HPOS="875" VPOS="937" WIDTH="27" HEIGHT="21" WC="0.93" CONTENT="af"/><SP WIDTH="20" VPOS="937" HPOS="902"/>
							<String ID="string_245" HPOS="922" VPOS="937" WIDTH="85" HEIGHT="21" WC="0.91" CONTENT="förhäl-"/>
						</TextLine>
						<TextLine ID="line_29" HPOS="178" VPOS="964" WIDTH="829" HEIGHT="29">
							<String ID="string_246" HPOS="178" VPOS="964" WIDTH="105" HEIGHT="29" WC="0.91" CONTENT="landena,"/><SP WIDTH="17" VPOS="964" HPOS="283"/>
							<String ID="string_247" HPOS="300" VPOS="968" WIDTH="35" HEIGHT="19" WC="0.93" CONTENT="att"/><SP WIDTH="16" VPOS="968" HPOS="335"/>
							<String ID="string_248" HPOS="351" VPOS="966" WIDTH="130" HEIGHT="23" WC="0.91" CONTENT="densamma"/><SP WIDTH="15" VPOS="966" HPOS="481"/>
							<String ID="string_249" HPOS="496" VPOS="968" WIDTH="46" HEIGHT="22" WC="0.96" CONTENT="kan"/><SP WIDTH="15" VPOS="968" HPOS="542"/>
							<String ID="string_250" HPOS="557" VPOS="968" WIDTH="53" HEIGHT="22" WC="0.96" CONTENT="med"/><SP WIDTH="16" VPOS="968" HPOS="610"/>
							<String ID="string_251" HPOS="626" VPOS="968" WIDTH="63" HEIGHT="22" WC="0.93" CONTENT="detta"/><SP WIDTH="16" VPOS="968" HPOS="689"/>
							<String ID="string_252" HPOS="705" VPOS="967" WIDTH="102" HEIGHT="22" WC="0.92" CONTENT="tillskott"/><SP WIDTH="21" VPOS="967" HPOS="807"/>
							<String ID="string_253" HPOS="828" VPOS="966" WIDTH="26" HEIGHT="22" WC="0.93" CONTENT="af"/><SP WIDTH="14" VPOS="966" HPOS="854"/>
							<String ID="string_254" HPOS="868" VPOS="966" WIDTH="139" HEIGHT="22" WC="0.93" CONTENT="arbetskraf-"/>
						</TextLine>
						<TextLine ID="line_30" HPOS="177" VPOS="995" WIDTH="834" HEIGHT="31">
							<String ID="string_255" HPOS="177" VPOS="996" WIDTH="36" HEIGHT="19" WC="0.93" CONTENT="ter"/><SP WIDTH="15" VPOS="996" HPOS="213"/>
							<String ID="string_256" HPOS="228" VPOS="996" WIDTH="84" HEIGHT="20" WC="0.92" CONTENT="utröna"/><SP WIDTH="15" VPOS="996" HPOS="312"/>
							<String ID="string_257" HPOS="327" VPOS="995" WIDTH="230" HEIGHT="25" WC="0.91" CONTENT="handtverkeriernas"/><SP WIDTH="18" VPOS="995" HPOS="557"/>
							<String ID="string_258" HPOS="575" VPOS="998" WIDTH="106" HEIGHT="28" WC="0.92" CONTENT="verkliga"/><SP WIDTH="16" VPOS="998" HPOS="681"/>
							<String ID="string_259" HPOS="697" VPOS="997" WIDTH="114" HEIGHT="26" WC="0.91" CONTENT="tillständ,"/><SP WIDTH="20" VPOS="997" HPOS="811"/>
							<String ID="string_260" HPOS="831" VPOS="996" WIDTH="43" HEIGHT="22" WC="0.96" CONTENT="och"/><SP WIDTH="15" VPOS="996" HPOS="874"/>
							<String ID="string_261" HPOS="889" VPOS="1000" WIDTH="25" HEIGHT="18" WC="0.94" CONTENT="är"/><SP WIDTH="15" VPOS="1000" HPOS="914"/>
							<String ID="string_262" HPOS="929" VPOS="996" WIDTH="39" HEIGHT="22" WC="0.95" CONTENT="det"/><SP WIDTH="16" VPOS="996" HPOS="968"/>
							<String ID="string_263" HPOS="984" VPOS="996" WIDTH="27" HEIGHT="23" WC="0.96" CONTENT="af"/>
						</TextLine>
						<TextLine ID="line_31" HPOS="178" VPOS="1023" WIDTH="829" HEIGHT="33">
							<String ID="string_264" HPOS="178" VPOS="1023" WIDTH="76" HEIGHT="22" WC="0.93" CONTENT="denna"/><SP WIDTH="21" VPOS="1023" HPOS="254"/>
							<String ID="string_265" HPOS="275" VPOS="1025" WIDTH="66" HEIGHT="22" WC="0.93" CONTENT="orsak"/><SP WIDTH="16" VPOS="1025" HPOS="341"/>
							<String ID="string_266" HPOS="357" VPOS="1025" WIDTH="44" HEIGHT="31" WC="0.90" CONTENT="jag"/><SP WIDTH="21" VPOS="1025" HPOS="401"/>
							<String ID="string_267" HPOS="422" VPOS="1026" WIDTH="67" HEIGHT="22" WC="0.90" CONTENT="äfven"/><SP WIDTH="15" VPOS="1026" HPOS="489"/>
							<String ID="string_268" HPOS="504" VPOS="1028" WIDTH="56" HEIGHT="22" WC="0.93" CONTENT="ville"/><SP WIDTH="16" VPOS="1028" HPOS="560"/>
							<String ID="string_269" HPOS="576" VPOS="1028" WIDTH="112" HEIGHT="22" WC="0.93" CONTENT="öfverläta"/><SP WIDTH="15" VPOS="1028" HPOS="688"/>
							<String ID="string_270" HPOS="703" VPOS="1027" WIDTH="67" HEIGHT="21" WC="0.96" CONTENT="detta"/><SP WIDTH="15" VPOS="1027" HPOS="770"/>
							<String ID="string_271" HPOS="785" VPOS="1028" WIDTH="24" HEIGHT="20" WC="0.93" CONTENT="ät"/><SP WIDTH="15" VPOS="1028" HPOS="809"/>
							<String ID="string_272" HPOS="824" VPOS="1026" WIDTH="183" HEIGHT="28" WC="0.91" CONTENT="industristyrel-"/>
						</TextLine>
						<TextLine ID="line_32" HPOS="178" VPOS="1054" WIDTH="829" HEIGHT="31">
							<String ID="string_273" HPOS="178" VPOS="1060" WIDTH="40" HEIGHT="14" WC="0.96" CONTENT="sen"/><SP WIDTH="16" VPOS="1060" HPOS="218"/>
							<String ID="string_274" HPOS="234" VPOS="1054" WIDTH="43" HEIGHT="21" WC="0.93" CONTENT="och"/><SP WIDTH="15" VPOS="1054" HPOS="277"/>
							<String ID="string_275" HPOS="292" VPOS="1054" WIDTH="51" HEIGHT="22" WC="0.96" CONTENT="icke"/><SP WIDTH="14" VPOS="1054" HPOS="343"/>
							<String ID="string_276" HPOS="357" VPOS="1056" WIDTH="25" HEIGHT="21" WC="0.96" CONTENT="ät"/><SP WIDTH="16" VPOS="1056" HPOS="382"/>
							<String ID="string_277" HPOS="398" VPOS="1064" WIDTH="28" HEIGHT="14" WC="0.97" CONTENT="en"/><SP WIDTH="16" VPOS="1064" HPOS="426"/>
							<String ID="string_278" HPOS="442" VPOS="1057" WIDTH="96" HEIGHT="22" WC="0.93" CONTENT="särskild"/><SP WIDTH="19" VPOS="1057" HPOS="538"/>
							<String ID="string_279" HPOS="557" VPOS="1057" WIDTH="92" HEIGHT="28" WC="0.49" CONTENT="komite,"/><SP WIDTH="16" VPOS="1057" HPOS="649"/>
							<String ID="string_280" HPOS="665" VPOS="1057" WIDTH="74" HEIGHT="22" WC="0.96" CONTENT="ehuru"/><SP WIDTH="13" VPOS="1057" HPOS="739"/>
							<String ID="string_281" HPOS="752" VPOS="1056" WIDTH="43" HEIGHT="29" WC="0.93" CONTENT="jag"/><SP WIDTH="16" VPOS="1056" HPOS="795"/>
							<String ID="string_282" HPOS="811" VPOS="1056" WIDTH="110" HEIGHT="28" WC="0.91" CONTENT="derjämte"/><SP WIDTH="16" VPOS="1056" HPOS="921"/>
							<String ID="string_283" HPOS="937" VPOS="1056" WIDTH="70" HEIGHT="22" WC="0.93" CONTENT="föror-"/>
						</TextLine>
						<TextLine ID="line_33" HPOS="178" VPOS="1082" WIDTH="827" HEIGHT="34">
							<String ID="string_284" HPOS="178" VPOS="1082" WIDTH="42" HEIGHT="22" WC="0.95" CONTENT="dar"/><SP WIDTH="23" VPOS="1082" HPOS="220"/>
							<String ID="string_285" HPOS="243" VPOS="1091" WIDTH="30" HEIGHT="13" WC="0.93" CONTENT="en"/><SP WIDTH="20" VPOS="1091" HPOS="273"/>
							<String ID="string_286" HPOS="293" VPOS="1084" WIDTH="108" HEIGHT="23" WC="0.92" CONTENT="anhällan"/><SP WIDTH="20" VPOS="1084" HPOS="401"/>
							<String ID="string_287" HPOS="421" VPOS="1086" WIDTH="41" HEIGHT="21" WC="0.96" CONTENT="hos"/><SP WIDTH="19" VPOS="1086" HPOS="462"/>
							<String ID="string_288" HPOS="481" VPOS="1087" WIDTH="137" HEIGHT="29" WC="0.96" CONTENT="regeringen"/><SP WIDTH="21" VPOS="1087" HPOS="618"/>
							<String ID="string_289" HPOS="639" VPOS="1089" WIDTH="34" HEIGHT="20" WC="0.93" CONTENT="att"/><SP WIDTH="25" VPOS="1089" HPOS="673"/>
							<String ID="string_290" HPOS="698" VPOS="1086" WIDTH="216" HEIGHT="27" WC="0.92" CONTENT="industristyrelsen"/><SP WIDTH="20" VPOS="1086" HPOS="914"/>
							<String ID="string_291" HPOS="934" VPOS="1086" WIDTH="71" HEIGHT="21" WC="0.92" CONTENT="mätte"/>
						</TextLine>
						<TextLine ID="line_34" HPOS="178" VPOS="1113" WIDTH="735" HEIGHT="32">
							<String ID="string_292" HPOS="178" VPOS="1113" WIDTH="109" HEIGHT="21" WC="0.93" CONTENT="anmodas"/><SP WIDTH="16" VPOS="1113" HPOS="287"/>
							<String ID="string_293" HPOS="303" VPOS="1115" WIDTH="34" HEIGHT="20" WC="0.93" CONTENT="att"/><SP WIDTH="15" VPOS="1115" HPOS="337"/>
							<String ID="string_294" HPOS="352" VPOS="1115" WIDTH="164" HEIGHT="30" WC="0.92" CONTENT="ofördröjligen"/><SP WIDTH="15" VPOS="1115" HPOS="516"/>
							<String ID="string_295" HPOS="531" VPOS="1119" WIDTH="55" HEIGHT="26" WC="0.92" CONTENT="taga"/><SP WIDTH="16" VPOS="1119" HPOS="586"/>
							<String ID="string_296" HPOS="602" VPOS="1117" WIDTH="94" HEIGHT="21" WC="0.90" CONTENT="ärendet"/><SP WIDTH="15" VPOS="1117" HPOS="696"/>
							<String ID="string_297" HPOS="711" VPOS="1117" WIDTH="9" HEIGHT="20" WC="0.93" CONTENT="i"/><SP WIDTH="16" VPOS="1117" HPOS="720"/>
							<String ID="string_298" HPOS="736" VPOS="1115" WIDTH="177" HEIGHT="29" WC="0.92" CONTENT="öfvervägande."/>
						</TextLine>
					</TextBlock>
					<TextBlock ID="block_3" HPOS="171" VPOS="1142" WIDTH="838" HEIGHT="389">
						<TextLine ID="line_35" HPOS="252" VPOS="1142" WIDTH="755" HEIGHT="33">
							<String ID="string_299" HPOS="252" VPOS="1142" WIDTH="144" HEIGHT="31" WC="0.64" CONTENT="Yliopettaja"/><SP WIDTH="19" VPOS="1142" HPOS="396"/>
							<String ID="string_300" HPOS="415" VPOS="1145" WIDTH="116" HEIGHT="23" WC="0.87" CONTENT="Kihlman:"/><SP WIDTH="29" VPOS="1145" HPOS="531"/>
							<String ID="string_301" HPOS="560" VPOS="1147" WIDTH="48" HEIGHT="28" WC="0.92" CONTENT="Jag"/><SP WIDTH="19" VPOS="1147" HPOS="608"/>
							<String ID="string_302" HPOS="627" VPOS="1145" WIDTH="87" HEIGHT="28" WC="0.96" CONTENT="trodde,"/><SP WIDTH="23" VPOS="1145" HPOS="714"/>
							<String ID="string_303" HPOS="737" VPOS="1145" WIDTH="30" HEIGHT="22" WC="0.96" CONTENT="dä"/><SP WIDTH="18" VPOS="1145" HPOS="767"/>
							<String ID="string_304" HPOS="785" VPOS="1145" WIDTH="42" HEIGHT="28" WC="0.93" CONTENT="jag"/><SP WIDTH="20" VPOS="1145" HPOS="827"/>
							<String ID="string_305" HPOS="847" VPOS="1145" WIDTH="93" HEIGHT="28" WC="0.96" CONTENT="yttrade"/><SP WIDTH="17" VPOS="1145" HPOS="940"/>
							<String ID="string_306" HPOS="957" VPOS="1144" WIDTH="50" HEIGHT="29" WC="0.96" CONTENT="mig"/>
						</TextLine>
						<TextLine ID="line_36" HPOS="176" VPOS="1171" WIDTH="830" HEIGHT="33">
							<String ID="string_307" HPOS="176" VPOS="1171" WIDTH="74" HEIGHT="22" WC="0.93" CONTENT="första"/><SP WIDTH="21" VPOS="1171" HPOS="250"/>
							<String ID="string_308" HPOS="271" VPOS="1173" WIDTH="91" HEIGHT="28" WC="0.92" CONTENT="gängen"/><SP WIDTH="23" VPOS="1173" HPOS="362"/>
							<String ID="string_309" HPOS="385" VPOS="1175" WIDTH="9" HEIGHT="20" WC="0.96" CONTENT="i"/><SP WIDTH="16" VPOS="1175" HPOS="394"/>
							<String ID="string_310" HPOS="410" VPOS="1175" WIDTH="62" HEIGHT="22" WC="0.93" CONTENT="detta"/><SP WIDTH="16" VPOS="1175" HPOS="472"/>
							<String ID="string_311" HPOS="488" VPOS="1175" WIDTH="88" HEIGHT="29" WC="0.92" CONTENT="ärende,"/><SP WIDTH="16" VPOS="1175" HPOS="576"/>
							<String ID="string_312" HPOS="592" VPOS="1178" WIDTH="36" HEIGHT="19" WC="0.97" CONTENT="att"/><SP WIDTH="16" VPOS="1178" HPOS="628"/>
							<String ID="string_313" HPOS="644" VPOS="1176" WIDTH="38" HEIGHT="21" WC="0.97" CONTENT="det"/><SP WIDTH="16" VPOS="1176" HPOS="682"/>
							<String ID="string_314" HPOS="698" VPOS="1175" WIDTH="27" HEIGHT="22" WC="0.97" CONTENT="af"/><SP WIDTH="13" VPOS="1175" HPOS="725"/>
							<String ID="string_315" HPOS="738" VPOS="1175" WIDTH="54" HEIGHT="21" WC="0.93" CONTENT="mitt"/><SP WIDTH="16" VPOS="1175" HPOS="792"/>
							<String ID="string_316" HPOS="808" VPOS="1174" WIDTH="108" HEIGHT="29" WC="0.93" CONTENT="yttrande"/><SP WIDTH="17" VPOS="1174" HPOS="916"/>
							<String ID="string_317" HPOS="933" VPOS="1173" WIDTH="73" HEIGHT="22" WC="0.96" CONTENT="skulle"/>
						</TextLine>
						<TextLine ID="line_37" HPOS="176" VPOS="1201" WIDTH="831" HEIGHT="33">
							<String ID="string_318" HPOS="176" VPOS="1201" WIDTH="109" HEIGHT="29" WC="0.95" CONTENT="tydligen"/><SP WIDTH="30" VPOS="1201" HPOS="285"/>
							<String ID="string_319" HPOS="315" VPOS="1203" WIDTH="95" HEIGHT="30" WC="0.93" CONTENT="framgå,"/><SP WIDTH="26" VPOS="1203" HPOS="410"/>
							<String ID="string_320" HPOS="436" VPOS="1207" WIDTH="34" HEIGHT="20" WC="0.96" CONTENT="att"/><SP WIDTH="22" VPOS="1207" HPOS="470"/>
							<String ID="string_321" HPOS="492" VPOS="1205" WIDTH="42" HEIGHT="29" WC="0.93" CONTENT="jag"/><SP WIDTH="25" VPOS="1205" HPOS="534"/>
							<String ID="string_322" HPOS="559" VPOS="1206" WIDTH="52" HEIGHT="21" WC="0.96" CONTENT="icke"/><SP WIDTH="25" VPOS="1206" HPOS="611"/>
							<String ID="string_323" HPOS="636" VPOS="1205" WIDTH="58" HEIGHT="22" WC="0.96" CONTENT="talat"/><SP WIDTH="26" VPOS="1205" HPOS="694"/>
							<String ID="string_324" HPOS="720" VPOS="1205" WIDTH="29" HEIGHT="21" WC="0.93" CONTENT="af"/><SP WIDTH="20" VPOS="1205" HPOS="749"/>
							<String ID="string_325" HPOS="769" VPOS="1204" WIDTH="165" HEIGHT="28" WC="0.91" CONTENT="klandersjuka"/><SP WIDTH="24" VPOS="1204" HPOS="934"/>
							<String ID="string_326" HPOS="958" VPOS="1206" WIDTH="49" HEIGHT="19" WC="0.96" CONTENT="mot"/>
						</TextLine>
						<TextLine ID="line_38" HPOS="176" VPOS="1231" WIDTH="830" HEIGHT="33">
							<String ID="string_327" HPOS="176" VPOS="1231" WIDTH="122" HEIGHT="23" WC="0.92" CONTENT="utskottet."/><SP WIDTH="30" VPOS="1231" HPOS="298"/>
							<String ID="string_328" HPOS="328" VPOS="1233" WIDTH="47" HEIGHT="29" WC="0.93" CONTENT="Jag"/><SP WIDTH="23" VPOS="1233" HPOS="375"/>
							<String ID="string_329" HPOS="398" VPOS="1236" WIDTH="70" HEIGHT="27" WC="0.92" CONTENT="ansäg"/><SP WIDTH="22" VPOS="1236" HPOS="468"/>
							<String ID="string_330" HPOS="490" VPOS="1238" WIDTH="41" HEIGHT="25" WC="0.96" CONTENT="att,"/><SP WIDTH="21" VPOS="1238" HPOS="531"/>
							<String ID="string_331" HPOS="552" VPOS="1235" WIDTH="29" HEIGHT="22" WC="0.96" CONTENT="dä"/><SP WIDTH="16" VPOS="1235" HPOS="581"/>
							<String ID="string_332" HPOS="597" VPOS="1235" WIDTH="42" HEIGHT="29" WC="0.93" CONTENT="jag"/><SP WIDTH="16" VPOS="1235" HPOS="639"/>
							<String ID="string_333" HPOS="655" VPOS="1235" WIDTH="50" HEIGHT="22" WC="0.93" CONTENT="icke"/><SP WIDTH="16" VPOS="1235" HPOS="705"/>
							<String ID="string_334" HPOS="721" VPOS="1234" WIDTH="79" HEIGHT="22" WC="0.93" CONTENT="kunde"/><SP WIDTH="16" VPOS="1234" HPOS="800"/>
							<String ID="string_335" HPOS="816" VPOS="1233" WIDTH="51" HEIGHT="22" WC="0.91" CONTENT="dela"/><SP WIDTH="15" VPOS="1233" HPOS="867"/>
							<String ID="string_336" HPOS="882" VPOS="1233" WIDTH="124" HEIGHT="22" WC="0.92" CONTENT="utskottets"/>
						</TextLine>
						<TextLine ID="line_39" HPOS="176" VPOS="1261" WIDTH="831" HEIGHT="32">
							<String ID="string_337" HPOS="176" VPOS="1261" WIDTH="67" HEIGHT="28" WC="0.93" CONTENT="äsigt,"/><SP WIDTH="15" VPOS="1261" HPOS="243"/>
							<String ID="string_338" HPOS="258" VPOS="1261" WIDTH="43" HEIGHT="30" WC="0.93" CONTENT="jag"/><SP WIDTH="14" VPOS="1261" HPOS="301"/>
							<String ID="string_339" HPOS="315" VPOS="1269" WIDTH="53" HEIGHT="15" WC="0.93" CONTENT="vore"/><SP WIDTH="16" VPOS="1269" HPOS="368"/>
							<String ID="string_340" HPOS="384" VPOS="1263" WIDTH="94" HEIGHT="30" WC="0.92" CONTENT="skyldig"/><SP WIDTH="15" VPOS="1263" HPOS="478"/>
							<String ID="string_341" HPOS="493" VPOS="1267" WIDTH="35" HEIGHT="19" WC="0.93" CONTENT="att"/><SP WIDTH="15" VPOS="1267" HPOS="528"/>
							<String ID="string_342" HPOS="543" VPOS="1265" WIDTH="76" HEIGHT="22" WC="0.91" CONTENT="uttala"/><SP WIDTH="15" VPOS="1265" HPOS="619"/>
							<String ID="string_343" HPOS="634" VPOS="1265" WIDTH="49" HEIGHT="22" WC="0.93" CONTENT="min"/><SP WIDTH="16" VPOS="1265" HPOS="683"/>
							<String ID="string_344" HPOS="699" VPOS="1263" WIDTH="127" HEIGHT="23" WC="0.92" CONTENT="afvikande"/><SP WIDTH="15" VPOS="1263" HPOS="826"/>
							<String ID="string_345" HPOS="841" VPOS="1263" WIDTH="99" HEIGHT="29" WC="0.96" CONTENT="mening."/><SP WIDTH="20" VPOS="1263" HPOS="940"/>
							<String ID="string_346" HPOS="960" VPOS="1263" WIDTH="47" HEIGHT="21" WC="0.96" CONTENT="För"/>
						</TextLine>
						<TextLine ID="line_40" HPOS="175" VPOS="1290" WIDTH="834" HEIGHT="33">
							<String ID="string_347" HPOS="175" VPOS="1290" WIDTH="49" HEIGHT="22" WC="0.96" CONTENT="min"/><SP WIDTH="22" VPOS="1290" HPOS="224"/>
							<String ID="string_348" HPOS="246" VPOS="1291" WIDTH="37" HEIGHT="22" WC="0.93" CONTENT="del"/><SP WIDTH="20" VPOS="1291" HPOS="283"/>
							<String ID="string_349" HPOS="303" VPOS="1299" WIDTH="54" HEIGHT="14" WC="0.92" CONTENT="vore"/><SP WIDTH="18" VPOS="1299" HPOS="357"/>
							<String ID="string_350" HPOS="375" VPOS="1293" WIDTH="43" HEIGHT="29" WC="0.93" CONTENT="jag"/><SP WIDTH="20" VPOS="1293" HPOS="418"/>
							<String ID="string_351" HPOS="438" VPOS="1294" WIDTH="49" HEIGHT="22" WC="0.92" CONTENT="icke"/><SP WIDTH="21" VPOS="1294" HPOS="487"/>
							<String ID="string_352" HPOS="508" VPOS="1295" WIDTH="118" HEIGHT="28" WC="0.92" CONTENT="obenägen"/><SP WIDTH="21" VPOS="1295" HPOS="626"/>
							<String ID="string_353" HPOS="647" VPOS="1296" WIDTH="34" HEIGHT="20" WC="0.93" CONTENT="att"/><SP WIDTH="20" VPOS="1296" HPOS="681"/>
							<String ID="string_354" HPOS="701" VPOS="1295" WIDTH="81" HEIGHT="20" WC="0.92" CONTENT="förena"/><SP WIDTH="20" VPOS="1295" HPOS="782"/>
							<String ID="string_355" HPOS="802" VPOS="1293" WIDTH="50" HEIGHT="28" WC="0.95" CONTENT="mig"/><SP WIDTH="20" VPOS="1293" HPOS="852"/>
							<String ID="string_356" HPOS="872" VPOS="1300" WIDTH="37" HEIGHT="14" WC="0.96" CONTENT="om"/><SP WIDTH="16" VPOS="1300" HPOS="909"/>
							<String ID="string_357" HPOS="925" VPOS="1293" WIDTH="38" HEIGHT="21" WC="0.96" CONTENT="det"/><SP WIDTH="19" VPOS="1293" HPOS="963"/>
							<String ID="string_358" HPOS="982" VPOS="1293" WIDTH="27" HEIGHT="20" WC="0.96" CONTENT="af"/>
						</TextLine>
						<TextLine ID="line_41" HPOS="174" VPOS="1321" WIDTH="831" HEIGHT="32">
							<String ID="string_359" HPOS="174" VPOS="1322" WIDTH="96" HEIGHT="26" WC="0.92" CONTENT="prosten"/><SP WIDTH="15" VPOS="1322" HPOS="270"/>
							<String ID="string_360" HPOS="285" VPOS="1321" WIDTH="136" HEIGHT="24" WC="0.93" CONTENT="Nordström"/><SP WIDTH="19" VPOS="1321" HPOS="421"/>
							<String ID="string_361" HPOS="440" VPOS="1324" WIDTH="81" HEIGHT="29" WC="0.93" CONTENT="gjorda"/><SP WIDTH="16" VPOS="1324" HPOS="521"/>
							<String ID="string_362" HPOS="537" VPOS="1325" WIDTH="116" HEIGHT="28" WC="0.93" CONTENT="förslaget,"/><SP WIDTH="16" VPOS="1325" HPOS="653"/>
							<String ID="string_363" HPOS="669" VPOS="1331" WIDTH="37" HEIGHT="15" WC="0.93" CONTENT="om"/><SP WIDTH="16" VPOS="1331" HPOS="706"/>
							<String ID="string_364" HPOS="722" VPOS="1323" WIDTH="62" HEIGHT="22" WC="0.90" CONTENT="blott"/><SP WIDTH="16" VPOS="1323" HPOS="784"/>
							<String ID="string_365" HPOS="800" VPOS="1323" WIDTH="38" HEIGHT="21" WC="0.93" CONTENT="det"/><SP WIDTH="16" VPOS="1323" HPOS="838"/>
							<String ID="string_366" HPOS="854" VPOS="1323" WIDTH="87" HEIGHT="27" WC="0.92" CONTENT="vinnes,"/><SP WIDTH="16" VPOS="1323" HPOS="941"/>
							<String ID="string_367" HPOS="957" VPOS="1329" WIDTH="48" HEIGHT="14" WC="0.97" CONTENT="som"/>
						</TextLine>
						<TextLine ID="line_42" HPOS="174" VPOS="1349" WIDTH="832" HEIGHT="34">
							<String ID="string_368" HPOS="174" VPOS="1351" WIDTH="26" HEIGHT="19" WC="0.93" CONTENT="är"/><SP WIDTH="15" VPOS="1351" HPOS="200"/>
							<String ID="string_369" HPOS="215" VPOS="1349" WIDTH="163" HEIGHT="24" WC="0.93" CONTENT="hufvudsaken"/><SP WIDTH="15" VPOS="1349" HPOS="378"/>
							<String ID="string_370" HPOS="393" VPOS="1352" WIDTH="37" HEIGHT="23" WC="0.96" CONTENT="för"/><SP WIDTH="14" VPOS="1352" HPOS="430"/>
							<String ID="string_371" HPOS="444" VPOS="1354" WIDTH="54" HEIGHT="29" WC="0.96" CONTENT="mig,"/><SP WIDTH="11" VPOS="1354" HPOS="498"/>
							<String ID="string_372" HPOS="509" VPOS="1356" WIDTH="35" HEIGHT="20" WC="0.96" CONTENT="att"/><SP WIDTH="15" VPOS="1356" HPOS="544"/>
							<String ID="string_373" HPOS="559" VPOS="1355" WIDTH="117" HEIGHT="28" WC="0.96" CONTENT="nämligen"/><SP WIDTH="11" VPOS="1355" HPOS="676"/>
							<String ID="string_374" HPOS="687" VPOS="1361" WIDTH="29" HEIGHT="14" WC="0.93" CONTENT="en"/><SP WIDTH="10" VPOS="1361" HPOS="716"/>
							<String ID="string_375" HPOS="726" VPOS="1353" WIDTH="98" HEIGHT="29" WC="0.93" CONTENT="grunlig"/><SP WIDTH="9" VPOS="1353" HPOS="824"/>
							<String ID="string_376" HPOS="833" VPOS="1351" WIDTH="173" HEIGHT="30" WC="0.96" CONTENT="undersökning"/>
						</TextLine>
						<TextLine ID="line_43" HPOS="174" VPOS="1378" WIDTH="831" HEIGHT="34">
							<String ID="string_377" HPOS="174" VPOS="1378" WIDTH="27" HEIGHT="21" WC="0.93" CONTENT="af"/><SP WIDTH="13" VPOS="1378" HPOS="201"/>
							<String ID="string_378" HPOS="214" VPOS="1379" WIDTH="84" HEIGHT="29" WC="0.92" CONTENT="frägan"/><SP WIDTH="15" VPOS="1379" HPOS="298"/>
							<String ID="string_379" HPOS="313" VPOS="1380" WIDTH="164" HEIGHT="32" WC="0.91" CONTENT="ofördröjligen"/><SP WIDTH="15" VPOS="1380" HPOS="477"/>
							<String ID="string_380" HPOS="492" VPOS="1384" WIDTH="102" HEIGHT="22" WC="0.96" CONTENT="kommer"/><SP WIDTH="15" VPOS="1384" HPOS="594"/>
							<String ID="string_381" HPOS="609" VPOS="1384" WIDTH="38" HEIGHT="21" WC="0.93" CONTENT="till"/><SP WIDTH="10" VPOS="1384" HPOS="647"/>
							<String ID="string_382" HPOS="657" VPOS="1383" WIDTH="74" HEIGHT="22" WC="0.88" CONTENT="ständ."/><SP WIDTH="32" VPOS="1383" HPOS="731"/>
							<String ID="string_383" HPOS="763" VPOS="1383" WIDTH="43" HEIGHT="21" WC="0.96" CONTENT="Om"/><SP WIDTH="10" VPOS="1383" HPOS="806"/>
							<String ID="string_384" HPOS="816" VPOS="1389" WIDTH="53" HEIGHT="14" WC="0.96" CONTENT="man"/><SP WIDTH="11" VPOS="1389" HPOS="869"/>
							<String ID="string_385" HPOS="880" VPOS="1381" WIDTH="42" HEIGHT="22" WC="0.96" CONTENT="vill"/><SP WIDTH="15" VPOS="1381" HPOS="922"/>
							<String ID="string_386" HPOS="937" VPOS="1381" WIDTH="68" HEIGHT="28" WC="0.95" CONTENT="detta,"/>
						</TextLine>
						<TextLine ID="line_44" HPOS="173" VPOS="1409" WIDTH="833" HEIGHT="31">
							<String ID="string_387" HPOS="173" VPOS="1409" WIDTH="76" HEIGHT="21" WC="0.91" CONTENT="säsom"/><SP WIDTH="19" VPOS="1409" HPOS="249"/>
							<String ID="string_388" HPOS="268" VPOS="1409" WIDTH="42" HEIGHT="30" WC="0.93" CONTENT="jag"/><SP WIDTH="19" VPOS="1409" HPOS="310"/>
							<String ID="string_389" HPOS="329" VPOS="1414" WIDTH="48" HEIGHT="19" WC="0.93" CONTENT="tror"/><SP WIDTH="20" VPOS="1414" HPOS="377"/>
							<String ID="string_390" HPOS="397" VPOS="1415" WIDTH="35" HEIGHT="19" WC="0.93" CONTENT="att"/><SP WIDTH="20" VPOS="1415" HPOS="432"/>
							<String ID="string_391" HPOS="452" VPOS="1413" WIDTH="68" HEIGHT="22" WC="0.92" CONTENT="äfven"/><SP WIDTH="22" VPOS="1413" HPOS="520"/>
							<String ID="string_392" HPOS="542" VPOS="1414" WIDTH="114" HEIGHT="21" WC="0.91" CONTENT="utskottet"/><SP WIDTH="19" VPOS="1414" HPOS="656"/>
							<String ID="string_393" HPOS="675" VPOS="1413" WIDTH="38" HEIGHT="22" WC="0.96" CONTENT="det"/><SP WIDTH="24" VPOS="1413" HPOS="713"/>
							<String ID="string_394" HPOS="737" VPOS="1412" WIDTH="69" HEIGHT="28" WC="0.94" CONTENT="velat,"/><SP WIDTH="21" VPOS="1412" HPOS="806"/>
							<String ID="string_395" HPOS="827" VPOS="1412" WIDTH="41" HEIGHT="21" WC="0.96" CONTENT="bör"/><SP WIDTH="17" VPOS="1412" HPOS="868"/>
							<String ID="string_396" HPOS="885" VPOS="1419" WIDTH="55" HEIGHT="14" WC="0.93" CONTENT="man"/><SP WIDTH="15" VPOS="1419" HPOS="940"/>
							<String ID="string_397" HPOS="955" VPOS="1411" WIDTH="51" HEIGHT="22" WC="0.92" CONTENT="icke"/>
						</TextLine>
						<TextLine ID="line_45" HPOS="171" VPOS="1437" WIDTH="835" HEIGHT="35">
							<String ID="string_398" HPOS="171" VPOS="1437" WIDTH="107" HEIGHT="24" WC="0.88" CONTENT="förkasta"/><SP WIDTH="13" VPOS="1437" HPOS="278"/>
							<String ID="string_399" HPOS="291" VPOS="1441" WIDTH="133" HEIGHT="28" WC="0.92" CONTENT="petitionen,"/><SP WIDTH="16" VPOS="1441" HPOS="424"/>
							<String ID="string_400" HPOS="440" VPOS="1445" WIDTH="28" HEIGHT="26" WC="0.97" CONTENT="ty"/><SP WIDTH="14" VPOS="1445" HPOS="468"/>
							<String ID="string_401" HPOS="482" VPOS="1451" WIDTH="82" HEIGHT="21" WC="0.96" CONTENT="genom"/><SP WIDTH="16" VPOS="1451" HPOS="564"/>
							<String ID="string_402" HPOS="580" VPOS="1443" WIDTH="51" HEIGHT="22" WC="0.93" CONTENT="dess"/><SP WIDTH="20" VPOS="1443" HPOS="631"/>
							<String ID="string_403" HPOS="651" VPOS="1441" WIDTH="149" HEIGHT="24" WC="0.91" CONTENT="förkastande"/><SP WIDTH="22" VPOS="1441" HPOS="800"/>
							<String ID="string_404" HPOS="822" VPOS="1441" WIDTH="36" HEIGHT="22" WC="0.93" CONTENT="fär"/><SP WIDTH="19" VPOS="1441" HPOS="858"/>
							<String ID="string_405" HPOS="877" VPOS="1441" WIDTH="71" HEIGHT="21" WC="0.96" CONTENT="saken"/><SP WIDTH="19" VPOS="1441" HPOS="948"/>
							<String ID="string_406" HPOS="967" VPOS="1441" WIDTH="39" HEIGHT="21" WC="0.96" CONTENT="det"/>
						</TextLine>
						<TextLine ID="line_46" HPOS="172" VPOS="1468" WIDTH="834" HEIGHT="34">
							<String ID="string_407" HPOS="172" VPOS="1468" WIDTH="128" HEIGHT="29" WC="0.91" CONTENT="utseendet,"/><SP WIDTH="15" VPOS="1468" HPOS="300"/>
							<String ID="string_408" HPOS="315" VPOS="1477" WIDTH="49" HEIGHT="15" WC="0.96" CONTENT="som"/><SP WIDTH="15" VPOS="1477" HPOS="364"/>
							<String ID="string_409" HPOS="379" VPOS="1471" WIDTH="75" HEIGHT="23" WC="0.96" CONTENT="skulle"/><SP WIDTH="15" VPOS="1471" HPOS="454"/>
							<String ID="string_410" HPOS="469" VPOS="1473" WIDTH="154" HEIGHT="29" WC="0.91" CONTENT="petitionären"/><SP WIDTH="15" VPOS="1473" HPOS="623"/>
							<String ID="string_411" HPOS="638" VPOS="1471" WIDTH="134" HEIGHT="30" WC="0.92" CONTENT="onödigtvis"/><SP WIDTH="16" VPOS="1471" HPOS="772"/>
							<String ID="string_412" HPOS="788" VPOS="1471" WIDTH="70" HEIGHT="22" WC="0.93" CONTENT="väckt"/><SP WIDTH="15" VPOS="1471" HPOS="858"/>
							<String ID="string_413" HPOS="873" VPOS="1471" WIDTH="82" HEIGHT="28" WC="0.92" CONTENT="frägan"/><SP WIDTH="13" VPOS="1471" HPOS="955"/>
							<String ID="string_414" HPOS="968" VPOS="1470" WIDTH="38" HEIGHT="22" WC="0.96" CONTENT="till"/>
						</TextLine>
						<TextLine ID="line_47" HPOS="172" VPOS="1497" WIDTH="833" HEIGHT="34">
							<String ID="string_415" HPOS="172" VPOS="1497" WIDTH="50" HEIGHT="22" WC="0.90" CONTENT="tals."/><SP WIDTH="33" VPOS="1497" HPOS="222"/>
							<String ID="string_416" HPOS="255" VPOS="1498" WIDTH="48" HEIGHT="22" WC="0.92" CONTENT="När"/><SP WIDTH="15" VPOS="1498" HPOS="303"/>
							<String ID="string_417" HPOS="318" VPOS="1500" WIDTH="46" HEIGHT="22" WC="0.92" CONTENT="nöd"/><SP WIDTH="17" VPOS="1500" HPOS="364"/>
							<String ID="string_418" HPOS="381" VPOS="1505" WIDTH="25" HEIGHT="18" WC="0.92" CONTENT="är"/><SP WIDTH="16" VPOS="1505" HPOS="406"/>
							<String ID="string_419" HPOS="422" VPOS="1503" WIDTH="13" HEIGHT="21" WC="0.92" CONTENT="&amp;"/><SP WIDTH="15" VPOS="1503" HPOS="435"/>
							<String ID="string_420" HPOS="450" VPOS="1502" WIDTH="70" HEIGHT="29" WC="0.92" CONTENT="färde,"/><SP WIDTH="16" VPOS="1502" HPOS="520"/>
							<String ID="string_421" HPOS="536" VPOS="1503" WIDTH="30" HEIGHT="22" WC="0.93" CONTENT="dä"/><SP WIDTH="15" VPOS="1503" HPOS="566"/>
							<String ID="string_422" HPOS="581" VPOS="1503" WIDTH="90" HEIGHT="22" WC="0.91" CONTENT="förlitar"/><SP WIDTH="15" VPOS="1503" HPOS="671"/>
							<String ID="string_423" HPOS="686" VPOS="1509" WIDTH="56" HEIGHT="15" WC="0.96" CONTENT="man"/><SP WIDTH="16" VPOS="1509" HPOS="742"/>
							<String ID="string_424" HPOS="758" VPOS="1501" WIDTH="37" HEIGHT="28" WC="0.93" CONTENT="sig"/><SP WIDTH="15" VPOS="1501" HPOS="795"/>
							<String ID="string_425" HPOS="810" VPOS="1501" WIDTH="51" HEIGHT="22" WC="0.92" CONTENT="icke"/><SP WIDTH="16" VPOS="1501" HPOS="861"/>
							<String ID="string_426" HPOS="877" VPOS="1501" WIDTH="29" HEIGHT="28" WC="0.93" CONTENT="pä"/><SP WIDTH="15" VPOS="1501" HPOS="906"/>
							<String ID="string_427" HPOS="921" VPOS="1500" WIDTH="84" HEIGHT="23" WC="0.92" CONTENT="hvadi"/>
						</TextLine>
					</TextBlock>
				</ComposedBlock>
			</PrintSpace>
		</Page>
	</Layout>
</alto>
