1075 1753
326 81 77 22 Päppiss.
414 81 7 18 I
433 85 16 18 p.
464 75 68 35 Huhfik.”
537 75 55 35 1808.
801 78 34 19 467

45 135 72 60 ligen
135 139 51 23 icke
207 141 49 20 rätt
277 141 36 20 att
330 139 46 23 alla
390 139 66 22 dessa
471 139 47 22 fem
532 139 108 29 miljoner
653 145 33 16 nu
702 142 39 19 äro
755 135 118 59 upptagnå

63 169 24 22 ill.
102 169 42 22 sitt
158 169 59 22 fulla
230 169 114 22 nominela
358 169 75 29 värde,
448 172 28 27 ty
491 169 8 22 i
515 169 75 29 sjefva
605 169 81 23 verket
700 168 71 23 hafva
798 176 12 14 de
821 168 52 22 idkö

50 199 64 22 detta
127 199 75 22 värde.
233 198 79 23 Såsom
327 198 70 26 sades,
413 199 42 22 har
468 199 43 29 jag
526 199 64 22 inom
604 198 114 23 tutskottet
729 198 62 22 varit
805 198 68 22 benä-

49 236 46 21 gen
117 229 36 22 för
176 229 172 29 nedsmältuing
373 229 26 22 af
420 230 41 21 två
483 229 108 29 miljoner
610 228 71 29 mark,
697 234 53 16 men
765 226 42 24 har
821 227 58 30 icke.

50 259 62 22 velat
136 265 116 16 reservera
272 258 50 29 mig
342 258 99 28 särskilt,
459 259 30 22 dä
504 259 51 22 skäl
570 258 114 23 mähända
698 258 74 21 finnes
785 257 37 22 för
837 258 35 20 att

50 288 90 22 minska
162 288 74 22 denna
259 295 87 16 summa
369 288 37 22 till
429 296 28 15 en
480 288 87 30 miljon,
587 294 53 16 men
654 288 10 22 i
679 288 71 21 ingen
765 285 108 24 händel6

49 318 74 22 skulle
145 318 43 29 jag
212 317 58 30 vilja
294 317 117 30 tillstyrka
435 319 78 29 någon
528 318 136 29 förändring
679 318 9 21 i
719 325 29 14 den
762 316 104 29 riktning

50 347 114 35 professor
178 348 94 21 Donner
285 347 75 29 yrkat.
390 348 81 22 Under
486 348 86 22 sådana
587 342 191 44 omständigheter
791 346 80 22 :skulle

48 385 43 21 Jag
105 377 83 23 föreslå
203 379 35 21 att
252 377 125 23 utskottets
392 378 63 22 kläm
469 378 76 22 skulle
560 379 97 27 antagas
672 376 141 23 oförändrad.

121 407 127 23 Professori
263 407 103 22 Donner:
381 408 119 22 Professor
515 408 127 28 Runeberg
652 407 119 22 anmärkte
785 405 88 31 ganska

50 436 84 30 riktigt
153 439 36 21 att
209 444 28 15 en
258 437 37 22 del
313 437 25 22 af
352 437 45 22 den
411 437 106 29 kostnad,
532 444 48 16 som
596 437 123 22 beräknats
733 436 37 22 för
783 435 90 23 realise-

51 467 82 22 randet
158 467 27 22 af
208 467 43 22 den
276 467 127 22 nedsmälta
425 467 117 29 miljonen,
568 467 81 22 bestod
668 466 8 22 i
692 466 39 22 det
746 465 127 30 sjunkande

50 497 81 22 värdet
146 497 26 22 af
185 496 186 23 silfvermetallen
387 497 43 22 och
445 500 35 20 att
495 497 76 23 denna
593 496 161 30 nedsänkning
773 496 10 22 i
802 494 70 23 värde

50 527 70 21 redan
142 534 32 14 nu
197 526 114 29 existerar.
341 527 47 22 Det
410 530 26 19 är
458 528 39 21 väl
518 530 60 24 sant,
596 534 53 14 men
675 528 24 20 så
714 526 68 29 länge
797 524 76 23 silfret

50 560 26 19 är
98 556 107 30 prägladt
219 556 37 22 till
276 558 65 28 mynt
356 557 9 21 i
379 557 60 22 form
454 557 27 22 af
493 556 169 30 markstycken,
682 556 74 30 gäller
771 556 38 21 det
824 558 48 19 som

51 586 203 29 betalningsmedel
276 588 30 28 på
320 594 87 15 samma
422 587 35 22 vis
473 594 49 15 som
538 586 69 22 äfven
622 586 44 22 allt
680 588 71 20 annat
766 584 107 31 prägladt

51 616 158 29 underhaltigt
228 616 146 29 silfvermynt
394 617 9 21 i
424 617 80 29 vanlig
518 616 101 30 mening,
635 616 43 22 och
693 616 9 22 i
717 615 108 23 händelse
835 614 39 22 det

50 646 131 28 bibehålles,
198 646 45 22 kan
261 646 39 22 det
317 646 96 22 sålunda
427 647 9 21 i
451 646 45 22 den
511 646 119 22 allmänna
643 646 100 22 rörelsen
758 651 115 23 represen-

51 678 49 20 tera
110 678 34 20 ett
154 676 101 22 deremot
265 676 110 22 svarande
388 676 76 29 värde,
476 676 92 22 hvilket
576 680 25 18 är
612 676 88 29 ganska
711 674 166 29 fördelaktigt;

52 711 52 16 men
114 706 30 21 då
165 705 39 22 det
212 707 91 28 engång
309 705 125 29 realiseras,
440 705 30 23 då
476 707 96 28 uppstår
588 706 44 22 den
647 708 61 19 stora
723 705 110 22 förlusten
849 703 27 22 af

53 736 28 23 16
102 736 34 28 9/,.
166 735 54 22 Kan
242 743 53 14 man
317 739 84 26 antaga
425 738 35 20 att
480 735 249 30 präglingskostnaden
750 735 71 28 stiger
837 733 36 22 till

52 766 36 21 4:&
98 766 14 21 5
132 766 33 28 Oo,
182 760 24 44 så
216 765 67 22 häfva
294 765 22 22 vi
332 773 29 14 en
376 765 92 22 skilnad
483 773 49 14 som
548 767 91 33 uppgår
654 765 37 22 till
706 766 29 21 20
751 765 28 28 %
795 764 27 22 af
835 763 39 22 det

52 795 115 22 nominela
181 795 86 22 värdet.
298 795 12 21 I
325 795 71 23 sådan
411 795 110 22 händelse
536 797 45 20 kan
594 803 10 22 jag
652 795 50 22 icke
712 795 63 21 finna
785 796 34 20 att
829 793 44 22 den

51 824 149 22 rähteförlust
223 825 39 22 det
287 832 31 15 nu
340 825 110 29 liggande
473 825 77 22 silfret
568 825 94 28 medför,
690 825 27 22 då
736 824 39 22 det
789 823 21 30 ej
827 823 46 22 kan

52 854 130 22 förvandlas
202 855 37 21 till
252 855 166 22 räntebärande
433 863 93 22 papper,
543 855 74 22 skulle
632 855 78 29 uppgå
725 854 37 22 till
777 855 96 21 motsva-

51 884 70 22 rande
136 891 88 15 summa
238 885 72 21 under
325 887 34 20 ett
375 885 56 22 eller
445 893 43 21 par
503 886 30 21 år.
564 884 48 30 Jag
627 884 43 23 vill
685 884 52 22 icke
751 876 123 63 uppehölla

52 913 157 23 diskussionen
215 914 98 23 härmed.
328 914 47 29 Jag
385 914 56 23 ville
445 915 62 22 blott
511 915 89 29 påpeka
608 917 36 20 att
652 915 40 21 det
701 912 174 29 otvifvelaktigt

51 943 76 30 ligger
148 944 8 21 i
176 945 149 21 statsverkets
345 945 101 28 intresse,
467 945 74 22 såsom
562 944 49 23 helt
631 943 137 28 betraktadt,
787 944 35 21 ätt
837 949 37 15 om

50 981 54 14 man
110 981 65 14 anser
180 976 110 19 ettstörre
300 974 77 22 förråd
385 974 26 23 af
413 975 98 29 präglad
515 975 80 21 metall
602 974 72 22 under
680 974 61 22 vissa
750 971 124 24 förhällan-

52 1003 44 22 dön
105 1003 73 22 blifva
187 1003 151 30 behöfligt,
318 999 25 39 då
353 1004 116 23 bibehålla
475 1004 44 29 det,
528 1011 49 15 som
587 1011 32 15 nu
633 1004 71 22 redan
719 1003 73 22 finnes
807 1005 67 27 präg-

53 1033 54 26 ladt,
123 1033 43 22 och
180 1033 50 22 icke
246 1036 86 20 utsätta
347 1034 37 29 sig
397 1034 50 29 just
461 1034 38 22 för
515 1035 44 21 den
574 1034 151 29 möjligheten
733 1033 42 29 jag
785 1031 88 29 antydt,

52 1062 116 29 nämligen
183 1064 35 20 att
232 1063 127 22 nedsmälta
374 1064 44 22 och
433 1064 82 29 prägla
530 1065 66 27 ånyo.

123 1092 105 22 Provasti
251 1093 69 28 Hjelt:
342 1093 140 23 Godkänner
501 1101 55 15 man
570 1094 40 21 det
624 1093 28 22 af
664 1093 113 22 utskottet
792 1090 83 31 gjorda

51 1121 115 30 förslaget,
176 1122 138 29 tillskyndar
324 1129 53 16 man
383 1124 91 22 banken
485 1124 69 26 vinst,
567 1123 45 22 den
621 1123 64 22 vinst
694 1122 121 30 nämligen,
825 1128 49 15 som
887 1126 1 3 '

51 1151 91 23 banken
162 1155 42 26 gör
221 1152 129 29 derigenom
361 1155 35 20 att
409 1154 44 21 den
459 1147 36 40 får
505 1153 170 29 ersättning
640 1147 31 40 för
683 1152 38 22 det
728 1151 93 31 prisfall,
827 1157 48 16 som

52 1182 75 22 silfret
144 1182 62 22 varit
220 1182 170 23 underkastadt.
421 1183 141 22 Godkänner
576 1190 54 15 man
645 1183 113 29 professor
771 1182 104 22 Donners

52 1211 92 29 förslag,
167 1212 138 28 tillskyndar
320 1220 52 14 man
392 1213 91 22 banken
509 1213 89 27 förlust,
613 1215 28 27 ty
656 1212 138 22 statsverket
809 1214 80 19 anser

53 1241 36 29 sig
111 1241 51 22 icke
184 1242 106 28 skyldigt
314 1245 35 19 att
364 1242 93 30 deltaga
476 1243 9 21 i
501 1243 44 22 den
561 1242 89 28 förlust,
665 1249 47 15 som
727 1242 90 22 banken
833 1240 43 22 har

51 1266 63 60 gjort
139 1271 131 29 derigenom
295 1274 36 20 att
355 1272 76 22 silfret
455 1273 44 21 har
519 1272 63 22 fallit
606 1272 5 22 i
625 1272 77 22 värde.
731 1272 66 21 Blott
811 1270 9 22 i
835 1270 41 21 det

63 1301 36 26 all,
116 1303 34 20 att
164 1301 39 21 det
217 1301 150 30 öfverflödiga
382 1302 174 29 silfvermyntet
571 1302 146 30 uppsmältes,
728 1303 65 27 tager
809 1301 77 27 stats--

51 1330 81 22 verket
154 1330 36 22 del
213 1331 9 21 i
244 1330 117 23 förlusten.
392 1332 133 22 Bibehälles
541 1332 44 28 det,
609 1332 117 22 betraktar
745 1332 75 20 staten
836 1329 40 22 det

52 1367 48 15 som
118 1360 134 29 skiljemynt
279 1361 43 22 och
337 1368 66 15 anser
418 1362 94 22 banken
527 1369 78 15 ensam
620 1362 55 22 böra
689 1361 128 22 vidkänrias
832 1359 45 22 för-
889 1363 2 2 :

52 1390 82 21 lusten.
164 1390 92 22 Således
285 1390 51 22 ifall
361 1392 124 21 ständerna
510 1395 57 26 göra
591 1399 29 14 en
646 1390 171 28 framställning
839 1388 52 22 till”

52 1419 134 30 regeringen
202 1423 34 18 att
248 1421 7 20 i
271 1420 66 22 ställe
352 1420 37 22 för
403 1421 29 22 de
447 1422 41 21 två
504 1421 146 22 millionerna
664 1421 80 21 endast
761 1418 119 28 1,000,000:

52 1449 66 22 mark
142 1449 142 28 nedsmältes,
309 1450 101 22 kommer
429 1451 94 22 banken
541 1453 35 20 att
598 1451 87 22 erhålla
700 1449 26 23 af
739 1447 138 24 statsverket

52 1479 66 27 8,000
140 1479 70 28 mark,
227 1480 117 21 hvaremot
364 1487 37 15 om
421 1481 116 28 professor
553 1480 105 23 Donners
673 1479 87 30 förslag
774 1477 101 30 godkän-
891 1481 2 2 '

50 1515 46 20 nes,
107 1509 90 21 bariken
211 1509 51 22 icke
276 1509 98 22 erhåller
383 1511 141 28 någonting;
535 1518 53 14 men
595 1510 75 22 dennå
678 1510 63 22 vinst
751 1509 42 22 och
801 1507 79 22 denna

270 1580 9 8 <
