1075 1753
329 94 75 21 Pappiss.
417 94 11 17 2
440 97 16 17 p.
469 93 65 18 Helmik.
546 93 49 17 1885.
817 93 22 18 n

52 151 52 29 ring
119 159 47 22 upp
181 151 53 22 med
248 154 102 19 rötterna
365 152 43 21 och
423 152 98 21 försätta
537 151 44 22 den
597 151 9 21 i
616 159 29 14 en
655 159 33 21 ny
696 152 115 29 jordmån.
830 154 45 28 Jag

52 181 46 21 kan
117 181 51 22 icke
183 181 60 22 fatta
258 184 34 19 att
308 181 64 22 detta
386 181 75 22 skulle
476 182 79 21 kunna
570 181 143 22 annorlunda
728 182 147 29 genomföras,

54 215 28 17 än
98 211 92 22 alldeles
205 212 29 28 pä
250 219 85 14 samma
350 214 47 19 sätt
412 219 49 14 som
478 212 58 21 1873
552 211 8 22 i
576 211 149 28 Tavastehus,
736 212 20 21 d.
767 219 20 14 v.
799 219 15 14 s.
825 213 51 21 med

54 242 13 20 2
82 241 87 21 klasser
182 241 37 21 till
229 249 29 14 en
267 241 81 28 början
359 242 43 21 och
413 241 126 22 sedermera
550 243 34 19 ett
594 241 126 22 successivt
730 241 145 23 tillväxande.

54 270 97 29 Följden
167 271 66 21 deraf
246 271 74 21 skulle
335 271 74 22 blifva
425 279 28 14 en
469 279 57 20 paus
542 271 26 22 af
582 272 14 21 6
611 271 53 21 hela
680 272 24 20 är
720 272 8 20 i
743 273 52 20 värt
805 272 71 22 natio-

54 301 52 21 nela
120 301 201 28 bildningsarbete.
344 301 71 22 Detta
431 304 25 18 är
472 301 58 22 dock
546 303 34 19 ett
596 301 61 26 offer,
674 309 47 13 som
737 301 42 29 jag
795 302 80 21 ätmin-

54 332 64 20 stone
132 331 50 20 icke
198 331 74 21 skulle
286 332 60 26 våga
361 331 124 27 tillstyrka.
511 331 81 21 Ehuru
605 331 43 27 jag
663 334 72 25 gärna
749 331 128 29 medgifver

55 362 33 19 att
104 360 38 21 det
157 368 41 13 var
214 362 33 19 ett
263 360 141 29 berättigadt
419 360 131 29 påstående,
566 360 28 22 dä
605 360 67 28 fråga
684 360 94 22 väcktes
789 368 36 14 om
835 361 40 21 fin-

55 390 41 21 ska
116 390 174 28 normallyceets
310 390 118 28 placering
443 390 9 21 i
468 390 148 28 Tavastehus,
632 392 35 19 att
683 390 39 21 det
737 390 92 22 liknade
844 392 33 20 ett

56 421 97 20 attentat
168 422 48 19 mot
232 420 38 21 det
284 420 116 21 nationela
416 420 93 28 arbetet,
521 428 48 14 som
580 420 29 22 dä
619 420 71 21 redan
700 420 121 29 påbörjats,
832 421 45 21 kan

53 449 42 29 jag
110 450 58 21 dock
183 457 93 14 numera
290 450 83 28 intyga
389 452 33 19 att
438 450 80 22 skolan
532 450 8 21 i
552 450 142 22 Tavastehus
705 450 80 22 trifves
796 450 38 22 väl
844 451 33 21 äf-

55 486 44 14 ven
114 481 30 27 pä
159 480 44 21 den
218 482 65 19 orten
299 480 42 21 och
356 480 77 21 kunde
449 480 83 22 trifvas
549 484 61 17 ännu
625 480 81 27 bättre,
723 487 36 15 om
770 481 43 21 den
827 480 50 22 med

57 516 61 15 mera
138 510 76 21 ömhet
234 508 153 23 omhuldades.
403 522 29 3 —
448 510 51 21 Den
515 510 68 21 ärade
598 510 153 28 petitionären
766 510 111 28 framböll,

57 546 47 14 som
125 540 71 28 sagdt,
218 539 201 29 hufvudsakligast
434 542 86 19 tvänne
536 540 149 28 synpunkter.
716 540 51 20 Den
782 548 47 20 ena,
845 542 33 19 att

58 569 79 22 skolan
145 572 25 18 är
177 570 66 28 långt
252 569 99 29 aflägsen
360 570 60 21 ifrån
426 569 44 21 den
481 572 40 24 ort,
529 571 39 19 der
572 570 257 28 pedagogieprofessorn
837 570 41 21 har

57 599 35 21 sin
107 599 150 27 verksamhet,
274 600 42 20 den
332 599 77 28 andra,
425 601 33 19 att
471 599 239 22 lärarekandidaterne
720 599 8 21 i
739 599 138 21 Tavastehus

58 629 70 21 sakna
149 629 71 29 nödig
243 629 102 21 materiel
368 629 37 21 för
427 629 35 21 sin
483 629 80 21 vidare
583 629 140 29 utbildning.
757 629 68 21 Hvad
841 629 38 21 det

57 658 61 22 förra
139 659 73 21 skälet
230 659 111 27 beträffar,
358 660 24 20 sä
397 659 43 21 vill
453 659 42 28 jag
511 659 81 21 endast
607 659 122 21 framhålla
744 658 135 30 stadgandet

56 689 8 20 i
79 688 130 29 Kejserliga
224 688 173 28 Förordningen
413 689 26 20 af
453 689 44 20 den
515 690 27 20 10
559 688 132 29 September
708 689 63 26 1872,
787 689 39 20 der
841 688 38 21 det

55 718 69 27 heter,
141 720 34 19 att
190 718 92 21 tillfälle
296 718 41 21 bör
351 718 94 21 beredas
456 718 211 21 lärarekandidater
676 720 35 19 att
722 717 85 22 erhälla
818 717 62 22 säväl

55 748 108 21 teoretisk
181 747 164 29 undervisning
366 755 48 14 som
434 748 106 28 praktisk
555 748 158 28 handledning
729 748 8 20 i
752 747 129 29 pedagogik

57 784 82 21 genom
160 785 28 13 en
209 777 77 22 dertill
302 777 54 21 fullt
371 777 100 29 skicklig
486 785 87 21 person,
588 777 118 28 nämligen
716 777 8 21 i
735 777 145 22 Tavastehus.

58 807 12 20 I
85 807 84 28 nådiga
184 807 151 28 kungörelsen
351 808 26 21 af
391 808 42 21 den
451 809 28 20 29
495 807 46 29 Maj
560 809 57 20 1873
634 807 8 21 i
658 809 14 20 6
687 815 65 14 mom.
764 810 72 25 säges:
847 814 33 14 se-

58 839 68 19 naten
147 840 59 25 äger,
222 840 41 17 när
282 837 70 21 behof
369 838 26 21 af
408 845 28 13 en
452 837 66 28 dylik
533 837 167 28 undervisning
715 838 100 27 uppstär,
830 837 51 20 med

61 866 97 21 särskild
178 867 142 28 underdänig
341 867 171 28 framställning
532 867 9 21 i
557 870 77 18 ämnet
649 867 120 21 inkomma.
785 879 27 3 —
829 866 52 21 Men

62 896 125 29 veterligen
202 896 42 22 har
260 904 28 13 en
303 897 70 21 sådan
389 897 172 28 framställning
574 901 62 17 ännu
646 897 51 20 icke
708 899 113 18 emanerat
832 896 50 21 från

63 926 53 29 kejs.
139 926 103 21 Senaten.
274 926 82 21 Dertill
377 928 70 19 måtte
468 927 39 21 väl
528 927 124 21 förefinnas
667 927 70 28 något
752 926 55 21 skäl
837 926 46 27 Jag

62 955 72 22 skulle
154 963 56 14 vara
230 956 86 21 frestad
336 954 85 31 antaga
436 958 35 19 att
487 957 73 20 skälet
575 964 54 13 vore
646 956 44 27 det,
706 958 35 19 att
755 958 34 19 ett
804 955 79 22 sådant

63 985 71 22 behof
152 988 61 19 ännu
234 986 50 21 icke
302 988 89 27 yppats.
423 987 36 27 Ty
475 994 37 13 om
528 987 63 20 detta
606 986 73 21 behof
692 985 118 28 verkligen
825 985 59 21 före-

64 1015 71 21 finnes
150 1015 43 22 och
209 1016 104 27 anmäles,
330 1017 23 20 sä
369 1016 42 21 bör
427 1016 38 21 det
481 1016 36 21 väl
534 1017 30 27 pä
580 1016 63 21 detta
659 1018 45 19 sätt
714 1015 78 21 kunna
803 1014 82 29 afhjel-

64 1052 46 21 pas,
127 1045 59 21 helst
206 1045 43 21 och
270 1046 8 20 i
298 1046 125 27 synnerhet
443 1052 48 15 som
512 1046 70 21 bland
601 1046 101 20 lärarene
721 1045 8 21 i
745 1044 140 22 Tavastehus

64 1075 71 21 finnes
151 1082 28 14 en
195 1082 87 22 person,
298 1076 95 21 allmänt
409 1075 86 21 ansedd
510 1075 97 29 lämplig
622 1077 35 19 att
668 1075 65 21 sköta
743 1074 68 22 äfven
823 1074 62 21 detta

64 1104 56 22 värf.
144 1105 69 21 Hvad
229 1105 101 29 återigen
346 1106 39 20 det
400 1105 114 28 beträffar,
531 1107 34 19 att
575 1105 174 28 normallyceets
759 1104 126 21 lärarekan-

65 1134 88 22 didater
168 1138 38 18 äro
222 1134 101 29 aflägsna
338 1135 52 21 från
405 1135 172 21 universitetets
593 1134 117 27 bibliotek,
727 1135 24 20 sä
767 1137 24 18 är
807 1134 38 20 det
859 1133 26 28 ju

64 1172 28 14 en
106 1167 51 19 rent
173 1165 129 21 ekonomisk
319 1165 71 28 fräga,
407 1172 47 14 som
469 1165 53 21 med
538 1164 84 22 lätthet
638 1164 67 22 äfven
716 1164 76 21 kunde
805 1162 82 29 afhjel-

64 1202 46 20 pas,
134 1194 75 22 sävidt
229 1194 71 29 nödig
318 1194 165 28 offervillighet
499 1194 73 22 skulle
588 1194 128 22 förefinnas.
747 1194 46 27 Jag
808 1192 80 28 tycker

65 1226 34 19 att
120 1224 64 21 dessa
205 1224 49 21 skäl
276 1224 75 22 derför
367 1224 50 21 icke
433 1227 39 18 äro
489 1224 213 28 oöfvervinnerliga.
733 1223 43 21 Att
791 1222 95 22 normal-

64 1254 74 28 lyceet
153 1254 9 20 i
173 1254 141 21 Tavastehus
330 1254 55 28 eljes
409 1254 41 21 har
473 1254 83 21 verkat
578 1255 30 26 sä,
632 1256 34 19 att
688 1254 37 20 det
743 1253 83 21 vunnit
847 1251 41 22 all-

66 1286 63 18 mänt
155 1284 149 26 erkännande,
328 1286 34 19 att
389 1284 38 21 det
453 1284 109 21 omfattas
588 1284 26 21 af
637 1283 58 21 hvar
718 1282 53 22 oche
783 1290 34 18 en,
840 1288 48 14 som

67 1313 100 21 kommer
189 1313 9 21 i
221 1314 107 28 beröring
350 1313 93 21 dermed
465 1313 54 21 med
543 1315 82 19 största
648 1316 83 24 värma,
755 1312 39 21 det
812 1314 24 18 är
851 1310 38 22 väl

66 1344 76 27 något,
160 1350 46 14 som
225 1343 42 29 jag
288 1343 50 21 icke
358 1343 110 21 behöfver
489 1343 43 21 här
550 1343 128 21 framhålla.
711 1342 45 28 Jag
777 1344 48 18 tror
842 1340 48 28 mig

67 1372 77 22 kunna
160 1373 65 28 pästä
241 1375 34 19 att
291 1375 33 19 ett
339 1373 81 21 sädant
436 1372 148 22 erkännande
598 1372 68 22 ocksä
676 1372 41 22 har
727 1372 96 21 lemnats
833 1370 57 22 läro-

67 1402 80 21 verket
163 1402 26 21 af
202 1409 111 21 personer,
329 1402 80 21 hvilka
425 1403 35 20 stä
471 1402 40 21 det
521 1405 62 24 nära,
594 1402 73 21 ehuru
677 1402 90 21 bosatta
777 1402 30 27 pä
817 1400 74 21 denna

67 1434 41 18 ort.
139 1431 42 22 Uti
200 1439 54 20 nyss
274 1431 125 29 äberopade
415 1431 137 28 förordning
567 1432 93 27 stadgas
676 1431 47 27 ock,
740 1433 33 19 att
788 1429 103 22 mänads-

66 1460 177 22 konferenserna
265 1461 40 21 vid
328 1461 165 28 normallyceet
515 1462 8 20 i
545 1461 141 21 Tavastehus
706 1461 64 20 skola
790 1459 62 21 ledas
868 1457 27 22 af

66 1490 126 29 pedadogie
207 1491 135 28 professorn,
357 1498 53 14 men
425 1491 37 21 för
479 1491 44 21 den
538 1490 108 22 händelse
662 1490 81 21 hinder
758 1489 36 21 för
809 1488 83 21 honom

66 1521 101 27 uppstär,
183 1520 46 21 kan
245 1521 67 20 ocksä
327 1520 94 21 rektorn
436 1520 40 21 vid
493 1521 129 21 läroverket
632 1522 119 25 ötvertaga
762 1519 73 21 denna
845 1517 47 21 led-

66 1549 62 28 ning.
151 1549 47 28 Jag
212 1552 48 19 tror
276 1552 34 19 att
326 1549 167 22 innehafvaren
510 1551 25 20 af
544 1550 74 21 denna
628 1549 132 28 profession,
772 1548 41 21 allt
824 1547 69 22 sedan
