1075 1753
331 87 71 22 -Papåis:
409 87 21 18 '&
438 90 19 19 p.
469 87 64 18 Huhtik.
544 85 50 20 1898.
801 83 35 23 481

47 147 38 22 att
107 145 93 23 dermed
222 145 43 23 ock
286 145 115 30 uppgifva
423 145 38 22 sin
481 145 111 30 egendom
610 145 41 22 till
664 145 108 22 konkurs.
801 146 71 23 Detta

48 175 109 30 yttrande
179 176 43 22 har
236 175 175 25 hankutskottet
426 175 53 22 icke
493 175 91 22 kunnat
597 175 65 29 gilla,
676 177 59 20 utan
749 178 75 19 ansett
838 178 35 20 att

50 205 176 30 ifrågavarande
244 205 145 22 affirsmäns
417 205 112 22 obestånd
555 205 161 29 förnämligast
736 204 137 31 förorsakats

51 235 71 28 deraf,
145 237 34 20 att
201 235 28 22 de
251 235 9 21 i
276 235 38 22 det
328 234 93 29 längsta
437 235 97 28 åtnjutit
548 241 30 15 en
593 235 154 22 öfvermåttan
761 237 48 20 stor
823 241 50 23 per-

50 265 77 29 sonlig
141 265 76 22 kredit
231 265 41 21 hos
288 265 105 28 samtlige
403 265 95 22 banker.
518 265 77 21 Häraf
602 264 75 22 skulle
687 264 88 23 således
785 265 88 29 framgå

51 296 36 21 att
107 295 44 22 den
169 294 129 30 personliga
312 294 112 28 krediten,
440 301 49 15 som
505 294 65 22 dessa
586 294 121 22 affärsmän
723 294 94 30 åtnjutit
832 295 42 22 hos

52 325 123 28 bankerna;
196 324 73 22 skulle
292 324 62 21 varit
373 324 98 22 orsaken
494 324 37 21 till
550 324 65 22 deras
631 324 116 22 obestånd.
777 325 47 28 Jag
838 325 35 22 för

53 354 49 22 min
124 354 36 22 del
176 354 46 22 kan
236 354 51 21 icke
302 354 59 21 fatta
381 355 37 20 att
433 354 46 22 den
494 353 83 29 kredit,
593 360 49 15 som
656 361 54 15 man
725 362 64 22 eger,
799 354 74 22 bidra-

53 392 41 21 ger
108 384 38 22 till
161 391 40 15 ens
216 383 116 22 obestånd.
362 383 62 29 Eger
435 390 54 15 man
504 383 9 22 i
523 391 29 14 en
562 383 193 31 bankinrättning
764 391 29 15 en
804 386 71 20 större

54 414 76 22 kredit
144 417 30 19 än
189 420 53 15 man
257 416 25 18 är
296 413 63 28 värd,
380 413 46 22 blir
440 413 90 29 följden
545 413 45 22 den
605 415 41 27 att,
662 420 36 15 om
714 414 112 22 affärerna
845 414 30 29 gå

54 444 80 29 dåligt,
154 443 90 23 banken
259 442 58 22 lider
332 442 89 27 förlust,
436 450 55 15 men
505 442 57 30 själf
575 443 101 21 kommer
690 450 55 15 man
760 444 50 22 icke
825 443 49 23 der-

54 473 90 30 igenom
166 480 48 15 mer
236 474 30 28 på
287 473 110 21 obestånd
419 476 31 18 än
474 480 81 14 annars
578 473 63 22 varit
660 472 72 23 fallet.
762 474 13 21 I
793 473 82 30 själfva

55 503 199 29 framställningen
276 502 152 22 förekommer
444 504 35 20 ett
493 502 101 30 misstag,
611 508 48 16 som
674 505 42 27 gör
731 502 75 24 denna
821 505 54 21 sista

56 529 94 38 mening
156 534 42 50 J
213 532 75 22 denna
303 532 50 22 sida
368 532 8 22 i
391 532 194 22 Bankutskottets
601 532 122 22 berättelse
738 533 53 27 (den
806 533 71 22 andra

55 563 75 27 sidan)
144 563 18 21 till
198 570 28 14 en
242 562 113 29 omening.
375 562 48 29 Jag
437 563 74 21 mäste
527 562 87 22 säledes
629 562 63 22 hälla
701 562 50 22 före
761 565 34 20 att
805 563 71 22 bank-

56 592 146 29 fullmäktige
223 592 9 22 i
249 592 36 22 sin
300 592 122 22 berättelse
438 592 52 22 icke
512 592 100 29 angifvit
627 593 77 28 nägon
719 599 77 15 annan
811 592 66 23 orsak

57 622 37 22 till
116 622 66 22 dessa
205 622 119 22 affärmäns
340 622 111 22 obeständ
466 626 31 18 än
512 622 44 22 den
571 622 110 29 verkliga,
697 622 43 22 och
755 625 35 19 att
804 625 72 20 tvärt-

56 660 38 14 om
115 652 44 22 den
174 652 26 22 af
213 651 174 23 bankutskottet
403 652 116 29 uppgifna
533 652 97 22 orsaken
646 652 50 22 icke
711 655 26 19 är
752 652 44 22 den
811 654 66 20 rätta.

57 682 46 22 Det
122 685 26 19 &r
162 682 50 29 mig
226 682 137 21 ätminstone
378 681 61 22 klart
455 684 36 19 att
507 682 133 21 obeständet
654 682 145 28 uppkommit
814 682 63 22 derat

60 713 34 21 att
112 711 47 22 den
173 719 61 19 vara,
249 711 222 22 trävaruhandlaren
487 711 58 22 hade
561 713 35 20 att
611 711 63 29 sälja,
690 711 40 22 vid
744 711 133 30 produktio-

57 749 45 14 nen
116 741 80 22 blifvit
212 741 80 28 dyrare
308 743 29 19 än
352 741 61 22 hvad
429 741 47 22 han
491 741 37 21 för
548 741 132 22 densamma
700 741 40 22 vid
757 741 120 30 försäljan-

58 771 40 22 det
116 771 77 22 kunde
214 771 90 27 erhälla,
319 771 44 21 och
377 773 35 19 att
427 771 47 22 alla
490 771 33 27 de,
539 778 49 14 som
602 770 52 23 icke
669 770 58 30 ägde
742 771 136 30 tillräckligt

58 801 94 29 kapital,
174 802 58 20 utan
248 801 72 21 mäste
343 800 76 22 drifva
442 801 37 21 sin
502 800 83 22 rörelse
600 800 52 22 med
668 800 103 29 dyrlejda
786 808 92 23 pengar,

59 831 51 22 icke
124 831 90 21 kunnat
227 830 63 22 hålla
304 833 32 23 ut,
351 832 57 19 utan
423 830 74 22 dukat
511 830 78 22 under.
619 831 55 21 Men
688 830 51 22 icke
749 831 130 22 åstadkoms

60 861 64 22 detta
138 860 111 22 obeständ
264 860 66 21 deraf
344 862 34 20 att
393 860 92 22 banken
500 860 43 29 gaf
556 860 52 22 dem
623 860 81 22 kredit.

130 890 106 22 Provasti
251 890 124 28 Rosengren
390 889 81 22 luopui
487 893 215 19 sananvuorostaan.

130 919 127 23 Professori
271 919 126 29 Runeberg:
449 927 46 14 Ehuru
511 919 43 22 den
570 919 26 22 af
608 923 92 26 prosten
716 919 67 30 Hjelt
797 919 83 23 väokta

59 950 82 29 frägan
163 949 43 22 har
223 949 55 30 föga
293 949 104 29 praktisk
411 949 126 29 betydelse,
553 949 29 22 dä
598 949 45 22 den
658 949 51 22 icke
724 949 42 22 har
780 949 49 22 ledt
843 949 37 23 till

59 981 70 28 något
150 979 87 29 förslag
259 979 51 22 från
332 979 187 22 bankutskottets
544 979 56 28 sida,
624 979 41 23 ber
677 979 43 29 jag
734 979 58 22 dock
807 981 34 20 att
856 979 24 22 få

60 1009 89 30 päpeka
164 1011 34 20 att
212 1009 95 22 orsaken
322 1009 37 22 till
374 1009 28 22 de
417 1012 62 19 stora
494 1009 158 22 konkurserna
666 1011 57 20 utan
737 1009 83 23 tvifvel
834 1009 47 22 kan

61 1039 66 22 sökas
149 1039 9 21 i
180 1046 30 14 en
230 1038 78 22 alltför
322 1039 66 28 långt
402 1039 117 21 utsträckt
533 1039 81 21 kredit.
645 1039 44 21 Om
704 1039 103 22 krediten
822 1039 9 21 i
845 1039 36 21 tid

62 1068 117 29 indragits,
200 1068 73 22 skulle
292 1068 137 29 visserligen
449 1068 134 22 obeståndet
598 1068 71 22 hafva
683 1068 88 22 kunnat
785 1068 96 28 inträda,

60 1106 53 14 men
127 1098 51 22 icke
191 1098 9 22 i
216 1098 44 22 den
274 1098 161 29 utsträckning
450 1097 45 23 och
510 1098 36 22 för
562 1098 90 22 banken
668 1098 26 22 af
707 1098 44 22 den
765 1098 117 29 betydelse

60 1136 48 14 som
131 1135 31 15 nu
184 1135 42 14 var
248 1127 70 23 fallet.
348 1128 46 22 Det
416 1131 26 18 är
464 1128 137 28 visserligen
623 1130 53 20 sant
698 1130 33 20 att
745 1128 137 22 förlusterna

61 1158 101 22 vållades
180 1157 26 22 af
218 1157 113 29 prisfallet
345 1158 31 28 på
390 1165 104 19 varorna,
510 1165 52 14 men
577 1158 173 22 bankutskottet
765 1158 41 22 har
821 1158 62 22 velat

62 1188 94 30 påpeka,
179 1190 34 19 att
232 1187 63 22 detta
314 1187 91 29 prisfall
425 1188 8 21 i
453 1187 85 29 själfva
552 1187 81 23 verket
647 1187 65 23 torde
727 1188 94 22 återfört
852 1188 31 21 pri-

62 1225 67 15 serna
142 1217 160 29 ungefärligen
318 1217 35 22 till
369 1217 39 22 det
422 1217 110 29 normala,
547 1217 73 22 under
636 1218 38 22 det
687 1220 34 20 att
731 1218 43 22 den
785 1217 98 29 otroliga

64 1247 137 29 stegringen,
224 1254 48 14 som
294 1246 103 30 föregick
419 1247 122 29 prisfallet,
559 1254 42 14 var
616 1248 99 22 abnorm.
745 1247 138 22 Obeståndet

62 1281 26 19 är
103 1276 75 23 derför
192 1276 112 22 beroende
319 1276 26 22 af
353 1284 28 14 en
391 1276 100 30 felaktig
501 1276 150 30 spekulation,
662 1277 56 27 icke,
729 1278 72 21 såsom
811 1276 72 23 bank-

64 1306 144 29 fullmäktige
231 1306 131 27 framhällit,
385 1306 27 22 af
432 1309 33 19 ett
489 1310 71 18 större
583 1307 43 21 och
651 1307 159 29 långvarigare
827 1306 56 30 pris-

64 1337 43 22 fall
124 1340 30 18 än
169 1344 48 14 som
232 1336 87 22 kunnat
335 1336 102 28 förutses,
453 1336 45 22 och
514 1336 38 22 det
567 1336 42 22 har
624 1337 149 21 underhållits
789 1336 43 22 och
846 1336 37 22 be-

63 1366 99 23 fordrats
178 1373 81 22 genom
274 1373 29 14 en
319 1366 92 21 alldeles
426 1366 37 21 för
478 1366 67 29 långt
559 1367 114 21 utsträckt
688 1366 80 22 kredit.
798 1366 45 22 Det
859 1369 25 19 är

62 1397 64 21 detta
149 1403 48 14 som
218 1396 112 21 utskottet
352 1396 87 27 åsyftat
460 1396 129 28 framhålla,
608 1396 43 21 och
666 1396 42 29 jag
723 1399 47 19 tror
785 1396 50 21 icke
851 1397 34 20 att

63 1426 40 22 det
118 1429 24 18 är
158 1425 100 29 oriktigt,
269 1425 71 22 ehuru
351 1425 114 22 måhända
475 1426 72 28 något
556 1425 47 22 kan
614 1426 120 21 anmärkas
744 1427 47 20 mot
801 1424 84 29 själfva

62 1455 160 29 stiliseringen.

136 1484 104 23 Provasti
262 1483 71 29 Hjelt:
355 1484 34 22 På
411 1484 104 29 följande
531 1484 49 23 sida
595 1493 51 21 pag.
662 1486 14 21 3
691 1485 150 22 förekommer
857 1491 30 14 en

65 1514 153 29 felskrifning.
248 1514 34 21 På
304 1513 44 22 den
373 1513 78 23 tionde
474 1514 72 22 raden
568 1517 67 26 säger
650 1515 110 22 utskottet
775 1513 55 30 ,och
844 1513 43 22 har

146 1549 128 18 Pappissäädyn
281 1549 107 18 pöytäkirjat.
795 1543 23 18 31
