1075 1745
235 68 38 44 490
483 76 79 25 Paapissy
569 75 42 25 R,p.
624 68 70 43 Huktik.,
699 68 52 43 1885

199 134 58 24 skilt
270 134 62 27 hvad
346 135 154 26 öfverläraren
518 136 125 23 Kihlmans
663 135 153 30 anmärkning
832 135 109 24 beträffar
954 135 64 23 torde

199 165 48 24 den
265 172 57 20 vara
338 168 56 23 utan
408 168 82 28 någon
508 166 125 29 betydelse.
663 166 73 24 Hvad
748 166 45 23 den
807 165 27 24 af
846 165 119 30 professor.
973 165 46 23 Da-

191 195 99 25 -nielson
309 195 81 30 gjorda
412 196 182 30 anmärkningen
611 196 148 27 vidkommer,
774 197 26 22 så
814 199 26 20 är
859 195 45 23 den
923 195 95 24 förvisso

199 225 143 30 fallkomligt
363 227 77 29 riktig.
470 226 92 25 Medlen
577 227 56 22 böra
648 227 50 22 icke
713 225 117 24 användas
845 225 38 23 till
896 226 63 23 vissa
971 229 46 20 sär-

198 255 77 25 skilda
288 256 132 23 statsbehof.
449 256 54 23 Men
521 256 39 23 det
575 260 26 18 är
615 264 30 15 en
660 257 100 29 gammal
774 256 80 29 vanlig
868 256 87 28 formel,
970 264 48 15 som

199 285 119 29 användts,
341 286 42 22 och
405 286 70 29 ingen
497 286 46 23 kan
558 286 68 22 deraf
645 286 129 23 föranledas
796 285 38 23 till
855 286 162 23 missförstånd.

199 315 48 23 Det
267 315 46 23 kan
385 318 48 21 sätt
454 316 44 23 och
520 316 37 23 vis
578 319 68 26 sägas
665 318 36 21 att
715 316 45 22 den
776 319 25 20 är
815 316 79 29 riktig,
909 317 30 22 dä
953 319 16 20 t.
973 316 46 29 ex)

199 353 30 14 en
244 345 38 23 del
296 345 26 23 af
350 353 50 15 dessa
409 346 74 22 medel
492 346 117 22 användas
620 346 37 22 till
666 345 144 30 uppförande
820 346 26 23 af
854 347 164 22 ständerhuset.

199 375 13 22 I
234 375 71 29 ingen
327 375 106 24 händelse
455 376 46 22 kan
523 376 39 25 väl
577 375 68 23 deraf
657 377 77 28 någon
749 376 122 29 olägenhet
886 376 54 22 eller
955 377 63 22 miss-

199 404 105 27 förstånd
325 407 85 27 uppstå
426 406 44 22 och
484 405 65 23 torde
565 406 44 22 den
625 406 86 22 således
726 406 79 22 kunna
820 409 56 20 utan
890 406 129 30 betänklig-

198 434 67 23 heter
279 434 78 22 oförändrad
385 435 166 30 gokännas.

267 464 164 24 Esillä-olevan
458 465 142 23 ehdotuksen
623 465 114 29 johdosta:
752 466 98 29 pidetyn
871 466 148 22 keskustelun

197 494 173 30 julistettuansa
391 495 149 30 loppuneeksi
563 495 69 22 asetti
649 495 67 23 herra
731 496 121 22 Puhemies
867 496 86 29 säädyn
967 504 51 14 vas-

197 524 127 25 tattavaksi
339 532 123 16 seuraavan
477 525 232 29 äänestysesityksen:

269 554 49 23 Vill
339 556 91 22 ständet
451 555 38 22 till
510 555 226 30 kontraproposition
754 557 55 21 antaga
854 556 38 22 det
906 555 26 24 af
945 556 73 23 öfver-

199 585 90 23 läraren
298 585 110 24 Kihlman
418 585 135 23 framstälda
563 585 87 30 förslag
659 585 38 22 till
707 560 192 59 omformulering
903 586 115 29 afifråga-

199 615 100 22 varande
321 615 62 22 kläm
405 616 55 22 eller
480 615 65 23 icke?
571 615 52 22 Den
638 615 39 22 det
692 615 49 28 vill,
756 623 78 15 svarar
844 616 39 28 ja;

269 645 80 22 vinner
368 645 43 29 nej,
432 646 41 22 har
492 645 92 22 ståndet
602 645 36 22 till
653 645 207 34 kotraproposition
875 646 90 29 antagit
979 646 39 22 det

199 675 92 29 förslag,
319 683 47 14 som
389 675 125 23 framstälts
537 676 24 21 af
581 677 94 27 prosten
698 675 67 30 Hjelt
788 675 35 22 uti
844 675 174 30 ifrågavarande

199 705 112 29 afseende.

268 735 243 29 Aänestysesitykseen
533 735 121 22 vastattiin
676 736 30 21 20
724 735 52 28 jaa-
796 735 26 28 ja
844 735 28 22 15
890 735 127 27 ei-äänellä;

197 765 26 30 ja
247 765 32 22 oli
301 767 66 26 sääty
381 765 40 22 siis
435 767 122 28 päättänyt
572 765 156 22 valiokunnan
742 765 157 22 ehdotukselle
913 765 106 23 vastaesi-

197 795 105 29 tykseksi
317 795 120 29 hyväksyä
450 795 136 30 yliopettaja
600 795 138 22 Kihlmanin
752 795 148 22 ehdotuksen.

268 825 128 29 Lopullista
411 827 132 27 äänestystä
553 827 82 20 varten
645 825 65 22 herra
717 825 123 22 Puhemies
845 825 68 22 asetti
918 825 101 29 säädylle

195 855 58 22 näin
268 855 118 21 kuuluvan
401 855 232 29 äänestysesityksen:

269 884 137 22 Godkännes
422 884 174 30 ifrägavarande
612 886 14 20 &
640 892 51 22 pag.
709 885 28 22 19
749 886 119 27 upptagna
877 884 72 22 andra
958 884 62 22 kläm

199 914 137 22 oförändrad
351 914 55 22 eller
420 914 64 22 icke?
509 914 50 23 Den
575 922 48 14 som
638 915 134 29 godkänner
787 914 115 22 klämmen
916 914 104 22 oföränd-

197 944 48 28 rad,
261 951 77 15 svarar
348 944 38 28 ja:
641 950 2 4 ;

268 974 81 22 vinner
370 974 43 28 nej,
436 974 41 22 har
499 974 90 22 ständet
611 975 82 21 önskat
707 974 73 22 sädan
794 973 187 30 omformulering
995 973 27 22 af

198 1004 71 29 sagde
286 1004 67 28 kläm,
368 1011 48 15 som
431 1004 27 21 af
470 1004 155 22 öfverläraren
639 1004 113 22 Kihlman
766 1003 132 22 framstälts.

269 1034 79 22 Tähän
370 1034 122 22 vastattiin
514 1034 28 22 21
559 1035 52 27 jaa-
631 1034 26 29 ja
681 1034 27 22 14
726 1033 127 28 ei-äänellä;
867 1033 26 30 ja
908 1033 31 22 oli
953 1035 67 27 sääty

198 1064 41 22 siis
255 1063 147 23 esillä-olleen
417 1071 90 22 ponnen
522 1066 163 20 muuttamatta
699 1063 157 29 hyväksynyt.

268 1093 69 28 Sääty
358 1093 30 22 oli
408 1093 38 22 siis
462 1093 137 28 hyväksynyt
614 1093 236 22 käsiteltävänä-olleen
864 1092 155 23 Pankkivalio-

199 1123 94 22 kunnan
309 1123 149 23 kertomuksen
472 1123 95 22 kaikissa
581 1124 84 22 muissa
680 1123 88 26 kohdin,
780 1123 71 27 paitsi
860 1122 75 22 mikäli
946 1122 74 22 koskee

197 1160 38 15 sen
259 1153 147 22 ensimmäistä
426 1155 85 26 pontta,
534 1153 72 29 jonka
630 1153 98 22 suhteen
751 1153 34 22 oli
805 1152 67 29 tehty
894 1152 89 22 huhtik.
1006 1153 12 22 1

196 1191 39 22 pn
252 1183 168 29 pöytäkirjassa
434 1183 107 22 mainittu
555 1185 86 27 päätös.

267 1301 121 22 Esitettiin
406 1301 186 29 pöydälle-pantu
607 1302 58 22 laki-
678 1302 25 28 ja
718 1301 233 23 talousvaliokunnan
965 1301 54 22 mie-

196 1331 61 21 tintö
279 1338 38 19 m;o
337 1332 13 21 2
371 1331 159 22 Keisarillisen
547 1331 146 29 Majesteetin
707 1338 55 15 arm.
778 1331 117 29 esityksen
906 1331 114 29 johdosta,

195 1360 57 29 joka
267 1360 94 22 sisältää
375 1361 142 22 ehdotuksen
532 1361 67 22 laiksi
613 1361 194 27 lääninkäräjistä.

266 1390 128 22 Mietinnön
414 1390 106 29 johdosta
537 1393 148 26 syntyneessä
700 1390 172 22 keskustelussa
888 1390 133 29 esiintyivät

195 1422 121 20 seuraavat
331 1420 104 29 puhujat,
450 1420 126 22 nimittäin:

269 1450 128 22 Professori
411 1450 102 22 Donner:
527 1450 48 29 Jag
591 1450 102 22 anhäller
708 1458 38 14 om
756 1450 40 22 det
806 1450 143 29 högvördiga
959 1450 61 21 stän-

200 1479 50 23 dets
265 1480 203 29 uppmärksamhet
484 1480 36 22 för
535 1481 72 28 nägra
621 1480 125 29 ögonblick
761 1480 37 22 för
808 1482 35 19 att
853 1480 113 28 genomgä
976 1479 45 22 den

197 1510 142 29 utveckling,
353 1517 50 14 som
418 1510 74 22 denna
507 1510 66 29 fräga
588 1510 41 22 hos
645 1517 36 15 oss
696 1511 43 22 har
754 1510 66 29 tagit.
846 1509 36 22 Dä
892 1509 81 30 frägan
983 1517 36 14 om
