1073 1753
441 129 14 19 1
467 129 47 23 April.
841 128 30 19 XI

66 199 44 25 der,
126 204 35 15 om
176 198 47 21 icke
237 199 106 27 utvidgas,
357 199 25 22 sä
397 199 55 22 dock
459 199 130 22 ätminstone
597 199 19 27 ej
627 199 132 22 inskränkas.
783 198 11 22 I
803 198 92 21 nämnda

66 233 49 22 stad
137 234 25 19 är
180 232 118 23 skatteöret
313 233 34 22 för
361 234 133 21 närvarande
509 234 43 21 200
567 233 68 22 mark.
665 233 41 22 Vid
721 232 174 27 landtdagsvalen

66 267 77 21 funnos
165 267 179 27 röstberättigade
366 268 49 21 med
429 268 83 21 mindre
527 270 27 19 än
571 268 42 21 800
627 267 73 22 marks
714 267 93 22 inkomst
821 266 74 22 inalles

68 301 28 21 90
110 307 113 21 personer;
246 301 61 22 dessa
322 302 69 22 skulle
405 308 76 21 genom
497 303 36 21 det
549 302 126 27 ifrägasatta
689 302 127 27 stadgandet
831 300 65 22 blifva

68 335 109 22 uteslutna
191 335 47 21 frän
253 336 85 26 valrätt,
353 342 49 16 men
417 337 7 20 i
439 337 72 21 stället
526 336 69 22 skulle
609 336 122 22 tillkomma
746 337 31 20 ett
791 335 44 22 lika
842 336 55 20 stort

68 370 60 22 antal
142 370 50 22 med
207 376 26 15 en
248 370 66 27 högre
328 370 100 27 inkomst,
444 370 72 22 hvilka
530 371 29 27 pä
574 371 70 27 grund
659 370 23 22 af
693 370 41 22 den
744 376 29 15 nu
782 369 115 22 bestående

69 404 181 27 inskränkningen
265 406 37 20 äro
317 404 48 22 från
380 405 79 21 valrätt
473 405 116 22 uteslutna.
607 417 25 3 —
649 405 10 22 I
673 404 78 28 Borgå,
767 404 38 22 der
819 404 79 21 skatte-

70 440 47 20 öret
131 440 120 20 motsvarar
266 445 25 15 en
306 439 94 21 inkomst
415 439 24 22 af
450 440 41 22 300
501 440 68 26 mark,
585 439 68 22 finnas
663 438 179 28 röstberättigade
851 444 48 21 per-

70 479 64 16 soner
148 473 7 21 i
170 473 240 28 landtdagsvallängden
432 475 49 21 med
503 481 26 15 en
548 476 46 20 röst
610 475 33 25 13,
666 474 49 22 med
731 474 12 21 2
758 476 69 19 röster
843 472 56 27 19,i

70 508 42 22 den
134 508 136 21 kommunala
291 508 127 28 vallängden
433 509 96 22 deremot
544 509 49 21 med
609 515 26 15 en
650 510 45 20 röst
712 509 47 25 192,
773 508 49 22 med
837 508 12 21 2
865 508 34 20 rö-

70 544 46 20 ster
138 543 34 21 85.
202 537 68 27 Äfven
292 542 39 22 här
350 542 69 22 skulle
434 543 90 22 sälunda
539 543 19 27 ej
574 550 27 15 en
616 543 109 27 obetydlig
739 542 124 28 utvidgning
878 540 24 22 af

72 576 106 22 valrätten
201 576 85 22 komma
307 580 32 18 att
354 577 99 28 försiggä,
475 578 103 21 särskildt
593 584 34 15 om
643 584 49 15 man
707 577 96 26 beaktar,
827 578 32 20 att
873 582 26 15 en

72 611 36 21 del
123 611 23 21 af
160 611 25 21 de
200 617 107 21 personer,
331 618 45 16 som
392 614 37 20 äro
444 612 144 28 uppskattade
603 612 34 21 till
652 612 13 21 2
680 612 129 25 skatteören,
825 616 75 16 sanno-

71 645 42 21 likt
134 645 65 22 hafva
213 652 26 15 en
254 646 94 22 inkomst
362 646 23 22 af
398 647 43 22 800
455 647 66 21 mark.
541 659 24 3 —
581 647 11 21 I
607 646 120 22 Brahestad
741 646 69 22 skulle
824 645 77 27 ifräga-

74 680 93 21 varande
190 680 117 27 stadgande
329 681 111 22 förorsaka
462 688 26 15 en
511 681 80 27 ökning
606 681 7 21 i
628 681 137 21 valmännens
780 679 58 23 anta]
853 678 49 22 med

72 713 100 28 omkring
188 715 48 20 150.
260 727 25 3 —
309 715 10 21 I
333 715 126 26 Jakobstad,
483 715 37 22 der
535 715 108 22 skattöret
657 717 24 19 är
696 715 43 21 200
753 714 67 26 mark,
835 713 67 22 finnes

73 748 10 21 i
97 747 239 29 landtdagsvallängden
360 750 25 21 16
408 755 103 21 personer
525 750 49 21 med
589 749 83 22 mindre
687 751 27 19 än
729 749 42 22 800
785 747 72 23 marks
871 747 32 21 in-

74 781 77 27 komst,
175 789 48 15 men
237 783 8 21 i
260 783 47 22 dess
330 783 62 22 ställe
413 783 41 22 har
472 784 251 27 kommunalvallängden
738 784 41 21 237
794 787 108 23 personer,

75 816 105 22 exclusive
203 817 69 28 bolag,
295 818 48 21 med
365 824 46 15 mer
433 820 28 19 än
477 819 41 22 800
533 818 68 27 mark,
624 818 77 22 medan
719 817 136 27 röstlängden
869 815 34 22 för

74 850 253 28 landtdagsmannavalen
350 853 75 21 endast
446 855 107 25 upptager
568 853 25 21 71
610 859 102 21 personer
727 852 23 21 af
763 852 68 21 denna
845 850 59 22 kate-

76 886 52 26 gori,
144 886 71 21 hvilka
230 886 70 23 siffror
313 887 78 28 tydligt
405 888 52 25 visa,
473 889 33 20 att
521 887 65 22 också
600 887 40 22 här
655 893 26 16 en
695 886 125 27 utvidgning
831 885 22 21 af
861 884 43 21 val-

75 922 71 20 rätten
169 921 68 22 skulle
259 927 40 22 ega
319 928 54 15 rum.
398 934 25 3 —
447 921 86 22 Samma
555 923 25 20 är
599 921 62 22 äfven
675 921 60 22 fallet
750 920 48 22 med
813 919 89 22 Ekenäs.

76 955 44 22 Der
142 957 64 26 utgör
220 955 105 22 skattöret
341 957 41 20 250
397 956 62 21 mark
474 957 39 21 och
528 956 115 27 landtdags
657 955 126 28 vallängden
799 955 106 26 upptager

77 990 82 21 antalet
180 996 103 21 personer
305 991 48 21 med
372 991 19 24 2,
408 991 12 21 3
437 991 39 21 och
492 992 14 20 4
521 991 123 21 skatteören
659 990 33 21 till
707 989 119 28 respektive
842 989 19 24 7,
879 988 26 20 14

76 1024 41 21 och
132 1025 34 26 22,
190 1025 76 21 medan
285 1025 41 22 den
341 1025 137 22 kommunala
493 1025 126 27 vallängden
635 1025 39 21 har
689 1030 55 21 resp.
761 1023 46 26 102,
823 1023 28 21 94
866 1021 40 22 och

77 1059 35 20 46.
141 1058 34 22 Då
191 1058 23 22 af
227 1059 47 21 dem
290 1060 49 21 med
355 1060 12 21 3
382 1060 125 21 skatteören
522 1066 27 15 en
563 1061 46 19 stor
623 1059 34 21 del
667 1059 67 21 måste
745 1060 88 24 antagas
843 1056 64 21 hafva

78 1093 43 21 800
135 1093 73 21 marks
222 1093 95 22 inkomst
331 1094 52 21 eller
399 1094 129 25 derutöfver,
551 1093 70 22 skulle
635 1093 82 21 säledes
733 1092 61 22 äfven
808 1090 41 22 här
863 1089 44 22 val-

78 1129 102 20 männens
195 1128 58 21 antal
269 1128 57 22 ökas.

147 1162 68 22 Dessa
236 1162 165 28 sifferuppgifter
423 1164 38 20 äro
485 1162 124 27 visserligen
631 1161 19 27 ej
669 1160 144 27 fullständiga,
839 1158 27 22 dä
881 1158 27 21 de

78 1198 38 20 äro
139 1197 100 21 hemtade
261 1197 55 21 blott
331 1197 47 21 frän
394 1204 26 14 en
436 1197 34 21 del
486 1197 79 26 städer,
584 1202 49 16 men
645 1196 38 26 jag
697 1198 46 18 tror
759 1194 26 22 de
801 1193 54 22 dock
870 1194 38 19 äro

78 1232 115 21 bevisande
207 1238 43 20 nog
264 1231 34 22 för
311 1234 33 19 att
359 1232 132 27 ädagalägga
506 1233 32 19 att
554 1229 33 23 en
595 1230 134 26 bestämning
744 1235 34 15 om
794 1234 25 16 en
827 1226 82 22 minimi

79 1266 95 22 inkomst
196 1266 23 21 af
237 1266 41 22 800
293 1266 62 21 mark
369 1266 34 21 för
418 1265 117 22 utöfvande
551 1265 22 21 af
586 1264 79 22 valrätt
677 1264 68 27 jämte
760 1260 149 30 upphäfvande

80 1300 24 22 af
117 1307 29 15 nu
161 1300 99 28 gällande
274 1300 185 27 inskränkningar,
475 1300 40 21 alls
530 1299 47 22 icke
587 1299 43 21 kan
640 1298 68 22 kallas
718 1297 129 28 reaktionär,
857 1297 53 19 utan

80 1335 88 21 fastmer
183 1334 69 22 skulle
267 1334 104 28 betydligt
385 1334 90 28 utvidga
489 1334 107 21 valrätten
611 1333 32 21 uti
659 1332 42 22 alla
715 1331 52 23 eller
781 1330 130 22 åtminstone

80 1370 54 22 allra
148 1369 61 22 flesta
224 1370 78 20 städer.

148 1404 65 21 Emot
235 1403 157 22 fastställandet
415 1402 22 22 af
451 1409 26 14 en
493 1402 34 27 fix,
551 1402 33 21 för
601 1401 42 22 alla
659 1400 72 22 städer
747 1400 50 26 lika,
819 1398 95 21 inkomst

80 1438 34 22 för
128 1438 115 21 utöfvande
259 1437 23 22 af
295 1437 79 22 valrätt
388 1437 40 22 har
442 1437 75 21 vidare
533 1435 116 26 anmärkts,
669 1437 32 19 att
716 1434 36 21 det
765 1439 50 16 vore
830 1431 83 27 olämp-

80 1473 40 27 ligt
134 1473 28 26 på
177 1473 67 20 sådan
264 1472 75 27 grund,
363 1473 32 20 att
410 1469 321 29 förmögenhetsförhällandena
745 1468 8 21 i
768 1467 57 22 olika
840 1465 73 22 städer

81 1509 37 18 äro
142 1506 63 22 olika.
236 1507 76 21 Denna
335 1505 141 27 anmärkning
498 1505 43 21 kan
563 1504 34 21 till
619 1510 27 15 en
665 1503 34 22 del
718 1508 52 15 vara
785 1499 127 28 berättigad,

82 1546 49 17 men
147 1542 12 21 &
174 1541 68 22 andra
257 1541 61 21 sidan
333 1540 40 21 bör
387 1540 156 27 ihägkommas,
566 1541 32 19 att
613 1538 6 21 i
635 1538 51 21 vära
701 1539 70 20 större
785 1535 73 22 städer
873 1534 41 21 den
