1075 1748
344 83 76 22 Pappiss.
431 83 25 18 26
467 88 17 17 p.
497 83 67 18 Halmik.
575 83 49 19 1885.
822 82 35 18 245

70 141 76 22 nande
160 141 27 22 af
199 141 156 28 insättningar
375 141 106 30 begagna
495 141 38 29 sig
548 141 26 22 af
582 141 205 30 postanstalternas
797 140 96 23 förmed-

70 171 60 28 ling;
149 173 35 19 att
198 171 40 22 det
252 170 82 29 högsta
349 171 90 29 belopp,
454 179 48 14 som
517 171 74 22 under
606 179 29 14 en
650 171 83 22 mänad
748 171 61 28 finge
824 171 69 21 insät-

68 203 42 25 tas,
125 201 74 21 skulle
213 202 83 27 utgöra
311 201 44 22 100
369 201 72 26 mark;
456 203 36 20 att
505 201 210 28 maximibeloppet:
723 201 37 21 för
772 199 121 22 insättnin-

68 237 71 23 garne
154 231 31 28 pä
206 238 29 14 en
255 230 46 21 bok
316 230 75 22 skulle
406 231 102 22 minskas
523 231 53 21 från
592 231 44 22 800
650 230 38 22 till
704 231 44 22 600
763 229 72 27 mark;
851 228 43 23 och

70 262 35 20 att
119 259 229 30 uppsägningstiden,
358 267 48 14 som
419 260 9 21 i
438 260 80 29 regeln
528 261 110 21 bestämts
648 260 38 21 till
696 261 15 21 4
721 259 89 28 veckor,
821 258 73 22 skulle

70 289 72 22 under
158 289 194 29 omständigheter
368 289 26 22 af
407 289 179 22 förbundsrädet
601 290 37 21 för
653 289 45 23 alla
714 290 50 28 slag
779 289 26 22 af
813 289 81 21 insätt-

72 319 83 29 ningar
178 319 24 22 f&
225 319 115 28 förlängas
363 319 38 22 till
416 321 34 20 ett
465 319 61 22 halft
541 321 31 20 är.
602 320 68 21 Huru
685 319 67 28 längt
767 319 81 28 frägan
863 325 31 14 nu

72 351 123 20 avancerat
209 349 87 21 känner
309 348 41 30 jag
366 349 28 28 ej,
410 349 29 22 dä
453 350 64 21 mina
533 349 178 22 underrättelser
727 348 19 29 ej
759 348 90 22 sträcka
859 347 36 29 sig

72 379 80 28 längre
167 381 30 19 än
211 379 38 21 till
262 378 86 22 medlet
363 379 26 21 af
402 379 75 22 denna
492 379 90 28 mänad,
597 386 53 15 men
666 379 63 21 detta
739 382 26 17 är
775 378 68 22 ocksä
852 377 42 21 lik-

73 408 87 29 giltigt,
175 408 29 21 dä
226 408 49 21 min
297 408 72 29 afsigt
391 409 82 21 endast
494 409 60 21 varit
569 411 35 20 att
619 408 89 29 påpeka
723 408 40 21 det
777 415 53 14 man
843 407 52 22 icke

73 437 107 23 öfverallt
195 441 25 18 är
234 439 26 20 sä
274 437 93 22 alldeles
382 439 30 28 pä
427 438 40 21 det
481 439 65 21 klara
561 438 52 22 med
628 437 137 22 hithörande
778 437 65 22 saker
853 435 42 23 och

73 470 36 19 att
124 467 170 22 statsutskottet
308 467 36 22 för
359 467 37 22 sin
411 468 176 21 betänksamhet
602 470 34 19 att
646 467 72 22 fixera
728 469 34 20 ett
771 467 124 22 maximum

74 497 36 22 för
124 497 182 29 insättningarne
321 497 74 22 under
409 499 50 21 &ret
474 498 90 22 kunnat
579 498 98 28 äberopa
692 497 69 22 äfven
776 499 33 20 ett
824 497 25 22 sä
859 496 36 22 be-

73 527 144 29 tydelsetullt
232 528 106 28 exempel,
354 535 49 14 som
418 528 39 21 det
470 528 42 29 jag
527 528 83 22 anfört.

148 557 53 21 Men
218 564 32 14 nu
266 560 25 18 är
305 556 79 22 vidare
400 559 35 20 att
449 558 82 21 märka
545 560 35 19 att
596 557 158 29 oppositionen
762 559 47 19 mot
817 555 79 23 försla-

74 589 40 27 get
133 594 37 14 om
186 594 28 14 en
229 587 166 29 postsparbank
411 590 26 18 är
451 587 58 21 allra
523 587 97 29 lifligast
635 587 8 21 i
659 586 104 27 Sachsen,
780 586 39 21 der
834 592 62 22 spar-

74 616 109 22 väsendet
198 616 51 23 icke
264 616 70 22 minst
348 624 84 21 genom
448 619 34 19 att
497 617 9 21 i
521 617 36 22 tid
573 618 119 28 acceptera
707 616 39 22 det
757 616 66 22 enkla
861 622 33 14 spar-

74 646 186 28 märkssystemet
274 646 84 22 vunnit
373 654 28 14 en
416 646 94 28 mycket
525 646 47 29 hög
586 646 141 28 utveckling,
743 646 42 22 och
795 646 40 21 der
856 644 39 28 följ-

75 676 104 28 aktligen
194 676 50 21 icke
259 675 70 22 borde
343 676 75 21 finnas
434 676 51 22 skäl
500 678 35 20 att
550 676 80 22 frukta
640 676 176 27 konkurrensen,
827 675 8 21 i
845 681 52 21 syn-

74 706 82 21 nerhet
171 712 48 15 som
234 705 69 22 äfven
318 705 28 22 de
361 705 122 29 fattigaste
499 713 122 22 spararena
636 706 40 21 der
691 705 144 29 längesedan,
847 704 49 29 just

74 742 84 22 genom
173 735 165 29 sparmärkena,
354 737 57 20 vant
426 736 37 28 sig
477 736 42 22 vid
534 736 175 28 sparbankerna.

150 764 88 29 Frägar
257 772 53 14 man
330 764 36 30 sig
381 772 32 14 nu
428 765 61 22 huru
504 765 154 22 förhällandet
672 765 98 21 emellan
784 766 114 27 postspar-

76 794 91 22 banken
182 794 42 22 och
240 794 28 22 de
282 794 105 22 enskilda
401 795 172 29 sparbankerna
580 795 42 22 hos
632 802 36 14 oss
678 794 59 22 skall
747 793 99 30 gestalta
855 792 42 28 sig,

77 825 25 21 sä
124 824 41 22 bör
188 824 134 28 observeras,
338 826 35 20 att
395 824 40 22 det
457 824 60 22 efter
540 824 31 22 all
590 823 145 23 sannolikhet
750 823 59 22 skall
824 822 74 30 blifva

77 854 93 28 mycket
185 854 62 21 olika
261 854 30 29 pä
306 854 62 21 olika
382 856 61 20 orter
459 854 27 22 af
499 854 84 22 landet.

151 883 59 22 Värt
232 883 227 29 sparbanksväsende
475 885 47 21 stär
537 884 51 22 icke
606 884 60 22 blott
681 883 9 22 i
705 883 124 22 allmänhet
843 881 55 29 lägt,

76 913 110 28 jemfördt
205 913 52 22 med
279 913 71 22 andra
369 914 98 27 länders,
481 916 58 19 utan
554 914 42 21 har
612 913 115 22 dessutom
742 913 44 21 den
801 911 98 30 egenhet

77 944 35 21 att
132 943 70 22 hafva
224 943 36 21 sin
275 943 170 29 öfvervägande
460 943 170 29 kapitalstyrka
645 942 164 23 koncentrerad
824 941 9 22 i
848 940 51 29 syd-

78 972 82 29 ligaste
176 973 66 22 delen
257 972 27 22 af
296 973 84 21 landet.
403 973 35 21 Af
451 974 56 21 vära
524 974 43 22 114
578 973 145 29 sparbanker,
730 972 51 22 med
789 973 33 20 ett
832 970 67 22 total-

78 1002 83 29 belopp
180 1002 8 22 i
203 1002 125 29 tillgångar
343 1006 24 18 at
383 1003 51 21 icke
449 1003 56 22 fullt
521 1004 27 21 21
565 1003 63 29 milj.
643 1003 71 21 räkna
731 1002 27 22 de
778 1002 45 21 fem
843 1002 56 20 stör-

79 1034 41 26 sta,
136 1032 39 22 vid
191 1032 126 28 sydkusten
331 1032 104 29 belägna,
449 1032 29 22 de
488 1033 9 21 i
507 1026 57 35 Äbo,
576 1033 85 27 H:fors,
671 1032 82 28 Borgä,
763 1030 85 23 Lovisa
858 1029 43 23 och

79 1062 97 28 Wiborg
190 1065 104 18 närmare
310 1063 28 21 13
352 1062 57 28 milj.
432 1062 35 22 Af
481 1062 76 30 öfriga
573 1064 43 21 109
631 1062 73 21 finnes
721 1061 79 22 endast
810 1068 29 14 en
848 1059 53 22 med

80 1098 27 15 en
125 1091 169 29 kapitalstyrka
308 1092 190 22 öfverskridande
513 1100 30 14 en
558 1092 52 22 half
622 1092 86 28 miljon.
739 1091 12 21 I
766 1089 106 23 afseende
887 1090 14 20 &

80 1121 27 21 de
123 1121 75 21 skilda
212 1121 68 21 länen
295 1124 25 18 är
336 1122 68 21 ocksä
418 1122 89 22 antalet
521 1122 27 22 af
556 1122 120 28 befintliga
686 1120 144 30 sparbanker,
841 1126 59 14 sum-

79 1158 53 14 man
154 1150 26 22 af
202 1150 64 23 deras
288 1150 126 30 tillgängar
432 1154 61 19 samt
508 1152 87 22 antalet
610 1152 110 21 insättare
735 1150 9 22 i
759 1148 142 24 förhällande

79 1180 37 22 till
130 1180 164 28 folkmängden
308 1181 95 28 mycket
416 1181 142 28 varierande,
574 1182 25 20 sä
614 1183 34 19 att
661 1181 62 21 hvad
733 1180 56 22 sista
798 1178 104 30 punkten

80 1209 107 23 beträffar
202 1212 16 20 t.
234 1217 33 22 ex.
283 1210 93 29 Kuopio
391 1210 39 22 län
445 1211 82 21 endast
541 1210 43 22 har
599 1218 29 14 en
643 1210 110 22 insättare
768 1210 30 28 pä
813 1209 42 22 257
867 1207 34 22 in-

80 1240 89 27 vänare,
185 1239 29 22 dä
228 1240 52 21 Abo
295 1240 39 21 län
348 1240 43 21 har
407 1248 28 13 en
451 1241 30 28 pä
498 1242 33 20 16.

154 1269 39 22 Nu
208 1269 46 24 kan
269 1276 53 14 man
337 1270 30 28 pä
382 1270 77 28 grund
475 1270 27 21 af
515 1270 66 22 dessa
596 1270 75 21 siffror
686 1271 89 27 antaga,
791 1268 34 20 att
840 1268 62 27 post-

80 1299 144 28 sparbanken
238 1299 9 21 i
261 1298 111 23 närheten
387 1299 28 21 af
423 1299 28 22 de
465 1302 62 19 stora
538 1300 169 28 sparbankerna
716 1299 51 21 icke
779 1296 59 22 skall
845 1298 58 19 mot-

80 1328 71 22 verka
166 1328 70 28 dessa,
252 1330 57 20 utan
323 1328 112 29 möjligen
449 1329 125 22 medverka
588 1329 38 21 till
642 1329 64 21 deras
716 1327 124 26 förkofran,
850 1332 53 15 men

80 1360 35 19 att
130 1358 154 22 förhällandet
299 1358 60 21 skall
374 1358 73 22 blifva
463 1360 35 20 ett
513 1360 96 20 motsatt
624 1358 9 22 i
648 1358 28 22 de
686 1358 49 21 inre
746 1357 43 22 och
798 1355 106 28 nordliga

80 1388 118 21 trakterna
221 1387 42 22 och
286 1388 39 21 det
348 1389 94 20 särskilt
465 1389 33 27 sä,
514 1391 35 19 att
572 1396 47 21 nya
634 1388 139 29 sparbanker
789 1384 115 23 derstädes

80 1417 59 21 efter
153 1417 208 29 postsparbankens
377 1418 122 28 öppnande
515 1418 81 21 endast
610 1418 74 21 under
699 1417 93 29 specielt
802 1414 103 29 lyckliga

80 1447 166 28 konjunkturer
268 1447 64 21 skola
354 1447 105 22 inrättas.
491 1448 36 28 Ty
552 1448 28 22 dä
602 1449 76 20 staten
693 1454 82 22 genom
790 1446 115 28 postspar-

80 1476 96 28 banken,
200 1477 68 21 äfven
292 1483 36 15 om
350 1477 126 21 maximum
492 1477 36 22 för
544 1478 50 21 &ret
608 1477 79 27 skulle,
704 1477 72 21 säsom
791 1473 114 23 utskottet

80 1505 124 29 föreslagit,
220 1506 135 21 bestämmas
371 1506 37 21 till
424 1507 45 21 den
484 1507 9 21 i
509 1507 46 21 alla
570 1506 42 22 fall
626 1507 93 28 mycket
729 1506 60 28 höga
802 1509 104 16 summan
