1075 1739
226 85 35 18 252
480 87 76 21 Pappiss.
565 87 26 17 26
604 91 16 16 p.
632 86 67 18 Welmik.
710 85 50 19 1986.

189 144 67 22 slutit
278 144 74 22 denna
372 144 147 29 bestämning
533 152 28 15 ur
576 145 115 29 förslaget.
722 144 47 22 Det
783 151 55 15 vore
852 144 39 22 väl
906 144 107 29 önskligt,

189 176 36 20 att
246 174 47 29 gift
315 174 86 28 qvinna
420 174 78 23 kunde
516 175 97 21 sålunda
629 174 123 29 disponera
766 174 65 22 öfver
846 174 36 21 sin
897 181 58 22 egen
969 174 44 21 för-

189 203 79 29 tjenst,
283 211 52 14 men
349 203 40 22 det
403 205 73 21 måste
490 204 39 22 väl
544 204 135 29 medgifvas,
695 206 37 20 att
746 211 55 14 man
816 203 51 22 icke
882 203 41 22 bör
937 204 76 21 förän-

190 234 42 22 dra
246 233 122 22 bestående
382 233 151 30 lagstiftning
544 234 98 22 rörande
651 241 113 15 mannens
774 233 44 22 och
828 233 114 28 qvinnans
953 233 63 22 ställ-

188 263 59 29 ning
262 263 37 22 till
313 263 129 22 hvarandra
457 264 8 21 i
481 263 107 22 afseende
604 265 14 20 å
633 263 66 22 deras
714 263 142 30 eganderätt,
872 264 25 21 så
907 265 36 20 att
952 266 62 26 säga,

189 293 9 21 i
221 293 155 28 förbigående,
399 293 36 22 uti
458 301 28 14 en
506 293 137 29 förordning
657 301 50 14 som
722 293 72 29 gäller
810 293 121 22 stiftandet
946 293 26 21 af
984 299 30 15 en

190 323 172 28 postsparbank.
393 323 45 21 För
454 325 34 20 att
503 323 90 28 reglera
609 323 64 22 deras
689 323 148 22 ekonomiska
852 322 110 29 ställning
977 321 38 22 till

190 352 129 22 hvarandra
333 352 88 22 fordras
436 355 34 19 ett
481 352 109 22 särskildt
600 353 133 28 lagförslag,
744 352 50 22 icke
806 352 129 29 antagande
945 351 27 22 af
979 353 35 20 ett

190 382 127 28 stadgande
331 382 9 21 i
355 381 137 23 hithörande
506 383 107 28 riktning
627 383 84 21 liksom
726 389 30 15 en
766 382 72 22 bisak.
860 382 89 22 Doktor
959 381 56 22 Lin-

192 411 64 22 delöf
268 411 42 22 har
324 411 127 22 framhållit
466 414 36 19 att
512 412 171 22 statsutskottet
696 412 51 21 icke
758 412 52 21 bort
819 411 116 30 uppställa
944 412 72 28 något

190 441 81 22 vilkor.
301 441 54 22 Men
375 441 29 22 då
426 442 123 22 ständerna
568 441 125 30 godkänna
713 441 141 23 inrättandet
869 441 26 22 af
908 449 29 14 en
952 443 63 27 post-

190 471 120 29 sparbank,
329 471 30 21 då
378 473 87 20 statens
480 472 43 22 och
539 472 93 22 dermed
647 472 69 22 äfven
724 472 134 21 ständernas
866 472 93 28 garanti
979 471 36 21 för

190 500 213 30 upprätthållandet
418 502 27 21 af
458 509 28 14 en
502 502 66 28 dylik
582 501 117 29 sparbank
712 502 100 28 begäres,
822 502 71 21 måste
903 501 39 22 väl
951 502 63 20 stän-

191 530 71 22 derna
288 537 24 15 se
340 530 38 22 till
405 530 115 23 huruvida
546 532 78 28 någon
652 532 50 21 fara
729 538 84 22 genom
836 530 109 30 garantin
967 530 46 22 kan

190 560 92 22 komma
304 560 8 22 i
335 560 72 29 fråga.
438 562 41 20 Om
496 562 130 28 grunderna
641 564 39 18 äro
696 561 87 21 sådana
798 561 43 21 och
856 560 109 22 förblifva
979 561 34 21 så-

190 592 64 25 dana,
271 597 48 14 som
329 590 27 22 de
372 590 114 30 föreligga
500 591 8 22 i
523 592 148 28 regeringens
685 591 39 22 till
738 590 134 22 ständernas
884 590 131 22 kännedom

189 619 133 23 meddelade
337 619 92 30 förslag,
444 628 68 21 synes
527 621 71 28 ingen
613 621 72 21 sådan
700 620 51 22 fara
761 620 119 29 föreligga,
891 620 59 22 blott
959 627 54 14 man

190 650 110 28 tillägger
315 649 28 22 de
358 650 198 29 inskränkningar,
573 658 49 14 som
637 650 173 22 statsutskottet
825 657 32 14 nu
872 650 68 22 också
954 649 60 21 före-

190 679 76 29 slagit.
295 679 54 21 Men
370 687 28 14 en
418 680 170 22 administrativ
609 680 137 29 förordning
760 680 47 22 kan
821 679 119 23 törändras
955 679 60 22 hvil-

190 709 45 21 ken
251 708 45 29 dag
311 716 49 14 som
375 709 61 22 helst
451 710 42 21 och
508 710 123 22 ständerna
646 710 78 22 känna
738 710 51 22 icke
803 709 36 22 till
855 716 37 15 om
902 709 112 29 styrelsen

189 738 60 22 efter
264 738 46 22 fem
325 738 55 22 eller
395 740 33 21 tio
444 740 36 21 års
495 739 91 29 förlopp
603 740 46 21 kan
664 740 60 28 hysa
736 747 30 14 en
776 746 76 15 annan
862 738 153 30 uppfattning

190 776 38 14 om
250 776 29 14 en
301 769 177 28 postsparbanks
499 770 156 28 organisation
670 770 43 21 och
728 768 134 30 genomföra
877 768 136 22 densamma.

188 798 36 21 Då
247 805 54 15 man
319 798 75 22 finner
408 800 36 20 att
458 800 92 27 mycket
564 801 63 19 stora
641 799 85 29 belopp
741 799 9 21 i
766 798 71 22 andra
851 798 80 22 länder
945 798 68 21 influ-

190 827 30 22 tit
242 827 9 22 i
275 835 27 14 en
325 828 75 27 sådan,
418 841 26 3 —
461 828 43 22 och
525 829 25 21 vi
565 830 72 20 måste
652 828 89 30 hoppas
757 830 35 20 att
806 829 25 21 så
846 828 69 22 äfven
930 828 85 21 blifver

189 856 67 23 fallet
271 857 8 21 i
294 858 51 21 vårt
360 858 60 28 land,
436 870 28 4 —
474 858 149 30 hvarigenom
639 858 199 29 postsparbanken
847 858 9 21 i
866 857 82 29 sjelfva
963 864 51 15 ver-

188 886 41 22 ket
244 886 45 22 blir
304 894 29 14 en
347 887 77 29 vigtig
440 888 132 22 ekonomisk
587 888 78 22 faktor
679 888 9 22 i
703 888 91 22 landets
812 887 119 22 finansiela
949 886 65 22 ställ-

187 916 64 29 ning,
267 917 26 21 så
307 924 68 20 synes
396 917 38 21 det
449 925 55 14 vara
518 918 136 22 välbetänkt
669 920 34 20 att
720 917 124 22 ständerna
858 917 101 21 törklara
973 916 42 22 det

188 946 28 22 de
239 945 36 22 för
299 946 36 22 sin
358 946 38 22 del
418 954 70 21 gerna
503 949 122 27 garantera
641 955 28 14 en
684 947 73 22 sådan
772 946 172 30 postsparbank,
959 954 54 14 men

188 977 35 20 att
239 975 29 22 de
283 975 111 29 derjämte
409 976 152 30 ovilkorligen
576 977 82 27 fordra,
674 979 35 19 att
726 977 45 21 den
786 977 40 21 bör
841 984 55 14 vara
906 975 107 29 grundad

188 1006 30 28 på
240 1005 30 21 de
289 1006 121 28 principer,
425 1006 9 22 i
454 1006 233 22 öfverensstämmelse
703 1006 53 22 med
771 1006 81 22 hvilka
867 1006 39 22 det
921 1005 92 29 törelig-

188 1034 76 29 gande
279 1034 111 30 förslaget
406 1039 24 18 är
445 1036 137 22 utarbetadt.
613 1036 47 22 För
674 1036 49 22 min
739 1036 38 22 del
792 1036 74 21 skulle
878 1035 43 29 jag
935 1035 78 21 derför

186 1064 64 22 hålla
264 1064 49 22 före
327 1067 36 19 att
378 1065 40 22 det
432 1068 26 19 är
472 1066 93 22 alldeles
581 1066 145 28 nödvändigt
741 1066 36 21 för
792 1066 122 21 ständerna
929 1067 33 19 att
975 1067 38 19 ut-

189 1094 47 22 tala
252 1094 36 29 sig
303 1094 8 21 i
326 1102 86 14 samma
426 1095 104 29 riktning
544 1103 49 14 som
609 1096 179 21 statsutskottet.

261 1124 127 22 Professori
410 1124 116 23 Forsman:
551 1125 86 21 Herrat
659 1126 83 28 Lagus,
766 1124 88 22 Geitlin
874 1124 26 28 ja
919 1124 94 21 Donner

188 1155 54 19 ovat
265 1153 124 23 koskeneet
411 1158 93 18 erääsen
526 1154 75 29 hyvin
623 1155 111 21 tärkeään
755 1154 110 22 seikkaan
884 1156 43 26 nyt
947 1153 67 21 esillä

187 1182 105 22 olevassa
316 1184 246 28 asetusehdotuksessa,
587 1184 119 22 nimittäin
732 1184 171 28 kysymykseen
925 1182 87 22 naidun

187 1212 93 22 vaimon
301 1213 133 22 oikeudesta
454 1214 68 21 saada
541 1216 82 20 nostaa
642 1214 60 21 niitä
722 1213 106 29 säästöjä,
846 1212 60 29 joita
921 1212 46 22 hän
982 1219 30 14 on

186 1241 120 23 tällaiseen
321 1243 112 28 pankkiin
448 1250 88 15 omassa
550 1244 128 21 nimessään
693 1245 96 27 pannut.
820 1242 114 22 Niinkuin
947 1241 24 29 jo
982 1248 32 15 on

187 1271 167 29 huomautettu,
370 1272 74 22 sisälsi
454 1273 195 28 puheena-olevaa
659 1273 64 22 asiaa
732 1275 83 19 varten
825 1274 105 20 asetetun
940 1271 72 22 komi-

188 1303 53 19 tean
262 1302 106 22 mietintö
389 1303 141 21 säännöksen
550 1302 135 22 mainitusta
700 1302 140 22 oikeudesta.
872 1301 29 22 Se
916 1304 97 18 säännös

187 1338 30 14 on
237 1331 147 22 kumminkin
401 1332 87 28 jätetty
507 1332 49 29 pois
577 1340 55 14 arm.
652 1332 145 28 esityksestä,
813 1331 31 29 ja,
860 1331 107 21 niinkuin
981 1337 32 15 on

186 1360 210 28 huomautettukin,
417 1368 30 15 on
467 1369 24 14 se
511 1362 152 22 arvattavasti
681 1362 85 28 jäänyt
786 1362 50 28 pois
856 1361 52 21 siitä
926 1362 87 26 syystä,

186 1389 62 21 ett'ei
264 1390 69 22 muka
344 1391 36 21 ole
390 1391 108 22 tahdottu
508 1391 84 21 koskea
603 1392 87 28 yleisen
700 1392 50 21 lain
760 1390 155 28 määräyksiin
925 1389 88 22 naidun

186 1418 94 22 vaimon
302 1420 138 22 oikeudesta.
476 1421 64 21 Minä
560 1428 28 14 en
609 1421 167 22 kumminkaan
796 1422 63 20 saata
878 1421 134 27 ymmärtää,

187 1450 50 20 että
252 1450 140 21 semmoinen
408 1453 96 19 säännös
519 1450 94 22 millään
629 1451 86 21 tavalla
725 1450 99 22 rikkoisi
833 1450 87 21 mitään
929 1449 84 28 yleistä

186 1477 177 23 lainsäännöstä.
394 1480 41 21 Jos
450 1480 110 21 tällainen
574 1480 116 22 komitean
705 1480 135 22 ehdottama
858 1481 96 19 säännös
965 1485 50 15 ase-

187 1507 104 23 tuksessa
313 1508 101 29 löytyisi,
438 1510 21 21 ei
482 1510 51 21 sillä
556 1510 166 21 kumminkaan
746 1509 52 22 olisi
818 1509 111 27 säädetty,
950 1507 63 22 ett'ei
