1078 1756
234 78 23 18 10
484 83 75 21 Pappiss.
572 82 49 19 1885.
634 83 17 17 17
663 86 16 18 p.
692 82 75 18 Tammik.

198 140 56 21 våra
273 139 223 30 partiförhållanden,
512 141 44 22 och
571 140 105 30 grunden
690 140 78 23 dertill
783 140 46 22 kan
844 140 50 22 icke
909 148 55 14 vara
978 147 38 15 an-

198 177 46 14 nan
259 172 29 19 än
303 171 35 21 att
352 170 46 22 han
413 171 82 21 saknar
510 171 45 22 den
570 171 70 22 breda
654 171 67 27 basis,
735 178 48 14 som
799 174 25 18 är
837 178 130 22 gemensam
980 170 36 22 för

199 199 45 22 alla
258 200 55 22 våra
327 200 92 28 partier;
435 200 47 22 han
496 203 31 26 är,
538 201 53 21 med
600 202 35 20 ett
645 200 46 28 ord,
701 200 51 22 icke
761 200 68 22 finne.
852 200 45 22 Det
907 203 25 19 är
942 200 74 22 denna

198 237 166 21 gemensamma
378 230 119 29 grundval,
512 230 96 22 hvilken
624 230 72 22 under
711 230 39 22 det
765 230 94 29 dagliga
874 230 78 22 lifvets
967 229 49 23 ofta

198 260 128 28 småaktiga
347 260 142 28 partistrider
512 261 43 21 och
578 260 177 29 tidningsfejder
777 260 107 29 förgätes,
907 267 47 15 som
978 259 38 22 det

199 289 137 22 tillkommer
356 296 40 22 oss,
417 290 39 22 det
475 290 75 22 finska
568 290 83 22 folkets
666 292 186 27 representanter,
868 292 34 20 att
916 290 55 21 söka
986 292 30 19 än

199 318 79 22 vidare
298 319 96 29 utvidga
409 320 42 22 och
466 320 98 28 befästa;
580 322 27 27 ty
624 320 37 22 det
676 320 80 22 tillhör
771 327 36 15 oss
823 321 35 20 att
873 326 81 22 genom
969 326 47 15 mo-

200 348 108 28 deration,
328 350 132 28 ömsesidigt
480 350 197 28 tillmötesgående
697 350 43 22 och
761 349 98 29 aktning
879 349 36 22 för
935 349 81 22 andras

199 378 154 29 öfvertygelse
373 379 54 22 söka
446 380 109 22 särskildt
575 379 36 22 för
629 380 72 28 några
721 380 8 21 i
743 380 52 21 vårt
816 379 54 21 land
885 378 130 23 brännande

200 408 77 30 frågor
295 408 89 22 komma
404 410 36 21 till
462 412 33 19 ett
510 410 82 21 sådant
606 410 103 27 resultat,
725 411 34 20 att
774 417 28 13 ur
817 409 75 22 denna
906 408 111 30 landtdag

201 438 39 22 det
262 438 73 22 finska
357 438 72 23 folket
448 439 60 22 skall
528 439 70 22 äfven
618 440 35 21 till
674 440 39 21 det
732 441 63 27 yttre
811 439 89 29 framgå
914 446 49 15 som
977 440 40 27 ett,

201 468 91 22 odeladt
307 468 42 22 och
364 469 137 30 endrägtigt,
517 469 81 22 beredt
613 471 34 20 att
657 470 52 21 med
720 469 45 22 alla
775 469 87 29 lagliga
871 469 73 22 medel
954 476 63 15 man-

200 498 45 29 ligt
259 501 72 18 värna
346 499 36 21 sin
397 499 70 22 frihet
482 499 43 22 och
540 499 36 22 sin
592 499 192 29 sjelfständighet.

273 527 95 23 Lifvadt
388 529 26 21 af
432 529 84 22 sådana
535 529 93 22 känslor
643 529 43 22 och
701 529 151 29 öfvertygadt
867 536 37 15 om
918 530 34 20 att
968 528 49 22 här-

200 557 96 22 utinnan
316 561 54 19 röna
389 559 197 29 tillmötesgående
602 559 40 22 hos
658 559 39 22 det
712 559 143 28 högvördiga
869 558 95 28 ståndet,
980 560 36 19 ut-

199 587 41 22 ber
255 587 36 30 sig
306 588 186 29 borgareståndet
506 596 83 22 genom
604 596 42 21 oss,
662 589 50 22 dess
728 589 143 28 deputerade,
882 590 34 20 att
926 588 25 21 få
961 595 55 15 vara

199 617 124 22 inneslutet
342 618 9 21 i
369 618 58 28 eder,
442 619 141 29 högvördige
603 619 98 29 biskops,
722 619 25 21 så
766 619 43 21 ock
824 619 35 21 uti
874 617 142 30 högvördiga

200 647 176 29 presteständets
391 648 129 23 förtroende
536 649 42 21 och
593 649 115 28 välvilja."

287 677 164 24 Vastaukseksi
478 679 132 28 lähetystön
637 678 182 29 tervehdykseen
847 678 74 21 lausui
948 677 66 22 herra

200 706 129 23 Puhemies:

276 754 10 12 n
289 737 132 29 Högtärade
435 739 79 21 herrar
529 738 137 29 deputerade
682 738 52 22 från
749 737 39 22 det
803 737 117 29 vällofliga
929 737 86 29 Borga-

199 767 126 22 reständet!
345 767 45 22 Det
405 771 25 18 är
444 768 52 22 med
511 768 199 22 tillfredsställelse
725 775 49 14 som
789 767 165 30 presteständet
968 766 48 22 hel-

199 803 37 14 sar
256 796 39 22 det
313 797 117 30 vällofliga
444 798 187 29 borgareständet
645 798 140 22 välkommet
799 797 38 22 till
852 797 63 22 detta
929 796 36 22 för
980 803 35 15 oss

200 826 46 21 alla
265 827 25 21 sä
305 827 90 29 vigtiga
410 828 42 21 och
468 828 150 29 arbetsdryga
632 828 158 21 ständermöte.
820 827 31 22 Vi
866 826 68 22 tacka
948 826 68 22 också

199 855 152 24 ordföranden
366 857 9 22 i
390 857 162 30 deputationen
567 857 37 22 för
614 857 28 22 de
651 858 8 21 i
670 859 83 28 många
764 857 121 22 afseenden
895 856 121 22 vältänkta

200 885 43 22 och
263 886 119 29 välvilliga
402 887 41 22 ord
463 888 46 21 han
523 887 91 22 uttalat.
644 887 46 22 Det
705 891 25 18 är
745 889 60 20 sant:
821 886 62 23 olika
897 885 119 30 meningar

199 916 74 21 mäste
288 915 79 29 finnas,
382 917 96 22 likasom
493 917 27 22 de
536 917 67 22 alltid
618 917 97 28 funnits;
731 924 53 15 men
799 924 37 14 om
851 916 27 21 de
894 915 61 22 olika
970 923 46 14 me-

199 945 114 29 ningarna
333 947 56 28 utgå
406 947 52 22 från
478 954 86 15 samma
584 955 169 20 gemensamma
767 946 87 28 känsla,
869 945 146 22 fosterlands-

200 975 85 28 kärlek,
306 975 68 23 adlad
388 977 26 21 af
427 977 64 22 Guds
506 977 101 26 fruktan,
622 984 48 15 som
685 980 26 19 är
725 976 32 22 all
771 976 88 22 vishets
873 975 143 29 begynnelse,

199 1005 44 21 och
258 1012 37 15 om
310 1005 28 22 de
353 1005 70 23 hafva
438 1014 85 14 samma
538 1014 167 21 gemensamma
720 1006 52 28 mål,
787 1009 35 19 ett
837 1005 89 22 älskadt
936 1004 80 23 foster-

199 1034 66 22 lands
280 1035 44 28 väl,
340 1037 24 20 så
384 1036 45 22 kan
448 1037 38 21 det
500 1037 51 22 icke
566 1036 35 22 slå
616 1037 42 21 felt
673 1039 35 19 att
723 1036 59 21 dock
796 1036 9 21 i
821 1035 38 22 det
874 1034 144 29 väsendtliga

199 1064 37 22 till
257 1065 46 21 slut
323 1065 51 22 med
395 1066 64 21 Guds
478 1067 85 28 nådiga
582 1066 91 22 bistånd
693 1068 34 19 ett
741 1066 97 21 resultat
852 1065 86 27 vinnes,
953 1064 64 22 öfver

200 1094 89 21 hvilket
308 1094 184 23 fäderneslandet
509 1096 58 22 både
583 1096 8 21 i
606 1095 67 23 nutid
688 1096 43 22 och
746 1096 8 21 i
770 1103 28 14 en
814 1094 95 23 framtid
923 1094 42 22 har
981 1093 36 22 rik

199 1123 127 30 anledning
341 1127 34 20 att
390 1125 77 29 glädja
482 1125 41 30 sig.

273 1154 170 23 Presteståndet
458 1155 101 22 anhåller
574 1157 35 20 att
624 1155 164 29 deputationen
804 1154 55 22 ville
873 1154 37 21 till
920 1153 39 22 det
969 1153 47 22 väl-

198 1183 80 29 lofliga
292 1184 91 22 ståndet
398 1185 112 22 frambära
526 1185 50 22 dess
592 1185 169 29 aktningsfulla
775 1184 126 29 helsning.*

274 1279 194 29 Porvarissäädyn
483 1280 132 29 lähetystön
630 1280 120 29 lähdettyä
765 1279 153 22 ilmoitetttiin
928 1277 89 23 terveh-

199 1308 176 29 dyslähetystön
390 1310 86 21 tulleen
492 1310 275 29 Talonpoikaissäädystä,
781 1309 26 29 ja
821 1309 48 22 kun
884 1311 62 19 tämä
960 1307 59 22 lähe-

198 1340 63 26 tystö
284 1339 32 21 oli
338 1341 180 20 vastaan-otettu
538 1340 25 28 ja
587 1341 93 20 astunut
701 1340 82 25 sisään,
802 1339 46 29 piti
867 1345 40 15 sen
924 1337 95 30 johtaja,

198 1367 198 30 valtiopäivämies
412 1369 92 22 Brusila
518 1369 55 22 näin
588 1369 118 22 kuuluvan
721 1368 225 29 tervehdyspuheen:

276 1414 9 10 n
288 1397 201 27 Korkea-arvoisin
509 1399 66 22 herra
597 1399 86 22 tohtori
701 1399 26 28 ja
743 1399 141 28 arkkipiispa
900 1399 53 20 sekä
967 1397 51 21 kor-

201 1427 161 22 kea-arvoinen
377 1429 157 28 pappissääty!

272 1457 160 30 Talollissääty
457 1461 87 26 pyytää
568 1459 96 27 meidän,
687 1458 162 29 lähetystönsä,
873 1457 81 22 kautta
970 1456 50 21 lau-

197 1493 41 14 sua
272 1487 184 28 sydämmellisen
486 1489 26 28 ja
541 1491 89 26 nöyrän
661 1487 201 29 tervehdyksensä,
893 1487 126 21 toivottaen

197 1516 57 21 teitä
269 1517 94 22 kaikkia
378 1518 166 22 tervetulleiksi
559 1520 43 27 nyt
618 1518 107 22 alkaville
740 1516 172 30 valtiopäiville.
935 1516 30 21 Jo
980 1515 38 22 ha-

196 1548 74 19 masta
291 1547 53 22 siitä
364 1547 74 29 ajasta
458 1549 48 26 asti,
519 1547 56 29 jona
590 1548 154 21 ensimmäiset
760 1547 67 22 valon
842 1546 91 29 kipinät
948 1545 70 23 alkoi-
