1075 1714
311 75 76 21 Pappiss.
405 75 18 17 12
437 79 17 18 p.
466 75 67 18 Helmik.
544 75 49 18 1985.
816 73 35 20 201

52 133 73 22 Detta
140 133 107 26 göromäl
262 132 42 22 har
319 133 41 21 vid
377 133 139 29 föregäende
531 131 139 30 landtdagar
685 133 52 22 icke
750 133 77 29 älegat
838 133 47 22 sek-

56 164 121 26 reteraren,
197 165 58 19 utan
275 163 116 27 notarien;
412 170 53 14 men
481 163 29 21 dä
526 163 74 29 enligt
615 163 71 21 ofvan
701 163 130 29 föreslagna
847 170 38 14 an-

56 192 99 30 ordning
171 192 89 22 notarie
275 192 50 22 icke
340 193 103 21 kommer
459 195 36 19 att
511 193 109 21 anställas
637 193 43 21 och
696 193 45 21 den
751 193 134 28 ifrågasatte

56 222 129 22 kanslisten
200 222 20 29 ej
237 222 47 21 kan
300 225 95 26 antagas
411 222 100 29 skicklig
527 224 35 20 att
577 224 164 20 sammantatta
757 224 34 20 ett
806 223 79 21 betän-

56 252 81 27 kande,
160 252 43 22 har
221 252 43 28 jag
284 253 58 20 trott
363 252 48 29 mig
431 253 30 28 pä
483 252 145 22 förestäende
644 254 47 20 sätt
706 252 79 22 kunna
801 252 83 22 tillmö-

56 283 67 28 tesgä
147 282 133 22 Utskottets
303 281 88 22 önskan
412 282 43 21 och
470 282 146 29 undanrödja
631 282 131 22 tillsvidare
777 281 108 23 behofvet

56 312 27 22 af
96 320 29 14 en
140 311 92 22 särskilt
247 311 90 21 anstäld
351 312 148 28 protokollist
514 312 9 21 i
539 312 131 22 detsamma.

127 342 13 21 I
161 341 164 29 sammanhang
346 341 53 21 med
419 341 62 22 hvad
500 342 43 28 jag
557 342 9 21 i
581 341 146 22 förestående
747 342 72 21 måtto
834 340 51 22 haft

58 375 56 18 äran
129 371 133 27 framställa,
278 372 70 28 vågar
362 370 43 30 jag
420 371 111 29 slutligen
542 372 74 21 såsom
627 370 96 23 föremål
734 370 36 22 för
781 379 28 14 en
820 370 66 22 Stån-

58 402 51 21 dets
133 408 67 20 ,cura
220 400 122 29 posterior*
367 400 90 30 påpeka
473 403 34 19 ett
523 401 149 28 förhållande,
690 408 48 14 som
752 401 135 29 visserligen

59 432 16 21 f.
90 438 22 14 n.
134 431 96 21 innebär
249 430 61 22 blott
331 432 35 20 ett
387 430 153 29 förutseende,
556 438 52 14 men
624 438 49 14 som
688 431 69 28 högst
773 430 114 22 sannolikt

59 462 104 20 kommer
179 462 34 20 att
224 462 64 20 snart
297 460 145 22 konstateras
455 460 43 22 och
509 460 77 22 derför
596 461 72 21 redan
678 468 32 14 nu
721 461 86 21 kanske
817 460 70 22 borde

59 493 67 27 tagas
148 491 9 21 i
175 491 72 27 något
262 489 175 23 skärskädande.
469 490 81 22 Under
565 490 154 29 landtdagens
735 498 78 14 senare
828 489 60 23 hälft

61 521 43 21 och
120 520 8 22 i
145 520 31 22 all
198 519 123 29 synnerhet
337 520 45 21 den
398 520 57 21 sista
470 520 114 22 månaden
600 520 71 27 deraf,
688 520 29 22 då
732 520 67 29 plena
814 520 73 22 hållas

60 550 46 22 alla
130 550 77 28 dagar,
232 550 71 20 oftast
325 550 58 21 både
405 550 45 21 för-
472 550 44 22 och
538 550 160 28 eftermiddag,
714 551 71 21 måste
801 550 39 21 det
854 549 33 21 in-

61 580 74 28 träffa,
152 581 75 20 såsom
242 579 66 21 fallet
323 580 62 21 varit
399 580 40 21 vid
455 580 47 21 alla
517 580 100 28 tidigare
632 580 144 28 landtdagar,
792 582 35 19 att
837 579 50 22 fler-

61 610 64 28 talet,
144 609 31 29 ja,
195 611 83 19 nästan
298 609 46 21 alla
360 609 109 22 Ständets
484 610 68 21 ärade
568 610 126 21 ledamöter
710 609 123 29 omöjligen
848 616 41 19 ega

61 640 36 22 tid
120 640 43 22 och
183 638 88 22 krafter
291 640 35 20 att
344 639 166 29 korrigerande
525 640 115 28 genomgå
656 639 50 21 sina
722 638 167 30 andraganden.

63 670 47 22 För
133 669 157 22 sekreteraren
312 672 26 18 är
361 668 132 22 äfvenledes
515 669 26 22 af
558 676 87 15 samma
664 669 50 21 skäl
730 670 25 20 sä
769 669 58 29 godt
842 675 48 15 som

64 699 106 29 omöjligt
193 700 34 20 att
250 698 54 22 fullt
325 700 170 28 samvetsgrant
513 699 125 21 medhinna
655 699 38 21 det
708 700 30 28 pä
752 698 85 22 honom
852 705 37 14 an-

63 728 137 23 kommande
221 728 246 29 korrigeringsarbetet
487 728 44 22 och
552 732 61 18 ännu
633 728 134 29 omöjligare
790 730 35 20 att
847 735 42 14 un-

65 759 40 21 der
124 758 71 22 sädan
217 758 141 21 brädskande
379 758 35 21 tid
429 758 79 22 kunna
523 758 99 22 förrätta
638 758 64 22 detta
717 758 76 22 arbete
809 759 30 27 sä,
855 759 35 20 att

66 788 132 29 derigenom
221 788 73 21 skulle
316 789 97 20 ersättas
434 788 39 21 det
489 788 28 22 af
529 788 103 22 talarene
647 788 160 22 försummade.
837 787 53 21 Men

65 818 70 29 sagde
156 818 76 21 arbete
252 817 46 21 kan
314 817 42 21 och
371 817 36 22 fär
421 818 126 22 imellertid
562 818 51 21 icke
628 818 135 22 uraktlätas.
793 817 98 29 Följden

64 848 91 27 blifver,
179 849 35 19 att
239 846 39 22 det
301 848 72 20 mäste
396 848 152 28 framskjutas
568 848 38 21 till
621 850 116 19 närmaste
751 847 66 22 tiden
831 847 58 21 efter

64 877 154 29 landtdagens
242 876 135 28 afslutande,
401 877 29 21 dä
451 877 28 21 de
500 885 58 21 resp.
575 878 102 21 talarene
692 877 70 22 redan
778 876 113 29 aflägsnat

66 908 42 28 sig,
131 907 43 21 och
195 906 87 22 säledes
302 906 52 22 med
375 906 131 22 förtroende
527 907 155 21 öfverlemnas
697 907 50 21 helt
761 907 43 22 och
819 906 71 22 hället

66 938 24 21 3t
105 937 156 21 sekreteraren
276 938 35 19 att
325 936 96 28 utföras,
436 938 31 27 pä
483 938 46 20 sätt
546 937 64 21 detta
624 937 41 21 vid
681 936 138 29 föregäende
829 938 61 19 stän-

66 967 117 21 dermöten
198 966 62 21 varit
274 966 121 22 öfverlätet
411 968 24 20 ät
449 966 113 28 notarien,
578 974 48 14 som
642 966 36 22 för
695 967 124 21 detsamma
833 973 57 21 upp-

66 996 63 22 burit
150 998 33 19 ett
198 995 100 22 tillskott
314 996 26 21 af
352 997 42 20 två
408 996 121 22 månaders
545 996 39 22 lön
599 996 60 22 efter
674 996 146 30 landtdagen,
836 995 55 22 eller

67 1026 81 22 inalles
172 1026 64 27 1,200
259 1026 45 21 mk.
320 1039 27 3 —
364 1026 12 20 I
397 1026 44 21 den
461 1026 111 22 händelse
592 1028 35 20 att
642 1026 71 22 ofvan
729 1026 102 28 antydda
846 1025 44 22 för-

66 1055 108 22 hållande
189 1055 63 21 visar
267 1056 36 28 sig
317 1055 75 22 blifva
407 1063 28 14 en
450 1056 138 28 verklighet,
604 1056 68 22 utber
680 1056 42 29 jag
731 1056 49 28 mig
790 1056 24 21 få
823 1054 68 23 vörd-

67 1087 59 20 samt
141 1084 89 29 föreslå,
241 1086 35 20 att
288 1085 38 21 det
337 1085 67 22 deraf
411 1084 104 30 följande
525 1086 267 28 redaktionsäliggandet
803 1084 88 22 ähvälf-

67 1122 40 15 ves
128 1115 156 21 sekreteraren
303 1115 37 21 till
360 1115 123 21 utförande
504 1115 64 22 inom
585 1116 80 28 längre
680 1116 55 21 eller
750 1115 91 21 kortare
856 1114 36 22 tid

68 1144 140 22 omedelbart
228 1144 59 22 efter
302 1144 147 30 landtdagen,
465 1145 113 21 beroende
594 1146 30 28 pä
639 1145 110 29 pröfning
765 1145 26 21 af
804 1144 39 22 det
859 1143 32 23 ef-

68 1177 96 19 tersatta
179 1174 100 22 arbetets
294 1174 99 29 omfång,
409 1176 60 20 samt
484 1176 37 20 att
536 1175 74 21 likaså
624 1174 37 22 för
676 1175 83 21 honom
775 1174 42 22 och
830 1176 61 26 tryc-

67 1205 75 22 keriet
164 1205 136 21 bestämmes
324 1205 44 21 den
390 1205 41 26 tid,
454 1205 65 22 inom
538 1205 96 22 hvilken
655 1205 44 22 den
714 1205 109 22 afbrutna
838 1203 55 22 eller

68 1234 116 29 fördröjda
207 1234 155 29 tryckningen
381 1235 42 21 bör
443 1242 57 14 vara
516 1235 99 21 slutförd
630 1235 43 21 och
688 1234 143 29 protokollen
846 1233 45 22 fär-

69 1264 134 29 digtryckta
218 1263 65 22 skola
298 1264 118 21 levereras.
447 1264 48 22 För
505 1265 177 28 ifrågavarande
693 1265 77 21 arbete
780 1264 59 21 efter
849 1263 44 21 slu-

68 1294 41 21 tad
131 1293 113 29 landtdag
266 1293 64 22 torde
354 1295 24 20 ät
401 1294 157 22 sekreteraren
577 1294 152 22 tillerkännas
749 1292 144 31 godtgörelse

68 1323 59 22 efter
149 1323 129 29 beräkning
300 1323 26 22 af
346 1330 87 15 samma
453 1324 91 29 belopp,
566 1331 48 15 som
635 1324 63 21 förut
712 1324 61 21 varit
787 1322 106 23 notarien

68 1353 118 28 beviljadt,
208 1353 20 21 d.
244 1356 20 18 ä.
280 1353 44 22 600
339 1353 66 22 mark
420 1361 41 21 per
476 1353 90 28 mänad,
584 1353 42 22 och
642 1353 64 22 detta
721 1353 36 22 för
772 1352 82 23 endast
869 1353 26 20 sä

68 1383 56 29 lång
138 1383 42 28 tid,
196 1389 49 15 som
260 1382 37 21 till
312 1383 102 21 arbetets
429 1383 125 22 utförande
569 1383 105 29 skäligen
690 1383 91 30 pröfvas
797 1383 60 28 ätgä.

139 1423 187 30 Helsingfors,
342 1424 45 22 den
404 1425 27 22 12
446 1425 114 22 Februari
577 1425 63 22 1885.

616 1471 23 23 C.
654 1472 21 21 J.
690 1471 133 28 Lindegvist.
