1073 1753
423 119 14 18 1
450 119 46 22 April.
802 117 46 19 LXI

53 193 42 21 gan
111 186 138 22 öfverlemnas
264 187 32 21 till
311 187 115 27 Kejsarens
442 188 39 20 och
497 187 144 22 Storfurstens
657 187 98 27 pröfning
766 187 38 21 och
815 187 58 21 stad-

55 221 103 25 fästelse*,
181 220 24 22 så
219 220 62 28 följer
296 221 65 26 deraf,
378 223 32 19 att
425 227 50 15 man
489 222 42 20 kan
547 222 63 20 vinna
626 222 89 26 ändring
731 222 7 20 i
753 220 120 22 röstberäk-

55 256 76 26 ningen
152 257 39 19 när
213 261 47 15 man
276 255 27 27 på
318 256 182 26 grundlagsenligt
516 257 43 20 sätt
575 256 75 20 vinner
665 256 89 26 ändring
768 255 7 21 i
790 254 83 22 ordnin-

54 296 42 20 gen
116 289 34 21 för
171 290 62 20 valet.
263 289 66 21 Detta
350 289 95 27 framgår
466 290 81 26 ganska
566 290 77 26 tydligt
659 289 64 21 också
737 296 26 14 ur
777 289 97 21 källorna

56 323 34 21 för
106 324 25 20 12
146 324 12 27 $
173 324 6 20 i
194 324 23 20 L.
233 323 36 25 O.;
284 324 36 20 det
335 324 94 27 framgår
444 330 25 15 ur
485 324 74 27 sjelfva
574 324 23 21 L.
615 324 24 21 O.
662 324 42 21 Det
719 323 99 21 förvånar
832 323 42 27 mig

56 359 32 20 att
109 358 47 21 frih
180 357 84 25 Wrede,
281 363 50 20 som,
349 358 65 27 enligt
428 358 56 21 hvad
498 358 36 27 jag
549 358 37 21 vill
606 358 89 25 minnas,
715 357 108 22 bevistade
843 363 31 15 se-

56 394 60 19 naste
138 391 107 27 landtdag,
270 391 45 22 icke
337 392 96 21 kommer
448 392 50 27 ihäg
513 392 55 21 hvad
584 393 74 20 härom
674 393 95 25 yttrades
784 392 23 21 af
820 391 53 22 1882

56 425 34 22 års
113 425 123 28 lagutskott.
266 425 111 22 Utskottet
398 426 122 21 förklarade
536 427 144 26 uttryckligen
695 427 32 20 att
743 426 36 21 det
793 426 81 21 anslöte

57 460 31 27 sig
109 460 33 21 till
164 460 41 21 den
227 461 89 26 mening,
339 462 33 19 att
386 461 152 26 valordningar
553 461 49 21 med
617 461 82 21 ändrad
715 460 159 27 röstberäkning

57 494 69 21 kunde
150 494 117 21 tillkomma
289 494 28 27 pä
339 495 112 22 städernas
474 495 99 27 begäran,
595 495 39 21 och
651 495 114 21 ständerna
780 495 94 20 uttalade

57 529 60 21 äfven
142 535 80 15 samma
245 529 90 26 mening.
366 529 65 22 Detta
451 529 39 21 har
514 529 47 22 frih
587 529 79 21 Wrede
691 529 46 21 icke
762 530 112 24 omnämnt,

56 563 69 21 fastän
148 564 35 20 det
204 563 95 25 klander,
322 563 53 22 hans
398 564 132 21 reservation
553 563 124 26 innehäller,
701 563 92 21 drabbar
811 562 63 22 ocksä

56 599 84 19 senaste
156 598 96 21 ständers
267 597 117 27 lagutskott
401 598 38 21 och
458 599 52 20 1882
528 598 34 21 ärs
578 598 93 21 ständer.
695 598 32 20 En
743 597 22 21 af
779 597 96 21 källorna

57 631 33 21 till
113 632 25 20 122
161 631 11 28 $
195 632 7 20 i
224 632 23 21 L.
270 631 24 22 O.
315 634 23 19 är
353 632 65 21 också
433 633 81 20 citerad
530 633 6 20 i
552 633 153 26 lagutskottets
720 631 133 22 betänkande
868 631 7 20 i

56 665 74 27 frägan
154 666 34 21 vid
211 667 54 21 1882
288 666 33 21 ärs
346 667 107 26 landtdag.
483 667 41 20 Det
549 669 24 18 är
595 666 68 27 nägra
678 666 69 26 rader,
764 672 44 15 som
822 665 53 21 före-

57 699 85 21 komma
163 700 7 20 i
192 700 231 26 grundlagsutskottets
445 701 136 20 betänkande
597 701 35 21 vid
649 701 54 20 1867
719 700 35 21 ärs
768 699 106 27 landtdag,

57 733 27 21 dä
107 734 40 20 den
169 734 119 21 dävarande
311 734 26 21 13
353 734 10 27 $
379 734 7 20 i
401 734 103 27 förslaget
520 735 33 21 till
568 735 23 21 L.
608 734 31 26 O.,
656 734 85 26 hvilken
757 734 119 21 sedermera

56 767 70 21 blifvit
141 768 40 21 den
198 768 25 21 12
239 768 17 27 $,
273 768 6 21 i
294 768 222 27 grundlagsutskottet
526 769 137 27 granskades.
688 768 111 21 Utskottet
808 769 68 25 yttrar

56 802 48 21 der:
135 819 10 8 ,
149 802 113 27 Angående
285 802 260 27 landtdagsmannavalets
568 802 134 22 förrättande
726 804 55 19 samt
802 801 74 21 beräk-

57 837 76 27 ningen
148 836 23 22 af
184 837 25 21 de
225 837 73 21 dervid
313 836 80 28 afgifna
408 839 97 19 rösterna
520 839 37 19 äro
574 837 75 21 hittills
665 837 98 27 gällande
779 836 97 26 stadgan-

58 871 40 21 den
113 871 121 21 bibehällna
249 871 6 21 i
271 872 52 20 sista
338 878 61 14 mom.
416 872 23 20 af
451 872 140 21 förevarande
606 872 107 26 paragraf.
736 871 42 21 Det
789 872 23 20 är
823 870 53 21 dock

57 905 57 21 klart
136 907 37 24 att,
196 912 33 14 om
253 906 40 20 den
317 906 7 20 i
346 906 49 20 näd.
418 912 60 20 prop.
494 906 121 26 föreslagna
630 906 151 26 utvidgningen
797 904 22 22 af
832 905 46 21 val-

57 940 71 20 rätten
151 939 76 21 blifver
249 940 104 26 godkänd,
377 940 90 26 ändring
489 940 7 21 i
518 941 67 20 sättet
607 940 40 21 och
663 940 115 26 ordningen
793 939 35 21 vid
842 945 35 14 va-

58 974 35 20 len
114 974 7 20 i
144 974 25 20 de
192 973 62 21 flesta
276 974 71 21 städer
361 974 68 21 mäste
444 974 103 27 vidtagas.
570 974 42 21 Det
627 974 40 21 bör
682 974 54 21 dock
750 974 45 21 icke
811 972 67 22 öfver-

58 1008 81 20 lemnas
161 1007 23 21 ät
207 1008 100 21 städerna
329 1008 74 27 sjelfva
425 1010 32 19 att
481 1008 74 21 derom
570 1008 6 21 i
593 1008 52 21 sista
660 1008 57 21 hand
731 1008 79 27 afgöra,
827 1008 51 20 enär

56 1042 76 26 frägan
148 1042 67 26 gäller
229 1042 154 21 innevänarnes
399 1042 127 27 ömsesidiga
541 1042 133 27 rättigheter,
691 1042 38 21 och
744 1042 42 21 kan
796 1041 82 21 utskot-

56 1077 33 20 tet
112 1076 70 21 derför
197 1076 46 21 icke
259 1078 64 19 annat
339 1078 26 19 än
380 1077 114 26 godkänna
510 1077 36 20 det
561 1077 31 20 uti
608 1076 161 27 ifrägavarande
785 1077 93 20 moment

58 1109 121 28 föreslagna
202 1111 122 26 stadgande,
348 1112 33 19 att
396 1111 72 26 dylika
484 1110 225 22 öfverenskommelser
726 1111 60 21 skola
802 1110 76 21 under-

56 1144 75 21 ställas
153 1145 114 26 Kejsarens
289 1145 97 27 pröfning
409 1145 39 21 och
471 1145 157 21 stadfästelse''.
659 1145 46 21 Här
731 1147 60 24 säges
815 1143 63 22 alltså

57 1179 118 26 otvetydigt
197 1179 32 21 uti
251 1179 232 27 grundlagsutskottets
505 1179 143 26 betänkande,
666 1181 32 19 att
713 1179 55 21 hvad
784 1185 44 15 som
843 1180 35 19 rör

56 1214 67 20 sättet
145 1213 40 21 och
208 1214 115 26 ordningen
345 1214 34 21 vid
402 1213 256 27 landtdagsmannavalen
680 1213 121 27 inbegriper
823 1212 56 21 hvad

57 1253 46 15 som
124 1247 66 27 angär
214 1248 197 27 röstberäkningen,
434 1248 41 21 och
497 1248 112 26 meningen
632 1249 24 19 är
678 1249 32 19 att
732 1248 68 20 denna
825 1246 54 21 skall

56 1281 73 21 kunna
148 1282 83 26 ändras,
253 1288 48 15 men
323 1284 33 19 att
371 1289 49 14 man
435 1282 47 21 icke
498 1282 57 21 velat
571 1282 131 21 öfverlemna
719 1281 160 25 bestämningen

61 1316 73 21 derom
150 1315 21 21 ät
187 1316 99 21 städerna
301 1316 76 26 allena,
391 1319 51 19 utan
453 1316 83 22 fordrat
546 1317 60 21 Hans
616 1316 112 27 Majestäts
739 1314 140 22 stadfästelse.

60 1350 43 21 Det
126 1356 61 20 synes
204 1350 42 27 mig
262 1352 31 19 att
309 1350 64 27 nägot
387 1351 105 26 tydligare
508 1351 59 21 bevis
582 1350 46 22 icke
644 1350 107 21 behöfves.
781 1350 49 20 Men
843 1349 37 26 jag

60 1384 40 21 bör
121 1384 46 21 icke
189 1384 130 21 undanhälla
337 1386 32 19 att
385 1385 25 20 de
425 1384 24 21 af
462 1385 43 26 mig
520 1391 50 20 nyss
585 1384 100 27 upplästa
701 1384 65 21 orden
781 1385 6 20 i
803 1383 77 27 grund-

59 1417 164 27 lagsutskottets
238 1418 135 22 betänkande
389 1421 37 19 äro
441 1419 101 21 hemtade
558 1425 25 14 ur
598 1419 119 20 motiverna
732 1419 32 20 till
778 1417 102 26 förslaget

58 1451 33 21 till
107 1452 234 27 landtdagsordningen.
372 1453 31 20 Ur
418 1453 63 21 dessa
496 1453 96 26 motiver,
609 1459 44 15 som
669 1453 96 20 förvaras
779 1453 7 20 i
801 1451 79 26 kejser-

58 1485 43 27 liga
117 1488 97 19 senatens
230 1487 65 26 arkiv,
312 1487 39 20 har
366 1487 34 26 jag
415 1487 102 21 tillhands
532 1493 26 15 en
574 1487 90 21 afskrift.
688 1487 71 20 Orden
775 1486 48 27 lyda
834 1485 46 20 der-

56 1519 82 22 städes:
165 1536 4 10 ,
172 1521 121 26 Angående
309 1521 262 27 landtdagsmannavalets
586 1521 133 21 förrättande
735 1523 54 19 samt
804 1518 76 22 beräk-
