1075 1756
236 70 35 32 588
485 79 75 22 Pappiss.
572 80 20 18 10
605 83 15 18 p.
634 79 62 18 Huhtik.
708 79 50 19 1885.

201 135 8 21 i
230 134 64 22 seder
316 136 43 22 och
381 136 88 23 behof*".
500 138 46 22 För
568 138 50 22 min
641 138 37 22 del
701 138 47 22 kan
768 137 42 29 jag
832 136 126 30 ingalunda
973 136 52 22 dela

201 164 75 22 denna
291 166 155 30 uppfattning.
477 167 47 23 Vär
539 168 74 29 karga
628 170 70 20 natur
712 168 43 22 och
772 168 27 21 de
814 167 97 29 torftiga
925 166 99 23 lefnads-

200 194 82 29 vilkor,
304 196 72 22 under
399 196 80 23 hvilka
501 198 116 29 allmogen
640 198 8 22 i
671 199 52 21 värt
741 197 55 23 land
810 197 79 28 lefver,
905 200 39 19 äro
959 197 65 29 inga-

201 224 71 22 lunda
294 226 71 28 nägra
384 234 134 21 gynsamma
533 227 103 23 faktorer
651 228 9 21 i
675 227 136 30 hygieniskt
826 227 111 22 afseende.
967 227 57 27 Den,

201 262 49 14 som
264 255 61 22 varit
339 256 9 21 i
364 256 91 22 tillfälle
471 259 34 20 att
520 265 24 14 se
559 257 61 22 huru
636 258 74 29 dåligt
726 258 39 22 det
780 258 8 20 i
804 256 84 30 själfva
903 257 81 22 verket
999 260 26 18 är

200 284 101 22 bestäldt
323 286 51 22 med
396 288 41 20 vär
459 287 111 29 allmoges
592 287 176 27 helsotillständ,
789 287 59 21 huru
863 286 71 30 tidigt
949 287 75 22 denna

201 314 97 29 allmoge
320 315 115 29 föräldras,
458 316 59 22 huru
540 317 73 29 tidigt
636 318 65 21 deras
725 316 139 23 arbetskraft
879 316 83 29 brytes,
977 316 46 22 kan

200 344 51 22 icke
266 352 55 15 vara
335 346 48 21 lika
398 346 140 29 optimistisk
553 354 49 15 som
617 348 116 21 utskottet
748 348 8 20 i
767 347 64 21 detta
841 346 110 22 afseende.
977 346 46 22 Det

200 377 25 19 är
247 374 58 22 visst
326 378 57 26 sant,
405 378 35 20 att
462 376 166 30 overksamhet,
650 377 116 29 yppighet
788 377 43 21 och
853 376 110 22 öfverflöd
982 380 39 18 äro

199 411 149 22 ogynsamma
362 405 137 30 hygieniska
511 407 82 28 vilkor,
604 415 52 14 men
666 408 139 21 åtminstone
815 406 48 22 lika
873 413 149 22 ogynsamma

198 434 75 22 vilkor
288 437 39 20 äro
342 435 77 23 alltför
435 438 46 20 stor
496 437 124 29 torftighet
628 437 44 22 och
678 436 203 30 öfveransträngdt
891 436 77 22 arbete
978 436 43 23 och

198 466 34 19 ett
254 465 26 20 sä
302 467 89 28 strängt
410 466 86 29 klimat,
512 474 49 15 som
576 467 25 22 vi
616 467 42 22 hos
674 475 36 14 oss
725 467 76 22 hafva.
832 467 47 28 Jag
893 466 128 29 tillstyrker

199 493 95 23 sälunda
318 496 139 29 antagandet
477 497 26 21 af
516 497 265 28 utskottsbetänkandet,
797 496 72 22 ehuru
881 496 42 29 jag
939 496 83 22 önskar

198 523 44 22 och
257 531 66 15 anser
346 528 34 19 att
395 526 39 21 det
449 527 36 21 för
499 527 83 22 sakens
598 527 61 22 skull
674 527 59 22 hade
749 527 61 22 varit
826 527 79 26 bättre,
921 533 37 15 om
973 533 47 15 mo-

198 553 130 30 tiveringen
351 556 60 22 varit
434 564 27 14 en
485 565 76 14 annan
584 557 44 22 och
650 557 116 22 klämmen
784 557 31 28 pä
830 558 70 20 annat
915 559 46 19 sätt
977 556 43 22 for-

197 584 115 22 mulerats.

270 614 141 30 Yliopettaja
433 616 116 22 Kihlman:
580 617 121 22 Utskottet
724 616 116 22 meddelar
862 616 8 22 i
887 616 41 21 sitt
942 616 79 21 betän-

198 643 74 22 kande
295 652 51 21 pag.
362 646 13 21 6
391 653 30 14 en
439 646 149 29 upplysning,
605 647 27 22 af
644 647 113 29 gammalt
772 646 68 28 känd,
856 648 35 20 att
905 645 117 29 nämligen

196 673 232 29 provincialläkarnes
443 676 181 29 hutvudsakliga
638 677 95 29 uppgift
749 680 25 17 är
790 676 44 21 den
849 676 114 21 allmänna
973 675 48 22 hel-

197 703 116 23 sovärden.
342 705 54 22 Men
418 707 71 28 nägot
511 713 48 15 som
582 707 51 21 icke
656 710 26 18 är
704 706 97 22 allmänt
823 705 72 22 kändt
909 705 44 22 och
972 712 49 15 som

198 733 136 22 åtminstone
356 735 36 21 för
414 736 48 29 mig
482 739 25 18 är
522 744 29 13 en
566 737 79 28 nyhet,
664 741 24 17 är
704 736 39 22 det
758 735 149 28 förhållande,
922 742 48 15 som
985 735 34 22 af-

196 763 68 28 slöjas
279 763 8 22 i
303 763 44 22 den
369 765 103 28 petition,
496 766 96 22 hvilken
614 767 73 28 gifvit
710 766 91 29 upphof
819 767 24 20 ät
858 765 161 22 betänkandet.

196 793 48 21 Der
266 797 65 25 säges
353 795 116 29 nämligen
492 798 35 19 att
550 796 94 22 läkarne
660 796 73 22 under
748 796 36 21 sin
800 795 129 22 studiekurs
945 795 9 21 i
968 796 53 21 värt

196 823 55 21 land
266 823 50 22 icke
331 824 86 22 erhälla
431 827 76 27 nägon
523 826 167 29 undervisning
705 827 7 20 i
729 825 46 22 den
789 825 138 29 hygieniska
942 827 79 20 veten-

197 852 92 29 skapen,
306 860 47 15 som
368 861 53 15 vore
437 855 28 27 af
477 856 123 21 nämnvärd
616 856 109 28 betydelse,
741 855 43 22 och
798 857 31 27 pä
843 863 51 21 pag.
910 856 14 21 3
940 855 81 28 början

197 881 27 22 af
244 882 66 22 sidan
332 883 64 22 heter
419 885 38 22 det
479 888 35 19 att
536 886 199 29 undervisningen
757 885 9 22 i
781 885 87 29 hygien
884 885 78 22 blifvit
977 885 43 21 helt

196 912 38 21 och
249 912 66 22 hållet
330 913 133 24 tillbakasatt
479 915 36 22 för
531 915 72 22 andra
618 916 229 28 vetenskapsgrenar.

268 942 70 23 Detta
360 944 126 29 afslöjande
509 948 67 25 göres
594 946 27 21 af
634 953 28 14 en
678 945 114 28 fackman,
808 952 28 14 en
851 945 114 28 professor
979 944 41 22 vid

196 971 141 23 medicinska
352 973 133 29 fakulteten,
501 982 49 15 som
565 975 86 22 säledes
666 975 41 22 bör
723 975 77 22 känna
815 975 70 21 saken
900 974 75 22 bättre
990 977 30 18 än

196 1002 77 28 någon
288 1009 80 15 annan.
399 1003 54 23 Man
468 1004 41 22 har
524 1005 88 22 således
626 1005 71 29 ingen
712 1007 49 20 rätt
775 1007 36 19 att
823 1004 95 22 betvifla
927 1003 93 30 uppgif-

196 1033 51 20 tens
262 1032 219 31 sanningsenlighet.
511 1035 56 21 Man
581 1036 73 21 mäste
670 1035 87 22 säledes
773 1037 36 19 tro
825 1037 34 19 att
875 1034 38 21 det
928 1037 25 18 är
969 1036 51 19 sant

197 1063 35 20 att
253 1061 93 22 läkarne
362 1063 8 20 i
385 1063 125 22 allmänhet
525 1065 51 21 icke
591 1065 93 21 erhållit
700 1072 43 22 ,en
758 1064 128 22 nämnvärd
901 1064 118 21 undervis-

194 1090 59 29 ning
267 1091 9 21 i
291 1091 106 29 hygien",
413 1093 145 24 alldenstund
584 1094 116 29 hygienen
716 1094 80 22 blifvit
813 1094 62 26 ,helt
889 1093 43 22 och
947 1093 73 22 hållet

195 1120 167 30 tillbakasatt*,
377 1122 43 22 och
435 1125 35 20 att
485 1124 86 21 således
586 1124 66 28 äfven
658 1123 218 28 provincialläkarne
886 1123 50 22 icke
949 1123 72 22 erhäl-

195 1150 29 21 lib
246 1158 29 14 en
297 1153 123 21 nämnvärd
438 1154 160 28 undervisning
613 1155 35 21 uti
664 1154 38 21 det
719 1157 72 24 ämne,
807 1161 48 14 som
870 1156 69 26 utgör
954 1153 65 22 deras

196 1180 123 29 egentliga,
334 1181 181 31 hufvudsakliga
530 1184 186 29 embetsuppgift.
743 1183 43 22 Om
796 1183 166 29 skickligheten
973 1184 48 21 stär

194 1209 10 22 i
218 1211 72 28 något
305 1211 143 23 förhållande
463 1213 37 21 till
515 1213 202 29 undervisningen,
734 1215 25 20 sä
774 1214 72 21 måste
862 1213 38 22 väl
910 1213 109 29 skicklig-

194 1239 69 22 heten
279 1243 35 19 att
330 1241 67 22 sköta
411 1242 71 22 kallet
498 1243 69 22 äfven
582 1251 56 14 vara
653 1244 27 21 af
692 1243 52 22 icke
759 1243 127 22 nämnvärd
896 1243 123 28 betydelse,

194 1269 56 22 eller
272 1270 52 22 med
347 1271 72 22 andra
445 1273 48 21 ord:
517 1273 224 28 provincialläkarne
764 1274 73 21 måste
860 1280 55 14 vara
937 1275 83 20 nästan

193 1299 127 30 oskiekliga
336 1303 35 19 att
386 1301 65 22 sköta
466 1303 49 21 sina
531 1303 112 21 ämbeten.

265 1329 71 22 Detta
358 1331 103 22 omdöme
482 1339 36 14 om
534 1332 224 29 provincialläkarne
774 1333 9 21 i
798 1333 51 21 värt
864 1332 55 22 land
934 1335 31 25 är,
977 1332 42 29 jag

194 1357 41 22 ber
257 1361 36 20 att
316 1359 24 22 få
363 1360 61 23 fästa
446 1362 102 21 ständets
570 1362 204 29 uppmärksamhet
797 1362 75 29 derpä,
895 1362 50 21 icke
960 1362 61 27 mitt,

195 1389 57 20 utan
275 1389 173 30 petitionärens;
469 1399 52 14 men
537 1392 64 21 detta
616 1392 150 27 förhällande,
783 1399 47 14 som
846 1392 36 21 för
896 1392 49 29 mig
960 1392 61 21 varit

194 1417 94 23 alldeles
304 1419 105 28 obekant,
429 1428 66 21 synes
511 1422 49 28 mig
575 1429 57 14 vara
647 1424 33 19 ett
696 1422 149 28 synnerligen
861 1421 98 29 sorgligt
974 1421 45 22 för-

194 1447 113 24 hållande.
337 1449 38 22 En
398 1450 38 21 hel
458 1451 62 22 klass
544 1451 27 21 af
591 1451 148 28 ämbetsmän,
763 1451 80 22 hvilka
866 1451 87 22 erhålla
970 1451 51 22 sina

195 1477 111 29 ämbeten,
322 1482 56 18 utan
395 1482 34 19 att
445 1480 76 22 dertill
536 1481 71 22 hafva
618 1481 78 22 blifvit
707 1481 144 22 förberedda!
881 1481 55 21 Man
947 1481 73 22 skulle

194 1513 32 15 nu
249 1508 59 21 efter
330 1511 34 19 ett
380 1509 81 22 sådant
475 1510 150 22 meddelande
640 1511 27 21 af
680 1519 29 13 en
725 1511 108 22 fackman
848 1513 71 19 vänta
934 1513 34 19 att
984 1513 37 20 ut-
