1075 1703
237 83 35 18 182
491 88 75 21 Pappiss.
579 88 12 17 9
603 92 18 17 p.
632 87 67 19 Helmik.
711 86 51 19 1895.

199 143 96 24 emedan
314 145 128 23 motiverna
460 146 52 23 icke
532 149 39 20 äro
587 146 111 27 hållbara,
713 146 50 22 dels
778 145 95 23 emedan
886 146 141 29 petitionens

199 174 89 23 klämm
307 179 26 18 är
351 175 139 24 formulerad
505 177 30 29 på
550 178 34 21 ett
599 178 53 26 sätt,
668 183 50 18 som
732 179 44 26 gör
791 177 41 27 att,
848 183 38 15 om
899 176 128 29 petitionen

198 204 140 29 godkändes,
352 206 26 21 så
392 205 74 23 skulle
482 206 133 29 derigenom
629 206 117 29 godkänts
761 213 29 15 en
804 205 97 30 princip,
910 205 117 30 nämligen

199 234 46 22 den
267 236 35 20 att
317 235 102 28 qvinnan
434 239 26 19 är
473 236 49 23 lika
537 236 132 29 berättigad
684 243 50 15 som
749 243 100 18 mannen
863 235 17 22 till
915 243 30 14 en
959 235 67 22 verk-

199 263 90 23 samhet
309 265 69 22 sådan
398 273 50 14 som
466 269 25 18 är
506 273 29 14 en
550 266 61 28 följd
626 266 54 21 utaf
693 265 190 22 studentexamen
898 265 44 22 och
957 265 70 29 derpå

198 293 103 29 följande
316 295 104 22 examina
434 295 41 22 vid
490 295 167 26 universitetet,
679 296 47 22 Det
742 299 26 18 är
783 295 75 22 denna
873 295 94 30 princip,
978 302 48 15 som

198 323 43 29 jag
260 323 51 22 icke
331 324 46 22 kan
397 325 127 29 godkänna.
555 325 48 29 Jag
623 326 42 21 har
685 325 101 29 påpekat
806 325 28 21 de
853 325 172 28 konseqvenser,

199 360 50 14 som
268 354 73 21 måste
357 356 91 28 uppstå,
468 362 38 14 om
525 355 100 28 qvinnor
640 362 29 15 en
683 356 65 28 gång
763 354 51 22 visa
828 354 37 29 sig
879 354 147 30 kompetenta

199 382 39 22 till
258 383 131 23 erhållande
407 384 27 22 af
451 384 100 23 särkilda
572 385 105 22 embeten
692 385 64 23 inom
771 384 190 30 förvaltningens,
976 384 49 29 lag-

199 412 148 30 skipningens
368 414 56 22 eller
443 414 162 23 helsovårdens
625 408 101 40 område;
748 422 51 17 men
817 414 43 29 jag
879 414 92 29 glömde
991 416 34 20 att

199 442 92 29 påpeka
317 450 28 14 en
376 451 76 15 annan
479 444 144 29 konseqvens
649 445 26 22 af
695 444 53 23 icke
770 444 89 22 mindre
882 444 57 29 vigt,
961 447 64 19 näm-

198 472 64 28 ligen
283 472 82 22 denna:
386 480 37 15 om
443 474 39 22 det
502 477 26 19 är
544 476 49 20 rätt
613 477 36 19 att
669 474 105 29 qvinnan
788 474 9 22 i
813 474 126 22 allmänhet
953 474 71 22 tiller-

199 501 87 23 kännes
301 502 48 22 lika
363 503 113 30 rättighet
490 504 52 22 med
556 512 101 14 mannen
672 506 36 20 att
723 507 57 25 taga
794 504 194 26 studentexamen,
999 505 25 21 så

197 538 69 22 synes
281 532 40 22 det
335 532 68 23 också
418 541 55 15 vara
487 534 151 29 nödvändigt,
653 536 35 20 att
703 534 105 29 qvinnan
818 533 148 23 tillerkännes
976 533 48 22 lika

197 561 113 29 rättighet
332 563 52 22 med
406 571 99 15 mannen
527 564 38 22 till
588 564 132 22 erhållande
745 564 26 22 af
789 563 234 29 bildningsanstalter,

198 591 81 22 hvilka
299 592 70 22 hafva
388 593 38 21 till
444 593 61 29 syfte
526 596 35 20 att
582 594 52 22 föra
654 594 37 22 till
712 593 162 23 universitetet
888 593 44 21 och
947 593 76 22 fordra

197 621 129 23 studiernas
345 622 151 30 fortsättning
513 623 41 22 vid
569 624 168 22 universitetet.
768 622 72 22 Dessa
855 622 168 29 konseqvenser

196 650 68 29 gifva
278 652 36 28 sig
329 652 83 29 sjelfva
426 660 28 14 ur
468 653 120 28 klämmen,
605 653 72 22 sådan
691 653 46 22 den
752 653 8 22 i
772 652 250 29 petitionsmemorialet

196 683 26 19 är
242 680 145 29 formulerad,
404 682 44 22 och
468 682 77 22 derför
565 690 116 22 upprepar
703 683 49 28 jag,
774 684 34 20 att
830 682 191 29 petitionsmemo-

196 710 68 33 rialet
285 713 25 19 är
325 711 26 22 af
364 711 45 23 den
424 714 82 21 största
521 713 104 22 bärvidd.
655 713 160 22 Petitionären
830 712 42 21 har
887 712 134 29 visserligen

196 739 57 29 sjelf
265 748 56 21 nyss
335 742 131 29 muntligen
480 742 112 22 förklarat
608 742 71 23 saken
694 741 150 24 annorlunda.
869 741 54 23 Men
938 742 81 22 förkla.

194 770 85 28 ringen
298 772 47 21 står
365 772 8 21 i
393 772 58 22 strid
468 772 52 22 med
538 772 165 29 petitionärens
718 772 92 22 skrifna
825 772 46 22 ord.
901 772 47 28 Jag
963 772 58 22 hade

194 801 58 20 trott
271 802 34 20 att
325 801 26 22 de
367 801 47 29 ord,
430 802 151 29 petitionären
597 802 9 22 i
621 802 37 22 sin
673 802 119 29 skriftliga
808 801 78 29 inlaga
900 802 121 29 begagnat,

195 829 76 23 skulle
292 831 58 22 både
365 832 26 21 få
406 832 42 21 och
463 832 55 22 böra
532 834 67 27 tagas
615 833 30 28 på
659 832 57 22 fullt
732 832 74 22 allvar
820 831 44 22 och
879 831 50 22 icke
944 831 24 22 få
983 831 36 22 be-

193 859 90 22 traktas
302 868 48 14 som
366 861 76 22 fraser.
474 861 88 23 Genom
576 862 168 29 petitionärens
760 868 56 22 nyss
830 861 90 29 afgifna
935 860 85 23 förkla-

194 889 54 29 ring
263 890 74 22 finner
350 890 48 30 jag,
414 893 34 19 att
461 891 42 29 jag
518 892 8 21 i
542 891 39 22 det
597 892 66 21 fallet
678 891 118 29 misstagit
810 891 54 29 mig.
889 890 80 22 Skulle
977 890 42 30 jag

194 918 25 22 få
237 919 94 30 inlägga
347 920 8 22 i
370 921 163 28 petitionärens
548 922 119 22 memorial
683 921 82 23 endast
780 920 45 23 den
840 920 123 29 meningen
983 922 36 20 att

193 950 73 28 några
287 950 98 28 qvinnor
404 951 166 29 undantagsvis
589 952 78 27 måtte,
688 951 30 22 då
739 950 29 23 de
782 953 40 19 äro
838 950 76 22 dertill
929 950 90 28 qvalifi-

193 979 87 28 cerade,
298 979 25 22 få
342 980 92 22 inträda
448 980 40 22 vid
500 981 161 22 universitetet
676 981 45 22 och
737 980 40 22 der
792 980 97 28 studera,
904 981 25 21 så
945 979 74 22 skulle

190 1007 44 29 jag
254 1008 51 22 icke
325 1009 51 22 haft
396 1012 36 19 att
446 1012 60 20 emot
520 1011 142 22 memorialet
677 1010 111 23 anmärka
803 1012 71 21 annat
888 1013 31 18 än
933 1010 86 28 olämp-

192 1037 105 29 ligheten
316 1039 26 22 af
355 1046 28 15 en
398 1039 40 29 lag
452 1039 36 22 för
502 1039 179 30 undantagsfall.
711 1040 56 22 Men
782 1039 30 22 då
822 1038 197 30 petitionsmemo-

192 1067 79 23 rialets
287 1068 143 29 ordalydelse
444 1072 25 19 är
483 1077 30 14 en
528 1077 82 21 annan,
626 1069 43 22 och
684 1069 41 22 det
740 1072 26 20 är
782 1069 44 22 den
836 1069 117 28 skriftliga
961 1068 58 29 peti-

191 1097 87 29 tionen,
293 1105 48 15 som
355 1099 61 22 skall
430 1099 134 28 remitteras,
579 1100 25 21 så
619 1099 42 22 har
673 1099 44 29 jag
732 1098 51 23 icke
799 1099 87 22 kunnat
896 1098 58 29 gilla
964 1097 55 23 den-

192 1133 98 21 samma;
307 1128 43 22 och
362 1128 44 29 jag
420 1129 42 22 har
476 1132 76 19 ansett
566 1129 40 22 det
621 1136 56 15 vara
692 1129 51 22 min
758 1128 66 29 pligt,
840 1130 35 20 att
890 1129 61 20 fästa
960 1135 58 22 upp-

191 1157 185 23 märksamheten
391 1159 30 28 pä
437 1159 44 21 den
496 1159 75 22 falska
586 1159 122 29 principen
724 1158 43 23 och
783 1158 51 22 dess
845 1158 172 28 konsegvenser.

189 1186 59 22 Dixi
262 1189 21 20 et
297 1187 85 22 salvavi
398 1189 103 22 animam.

264 1217 126 22 Professori
404 1218 129 28 Runeberg:
549 1218 48 29 Jag
611 1218 41 22 ber
667 1225 37 15 om
720 1217 81 23 ursäkt
816 1219 35 20 att
859 1217 42 28 jag
910 1219 63 19 ännu
982 1218 35 21 ta-

188 1253 42 22 ger
246 1247 103 22 ständets
363 1247 37 22 tid
414 1247 43 22 och
471 1248 203 29 uppmärksamhet
690 1248 8 21 i
714 1247 102 29 anspråk
828 1247 52 22 med
891 1246 126 29 anledning

187 1277 28 21 af
234 1276 155 25 öfverläraren
409 1277 122 22 Kihlmans
546 1277 58 22 sista
619 1277 155 29 andragande.
804 1277 48 28 Jag
866 1278 40 20 vet
921 1275 50 22 icke
986 1277 30 28 pä

188 1306 64 22 hvad
267 1307 76 28 grund
358 1307 153 22 öfverläraren
526 1307 112 22 Kihlman
653 1311 26 18 är
694 1306 132 29 berättigad
837 1307 35 20 att
882 1306 9 21 i
900 1306 49 21 min
959 1305 57 28 peti-

187 1336 51 21 tion
259 1336 95 28 inlägga
374 1339 71 20 annat
462 1340 30 19 än
511 1337 63 22 hvad
595 1337 40 22 der
655 1337 53 22 står.
740 1336 48 28 Jag
807 1337 47 20 tror
874 1335 49 34 mig
937 1335 79 22 kunna

186 1368 58 27 göra
262 1366 99 28 anspräk
376 1367 30 28 pä
421 1368 34 20 att
470 1366 45 22 den
530 1366 71 22 fattas
617 1366 58 22 efter
691 1366 29 22 de
736 1365 101 30 ordalag,
853 1365 45 22 den
912 1364 103 23 innehäl-

186 1395 39 28 ler,
247 1395 44 22 och
312 1395 51 22 icke
384 1396 58 21 efter
460 1396 28 22 de
508 1395 164 30 härledningar
692 1395 46 23 och
756 1395 122 30 principer,
898 1402 49 14 som
961 1401 54 15 man

186 1425 96 22 alldeles
297 1425 45 22 löst
357 1425 83 30 drager
455 1426 72 21 derur.
550 1425 51 22 Min
615 1425 102 30 petition
732 1425 128 22 innehåller
875 1424 60 22 intet
945 1427 70 19 annat

185 1458 30 18 än
236 1457 36 20 att
292 1455 92 28 gvinna,
406 1463 48 14 som
474 1459 42 25 gör
537 1455 37 29 sig
595 1455 78 22 dertill
688 1455 142 29 kompetent,
845 1455 37 21 mä
897 1454 79 21 kunna
991 1453 24 22 fä

186 1486 56 27 taga
257 1485 191 22 studentexamen
462 1485 44 22 och
520 1485 93 22 studera
627 1485 41 22 vid
683 1484 171 28 universitetet,
863 1485 58 20 utan
931 1485 35 20 att
976 1483 38 22 be-

185 1513 73 22 höfva
278 1514 86 29 begära
384 1513 108 24 särskildt
507 1514 112 23 tillständ.
649 1515 73 21 Detta
738 1517 26 19 är
779 1514 39 22 det
834 1513 58 22 enda
907 1520 48 15 som
971 1513 44 22 den
