1075 1753
330 79 76 21 Pappiss.
417 79 7 17 1
437 82 17 17 p.
466 78 63 17 Huhtik.
541 77 51 19 1885.
806 75 35 21 468

55 137 48 22 laki
118 144 40 15 sen
173 137 91 22 kieltää.
294 137 58 22 Mitä
367 139 50 20 taas
433 136 89 22 tuohon
542 143 86 15 sanaan
645 136 86 27 ,dock*
747 136 66 28 tulee,
828 136 51 22 niin

57 174 30 15 on
101 167 112 28 kummaa,
228 166 62 22 ett'ei
305 167 63 22 selvä
381 166 63 29 järki
458 167 71 21 täällä
544 166 197 29 Pappissäädyssä
755 166 124 22 edellisellä

55 196 99 22 kerralla
168 197 36 22 ole
219 196 131 22 hoksannut
366 203 40 15 sen
419 196 194 29 järjettömyyttä,
629 196 86 21 vaikka
730 196 91 21 toisissa
831 198 48 19 sää-

56 226 78 29 dyissä
150 233 23 15 se
188 226 144 22 huomattiin.
363 226 50 28 Nyt
435 233 31 14 on
489 233 24 14 se
527 226 73 21 tullut
616 225 113 22 täälläkin
744 225 75 22 selvää
832 225 46 29 jär-

56 256 44 21 keä
114 258 95 20 vastaan
224 256 115 21 sotivaksi.
369 256 78 21 Mutta
461 255 136 23 valiokunta
612 263 29 14 on
657 255 102 30 parhaan
771 255 108 29 järkensä

56 286 100 21 mukaan
170 286 120 21 koettanut
305 285 155 28 huomauttaa,
476 288 49 19 että
541 285 85 30 ,dock*
644 293 30 14 on
686 285 92 29 jotakin
788 284 90 23 vastak-

57 315 119 22 kaisuutta
200 318 159 25 osottamassa;
385 316 21 21 ei
432 315 36 22 ole
495 315 143 29 ulostekojen
664 315 97 22 suhteen
785 315 94 22 kunnan

57 345 57 21 laita
133 346 56 21 ihan
211 352 63 15 sama
296 345 56 21 kuin
375 345 113 21 kruunun.
519 345 56 21 Kun
598 345 67 21 kaksi
687 348 82 25 säätyä
791 352 29 14 on
835 345 44 21 sitä

57 375 145 29 paheksunut
214 375 26 29 ja
254 375 48 21 kun
317 375 22 21 ei
354 375 35 21 ole
404 375 59 21 ollut
477 378 57 18 tuon
549 374 79 29 yhden
643 374 87 29 säädyn
750 374 131 22 ehdottama

63 404 222 28 yäfvenledes'kään*
302 404 77 22 vallan
395 404 79 22 selvän
487 404 77 30 järjen
579 404 129 28 mukainen,
716 404 51 22 niin
781 412 56 14 sana
853 403 30 29 jäi

59 434 133 30 paikalleen,
208 435 59 21 enkä
289 434 62 22 luule
374 437 48 19 että
437 442 25 14 se
477 434 60 22 siinä
552 434 98 22 häiriötä
665 434 71 28 tekee,
752 434 84 22 vaikka
856 441 24 14 se

59 465 58 21 voisi
132 460 113 38 poissakin
260 460 54 38 olla.
345 464 58 22 Sillä
416 472 33 14 on
463 464 59 22 siinä
536 464 203 22 vastakkaisuutta
759 464 122 22 kuitenkin

59 494 127 29 pikkuisen,
200 494 25 29 ja
240 494 53 22 saisi
308 502 24 14 se
347 502 56 14 sana
417 494 47 22 olla
478 494 138 29 paikallaan.

128 524 142 29 Yliopettaja
292 524 118 22 Kihlman:
431 524 48 29 Jag
502 524 43 22 vill
567 524 109 29 påminna
698 524 48 29 mig
764 526 34 20 att
813 523 68 23 äfven

60 554 176 28 Presteständet,
252 554 28 22 dä
296 554 74 22 denna
385 554 67 28 fråga
467 554 46 21 den
529 554 49 22 7:de
594 561 60 15 mars
670 554 159 27 behandlades,
837 553 44 22 fat-

60 584 53 22 tade
135 584 77 22 beslut
232 584 83 28 derom,
336 586 35 19 att
391 584 66 22 ordet
473 584 86 28 ,dock*"
579 584 74 21 skulle
668 584 63 28 utgå.
761 584 42 22 Om
819 583 63 22 detta

60 617 25 18 är
100 613 72 28 fallet,
187 614 95 21 hvarom
304 614 155 21 sekreteraren
481 614 41 21 bör
542 614 80 21 kunna
644 614 77 21 lämna
735 613 146 29 upplysning,

60 645 25 20 sä
100 644 74 22 skulle
189 644 38 21 det
244 644 75 21 finnas
342 646 35 19 tre
397 643 80 22 ständs
492 644 77 21 beslut
584 651 37 14 om
636 643 159 22 utlämnandet
810 643 26 22 af
848 650 35 14 or-

60 674 38 21 det
115 674 92 28 ,dock*,
217 674 59 21 och
265 668 13 39 i
286 673 81 22 sådant
377 673 42 21 fall
430 676 26 19 är
467 673 346 29 sammanjämkningsförslaget
823 672 59 22 orik-

59 703 46 29 tigt
119 703 131 29 uppgjordt.

130 733 75 22 Herra
220 732 155 22 Puhemiehen
389 732 166 22 kehotuksesta
565 732 51 22 luki
625 732 89 29 säädyn
724 732 93 22 sihteeri
827 732 55 21 kon-

61 763 75 29 septin
150 763 58 21 laki-
221 762 26 29 ja
260 762 241 22 talousvaliokuntaan
517 763 85 21 asiassa
617 762 200 22 lähettämästänsä
827 765 56 26 pöy-

60 792 212 29 täkirjan-otteesta,
280 792 62 29 josta
356 792 72 29 näkyi
443 794 50 20 että
507 795 67 26 sääty
589 792 32 22 oli
633 794 122 27 päättänyt
765 792 119 22 edellisten

61 822 113 29 puhujain
188 822 188 22 huomauttaman
391 829 71 14 sanan
475 822 149 29 ,kuitenkin*
636 822 122 29 pykälästä
768 822 115 27 poistetta-

61 852 66 21 vaksi
142 852 54 21 sekä
212 854 48 19 että
274 854 62 19 tämä
350 854 79 27 päätös
439 853 137 20 mainitussa
585 851 258 30 pöytäkirjan-otteessa
853 851 32 22 oli

61 881 155 22 valiokunnan
231 881 97 22 tiedoksi
344 884 102 19 annettu.

131 911 142 30 Yliopettaja
295 911 116 22 Kihlman:
434 911 37 22 Då
493 911 40 22 det
555 919 83 22 genom
653 911 102 22 ständets
767 910 117 30 justerade

63 941 114 29 protokoll
192 941 79 22 blifvit
285 941 77 22 utredt
377 944 35 19 att
427 941 92 22 ståndet
534 941 96 22 beslutit
646 941 76 22 ordets
734 940 151 28 uteslutande,

63 972 25 21 så
97 972 72 21 måste
184 971 111 29 antingen
310 971 242 29 protokollsutdraget,
563 971 149 29 hvarigenom
723 971 47 29 lag-
781 971 43 21 och
834 971 51 20 eko-

62 1001 176 22 nomiutskottet
252 1001 156 22 underrättats
424 1009 37 14 om
475 1001 184 22 Presteståndets
670 1001 80 27 beslut,
760 1008 55 15 vara
826 1000 57 21 orik-

64 1031 46 28 tigt
124 1030 108 22 affattadt
247 1031 55 21 eller
317 1031 43 22 ock
375 1031 42 21 har
431 1031 50 28 lag-
498 1031 43 22 och
557 1031 64 22 ekon.
637 1031 59 21 utsk.
714 1031 41 21 vid
773 1037 111 15 samman-

60 1060 152 29 jämkningen
222 1060 107 22 förbisett
338 1060 185 22 Presteständets
533 1060 80 22 beslut.
629 1060 13 21 I
652 1060 123 22 hvartdera
785 1060 64 22 fallet
860 1062 25 18 är

65 1090 81 29 frågan
162 1097 32 14 nu
204 1090 50 22 icke
265 1098 82 21 mogen
357 1090 38 22 till
407 1090 132 29 afgörande,
548 1093 57 19 utan
615 1091 72 21 måste
698 1090 142 28 bordläggas,
848 1089 39 21 till

66 1120 50 22 dess
130 1120 126 28 utredning
271 1120 102 28 vunnits,
388 1120 26 22 af
427 1120 97 22 hvilken
540 1120 67 22 orsak
617 1120 183 22 Presteståndets
810 1119 77 22 beslut

63 1149 79 22 blifvit
161 1150 4 21 i
180 1150 346 29 sammanjämkningsförslaget
541 1152 61 19 orätt
618 1149 129 29 återgifvet.

133 1180 124 21 Professori
266 1180 125 28 Runeberg:
415 1180 36 21 Då
459 1180 157 21 sekreteraren
626 1180 93 28 uppläst
727 1178 126 23 innehållet
861 1178 26 22 af

66 1209 180 22 Presteståndets
260 1210 115 28 protokoll
390 1209 43 22 och
444 1209 68 22 deraf
519 1210 81 28 tyckes
610 1209 132 29 otvetydigt
751 1210 90 27 framgå
851 1210 36 20 att

65 1239 90 22 ståndet
170 1239 107 22 beslutat"
286 1242 35 19 att
336 1240 65 21 ordet
418 1239 87 29 ,dock*
517 1239 60 21 skall
588 1240 62 28 utgå,
661 1240 43 20 och
714 1239 113 21 utskottet
837 1239 50 20 åter

66 1272 64 26 säger
146 1271 34 19 att
195 1269 171 21 Presteståndet
381 1269 51 21 icke
447 1269 99 22 beslutit
561 1269 44 29 det,
620 1269 74 21 finnes
710 1269 38 21 det
761 1268 38 22 väl
814 1268 72 28 ingen

68 1306 74 14 annan
157 1300 72 27 utväg
242 1299 42 21 och
297 1299 121 29 möjlighet
429 1302 29 18 än
469 1301 37 19 att
516 1300 167 20 återremittera
694 1298 93 22 ärendet
801 1298 38 20 till
850 1299 36 19 ut-

66 1329 86 21 skottet
167 1328 43 22 och
225 1328 61 22 fästa
296 1328 50 22 dess
356 1329 206 29 uppmärksamhet
571 1330 30 28 på
611 1328 185 22 Presteståndets
806 1327 83 22 beslut.

136 1358 126 22 Professori
285 1358 102 22 Donner:
406 1358 47 29 Jag
468 1358 43 22 vill
526 1358 73 22 likväl
613 1358 89 29 påpeka
718 1360 33 20 att
767 1357 68 22 äfven
851 1364 37 14 om

67 1388 181 21 Presteståndets
263 1388 81 28 beslut,
364 1388 3 21 i
383 1388 44 21 den
442 1388 62 21 form
526 1388 42 21 här
583 1388 111 29 upplästs,
709 1388 76 28 ingått
799 1387 38 21 till
852 1390 36 17 ut-

66 1417 91 28 skottet,
173 1419 25 20 så
212 1417 122 22 förefinnes
347 1417 73 22 likväl
434 1418 63 21 blott
511 1419 86 20 tvänne
612 1417 79 22 stånds
706 1417 93 22 beslut
790 1412 15 37 i
814 1416 76 21 denna

65 1447 110 29 riktning,
191 1449 27 26 ty
228 1447 169 29 Ridderskapet
406 1447 44 25 och
460 1447 90 22 Adelns
560 1447 76 22 beslut
645 1450 25 19 är
681 1449 34 20 att
725 1447 64 22 ordet
802 1462 9 10 ,
815 1445 70 22 dock”

66 1477 73 21 skulle
159 1477 95 28 utbytas
276 1479 48 19 mot
348 1477 167 28 ,äfvenledes*,
531 1477 43 22 och
590 1477 87 22 således
693 1480 26 18 är
733 1477 39 21 det
787 1475 50 22 icke
853 1476 36 20 tre

64 1506 73 28 stånd,
153 1513 49 15 som
216 1507 71 21 hafva
302 1514 85 14 samma
401 1506 84 22 beslut.
