1073 1753
310 91 4 4 .
325 69 75 22 Pappiss.
412 70 23 17 26
447 74 17 17 p.
476 70 67 17 Holmik.
555 70 49 17 1885.
816 71 33 18 257

62 129 22 21 ei
99 128 163 27 kannattavan,
278 128 51 21 niin
345 135 30 15 on
390 129 55 22 sitte
461 132 65 19 vasta
543 129 52 22 aika
605 131 82 20 ruveta
697 129 189 23 restriktsioonei-

62 158 46 26 hin,
127 160 75 20 mutta
217 158 22 21 ei
253 158 147 29 päinvastoin
415 159 86 22 ensiksi
517 159 225 22 restriktsiooneihin
757 160 129 21 ennenkuin

62 188 135 21 kokemusta
212 195 29 14 on
257 189 72 20 saatu.

133 217 106 22 Provasti
249 217 138 22 Nordström:
397 217 48 29 Jag
455 218 59 22 hade
525 218 81 29 begärt
617 218 66 22 ordet
693 219 59 21 efter
762 219 38 21 det
809 218 78 22 herrar

63 248 91 21 Donner
174 247 45 22 oah
234 247 111 22 Forsman
362 249 75 26 yttrat
452 248 36 29 sig
503 248 9 21 i
527 247 101 28 ärendet,
644 247 37 22 för
697 250 34 19 att
746 248 78 22 förena
839 248 48 29 mig

62 277 35 22 uti
116 277 62 22 hvad
199 277 26 21 af
243 277 112 28 professor
373 277 94 22 Donner
483 277 88 22 anförts
586 277 38 22 till
640 277 89 22 försvar
743 278 36 21 för
794 279 92 20 statsut-

62 307 98 22 skottets
175 306 150 29 betänkande,
341 310 54 18 enär
410 307 69 22 äfven
493 307 42 29 jag
545 307 42 22 vid
597 307 39 22 det
645 307 99 28 tillfälle,
756 307 28 22 då
794 307 93 22 ärendet

62 337 91 21 förevar
168 337 7 20 i
191 336 119 26 utskottet,
326 344 41 13 var
381 337 98 21 medlem
491 337 26 21 af
525 337 132 21 detsamma.
683 337 54 21 Men
747 337 138 21 beträffande

63 374 28 14 en
102 366 151 28 anmärkning
263 368 48 19 mot
321 366 160 27 betänkandet,
493 374 50 14 som
551 366 132 29 professorn
688 366 87 29 jemväl
782 367 104 26 bemötte,

63 396 45 21 kan
126 397 40 28 jag
187 396 50 21 icke
259 395 101 22 erkänna
379 396 143 28 professorns
538 396 119 22 uttalande
674 397 73 21 såsom
762 396 125 22 utskottets

63 426 67 28 åsigt,
150 427 57 20 utan
227 425 36 21 får
283 425 39 21 det
342 426 36 20 stå
398 425 37 21 för
455 426 116 28 professor
587 426 104 22 Donners
706 433 58 22 egen
779 426 107 28 räkning:

63 455 39 21 det
130 455 76 29 gällde
234 454 47 29 gift
309 455 98 27 gvinnas
435 454 114 30 rättighet
577 458 34 19 att
639 462 29 15 ur
692 456 194 29 postsparbanken

63 485 60 28 lyfta
138 492 59 21 egna
213 485 54 21 eller
282 484 26 22 af
321 492 77 14 annan
413 484 36 22 för
465 485 76 22 henne
551 485 82 29 gjorda
643 485 102 22 insatser.
771 486 116 22 Professor

64 516 108 20 Forsman
192 514 41 22 har
253 514 70 22 redan
345 514 86 22 bemött
453 515 28 21 de
503 515 193 29 betänkligheter,
712 522 48 14 som
774 516 112 28 professor

63 544 93 22 Donner
166 544 100 28 anförde,
275 544 40 22 vid
323 546 34 20 ett
365 544 82 22 sådant
455 545 134 29 stadgande.
613 545 49 21 Och
670 545 29 21 dä
707 545 28 21 hr
741 545 93 21 Donner
841 545 44 21 för-

63 576 77 20 menat
154 576 35 20 att
204 581 82 22 genom
301 574 121 22 införande
433 574 26 22 af
467 574 64 22 detta
543 574 128 29 stadgande
682 575 8 21 i
700 574 185 29 postsparbanks-

63 604 168 28 författningen
251 605 76 27 någon
346 604 118 28 rubbning
485 604 74 22 skulle
580 604 40 22 ske
641 604 8 21 i
669 604 28 22 de
712 604 174 29 bestämningar,

64 641 48 14 som
126 634 63 28 gälla
203 633 46 29 gift
265 633 86 28 qvinna
366 633 74 29 enligt
455 634 87 22 allmän
556 634 45 29 lag,
617 634 40 22 ber
671 634 42 28 jag
728 636 35 20 att
777 634 37 22 till
824 634 62 22 hvad

63 664 113 28 professor
192 664 110 21 Forsman
318 663 8 21 i
341 663 70 21 saken
421 665 74 27 yttrat
506 664 25 22 få
541 664 104 28 tillägga,
656 666 35 19 att
701 664 8 21 i
720 665 55 20 våra
784 663 103 22 enskilda

64 693 225 29 sparbanksstadgar,
309 692 81 22 hvilka
406 697 39 17 äro
461 694 26 21 af
499 693 138 29 regeringen
653 693 145 28 stadfästade,
814 693 72 21 finnes

64 723 67 28 sagdt
147 724 34 20 att
197 722 172 29 sparbanksbok
384 723 41 21 vid
440 723 139 29 uttagandet
595 723 73 28 gäller
684 723 8 21 i
702 730 28 14 en
740 723 69 21 hvars
819 723 68 27 hand,

65 753 67 22 hvem
148 752 39 22 det
201 759 56 15 vara
272 753 42 26 mä,
330 752 44 21 och
385 754 35 19 att
431 753 88 21 säledes
531 753 44 21 den
585 753 120 28 rättighet,
715 760 49 14 som
773 752 114 29 professor

64 783 92 21 Donner
176 782 63 21 velat
258 781 108 30 förvägra
387 782 44 21 den
452 782 61 28 gifta
534 783 109 27 gvinnan,
658 782 71 21 redan
743 782 68 29 länge
826 781 61 22 varit

64 812 74 22 henne
157 811 103 30 lagligen
280 811 137 29 medgifven.
449 812 106 22 Likvisst
575 812 56 21 ville
650 812 42 29 jag
712 814 107 19 motsätta
839 811 48 29 mig

64 842 115 29 professor
201 841 122 22 Forsmans
345 841 104 28 yrkande
469 843 31 27 pä
520 841 167 22 betänkandets
707 842 128 21 äterremiss
850 841 37 22 till

64 872 112 21 utskottet
196 871 9 21 i
225 871 42 22 och
288 871 35 22 för
344 871 163 22 omarbetande
527 872 9 21 i
558 871 39 22 det
618 871 67 28 syfte,
702 879 47 14 som
765 871 26 22 af
804 871 83 22 honom

64 901 143 27 framhållits,
234 901 147 21 alldenstund
407 901 174 22 statsutskottet
603 901 117 22 betraktat
742 901 145 29 regeringens

64 931 141 29 proposition
234 931 8 20 i
270 932 76 20 ämnet
374 931 148 22 uteslutande
550 938 28 14 ur
608 931 209 28 garantisynpunkt
845 930 42 22 och

64 961 61 28 tagit
148 961 49 21 deri
220 960 112 29 ingående
353 960 259 29 specialbestämningar
633 961 8 21 i
661 959 169 30 öfvervägande
851 967 36 14 en-

64 991 51 21 dast
138 990 76 22 såvidt
237 990 28 21 de
288 990 96 21 inverka
407 991 30 28 på
458 990 45 21 den
523 991 98 28 garanti,
643 997 48 15 som
711 990 26 21 af
753 989 135 30 regeringen

66 1021 97 28 begäres.
194 1019 54 22 Icke
268 1020 65 21 torde
353 1019 73 22 heller
445 1020 104 21 ståndets
564 1020 94 29 mening
673 1027 55 14 vara
743 1022 34 19 att
793 1021 94 20 statsut-

65 1050 86 21 skottet
170 1049 59 21 skall
244 1050 55 28 ingå
314 1049 8 21 i
337 1049 110 29 pröfning
463 1050 27 20 af
503 1050 45 20 den
564 1049 131 29 föreslagna
709 1049 178 28 författningens

64 1078 273 30 dataljomständigheter,
352 1081 57 19 utan
424 1079 49 21 lära
489 1079 68 21 dessa
566 1078 25 22 få
601 1086 66 14 anses
677 1086 56 14 vara
742 1078 146 29 regeringens

64 1109 75 21 ensak.

134 1138 141 29 Yliopettaja
297 1138 120 22 Kihlman:
441 1138 99 22 Ståndet
563 1138 110 22 behöfver
696 1138 49 22 icke
761 1138 78 21 frukta
855 1139 34 20 att

62 1168 42 29 jag
119 1168 58 22 skall
193 1168 62 22 hålla
270 1176 29 13 en
313 1168 55 29 lång
384 1168 90 21 oration
489 1168 38 21 till
543 1168 89 22 förmån
642 1168 37 21 för
688 1166 200 31 postsparbanken.

66 1198 84 22 Sådant
173 1201 25 18 är
221 1197 143 29 fullkomligt
387 1197 152 29 öfverflödigt,
561 1198 30 21 då
611 1198 157 29 inrättningen
783 1198 106 27 nogsamt

64 1228 60 21 talar
139 1227 36 22 för
190 1228 36 28 sig
241 1227 58 29 sjelf.
329 1227 55 21 Men
399 1227 30 21 då
445 1228 180 28 anmärkningar
638 1228 8 20 i
657 1228 90 21 ståndet
758 1227 73 29 gjorts
841 1229 48 19 mot

64 1258 184 21 statsutskottets
263 1257 143 29 behandling
421 1256 27 22 af
461 1256 76 23 denna
553 1257 70 28 fråga,
640 1257 41 22 har
695 1257 41 29 jag
751 1258 74 20 ansett
840 1256 49 27 mig

64 1287 7 21 i
92 1287 115 29 egenskap
228 1286 27 22 af
269 1286 98 22 medlem
382 1287 8 21 i
406 1286 115 22 utskottet
545 1286 94 29 skyldig
655 1289 34 19 att
705 1287 8 21 i
728 1286 91 22 korthet
833 1292 56 22 upp-

64 1320 53 25 taga
132 1316 38 22 till
185 1316 136 22 bemötande
337 1316 65 22 dessa
417 1316 187 29 anmärkningar,
620 1316 76 24 såvidt
712 1316 27 22 de
754 1316 50 21 icke
819 1322 70 14 redan

65 1346 77 22 blifvit
163 1346 107 22 bemötta.
301 1346 46 21 Det
366 1346 43 21 har
429 1347 14 20 &
463 1353 44 15 ena
526 1346 67 22 sidan
615 1346 115 22 anmärkts
745 1348 34 19 att
795 1346 94 20 statsut-

64 1376 86 21 skottet
170 1376 63 28 gjort
253 1376 36 21 för
309 1376 58 26 litet,
389 1376 29 21 dä
439 1375 39 21 det
499 1376 101 21 bestämt
615 1376 80 21 endast
711 1378 33 19 ett
759 1374 130 26 maximum,

64 1405 117 28 nämligen
201 1405 234 28 maximi-insättning
456 1412 41 21 per
513 1406 26 21 är
555 1405 27 21 af
596 1406 58 21 1000
669 1405 71 21 mark.
770 1405 45 20 Det
830 1403 59 22 hade

66 1435 52 21 bort
128 1435 127 21 fastställas
265 1437 35 19 tre
310 1434 108 22 maxima:
430 1436 35 19 ett
474 1434 222 22 mänadsmaximum
707 1435 26 20 af
741 1435 44 21 300
792 1433 55 26 mk.;
856 1435 34 19 ett

64 1465 36 21 ärs
110 1465 125 21 maximum
251 1465 26 20 af
290 1465 44 22 500
343 1464 48 21 mk.
401 1463 43 22 och
456 1463 112 30 slutligen
579 1466 34 19 ett
623 1464 188 21 totalmaximum.
836 1462 54 22 Man

64 1494 46 22 kan
120 1494 151 29 naturligtvis
283 1494 71 21 hafva
363 1493 62 22 olika
431 1493 96 30 mening
535 1494 9 21 i
551 1493 106 22 afseende
663 1495 14 20 ä
683 1494 64 21 dessa
752 1492 97 30 speciela
854 1492 38 21 be-

139 1527 127 20 Pappissäääyn
274 1529 109 18 pöytäkirjat.
796 1522 21 18 17
