1081 1739
195 74 51 17 Yvm.
260 79 29 12 n:o
305 74 21 18 11
340 73 172 18 sunnuntailiikent.
525 73 71 23 rajoitt.
609 73 108 19 rautatiellä
822 75 43 20 813

43 128 39 22 tad
101 129 31 20 att
152 129 99 27 prestera
272 128 77 22 arbete
365 135 37 15 om
418 128 121 28 söndagen,
556 128 66 22 äfven
639 135 36 15 om
692 128 61 22 detta
768 128 50 22 icke
833 130 33 19 ut-

44 162 65 24 säges
124 158 7 21 i
148 158 37 22 det
200 158 112 28 skriftliga
327 158 134 22 kontraktet.

116 188 44 28 Jag
182 188 41 21 ber
246 189 32 20 att
302 187 23 22 få
347 188 79 28 belysa
445 188 174 28 ifrågavarande
635 188 165 28 angelägenhet
815 188 52 21 med

44 220 71 26 några
139 218 107 28 exempel.
279 218 42 22 Om
343 218 116 28 jernvägs-
477 218 42 22 och
535 218 193 28 ångbåtstrafiken
744 218 7 21 i
767 219 30 20 ett
813 218 54 20 land

45 248 34 22 får
102 248 53 21 utan
177 248 80 22 hinder
280 248 75 28 fortgå
374 248 71 22 under
465 248 112 28 söndagar
592 248 80 22 liksom
688 248 71 21 under
775 248 91 21 söcken-

46 278 70 28 dagar
132 279 56 20 samt
204 278 100 28 lossning
320 278 42 21 och
378 278 99 28 lastning
492 278 108 22 likaledes
616 278 23 21 få
655 277 74 29 fortgå
744 278 7 21 i
768 277 99 29 enlighet

45 308 51 22 med
120 308 43 21 den
186 308 94 28 princip,
304 315 48 14 som
374 308 50 22 icke
447 308 40 21 vill
509 309 53 21 veta
581 308 24 21 af
618 310 76 26 någon
710 307 157 29 söndagshvila

46 345 81 21 genom
142 337 147 29 lagstiftning,
307 338 29 21 då
351 337 70 22 blifva
436 338 82 21 talrika
533 338 112 22 individer
656 338 108 21 hindrade
775 337 49 21 från
835 338 32 20 att

45 367 69 22 hafva
136 374 27 15 en
182 368 112 28 hvilodag.
326 367 44 22 Om
391 375 28 14 en
435 368 36 21 del
487 367 25 22 af
525 368 128 22 samhällets
670 368 145 22 medlemmar
830 366 37 22 för

46 398 35 21 sin
97 398 96 28 räkning
208 398 76 21 ställer
294 398 34 21 till
344 397 139 22 förlustelser
494 399 29 27 på
533 398 118 28 söndagar,
664 397 37 22 för
711 398 76 21 hvilka
799 397 69 21 andra

46 428 71 21 måste
133 428 83 26 arbeta,
233 428 43 21 blir
293 429 48 20 åter
357 435 28 15 en
401 435 74 14 annan
491 435 71 21 grupp
579 427 26 22 af
617 428 128 21 samhällets
761 427 106 22 medlem-

47 465 49 14 mar
110 457 109 22 beröfvad
235 458 33 21 sin
284 457 68 22 hvila.
385 457 42 22 Om
443 465 28 14 en
488 458 34 21 del
540 457 25 22 af
578 458 129 21 samhällets
723 458 145 21 medlemmar

47 488 49 21 icke
112 488 45 21 kan
177 488 101 21 undvara
299 487 74 22 färskt
388 488 57 22 bröd
460 489 29 27 på
505 488 86 28 söndag
607 488 54 21 eller
678 488 103 28 måndag,
798 486 71 22 blifva

48 518 47 21 åter
118 518 70 21 andra
211 518 111 21 individer
342 519 115 27 upptagna
477 517 25 22 af
519 518 182 28 söndagsarbete.
733 517 43 22 Om
792 517 76 21 arbete

46 548 82 21 tillåtes
148 548 3 20 i
167 548 220 26 handtverkerierna,
413 549 24 20 så
461 548 89 22 arbetar
573 548 34 21 till
629 555 28 14 en
677 547 79 28 början
781 554 28 15 en
833 547 35 21 del

46 578 170 26 handtverkare,
241 578 42 21 och
307 584 78 15 senare
409 577 71 22 blifva
503 578 70 21 andra
594 585 80 21 genom
701 578 167 21 konkurrensen

47 609 100 27 tvungna
163 608 32 21 att
211 607 57 29 följa
283 608 118 28 exemplet.
429 608 124 21 Enahanda
565 608 44 21 blir
620 607 152 22 förhållandet
783 607 7 21 i
801 606 67 22 fabri-

48 638 40 21 ker
111 638 43 21 och
176 639 30 27 på
228 638 181 21 handelskontor.
440 638 35 22 De
496 638 101 22 enskilde
613 638 62 22 skola
690 638 49 21 icke
755 638 76 21 kunna
847 636 22 22 få

48 668 73 27 tjenst,
133 674 36 15 om
181 668 27 21 de
219 668 49 21 icke
282 667 107 22 förbinda
399 668 34 28 sig
444 668 34 21 till
489 668 181 28 söndagsarbete.
696 668 10 20 I
715 674 84 14 samma
810 668 58 25 män,

49 704 47 14 som
117 697 141 29 lagstiftning
280 698 41 21 och
337 698 39 21 sed
392 698 62 28 gifva
471 698 42 21 den
529 698 74 26 frihet,
620 705 47 14 som
683 699 70 27 nägra
769 697 76 26 önska,
862 697 7 21 i

31 748 2 2 .
49 734 85 15 samma
148 729 53 20 män
216 727 70 22 blifva
302 728 71 21 andra
387 728 142 21 trälbundna.

119 758 52 21 Med
187 758 60 21 detta
263 757 86 22 faktum
365 757 37 22 för
418 760 88 27 ögonen
521 758 46 21 kan
583 758 40 28 jag
638 758 50 21 icke
703 757 117 22 underläta
838 758 32 21 att

49 787 61 22 finna
126 788 38 21 det
178 788 114 28 underligt
307 789 33 20 att
353 788 218 28 jernvägsstyrelsen
592 789 47 20 mot
649 788 127 21 beredande
787 787 25 22 af
820 790 49 19 sön-

50 818 116 28 dagshvila
190 818 108 28 äberopar
322 818 68 22 seden
406 818 7 21 i
429 819 50 20 värt
501 819 60 26 land,
583 825 48 14 som
647 821 64 25 säges
726 825 55 14 vara
797 825 73 14 annan

50 850 28 19 än
95 848 67 21 seden
178 848 7 21 i
201 848 111 28 England.
344 848 69 22 Detta
428 851 25 18 är
469 849 55 26 sant,
541 855 52 14 men
609 847 80 29 frågan
705 851 24 18 är
745 855 36 14 om
798 847 73 22 denna

50 877 38 22 sed
104 878 49 21 icke
170 881 24 18 är
210 878 58 21 osed.
300 878 147 29 Möjligheten
470 877 37 23 för
531 885 90 14 massan
641 877 25 22 af
680 878 27 21 de
723 877 100 22 enskilde
839 878 32 21 att

49 907 157 29 tillgodonjuta
221 908 135 28 hvilodagen
372 909 66 20 beror
453 909 30 27 pä
497 908 106 21 tillvaron
619 907 25 22 af
656 908 69 28 lagar,
736 907 77 22 hvilka
823 907 47 22 för-

49 937 69 28 bjuda
133 938 77 21 arbete
224 939 31 27 pä
269 938 142 29 hvilodagen.
443 938 35 21 En
493 938 70 21 sådan
575 938 95 28 ordning
685 945 47 14 som
748 937 50 27 den,
814 937 56 22 hvil-

49 967 45 22 ken
109 968 83 21 bestått
206 968 40 21 hos
262 975 36 14 oss
314 968 42 21 och
371 968 92 21 hvilken
477 968 85 28 jemväl
577 968 58 21 intill
651 975 77 14 senare
743 967 58 22 tider
816 975 55 20 upp-

51 997 125 27 rätthällits,
204 997 114 27 behöfver,
346 999 73 20 säsom
445 999 171 21 reservanterna
641 998 68 21 ocksä
734 997 70 22 uttala
829 997 41 28 sig,

50 1027 121 29 ingalunda
187 1035 63 14 anses
266 1029 74 20 såsom
356 1035 28 14 en
400 1028 96 29 ordning
511 1028 122 22 bestående
649 1027 25 22 af
690 1027 67 22 »stela
773 1027 46 22 bud
829 1027 42 22 och

50 1057 96 29 stadgar,
172 1057 82 27 hvilka,
278 1058 114 28 likgiltiga
415 1057 39 22 för
474 1058 60 21 hvad
550 1058 111 28 mensklig
676 1057 45 22 nöd
737 1057 54 22 eller
807 1058 64 20 sannt

50 1087 125 28 menskliga
190 1087 70 22 behof
273 1087 86 27 kräfva,
376 1088 70 21 borde
461 1088 56 21 kallt
533 1087 144 29 genomföras
688 1087 8 22 i
707 1087 54 22 strid
777 1088 46 21 mot
835 1087 36 22 det

50 1117 109 27 ändamål,
176 1117 36 22 för
228 1118 86 21 hvilket
329 1118 136 28 hvilodagen
478 1117 74 22 blifvit
566 1117 97 29 gifven<.
686 1117 80 22 Denna
777 1117 95 28 ordning

50 1150 25 18 är
95 1147 99 28 behöflig
214 1149 73 20 såsom
304 1155 28 14 en
351 1148 80 28 »regel,
448 1155 53 19 som,
519 1147 242 22 Ofverensstämmande
777 1147 50 22 med
844 1154 28 14 en

50 1177 114 28 gudomlig
190 1178 42 21 och
257 1177 262 28 välsignelsebringande
545 1177 102 28 ordning,
672 1177 149 22 tillförsäkrar
845 1177 27 21 de

50 1207 100 21 enskilde
171 1207 66 22 frihet
254 1207 42 22 och
311 1208 118 27 möjlighet
445 1209 33 20 att
493 1207 150 29 tillgodogöra
659 1207 35 28 sig
709 1207 98 21 nämnda
822 1207 50 21 ord-

49 1237 76 28 ning<,
142 1238 73 21 såsom
231 1237 37 22 det
283 1237 64 22 heter
363 1238 7 20 i
386 1238 167 21 reservationen
568 1245 51 21 pag.
637 1238 34 20 26.

120 1267 32 21 Ur
178 1267 72 21 denna
266 1267 114 28 synpunkt
395 1267 50 22 sedt
461 1270 24 18 är
501 1267 160 22 sabbatsbudet
677 1268 32 21 ett
723 1266 150 29 barmhertigt

50 1297 51 26 bud,
118 1297 41 21 och
176 1298 72 21 säsom
260 1297 80 21 sädant
355 1297 104 22 framstär
475 1297 38 22 det
529 1297 86 22 ocksä
604 1292 12 36 i
630 1296 100 23 skriften.
761 1297 44 21 Det
817 1297 54 20 stär:

53 1326 21 21 »I
90 1333 38 15 sex
145 1327 70 28 dagar
226 1327 57 21 skall
299 1327 29 21 du
345 1330 55 25 göra
416 1327 53 21 dina
485 1327 108 28 göromål,
608 1334 51 15 men
670 1328 29 27 pä
710 1327 77 28 sjunde
800 1326 73 28 dagen

50 1356 57 21 skall
126 1357 29 21 du
175 1357 60 21 hälla
253 1364 52 21 upp,
322 1358 29 27 pä
367 1357 38 22 det
421 1358 32 20 att
469 1357 38 21 din
524 1364 41 15 oxe
582 1357 42 21 och
641 1358 54 20 äsna
710 1358 36 20 mä
761 1356 62 21 hvila
838 1356 35 28 sig

50 1386 41 21 och
108 1386 37 21 din
160 1387 133 27 tjenarinna,
310 1394 40 14 son
362 1387 42 21 och
415 1386 106 29 främling
532 1387 150 28 vedergvicka
693 1387 46 28 sig<
753 1387 60 25 eller,
825 1393 48 14 som

51 1416 37 22 det
94 1416 143 29 ?egentligen
257 1417 34 21 lär
306 1417 60 26 heta,
382 1418 66 26 pusta
463 1418 30 20 ut.
526 1416 49 22 Och
591 1417 61 21 detta
667 1416 68 28 följer
750 1417 51 21 kort
817 1415 56 23 efter

50 1446 74 26 budet,
142 1447 32 21 att
190 1454 27 14 en
233 1446 108 29 främling
356 1447 50 21 icke
422 1446 35 22 får
472 1446 135 28 förtryckas.
632 1447 31 21 På
679 1448 31 20 ett
726 1448 68 20 annat
810 1446 63 21 ställe

50 1471 108 27 stär*det:
183 1476 90 28 »sjunde
290 1476 74 28 dagen
381 1479 24 19 är
421 1477 98 21 Herrens
536 1477 38 21 din
591 1476 60 22 Guds
668 1476 87 27 sabbat;
773 1476 29 21 dä
817 1476 56 20 skall
