1089 1753
199 95 43 20 646
443 95 124 23 Pappissääty
580 96 84 18 Toukok.
678 96 10 17 5
701 102 17 16 p.
733 96 45 17 1900

198 155 35 15 ses
257 149 73 21 såsom
349 149 151 22 innebärande
517 156 28 15 en
561 149 156 22 modifikation
734 150 7 21 i
758 149 44 22 den
817 149 75 29 gamla
908 149 117 29 grundsat-

199 185 46 19 sen,
270 185 28 15 en
313 178 127 28 betydande
456 179 162 28 modifikation,
634 180 38 22 det
688 182 26 19 är
729 181 73 25 sannt,
818 186 52 15 men
886 179 68 22 också
968 179 56 21 blott

199 215 28 15 en
243 208 164 28 modifikation;
424 209 149 29 grundsatsen
588 210 41 21 har
645 210 49 21 icke
710 209 75 22 blifvit
800 208 106 30 upphäfd.

270 238 97 22 Hvartill
383 238 67 22 hafva
465 239 23 21 vi
504 239 29 21 då
548 240 52 21 med
616 239 74 22 denna
703 238 249 30 religionslagstiftning
963 238 61 22 kom-

199 268 55 21 mit?
285 268 34 27 Jo,
344 268 83 22 derhän
444 270 38 26 att,
499 270 73 20 såsom
588 269 70 22 redan
674 269 116 28 antyddes,
808 276 28 14 en
851 269 109 26 lutheran,
977 276 48 14 som

199 297 105 29 öfvergår
319 298 34 22 till
369 300 67 20 annat
452 298 158 28 trossamfund,
627 299 49 21 icke
688 299 57 22 lider
756 300 71 27 några
837 298 188 28 inskränkningar

199 328 6 20 i
228 328 49 21 sina
298 328 180 29 medborgerliga
494 329 139 28 rättigheter.
665 329 45 21 Det
726 332 25 18 är
766 329 87 21 således
868 329 50 21 icke
934 328 90 22 berätti-

199 357 55 28 gadt
270 359 38 24 att,
325 359 73 20 såsom
413 358 146 29 lagutskottet
574 361 73 26 säger,
663 359 47 21 tala
726 365 36 15 om
778 359 32 21 ett
826 357 144 29 orättfärdigt
982 358 42 21 och

198 388 142 27 upprörande
363 389 70 27 tvång
456 389 30 27 på
510 388 37 22 det
568 389 106 28 religiösa
690 389 107 21 området.
829 388 103 22 Faktiskt
948 391 24 18 är
988 388 37 21 det

197 417 25 28 ju
246 417 111 22 dessutom
381 418 84 21 bekant
481 419 32 20 att
528 418 40 21 hos
586 425 42 20 oss,
645 419 69 21 sedan
730 419 65 21 dessa
810 418 65 28 lagar
890 418 134 25 tillkommit,

199 447 68 28 ingen
283 447 50 22 lidit
347 449 69 27 något
432 447 38 22 för
485 448 37 21 sitt
539 449 110 21 samvetes
665 448 63 22 skull.

271 477 52 22 Man
347 477 73 22 kunde
444 478 51 21 med
519 478 123 28 anledning
664 477 68 22 häraf
750 477 71 29 fråga,
838 478 60 21 hvad
914 477 43 22 den
972 480 52 23 sats,

199 507 92 22 hvilken
304 507 41 28 jag
360 515 26 14 ur
404 509 8 20 1
430 508 14 28 8
460 508 6 21 i
483 508 25 21 R.
525 508 24 21 F.
566 508 127 28 åberopade
712 509 73 20 såsom
796 507 126 29 grundsats,
932 514 93 15 numera

198 537 41 21 har
263 538 33 20 att
315 537 97 27 betyda?
443 538 49 20 Har
507 538 50 21 icke
573 538 43 21 den
632 538 47 22 helt
695 538 43 22 och
753 538 68 21 hållet
838 537 101 26 förfallit,
955 537 69 21 sedan

199 566 68 28 lagen
290 562 94 45 upphäft
407 568 44 20 alla
469 567 206 29 ansvarspåföljder
691 567 37 22 för
744 568 78 28 lagens
838 566 186 23 öfverträdande?

199 596 81 22 Svaret
295 599 34 19 är:
352 597 76 28 Lagen
444 598 41 20 har
501 597 49 22 icke
566 598 98 28 upphört
680 599 32 20 att
728 596 68 23 hafva
808 596 83 22 faktisk
902 596 122 34 betydelse.

199 626 47 36 Jag
258 627 58 21 talar
340 634 29 14 nu
385 627 49 22 icke
450 634 37 14 om
503 628 28 21 de
547 628 71 20 andra
633 627 198 29 omständigheter,
848 634 48 14 som
911 627 90 21 beröras
1018 626 7 21 i

201 658 9 19 1
313 652 37 42 F.,
371 659 15 19 t.
408 664 34 14 ex.
465 657 7 21 i
492 657 72 26 slutet,
581 658 54 20 utan
651 658 57 21 blott
724 664 36 15 om
776 657 44 22 den
836 657 124 28 grundsats,
977 663 47 15 som

199 686 124 22 innehålles
345 687 7 20 i
373 687 43 21 den
440 687 36 22 del
497 686 25 22 af
542 670 142 50 paragrafen,
708 688 93 20 hvarom
824 694 30 14 nu
878 687 58 21 varit
954 686 70 28 fråga.

199 715 82 22 Denna
294 716 70 28 jemte
381 717 69 21 andra
465 717 134 21 hithörande
618 717 140 28 stadganden
769 717 95 21 innebär
874 717 33 20 att
918 723 27 14 en
955 716 70 21 sådan

198 753 89 20 person,
303 753 48 14 som
366 747 41 20 här
422 746 137 27 förutsättes,
576 746 138 23 fortfarande
730 747 7 21 i
752 746 102 29 religiöst
865 745 103 23 afseende
979 747 47 20 står

199 776 71 21 under
293 776 43 21 den
354 776 114 22 lutherska
483 777 99 27 kyrkans
598 777 106 22 inseende
720 777 42 21 och
779 776 61 26 vård,
858 776 72 21 såvidt
946 775 79 22 sådant

199 805 6 21 i
228 805 59 28 följd
306 805 25 22 af
344 805 96 22 faktiska
456 805 159 23 förhållanden
630 806 45 22 kan
690 807 92 21 komma
797 806 7 21 i
820 805 71 29 fråga,
908 806 57 21 samt
979 805 45 21 till-

199 835 115 28 äfventyrs
331 836 67 21 också
413 836 71 22 under
500 836 49 22 dess
564 836 129 28 kyrkotukt.
718 836 44 28 Jag
778 835 72 22 fäster
865 836 47 28 mig
922 835 50 22 icke
983 835 43 28 alls

199 865 38 22 vid
253 865 38 22 det
306 866 50 26 sätt,
373 867 29 27 på
416 866 86 22 hvilket
516 866 152 28 kyrkotukten
684 867 40 20 hos
740 873 36 15 oss
792 865 139 22 handhafves
947 878 27 3 —
984 865 41 28 jag

199 895 82 21 önskar
305 897 32 20 att
360 896 43 21 den
423 896 130 21 handhades
577 897 29 27 på
631 897 32 21 ett
678 897 70 20 annat
763 897 44 20 sätt
822 896 42 21 och
881 896 31 21 att
928 895 96 22 bestäm-

199 925 112 22 melserna
327 925 76 22 derom
418 925 75 22 blefve
510 925 98 22 ändrade
620 938 27 3 —
658 933 52 14 men
727 926 6 21 i
750 925 56 22 intet
822 925 40 22 fall
877 928 25 18 är
913 925 37 22 det
960 924 64 29 fråga

199 961 37 15 om
252 956 33 21 att
301 956 72 21 såsom
389 955 168 28 kyrkotuktliga
573 955 73 22 medel
662 955 105 22 använda
782 955 91 26 sådana,
890 961 47 16 som
950 955 74 20 kunde

199 984 94 22 beröfva
308 985 96 22 medlem
420 985 26 22 af
459 985 42 22 den
517 985 115 22 lutherska
647 986 88 27 kyrkan
750 987 72 26 några
838 992 47 14 som
896 985 57 21 helst
963 985 61 21 med-

198 1015 130 28 borgerliga
343 1015 138 28 rättigheter.

271 1044 35 21 En
322 1051 74 14 annan
412 1045 170 28 omständighet,
600 1052 48 14 som
664 1045 103 21 kvarstår
782 1046 74 19 såsom
872 1043 57 28 följd
944 1043 26 22 af
981 1044 43 21 den

199 1073 76 28 gamla
298 1074 154 28 grundsatsen,
476 1077 25 18 är
522 1075 49 26 den,
588 1075 33 21 att
636 1074 86 22 barnen
738 1074 64 21 skola
817 1073 125 29 uppfostras
958 1073 7 21 i
981 1073 44 21 den

198 1103 115 22 lutherska
329 1103 63 22 läran
408 1104 42 21 och
467 1105 32 20 att
515 1104 27 21 de
558 1104 7 21 i
582 1104 101 28 religiöst
698 1103 128 22 hänseende
842 1105 35 20 stå
892 1103 70 22 under
972 1103 52 28 kyr-

198 1133 57 21 kans
272 1133 105 22 inseende
393 1134 42 21 och
450 1134 62 26 vård,
530 1134 73 21 såvidt
618 1134 80 21 sådarit
712 1137 26 18 är
749 1133 99 28 möjligt;
860 1133 42 22 och
912 1133 111 28 slutligen,

199 1164 32 20 att
247 1162 192 23 efterkommande
454 1164 34 21 till
504 1164 65 21 dessa
585 1164 56 21 barn
655 1164 68 21 också
733 1163 94 22 fortfara
838 1164 33 21 att
880 1163 90 21 tillhöra
980 1162 44 22 den

198 1193 117 21 lutherska
337 1193 88 28 kyrkan
440 1193 43 22 och
498 1195 35 20 stå
547 1194 72 21 under
634 1193 50 22 dess
700 1193 63 22 vård.
795 1193 39 21 Ett
848 1192 138 29 frångående
1002 1191 26 22 af

198 1221 173 30 ifrågavarande
395 1223 118 28 grundsats
529 1223 71 22 skulle
616 1223 86 22 således
718 1223 109 22 innebära
842 1223 50 21 icke
908 1222 56 21 blott
980 1222 43 26 det,

199 1253 32 20 att
254 1251 143 23 föräldrarna
419 1253 115 28 upphörde
558 1255 33 19 att
613 1253 91 22 tillhöra
726 1252 116 22 lutherska
861 1252 93 28 kyrkan,
970 1253 54 20 utan

198 1282 69 21 också
283 1284 32 19 att
329 1283 86 21 barnen
432 1283 41 22 och
490 1283 43 21 alla
549 1282 193 23 efterkommande
758 1282 71 22 skulle
844 1282 90 21 komma
948 1283 32 20 att
990 1283 35 20 stå

198 1313 62 20 utom
285 1312 60 21 detta
368 1312 186 28 kyrkosamfunds
570 1325 27 3 —
612 1313 26 28 ja
658 1314 62 20 utom
741 1312 78 28 hvarje
838 1311 187 28 kyrkosamfunds

198 1342 145 28 gemenskap.

270 1371 112 22 Måhända
397 1372 41 21 har
453 1372 146 29 lagutskottet
615 1372 124 22 emellertid
755 1371 53 22 med
822 1371 65 22 dessa
896 1371 127 28 yttranden,

198 1408 48 14 som
251 1401 50 33 jag
316 1401 79 22 främst
409 1402 123 28 påpekade,
548 1402 50 22 icke
614 1402 60 21 velat
690 1404 56 26 säga
755 1402 33 20 att
802 1400 172 22 förhållandena
984 1400 40 21 hos

198 1437 35 15 oss
249 1430 8 22 i
273 1430 151 23 förevarande
436 1431 104 23 afseende
556 1432 7 20 i
579 1432 157 28 verkligheten
752 1434 39 18 äro
807 1430 147 29 upprörande,
970 1431 54 20 utan

198 1460 79 22 endast
293 1461 60 21 velat
369 1461 109 22 motivera
493 1468 29 15 en
537 1461 70 22 sådan
622 1461 120 29 grundsats
757 1461 8 21 i
780 1460 66 28 fråga
862 1467 36 15 om
908 1459 116 33 religions-

197 1490 178 28 lagstiftningen,
401 1492 32 20 att
456 1492 72 21 'staten
551 1491 41 21 alls
616 1491 50 22 icke
686 1491 42 21 bör
743 1490 112 28 uppställa
870 1491 72 27 några
957 1490 44 20 bud
1018 1497 7 13 i
