1089 1792
326 80 50 18 Lvm.
390 85 30 13 n:o
435 80 22 17 12
470 80 175 18 siviilirekisteristä
852 81 43 21 653

73 134 61 22 detta
149 134 125 29 lagförslag
290 134 70 22 skulle
376 133 69 22 hafva
461 133 84 29 åtföljts
561 134 25 21 af
597 135 32 21 ett
647 136 75 24 annat,
733 134 114 28 nämligen
858 141 36 14 om

73 164 134 28 äktenskaps
222 164 112 28 ingående
350 163 25 22 af
388 170 112 22 personer,
509 170 49 16 som
569 164 7 21 i
587 164 148 28 civilregister
746 166 38 19 äro
795 164 99 28 intagna.

73 194 39 21 Ett
135 194 79 21 sådant
236 193 87 29 förslag
346 193 96 28 åtföljde
458 193 66 22 äfven
539 195 104 21 senatens
659 193 237 29 civilregisterförslag

72 224 34 20 till
121 224 149 27 kyrkomötet,
286 224 43 21 och
344 225 32 20 ett
392 223 80 22 sådant
486 224 59 21 hade
561 223 72 27 äfven,
651 224 115 28 samtidigt
781 223 52 22 med
848 222 46 22 för-

74 254 72 28 slaget
160 253 34 22 till
211 254 42 22 den
268 260 30 15 nu
314 254 72 21 under
401 253 139 29 behandling
555 254 99 21 varande
669 253 84 29 nådiga
763 253 131 29 propositio-

73 290 50 20 nen,
147 283 99 22 insändts
269 283 35 22 till
327 284 81 28 högsta
423 283 208 28 regeringsmakten
647 283 8 22 i
670 283 142 29 Petersburg.
842 283 52 22 Men

73 313 40 22 der
135 313 41 22 har
199 313 37 22 det
259 314 95 25 stannat,
376 314 74 21 såsom
469 313 66 22 äfven
551 313 100 29 framgår
667 313 25 22 af
705 314 32 21 ett
752 313 104 28 yttrande
872 312 26 22 af

73 343 145 28 lagutskottet
237 344 29 27 på
286 350 51 21 pag.
354 344 20 25 6,
392 343 40 22 der
448 343 38 22 det
500 343 70 26 heter,
587 344 33 21 att
635 343 62 22 Hans
714 343 103 28 Majestät
832 343 8 21 i
855 344 39 20 nå-

75 373 38 22 der
137 373 100 28 godkänt
260 373 42 21 den
317 373 51 21 nåd.
385 379 63 22 prop.
466 373 117 28 angående
599 373 154 28 civilregister,
770 373 57 22 dock
843 373 51 22 med

72 403 138 28 uteslutning
225 402 25 22 af
263 409 28 15 en
307 403 7 21 i
329 402 120 29 förslagets
467 404 9 20 1
489 403 13 28 8
513 403 92 28 intagen
616 403 123 28 sälydande
749 403 145 28 hänvisning:

75 432 135 29 »Angående
234 433 169 28 inregistrering
426 431 26 22 af
470 433 131 28 äktenskap,
625 439 47 15 som
696 432 63 22 inför
780 432 115 29 borgerlig

72 463 132 28 myndighet
216 461 106 28 afslutats,
332 465 24 19 är
364 462 104 22 särskildt
478 463 123 28 stadgadt.«
620 463 77 28 Några
707 462 186 29 förhoppningar,

73 493 32 20 att
120 499 30 14 nu
165 492 120 22 omnämda
300 491 87 30 förslag
401 492 34 21 till
449 492 39 29 lag
503 493 117 28 angående
631 492 177 29 civiläktenskap
818 491 75 23 blefve

73 522 61 22 detta
157 523 149 21 ständermöte
321 521 121 29 förelagdt,
459 522 44 21 kan
519 529 52 15 man
587 523 50 21 icke
653 523 62 27 hysa.
747 522 147 29 Meningarna

72 555 39 19 äro
132 552 57 21 dock
210 552 59 21 inom
291 552 61 21 detta
372 552 66 21 stånd
458 552 79 22 delade
553 553 118 28 angående
686 553 80 27 nyttan
781 553 42 21 och
839 551 54 22 nöd-

72 582 151 28 vändigheten
247 581 25 22 af
292 582 177 28 civiläktenskap
485 582 7 21 i
508 583 50 20 vårt
581 582 59 21 land.
672 582 44 21 Det
739 582 58 22 hade
816 581 79 22 derför

72 612 50 21 icke
142 612 70 22 heller
231 612 57 21 varit
303 619 26 14 ur
344 615 80 25 vägen,
442 619 36 14 om
493 612 52 21 hela
561 612 74 21 denna
650 611 65 29 fråga
731 611 117 29 angående
864 611 30 22 ci-

72 642 134 28 vilregistret
230 641 74 22 blifvit
326 642 135 28 uppskjuten
476 642 46 21 tills
543 648 28 15 en
592 642 38 21 vid
653 643 88 20 senaste
762 641 132 28 kyrkomöte

71 672 68 21 väckt
154 671 65 29 fråga
238 671 116 29 angående
370 671 115 22 ordnande
501 671 25 22 af
539 671 355 29 äktenskapsangelägenheterna

72 701 37 22 för
125 701 27 22 de
167 701 7 22 i
194 701 146 28 civilregister
360 701 92 22 införda
471 701 98 29 afgjorts.
601 701 45 29 Jag
661 703 47 20 tror
724 703 33 20 att
771 701 39 22 det
825 701 67 22 också

72 731 50 22 icke
137 731 58 22 hade
210 731 60 22 varit
284 738 26 14 ur
325 734 80 25 vägen,
422 738 38 15 om
476 739 27 14 en
519 739 75 14 annan
609 731 72 28 fråga,
698 738 47 15 som
761 731 52 22 med
828 731 28 22 de
872 730 26 22 af

72 761 47 28 mig
133 768 30 14 nu
178 761 99 22 nämnda
292 762 46 20 står
353 761 7 21 i
376 761 88 28 ganska
478 764 56 19 nära
549 761 116 26 samband,
679 761 71 22 skulle
760 761 68 22 hafva
839 761 55 21 hun-

73 791 33 21 nit
125 791 91 22 komma
238 791 34 21 till
295 790 128 30 afslutning,
445 791 68 22 innan
533 791 62 22 detta
610 791 83 22 ärende
709 790 109 30 förelagts
834 792 60 20 stän-

73 821 75 27 derna,
164 821 114 29 nämligen
295 821 42 21 den
354 828 36 14 om
405 820 276 30 konfirmationstvångets
697 820 128 29 aflyftande.

144 851 31 21 På
191 851 64 21 dessa
271 851 97 28 grunder
384 851 71 21 skulle
469 851 40 29 jag
525 850 37 23 för
578 852 46 20 min
640 851 37 21 del
691 858 56 14 vara
762 850 84 23 frestad
862 852 32 20 att

73 881 40 21 hos
129 881 37 21 det
182 881 140 28 högvördiga
343 881 89 21 ståndet
452 880 85 23 föreslå
553 882 32 21 ett
601 880 122 29 afböjande
739 888 52 14 svar
805 882 29 27 på
850 880 43 22 den

72 910 84 29 nådiga
170 910 172 29 propositionen,
360 910 41 22 och
417 910 40 22 vill
473 911 68 21 också
556 910 38 22 för
604 911 47 21 min
663 911 36 21 del
709 910 127 29 framlägga
846 910 47 22 för-

73 940 49 28 slag
137 940 83 27 derom,
237 940 57 22 dock
314 940 183 22 reservationsvis
517 942 29 27 på
567 941 27 21 de
610 941 104 28 grunder,
731 948 47 14 som
795 941 25 21 af
832 940 62 21 dom-

72 971 90 27 prosten
178 970 108 28 Hedberg
301 970 93 22 anförts.
427 970 77 22 Skulle
519 971 70 21 likväl
604 971 73 22 denna
688 970 65 29 fråga
763 971 60 21 inom
834 971 59 20 stän-

73 1000 37 22 det
126 1000 73 28 aflöpa
214 1001 25 21 så
254 1002 33 20 att
302 1000 96 22 förande
414 1000 25 22 af
452 1000 148 28 civilregister
618 1000 137 29 godkändes,
767 1000 71 22 skulle
846 1000 47 28 jag,

73 1029 56 22 efter
144 1037 82 21 mogen
242 1030 42 22 och
300 1030 105 28 grundlig
420 1030 106 29 pröfning
542 1030 25 22 af
580 1030 76 26 saken,
668 1030 50 22 icke
728 1030 76 22 kunna
814 1030 81 22 förena

73 1060 46 28 mig
134 1060 52 21 med
207 1060 57 26 dem,
287 1067 47 14 som
350 1060 71 21 önska
436 1060 106 22 åhvälfva
557 1060 165 28 presterskapet
737 1060 156 28 skyldigheten

72 1091 33 19 att
120 1088 52 23 föra
194 1090 104 28 registret
321 1089 63 22 öfver
404 1090 28 21 de
448 1090 83 28 odöpta
545 1090 86 22 barnen
646 1090 34 21 till
696 1090 113 22 lutberska
824 1089 70 22 föräl-

73 1119 56 21 drar.
161 1119 39 21 Ett
220 1120 103 28 vältaligt
344 1120 145 28 andragande
505 1120 7 21 i
528 1121 91 21 motsatt
639 1120 101 28 riktning
760 1120 90 28 gjordes
872 1118 25 22 af

71 1148 111 29 professor
205 1149 147 29 Hermanson.
382 1149 46 28 Jag
443 1149 110 29 beklagar
569 1151 32 20 att
614 1150 41 28 jag
671 1150 49 21 icke
736 1150 45 21 kan
797 1149 47 22 deri
861 1149 32 21 in-

72 1180 101 20 stämma.
205 1178 72 22 Äfven
291 1179 41 28 jag
347 1186 40 14 var
403 1179 58 21 ända
476 1180 35 20 till
526 1179 37 22 för
573 1181 72 27 några
658 1180 70 28 dagar
738 1180 68 21 sedan
818 1178 25 22 af
851 1179 43 21 den

72 1208 92 29 mening
180 1210 32 20 att
228 1209 36 21 det
280 1209 107 28 möjligen
403 1209 75 22 kunde
493 1210 75 28 lämpa
583 1210 36 28 sig
632 1209 37 22 för
687 1209 165 29 presterskapet
862 1210 32 20 att

72 1240 67 27 åtaga
161 1239 35 28 sig
216 1239 73 21 denna
309 1239 63 28 pligt,
393 1246 52 14 men
458 1239 41 29 jag
514 1240 41 20 har
570 1240 96 28 nödgats
682 1240 127 21 sedermera
824 1238 70 22 ändra

72 1268 63 28 åsigt.
162 1268 45 28 Jag
222 1269 39 21 vill
275 1268 50 22 icke
335 1268 46 22 tala
392 1275 37 15 om
441 1269 236 29 prestaprivilegierna
687 1270 72 20 såsom
770 1268 124 29 utgörande

73 1299 31 21 ett
120 1298 72 28 skydd
208 1297 38 23 för
260 1300 116 26 presterna
392 1300 47 20 mot
451 1298 136 22 hvälfvande
597 1300 30 27 på
637 1299 51 21 dem
699 1298 25 22 af
734 1298 159 28 skyldigheter,

73 1334 47 15 som
137 1328 50 21 dem
204 1328 7 21 i
227 1328 113 29 egenskap
357 1327 25 22 af
395 1328 228 29 församlings-lärare
641 1328 128 29 egentligen
785 1328 49 22 icke
850 1328 44 21 till-

72 1358 96 21 komma.
199 1358 45 28 Jag
264 1359 65 27 utgår
352 1365 48 14 mer
416 1357 50 22 från
482 1359 43 21 den
541 1359 143 28 synpunkten
701 1360 32 20 att
748 1360 89 27 presten
853 1358 42 21 bör

71 1387 95 22 framför
189 1388 40 21 allt
250 1395 54 14 vara
327 1388 42 21 den
391 1387 146 30 församlings
557 1389 76 21 ledare
654 1389 43 21 och
713 1389 74 25 herde,
804 1388 7 21 i
827 1388 68 21 hvars

71 1417 67 28 tjenst
158 1417 45 22 han
224 1420 30 24 är,
277 1418 42 21 och
334 1417 50 22 icke
400 1419 54 27 taga
469 1417 127 29 befattning
611 1419 52 20 med
679 1419 84 26 sådant,
780 1425 47 14 som
844 1417 50 22 icke

71 1447 87 28 åligger
179 1447 89 22 honom.
299 1447 45 28 Jag
363 1447 41 22 vill
427 1449 33 20 att
476 1448 37 21 det
528 1449 38 20 må
581 1455 54 14 vara
651 1447 37 22 för
704 1448 77 27 hvarje
797 1447 97 22 medlem

70 1476 25 21 af
115 1477 57 21 hans
196 1477 134 28 församling
353 1477 59 21 klart
433 1477 42 22 och
495 1477 89 28 tydligt,
602 1479 32 20 att
649 1479 89 26 presten
755 1478 55 21 intet
826 1478 68 20 annat
