1092 1736
357 79 53 18 Vym.
424 85 31 12 n:o
471 80 10 17 1
493 79 165 18 vesioikeuslaista
863 79 56 22 1207

163 132 124 23 Professori
303 133 116 27 Runeberg:
450 133 46 28 Jag
510 133 41 22 ber
567 134 33 20 att
614 131 24 23 fä
653 132 137 23 understöda
808 132 112 29 professor

92 163 153 22 Hermansons
267 162 92 29 förslag,
381 164 34 20 att
432 163 25 21 12
475 163 13 28 &
505 163 71 21 skulle
592 163 175 21 äterremitteras
783 162 35 22 till
835 163 84 21 utskot-

91 194 33 21 tet
139 192 37 23 för
192 193 33 21 att
237 193 37 21 det
290 194 37 21 mä
342 193 33 21 bli
391 193 7 21 i
413 192 91 22 tillfälle
520 193 32 21 att
562 194 54 27 taga
626 192 72 22 under
708 191 168 30 öfvervägande
892 192 28 21 de

90 222 167 29 jemförelsevis
277 224 49 20 små
347 223 128 28 ändringar,
497 229 47 15 som
565 222 128 29 professorn
712 222 42 21 här
774 223 42 20 har
838 222 81 21 berört.

93 253 172 28 Förändringen
288 253 7 20 i
317 253 38 21 det
376 252 105 22 nästsista
502 253 122 21 momentet
644 255 26 18 är
685 252 140 21 uteslutande
841 251 80 22 formel

93 283 43 21 och
148 283 80 21 endast
238 281 36 22 för
284 282 153 28 tydlighetens
448 282 58 21 skull
516 282 95 28 önsklig.
642 281 51 22 Den
710 282 70 21 andra
796 281 125 28 ändringen

94 312 101 22 deremot
210 312 72 28 gäller
298 318 28 16 en
341 312 136 28 utvidgning
493 311 25 22 af
530 312 118 21 utskottets
664 310 74 30 förlag
754 312 6 20 i
779 312 25 20 12
822 311 19 29 &,
859 311 20 21 d.
898 318 21 14 v.

93 349 16 14 s.
134 343 33 20 att
187 342 43 21 den
249 342 152 28 lösningsrätt,
421 348 48 15 som
489 342 71 28 enligt
580 341 119 22 utskottets
719 341 97 28 tidigare
836 340 85 28 förslag

93 371 52 22 icke
169 372 71 21 skulle
265 371 76 22 kunna
357 374 67 26 göras
440 371 105 29 gällande
562 370 24 22 af
606 371 146 28 strandegare
770 372 48 21 mot
835 371 85 21 sädana

94 400 261 30 strömfallslägenheter,
373 408 48 15 som
436 401 83 21 bildats
535 408 82 22 genom
633 401 121 28 styckning
766 401 54 21 eller
831 400 88 22 afsönd-

94 431 58 29 ring,
177 431 50 21 icke
251 431 70 22 heller
345 431 71 22 skulle
439 431 77 21 kunna
538 434 66 25 göras
630 431 106 28 gällande
761 430 50 22 frän
836 430 84 22 sädana

94 460 265 29 strömfallslägenheters
375 461 48 21 sida
439 462 115 27 gentemot
574 461 152 28 strandegare.
761 460 68 22 Detta
848 463 72 19 är.en

93 490 56 23 liten
160 491 142 28 utvidgning,
314 498 49 14 som
379 494 24 18 är
419 491 74 29 egnad
510 492 38 25 att,
564 492 74 20 såsom
653 490 111 29 professor
780 490 141 22 Hermanson

94 521 115 28 uttryckte
233 521 41 28 sig,
299 521 108 28 omgärda
430 520 216 29 strömfallsegarens
670 520 146 29 lösningsrätt
836 521 31 25 sä,
889 521 32 20 att

93 551 71 21 sådan
176 551 50 21 icke
237 550 57 22 skall
305 551 77 21 kunna
393 553 66 26 göras
470 551 7 21 i
493 550 76 22 alltför
584 552 46 20 stor
645 550 156 28 utsträckning
816 550 105 28 gällande

93 582 116 27 gentemot
230 580 152 29 strandegare,
403 581 78 21 hvilka
502 580 79 22 hittills
606 580 87 29 ganska
720 580 94 21 allmänt
837 581 83 20 ansetts

93 617 56 15 vara
165 610 28 22 de
210 610 115 29 egentliga
341 617 104 22 egarena.

165 669 123 22 Professori
309 671 137 21 Hermanson:
483 670 47 28 Jag
554 670 39 21 vill
615 669 49 22 icke
685 669 83 27 vidare,
786 669 134 22 ätminstone

93 699 50 22 icke
158 699 35 22 till
209 706 29 15 en
253 700 86 28 början,
357 700 88 28 ingripa
461 700 7 21 i
485 700 161 26 diskussionen,
670 707 52 14 men
738 701 31 20 ett
788 699 51 22 litet
857 699 63 22 miss-

93 728 102 23 förstånd
211 729 41 23 ber
265 729 41 29 jag
322 730 58 21 dock
396 731 33 20 att
449 729 25 22 få
495 730 65 21 rätta.
596 729 165 28 Kyrkoherden
789 729 130 22 Vartiainen

94 759 80 28 gjorde
190 759 105 29 gällande
311 760 44 21 den
374 759 76 29 gamla
471 759 155 29 grundsatsen,
647 761 33 20 att
698 760 43 21 den
762 766 54 22 eger
836 760 84 25 vatten,

95 796 47 15 som
159 789 54 22 land
229 796 60 21 eger.
321 789 81 22 Denna
417 790 120 27 grundsats
553 789 71 29 gäller
640 789 57 28 byar
713 789 42 22 och
775 789 94 22 enstaka
888 789 31 21 lä-

94 819 117 28 genheter,
223 819 77 22 hvilka
311 819 7 22 i
329 819 78 29 lagens
418 819 94 29 mening
525 822 39 19 äro
577 819 64 28 byar,
652 826 52 15 men
715 819 49 22 icke
776 819 28 22 de
820 818 101 23 enskilda

93 849 140 28 lägenheter,
250 856 47 15 som
312 849 91 21 tillhöra
418 849 94 28 byarna.

166 908 74 23 Herra
263 909 114 22 Puhemies:
409 908 98 22 Minusta
522 908 49 22 olisi
587 916 66 21 paras
669 908 85 28 säädyn
770 909 97 28 päättää,
881 908 39 28 hy-

94 938 117 28 väksyykö
234 945 23 15 se
280 940 92 20 muuten
393 938 100 29 pykälän
512 939 25 28 ja
555 938 51 22 sitte
622 940 64 20 vasta
701 938 99 22 lähettää
815 945 24 15 se
854 938 67 22 herra

94 968 166 22 Hermansonin
275 968 180 22 mainitsemassa
472 968 115 22 suhteessa
602 968 166 22 valiokuntaan.

165 1028 155 22 Kirkkoherra
344 1026 125 24 Vartiainen:
508 1028 62 22 Minä
593 1035 29 15 en
644 1029 48 21 tätä
714 1029 95 21 sanonut
832 1034 89 15 muussa

93 1057 176 23 tarkoituksessa
283 1058 55 21 kuin
354 1058 57 22 siinä
427 1059 46 21 että
488 1058 93 22 tahdoin
596 1058 54 22 vain
665 1058 93 27 selittää,
773 1058 100 21 mitenkä
891 1064 28 14 on

92 1087 106 28 johduttu
214 1088 79 26 siihen,
310 1089 46 21 että
371 1088 141 22 muutamilla
528 1095 28 15 on
572 1089 62 21 vettä
650 1088 50 22 eikä
716 1088 35 22 ole
771 1088 82 21 maata.
891 1086 29 22 Se

94 1124 29 15 on
139 1118 53 21 näet
205 1118 106 27 johtunut
326 1118 52 21 siitä
393 1118 159 28 periaatteesta
568 1119 46 21 että
629 1124 29 16 on
673 1118 98 22 katsottu
782 1118 73 22 veden
865 1117 55 21 kuu-

94 1147 69 21 luvan
180 1147 55 26 sille,
250 1147 55 28 jolla
321 1148 104 21 rantakin
441 1155 36 14 on.

166 1200 101 22 Provasti
284 1201 122 22 Päivärinta:
437 1201 80 22 Minun
532 1201 125 22 mielestäni
670 1208 29 15 on
710 1202 58 21 tässä
781 1200 139 23 ensimäises-

94 1233 24 18 sä
134 1230 147 29 kappaleessa
296 1231 62 28 pieni
374 1231 125 22 kielivirhe.
531 1231 63 22 Siinä
606 1232 118 21 sanotaan:
759 1231 52 22 »Jos
822 1237 99 15 samassa

94 1260 90 27 kylässä
197 1260 16 28 j.
231 1268 20 13 n.
269 1267 19 15 e.
305 1274 28 2 —
349 1274 30 3 —
395 1261 83 22 olkoon
493 1268 87 15 rannan
596 1261 134 28 omistajalla
749 1261 78 22 oikeus
846 1260 74 21 lunas-

93 1291 38 20 taa
150 1289 119 28 »kosken«,
283 1291 25 27 ja
327 1297 88 20 »osan«,
432 1291 76 28 pitäisi
524 1291 44 22 olla
587 1291 89 22 »koski«
692 1291 25 28 ja
736 1298 72 15 »osa«.

165 1337 93 22 Rehtori
282 1339 124 22 Forsström:
446 1339 62 21 Minä
533 1339 114 28 pyytäisin
674 1339 123 21 kannattaa
821 1337 99 30 provasti

94 1367 151 34 Päivärinnan
261 1368 158 22 huomautusta
433 1370 95 21 varteen
544 1369 141 22 otettavaksi.

166 1415 101 22 Provasti
284 1416 118 27 Karlsberg:
433 1416 63 22 Minä
511 1423 28 15 en
556 1417 74 22 oikein
646 1417 109 21 tarkkaan
770 1416 95 26 kuullut,
876 1416 45 20 tar-

94 1445 95 21 koittiko
205 1445 66 21 herra
286 1445 130 22 Päivärinta
431 1446 48 21 että
493 1446 75 28 pitäisi
585 1446 54 22 olla:
656 1446 82 22 olkoon
753 1452 88 16 rannan
855 1444 66 22 omis-

93 1474 78 28 tajalla
187 1474 78 22 oikeus
280 1475 103 22 lunastaa
401 1475 104 22 »koski«?
