1092 1781
268 80 52 17 Yvm.
333 84 30 13 n:o
379 79 22 17 15
414 78 168 19 kouluanomusten
593 78 90 23 johdosta
834 78 57 21 1155

137 133 11 22 I
172 133 95 28 ryhmän
293 133 124 22 ensimäinen
442 132 58 28 ponsi
516 132 107 22 mietinnön
650 131 29 23 36
702 132 76 27 sivulla,
804 138 88 15 suoma-

64 164 92 22 laisesta
174 163 152 22 klassillisesta
348 163 98 28 lyseosta
469 162 160 29 Tampereelle,
652 162 128 28 hyväksyttiin
799 161 92 22 keskus-

65 194 91 26 telutta;

138 253 66 21 toisen
228 257 78 22 ponnen
328 251 111 28 johdosta,
458 251 55 28 joka
532 251 84 22 koskee
637 251 76 22 Turun
728 250 163 23 suomalaiseen

68 282 150 22 klassilliseen
238 282 91 27 lyseoon
350 283 129 26 perustetun
495 281 142 28 reaalilinjan
653 281 165 28 laajentamista
833 280 59 21 koko

68 312 88 29 opiston
175 311 46 29 läpi
239 311 127 28 johtavaksi
384 311 97 28 linjaksi,
497 311 72 22 lausui
585 311 175 28 puheenvuoron
783 311 108 21 saatuaan

139 371 136 28 Yliopettaja
283 371 129 27 Rosenqvist:
421 370 190 29 (Hyväksytään!)
616 370 36 21 Då
660 370 88 22 ståndet
753 370 79 28 tyckes
838 377 55 14 vara

68 401 64 28 böjdt
148 400 38 23 för
202 402 30 20 att
246 402 54 20 utan
313 401 77 21 vidare
401 401 122 28 godkänna
533 401 74 21 denna
616 400 69 26 kläm,
703 403 78 18 ämnar
789 400 42 28 jag
842 399 50 22 icke

67 431 71 22 heller
148 431 71 21 uttala
228 431 47 28 mig
283 437 36 15 om
328 431 130 21 densamma
466 431 8 20 i
482 431 69 21 annat
559 429 106 23 afseende
673 433 29 18 än
710 430 61 21 hvad
779 429 50 22 dess
838 429 54 22 stili-

69 461 75 28 sering
159 460 112 23 beträffar.
302 461 48 21 Här
366 463 74 26 säges:
474 462 46 19 »att
536 461 43 21 den
589 460 39 21 vid
638 454 50 27 Åbo
699 459 73 22 finska
782 459 111 22 klassiska

68 491 90 28 lyceum
173 491 110 21 inrättade
298 490 156 28 reallinjen
470 491 70 20 måtte
556 490 122 21 successivt
693 489 104 28 utvidgas
813 489 34 22 till
864 495 28 16 en

69 527 81 22 genom
172 521 52 21 hela
244 520 126 22 läroverket
392 520 96 21 ledande
503 520 76 27 linje«.
611 519 119 28 Uttrycket
748 519 142 28 »reallinjen«

70 557 66 15 anser
156 551 41 28 jag
217 557 54 14 vara
286 550 98 28 oriktigt.
416 549 9 22 I
442 550 43 21 den
501 550 54 21 sista
570 549 115 22 klämmen
699 549 58 22 talas
773 549 68 21 också
856 555 37 15 om

70 587 28 15 en
120 580 102 28 reallinje
240 580 38 21 vid
297 579 125 29 Jyväskylä
442 580 96 27 lyceum,
558 586 53 15 men
627 579 40 22 der
683 582 24 19 är
723 579 38 21 det
776 578 65 29 fråga
857 585 36 14 om

69 611 126 27 någonting
210 610 46 21 helt
272 611 73 20 annat.
377 609 37 22 Då
427 609 41 29 jag
481 610 86 27 hoppas
578 610 33 21 att
621 609 50 22 icke
682 612 103 18 närmare
795 607 98 23 behöfva

70 640 110 21 motivera
201 640 75 24 saken,
297 639 96 22 föreslår
406 639 41 28 jag
463 639 85 27 endast,
566 640 32 20 att
614 639 7 21 i
637 639 75 22 stället
727 638 38 22 för
781 638 113 27 uttrycket

72 670 142 27 »reallinjen«
233 670 68 21 måtte
316 669 87 22 införas
420 669 69 22 orden
507 668 252 29 »paralellafdelningen
774 668 52 22 med
836 667 57 22 real-

69 700 182 28 undervisning«.
282 699 44 22 Det
341 699 8 21 i
365 699 153 22 betänkandet
533 699 104 21 använda
651 699 114 28 uttrycket
775 698 45 21 kan
831 697 63 29 gifva

71 729 122 29 anledning
208 729 34 22 till
257 729 163 22 missförstånd.

142 788 191 29 Tuomioprovasti
357 788 100 27 Hedberg:
489 788 95 28 Pyydän
608 788 52 22 vain
685 788 68 21 saada
771 788 124 21 kannattaa

70 819 132 28 yliopettaja
216 818 156 29 Rosenqvistin
388 818 123 21 ehdotusta.

143 879 59 21 Ponsi
232 878 154 28 hyväksyttiin
414 877 132 29 yliopettaja
570 877 139 28 Rosenqvistin
736 876 159 23 ehdottamalla

71 908 132 22 muutoksella
210 916 4 19 ;

143 968 78 21 kolmas
238 968 63 27 ponsi,
316 967 140 28 Jyväskylän
471 967 79 28 lyseon
561 967 127 28 realilinjan
698 966 197 28 laajentamisesta.

142 1027 128 23 Keskustelu:

142 1088 136 28 Yliopettaja
294 1088 128 27 Rosenqvist:
453 1087 192 28 (Hyväksytään!)
675 1087 67 21 Hvad
758 1086 43 23 den
817 1086 8 21 i
845 1086 51 21 bor-

71 1118 145 28 gareståndet
238 1117 126 22 inlemnade
387 1117 124 28 petitionen
534 1124 37 14 om
587 1117 138 28 utvidgande
741 1116 25 22 af
778 1116 119 27 reallinjen

71 1147 39 21 vid
126 1147 124 28 Jyväskylä
264 1147 89 28 lyceum
368 1146 114 27 beträffar,
500 1148 25 20 så
539 1147 75 28 ligger
630 1147 38 21 det
681 1146 167 28 otvifvelaktigt
858 1146 39 20 nå-

72 1177 96 28 gonting
183 1177 136 28 berättigadt
334 1177 7 21 i
358 1177 49 21 dess
424 1176 110 28 syftemål.
566 1177 48 21 Här
630 1179 25 19 är
671 1176 38 22 det
724 1176 50 22 icke
785 1175 65 29 fråga
861 1182 36 14 om

72 1214 28 14 en
116 1206 166 28 jemförelsevis
301 1207 41 27 dyr
360 1206 226 29 parallellafdelning,
608 1207 74 21 såsom
702 1206 39 21 vid
756 1200 50 27 Åbo
822 1204 74 22 finska

72 1236 112 22 klassiska
198 1237 95 27 lyceum,
310 1238 53 20 utan
380 1243 36 15 om
432 1243 28 15 en
475 1236 102 28 reallinje
587 1237 30 27 på
630 1236 115 21 klasserna
755 1236 59 21 5—8
825 1236 73 20 såsom

72 1273 27 15 en
116 1266 144 28 fortsättning
280 1268 30 26 på
329 1266 43 22 den
390 1266 109 28 reallinje,
516 1266 93 21 hvilken
625 1267 73 20 staten
713 1266 70 21 redan
797 1265 100 28 upprätt-

71 1296 72 22 håller
167 1298 29 26 på
216 1296 116 22 klasserna
350 1297 60 20 2—4
431 1296 42 21 och
489 1297 29 27 på
534 1296 92 21 hvilken
641 1296 103 27 reallinje
759 1302 29 15 en
803 1294 96 22 särskild

71 1326 163 28 undervisning
250 1326 113 22 meddelas
380 1326 78 21 endast
474 1326 7 20 i
498 1326 71 28 några
585 1324 23 22 få
624 1328 88 18 ämnen.
743 1325 36 21 Då
795 1325 56 21 1883
863 1325 36 20 års

74 1355 185 28 skolförordning
281 1356 38 21 vid
342 1356 60 21 vissa
420 1355 110 21 klassiska
551 1355 76 28 lycéer
647 1354 90 22 införde
753 1362 28 14 en
797 1354 102 27 reallinje

70 1386 30 27 på
116 1385 28 22 de
159 1385 63 28 lägre
238 1385 121 27 klasserna,
376 1392 40 14 var
432 1385 38 21 det
486 1385 93 21 alldeles
595 1384 114 28 själffallet
725 1385 37 26 att,
778 1384 72 21 under
865 1384 34 20 in-

70 1415 89 28 trycket
184 1414 24 22 af
230 1415 42 21 den
294 1415 100 27 motvilja
414 1414 38 22 för
474 1415 28 21 de
524 1414 111 22 klassiska
656 1414 113 22 studierna
793 1414 43 21 och
855 1413 44 21 deh

74 1444 117 22 förkärlek
207 1444 38 22 för
261 1445 27 21 de
303 1445 62 21 reala
380 1444 121 27 studierna,
518 1444 92 22 hvilken
626 1444 39 22 för
681 1445 31 21 ett
723 1444 61 21 antal
795 1445 24 20 år
830 1443 70 21 sedan

72 1476 30 26 på
126 1476 31 20 ett
180 1474 199 28 öfverväldigande
402 1475 45 21 sätt
469 1474 41 22 hos
532 1481 37 15 oss
588 1474 144 26 framträdde,
748 1475 65 27 ropet
828 1472 73 22 skulle
