1092 1792
212 90 41 18 Ltv.
268 95 38 13 sov.
319 95 23 13 m.
356 95 30 12 n:o
400 90 11 17 4
422 90 90 22 johdosta
524 91 67 21 torpan
603 90 149 18 vuokrauksesta
837 90 56 21 1217

141 138 178 34 Äänestyksessä
342 143 68 22 olivat
438 144 141 27 »jaa»-äänet
594 143 99 27 voitolla,
707 144 63 27 joten
785 145 64 27 sääty
865 143 29 21 oli

68 175 118 27 päättänyt
202 174 61 28 pysyä
278 174 104 22 entisessä
398 174 170 26 päätöksessään,
585 174 54 20 mitä
654 174 29 22 49
698 174 22 26 ja
732 174 29 21 50
772 174 47 28 &:iin
828 173 66 22 tulee.

142 251 28 22 52
186 250 34 30 G:n
234 251 106 27 johdosta
356 251 174 28 puheenvuoron
546 252 108 20 saatuaan
669 251 72 21 lausui

142 322 121 22 Professori
286 323 116 27 Runeberg:
426 322 13 29 &
463 323 28 21 52
514 325 26 19 är
555 322 133 29 visserligen
703 322 105 29 godkänd
824 322 25 22 af
861 324 35 20 tre

71 352 71 27 stånd,
159 352 43 22 och
217 352 107 22 utskottet
339 352 42 22 har
396 352 110 22 förklarat
522 352 164 22 ständerbeslut
696 352 119 29 föreligga.
845 352 51 22 Men

69 383 41 28 jag
132 382 87 22 fruktar
243 383 32 21 att
290 382 38 22 det
344 382 79 27 beslut,
439 389 48 15 som
503 382 112 29 godkänts
631 382 38 22 vid
684 382 212 28 sammanjemknin-

72 420 44 21 gen
131 412 139 22 beträffande
286 412 14 28 &
314 413 35 26 29,
361 412 149 29 ovilkorligen
518 412 71 22 skulle
604 412 69 22 hafva
688 412 99 28 påkallat
803 419 28 15 en
846 411 50 23 för-

72 442 96 28 ändring
192 442 7 21 i
221 442 13 28 &
252 442 28 21 52
297 442 43 22 och
356 443 32 21 att
404 442 62 22 detta
481 442 75 22 blifvit
571 442 116 22 förbisedt
703 442 25 22 af
739 442 114 22 utskottet.
885 442 10 20 I

72 472 12 28 $
101 473 27 21 52
145 472 91 28 stadgas
251 472 121 28 nämligen,
389 473 33 21 att
436 472 113 22 brukaren
564 472 41 22 har
621 473 44 20 rätt
679 472 35 21 till
725 472 124 28 ersättning
859 471 38 22 för

72 502 141 28 uppförande
236 501 26 22 af
280 504 50 26 nytt
345 502 48 26 hus,
410 502 79 22 endast
504 502 48 22 ifall
569 502 86 22 arbetet
671 502 84 22 utförts
771 502 51 22 med
835 502 61 28 jord-

72 539 94 21 egarens
191 531 69 27 bifall,
284 532 43 21 och
343 532 62 22 detta
419 532 59 22 hade
492 532 26 28 ju
533 532 58 22 varit
607 532 136 28 fullkomligt
758 532 84 28 riktigt,
859 538 38 15 om

73 562 37 22 det
132 562 125 28 stadgande
278 562 71 22 skulle
364 561 71 23 blifva
450 562 111 28 gällande,
579 569 46 14 som
641 562 108 22 utskottet
764 562 58 22 hade
838 560 57 24 före-

72 592 67 28 slagit
161 591 35 23 för
218 592 13 28 &
254 592 36 26 29,
314 592 20 22 d.
358 599 21 15 v.
406 599 17 15 s.
445 593 33 21 att
494 592 69 21 sådan
578 592 114 28 byggnad,
709 592 92 22 hvarom
817 592 40 22 der
873 595 24 18 är

73 621 63 29 fräga
153 622 115 28 (byggnad
284 628 48 15 som
348 621 38 23 för
400 622 147 28 lägenhetens
558 622 58 21 bruk
632 625 25 18 är
672 622 77 29 nödig)
760 622 71 22 skulle
841 629 56 21 upp-

73 651 63 22 föras
157 652 25 21 af
199 650 161 30 legogifvaren.
392 652 36 21 Dä
443 652 59 22 hade
518 652 37 22 det
571 652 58 21 varit
644 652 107 28 naturligt
768 654 33 20 att
815 652 82 22 bruka-

74 688 39 15 ren
128 681 40 23 för
184 681 73 29 öfriga
271 682 134 28 byggnader
420 682 72 22 skulle
507 681 23 22 få
546 682 131 28 ersättning,
694 682 78 22 endast
783 682 39 22 der
833 682 63 22 arbe-

73 712 33 21 tet
127 711 85 22 utförts
236 711 51 22 med
308 711 148 29 jordegarens
471 711 70 22 bifall.
573 712 52 22 Men
641 712 7 21 i
663 712 106 22 händelse
785 719 112 15 samman-

71 741 147 29 jemkningen
234 741 130 29 godkännes
380 741 140 22 beträffande
536 741 13 29 &
565 742 29 21 29
611 742 41 21 och
663 742 93 21 sälunda
766 741 130 29 byggnads-

74 771 128 29 skyldighet
218 770 38 22 för
271 771 85 21 sädana
370 771 140 29 bygdnader,
526 778 48 15 som
585 770 40 23 för
635 772 146 28 lägenhetens
789 772 57 21 bruk
859 774 38 19 äro

74 801 89 28 nödiga,
188 801 86 28 åligger
297 801 112 22 brukaren
433 802 43 21 och
496 808 53 14 man
565 801 74 21 tillika
654 802 91 21 stadgar
760 802 7 20 i
783 801 14 29 &
813 802 35 26 52,
866 802 32 20 att

74 831 112 22 brukaren
202 830 34 22 får
252 831 130 28 ersättning,
400 831 79 21 endast
495 831 7 21 i
517 830 39 22 fall
573 831 86 22 arbetet
674 832 83 21 utförts
773 831 51 22 med
838 831 60 28 jord-

75 868 93 21 egarens
192 860 70 27 bifall,
286 862 24 20 sä
331 860 102 22 inträffar
448 861 38 22 det
502 863 38 24 att,
557 868 36 14 om
609 862 112 21 brukaren
736 860 83 29 uppför
835 861 64 22 dessa

74 890 40 22 för
129 890 146 29 lägenhetens
291 890 57 21 bruk
364 890 144 29 nödvändiga
523 891 133 28 byggnader
671 892 47 21 mot
733 890 166 29 legogifvarens

74 919 63 22 bifall
154 933 27 2 —
198 919 155 29 legogifvaren
368 920 52 27 kan,
436 920 26 21 af
475 921 79 27 illvilja
571 921 54 21 eller
641 921 94 21 emedan
750 921 45 22 han
811 921 40 21 vill
867 919 30 22 af-

74 950 80 28 lägsna
168 951 106 28 torparen
295 949 49 22 frän
360 950 34 21 sin
410 950 112 29 lägenhet,
539 953 71 26 vägra
625 951 38 21 sitt
678 950 64 22 bifall
757 951 58 21 samt
831 950 68 22 ocksä

75 983 70 25 vägra
168 981 32 20 att
219 979 61 29 gifva
296 979 229 29 byggnadsmaterial,
542 993 27 3 —
587 981 111 21 brukaren
714 980 131 29 visserligen
861 980 39 21 vid

75 1009 125 29 legotidens
215 1011 86 27 utgäng
316 1009 35 22 fär
366 1010 125 28 ersättning
507 1009 39 22 för
561 1010 228 29 byggnadsmaterial,
803 1017 52 15 men
866 1010 33 21 in-

76 1046 44 21 gen
136 1039 123 28 ersättning
275 1039 39 22 för
330 1039 38 22 sitt
382 1039 83 22 arbete.
483 1039 42 22 Om
536 1040 112 22 brukaren
660 1039 83 30 uppför
754 1041 64 21 dessa
828 1040 71 28 bygg-

75 1069 77 27 nader,
176 1069 92 22 hvarom
291 1069 65 28 fråga
379 1072 25 19 är
427 1069 7 22 i
458 1069 13 29 &
494 1071 36 25 29,
551 1070 52 21 med
616 1070 146 28 jordegarens
778 1069 63 22 bifall
858 1070 42 21 och

76 1099 72 22 denne
172 1098 67 23 äfven
262 1099 89 22 anvisar
374 1099 108 27 material,
507 1099 34 22 fär
561 1100 45 21 han
621 1100 38 21 vid
675 1100 124 29 legotidens
815 1101 85 26 utgäng

76 1129 124 28 ersättning
223 1128 39 23 för
286 1129 38 22 det
346 1129 78 22 arbete
447 1129 45 22 han
511 1129 98 29 nedlagt,
626 1137 52 14 men
693 1137 36 14 om
745 1130 45 21 han
805 1132 42 26 gör
863 1129 37 22 det

76 1160 53 20 utan
144 1157 166 30 legogifvarens
326 1158 70 27 bifall,
412 1158 36 22 får
463 1159 45 22 han
523 1159 69 29 ingen
608 1160 130 28 ersättning.
762 1159 68 22 Detta
841 1159 58 22 stad-

76 1188 74 29 gande
166 1189 7 20 i
189 1188 13 29 $
219 1189 27 20 52
263 1189 41 21 har
320 1188 42 22 fått
377 1190 35 21 stä
427 1189 57 22 kvar
499 1188 156 28 oförändradt,
667 1189 91 22 oaktadt
769 1189 7 22 i
787 1189 13 28 &
811 1190 29 20 29
851 1189 48 21 vid-

76 1218 68 29 tagits
168 1225 28 15 en
219 1217 140 30 förändring,
383 1219 93 22 hvilken
491 1220 54 21 utan
560 1219 79 22 tvifvel
655 1219 70 22 skulle
741 1219 68 22 hafva
825 1219 76 28 päkal-

76 1248 32 21 lat
131 1255 28 14 en
183 1247 135 30 förändring
338 1249 68 21 också
422 1249 6 20 i
445 1249 13 28 8
474 1250 36 20 52.
541 1249 80 22 Denna
637 1248 134 29 förändring
786 1249 69 22 borde
872 1249 29 27 gå

76 1279 25 20 ut
116 1279 29 26 pä
160 1279 33 20 att
208 1278 7 21 i
231 1277 14 29 &
260 1279 28 20 52
304 1278 89 22 tillades
409 1280 39 25 att,
465 1285 36 15 om
518 1279 86 22 arbetet
619 1279 58 22 skett
697 1279 69 28 enligt
777 1279 14 28 &
801 1279 36 26 29,
849 1278 52 21 bru-

77 1307 80 22 karens
181 1309 44 20 rätt
247 1307 34 22 till
304 1308 125 28 ersättning
453 1308 39 22 vid
514 1308 125 29 legotidens
657 1310 87 27 utgäng
761 1309 50 22 icke
829 1308 72 21 skulle

77 1344 54 14 vara
146 1337 112 22 beroende
274 1337 26 22 af
312 1337 167 29 legogifvarens
495 1337 70 23 bifall.
591 1338 45 22 Det
646 1345 53 15 vore
711 1339 93 21 sålunda
815 1345 27 15 en
854 1337 47 22 för-

78 1367 102 28 ändring,
200 1374 48 15 som
264 1367 139 22 omedelbart
418 1368 71 21 borde
504 1367 89 30 framgå
609 1367 24 22 af
647 1368 38 21 det
699 1369 79 26 beslut,
795 1375 47 15 som
859 1367 42 22 fat-

77 1397 43 21 tats
144 1396 139 23 beträffande
306 1397 14 28 &
336 1398 34 21 29.
403 1397 45 29 Jag
464 1397 95 22 föreslår
575 1399 33 20 att
623 1398 88 21 ståndet
727 1398 71 22 skulle
813 1397 89 22 besluta

78 1427 32 21 att
138 1426 62 22 fästa
226 1427 118 22 utskottets
366 1427 198 28 uppmärksamhet
588 1428 75 27 derpä,
688 1429 32 20 att
743 1428 12 28 &
779 1429 28 20 52
832 1427 70 22 borde

78 1457 85 57 TN
186 1457 32 21 ett
240 1457 81 28 tillägg
335 1458 30 27 pä
387 1457 73 28 grund
476 1457 25 22 af
514 1457 43 22 den
573 1457 141 29 förändring,
731 1465 47 14 som
794 1457 108 28 vidtagits

78 1486 6 21 i
104 1482 12 36 &
130 1487 36 21 29.

806 1529 22 17 77
