1092 1728
233 103 160 21 Porvarissäädyn
405 103 97 17 kutsumus
517 103 63 17 Vovm.
592 108 30 12 n:o
637 103 9 17 1
657 103 89 22 johdosta
845 103 56 21 1397

151 156 100 22 Provasti
275 156 120 22 Päivärinta:
427 156 122 22 Professori
575 156 117 22 Palmenin
718 156 116 28 käyttämä
854 156 47 22 kol-

78 193 49 15 mas
151 186 119 22 esimerkki
291 193 29 15 on
335 186 149 22 vakuuttanut
499 186 76 22 minua
590 186 52 22 siitä
658 187 46 20 että
720 193 28 14 on
764 186 137 28 periaatteen

79 216 108 22 kannalta
196 216 137 28 tarpeellista
343 216 105 28 säilyttää
458 217 62 20 tämä
528 216 82 28 pykälä
618 216 148 22 semmoisena
775 216 53 21 kuin
840 222 24 15 se
873 222 28 15 on

79 279 46 19 nön
140 276 59 22 tulee
214 276 79 21 katsoa
308 277 46 21 että
369 276 106 21 kaikkien
491 276 193 21 omistusoikeutta
700 282 28 15 on
745 276 101 27 suojeltu,
864 278 36 18 vä-

80 306 179 22 hätietoisenkin.
290 306 39 21 Jos
353 306 117 21 asianlaita
491 305 123 22 todellakin
630 312 29 15 on
674 305 48 21 niin
738 307 46 20 että
799 304 103 22 fakkitie-

80 336 61 27 tojen
165 336 83 27 nojalla
271 336 96 21 voidaan
390 336 69 21 saada
481 336 72 21 toisen
576 336 118 25 omaisuus,
715 335 70 28 jonka
807 336 41 20 itse
864 342 39 14 saa

81 367 63 20 ostaa
162 366 27 20 10
203 365 130 22 tuhannella
349 365 32 21 tai
397 366 13 20 5
426 365 130 22 tuhannella
571 365 117 26 markalla,
704 371 136 15 nousemaan
856 365 47 20 niin

80 396 48 21 että
143 402 24 15 se
182 396 130 20 muutaman
327 395 88 22 vuoden
431 396 90 27 perästä
536 395 65 22 tekee
617 395 97 26 500,000
730 395 114 26 markkaa,
856 394 46 21 niin

80 425 59 21 siinä
156 432 28 15 on
199 425 122 22 todellakin
336 425 133 28 tapahtunut
486 425 92 22 keikaus
594 425 224 21 omistusoikeudessa
836 424 68 21 toista

81 455 75 21 laatua
171 455 54 21 kuin
241 462 30 19 se,
285 455 59 28 josta
360 454 119 29 professori
496 455 91 21 Palmén
602 455 76 28 puhui,
692 454 26 28 ja
728 455 77 20 minun
816 454 86 21 mieles-

80 485 47 21 täni
144 491 29 15 on
188 485 60 28 hyvä
264 486 45 20 että
324 485 67 21 laissa
407 491 29 15 on
451 485 108 22 olemassa
570 484 164 28 varjeluskeino
744 485 48 20 tätä
802 486 100 19 vastaan.

82 514 71 22 Mutta
168 522 39 15 sen
223 515 71 28 sijaan
311 521 28 15 on
355 515 144 28 epäilemättä
514 516 107 20 suotavaa
637 516 46 20 että
698 515 97 21 tehdään
811 514 92 21 selvem-

81 545 38 27 piä
142 545 141 27 määräyksiä
298 545 57 26 siitä,
375 545 78 21 minkä
473 545 141 28 perusteiden
630 544 98 21 mukaan
743 546 61 19 tämä
819 544 84 28 pakko-

83 575 98 22 lunastus
197 581 29 15 on
241 575 97 21 tehtävä.

154 633 122 23 Professori
293 635 111 27 Runeberg:
428 634 35 21 En
478 634 72 28 viktig
566 633 101 22 sträfvan
683 634 8 21 i
704 634 28 21 de
742 633 162 29 lagstiftnings-

82 663 90 30 förslag
195 664 116 29 angående
334 665 158 26 vattenrätten,
515 671 47 14 som
585 663 111 29 förelagts
719 663 130 22 ständernas
866 663 38 21 be-

83 694 114 28 handling,
221 694 42 21 har
283 694 24 28 ju
324 694 58 21 varit
405 695 32 20 att
453 694 134 28 möjliggöra
610 695 32 20 ett
662 693 187 28 ändamälsenligt
871 694 33 20 ut-

83 724 116 27 nyttjande
215 723 26 22 af
256 722 166 23 vattenkraften
438 724 7 20 i
461 723 115 27 strömfall,
594 724 32 21 att
641 723 84 22 bereda
740 723 117 29 möjlighet
873 724 32 20 att

83 752 23 22 få
122 753 159 28 eganderätten
297 752 102 23 faststäld
415 753 42 22 och
468 753 191 28 nyttjanderätten
669 752 157 22 konsoliderad
837 753 29 28 pä
877 759 28 14 en

83 783 60 21 hand
166 783 42 22 och
232 783 7 21 i
260 783 61 22 detta
341 782 105 23 afseende
462 782 68 23 hafva
545 783 7 21 i
568 783 28 22 de
612 783 83 28 nädiga
713 782 193 29 propositionerna

83 812 136 22 förefunnits
242 813 109 21 särskilda
373 813 175 28 bestämningar,
565 813 44 21 alla
624 813 88 28 gående
728 813 7 20 i
750 819 85 15 samma
851 812 54 21 rikt-

83 843 62 28 ning.
176 843 35 21 En
231 843 69 21 bland
323 843 28 21 de
374 843 121 28 vigtigaste
511 846 26 18 är
552 843 44 22 den
611 842 230 29 lagstifningsätgärd,
858 848 47 15 som

83 873 121 28 möjliggör
219 872 130 29 afsöndring
365 871 25 22 af
403 872 109 22 strömfall
526 873 35 21 till
577 879 27 15 en
620 872 142 29 själfständig
776 871 129 22 strömfalls-

83 902 107 29 lägenhet
205 915 27 3 —
250 909 28 16 en
293 902 137 29 afsöndring,
447 909 47 15 som
510 903 44 21 kan
571 909 43 22 ega
629 909 49 14 rum
694 901 67 22 äfven
777 902 39 21 der
827 903 79 20 ström-

83 931 41 22 fall
139 932 76 22 tillhör
229 932 54 22 flere
299 933 138 28 lägenheter.
461 932 77 22 Andra
553 933 7 20 i
576 939 86 14 samma
678 932 100 28 riktning
792 931 114 22 verkande

84 962 169 29 bestämningar
268 965 38 18 äro
323 963 34 26 de,
373 969 49 14 som
437 962 74 22 finnas
526 963 7 20 i
550 963 12 28 &
581 963 24 20 11
624 963 70 27 (prop.
712 969 36 14 om
764 962 142 21 vattenrätts-

85 992 82 28 lagen),
192 993 116 28 angäende
331 993 44 21 rätt
391 994 32 19 att
438 993 93 27 utbryta
546 992 36 22 del
598 991 25 22 af
636 992 108 21 strömtall
760 991 42 22 och
818 991 8 21 i
841 991 13 28 $
873 991 33 26 13,

84 1029 38 13 om
145 1023 44 20 rätt
212 1024 32 19 att
265 1023 46 21 mot
332 1022 58 28 årlig
406 1021 76 29 afgäld
497 1021 24 22 få
535 1022 105 28 begagna
656 1021 135 22 drifkraften
807 1021 7 21 i
830 1022 77 20 ström-

85 1050 69 22 fallet.

156 1080 43 22 Det
216 1082 129 28 stadgande,
363 1088 48 15 som
427 1082 65 28 ingär
507 1082 7 21 i
533 1083 9 20 1
560 1082 51 28 kap.
628 1082 13 28 &
660 1082 25 21 12
702 1082 8 20 i
724 1081 119 21 utskottets
859 1080 48 22 för-

85 1110 50 29 slag
150 1111 34 21 till
200 1112 177 28 vattenrättslag,
393 1112 42 21 har
450 1112 50 21 icke
510 1113 75 27 någon
596 1111 178 29 motsvarighet
766 1106 11 39 i
786 1111 28 21 de
825 1110 83 28 nådiga

85 1141 198 28 propositionerna.
307 1141 68 22 Detta
391 1142 124 28 stadgande
530 1142 41 21 har
586 1142 85 28 tillagts
688 1141 24 22 af
724 1141 114 21 utskottet.
862 1140 46 22 Un-

87 1170 39 22 der
141 1171 118 21 utskottets
275 1172 77 21 arbete
367 1171 108 22 klarnade
491 1171 40 22 allt
546 1178 48 15 mer
608 1172 43 21 den
661 1172 74 26 tanke,
747 1172 33 20 att
791 1170 36 22 det
838 1170 70 22 borde

86 1203 67 25 göras
168 1202 33 20 ett
215 1201 87 29 tillägg,
319 1208 48 15 som
383 1201 71 22 skulle
469 1201 113 29 berättiga
598 1201 43 22 den
653 1201 104 28 delegare
767 1200 8 22 i
787 1202 31 20 ett
829 1202 79 20 ström-

86 1230 46 26 fall,
157 1237 46 15 som
225 1230 53 22 ville
301 1231 42 21 och
367 1231 75 22 kunde
465 1231 103 22 använda
592 1231 129 26 detsamma,
744 1231 33 21 att
792 1230 73 22 utlösa
881 1230 27 21 de

87 1260 70 22 andra
181 1260 139 29 delegarene.
352 1261 69 22 Detta
443 1261 42 21 har
508 1261 106 22 utskottet
633 1261 50 21 sökt
698 1260 106 22 realisera
819 1260 8 21 i
846 1260 25 21 12
888 1259 20 29 8.

87 1290 44 21 Det
146 1290 67 28 gälde
229 1290 58 22 först
307 1291 42 21 och
364 1290 79 22 främst
461 1292 32 20 att
509 1291 113 28 berättiga
637 1291 161 28 strandegaren
814 1291 33 20 att
861 1290 48 21 lösa

86 1320 25 22 ut
135 1320 27 21 de
186 1319 72 29 öfriga
281 1320 121 29 delegarne
425 1321 8 21 i
453 1322 93 20 vattnet:
578 1320 51 22 Men
650 1320 29 22 dä
694 1320 51 22 hela
760 1319 149 29 lagförslaget

87 1349 73 22 hvilar
183 1351 28 27 pä
233 1350 44 22 den
297 1350 142 29 principiella
461 1350 40 22 bas
518 1352 32 20 att
568 1350 142 28 byamännen
726 1353 39 18 äro
782 1349 104 29 delegare
902 1349 7 21 i

88 1378 115 27 strömfall,
227 1381 70 27 ansäg
320 1380 119 21 utskottets
460 1380 114 28 pluralitet
594 1380 38 21 det
652 1387 54 14 vara
721 1380 141 27 nödvändigt
878 1380 31 20 att

88 1407 67 23 äfven
178 1408 62 28 gifva
263 1411 32 19 ett
317 1410 90 27 uttryck
424 1410 23 21 ät
462 1410 74 21 denna
550 1409 141 29 principiella
706 1409 79 29 grund,
802 1408 41 22 och
860 1408 49 22 der-

88 1437 38 23 för
148 1438 88 22 tillkom
260 1440 13 20 2
297 1446 67 14 mom.
389 1440 7 20 i
415 1440 25 20 12
457 1439 20 29 8,
493 1446 47 14 som
556 1439 125 28 berättigar
696 1438 68 22 äfven
779 1437 130 23 strömfalls-

88 1471 68 25 egare
180 1469 32 20 att
234 1468 47 22 lösa
304 1469 141 21 strandtomt.
476 1469 51 21 Men
551 1469 28 21 de
603 1469 115 28 praktiska
741 1468 170 28 synpunkterna

88 1499 84 27 tvungo
189 1498 57 21 dock
261 1498 108 22 utskottet
385 1500 33 20 att
433 1499 121 21 inskränka
570 1498 215 29 strömfallsegarnes
800 1498 110 28 lösnings-
