1092 1789
219 85 158 22 Porvarissäädyn
391 85 97 18 kutsumus
501 85 51 18 Lym.
566 90 30 13 n:o
612 85 22 18 12
645 85 89 22 johdosta
832 86 56 21 1105

65 139 147 24 seka-asiasta
239 139 60 22 tulee
323 140 68 20 antaa
413 139 151 26 lausuntonsa,
588 140 72 20 mutta
683 139 47 21 niin
754 139 20 22 ei
798 139 34 22 ole
848 141 41 26 nyt

64 170 104 29 puheena
183 169 80 22 olevan
279 169 118 21 asetuksen
413 168 60 22 laita.
505 169 86 21 Tiedän
606 169 63 27 kyllä
685 170 45 21 että
746 176 24 15 se
786 169 29 21 oli
826 169 63 22 esillä

65 199 254 22 kirkolliskokouksessa
340 198 258 28 rekisterikysymyksen
609 198 142 28 yhteydessä,
762 200 71 20 mutta
844 199 44 21 kir-

65 229 152 22 kolliskokous
236 228 20 22 ei
273 229 92 20 antanut
381 228 51 21 siitä
447 228 85 21 mitään
548 229 76 21 muuta
640 228 117 22 lausuntoa
773 229 54 21 kuin
844 230 46 20 että

66 266 24 15 se
105 258 88 28 hylkäsi
213 265 39 15 sen
268 257 271 29 rekisterikysymykseen
554 258 214 22 kuulumattomana.
800 258 88 22 Kirkol-

65 289 114 22 liskokous
195 288 20 21 ei
231 288 39 21 siis
286 288 34 21 ole
336 289 59 20 tästä
405 287 82 22 asiasta
497 288 85 21 mitään
593 287 118 22 lausuntoa
722 289 98 26 antanut,
832 288 57 21 niin-

66 319 54 21 kuin
144 325 38 14 sen
206 318 53 21 sekä
282 318 76 21 oikeus
383 319 46 20 että
449 317 141 22 velvollisuus
607 324 35 15 on.
674 318 215 22 Valmistamatonna

67 349 81 27 täytyy
170 347 77 22 minun
269 347 78 28 hylätä
369 349 62 19 tämä
446 347 175 27 asetusehdotus,
635 347 71 28 jonka
721 348 169 28 hyväksymistä

66 377 187 29 porvarissäädyn
267 377 90 22 tekemä
372 377 116 22 kutsumus
503 377 127 22 tarkoittaa.

140 437 74 28 Piispa
230 434 100 30 Råbergh:
346 431 74 27 Äfven
433 437 41 28 jag
489 436 93 22 förenar
597 437 48 28 mig
660 437 51 22 med
728 438 89 28 prosten
827 437 63 22 Wal-

67 468 33 21 lin
118 468 41 21 och
175 467 39 21 vill
229 466 38 22 för
281 467 46 21 min
343 467 37 21 del
395 466 101 28 afstyrka
512 467 138 28 antagandet
661 466 25 22 af
694 467 196 29 borgareståndets

68 497 139 28 inbjudning.
239 496 44 29 Jag
305 500 41 25 gör
370 496 37 22 det
431 497 50 21 icke
504 496 39 23 för
563 498 32 20 att
611 497 130 29 derigenom
758 498 70 21 uttala
843 497 48 29 mig

68 526 39 23 för
130 527 181 28 religionstvång,
334 528 54 20 utan
403 527 42 21 har
457 527 41 28 jag
515 528 72 20 ansett
602 527 48 28 mig
665 527 55 22 böra
736 530 54 25 göra
807 528 60 21 detta
882 528 8 20 i

68 556 213 29 religionsfrihetens
297 557 100 29 intresse.

140 586 52 22 Man
215 586 44 22 kan
278 586 115 28 nämligen
408 586 65 28 fråga
489 586 44 29 sig:
549 586 67 22 Hvad
631 586 76 22 blefve
723 586 113 28 följderna
851 586 40 22 för

68 616 209 28 religionsfriheten,
293 623 37 15 om
345 616 196 28 borgareståndets
556 616 109 28 inbjudan
681 618 92 27 antoges
790 617 41 21 och
848 617 43 21 den

69 648 25 20 så
109 646 90 28 mycket
215 646 119 22 omordade
350 647 13 20 2
380 646 13 28 &
409 646 8 21 i
432 645 150 29 lagförslaget
597 646 75 22 blefve
688 647 38 28 lag
742 646 36 22 för
789 648 50 20 vårt
848 646 42 22 fin-

70 676 40 22 ska
133 676 173 22 fädernesland?
330 676 94 28 Följden
446 683 55 15 vore
525 676 49 26 den,
599 677 32 21 att
654 676 74 22 finska
742 677 149 28 medborgare

69 706 61 28 finge
153 707 44 21 rätt
220 707 33 20 att
275 706 88 21 utträda
382 713 26 14 ur
424 706 257 28 evangelisk-lutherska
695 706 88 28 kyrkan
799 707 42 21 och
857 706 33 22 in-

69 736 65 22 träda
158 735 66 23 äfven
247 736 7 21 i
278 736 78 21 sådant
374 735 184 28 kyrkosamfund,
575 742 47 15 som
639 736 51 22 icke
704 736 72 22 finnes
792 737 8 21 i
815 736 77 22 landet

69 766 112 21 inrättadt.
213 766 66 21 Hvad
302 765 58 23 afser
383 772 52 14 man
459 766 29 21 då
503 766 52 22 med
571 766 64 22 dessa
650 766 190 28 kyrkosamfund?
856 766 35 22 De

69 796 76 21 kunna
160 796 50 21 icke
225 794 107 23 hänföras
347 795 35 21 till
397 796 174 28 protestantiska
586 796 81 26 sekter,
683 797 25 27 ty
724 796 65 22 dessa
804 803 43 21 ega
862 796 30 28 på

69 826 73 28 grund
158 824 25 23 af
196 825 176 28 dissenterlagen
387 826 44 20 rätt
446 826 33 20 att
494 826 7 20 i
517 825 95 22 Finland
629 826 88 28 grunda
724 825 166 29 församlingar.

69 855 113 22 Metodist-
199 855 42 21 och
255 854 246 29 baptistförsamlingar
516 854 73 23 finnas
605 856 41 20 här
662 856 117 26 inrättade,
794 856 42 22 och
848 856 44 20 alla

70 886 80 25 sekter,
174 892 46 14 som
245 886 33 20 stå
300 886 30 27 på
351 884 88 22 bibelns
461 885 42 21 och
519 885 43 21 den
578 886 137 27 apostoliska
729 886 163 21 bekännelsens

70 915 78 28 grund,
164 915 77 21 kunna
255 915 41 21 här
310 915 99 21 inrättas.
437 914 84 22 Finska
531 915 155 28 medborgare,
698 922 48 15 som
756 916 50 21 icke
816 916 76 20 kunna

69 944 63 22 finna
147 944 34 29 sig
197 944 7 22 i
220 945 43 21 den
279 944 144 28 evangeliska
439 944 141 28 folkkyrkan,
597 958 29 2 —
642 945 92 22 hvilken
749 947 73 20 såsom
832 945 60 21 finsk

70 974 120 28 folkkyrka
206 973 25 23 af
243 974 114 28 vällofliga
372 974 186 28 borgareståndet
574 975 89 21 erhållit
679 976 31 20 ett
721 976 25 20 så
755 976 92 21 vackert
858 982 34 14 er-

70 1004 119 22 kännande
204 1017 35 13 —,
256 1004 75 21 kunna
347 1004 86 22 således
449 1004 93 28 öfvergå
556 1004 35 22 till
610 1005 122 21 bestående
748 1005 85 21 kristna
849 1004 43 22 dis-

70 1033 177 23 sentersamfund
263 1034 53 22 eller
333 1034 67 21 också
415 1034 88 28 grunda
518 1041 44 21 nya
579 1034 89 22 sådana.
700 1035 107 21 Hvarken
820 1036 72 20 staten

71 1064 54 22 eller
147 1064 114 21 lutherska
284 1064 86 28 kyrkan
393 1064 93 21 hindrar
510 1064 50 22 dem
577 1065 32 21 att
624 1066 26 20 så
666 1067 54 26 göra
742 1065 41 21 och
800 1064 93 22 sålunda

70 1094 102 28 tillämpa
194 1093 214 29 religionsfrihetens
431 1094 125 28 grundsats.
588 1094 43 22 Om
654 1094 58 22 blott
730 1095 163 27 medborgaren

72 1130 52 22 eger
148 1124 37 21 det
207 1124 106 28 religiösa
326 1124 103 21 intresse
447 1124 43 21 och
506 1124 43 21 den
566 1124 165 28 offervillighet,
748 1132 47 14 som
810 1126 84 26 många

71 1153 81 29 fattiga
167 1153 118 22 dissenters
301 1154 8 20 i
324 1153 61 22 olika
401 1153 61 22 delar
478 1152 25 22 af
517 1154 96 21 Finland
629 1154 58 22 visat
703 1154 35 28 sig
754 1161 47 21 ega,
814 1156 25 20 så
848 1155 46 20 står

72 1183 37 22 det
124 1184 82 21 honom
221 1184 43 20 och
279 1183 56 21 hans
350 1182 194 29 meningsfränder
559 1183 48 22 fritt
623 1185 33 20 att
670 1184 89 22 utträda
769 1192 27 14 ur
807 1184 43 22 den
860 1184 33 20 lu-

70 1213 92 21 therska
184 1213 93 27 kyrkan.
309 1212 101 22 Således:
434 1213 8 21 i
465 1212 65 30 fråga
550 1220 36 14 om
602 1213 126 29 öfvergång
742 1214 34 21 till
791 1214 102 27 sektkyr-

71 1243 71 21 korna
157 1243 70 21 banar
243 1243 43 21 den
302 1242 133 29 föreslagna
449 1242 205 30 lagförändringen
670 1244 69 28 ingen
754 1244 140 27 väsentligen

72 1280 30 20 ny
118 1275 50 25 väg.
200 1272 116 29 Möjlighet
332 1274 33 20 att
379 1272 90 22 utträda
484 1280 27 14 ur
521 1273 44 21 den
576 1273 255 29 evangelisk-lutherska
841 1273 52 27 kyr-

71 1302 45 22 kan
132 1302 37 22 för
185 1303 32 20 att
232 1302 54 28 ingå
301 1302 8 22 i
324 1302 139 22 icke-kristet
479 1302 110 27 samfund,
606 1310 54 15 vare
670 1303 36 29 sig
715 1304 89 27 judiskt,
816 1303 78 21 muha-

72 1332 123 26 medanskt,
219 1332 148 22 buddaistiskt
391 1332 60 26 eller,
477 1334 73 20 såsom
576 1333 38 21 det
633 1334 30 27 på
679 1333 83 28 dagens
778 1332 117 29 tungomål

71 1362 78 26 kallas,
166 1361 120 27 teosofiskt,
303 1361 125 29 medgifver
443 1361 152 30 lagförslaget
610 1362 57 22 icke.
698 1363 34 27 Ty
748 1363 7 21 i
766 1362 129 28 anslutning

71 1392 34 20 till
120 1392 139 28 kyrkolagen
275 1394 25 19 är
315 1392 40 21 här
370 1391 65 29 fråga
451 1392 56 22 blott
518 1399 37 15 om
565 1392 92 28 kyrko
668 1392 104 22 samfund
786 1393 43 21 och
845 1392 49 21 der-

72 1422 51 21 med
139 1422 44 21 kan
199 1422 49 21 icke
264 1421 83 22 förstås
363 1423 68 20 annat
447 1424 28 19 än
491 1422 115 21 kristna
617 1421 217 29 religionssamfund.
850 1421 45 22 Nå-

72 1458 45 21 gon
132 1451 111 28 väsentlig
258 1451 130 28 utveckling
403 1450 26 22 af
441 1450 215 30 religionsfrihetens
672 1452 118 28 grundsats
801 1452 95 21 innebär

73 1481 86 21 således
174 1480 149 29 lagförslaget
339 1481 56 26 icke,
408 1481 29 21 då
448 1480 125 29 öfvergång
583 1481 35 21 till
628 1482 140 21 icke-kristet
778 1482 117 28 religions-

800 1524 22 16 70
