<?xml version="1.0" encoding="UTF-8"?>
<alto xmlns="http://www.loc.gov/standards/alto/ns-v3#" xmlns:xlink="http://www.w3.org/1999/xlink" xmlns:xsi="http://www.w3.org/2001/XMLSchema-instance" xsi:schemaLocation="http://www.loc.gov/standards/alto/ns-v3# http://www.loc.gov/alto/v3/alto-3-0.xsd">
	<Description>
		<MeasurementUnit>pixel</MeasurementUnit>
		<sourceImageInformation>
			<fileName>/tmp/tess_9jgl_bmy_input.PNG</fileName>
		</sourceImageInformation>
		<OCRProcessing ID="OCR_0">
			<ocrProcessingStep>
				<processingSoftware>
					<softwareName>tesseract 5.3.4</softwareName>
				</processingSoftware>
			</ocrProcessingStep>
		</OCRProcessing>
	</Description>
	<Layout>
		<Page WIDTH="1092" HEIGHT="1742" PHYSICAL_IMG_NR="0" ID="page_0">
			<PrintSpace HPOS="0" VPOS="0" WIDTH="1092" HEIGHT="1742">
				<ComposedBlock ID="cblock_0" HPOS="206" VPOS="84" WIDTH="586" HEIGHT="24">
					<TextBlock ID="block_0" HPOS="206" VPOS="84" WIDTH="586" HEIGHT="24">
						<TextLine ID="line_0" HPOS="206" VPOS="84" WIDTH="586" HEIGHT="24">
							<String ID="string_0" HPOS="206" VPOS="84" WIDTH="45" HEIGHT="21" WC="0.95" CONTENT="954"/><SP WIDTH="192" VPOS="84" HPOS="251"/>
							<String ID="string_1" HPOS="443" VPOS="84" WIDTH="123" HEIGHT="24" WC="0.93" CONTENT="Pappissääty"/><SP WIDTH="13" VPOS="84" HPOS="566"/>
							<String ID="string_2" HPOS="579" VPOS="85" WIDTH="86" HEIGHT="18" WC="0.92" CONTENT="Toukok."/><SP WIDTH="14" VPOS="85" HPOS="665"/>
							<String ID="string_3" HPOS="679" VPOS="86" WIDTH="21" HEIGHT="17" WC="0.95" CONTENT="17"/><SP WIDTH="14" VPOS="86" HPOS="700"/>
							<String ID="string_4" HPOS="714" VPOS="91" WIDTH="17" HEIGHT="17" WC="0.96" CONTENT="p."/><SP WIDTH="15" VPOS="91" HPOS="731"/>
							<String ID="string_5" HPOS="746" VPOS="86" WIDTH="46" HEIGHT="17" WC="0.96" CONTENT="1900"/>
						</TextLine>
					</TextBlock>
				</ComposedBlock>
				<ComposedBlock ID="cblock_1" HPOS="204" VPOS="138" WIDTH="830" HEIGHT="746">
					<TextBlock ID="block_1" HPOS="204" VPOS="138" WIDTH="827" HEIGHT="148">
						<TextLine ID="line_1" HPOS="204" VPOS="138" WIDTH="826" HEIGHT="28">
							<String ID="string_6" HPOS="204" VPOS="138" WIDTH="78" HEIGHT="28" WC="0.96" CONTENT="hvarje"/><SP WIDTH="15" VPOS="138" HPOS="282"/>
							<String ID="string_7" HPOS="297" VPOS="138" WIDTH="113" HEIGHT="27" WC="0.93" CONTENT="kommun,"/><SP WIDTH="16" VPOS="138" HPOS="410"/>
							<String ID="string_8" HPOS="426" VPOS="138" WIDTH="71" HEIGHT="22" WC="0.96" CONTENT="ordna"/><SP WIDTH="15" VPOS="138" HPOS="497"/>
							<String ID="string_9" HPOS="512" VPOS="139" WIDTH="42" HEIGHT="21" WC="0.93" CONTENT="och"/><SP WIDTH="17" VPOS="139" HPOS="554"/>
							<String ID="string_10" HPOS="571" VPOS="139" WIDTH="121" HEIGHT="22" WC="0.96" CONTENT="inskränka"/><SP WIDTH="11" VPOS="139" HPOS="692"/>
							<String ID="string_11" HPOS="703" VPOS="140" WIDTH="62" HEIGHT="21" WC="0.96" CONTENT="såväl"/><SP WIDTH="10" VPOS="140" HPOS="765"/>
							<String ID="string_12" HPOS="775" VPOS="139" WIDTH="149" HEIGHT="22" WC="0.96" CONTENT="tillverkande"/><SP WIDTH="15" VPOS="139" HPOS="924"/>
							<String ID="string_13" HPOS="939" VPOS="146" WIDTH="47" HEIGHT="15" WC="0.93" CONTENT="som"/><SP WIDTH="11" VPOS="146" HPOS="986"/>
							<String ID="string_14" HPOS="997" VPOS="140" WIDTH="33" HEIGHT="20" WC="0.91" CONTENT="ut-"/>
						</TextLine>
						<TextLine ID="line_2" HPOS="205" VPOS="168" WIDTH="826" HEIGHT="30">
							<String ID="string_15" HPOS="205" VPOS="168" WIDTH="165" HEIGHT="29" WC="0.90" CONTENT="minuteringen"/><SP WIDTH="16" VPOS="168" HPOS="370"/>
							<String ID="string_16" HPOS="386" VPOS="168" WIDTH="41" HEIGHT="22" WC="0.96" CONTENT="och"/><SP WIDTH="16" VPOS="168" HPOS="427"/>
							<String ID="string_17" HPOS="443" VPOS="168" WIDTH="166" HEIGHT="30" WC="0.96" CONTENT="försäljningen"/><SP WIDTH="16" VPOS="168" HPOS="609"/>
							<String ID="string_18" HPOS="625" VPOS="169" WIDTH="25" HEIGHT="21" WC="0.90" CONTENT="af"/><SP WIDTH="13" VPOS="169" HPOS="650"/>
							<String ID="string_19" HPOS="663" VPOS="170" WIDTH="140" HEIGHT="28" WC="0.90" CONTENT="rusdrycker,"/><SP WIDTH="18" VPOS="170" HPOS="803"/>
							<String ID="string_20" HPOS="821" VPOS="169" WIDTH="71" HEIGHT="22" WC="0.96" CONTENT="skulle"/><SP WIDTH="17" VPOS="169" HPOS="892"/>
							<String ID="string_21" HPOS="909" VPOS="168" WIDTH="56" HEIGHT="23" WC="0.96" CONTENT="efter"/><SP WIDTH="16" VPOS="168" HPOS="965"/>
							<String ID="string_22" HPOS="981" VPOS="169" WIDTH="50" HEIGHT="21" WC="0.95" CONTENT="mitt"/>
						</TextLine>
						<TextLine ID="line_3" HPOS="205" VPOS="198" WIDTH="826" HEIGHT="29">
							<String ID="string_23" HPOS="205" VPOS="198" WIDTH="149" HEIGHT="22" WC="0.92" CONTENT="förmenande"/><SP WIDTH="23" VPOS="198" HPOS="354"/>
							<String ID="string_24" HPOS="377" VPOS="205" WIDTH="54" HEIGHT="15" WC="0.93" CONTENT="vara"/><SP WIDTH="24" VPOS="205" HPOS="431"/>
							<String ID="string_25" HPOS="455" VPOS="199" WIDTH="73" HEIGHT="28" WC="0.89" CONTENT="egnad"/><SP WIDTH="23" VPOS="199" HPOS="528"/>
							<String ID="string_26" HPOS="551" VPOS="200" WIDTH="33" HEIGHT="20" WC="0.96" CONTENT="att"/><SP WIDTH="21" VPOS="200" HPOS="584"/>
							<String ID="string_27" HPOS="605" VPOS="202" WIDTH="78" HEIGHT="19" WC="0.96" CONTENT="närma"/><SP WIDTH="17" VPOS="202" HPOS="683"/>
							<String ID="string_28" HPOS="700" VPOS="206" WIDTH="35" HEIGHT="15" WC="0.96" CONTENT="oss"/><SP WIDTH="17" VPOS="206" HPOS="735"/>
							<String ID="string_29" HPOS="752" VPOS="200" WIDTH="37" HEIGHT="21" WC="0.96" CONTENT="det"/><SP WIDTH="16" VPOS="200" HPOS="789"/>
							<String ID="string_30" HPOS="805" VPOS="199" WIDTH="51" HEIGHT="26" WC="0.96" CONTENT="mål,"/><SP WIDTH="17" VPOS="199" HPOS="856"/>
							<String ID="string_31" HPOS="873" VPOS="198" WIDTH="57" HEIGHT="23" WC="0.96" CONTENT="efter"/><SP WIDTH="15" VPOS="198" HPOS="930"/>
							<String ID="string_32" HPOS="945" VPOS="198" WIDTH="86" HEIGHT="23" WC="0.96" CONTENT="hvilket"/>
						</TextLine>
						<TextLine ID="line_4" HPOS="205" VPOS="228" WIDTH="825" HEIGHT="28">
							<String ID="string_33" HPOS="205" VPOS="228" WIDTH="23" HEIGHT="21" WC="0.93" CONTENT="vi"/><SP WIDTH="23" VPOS="228" HPOS="228"/>
							<String ID="string_34" HPOS="251" VPOS="228" WIDTH="90" HEIGHT="27" WC="0.92" CONTENT="sträfva,"/><SP WIDTH="21" VPOS="228" HPOS="341"/>
							<String ID="string_35" HPOS="362" VPOS="235" WIDTH="52" HEIGHT="15" WC="0.96" CONTENT="men"/><SP WIDTH="22" VPOS="235" HPOS="414"/>
							<String ID="string_36" HPOS="436" VPOS="228" WIDTH="91" HEIGHT="22" WC="0.92" CONTENT="alldeles"/><SP WIDTH="24" VPOS="228" HPOS="527"/>
							<String ID="string_37" HPOS="551" VPOS="229" WIDTH="50" HEIGHT="21" WC="0.96" CONTENT="icke"/><SP WIDTH="25" VPOS="229" HPOS="601"/>
							<String ID="string_38" HPOS="626" VPOS="236" WIDTH="28" HEIGHT="15" WC="0.96" CONTENT="en"/><SP WIDTH="17" VPOS="236" HPOS="654"/>
							<String ID="string_39" HPOS="671" VPOS="229" WIDTH="88" HEIGHT="27" WC="0.96" CONTENT="allmän,"/><SP WIDTH="17" VPOS="229" HPOS="759"/>
							<String ID="string_40" HPOS="776" VPOS="228" WIDTH="39" HEIGHT="22" WC="0.96" CONTENT="för"/><SP WIDTH="16" VPOS="228" HPOS="815"/>
							<String ID="string_41" HPOS="831" VPOS="229" WIDTH="52" HEIGHT="21" WC="0.96" CONTENT="hela"/><SP WIDTH="15" VPOS="229" HPOS="883"/>
							<String ID="string_42" HPOS="898" VPOS="229" WIDTH="76" HEIGHT="21" WC="0.93" CONTENT="landet"/><SP WIDTH="15" VPOS="229" HPOS="974"/>
							<String ID="string_43" HPOS="989" VPOS="228" WIDTH="41" HEIGHT="22" WC="0.92" CONTENT="lik-"/>
						</TextLine>
						<TextLine ID="line_5" HPOS="205" VPOS="257" WIDTH="238" HEIGHT="29">
							<String ID="string_44" HPOS="205" VPOS="257" WIDTH="84" HEIGHT="29" WC="0.90" CONTENT="formig"/><SP WIDTH="15" VPOS="257" HPOS="289"/>
							<String ID="string_45" HPOS="304" VPOS="258" WIDTH="139" HEIGHT="28" WC="0.90" CONTENT="förbudslag."/>
						</TextLine>
					</TextBlock>
					<TextBlock ID="block_2" HPOS="205" VPOS="288" WIDTH="829" HEIGHT="596">
						<TextLine ID="line_6" HPOS="277" VPOS="288" WIDTH="754" HEIGHT="29">
							<String ID="string_46" HPOS="277" VPOS="288" WIDTH="45" HEIGHT="28" WC="0.96" CONTENT="Jag"/><SP WIDTH="14" VPOS="288" HPOS="322"/>
							<String ID="string_47" HPOS="336" VPOS="288" WIDTH="46" HEIGHT="21" WC="0.96" CONTENT="kan"/><SP WIDTH="15" VPOS="288" HPOS="382"/>
							<String ID="string_48" HPOS="397" VPOS="288" WIDTH="93" HEIGHT="21" WC="0.96" CONTENT="sålunda"/><SP WIDTH="15" VPOS="288" HPOS="490"/>
							<String ID="string_49" HPOS="505" VPOS="288" WIDTH="50" HEIGHT="22" WC="0.96" CONTENT="icke"/><SP WIDTH="17" VPOS="288" HPOS="555"/>
							<String ID="string_50" HPOS="572" VPOS="295" WIDTH="55" HEIGHT="14" WC="0.96" CONTENT="vara"/><SP WIDTH="16" VPOS="295" HPOS="627"/>
							<String ID="string_51" HPOS="643" VPOS="289" WIDTH="51" HEIGHT="21" WC="0.96" CONTENT="med"/><SP WIDTH="17" VPOS="289" HPOS="694"/>
							<String ID="string_52" HPOS="711" VPOS="295" WIDTH="36" HEIGHT="15" WC="0.96" CONTENT="om"/><SP WIDTH="16" VPOS="295" HPOS="747"/>
							<String ID="string_53" HPOS="763" VPOS="289" WIDTH="32" HEIGHT="21" WC="0.96" CONTENT="att"/><SP WIDTH="16" VPOS="289" HPOS="795"/>
							<String ID="string_54" HPOS="811" VPOS="288" WIDTH="121" HEIGHT="29" WC="0.93" CONTENT="godkänna"/><SP WIDTH="15" VPOS="288" HPOS="932"/>
							<String ID="string_55" HPOS="947" VPOS="288" WIDTH="84" HEIGHT="22" WC="0.92" CONTENT="bonde-"/>
						</TextLine>
						<TextLine ID="line_7" HPOS="205" VPOS="317" WIDTH="826" HEIGHT="30">
							<String ID="string_56" HPOS="205" VPOS="317" WIDTH="99" HEIGHT="22" WC="0.91" CONTENT="ståndets"/><SP WIDTH="23" VPOS="317" HPOS="304"/>
							<String ID="string_57" HPOS="327" VPOS="317" WIDTH="113" HEIGHT="28" WC="0.95" CONTENT="inbjudan,"/><SP WIDTH="25" VPOS="317" HPOS="440"/>
							<String ID="string_58" HPOS="465" VPOS="318" WIDTH="42" HEIGHT="21" WC="0.96" CONTENT="och"/><SP WIDTH="23" VPOS="318" HPOS="507"/>
							<String ID="string_59" HPOS="530" VPOS="325" WIDTH="37" HEIGHT="14" WC="0.96" CONTENT="om"/><SP WIDTH="20" VPOS="325" HPOS="567"/>
							<String ID="string_60" HPOS="587" VPOS="318" WIDTH="90" HEIGHT="21" WC="0.95" CONTENT="ståndet"/><SP WIDTH="16" VPOS="318" HPOS="677"/>
							<String ID="string_61" HPOS="693" VPOS="318" WIDTH="70" HEIGHT="22" WC="0.96" CONTENT="skulle"/><SP WIDTH="17" VPOS="318" HPOS="763"/>
							<String ID="string_62" HPOS="780" VPOS="325" WIDTH="53" HEIGHT="15" WC="0.96" CONTENT="anse"/><SP WIDTH="16" VPOS="325" HPOS="833"/>
							<String ID="string_63" HPOS="849" VPOS="319" WIDTH="35" HEIGHT="28" WC="0.96" CONTENT="sig"/><SP WIDTH="15" VPOS="319" HPOS="884"/>
							<String ID="string_64" HPOS="899" VPOS="318" WIDTH="84" HEIGHT="21" WC="0.96" CONTENT="bundet"/><SP WIDTH="16" VPOS="318" HPOS="983"/>
							<String ID="string_65" HPOS="999" VPOS="319" WIDTH="32" HEIGHT="20" WC="0.96" CONTENT="att"/>
						</TextLine>
						<TextLine ID="line_8" HPOS="206" VPOS="347" WIDTH="825" HEIGHT="29">
							<String ID="string_66" HPOS="206" VPOS="347" WIDTH="107" HEIGHT="28" WC="0.96" CONTENT="antingen"/><SP WIDTH="21" VPOS="347" HPOS="313"/>
							<String ID="string_67" HPOS="334" VPOS="349" WIDTH="82" HEIGHT="27" WC="0.96" CONTENT="antaga"/><SP WIDTH="18" VPOS="349" HPOS="416"/>
							<String ID="string_68" HPOS="434" VPOS="347" WIDTH="54" HEIGHT="22" WC="0.95" CONTENT="eller"/><SP WIDTH="16" VPOS="347" HPOS="488"/>
							<String ID="string_69" HPOS="504" VPOS="347" WIDTH="105" HEIGHT="22" WC="0.96" CONTENT="förkasta"/><SP WIDTH="15" VPOS="347" HPOS="609"/>
							<String ID="string_70" HPOS="624" VPOS="348" WIDTH="73" HEIGHT="22" WC="0.96" CONTENT="denna"/><SP WIDTH="16" VPOS="348" HPOS="697"/>
							<String ID="string_71" HPOS="713" VPOS="348" WIDTH="114" HEIGHT="28" WC="0.96" CONTENT="inbjudan,"/><SP WIDTH="17" VPOS="348" HPOS="827"/>
							<String ID="string_72" HPOS="844" VPOS="348" WIDTH="71" HEIGHT="21" WC="0.96" CONTENT="skulle"/><SP WIDTH="14" VPOS="348" HPOS="915"/>
							<String ID="string_73" HPOS="929" VPOS="348" WIDTH="40" HEIGHT="28" WC="0.92" CONTENT="jag"/><SP WIDTH="16" VPOS="348" HPOS="969"/>
							<String ID="string_74" HPOS="985" VPOS="347" WIDTH="46" HEIGHT="22" WC="0.92" CONTENT="för-"/>
						</TextLine>
						<TextLine ID="line_9" HPOS="206" VPOS="377" WIDTH="825" HEIGHT="30">
							<String ID="string_75" HPOS="206" VPOS="384" WIDTH="44" HEIGHT="15" WC="0.96" CONTENT="ena"/><SP WIDTH="22" VPOS="384" HPOS="250"/>
							<String ID="string_76" HPOS="272" VPOS="377" WIDTH="48" HEIGHT="28" WC="0.96" CONTENT="mig"/><SP WIDTH="15" VPOS="377" HPOS="320"/>
							<String ID="string_77" HPOS="335" VPOS="384" WIDTH="36" HEIGHT="15" WC="0.96" CONTENT="om"/><SP WIDTH="16" VPOS="384" HPOS="371"/>
							<String ID="string_78" HPOS="387" VPOS="377" WIDTH="111" HEIGHT="29" WC="0.95" CONTENT="professor"/><SP WIDTH="15" VPOS="377" HPOS="498"/>
							<String ID="string_79" HPOS="513" VPOS="377" WIDTH="104" HEIGHT="22" WC="0.96" CONTENT="Donners"/><SP WIDTH="16" VPOS="377" HPOS="617"/>
							<String ID="string_80" HPOS="633" VPOS="377" WIDTH="95" HEIGHT="30" WC="0.95" CONTENT="förslag,"/><SP WIDTH="18" VPOS="377" HPOS="728"/>
							<String ID="string_81" HPOS="746" VPOS="385" WIDTH="46" HEIGHT="14" WC="0.96" CONTENT="som"/><SP WIDTH="18" VPOS="385" HPOS="792"/>
							<String ID="string_82" HPOS="810" VPOS="378" WIDTH="94" HEIGHT="21" WC="0.96" CONTENT="innebär"/><SP WIDTH="15" VPOS="378" HPOS="904"/>
							<String ID="string_83" HPOS="919" VPOS="379" WIDTH="32" HEIGHT="20" WC="0.93" CONTENT="ett"/><SP WIDTH="16" VPOS="379" HPOS="951"/>
							<String ID="string_84" HPOS="967" VPOS="378" WIDTH="64" HEIGHT="21" WC="0.92" CONTENT="moti-"/>
						</TextLine>
						<TextLine ID="line_10" HPOS="206" VPOS="406" WIDTH="826" HEIGHT="30">
							<String ID="string_85" HPOS="206" VPOS="407" WIDTH="79" HEIGHT="22" WC="0.92" CONTENT="veradt"/><SP WIDTH="21" VPOS="407" HPOS="285"/>
							<String ID="string_86" HPOS="306" VPOS="406" WIDTH="126" HEIGHT="29" WC="0.92" CONTENT="afböjande."/><SP WIDTH="31" VPOS="406" HPOS="432"/>
							<String ID="string_87" HPOS="463" VPOS="407" WIDTH="51" HEIGHT="22" WC="0.96" CONTENT="Men"/><SP WIDTH="26" VPOS="407" HPOS="514"/>
							<String ID="string_88" HPOS="540" VPOS="415" WIDTH="36" HEIGHT="14" WC="0.95" CONTENT="om"/><SP WIDTH="25" VPOS="415" HPOS="576"/>
							<String ID="string_89" HPOS="601" VPOS="408" WIDTH="88" HEIGHT="21" WC="0.95" CONTENT="ståndet"/><SP WIDTH="21" VPOS="408" HPOS="689"/>
							<String ID="string_90" HPOS="710" VPOS="415" WIDTH="65" HEIGHT="14" WC="0.96" CONTENT="anser"/><SP WIDTH="16" VPOS="415" HPOS="775"/>
							<String ID="string_91" HPOS="791" VPOS="408" WIDTH="34" HEIGHT="28" WC="0.96" CONTENT="sig"/><SP WIDTH="16" VPOS="408" HPOS="825"/>
							<String ID="string_92" HPOS="841" VPOS="408" WIDTH="76" HEIGHT="21" WC="0.93" CONTENT="kunna"/><SP WIDTH="16" VPOS="408" HPOS="917"/>
							<String ID="string_93" HPOS="933" VPOS="409" WIDTH="99" HEIGHT="27" WC="0.92" CONTENT="upptaga"/>
						</TextLine>
						<TextLine ID="line_11" HPOS="206" VPOS="436" WIDTH="825" HEIGHT="30">
							<String ID="string_94" HPOS="206" VPOS="444" WIDTH="46" HEIGHT="21" WC="0.96" CONTENT="nya"/><SP WIDTH="15" VPOS="444" HPOS="252"/>
							<String ID="string_95" HPOS="267" VPOS="436" WIDTH="94" HEIGHT="29" WC="0.96" CONTENT="förslag,"/><SP WIDTH="17" VPOS="436" HPOS="361"/>
							<String ID="string_96" HPOS="378" VPOS="444" WIDTH="47" HEIGHT="15" WC="0.96" CONTENT="som"/><SP WIDTH="16" VPOS="444" HPOS="425"/>
							<String ID="string_97" HPOS="441" VPOS="437" WIDTH="107" HEIGHT="22" WC="0.93" CONTENT="innebära"/><SP WIDTH="17" VPOS="437" HPOS="548"/>
							<String ID="string_98" HPOS="565" VPOS="438" WIDTH="101" HEIGHT="21" WC="0.92" CONTENT="hvarken"/><SP WIDTH="16" VPOS="438" HPOS="666"/>
							<String ID="string_99" HPOS="682" VPOS="439" WIDTH="31" HEIGHT="20" WC="0.92" CONTENT="ett"/><SP WIDTH="17" VPOS="439" HPOS="713"/>
							<String ID="string_100" HPOS="730" VPOS="437" WIDTH="121" HEIGHT="28" WC="0.91" CONTENT="afböjande"/><SP WIDTH="17" VPOS="437" HPOS="851"/>
							<String ID="string_101" HPOS="868" VPOS="437" WIDTH="54" HEIGHT="22" WC="0.96" CONTENT="eller"/><SP WIDTH="13" VPOS="437" HPOS="922"/>
							<String ID="string_102" HPOS="935" VPOS="439" WIDTH="31" HEIGHT="20" WC="0.93" CONTENT="ett"/><SP WIDTH="11" VPOS="439" HPOS="966"/>
							<String ID="string_103" HPOS="977" VPOS="437" WIDTH="54" HEIGHT="29" WC="0.91" CONTENT="god-"/>
						</TextLine>
						<TextLine ID="line_12" HPOS="207" VPOS="466" WIDTH="824" HEIGHT="30">
							<String ID="string_104" HPOS="207" VPOS="467" WIDTH="118" HEIGHT="22" WC="0.92" CONTENT="kännande"/><SP WIDTH="24" VPOS="467" HPOS="325"/>
							<String ID="string_105" HPOS="349" VPOS="466" WIDTH="25" HEIGHT="22" WC="0.93" CONTENT="af"/><SP WIDTH="20" VPOS="466" HPOS="374"/>
							<String ID="string_106" HPOS="394" VPOS="467" WIDTH="169" HEIGHT="29" WC="0.91" CONTENT="inbjudningen,"/><SP WIDTH="17" VPOS="467" HPOS="563"/>
							<String ID="string_107" HPOS="580" VPOS="474" WIDTH="53" HEIGHT="15" WC="0.96" CONTENT="vore"/><SP WIDTH="14" VPOS="474" HPOS="633"/>
							<String ID="string_108" HPOS="647" VPOS="468" WIDTH="41" HEIGHT="28" WC="0.96" CONTENT="jag"/><SP WIDTH="15" VPOS="468" HPOS="688"/>
							<String ID="string_109" HPOS="703" VPOS="468" WIDTH="104" HEIGHT="28" WC="0.96" CONTENT="benägen"/><SP WIDTH="16" VPOS="468" HPOS="807"/>
							<String ID="string_110" HPOS="823" VPOS="469" WIDTH="32" HEIGHT="20" WC="0.96" CONTENT="att"/><SP WIDTH="15" VPOS="469" HPOS="855"/>
							<String ID="string_111" HPOS="870" VPOS="469" WIDTH="99" HEIGHT="20" WC="0.92" CONTENT="närmast"/><SP WIDTH="16" VPOS="469" HPOS="969"/>
							<String ID="string_112" HPOS="985" VPOS="467" WIDTH="46" HEIGHT="22" WC="0.91" CONTENT="för-"/>
						</TextLine>
						<TextLine ID="line_13" HPOS="207" VPOS="497" WIDTH="824" HEIGHT="29">
							<String ID="string_113" HPOS="207" VPOS="503" WIDTH="43" HEIGHT="15" WC="0.96" CONTENT="ena"/><SP WIDTH="23" VPOS="503" HPOS="250"/>
							<String ID="string_114" HPOS="273" VPOS="497" WIDTH="47" HEIGHT="28" WC="0.96" CONTENT="mig"/><SP WIDTH="24" VPOS="497" HPOS="320"/>
							<String ID="string_115" HPOS="344" VPOS="503" WIDTH="36" HEIGHT="16" WC="0.96" CONTENT="om"/><SP WIDTH="24" VPOS="503" HPOS="380"/>
							<String ID="string_116" HPOS="404" VPOS="497" WIDTH="51" HEIGHT="22" WC="0.93" CONTENT="herr"/><SP WIDTH="15" VPOS="497" HPOS="455"/>
							<String ID="string_117" HPOS="470" VPOS="497" WIDTH="136" HEIGHT="22" WC="0.92" CONTENT="Forsströms"/><SP WIDTH="16" VPOS="497" HPOS="606"/>
							<String ID="string_118" HPOS="622" VPOS="497" WIDTH="93" HEIGHT="29" WC="0.93" CONTENT="förslag,"/><SP WIDTH="18" VPOS="497" HPOS="715"/>
							<String ID="string_119" HPOS="733" VPOS="498" WIDTH="20" HEIGHT="21" WC="0.91" CONTENT="d."/><SP WIDTH="18" VPOS="498" HPOS="753"/>
							<String ID="string_120" HPOS="771" VPOS="505" WIDTH="20" HEIGHT="14" WC="0.91" CONTENT="v."/><SP WIDTH="17" VPOS="505" HPOS="791"/>
							<String ID="string_121" HPOS="808" VPOS="505" WIDTH="16" HEIGHT="14" WC="0.92" CONTENT="s."/><SP WIDTH="18" VPOS="505" HPOS="824"/>
							<String ID="string_122" HPOS="842" VPOS="504" WIDTH="36" HEIGHT="15" WC="0.96" CONTENT="om"/><SP WIDTH="17" VPOS="504" HPOS="878"/>
							<String ID="string_123" HPOS="895" VPOS="504" WIDTH="27" HEIGHT="15" WC="0.96" CONTENT="en"/><SP WIDTH="16" VPOS="504" HPOS="922"/>
							<String ID="string_124" HPOS="938" VPOS="497" WIDTH="93" HEIGHT="29" WC="0.96" CONTENT="petition"/>
						</TextLine>
						<TextLine ID="line_14" HPOS="207" VPOS="527" WIDTH="824" HEIGHT="28">
							<String ID="string_125" HPOS="207" VPOS="527" WIDTH="95" HEIGHT="22" WC="0.96" CONTENT="rörande"/><SP WIDTH="16" VPOS="527" HPOS="302"/>
							<String ID="string_126" HPOS="318" VPOS="527" WIDTH="108" HEIGHT="28" WC="0.96" CONTENT="utvidgad"/><SP WIDTH="15" VPOS="527" HPOS="426"/>
							<String ID="string_127" HPOS="441" VPOS="527" WIDTH="107" HEIGHT="28" WC="0.96" CONTENT="rättighet"/><SP WIDTH="15" VPOS="527" HPOS="548"/>
							<String ID="string_128" HPOS="563" VPOS="527" WIDTH="39" HEIGHT="22" WC="0.96" CONTENT="för"/><SP WIDTH="11" VPOS="527" HPOS="602"/>
							<String ID="string_129" HPOS="613" VPOS="527" WIDTH="162" HEIGHT="22" WC="0.96" CONTENT="kommunerna"/><SP WIDTH="11" VPOS="527" HPOS="775"/>
							<String ID="string_130" HPOS="786" VPOS="529" WIDTH="32" HEIGHT="20" WC="0.96" CONTENT="att"/><SP WIDTH="10" VPOS="529" HPOS="818"/>
							<String ID="string_131" HPOS="828" VPOS="527" WIDTH="92" HEIGHT="28" WC="0.92" CONTENT="vidtaga"/><SP WIDTH="11" VPOS="527" HPOS="920"/>
							<String ID="string_132" HPOS="931" VPOS="527" WIDTH="100" HEIGHT="22" WC="0.92" CONTENT="inskrän-"/>
						</TextLine>
						<TextLine ID="line_15" HPOS="207" VPOS="556" WIDTH="825" HEIGHT="29">
							<String ID="string_133" HPOS="207" VPOS="557" WIDTH="74" HEIGHT="21" WC="0.95" CONTENT="kande"/><SP WIDTH="23" VPOS="557" HPOS="281"/>
							<String ID="string_134" HPOS="304" VPOS="557" WIDTH="110" HEIGHT="28" WC="0.95" CONTENT="åtgärder."/><SP WIDTH="33" VPOS="557" HPOS="414"/>
							<String ID="string_135" HPOS="447" VPOS="557" WIDTH="95" HEIGHT="28" WC="0.94" CONTENT="Frågan,"/><SP WIDTH="24" VPOS="557" HPOS="542"/>
							<String ID="string_136" HPOS="566" VPOS="557" WIDTH="57" HEIGHT="22" WC="0.95" CONTENT="huru"/><SP WIDTH="23" VPOS="557" HPOS="623"/>
							<String ID="string_137" HPOS="646" VPOS="557" WIDTH="88" HEIGHT="22" WC="0.95" CONTENT="ståndet"/><SP WIDTH="16" VPOS="557" HPOS="734"/>
							<String ID="string_138" HPOS="750" VPOS="557" WIDTH="45" HEIGHT="22" WC="0.97" CONTENT="kan"/><SP WIDTH="16" VPOS="557" HPOS="795"/>
							<String ID="string_139" HPOS="811" VPOS="557" WIDTH="42" HEIGHT="22" WC="0.96" CONTENT="och"/><SP WIDTH="13" VPOS="557" HPOS="853"/>
							<String ID="string_140" HPOS="866" VPOS="557" WIDTH="41" HEIGHT="22" WC="0.93" CONTENT="bör"/><SP WIDTH="15" VPOS="557" HPOS="907"/>
							<String ID="string_141" HPOS="922" VPOS="556" WIDTH="87" HEIGHT="23" WC="0.91" CONTENT="förfara"/><SP WIDTH="16" VPOS="556" HPOS="1009"/>
							<String ID="string_142" HPOS="1025" VPOS="557" WIDTH="7" HEIGHT="21" WC="0.96" CONTENT="i"/>
						</TextLine>
						<TextLine ID="line_16" HPOS="208" VPOS="586" WIDTH="823" HEIGHT="29">
							<String ID="string_143" HPOS="208" VPOS="588" WIDTH="32" HEIGHT="20" WC="0.96" CONTENT="ett"/><SP WIDTH="15" VPOS="588" HPOS="240"/>
							<String ID="string_144" HPOS="255" VPOS="586" WIDTH="40" HEIGHT="22" WC="0.96" CONTENT="fall"/><SP WIDTH="15" VPOS="586" HPOS="295"/>
							<String ID="string_145" HPOS="310" VPOS="587" WIDTH="79" HEIGHT="21" WC="0.96" CONTENT="sådant"/><SP WIDTH="15" VPOS="587" HPOS="389"/>
							<String ID="string_146" HPOS="404" VPOS="593" WIDTH="48" HEIGHT="16" WC="0.97" CONTENT="som"/><SP WIDTH="16" VPOS="593" HPOS="452"/>
							<String ID="string_147" HPOS="468" VPOS="587" WIDTH="66" HEIGHT="26" WC="0.96" CONTENT="detta,"/><SP WIDTH="18" VPOS="587" HPOS="534"/>
							<String ID="string_148" HPOS="552" VPOS="590" WIDTH="25" HEIGHT="19" WC="0.96" CONTENT="är"/><SP WIDTH="15" VPOS="590" HPOS="577"/>
							<String ID="string_149" HPOS="592" VPOS="588" WIDTH="52" HEIGHT="21" WC="0.96" CONTENT="svår"/><SP WIDTH="16" VPOS="588" HPOS="644"/>
							<String ID="string_150" HPOS="660" VPOS="589" WIDTH="33" HEIGHT="20" WC="0.93" CONTENT="att"/><SP WIDTH="16" VPOS="589" HPOS="693"/>
							<String ID="string_151" HPOS="709" VPOS="586" WIDTH="78" HEIGHT="29" WC="0.92" CONTENT="afgöra"/><SP WIDTH="16" VPOS="586" HPOS="787"/>
							<String ID="string_152" HPOS="803" VPOS="589" WIDTH="29" HEIGHT="26" WC="0.96" CONTENT="pä"/><SP WIDTH="13" VPOS="589" HPOS="832"/>
							<String ID="string_153" HPOS="845" VPOS="587" WIDTH="73" HEIGHT="28" WC="0.96" CONTENT="grund"/><SP WIDTH="11" VPOS="587" HPOS="918"/>
							<String ID="string_154" HPOS="929" VPOS="586" WIDTH="24" HEIGHT="22" WC="0.79" CONTENT="af"/><SP WIDTH="8" VPOS="586" HPOS="953"/>
							<String ID="string_155" HPOS="961" VPOS="587" WIDTH="24" HEIGHT="21" WC="0.79" CONTENT="L."/><SP WIDTH="13" VPOS="587" HPOS="985"/>
							<String ID="string_156" HPOS="998" VPOS="586" WIDTH="33" HEIGHT="26" WC="0.70" CONTENT="O,"/>
						</TextLine>
						<TextLine ID="line_17" HPOS="208" VPOS="616" WIDTH="823" HEIGHT="29">
							<String ID="string_157" HPOS="208" VPOS="617" WIDTH="28" HEIGHT="21" WC="0.92" CONTENT="då"/><SP WIDTH="24" VPOS="617" HPOS="236"/>
							<String ID="string_158" HPOS="260" VPOS="616" WIDTH="147" HEIGHT="22" WC="0.89" CONTENT="öfverhufvud"/><SP WIDTH="21" VPOS="616" HPOS="407"/>
							<String ID="string_159" HPOS="428" VPOS="617" WIDTH="159" HEIGHT="28" WC="0.96" CONTENT="inbjudningar"/><SP WIDTH="23" VPOS="617" HPOS="587"/>
							<String ID="string_160" HPOS="610" VPOS="617" WIDTH="95" HEIGHT="22" WC="0.95" CONTENT="stånden"/><SP WIDTH="24" VPOS="617" HPOS="705"/>
							<String ID="string_161" HPOS="729" VPOS="617" WIDTH="95" HEIGHT="22" WC="0.94" CONTENT="emellan"/><SP WIDTH="22" VPOS="617" HPOS="824"/>
							<String ID="string_162" HPOS="846" VPOS="620" WIDTH="39" HEIGHT="19" WC="0.96" CONTENT="äro"/><SP WIDTH="16" VPOS="620" HPOS="885"/>
							<String ID="string_163" HPOS="901" VPOS="617" WIDTH="130" HEIGHT="28" WC="0.96" CONTENT="någonting,"/>
						</TextLine>
						<TextLine ID="line_18" HPOS="208" VPOS="646" WIDTH="824" HEIGHT="29">
							<String ID="string_164" HPOS="208" VPOS="653" WIDTH="48" HEIGHT="15" WC="0.91" CONTENT="som"/><SP WIDTH="24" VPOS="653" HPOS="256"/>
							<String ID="string_165" HPOS="280" VPOS="646" WIDTH="194" HEIGHT="29" WC="0.91" CONTENT="landtdagspraxis"/><SP WIDTH="22" VPOS="646" HPOS="474"/>
							<String ID="string_166" HPOS="496" VPOS="647" WIDTH="121" HEIGHT="26" WC="0.96" CONTENT="utvecklat,"/><SP WIDTH="25" VPOS="647" HPOS="617"/>
							<String ID="string_167" HPOS="642" VPOS="654" WIDTH="51" HEIGHT="15" WC="0.96" CONTENT="men"/><SP WIDTH="24" VPOS="654" HPOS="693"/>
							<String ID="string_168" HPOS="717" VPOS="654" WIDTH="48" HEIGHT="15" WC="0.94" CONTENT="som"/><SP WIDTH="24" VPOS="654" HPOS="765"/>
							<String ID="string_169" HPOS="789" VPOS="647" WIDTH="49" HEIGHT="22" WC="0.94" CONTENT="icke"/><SP WIDTH="16" VPOS="647" HPOS="838"/>
							<String ID="string_170" HPOS="854" VPOS="647" WIDTH="7" HEIGHT="21" WC="0.92" CONTENT="i"/><SP WIDTH="17" VPOS="647" HPOS="861"/>
							<String ID="string_171" HPOS="878" VPOS="647" WIDTH="23" HEIGHT="21" WC="0.95" CONTENT="L."/><SP WIDTH="18" VPOS="647" HPOS="901"/>
							<String ID="string_172" HPOS="919" VPOS="646" WIDTH="25" HEIGHT="22" WC="0.93" CONTENT="O."/><SP WIDTH="17" VPOS="646" HPOS="944"/>
							<String ID="string_173" HPOS="961" VPOS="646" WIDTH="71" HEIGHT="22" WC="0.96" CONTENT="finnes"/>
						</TextLine>
						<TextLine ID="line_19" HPOS="208" VPOS="675" WIDTH="824" HEIGHT="30">
							<String ID="string_174" HPOS="208" VPOS="675" WIDTH="112" HEIGHT="22" WC="0.96" CONTENT="förutsatt."/><SP WIDTH="32" VPOS="675" HPOS="320"/>
							<String ID="string_175" HPOS="352" VPOS="676" WIDTH="79" HEIGHT="22" WC="0.96" CONTENT="Såsom"/><SP WIDTH="24" VPOS="676" HPOS="431"/>
							<String ID="string_176" HPOS="455" VPOS="677" WIDTH="51" HEIGHT="22" WC="0.96" CONTENT="herr"/><SP WIDTH="22" VPOS="677" HPOS="506"/>
							<String ID="string_177" HPOS="528" VPOS="677" WIDTH="139" HEIGHT="22" WC="0.94" CONTENT="Talmannen"/><SP WIDTH="17" VPOS="677" HPOS="667"/>
							<String ID="string_178" HPOS="684" VPOS="676" WIDTH="112" HEIGHT="29" WC="0.96" CONTENT="uppfattat"/><SP WIDTH="15" VPOS="676" HPOS="796"/>
							<String ID="string_179" HPOS="811" VPOS="677" WIDTH="76" HEIGHT="26" WC="0.96" CONTENT="saken,"/><SP WIDTH="16" VPOS="677" HPOS="887"/>
							<String ID="string_180" HPOS="903" VPOS="683" WIDTH="54" HEIGHT="15" WC="0.93" CONTENT="vore"/><SP WIDTH="16" VPOS="683" HPOS="957"/>
							<String ID="string_181" HPOS="973" VPOS="677" WIDTH="59" HEIGHT="21" WC="0.92" CONTENT="stån-"/>
						</TextLine>
						<TextLine ID="line_20" HPOS="208" VPOS="705" WIDTH="824" HEIGHT="30">
							<String ID="string_182" HPOS="208" VPOS="706" WIDTH="38" HEIGHT="21" WC="0.93" CONTENT="det"/><SP WIDTH="16" VPOS="706" HPOS="246"/>
							<String ID="string_183" HPOS="262" VPOS="705" WIDTH="158" HEIGHT="23" WC="0.92" CONTENT="oförhindradt"/><SP WIDTH="16" VPOS="705" HPOS="420"/>
							<String ID="string_184" HPOS="436" VPOS="707" WIDTH="32" HEIGHT="21" WC="0.96" CONTENT="att"/><SP WIDTH="15" VPOS="707" HPOS="468"/>
							<String ID="string_185" HPOS="483" VPOS="706" WIDTH="56" HEIGHT="22" WC="0.96" CONTENT="fatta"/><SP WIDTH="16" VPOS="706" HPOS="539"/>
							<String ID="string_186" HPOS="555" VPOS="708" WIDTH="31" HEIGHT="21" WC="0.96" CONTENT="ett"/><SP WIDTH="17" VPOS="708" HPOS="586"/>
							<String ID="string_187" HPOS="603" VPOS="707" WIDTH="92" HEIGHT="22" WC="0.95" CONTENT="alldeles"/><SP WIDTH="16" VPOS="707" HPOS="695"/>
							<String ID="string_188" HPOS="711" VPOS="708" WIDTH="40" HEIGHT="27" WC="0.96" CONTENT="nyt"/><SP WIDTH="15" VPOS="708" HPOS="751"/>
							<String ID="string_189" HPOS="766" VPOS="707" WIDTH="79" HEIGHT="21" WC="0.94" CONTENT="beslut."/><SP WIDTH="30" VPOS="707" HPOS="845"/>
							<String ID="string_190" HPOS="875" VPOS="706" WIDTH="94" HEIGHT="28" WC="0.96" CONTENT="Följden"/><SP WIDTH="10" VPOS="706" HPOS="969"/>
							<String ID="string_191" HPOS="979" VPOS="713" WIDTH="53" HEIGHT="15" WC="0.96" CONTENT="vore"/>
						</TextLine>
						<TextLine ID="line_21" HPOS="207" VPOS="735" WIDTH="826" HEIGHT="30">
							<String ID="string_192" HPOS="207" VPOS="736" WIDTH="38" HEIGHT="21" WC="0.96" CONTENT="väl"/><SP WIDTH="16" VPOS="736" HPOS="245"/>
							<String ID="string_193" HPOS="261" VPOS="736" WIDTH="35" HEIGHT="26" WC="0.96" CONTENT="då,"/><SP WIDTH="16" VPOS="736" HPOS="296"/>
							<String ID="string_194" HPOS="312" VPOS="737" WIDTH="33" HEIGHT="20" WC="0.96" CONTENT="att"/><SP WIDTH="15" VPOS="737" HPOS="345"/>
							<String ID="string_195" HPOS="360" VPOS="736" WIDTH="28" HEIGHT="22" WC="0.96" CONTENT="de"/><SP WIDTH="16" VPOS="736" HPOS="388"/>
							<String ID="string_196" HPOS="404" VPOS="735" WIDTH="72" HEIGHT="30" WC="0.96" CONTENT="öfriga"/><SP WIDTH="15" VPOS="735" HPOS="476"/>
							<String ID="string_197" HPOS="491" VPOS="737" WIDTH="93" HEIGHT="22" WC="0.96" CONTENT="stånden"/><SP WIDTH="16" VPOS="737" HPOS="584"/>
							<String ID="string_198" HPOS="600" VPOS="737" WIDTH="70" HEIGHT="22" WC="0.93" CONTENT="borde"/><SP WIDTH="16" VPOS="737" HPOS="670"/>
							<String ID="string_199" HPOS="686" VPOS="737" WIDTH="103" HEIGHT="28" WC="0.91" CONTENT="inbjudas"/><SP WIDTH="17" VPOS="737" HPOS="789"/>
							<String ID="string_200" HPOS="806" VPOS="738" WIDTH="32" HEIGHT="20" WC="0.96" CONTENT="att"/><SP WIDTH="15" VPOS="738" HPOS="838"/>
							<String ID="string_201" HPOS="853" VPOS="735" WIDTH="82" HEIGHT="23" WC="0.96" CONTENT="förena"/><SP WIDTH="16" VPOS="735" HPOS="935"/>
							<String ID="string_202" HPOS="951" VPOS="736" WIDTH="34" HEIGHT="29" WC="0.96" CONTENT="sig"/><SP WIDTH="11" VPOS="736" HPOS="985"/>
							<String ID="string_203" HPOS="996" VPOS="743" WIDTH="37" HEIGHT="15" WC="0.96" CONTENT="om"/>
						</TextLine>
						<TextLine ID="line_22" HPOS="208" VPOS="766" WIDTH="825" HEIGHT="29">
							<String ID="string_204" HPOS="208" VPOS="766" WIDTH="62" HEIGHT="21" WC="0.96" CONTENT="detta"/><SP WIDTH="23" VPOS="766" HPOS="270"/>
							<String ID="string_205" HPOS="293" VPOS="766" WIDTH="79" HEIGHT="26" WC="0.96" CONTENT="beslut,"/><SP WIDTH="24" VPOS="766" HPOS="372"/>
							<String ID="string_206" HPOS="396" VPOS="767" WIDTH="24" HEIGHT="27" WC="0.96" CONTENT="ty"/><SP WIDTH="23" VPOS="767" HPOS="420"/>
							<String ID="string_207" HPOS="443" VPOS="773" WIDTH="81" HEIGHT="15" WC="0.95" CONTENT="annars"/><SP WIDTH="22" VPOS="773" HPOS="524"/>
							<String ID="string_208" HPOS="546" VPOS="767" WIDTH="46" HEIGHT="21" WC="0.96" CONTENT="kan"/><SP WIDTH="21" VPOS="767" HPOS="592"/>
							<String ID="string_209" HPOS="613" VPOS="767" WIDTH="50" HEIGHT="21" WC="0.96" CONTENT="icke"/><SP WIDTH="16" VPOS="767" HPOS="663"/>
							<String ID="string_210" HPOS="679" VPOS="768" WIDTH="69" HEIGHT="27" WC="0.93" CONTENT="något"/><SP WIDTH="16" VPOS="768" HPOS="748"/>
							<String ID="string_211" HPOS="764" VPOS="766" WIDTH="164" HEIGHT="22" WC="0.91" CONTENT="ständerbeslut"/><SP WIDTH="15" VPOS="766" HPOS="928"/>
							<String ID="string_212" HPOS="943" VPOS="766" WIDTH="90" HEIGHT="21" WC="0.96" CONTENT="komma"/>
						</TextLine>
						<TextLine ID="line_23" HPOS="207" VPOS="795" WIDTH="825" HEIGHT="30">
							<String ID="string_213" HPOS="207" VPOS="795" WIDTH="34" HEIGHT="22" WC="0.96" CONTENT="till"/><SP WIDTH="17" VPOS="795" HPOS="241"/>
							<String ID="string_214" HPOS="258" VPOS="796" WIDTH="71" HEIGHT="21" WC="0.95" CONTENT="stånd."/><SP WIDTH="32" VPOS="796" HPOS="329"/>
							<String ID="string_215" HPOS="361" VPOS="796" WIDTH="76" HEIGHT="21" WC="0.94" CONTENT="Under"/><SP WIDTH="23" VPOS="796" HPOS="437"/>
							<String ID="string_216" HPOS="460" VPOS="796" WIDTH="82" HEIGHT="22" WC="0.96" CONTENT="sådana"/><SP WIDTH="16" VPOS="796" HPOS="542"/>
							<String ID="string_217" HPOS="558" VPOS="795" WIDTH="159" HEIGHT="23" WC="0.96" CONTENT="förhållanden"/><SP WIDTH="16" VPOS="795" HPOS="717"/>
							<String ID="string_218" HPOS="733" VPOS="797" WIDTH="71" HEIGHT="21" WC="0.96" CONTENT="skulle"/><SP WIDTH="14" VPOS="797" HPOS="804"/>
							<String ID="string_219" HPOS="818" VPOS="796" WIDTH="41" HEIGHT="29" WC="0.96" CONTENT="jag"/><SP WIDTH="16" VPOS="796" HPOS="859"/>
							<String ID="string_220" HPOS="875" VPOS="796" WIDTH="28" HEIGHT="22" WC="0.96" CONTENT="be"/><SP WIDTH="16" VPOS="796" HPOS="903"/>
							<String ID="string_221" HPOS="919" VPOS="797" WIDTH="32" HEIGHT="20" WC="0.93" CONTENT="att"/><SP WIDTH="16" VPOS="797" HPOS="951"/>
							<String ID="string_222" HPOS="967" VPOS="803" WIDTH="65" HEIGHT="14" WC="0.92" CONTENT="even-"/>
						</TextLine>
						<TextLine ID="line_24" HPOS="207" VPOS="825" WIDTH="827" HEIGHT="30">
							<String ID="string_223" HPOS="207" VPOS="825" WIDTH="57" HEIGHT="22" WC="0.92" CONTENT="tuelt"/><SP WIDTH="23" VPOS="825" HPOS="264"/>
							<String ID="string_224" HPOS="287" VPOS="825" WIDTH="23" HEIGHT="22" WC="0.96" CONTENT="få"/><SP WIDTH="15" VPOS="825" HPOS="310"/>
							<String ID="string_225" HPOS="325" VPOS="825" WIDTH="80" HEIGHT="22" WC="0.96" CONTENT="förena"/><SP WIDTH="16" VPOS="825" HPOS="405"/>
							<String ID="string_226" HPOS="421" VPOS="826" WIDTH="47" HEIGHT="29" WC="0.96" CONTENT="mig"/><SP WIDTH="16" VPOS="826" HPOS="468"/>
							<String ID="string_227" HPOS="484" VPOS="833" WIDTH="35" HEIGHT="15" WC="0.96" CONTENT="om"/><SP WIDTH="16" VPOS="833" HPOS="519"/>
							<String ID="string_228" HPOS="535" VPOS="827" WIDTH="32" HEIGHT="21" WC="0.96" CONTENT="ett"/><SP WIDTH="15" VPOS="827" HPOS="567"/>
							<String ID="string_229" HPOS="582" VPOS="826" WIDTH="115" HEIGHT="22" WC="0.96" CONTENT="uttalande"/><SP WIDTH="17" VPOS="826" HPOS="697"/>
							<String ID="string_230" HPOS="714" VPOS="827" WIDTH="7" HEIGHT="21" WC="0.96" CONTENT="i"/><SP WIDTH="16" VPOS="827" HPOS="721"/>
							<String ID="string_231" HPOS="737" VPOS="826" WIDTH="43" HEIGHT="22" WC="0.96" CONTENT="den"/><SP WIDTH="16" VPOS="826" HPOS="780"/>
							<String ID="string_232" HPOS="796" VPOS="826" WIDTH="107" HEIGHT="28" WC="0.95" CONTENT="riktning,"/><SP WIDTH="17" VPOS="826" HPOS="903"/>
							<String ID="string_233" HPOS="920" VPOS="833" WIDTH="45" HEIGHT="14" WC="0.96" CONTENT="som"/><SP WIDTH="17" VPOS="833" HPOS="965"/>
							<String ID="string_234" HPOS="982" VPOS="826" WIDTH="52" HEIGHT="21" WC="0.96" CONTENT="herr"/>
						</TextLine>
						<TextLine ID="line_25" HPOS="208" VPOS="855" WIDTH="226" HEIGHT="29">
							<String ID="string_235" HPOS="208" VPOS="855" WIDTH="125" HEIGHT="21" WC="0.96" CONTENT="Forsström"/><SP WIDTH="17" VPOS="855" HPOS="333"/>
							<String ID="string_236" HPOS="350" VPOS="855" WIDTH="84" HEIGHT="29" WC="0.96" CONTENT="gjorde."/>
						</TextLine>
					</TextBlock>
				</ComposedBlock>
				<ComposedBlock ID="cblock_2" HPOS="208" VPOS="914" WIDTH="827" HEIGHT="208">
					<TextBlock ID="block_3" HPOS="208" VPOS="914" WIDTH="827" HEIGHT="208">
						<TextLine ID="line_26" HPOS="280" VPOS="914" WIDTH="754" HEIGHT="29">
							<String ID="string_237" HPOS="280" VPOS="914" WIDTH="92" HEIGHT="22" WC="0.92" CONTENT="Rehtori"/><SP WIDTH="32" VPOS="914" HPOS="372"/>
							<String ID="string_238" HPOS="404" VPOS="916" WIDTH="121" HEIGHT="21" WC="0.93" CONTENT="Forsström:"/><SP WIDTH="32" VPOS="916" HPOS="525"/>
							<String ID="string_239" HPOS="557" VPOS="915" WIDTH="215" HEIGHT="22" WC="0.91" CONTENT="Ponsiehdotukseni"/><SP WIDTH="29" VPOS="915" HPOS="772"/>
							<String ID="string_240" HPOS="801" VPOS="915" WIDTH="20" HEIGHT="22" WC="0.93" CONTENT="ei"/><SP WIDTH="23" VPOS="915" HPOS="821"/>
							<String ID="string_241" HPOS="844" VPOS="914" WIDTH="190" HEIGHT="29" WC="0.88" CONTENT="ymmärtääkseni"/>
						</TextLine>
						<TextLine ID="line_27" HPOS="208" VPOS="944" WIDTH="826" HEIGHT="29">
							<String ID="string_242" HPOS="208" VPOS="944" WIDTH="76" HEIGHT="22" WC="0.96" CONTENT="sisällä"/><SP WIDTH="8" VPOS="944" HPOS="284"/>
							<String ID="string_243" HPOS="292" VPOS="944" WIDTH="113" HEIGHT="22" WC="0.96" CONTENT="kieltävää"/><SP WIDTH="10" VPOS="944" HPOS="405"/>
							<String ID="string_244" HPOS="415" VPOS="946" WIDTH="113" HEIGHT="21" WC="0.93" CONTENT="vastausta"/><SP WIDTH="10" VPOS="946" HPOS="528"/>
							<String ID="string_245" HPOS="538" VPOS="945" WIDTH="236" HEIGHT="28" WC="0.92" CONTENT="talonpoikaissäädyn"/><SP WIDTH="11" VPOS="945" HPOS="774"/>
							<String ID="string_246" HPOS="785" VPOS="945" WIDTH="167" HEIGHT="21" WC="0.92" CONTENT="kehoitukseen."/><SP WIDTH="17" VPOS="945" HPOS="952"/>
							<String ID="string_247" HPOS="969" VPOS="944" WIDTH="65" HEIGHT="22" WC="0.91" CONTENT="Päin-"/>
						</TextLine>
						<TextLine ID="line_28" HPOS="208" VPOS="974" WIDTH="826" HEIGHT="29">
							<String ID="string_248" HPOS="208" VPOS="975" WIDTH="89" HEIGHT="21" WC="0.95" CONTENT="vastoin"/><SP WIDTH="15" VPOS="975" HPOS="297"/>
							<String ID="string_249" HPOS="312" VPOS="974" WIDTH="119" HEIGHT="22" WC="0.96" CONTENT="merkitsee"/><SP WIDTH="11" VPOS="974" HPOS="431"/>
							<String ID="string_250" HPOS="442" VPOS="982" WIDTH="24" HEIGHT="14" WC="0.93" CONTENT="se"/><SP WIDTH="11" VPOS="982" HPOS="466"/>
							<String ID="string_251" HPOS="477" VPOS="976" WIDTH="159" HEIGHT="27" WC="0.93" CONTENT="myönnytystä"/><SP WIDTH="9" VPOS="976" HPOS="636"/>
							<String ID="string_252" HPOS="645" VPOS="975" WIDTH="60" HEIGHT="28" WC="0.93" CONTENT="juuri"/><SP WIDTH="12" VPOS="975" HPOS="705"/>
							<String ID="string_253" HPOS="717" VPOS="974" WIDTH="235" HEIGHT="29" WC="0.92" CONTENT="talonpoikaissäädyn"/><SP WIDTH="10" VPOS="974" HPOS="952"/>
							<String ID="string_254" HPOS="962" VPOS="981" WIDTH="72" HEIGHT="21" WC="0.90" CONTENT="pyyn-"/>
						</TextLine>
						<TextLine ID="line_29" HPOS="209" VPOS="1004" WIDTH="826" HEIGHT="29">
							<String ID="string_255" HPOS="209" VPOS="1006" WIDTH="45" HEIGHT="20" WC="0.96" CONTENT="nön"/><SP WIDTH="22" VPOS="1006" HPOS="254"/>
							<String ID="string_256" HPOS="276" VPOS="1004" WIDTH="175" HEIGHT="22" WC="0.96" CONTENT="tarkoittamaan"/><SP WIDTH="22" VPOS="1004" HPOS="451"/>
							<String ID="string_257" HPOS="473" VPOS="1006" WIDTH="114" HEIGHT="20" WC="0.96" CONTENT="suuntaan."/><SP WIDTH="33" VPOS="1006" HPOS="587"/>
							<String ID="string_258" HPOS="620" VPOS="1005" WIDTH="82" HEIGHT="28" WC="0.96" CONTENT="Yhdyn"/><SP WIDTH="17" VPOS="1005" HPOS="702"/>
							<String ID="string_259" HPOS="719" VPOS="1005" WIDTH="66" HEIGHT="21" WC="0.96" CONTENT="aivan"/><SP WIDTH="16" VPOS="1005" HPOS="785"/>
							<String ID="string_260" HPOS="801" VPOS="1004" WIDTH="146" HEIGHT="28" WC="0.96" CONTENT="täydellisesti"/><SP WIDTH="16" VPOS="1004" HPOS="947"/>
							<String ID="string_261" HPOS="963" VPOS="1004" WIDTH="72" HEIGHT="21" WC="0.96" CONTENT="siihen"/>
						</TextLine>
						<TextLine ID="line_30" HPOS="209" VPOS="1034" WIDTH="826" HEIGHT="28">
							<String ID="string_262" HPOS="209" VPOS="1034" WIDTH="55" HEIGHT="21" WC="0.96" CONTENT="mitä"/><SP WIDTH="15" VPOS="1034" HPOS="264"/>
							<String ID="string_263" HPOS="279" VPOS="1034" WIDTH="84" HEIGHT="22" WC="0.96" CONTENT="rehtori"/><SP WIDTH="15" VPOS="1034" HPOS="363"/>
							<String ID="string_264" HPOS="378" VPOS="1034" WIDTH="114" HEIGHT="22" WC="0.96" CONTENT="Melander"/><SP WIDTH="16" VPOS="1034" HPOS="492"/>
							<String ID="string_265" HPOS="508" VPOS="1035" WIDTH="69" HEIGHT="21" WC="0.96" CONTENT="äsken"/><SP WIDTH="16" VPOS="1035" HPOS="577"/>
							<String ID="string_266" HPOS="593" VPOS="1035" WIDTH="70" HEIGHT="26" WC="0.96" CONTENT="sanoi,"/><SP WIDTH="10" VPOS="1035" HPOS="663"/>
							<String ID="string_267" HPOS="673" VPOS="1036" WIDTH="45" HEIGHT="20" WC="0.97" CONTENT="että"/><SP WIDTH="13" VPOS="1036" HPOS="718"/>
							<String ID="string_268" HPOS="731" VPOS="1034" WIDTH="47" HEIGHT="28" WC="0.96" CONTENT="pitää"/><SP WIDTH="28" VPOS="1034" HPOS="778"/>
							<String ID="string_269" HPOS="806" VPOS="1034" WIDTH="78" HEIGHT="22" WC="0.96" CONTENT="keksiä"/><SP WIDTH="13" VPOS="1034" HPOS="884"/>
							<String ID="string_270" HPOS="897" VPOS="1034" WIDTH="72" HEIGHT="26" WC="0.96" CONTENT="keino,"/><SP WIDTH="10" VPOS="1034" HPOS="969"/>
							<String ID="string_271" HPOS="979" VPOS="1034" WIDTH="56" HEIGHT="28" WC="0.96" CONTENT="jolla"/>
						</TextLine>
						<TextLine ID="line_31" HPOS="209" VPOS="1064" WIDTH="826" HEIGHT="29">
							<String ID="string_272" HPOS="209" VPOS="1064" WIDTH="114" HEIGHT="22" WC="0.96" CONTENT="saataisiin"/><SP WIDTH="21" VPOS="1064" HPOS="323"/>
							<String ID="string_273" HPOS="344" VPOS="1065" WIDTH="62" HEIGHT="21" WC="0.96" CONTENT="tämä"/><SP WIDTH="21" VPOS="1065" HPOS="406"/>
							<String ID="string_274" HPOS="427" VPOS="1064" WIDTH="107" HEIGHT="28" WC="0.96" CONTENT="kysymys"/><SP WIDTH="23" VPOS="1064" HPOS="534"/>
							<String ID="string_275" HPOS="557" VPOS="1064" WIDTH="124" HEIGHT="22" WC="0.93" CONTENT="uudestaan"/><SP WIDTH="24" VPOS="1064" HPOS="681"/>
							<String ID="string_276" HPOS="705" VPOS="1064" WIDTH="229" HEIGHT="29" WC="0.92" CONTENT="päiväjärjestykseen"/><SP WIDTH="14" VPOS="1064" HPOS="934"/>
							<String ID="string_277" HPOS="948" VPOS="1064" WIDTH="24" HEIGHT="28" WC="0.93" CONTENT="ja"/><SP WIDTH="15" VPOS="1064" HPOS="972"/>
							<String ID="string_278" HPOS="987" VPOS="1064" WIDTH="48" HEIGHT="21" WC="0.93" CONTENT="luu-"/>
						</TextLine>
						<TextLine ID="line_32" HPOS="209" VPOS="1093" WIDTH="575" HEIGHT="29">
							<String ID="string_279" HPOS="209" VPOS="1093" WIDTH="37" HEIGHT="21" WC="0.93" CONTENT="len"/><SP WIDTH="16" VPOS="1093" HPOS="246"/>
							<String ID="string_280" HPOS="262" VPOS="1094" WIDTH="166" HEIGHT="22" WC="0.92" CONTENT="ehdottamaani"/><SP WIDTH="16" VPOS="1094" HPOS="428"/>
							<String ID="string_281" HPOS="444" VPOS="1096" WIDTH="78" HEIGHT="26" WC="0.96" CONTENT="pontta"/><SP WIDTH="15" VPOS="1096" HPOS="522"/>
							<String ID="string_282" HPOS="537" VPOS="1094" WIDTH="123" HEIGHT="22" WC="0.96" CONTENT="sellaiseksi"/><SP WIDTH="16" VPOS="1094" HPOS="660"/>
							<String ID="string_283" HPOS="676" VPOS="1094" WIDTH="108" HEIGHT="22" WC="0.97" CONTENT="keinoksi."/>
						</TextLine>
					</TextBlock>
				</ComposedBlock>
				<Illustration ID="cblock_3" HPOS="778" VPOS="1037" WIDTH="13" HEIGHT="13"></Illustration>
				<ComposedBlock ID="cblock_4" HPOS="209" VPOS="1152" WIDTH="827" HEIGHT="208">
					<TextBlock ID="block_4" HPOS="209" VPOS="1152" WIDTH="827" HEIGHT="208">
						<TextLine ID="line_33" HPOS="282" VPOS="1152" WIDTH="753" HEIGHT="30">
							<String ID="string_284" HPOS="282" VPOS="1152" WIDTH="122" HEIGHT="23" WC="0.95" CONTENT="Professori"/><SP WIDTH="24" VPOS="1152" HPOS="404"/>
							<String ID="string_285" HPOS="428" VPOS="1154" WIDTH="87" HEIGHT="22" WC="0.93" CONTENT="Donner:"/><SP WIDTH="31" VPOS="1154" HPOS="515"/>
							<String ID="string_286" HPOS="546" VPOS="1154" WIDTH="36" HEIGHT="21" WC="0.90" CONTENT="Dä"/><SP WIDTH="20" VPOS="1154" HPOS="582"/>
							<String ID="string_287" HPOS="602" VPOS="1155" WIDTH="91" HEIGHT="27" WC="0.93" CONTENT="prosten"/><SP WIDTH="16" VPOS="1155" HPOS="693"/>
							<String ID="string_288" HPOS="709" VPOS="1153" WIDTH="115" HEIGHT="22" WC="0.93" CONTENT="Stenbäck"/><SP WIDTH="16" VPOS="1153" HPOS="824"/>
							<String ID="string_289" HPOS="840" VPOS="1153" WIDTH="130" HEIGHT="21" WC="0.92" CONTENT="understödt"/><SP WIDTH="15" VPOS="1153" HPOS="970"/>
							<String ID="string_290" HPOS="985" VPOS="1152" WIDTH="50" HEIGHT="22" WC="0.96" CONTENT="mitt"/>
						</TextLine>
						<TextLine ID="line_34" HPOS="210" VPOS="1182" WIDTH="826" HEIGHT="30">
							<String ID="string_291" HPOS="210" VPOS="1182" WIDTH="88" HEIGHT="29" WC="0.93" CONTENT="förslag"/><SP WIDTH="15" VPOS="1182" HPOS="298"/>
							<String ID="string_292" HPOS="313" VPOS="1183" WIDTH="71" HEIGHT="22" WC="0.93" CONTENT="under"/><SP WIDTH="20" VPOS="1183" HPOS="384"/>
							<String ID="string_293" HPOS="404" VPOS="1182" WIDTH="113" HEIGHT="23" WC="0.91" CONTENT="förbehäll"/><SP WIDTH="16" VPOS="1182" HPOS="517"/>
							<String ID="string_294" HPOS="533" VPOS="1185" WIDTH="32" HEIGHT="20" WC="0.93" CONTENT="att"/><SP WIDTH="16" VPOS="1185" HPOS="565"/>
							<String ID="string_295" HPOS="581" VPOS="1184" WIDTH="74" HEIGHT="22" WC="0.89" CONTENT="dertill"/><SP WIDTH="16" VPOS="1184" HPOS="655"/>
							<String ID="string_296" HPOS="671" VPOS="1186" WIDTH="65" HEIGHT="26" WC="0.93" CONTENT="göres"/><SP WIDTH="17" VPOS="1186" HPOS="736"/>
							<String ID="string_297" HPOS="753" VPOS="1185" WIDTH="32" HEIGHT="20" WC="0.93" CONTENT="ett"/><SP WIDTH="15" VPOS="1185" HPOS="785"/>
							<String ID="string_298" HPOS="800" VPOS="1183" WIDTH="87" HEIGHT="28" WC="0.90" CONTENT="tillägg,"/><SP WIDTH="18" VPOS="1183" HPOS="887"/>
							<String ID="string_299" HPOS="905" VPOS="1185" WIDTH="24" HEIGHT="19" WC="0.96" CONTENT="är"/><SP WIDTH="13" VPOS="1185" HPOS="929"/>
							<String ID="string_300" HPOS="942" VPOS="1183" WIDTH="41" HEIGHT="28" WC="0.96" CONTENT="jag"/><SP WIDTH="16" VPOS="1183" HPOS="983"/>
							<String ID="string_301" HPOS="999" VPOS="1182" WIDTH="37" HEIGHT="22" WC="0.96" CONTENT="för"/>
						</TextLine>
						<TextLine ID="line_35" HPOS="210" VPOS="1212" WIDTH="825" HEIGHT="30">
							<String ID="string_302" HPOS="210" VPOS="1212" WIDTH="46" HEIGHT="21" WC="0.95" CONTENT="min"/><SP WIDTH="24" VPOS="1212" HPOS="256"/>
							<String ID="string_303" HPOS="280" VPOS="1212" WIDTH="37" HEIGHT="22" WC="0.93" CONTENT="del"/><SP WIDTH="22" VPOS="1212" HPOS="317"/>
							<String ID="string_304" HPOS="339" VPOS="1220" WIDTH="71" HEIGHT="21" WC="0.92" CONTENT="gerna"/><SP WIDTH="18" VPOS="1220" HPOS="410"/>
							<String ID="string_305" HPOS="428" VPOS="1213" WIDTH="103" HEIGHT="29" WC="0.89" CONTENT="benägen"/><SP WIDTH="16" VPOS="1213" HPOS="531"/>
							<String ID="string_306" HPOS="547" VPOS="1215" WIDTH="32" HEIGHT="20" WC="0.93" CONTENT="att"/><SP WIDTH="16" VPOS="1215" HPOS="579"/>
							<String ID="string_307" HPOS="595" VPOS="1215" WIDTH="30" HEIGHT="27" WC="0.92" CONTENT="gä"/><SP WIDTH="16" VPOS="1215" HPOS="625"/>
							<String ID="string_308" HPOS="641" VPOS="1214" WIDTH="74" HEIGHT="21" WC="0.93" CONTENT="denna"/><SP WIDTH="16" VPOS="1214" HPOS="715"/>
							<String ID="string_309" HPOS="731" VPOS="1213" WIDTH="86" HEIGHT="22" WC="0.92" CONTENT="önskan"/><SP WIDTH="15" VPOS="1213" HPOS="817"/>
							<String ID="string_310" HPOS="832" VPOS="1213" WIDTH="35" HEIGHT="21" WC="0.93" CONTENT="till"/><SP WIDTH="15" VPOS="1213" HPOS="867"/>
							<String ID="string_311" HPOS="882" VPOS="1214" WIDTH="71" HEIGHT="20" WC="0.93" CONTENT="mötes"/><SP WIDTH="16" VPOS="1214" HPOS="953"/>
							<String ID="string_312" HPOS="969" VPOS="1213" WIDTH="7" HEIGHT="21" WC="0.96" CONTENT="i"/><SP WIDTH="16" VPOS="1213" HPOS="976"/>
							<String ID="string_313" HPOS="992" VPOS="1212" WIDTH="43" HEIGHT="22" WC="0.97" CONTENT="den"/>
						</TextLine>
						<TextLine ID="line_36" HPOS="210" VPOS="1241" WIDTH="826" HEIGHT="31">
							<String ID="string_314" HPOS="210" VPOS="1242" WIDTH="106" HEIGHT="28" WC="0.92" CONTENT="riktning,"/><SP WIDTH="25" VPOS="1242" HPOS="316"/>
							<String ID="string_315" HPOS="341" VPOS="1249" WIDTH="48" HEIGHT="15" WC="0.96" CONTENT="som"/><SP WIDTH="23" VPOS="1249" HPOS="389"/>
							<String ID="string_316" HPOS="412" VPOS="1243" WIDTH="44" HEIGHT="21" WC="0.93" CONTENT="han"/><SP WIDTH="24" VPOS="1243" HPOS="456"/>
							<String ID="string_317" HPOS="480" VPOS="1243" WIDTH="128" HEIGHT="27" WC="0.92" CONTENT="ästundade,"/><SP WIDTH="25" VPOS="1243" HPOS="608"/>
							<String ID="string_318" HPOS="633" VPOS="1243" WIDTH="114" HEIGHT="29" WC="0.96" CONTENT="nämligen"/><SP WIDTH="20" VPOS="1243" HPOS="747"/>
							<String ID="string_319" HPOS="767" VPOS="1244" WIDTH="32" HEIGHT="20" WC="0.93" CONTENT="att"/><SP WIDTH="23" VPOS="1244" HPOS="799"/>
							<String ID="string_320" HPOS="822" VPOS="1242" WIDTH="95" HEIGHT="28" WC="0.91" CONTENT="tillägga"/><SP WIDTH="22" VPOS="1242" HPOS="917"/>
							<String ID="string_321" HPOS="939" VPOS="1241" WIDTH="97" HEIGHT="30" WC="0.96" CONTENT="ungefär"/>
						</TextLine>
						<TextLine ID="line_37" HPOS="210" VPOS="1271" WIDTH="826" HEIGHT="31">
							<String ID="string_322" HPOS="210" VPOS="1271" WIDTH="111" HEIGHT="29" WC="0.93" CONTENT="följande:"/><SP WIDTH="35" VPOS="1271" HPOS="321"/>
							<String ID="string_323" HPOS="356" VPOS="1272" WIDTH="178" HEIGHT="23" WC="0.90" CONTENT="»Presteständet"/><SP WIDTH="22" VPOS="1272" HPOS="534"/>
							<String ID="string_324" HPOS="556" VPOS="1274" WIDTH="86" HEIGHT="28" WC="0.92" CONTENT="hoppas"/><SP WIDTH="24" VPOS="1274" HPOS="642"/>
							<String ID="string_325" HPOS="666" VPOS="1274" WIDTH="33" HEIGHT="20" WC="0.96" CONTENT="att"/><SP WIDTH="23" VPOS="1274" HPOS="699"/>
							<String ID="string_326" HPOS="722" VPOS="1272" WIDTH="135" HEIGHT="29" WC="0.95" CONTENT="regeringen"/><SP WIDTH="24" VPOS="1272" HPOS="857"/>
							<String ID="string_327" HPOS="881" VPOS="1272" WIDTH="7" HEIGHT="21" WC="0.93" CONTENT="i"/><SP WIDTH="23" VPOS="1272" HPOS="888"/>
							<String ID="string_328" HPOS="911" VPOS="1272" WIDTH="71" HEIGHT="22" WC="0.92" CONTENT="sinom"/><SP WIDTH="21" VPOS="1272" HPOS="982"/>
							<String ID="string_329" HPOS="1003" VPOS="1272" WIDTH="33" HEIGHT="21" WC="0.96" CONTENT="tid"/>
						</TextLine>
						<TextLine ID="line_38" HPOS="209" VPOS="1301" WIDTH="826" HEIGHT="29">
							<String ID="string_330" HPOS="209" VPOS="1302" WIDTH="59" HEIGHT="20" WC="0.93" CONTENT="skall"/><SP WIDTH="15" VPOS="1302" HPOS="268"/>
							<String ID="string_331" HPOS="283" VPOS="1301" WIDTH="85" HEIGHT="23" WC="0.93" CONTENT="föreslä"/><SP WIDTH="15" VPOS="1301" HPOS="368"/>
							<String ID="string_332" HPOS="383" VPOS="1302" WIDTH="84" HEIGHT="22" WC="0.92" CONTENT="sädana"/><SP WIDTH="15" VPOS="1302" HPOS="467"/>
							<String ID="string_333" HPOS="482" VPOS="1303" WIDTH="154" HEIGHT="22" WC="0.93" CONTENT="restriktioner"/><SP WIDTH="15" VPOS="1303" HPOS="636"/>
							<String ID="string_334" HPOS="651" VPOS="1303" WIDTH="8" HEIGHT="21" WC="0.93" CONTENT="i"/><SP WIDTH="16" VPOS="1303" HPOS="659"/>
							<String ID="string_335" HPOS="675" VPOS="1302" WIDTH="105" HEIGHT="22" WC="0.92" CONTENT="afseende"/><SP WIDTH="15" VPOS="1302" HPOS="780"/>
							<String ID="string_336" HPOS="795" VPOS="1303" WIDTH="13" HEIGHT="21" WC="0.90" CONTENT="&amp;"/><SP WIDTH="11" VPOS="1303" HPOS="808"/>
							<String ID="string_337" HPOS="819" VPOS="1301" WIDTH="216" HEIGHT="29" WC="0.91" CONTENT="rusdryckslagstift-"/>
						</TextLine>
						<TextLine ID="line_39" HPOS="209" VPOS="1331" WIDTH="714" HEIGHT="29">
							<String ID="string_338" HPOS="209" VPOS="1331" WIDTH="92" HEIGHT="29" WC="0.92" CONTENT="ningen,"/><SP WIDTH="17" VPOS="1331" HPOS="301"/>
							<String ID="string_339" HPOS="318" VPOS="1338" WIDTH="47" HEIGHT="16" WC="0.96" CONTENT="som"/><SP WIDTH="16" VPOS="1338" HPOS="365"/>
							<String ID="string_340" HPOS="381" VPOS="1332" WIDTH="76" HEIGHT="22" WC="0.96" CONTENT="kunna"/><SP WIDTH="16" VPOS="1332" HPOS="457"/>
							<String ID="string_341" HPOS="473" VPOS="1340" WIDTH="64" HEIGHT="14" WC="0.96" CONTENT="anses"/><SP WIDTH="16" VPOS="1340" HPOS="537"/>
							<String ID="string_342" HPOS="553" VPOS="1340" WIDTH="54" HEIGHT="14" WC="0.96" CONTENT="vara"/><SP WIDTH="16" VPOS="1340" HPOS="607"/>
							<String ID="string_343" HPOS="623" VPOS="1332" WIDTH="26" HEIGHT="22" WC="0.93" CONTENT="af"/><SP WIDTH="13" VPOS="1332" HPOS="649"/>
							<String ID="string_344" HPOS="662" VPOS="1332" WIDTH="106" HEIGHT="22" WC="0.92" CONTENT="behofvet"/><SP WIDTH="16" VPOS="1332" HPOS="768"/>
							<String ID="string_345" HPOS="784" VPOS="1332" WIDTH="139" HEIGHT="28" WC="0.91" CONTENT="päkallade.«"/>
						</TextLine>
					</TextBlock>
				</ComposedBlock>
				<ComposedBlock ID="cblock_5" HPOS="209" VPOS="1390" WIDTH="829" HEIGHT="116">
					<TextBlock ID="block_5" HPOS="209" VPOS="1390" WIDTH="829" HEIGHT="116">
						<TextLine ID="line_40" HPOS="282" VPOS="1390" WIDTH="755" HEIGHT="30">
							<String ID="string_346" HPOS="282" VPOS="1391" WIDTH="136" HEIGHT="29" WC="0.90" CONTENT="Yliopettaja"/><SP WIDTH="19" VPOS="1391" HPOS="418"/>
							<String ID="string_347" HPOS="437" VPOS="1392" WIDTH="128" HEIGHT="28" WC="0.92" CONTENT="Rosengvist:"/><SP WIDTH="32" VPOS="1392" HPOS="565"/>
							<String ID="string_348" HPOS="597" VPOS="1392" WIDTH="179" HEIGHT="22" WC="0.92" CONTENT="Bondeständets"/><SP WIDTH="16" VPOS="1392" HPOS="776"/>
							<String ID="string_349" HPOS="792" VPOS="1391" WIDTH="109" HEIGHT="28" WC="0.88" CONTENT="inbjudan"/><SP WIDTH="16" VPOS="1391" HPOS="901"/>
							<String ID="string_350" HPOS="917" VPOS="1390" WIDTH="70" HEIGHT="28" WC="0.93" CONTENT="syftar"/><SP WIDTH="16" VPOS="1390" HPOS="987"/>
							<String ID="string_351" HPOS="1003" VPOS="1390" WIDTH="34" HEIGHT="21" WC="0.96" CONTENT="till"/>
						</TextLine>
						<TextLine ID="line_41" HPOS="210" VPOS="1420" WIDTH="827" HEIGHT="29">
							<String ID="string_352" HPOS="210" VPOS="1421" WIDTH="200" HEIGHT="22" WC="0.89" CONTENT="ästadkommande"/><SP WIDTH="16" VPOS="1421" HPOS="410"/>
							<String ID="string_353" HPOS="426" VPOS="1421" WIDTH="26" HEIGHT="22" WC="0.96" CONTENT="af"/><SP WIDTH="13" VPOS="1421" HPOS="452"/>
							<String ID="string_354" HPOS="465" VPOS="1429" WIDTH="27" HEIGHT="15" WC="0.96" CONTENT="en"/><SP WIDTH="16" VPOS="1429" HPOS="492"/>
							<String ID="string_355" HPOS="508" VPOS="1422" WIDTH="81" HEIGHT="21" WC="0.92" CONTENT="allmän"/><SP WIDTH="18" VPOS="1422" HPOS="589"/>
							<String ID="string_356" HPOS="607" VPOS="1421" WIDTH="143" HEIGHT="28" WC="0.92" CONTENT="förbudslag;"/><SP WIDTH="18" VPOS="1421" HPOS="750"/>
							<String ID="string_357" HPOS="768" VPOS="1421" WIDTH="77" HEIGHT="22" WC="0.92" CONTENT="derom"/><SP WIDTH="16" VPOS="1421" HPOS="845"/>
							<String ID="string_358" HPOS="861" VPOS="1420" WIDTH="77" HEIGHT="22" WC="0.96" CONTENT="kunna"/><SP WIDTH="13" VPOS="1420" HPOS="938"/>
							<String ID="string_359" HPOS="951" VPOS="1420" WIDTH="25" HEIGHT="28" WC="0.93" CONTENT="ju"/><SP WIDTH="15" VPOS="1420" HPOS="976"/>
							<String ID="string_360" HPOS="991" VPOS="1426" WIDTH="46" HEIGHT="16" WC="0.91" CONTENT="me-"/>
						</TextLine>
						<TextLine ID="line_42" HPOS="209" VPOS="1450" WIDTH="829" HEIGHT="29">
							<String ID="string_361" HPOS="209" VPOS="1450" WIDTH="113" HEIGHT="29" WC="0.89" CONTENT="ningarna"/><SP WIDTH="24" VPOS="1450" HPOS="322"/>
							<String ID="string_362" HPOS="346" VPOS="1451" WIDTH="50" HEIGHT="22" WC="0.92" CONTENT="icke"/><SP WIDTH="23" VPOS="1451" HPOS="396"/>
							<String ID="string_363" HPOS="419" VPOS="1458" WIDTH="55" HEIGHT="15" WC="0.93" CONTENT="vara"/><SP WIDTH="23" VPOS="1458" HPOS="474"/>
							<String ID="string_364" HPOS="497" VPOS="1451" WIDTH="84" HEIGHT="22" WC="0.92" CONTENT="delade."/><SP WIDTH="32" VPOS="1451" HPOS="581"/>
							<String ID="string_365" HPOS="613" VPOS="1451" WIDTH="45" HEIGHT="28" WC="0.96" CONTENT="Jag"/><SP WIDTH="21" VPOS="1451" HPOS="658"/>
							<String ID="string_366" HPOS="679" VPOS="1451" WIDTH="46" HEIGHT="21" WC="0.93" CONTENT="kan"/><SP WIDTH="23" VPOS="1451" HPOS="725"/>
							<String ID="string_367" HPOS="748" VPOS="1450" WIDTH="126" HEIGHT="23" WC="0.92" CONTENT="emellertid"/><SP WIDTH="16" VPOS="1450" HPOS="874"/>
							<String ID="string_368" HPOS="890" VPOS="1450" WIDTH="49" HEIGHT="21" WC="0.93" CONTENT="icke"/><SP WIDTH="16" VPOS="1450" HPOS="939"/>
							<String ID="string_369" HPOS="955" VPOS="1451" WIDTH="34" HEIGHT="20" WC="0.93" CONTENT="tro"/><SP WIDTH="16" VPOS="1451" HPOS="989"/>
							<String ID="string_370" HPOS="1005" VPOS="1450" WIDTH="33" HEIGHT="20" WC="0.96" CONTENT="att"/>
						</TextLine>
						<TextLine ID="line_43" HPOS="212" VPOS="1479" WIDTH="825" HEIGHT="27">
							<String ID="string_371" HPOS="212" VPOS="1479" WIDTH="172" HEIGHT="23" WC="0.87" CONTENT="förhällandena"/><SP WIDTH="15" VPOS="1479" HPOS="384"/>
							<String ID="string_372" HPOS="399" VPOS="1481" WIDTH="7" HEIGHT="21" WC="0.93" CONTENT="i"/><SP WIDTH="16" VPOS="1481" HPOS="406"/>
							<String ID="string_373" HPOS="422" VPOS="1482" WIDTH="50" HEIGHT="20" WC="0.93" CONTENT="värt"/><SP WIDTH="15" VPOS="1482" HPOS="472"/>
							<String ID="string_374" HPOS="487" VPOS="1481" WIDTH="53" HEIGHT="22" WC="0.93" CONTENT="land"/><SP WIDTH="15" VPOS="1481" HPOS="540"/>
							<String ID="string_375" HPOS="555" VPOS="1488" WIDTH="53" HEIGHT="15" WC="0.92" CONTENT="vore"/><SP WIDTH="17" VPOS="1488" HPOS="608"/>
							<String ID="string_376" HPOS="625" VPOS="1482" WIDTH="25" HEIGHT="20" WC="0.93" CONTENT="sä"/><SP WIDTH="15" VPOS="1482" HPOS="650"/>
							<String ID="string_377" HPOS="665" VPOS="1480" WIDTH="138" HEIGHT="26" WC="0.92" CONTENT="förtviflade,"/><SP WIDTH="14" VPOS="1480" HPOS="803"/>
							<String ID="string_378" HPOS="817" VPOS="1481" WIDTH="30" HEIGHT="20" WC="0.97" CONTENT="att"/><SP WIDTH="14" VPOS="1481" HPOS="847"/>
							<String ID="string_379" HPOS="861" VPOS="1480" WIDTH="27" HEIGHT="21" WC="0.93" CONTENT="de"/><SP WIDTH="12" VPOS="1480" HPOS="888"/>
							<String ID="string_380" HPOS="900" VPOS="1479" WIDTH="137" HEIGHT="22" WC="0.92" CONTENT="motiverade"/>
						</TextLine>
					</TextBlock>
				</ComposedBlock>
			</PrintSpace>
		</Page>
	</Layout>
</alto>
