1089 1786
187 79 103 23 Pöytäkirj.
305 79 67 18 otteita
384 79 219 23 pankkivaltuusmiehen
617 85 18 16 y.
649 85 22 12 m.
685 79 82 18 vaalista
830 80 56 21 1009

59 133 65 22 hvari
148 133 93 22 stånden
264 135 90 20 stannat
373 133 7 22 i
396 133 124 29 anledning
536 133 25 22 af
574 133 202 29 Borgareståndets
792 133 94 22 förestå-

61 163 56 22 ende
134 163 139 28 inbjudning.

133 192 42 22 Om
194 192 199 28 Borgareståndets
415 192 74 22 beslut
506 193 71 21 skulle
594 192 66 22 äfven
677 193 155 27 Lagutskottet
848 200 38 21 ge-

60 230 52 14 nom
129 222 203 29 protokollsutdrag
347 222 150 22 underrättas.

656 252 22 18 In
691 252 64 18 fidem:

610 284 26 21 A.
658 284 23 21 V.
698 284 116 27 Lindberg.

133 341 138 22 Ilmoitettiin
291 343 103 20 seuravat
411 342 190 27 porvarissäädystä
615 342 25 27 ja
655 342 233 28 talonpoikaissäädystä

61 371 78 22 tulleet
154 371 222 28 pöytäkirjanotteet:

276 431 88 28 Utdrag
383 438 27 14 ur
430 431 143 28 protokollet,
595 431 62 22 fördt
673 432 38 21 vid
727 432 160 28 Borgarestän-

206 461 48 21 dets
268 461 91 28 plenum
376 461 43 21 den
438 462 25 20 17
481 461 44 28 maj
545 462 62 21 1900.

134 503 43 22 Vid
200 503 38 21 det
260 503 31 21 uti
316 503 28 20 68
368 503 12 28 &
403 503 24 21 L.
444 502 26 22 O.
489 502 138 23 föreskrifna
642 503 37 22 val
695 503 25 22 af
733 511 28 14 en
777 503 110 22 bankfull-

63 533 86 28 mäktig
167 533 42 21 och
227 532 50 28 fyra
291 532 346 29 bankfullmäktig-suppleanter
653 534 57 21 samt
727 540 27 15 en
769 533 118 22 bankrevi-

63 569 37 15 sor
115 563 42 21 och
172 563 34 21 tre
222 563 250 28 revisors-suppleanter
490 562 38 22 för
544 563 189 28 Borgareständet
749 565 101 26 utsägos:

134 610 27 21 till
182 610 170 27 bankfullmäktig:
368 610 144 21 handlanden
529 610 95 21 Mauritz
640 610 59 22 Emil
716 610 94 22 Fredrik
825 610 63 22 Hall-

63 639 67 29 berg;

134 676 27 21 till
176 676 64 26 första
251 676 290 27 bankfullmäktig-suppleant:
559 676 143 22 handlanden
718 676 55 22 Karl
789 676 99 22 Herman

64 701 112 36 Renlund;
393 706 2 2 |

135 748 26 22 till
178 748 64 22 andra
250 748 291 27 bankfullmäktig-suppleant:
557 748 141 26 redaktören,
708 748 180 28 jurisutriusque-

65 777 94 22 doktorn
174 777 57 23 Axel
246 778 73 21 Johan
335 778 66 27 Lille;

135 820 26 21 till
176 820 66 27 tredje
258 820 290 27 bankfullmäktig-suppleant:
565 819 133 23 sakföraren
709 819 179 23 vicehäradshöf-

65 849 82 29 dingen
162 849 58 22 Axel
235 850 93 21 Fredrik
345 849 107 22 Salomon
470 850 107 27 Jansson;

135 891 26 21 till
177 891 65 26 fjärde
258 891 293 27 bankfullmäktig-suppleant:
570 898 112 15 assessorn
696 892 69 21 Toivo
776 892 114 21 Johannes

64 920 115 26 Boisman;

135 963 27 21 till
180 963 138 21 bankrevisor:
335 963 133 28 bärgsrådet
483 962 85 22 Rudolf
580 963 93 28 Elving;

135 1005 27 21 till
170 1005 65 21 första
246 1005 214 27 revisors-suppleant:
472 1005 191 21 kommerserådet
670 1004 78 22 Alfred
755 1004 131 28 Carlström
878 1000 12 36 ;

135 1047 27 21 till
170 1047 64 21 andra
243 1047 221 26 revisors-suppleant
460 1041 11 37 :
478 1046 295 28 ofverdirektörsadjointen,
785 1045 103 23 hofrädet

64 1075 52 22 Carl
132 1076 136 27 Nummelin;
285 1078 57 19 samt

135 1118 27 21 till
184 1118 67 27 tredje
272 1119 214 26 revisors-suppleant:
508 1117 209 23 hofrättsassessorn
740 1118 55 22 Erik
809 1117 79 22 Albert

64 1146 126 29 Stigzelius.

136 1189 42 21 Om
195 1189 63 21 dessa
274 1189 36 21 val
326 1189 72 21 skulle
409 1189 20 28 ej
441 1189 88 21 mindre
539 1189 174 22 Bankutskottet
724 1190 41 21 och
775 1189 112 22 medstän-

65 1218 38 22 der
119 1221 29 19 än
164 1218 65 22 äfven
246 1219 84 21 enhvar
346 1218 26 22 af
385 1219 27 21 de
423 1219 66 21 valde
500 1226 82 21 genom
593 1219 204 28 protokollsutdrag
807 1218 79 22 under-

63 1249 76 20 rättas.

658 1279 22 17 In
693 1278 62 18 fidem:

610 1310 28 21 A.
659 1310 22 21 V.
700 1310 114 26 Lindberg.

277 1368 87 28 Utdrag
379 1375 27 14 ur
415 1368 136 28 protokollet
566 1367 63 23 fördt
639 1368 38 22 vid
687 1367 200 30 Borgareständets

205 1397 91 28 plenum
312 1398 43 21 den
374 1399 26 20 17
416 1398 44 27 maj
480 1399 63 20 1900.

134 1439 44 22 Vid
201 1439 97 22 anstäldt
317 1439 38 22 val
379 1439 25 22 af
425 1447 29 14 en
476 1439 97 22 medlem
589 1440 43 21 och
647 1441 34 20 tre
697 1439 142 29 suppleanter
854 1439 33 21 uti

63 1469 44 21 den
123 1469 133 28 delegation,
272 1476 48 14 som
336 1469 58 28 egde
408 1470 33 20 att
451 1469 72 22 under
535 1471 54 20 åren
602 1470 147 20 1901—1904
758 1467 129 23 handhafva

791 1512 23 16 64
