1092 1734
187 90 62 31 1388
422 94 125 23 Pappissääty
559 94 101 19 Kesäkuun
674 95 10 17 1
697 100 18 17 p.
728 95 47 18 1900

257 148 122 22 Professori
402 148 136 22 Hermanson:
563 148 42 22 Om
630 150 90 26 prosten
740 148 97 22 Wallins
852 147 88 29 förslag
955 148 54 28 god-

185 177 92 27 kännes,
301 178 72 22 skulle
389 178 38 22 det
442 178 109 22 innebära
566 180 33 20 att
614 178 90 22 ständet
719 178 98 22 besluter
833 179 33 21 att
881 178 34 22 till
931 177 78 23 äskadt

185 207 115 22 utlätande
323 208 119 28 angäende
465 208 44 22 den
530 208 132 28 föreslagna
680 208 173 28 fiskeristadgan
869 207 92 30 afgifva,
978 208 31 21 att

185 237 89 22 ständet
289 237 123 28 tillstyrker
427 239 33 20 att
476 238 44 22 den
535 238 76 28 gamla
626 237 174 29 fiskeristadgan
815 239 70 20 mätte
901 236 109 23 förblifva

185 266 9 22 i
213 267 105 28 gällande
338 267 66 27 kraft,
425 275 52 14 men
500 269 39 25 att,
558 275 37 14 om
611 267 63 22 Hans
690 267 127 29 Kejserliga
833 267 104 28 Majestät
953 267 56 22 dock

185 296 108 29 pröfvade
309 297 38 22 det
362 297 79 29 nödigt
456 299 32 20 att
504 297 90 22 utfärda
606 305 31 20 ny
648 297 164 28 fiskeristadga,
825 297 36 22 det
872 297 70 22 borde
953 297 56 21 iakt-

185 327 72 28 tagas,
269 333 47 15 som
327 327 163 28 presteständet
504 327 93 22 beslutit
608 329 32 20 att
651 327 108 22 anmärka
769 328 46 21 mot
827 327 116 28 förslaget.
966 327 44 22 Det

186 359 25 18 är
227 358 33 20 att
275 357 84 26 märka,
376 359 33 20 att
420 357 41 22 här
476 357 51 22 icke
543 357 125 28 föreligger
684 358 32 21 ett
730 356 88 29 förslag
834 357 34 22 till
884 357 126 28 antagande

186 386 55 22 eller
259 385 152 28 förkastande,
428 389 54 20 utan
498 389 32 20 ett
545 387 115 22 utlätande
676 390 26 19 är
716 387 102 28 begärdt.
850 387 45 28 Jag
910 386 39 22 för
964 387 46 21 min

187 416 36 22 del
246 416 45 21 kan
311 417 142 28 naturligtvis
474 417 50 22 icke
542 417 136 22 understöda
698 418 91 27 prosten
804 417 97 21 Wallins
916 416 93 29 förslag.

258 475 122 23 Professori
404 477 113 28 Runeberg:
549 477 51 22 Med
616 477 129 28 anslutning
762 476 42 27 till,
824 477 60 21 hvad
899 475 112 30 professor

186 505 142 22 Hermanson
343 505 128 28 framhällit,
488 507 72 21 skulle
568 507 41 28 jag
620 506 118 23 föreställa
748 506 48 29 mig
807 507 33 21 att
851 506 159 29 omröstnings-

186 536 137 28 proposition
343 536 70 22 borde
436 537 76 22 ställas
534 537 104 21 särskildt
653 538 30 27 pä
698 537 91 28 prosten
805 536 96 22 Wallins
916 535 93 29 förslag.

186 565 43 22 Om
254 565 62 22 detta
338 573 79 15 senare
440 566 87 29 förslag
546 567 103 21 kommer
667 567 71 21 under
753 566 96 22 särskild
865 566 144 29 omröstning,

187 595 44 52 kan
248 595 44 22 den
307 596 50 21 nåd.
373 597 168 28 propositionen
556 597 70 22 sedan
642 596 76 22 ställas
733 603 48 15 som
791 596 219 29 kontraproposition

202 627 93 20 äremot.

259 685 72 22 Herra
347 686 116 22 Puhemies:
478 686 88 22 Vaikka
582 686 63 28 kyllä
660 692 29 17 on
705 686 47 21 niin
768 686 46 21 että
825 692 73 15 emme
909 685 35 22 ole
954 686 56 20 täm-

187 715 101 22 möisistä
310 716 153 22 lausunnoista
486 722 73 16 ennen
582 716 58 22 siten
662 716 150 26 äänestäneet,
829 715 48 21 niin
893 716 118 28 perusteen

187 745 98 22 mukaan
308 746 96 21 minusta
426 746 141 21 kumminkin
589 752 29 15 on
641 746 151 26 kohtuullista,
816 745 46 21 kun
882 745 82 21 kerran
982 752 28 14 on

187 775 138 22 semmoinen
349 775 93 22 ehdotus
465 776 69 28 tehty,
559 777 46 20 että
628 776 82 21 asiasta
728 775 185 22 ehdottamallani
927 774 84 22 tavalla

187 804 132 30 lopullisesti
335 806 150 21 äänestetään.

260 864 193 29 Tuomioprovasti
475 865 81 22 Wallin:
580 864 123 23 Professori
726 864 142 22 Hermanson
892 871 29 15 on
936 864 75 22 vallan

187 895 76 21 oikein
286 895 123 28 käsittänyt
431 895 77 22 minun
527 895 146 28 mielipiteeni
689 895 89 22 asiassa.
810 894 78 22 Minun
904 894 107 22 ehdotuk-

187 924 48 22 seni
250 925 54 21 kävi
319 925 72 22 siihen
407 926 110 21 suuntaan
533 926 46 21 että
594 926 65 27 sääty
675 925 81 22 antaisi
772 924 104 22 sellaisen
887 924 124 22 lausunnon

187 955 47 21 että
252 956 65 26 sääty
339 955 62 28 pitää
420 961 144 22 parempana,
588 956 46 21 että
655 955 75 21 vanha
745 954 178 22 kalastussääntö
938 961 73 21 pysyy

187 984 112 22 voimassa
314 984 59 22 vielä
387 984 149 27 vastedeskin,
548 985 72 21 mutta
627 985 36 28 jos
674 984 117 22 kuitenkin
802 985 62 20 tämä
874 984 48 21 uusi
933 985 78 20 sääntö

187 1013 99 29 aijotaan
306 1014 72 27 laiksi,
396 1015 166 28 pappissäädyn
578 1016 40 27 nyt
634 1015 99 21 tekemät
748 1013 173 22 huomautukset
938 1016 73 25 myös-

187 1043 39 22 kin
245 1044 121 22 otettaisiin
383 1044 74 22 silloin
472 1045 98 21 varteen.

259 1102 73 23 Herra
343 1104 117 22 Puhemies:
477 1103 192 29 Tuomioprovasti
680 1103 109 22 Wallinin
802 1102 95 22 ehdotus
909 1102 29 22 oli
949 1102 63 22 kum-

187 1132 87 22 minkin
290 1134 46 20 että
351 1133 49 21 uusi
415 1133 177 22 kalastussääntö
608 1133 139 28 hylättäisiin
762 1132 56 22 tällä
834 1132 84 22 kertäa.

259 1192 193 28 Tuomioprovasti
468 1193 79 22 Wallin:
564 1192 53 22 Niin
632 1193 37 21 oli.

259 1252 204 28 Tuomiokapitulin
488 1252 94 22 asessori
604 1252 60 28 Lyra:
688 1252 97 22 Minusta
808 1254 68 19 nämä
901 1251 74 28 »jaa<-
988 1251 25 28 ja

189 1281 193 23 »eic-ehdotukset
402 1282 61 22 eivät
484 1282 34 22 ole
539 1282 159 22 vastakkaiset.
729 1281 102 22 Minäkin
851 1281 107 22 tahtoisin
973 1281 39 22 ko-

187 1311 89 22 konaan
292 1311 75 29 liittyä
381 1312 79 26 siihen,
477 1312 55 22 mitä
546 1312 120 28 professori
677 1312 142 22 Hermanson
831 1311 62 21 asian
903 1310 110 22 kannasta

187 1340 95 22 esiintoi.

259 1400 123 22 Professori
399 1402 119 22 Danielson:
535 1401 61 21 Minä
611 1401 76 22 luulen
703 1402 46 21 että
762 1400 152 29 puhemiehen
923 1400 91 22 tekemä

187 1430 174 28 äänestysesitys
377 1437 30 15 on
422 1431 74 28 täysin
512 1431 66 22 oikea
591 1431 25 28 ja
632 1432 46 21 että
693 1430 43 22 sitä
750 1430 177 22 noudattamalla
940 1430 73 28 jokai-

186 1466 45 16 nen
254 1467 40 15 saa
317 1460 164 29 mielipiteensä
503 1461 69 26 esille,
596 1461 50 21 sillä
664 1461 36 27 jos
718 1460 248 28 »jaa<-propositsiooni
984 1466 30 15 on

186 1489 187 23 lakiehdotuksen
395 1491 181 28 hyväksyminen
596 1490 64 22 niillä
675 1490 181 26 muistutuksilla,
871 1490 63 27 jotka
949 1490 64 27 sääty
