1092 1786
187 89 57 20 1300
421 89 123 22 Pappissääty
558 89 84 18 Toukok.
656 90 22 17 29
691 95 17 16 p.
722 90 46 17 1900

182 142 51 22 Men
253 143 40 20 här
312 141 123 30 föreligger
451 146 60 18 ännu
527 150 28 15 en
572 150 74 14 annan
663 143 173 28 omständighet.
868 143 137 22 Talmännen

182 172 107 27 bestyrka
304 173 51 21 med
371 173 48 21 sina
434 172 162 22 underskrifter
612 174 32 20 att
661 173 73 22 denna
749 173 39 28 lag
803 176 25 18 är
844 173 6 21 i
871 173 69 28 laglig
957 172 48 22 ord-

182 202 55 28 ning
253 203 97 27 antagen
367 202 24 22 af
405 203 100 26 stånden,
523 203 41 21 och
581 203 27 21 de
625 204 70 20 måste
711 204 29 27 pä
756 203 72 28 grund
844 202 25 22 af
878 203 22 21 L.
913 203 25 21 O.
951 205 54 26 göra

183 232 68 25 detta,
267 235 42 18 när
323 234 34 19 tre
373 233 76 21 stånds
465 233 79 26 beslut,
560 239 48 15 som
625 233 7 20 i
648 233 85 21 sådana
749 232 76 29 frågor
841 235 25 19 är
876 232 129 29 afgörande,

181 261 131 28 föreligger.
344 262 44 22 Det
399 262 72 22 finnes
487 263 86 21 således
590 263 68 28 ingen
674 261 92 23 utanför
782 263 98 25 stående,
898 269 45 15 som
961 262 44 21 kan

182 291 91 21 komma
296 292 40 21 och
361 295 60 25 säga,
439 293 33 20 att
488 299 52 14 man
556 293 41 20 har
613 293 48 27 gått
677 293 95 27 olagligt
787 293 100 27 tillväga.
918 292 39 21 Att
973 292 32 20 vi-

182 321 53 21 dare
251 321 70 21 inlåta
337 322 46 28 mig
398 324 28 26 på
443 322 74 21 denna
532 321 64 29 fråga
608 322 70 21 skulle
690 321 51 22 föra
757 322 47 28 mig
814 321 39 22 för
864 322 69 28 långt.
961 321 44 28 Jag

181 352 71 20 måste
269 351 108 22 vidblifva
393 352 46 21 min
456 352 57 28 åsigt
529 353 32 20 att
575 352 95 21 beslutet
686 352 41 21 bör
742 352 130 28 expedieras
884 353 28 27 på
923 351 82 29 grund-

181 380 67 22 valen
265 380 24 22 af
302 383 33 19 tre
352 382 75 21 stånds
443 382 79 26 beslut,
540 382 41 21 och
598 382 37 21 det
650 382 74 27 tjenar
739 382 34 20 till
789 382 118 28 ingenting
922 382 31 20 att
964 382 41 20 här

182 413 55 25 göra
254 411 43 21 den
313 410 118 23 afvikande
449 412 87 28 åsigten
551 412 112 28 gällande.

253 440 165 29 Inbjudningen
441 443 70 20 måste
535 442 87 28 grunda
644 442 35 28 sig
697 442 29 28 på
742 441 116 21 materiela
874 442 53 20 skäl.
960 441 44 28 Jag

181 477 79 15 menar
283 472 38 25 att,
344 478 36 14 om
396 478 28 15 en
440 470 123 27 skrifvelse,
580 472 70 28 något
664 470 136 29 utförligare
817 471 98 26 affattad,
933 470 70 29 afgår,

181 501 163 27 presteståndet
352 501 69 21 borde
429 500 125 27 framhålla,
567 502 33 20 att
611 501 37 21 det
660 504 24 18 är
694 502 30 27 på
734 501 73 28 grund
819 500 25 22 af
850 501 43 21 den
901 501 47 28 vigt
957 508 47 14 som

181 531 163 27 presteståndet
360 532 68 20 täster
443 531 39 21 vid
498 531 73 21 denna
587 530 71 29 fråga,
670 538 48 14 som
728 531 164 28 presteståndet
902 530 102 28 inbjuder

181 560 28 21 de
233 560 73 29 öfriga
329 561 100 22 stånden.
461 561 45 29 Jag
526 561 45 21 kan
590 561 50 22 icke
662 568 70 21 gerna
748 561 69 21 tänka
833 561 47 28 mig
896 562 31 20 att
941 560 62 22 bibe-

181 590 115 22 hållandet
312 590 25 22 af
349 592 14 20 2
380 598 65 14 mom.
463 591 36 21 för
516 591 27 21 de
560 591 72 28 öfriga
648 591 94 21 stånden
758 591 57 21 skall
831 598 55 14 vara
897 590 24 22 af
929 592 74 26 någon

181 620 116 28 synnerlig
312 620 54 28 vigt.

252 668 102 21 Provasti
378 668 119 22 Päivärinta:
530 668 76 21 Minun
630 675 29 15 on
675 668 80 21 vaikea
771 668 96 21 käsittää
884 667 116 29 professori

181 697 165 22 Hermansonin
362 698 111 22 viimeistä
489 698 116 21 lausuntoa
622 698 83 21 muulla
720 698 77 21 tavoin
808 698 54 21 kuin
874 699 44 20 että
929 698 73 21 kolme

181 728 78 26 säätyä
271 728 55 20 voisi
335 728 68 21 tehdä
411 728 74 28 yhden
495 728 84 28 säädyn
590 728 142 28 privileegiot
744 728 166 26 mitättömäksi,
921 728 81 21 vaikka

180 758 61 20 tämä
257 759 63 25 sääty
337 758 20 20 ei
373 758 66 21 niistä
455 758 101 28 luopuisi.
583 757 123 22 Professori
721 758 141 21 Hermanson
878 764 28 15 on
916 757 86 22 kuiten-

180 787 39 21 kin
236 794 40 14 sen
291 788 73 20 ohella
380 788 103 21 lausunut
499 789 46 20 että
555 788 36 21 voi
604 788 44 21 olla
656 788 178 28 jonkunmoinen
845 787 157 22 mahdollisuus

181 817 126 21 vastaisesti
328 818 68 20 saada
411 818 141 28 privileegiot
569 817 147 28 säilytetyksi,
730 817 36 28 jos
782 818 69 20 häntä
866 817 74 21 oikein
956 824 47 20 ym-

181 846 90 22 märsin.
303 847 71 21 Mutta
390 848 61 20 millä
467 848 83 20 tavalla
566 849 61 19 tämä
642 847 128 28 tapahtuisi,
787 847 21 21 ei
823 847 86 27 käynyt
919 847 85 21 selville

181 876 75 21 hänen
287 876 180 22 lausunnostaan.
504 877 40 21 Jos
590 879 39 25 nyt
661 878 63 26 sääty
755 877 65 21 tekee
846 876 158 21 kutsumuksen

181 905 76 22 muille
274 906 107 27 säädyille
404 907 130 21 ainoastaan
558 907 173 21 aineistollisesti
752 906 132 21 vaatimatta
902 906 101 28 privilee-

181 935 154 29 gioikeutensa
357 937 163 27 säilyttämistä,
538 937 25 27 ja
585 937 67 21 toiset
675 936 80 28 säädyt
771 936 60 22 eivät
846 936 68 21 tähän
929 936 75 21 kutsu-

180 965 108 22 mukseen
309 968 75 19 suostu
402 967 25 27 ja
443 967 46 20 asia
505 967 66 21 sitten
588 973 78 14 menee
682 973 127 19 menoansa,
827 973 28 14 en
870 966 37 21 voi
928 967 76 20 muuta

180 995 98 21 käsittää
293 995 54 22 kuin
363 997 46 20 että
424 998 63 26 sääty
504 1003 29 14 on
549 996 126 21 asiallisesti
685 996 109 27 luopunut
805 997 87 20 eräästä
902 995 101 28 privilee-

181 1025 110 27 giostaan.
318 1025 44 22 Sen
386 1026 61 21 takia
464 1026 60 21 minä
539 1026 108 21 katsoisin
663 1025 161 28 tarpeelliseksi
836 1026 46 21 että
893 1025 58 22 tulisi
962 1025 41 22 sel-

181 1055 57 20 västi
255 1055 129 22 mainituksi
400 1056 85 27 säädyn
504 1056 170 28 pöytäkirjassa,
691 1055 47 22 tahi
756 1055 185 26 kutsumuksessa,
959 1057 44 20 että

181 1084 145 29 pappissääty
343 1085 19 21 ei
379 1085 67 22 luovu
463 1085 178 28 käsityksestään
656 1087 60 19 tässä
732 1085 95 21 kohden.

251 1126 122 22 Professori
397 1127 134 22 Hermanson:
562 1127 45 28 Jag
630 1127 41 21 har
692 1127 49 21 icke
757 1127 80 20 uttalat
853 1127 47 28 mig
915 1133 36 15 om
967 1127 37 20 det

180 1157 50 25 sätt,
247 1157 30 27 pä
291 1156 86 21 hvilket
392 1157 163 28 presteständet
571 1157 57 21 skall
644 1159 55 26 göra
710 1157 34 20 sin
755 1157 58 27 äsigt
824 1156 110 28 gällande.
960 1156 45 28 Jag

180 1186 41 20 har
245 1186 78 21 endast
346 1188 49 26 sagt
419 1188 32 20 att
475 1187 97 25 dermed,
595 1188 32 19 att
647 1187 7 20 i
676 1187 73 21 denna
765 1185 64 29 fräga
845 1188 74 19 svaret
934 1187 69 19 mäste

181 1215 90 22 affattas
286 1216 29 27 pä
331 1216 140 27 grundvalen
487 1216 25 21 af
524 1218 34 20 tre
574 1216 76 21 ständs
666 1216 79 26 beslut,
762 1216 123 28 ingalunda
897 1218 23 19 är
931 1215 72 28 sagdt,

180 1246 38 25 att,
235 1245 8 21 i
259 1245 106 22 händelse
382 1253 28 14 en
425 1247 70 20 sädan
511 1245 65 29 fräga
591 1245 142 22 framdeleles
749 1245 153 28 uppkommer,
919 1252 84 14 samma

179 1275 105 28 tolkning
307 1275 26 21 af
355 1277 8 19 1
391 1276 35 27 Si
443 1276 25 21 R.
485 1276 24 21 F.
527 1276 56 21 skall
599 1275 71 22 blifva
686 1276 43 21 den
744 1275 177 22 bestämmande.
953 1275 50 21 Men

180 1305 37 21 det
240 1306 72 20 mäste
335 1305 74 28 gifvas
433 1307 32 20 ett
489 1307 43 20 sätt
548 1307 32 20 att
600 1306 3 21 i
619 1306 78 27 hvarje
712 1305 188 22 förekommande
916 1304 39 22 fall
971 1304 32 22 af-

180 1337 55 25 göra
259 1334 86 29 frägan,
369 1335 57 21 huru
449 1336 131 21 ständernas
604 1343 51 14 svar
676 1337 30 26 pä
734 1342 28 14 en
786 1335 137 28 proposition
947 1335 56 21 skall

180 1363 96 28 affattas,
301 1365 41 21 och
366 1365 116 22 resultatet
502 1368 25 19 är
547 1366 31 20 att
601 1365 7 21 i
625 1365 44 21 alla
684 1365 83 28 frägor,
784 1365 8 20 i
808 1365 76 21 hvilka
901 1364 48 21 icke
965 1371 38 15 en-

179 1394 146 28 stämmighet
348 1393 87 23 fordras
451 1395 54 22 eller
525 1395 109 21 förstärkt
650 1395 84 21 utskott
750 1395 58 20 skall
824 1394 78 29 afgöra
917 1393 86 29 frägan,

178 1424 35 21 tre
236 1424 77 21 ständs
337 1424 73 21 beslut
432 1425 44 21 blir
497 1424 129 29 afgörande.
658 1425 44 21 Det
724 1427 26 18 är
763 1425 25 27 ju
805 1424 36 21 det
858 1424 57 22 enda
931 1425 72 23 sättet,

180 1454 28 27 pä
224 1453 87 22 hvilket
327 1461 52 14 man
395 1454 44 21 kan
457 1454 78 29 afgöra
550 1453 87 30 frägan,
654 1455 56 20 huru
727 1456 73 19 svaret
817 1455 29 28 pä
863 1454 43 21 den
921 1453 83 28 nädiga

179 1483 168 27 propositionen
363 1484 57 20 skall
437 1484 94 22 affattas.
