1092 1736
211 98 64 18 Vovm.
288 103 29 12 n:o
331 99 12 17 5
355 98 46 17 Rak.
415 98 35 17 K:n
465 98 21 18 17
497 98 20 22 ja
531 98 21 17 18
566 98 36 17 luv.
616 97 149 18 muuttamisesta
847 98 55 20 1317

153 151 161 22 Erfarenheten
337 151 41 21 hos
402 158 36 14 oss
460 158 37 14 om
515 150 253 29 fridlysningsområden
784 151 45 21 kan
845 150 60 29 själf-

83 182 63 22 fallet
168 182 49 20 icke
239 181 46 21 tala
309 182 76 27 något,
407 181 30 21 då
457 181 84 21 sådana
560 180 224 29 fredningsområden
800 181 41 21 här
856 181 50 21 icke

82 212 90 25 funnits,
197 211 134 21 åtminstone
351 211 50 21 icke
423 211 6 21 i
448 211 124 21 nämnvärd
588 211 63 28 grad.
682 210 52 22 Men
750 210 156 22 erfarenheten

83 241 50 22 från
158 241 70 21 andra
250 240 85 27 länder,
359 240 40 22 der
423 240 28 22 de
473 240 68 22 hafva
564 240 91 27 funnits,
673 241 58 21 talar
747 242 30 20 ett
793 240 112 28 tydligare

82 272 73 27 språk.
186 270 50 21 Den
259 270 58 21 talar
340 270 104 21 öfverallt
467 270 34 21 till
524 270 87 21 förmån
630 270 35 21 för
682 270 56 21 dem.
769 270 45 28 Jag
829 269 76 27 fäster,

82 301 134 21 åtminstone
237 299 38 22 för
296 300 46 21 min
361 299 42 26 del,
427 303 59 18 ännu
505 307 49 14 mer
568 300 50 28 vigt
634 300 78 21 dervid
728 301 30 20 att
776 300 74 21 denna
874 301 31 20 åt-

82 331 57 28 gärd
162 331 45 20 står
230 330 7 21 i
257 329 41 22 full
318 329 232 22 öfverensstämmelse
571 329 52 22 med
639 329 83 22 fiskens
738 330 41 21 och
795 329 111 22 fiskeriets

83 367 58 22 egen
161 361 66 20 natur
247 359 41 22 och
306 359 162 22 beskaffenhet.
500 359 52 22 Man
568 360 45 21 kan
630 359 50 22 med
696 361 46 20 stor
757 359 105 22 säkerhet
877 372 29 3 —

84 390 54 21 eller
155 389 132 22 åtminstone
303 389 52 22 med
370 389 91 28 mycket
477 391 46 20 stor
539 389 141 22 sannolikhet
696 402 28 3 —
740 389 58 21 sluta
814 389 35 28 sig
864 389 40 26 till,

84 421 32 20 att
131 427 52 14 man
199 419 46 22 deri
262 419 41 21 har
318 420 33 20 att
366 419 62 21 finna
444 426 27 15 en
488 419 104 22 verksam
608 419 86 28 åtgärd,
712 418 136 29 ojemförligt
858 425 48 15 mer

83 449 104 22 verksam
211 452 28 18 än
262 448 246 29 veckofredningstider
524 449 42 21 och
581 450 16 21 t.
614 456 19 14 o.
651 456 28 14 m.
696 449 210 28 fredlysningstider

83 479 71 22 under
177 479 82 21 fiskens
282 479 77 21 lektid.
398 478 72 22 Dessa
493 478 203 29 fridlysningstider
719 479 108 21 innebära
852 480 54 20 utan

83 508 80 23 tvifvel
179 510 31 21 ett
225 509 111 28 betydligt
351 510 70 20 större
438 509 94 28 ingrepp
548 509 8 20 i
567 508 255 29 fiskevattensegarenas
833 509 73 27 dispo-

84 539 128 21 sitionsrätt.
244 539 32 27 Ty
293 539 73 21 såsom
381 537 171 23 förhållandena
567 546 30 13 nu
612 539 106 27 gestaltat
733 539 41 27 sig,
791 538 71 22 skulle
878 545 27 14 en

84 568 184 28 fridlysningstid,
285 568 138 21 omfattande
439 568 99 21 lektiden
554 567 35 22 för
604 568 86 21 braxen
706 568 41 21 och
763 570 41 26 gös
820 568 42 21 och
878 575 28 14 en

85 598 36 21 del
137 598 69 21 andra
221 597 74 27 fiskar,
313 605 54 14 vara
382 597 97 28 ungefär
494 598 46 21 lika
555 598 129 27 betydande
695 598 50 21 med
757 599 32 20 att
800 597 106 28 förbjuda

85 627 104 29 fångsten
211 627 26 22 af
257 628 64 21 dessa
342 627 69 22 fiskar
434 627 71 22 under
529 628 43 21 den
596 628 57 21 enda
674 628 38 25 tid,
730 627 70 22 under
815 627 91 22 hvilken

85 657 112 22 fiskarena
212 657 70 22 skulle
297 657 24 21 få
336 659 75 26 någon
426 657 50 22 fisk.

156 688 93 21 Prosten
271 687 73 22 Walle
364 687 41 21 har
424 687 122 21 framhållit
570 689 32 20 att
618 687 141 21 minoriteten
776 687 6 21 i
798 687 108 21 utskottet

85 718 7 21 i
108 717 64 28 fråga
188 724 36 15 om
239 716 208 29 fridlysningstiden
463 724 41 14 var
520 719 70 20 större
606 719 28 19 än
651 717 59 21 hvad
725 724 47 14 som
783 717 45 21 kan
839 723 66 21 synas

85 747 89 28 framgå
196 746 25 22 af
241 747 178 22 reservationens
442 746 168 22 underskrifter.
641 747 45 28 Jag
706 747 44 21 kan
773 747 132 28 visserligen

86 777 49 22 icke
151 777 106 28 påminna
272 777 47 28 mig
335 778 32 20 att
382 777 144 22 minoriteten
541 776 50 22 från
607 777 79 28 början
702 784 40 14 var
756 778 26 19 så
797 778 45 20 stor
858 783 47 15 som

85 809 90 26 prosten
194 807 73 21 Walle
288 807 40 21 här
348 807 41 20 har
409 806 123 21 framhållit
550 820 25 2 —
590 807 40 28 jag
652 807 40 20 har
707 807 49 21 icke
772 806 133 29 protokollet

84 837 35 20 till
134 837 71 21 hands
221 849 34 14 —,
272 843 51 15 men
339 837 50 21 icke
405 843 41 14 var
462 837 37 21 det
515 837 57 21 blott
587 843 28 15 en
631 838 56 20 rösts
703 837 94 20 skilnad.
824 836 44 21 Det
882 839 24 18 är

85 867 57 21 dock
165 867 50 21 icke
238 867 24 20 så
285 867 90 27 mycket
396 866 69 28 derpå
487 867 37 20 det
539 867 71 21 beror.
642 866 45 28 Jag
702 868 68 19 täster
786 872 47 15 mer
849 865 56 22 afse-

85 896 57 22 ende
158 896 37 21 vid
211 897 32 20 att
259 896 37 21 det
311 896 117 28 verkligen
444 903 41 14 var
501 896 61 21 fallet
578 897 32 20 att
627 896 141 21 minoriteten
781 896 7 20 i
799 896 107 20 utskottet

85 926 7 20 i
108 925 65 29 fråga
189 932 35 15 om
241 925 253 29 fridlysningsområden
510 926 7 20 i
533 926 80 28 början
629 933 40 14 var
684 926 86 28 ganska
786 926 51 25 stor,
855 932 50 14 men

82 956 26 27 ju
130 956 91 28 djupare
240 962 51 14 man
307 956 95 28 trängde
418 956 23 20 in
457 956 7 20 i
481 955 80 29 frågan
576 956 37 21 vid
631 956 43 21 den
689 955 102 22 fortsatta
807 955 98 21 behand-

85 986 48 28 ling
156 986 7 20 i
185 986 113 25 utskottet,
316 986 61 21 desto
402 986 87 21 mindre
513 985 49 22 blef
583 986 148 26 minoriteten,
750 986 41 20 och
808 985 42 22 den
866 985 41 21 har

85 1016 105 27 slutligen
211 1016 88 20 stannat
318 1015 38 21 vid
372 1016 33 20 att
420 1016 167 21 reservationen
603 1016 172 21 undertecknats
792 1014 24 21 af
829 1015 77 20 herrar

85 1045 74 21 Walle
182 1045 42 21 och
247 1045 125 21 Kakkinen.
403 1045 78 21 Under
506 1044 92 29 frågans
622 1045 138 28 behandling
778 1045 6 20 i
800 1045 107 20 utskottet

84 1074 50 22 blef
152 1075 41 21 hos
214 1075 82 28 många
317 1075 37 21 det
370 1074 103 29 afgjorda
489 1075 135 21 motståndet
640 1076 46 20 mot
702 1075 63 21 dessa
781 1073 125 29 frednings-

85 1105 107 21 områden
207 1105 40 20 allt
262 1105 87 21 mindre
369 1104 104 29 afgjordt,
492 1105 41 21 och
550 1104 102 29 afgjorda
668 1105 150 21 motståndare
834 1103 72 22 öfver-

85 1134 69 28 gingo
170 1134 34 21 till
220 1133 170 23 försvararenas
406 1135 55 25 sida,
479 1135 46 21 dels
541 1136 29 26 på
581 1135 73 27 grund
665 1133 65 23 deraf
738 1136 32 19 att
781 1141 53 14 man
846 1133 59 26 fann,

85 1165 32 20 att
141 1164 27 21 de
192 1163 72 29 öfriga
287 1164 111 28 åtgärder,
423 1171 48 14 som
489 1164 131 28 föreslogos,
640 1171 54 14 voro
710 1171 48 14 mer
774 1163 132 29 ingripande

85 1194 42 21 och
144 1194 86 21 mindre
245 1194 147 26 verksamma,
410 1194 47 21 dels
474 1194 77 21 derför
567 1195 31 20 att
616 1194 36 22 det
668 1194 57 21 dock
741 1200 47 15 mer
804 1193 42 21 och
860 1199 48 15 mer

85 1224 50 21 stod
158 1224 57 20 klart
239 1223 38 22 för
301 1224 27 21 de
351 1224 64 21 flesta
439 1225 32 20 att
492 1231 52 14 man
562 1224 117 28 verkligen
695 1224 57 21 hade
768 1224 8 20 i
791 1223 68 28 utsigt
876 1224 32 20 att

84 1254 69 20 vinna
170 1254 31 21 ett
215 1254 84 28 nyttigt
315 1254 92 21 resultat
423 1260 82 22 genom
522 1254 64 21 dessa
601 1253 229 29 fredningsområden.

157 1284 91 20 Prosten
269 1283 74 21 Walle
364 1284 41 20 har
423 1284 7 20 i
447 1284 167 21 reservationen
630 1284 41 20 och
687 1284 7 20 i
710 1283 38 21 sitt
763 1282 145 28 andragande

85 1314 73 20 ansett
174 1314 32 20 att
221 1313 107 22 utskottet
344 1313 49 21 icke
409 1312 48 22 haft
474 1313 48 21 skäl
538 1314 32 20 att
586 1312 124 27 framhålla,
730 1314 32 20 att
774 1313 64 21 dessa
849 1311 58 22 fred-

84 1342 174 29 ningsområden
281 1343 50 21 icke
355 1343 71 21 skulle
450 1343 138 21 omedelbart
612 1342 102 22 öfverallt
733 1343 99 21 inrättas.
864 1341 44 29 Jag

85 1372 40 22 ber
146 1374 32 20 att
198 1372 23 22 få
241 1373 94 28 påpeka,
356 1374 33 20 att
404 1373 121 21 initiativet
539 1373 34 21 till
589 1372 127 22 inrättande
732 1372 24 21 af
770 1372 64 22 dessa
850 1370 57 23 fred-

85 1402 174 28 ningsområden
280 1403 131 21 ankommer
430 1404 29 26 på
475 1402 257 28 fiskevårdsföreningar
748 1415 27 2 —
793 1402 61 21 detta
870 1408 37 14 en-

85 1432 42 28 ligt
150 1432 118 21 utskottets
291 1432 94 28 förslag,
409 1434 25 25 ty
458 1432 6 21 i
489 1432 166 28 propositionen
673 1432 76 27 ingick
764 1438 29 15 en
809 1430 99 22 härifrån

84 1463 70 26 något
175 1461 118 22 afvikande
309 1462 149 27 bestämning.
491 1461 71 22 Dessa
576 1461 257 28 fiskevårdsföreningar
846 1460 62 21 skola

85 1491 90 21 komma
198 1491 34 21 till
254 1491 65 21 stånd
341 1491 56 21 efter
418 1491 60 21 hand
494 1493 29 26 på
539 1491 72 28 grund
628 1491 24 21 af
666 1491 42 21 den
724 1492 99 20 närmast
838 1490 70 21 under
