1089 1795
225 100 53 18 Vym.
291 105 30 13 n:o
335 100 22 18 13
370 100 57 18 Porin
441 99 132 20 vuosimaksun
586 99 176 19 lakkauttamisesta
851 100 55 21 1487

80 156 35 20 att
137 154 91 21 komma
248 154 7 22 i
272 154 130 28 åtnjutande
419 153 25 22 af
455 153 249 30 jernvägsförbindelse
720 154 42 21 och
778 155 73 20 staten
867 154 41 27 går

83 185 23 20 in
123 184 69 28 derpä
207 184 43 21 och
265 183 64 22 utför
343 184 132 28 jernvägen,
492 185 31 20 ett
539 183 55 22 aftal
609 185 106 27 uppstätt,
732 191 48 14 som
796 183 50 22 icke
859 183 49 22 der-

82 213 58 22 efter
155 213 42 22 bör
211 213 84 28 brytas.
327 214 52 21 Man
395 213 108 22 behöfver
519 213 57 22 blott
591 213 75 22 erinra
681 213 42 28 sig,
737 213 93 22 hvilken
840 213 68 28 ovilja

81 244 40 21 det
142 243 87 26 väckte,
247 243 29 22 dä
298 237 49 28 Åbo
371 243 50 22 stad
437 243 7 21 i
459 243 62 22 tiden
537 243 78 28 erbjöd
631 250 29 15 en
675 243 79 28 miljon
769 243 38 22 för
826 244 32 20 att
874 249 34 15 er-

83 273 61 22 hälla
157 273 98 28 jernväg
269 273 49 26 och,
335 273 68 22 sedan
421 273 43 22 den
479 273 36 22 väl
532 272 45 23 fätt
593 273 34 21 sin
635 273 103 28 jernväg,
750 272 82 23 bedref
839 273 69 21 saken

83 304 32 25 sä,
137 304 32 20 att
193 303 78 22 staden
293 302 112 23 befriades
421 302 50 22 frän
487 303 157 28 skyldigheten
661 304 32 20 att
709 303 75 22 betala
799 309 108 15 summan.

81 333 47 28 Jag
144 339 65 15 anser
226 333 61 21 detta
302 332 168 29 förfaringssätt
485 333 128 28 principielt
629 333 91 22 alldeles
737 333 98 28 oriktigt.

156 363 67 20 Hvad
246 363 48 21 äter
317 363 38 21 det
373 363 70 21 andra
459 362 110 29 förslaget
585 363 147 26 vidkommer,
749 364 24 20 sä
789 369 66 22 synes
872 362 37 21 det

84 392 47 29 mig
152 392 49 22 icke
221 392 70 22 heller
307 399 55 15 vara
377 393 49 21 skäl
442 394 32 20 att
490 393 53 28 ingä
557 393 30 28 pä
603 393 84 21 sädana
703 392 205 29 detaljbestämnin-

83 429 49 22 gar,
157 422 28 21 dä
209 422 7 21 i
237 422 77 28 hvarje
330 421 40 22 fall
385 422 142 29 Björneborg
545 422 97 28 erbjudit
657 422 36 29 sig
709 424 32 20 att
757 423 92 28 erlägga
865 422 44 21 den

84 451 85 22 utfästa
193 453 71 25 ränta,
289 459 47 14 som
357 452 135 28 regeringen
513 459 64 15 anser
595 459 55 15 vara
666 452 43 21 den
724 452 114 28 lämpliga.
870 451 39 21 Att

84 481 57 22 fatta
157 482 31 21 ett
203 482 106 21 särskildt
323 482 73 21 beslut
412 482 95 21 rörande
523 483 69 27 något
607 482 56 21 visst
671 482 81 28 belopp
766 482 142 25 härutinnan,

85 513 47 20 tror
147 511 42 29 jag
204 512 50 21 icke
271 512 56 21 skall
342 511 69 22 hafva
426 513 71 20 större
512 512 110 21 inverkan
637 513 30 27 pä
682 512 135 28 regeringen
833 514 29 19 än
878 512 31 21 ett

84 541 81 21 sädant
175 541 122 27 uttalande,
309 548 48 15 som
367 542 66 28 ingär
444 542 7 20 i
462 542 174 21 statsutskottets
647 542 149 21 betänkande.
813 542 10 21 I
834 542 75 21 hvart-

85 571 54 21 dera
155 570 62 23 fallet
233 574 24 18 är
273 571 38 22 det
326 570 163 23 öfverlemnadt
503 572 34 21 till
553 572 135 28 regeringen
704 573 32 20 att
745 571 84 29 afgöra,
843 572 66 20 huru-

85 601 53 21 vida
154 601 43 21 den
213 601 40 21 vill
269 601 120 28 godkänna
405 601 37 21 det
458 608 42 15 ena
511 602 55 21 eller
577 602 38 21 det
625 601 76 21 andra.
729 601 48 22 Och
790 608 36 15 om
836 600 72 23 öfver-

85 630 85 22 hufvud
186 631 43 21 den
245 631 102 26 räntefot,
364 638 48 14 som
428 632 73 20 staten
517 631 104 29 erlägger
636 630 37 22 för
689 631 49 21 sina
748 632 44 26 län,
804 634 25 19 är
839 631 69 28 lägre,

87 660 57 22 skall
160 661 68 21 ocksä
243 661 135 29 regeringen
394 668 55 14 vara
464 661 64 28 villig
544 663 32 19 att
592 661 121 29 godkänna
729 668 27 15 en
773 661 62 28 dylik
846 661 64 28 lägre

85 690 132 28 beräkning.
249 690 46 22 Aro
311 692 47 20 äter
374 690 175 22 förhällandena
564 691 91 28 mycket
671 698 154 21 ogynsamma,
842 692 25 20 sä
878 692 32 20 att

85 720 133 22 statsverket
230 721 71 21 mäste
312 720 93 29 erlägga
420 722 29 27 pä
465 721 49 21 sina
529 721 38 21 län
583 728 28 14 en
626 721 71 28 högre
712 722 71 26 ränta,
801 721 29 21 dä
839 721 71 21 nekar

86 750 37 21 väl
139 750 66 22 äfven
221 750 134 28 regeringen
371 752 33 20 att
420 752 29 27 gä
465 751 23 21 in
498 752 30 27 pä
543 758 28 14 en
582 751 145 28 nedsättning
737 750 25 22 af
773 751 135 21 densamma.

84 779 46 29 Jag
145 779 107 22 förordar
268 780 76 22 derför
359 779 38 23 för
413 780 46 22 min
476 780 35 22 del
527 780 164 22 betänkandets
707 781 171 28 godkännande.

158 857 185 29 Lääninprovasti
367 858 112 22 Stenbäck:
510 858 61 22 Minä
595 865 28 15 en
644 858 35 22 ole
699 859 111 27 pyytänyt
826 858 84 21 mitään

87 894 77 14 armoa
180 887 57 21 enkä
252 887 52 22 edes
314 888 173 27 lievitystäkään
497 888 68 21 Porin
575 888 131 28 kaupungin
714 888 197 21 velvollisuuksien

89 917 158 27 täyttämiseen
270 917 95 22 nähden.
397 917 61 22 Minä
482 918 51 21 olen
556 918 131 21 ainoastaan
710 918 103 21 tahtonut
837 917 73 28 liittyä

87 946 220 22 valtiovaliokunnan
332 947 159 28 perusteluihin
509 948 25 27 ja
552 955 39 14 sen
609 947 105 22 tekemiin
729 947 181 22 huomautuksiin

85 976 25 28 ja
129 976 81 22 niitten
229 976 104 28 johdosta
352 977 111 27 ehdottaa,
485 979 45 20 että
544 979 39 20 tuo
599 977 178 28 puheenalainen
792 977 118 29 prosentti-

87 1009 78 18 määrä
188 1006 167 27 määrättäisiin,
377 1007 58 28 jotta
458 1007 101 22 valtiolla
579 1007 49 22 olisi
649 1007 58 28 täysi
725 1015 84 20 vapaus
825 1007 84 26 toimia,

88 1036 102 21 niinkuin
205 1036 200 22 valtiovaliokunta
421 1043 28 15 on
465 1037 138 22 ehdottanut.
635 1037 56 21 Sillä
701 1037 110 22 mikseikä
821 1037 90 21 voitaisi

88 1065 172 28 ponsilauseissa
283 1073 68 14 sanoa
369 1066 44 21 sitä
428 1073 83 20 samaa,
527 1067 55 21 mitä
597 1067 222 21 valtiovaliokunnan
835 1073 75 22 perus-

86 1095 92 22 teluissa
201 1103 29 14 on
253 1096 102 21 sanottu?
386 1095 49 22 Sitä
456 1097 61 21 minä
540 1103 28 15 en
590 1097 37 21 voi
651 1097 102 21 käsittää.
785 1097 34 21 En
835 1096 76 29 pyydä

87 1126 77 21 muuta
185 1125 151 22 sanottavaksi
356 1126 55 22 kuin
427 1126 54 22 mitä
496 1127 201 21 valtiovaliokunta
712 1127 200 28 perusteluissansa

87 1162 75 15 sanoo.

161 1226 97 29 Kollega
273 1226 98 22 Halisten:
401 1226 80 23 Niiden
505 1228 79 27 syiden
607 1228 83 26 lisäksi,
712 1228 57 28 joita
791 1227 121 29 professori

89 1256 92 22 Donner
194 1256 24 28 jo
235 1256 99 22 mainitsi
350 1256 138 22 ehdotuksen
504 1257 182 28 hylkäämiseksi,
703 1258 106 22 tahtoisin
819 1258 92 21 huoma-

87 1287 63 20 uttaa
173 1287 46 20 että
243 1286 132 22 saattaahan
397 1286 96 29 helposti
517 1287 62 21 esim.
603 1288 84 27 yhtenä
711 1288 95 21 ainoana
822 1294 90 15 vuonna

86 1316 87 28 jonkun
193 1316 71 21 radan
279 1316 168 22 liikennevoitto
463 1318 80 20 nousta
558 1318 74 20 vähän
648 1318 160 21 suuremmaksi
822 1317 25 28 ja
863 1324 48 15 seu-

88 1352 99 14 raavana
202 1352 89 15 vuonna
306 1347 49 20 taas
371 1346 96 21 alentua.
498 1346 39 22 Jos
553 1347 68 21 sitten
636 1348 41 27 nyt
693 1347 163 21 määrättäisiin
866 1348 46 20 että

88 1375 48 21 niin
159 1375 52 28 pian
235 1375 45 22 kun
303 1377 38 20 tuo
361 1376 70 21 voitto
447 1376 90 21 radasta
552 1383 29 15 on
596 1377 92 20 noussut
703 1378 143 27 määrättyyn
861 1383 51 22 pro-

89 1405 96 26 senttiin,
207 1405 46 21 heti
273 1405 103 28 puheena
392 1405 65 22 oleva
472 1406 78 21 maksu
565 1406 198 27 lakkautettaisiin,
785 1407 47 21 niin
854 1408 58 19 saat-

89 1434 50 21 taisi
161 1434 67 21 Porin
245 1435 115 28 kaupunki
375 1435 56 21 tulla
445 1436 157 27 vapautetuksi
618 1437 59 20 tästä
692 1437 120 25 maksusta,
830 1436 82 21 vaikka

89 1471 138 15 seuraavana
246 1471 90 15 vuonna
356 1465 180 28 voittoprosentti
553 1466 58 21 ehkä
627 1466 84 21 alenisi.
743 1467 35 20 En
793 1466 57 21 usko
866 1467 46 20 että

89 1494 68 21 näinä
179 1494 91 27 neljänä
293 1501 96 20 vuonna,
403 1495 64 28 jotka
483 1497 40 26 nyt
538 1495 85 22 tulevat
639 1495 126 28 kulumaan,
783 1495 130 22 ennenkuin
