1089 1775
168 78 51 18 Pvm.
232 84 30 12 n:o
275 79 11 17 3
299 78 127 18 muutoksista
438 78 79 18 Suomen
530 78 74 18 Pankin
618 78 132 23 ohjesääntöön
828 79 44 21 849

49 133 62 29 ligen
134 132 37 21 väl
189 132 118 28 grundadt.
340 132 116 28 Förslaget
478 133 40 27 gär
534 132 8 21 i
557 139 87 14 samma
658 132 107 28 riktning,
782 132 90 22 hvartill

48 162 156 22 erfarenheten
220 162 7 21 i
243 162 70 21 andra
329 162 78 21 länder
422 161 67 29 gifvit
504 162 129 28 anledning.
663 162 107 21 Betrakta
785 162 23 21 vi
824 161 48 22 för-

48 192 136 22 hällandena
207 193 16 20 ft.
240 198 33 15 ex.
290 192 7 21 i
314 191 100 29 Sverige,
431 191 63 22 finna
508 192 23 21 vi
548 192 33 21 att
596 191 105 29 Sveriges
718 192 106 21 riksbank
839 191 33 21 ul-

48 222 55 21 timo
130 222 55 20 1877
208 222 58 21 hade
290 228 28 15 en
341 220 128 30 grundfond
487 220 25 22 af
524 222 29 21 25
570 221 104 28 miljoner
689 221 83 22 kronor
787 221 40 22 och
844 228 29 15 en

49 250 130 25 reservfond
197 250 26 23 af
235 252 13 21 5
265 251 109 28 miljoner,
390 252 62 21 utom
468 251 162 29 odisponerade
645 251 79 22 medel.
744 252 56 21 1898
816 251 58 22 hade

49 289 82 21 genom
147 281 125 22 successiva
287 281 126 28 stegringar
428 281 158 28 grundfonden
601 281 58 28 höjts
674 281 35 21 till
724 282 28 21 50
763 281 110 28 miljoner,

51 318 52 15 men
119 311 158 22 reservfonden
293 311 110 22 bibehölls
419 311 39 22 vid
474 312 12 20 5
503 311 109 28 miljoner.

121 341 53 21 Man
189 341 41 21 har
245 341 50 22 hört
311 340 92 22 anföras
419 342 33 20 att
467 341 74 22 denna
556 341 95 22 relation
664 341 50 21 icke
729 347 53 15 vore
802 341 70 28 lämp-

50 371 39 28 lig,
107 372 54 20 utan
176 372 103 25 tvärtom,
293 372 73 20 säsom
381 371 41 21 hos
438 377 35 15 oss
488 371 71 22 under
576 371 43 21 den
635 371 53 21 sista
703 371 68 26 tiden,
788 377 84 15 reserv-

51 400 82 22 fonden
149 401 70 21 borde
235 407 54 15 vara
303 401 71 28 högre
390 403 29 19 än
435 400 163 29 grundfonden.
622 400 68 22 Detta
706 403 26 18 är
742 401 32 21 ett
784 400 89 22 betrak-

50 431 106 26 telsesätt,
165 437 48 15 som
221 430 41 29 jag
272 429 35 23 för
318 431 45 20 min
375 430 36 22 del
422 431 50 21 icke
482 431 45 20 kan
538 430 62 21 finna
610 429 69 22 hafva
686 431 75 28 nägon
770 430 105 29 giltighet

51 459 38 23 för
111 461 40 28 sig,
168 461 95 21 emedan
278 460 37 21 det
331 461 29 27 pä
376 461 31 21 ett
422 459 111 29 tillfälligt
548 461 45 20 sätt
608 460 40 21 hos
664 467 36 14 oss
715 461 99 28 uppstätt
825 461 49 21 der-

51 490 90 29 igenom
165 491 32 20 att
212 489 159 23 reservfonden
387 490 141 28 smäningom
545 490 63 21 vuxit
624 490 41 21 och
681 497 53 14 man
749 491 49 20 icke
815 490 60 22 velat

52 519 107 22 förändra
183 519 79 29 själfva
278 520 272 28 grundbestämningarna
566 520 7 21 i
589 520 153 28 reglementet.
774 519 47 22 Och
838 520 38 21 det

51 550 74 28 ligger
148 550 7 21 i
171 550 80 21 sakens
267 551 65 20 natur
348 551 33 20 att
396 551 31 20 ett
443 550 93 26 institut,
552 557 48 14 som
616 550 138 28 väsentligen
771 556 105 22 opererar

53 581 29 27 pä
105 586 85 16 samma
215 581 44 21 sätt
281 587 49 15 som
353 581 32 21 ett
408 581 56 21 stort
484 579 142 29 aftärsbolag,
643 579 50 22 icke
708 579 41 22 bör
763 579 69 22 hafva
847 586 28 15 en

51 611 72 21 större
139 609 129 23 reservfond
283 613 29 19 än
329 610 50 22 dess
395 610 113 28 egentliga
524 609 60 27 fond,
601 610 95 22 emedan
712 610 77 21 sädant
800 609 75 22 kunde

52 641 81 27 utgöra
155 647 27 15 en
207 640 98 28 antydan
329 647 36 14 om
389 641 32 20 att
438 647 53 14 man
514 638 93 28 fruktar,
632 641 32 20 att
680 640 123 21 detsamma
818 639 57 21 skall

53 672 56 26 göra
131 671 25 20 sä
179 671 60 21 stora
262 669 113 27 förluster,
399 671 33 20 att
455 676 104 15 reserven
575 670 41 21 bör
632 676 54 15 vara
702 670 69 21 större
788 672 28 18 än
832 669 43 22 den

53 699 66 27 basis,
135 701 30 27 pä
180 700 91 21 hvilken
288 700 37 21 det
341 699 149 22 öfverhufvud
506 706 111 22 opererar.

125 730 171 21 Bankutskottet
312 730 41 20 har
369 730 7 20 i
394 730 26 20 18
431 729 13 29 &
455 730 100 28 godkänt
566 728 212 30 bankfullmäktiges
789 728 87 28 förslag

55 760 32 20 att
101 759 53 28 höja
169 760 104 28 beloppet
290 758 25 22 af
329 759 43 22 den
388 760 119 21 obetäckta
523 758 259 30 sedelutgifningsrätten
797 759 34 21 till
846 759 31 21 40

53 789 109 28 miljoner,
171 796 52 15 men
234 790 99 21 deremot
343 789 75 28 tillagt
430 796 28 15 en
469 789 149 28 bestämning,
630 789 145 28 hvarigenom
784 789 92 22 senaten

53 820 30 27 pä
105 819 212 29 bankfullmäktiges
341 819 165 28 framställning
528 819 75 22 kunde
626 819 38 22 för
684 826 27 15 en
727 818 150 29 öfvergäende

53 849 33 21 tid
101 849 53 28 höja
169 849 62 22 detta
246 849 81 28 belopp
343 849 52 22 med
410 849 60 21 ända
484 849 35 21 till
537 850 27 20 10
579 849 103 28 miljoner
698 849 69 21 mark.
794 849 43 21 Det
852 851 25 18 är

54 879 7 21 i
85 879 74 22 denna
179 879 70 28 punkt
267 886 48 15 som
329 879 41 28 jag
385 878 37 23 för
438 879 46 21 min
502 879 35 22 del
552 879 50 22 icke
618 879 73 21 finner
706 879 117 21 utskottets
838 879 39 20 be-

54 908 111 29 visföring
188 916 55 14 vara
265 908 169 29 öofvertygande.
465 909 114 21 Utskottet
603 908 129 22 framhåller
755 908 121 22 önskvärd-

54 939 67 21 heten
137 938 65 22 deraf
215 940 33 20 att
263 939 90 21 banken
369 938 38 22 för
424 939 162 28 exceptionella
601 938 40 22 fall
656 938 62 29 finge
732 945 27 15 en
769 937 109 29 utvidgad

54 968 237 29 sedelutgifningsrätt,
309 969 41 21 och
366 970 30 27 på
411 969 40 21 sid.
470 970 12 19 7
499 969 7 20 i
522 969 152 21 betänkandet
690 968 64 22 söker
770 968 108 21 utskottet

54 998 77 22 bevisa
155 999 32 20 att
210 999 160 26 sedelstocken,
396 999 70 28 enligt
491 999 27 21 de
539 998 174 28 bestämningar,
730 1005 47 14 som
793 1005 29 14 nu
839 1000 39 19 äro

55 1028 110 28 gällande,
182 1035 53 15 vore
251 1029 144 28 otilllräcklig
410 1028 38 22 för
464 1028 43 22 den
518 1028 117 22 inhemska
646 1028 98 21 rörelsen
755 1028 60 26 eller,
827 1027 51 22 med

55 1058 70 21 andra
147 1058 47 26 ord,
214 1060 33 19 att
262 1059 37 21 det
315 1061 25 18 är
356 1058 44 21 den
416 1058 116 22 inhemska
548 1059 172 27 omsättningen,
737 1065 47 14 som
800 1056 78 22 kräfde

55 1094 28 15 en
98 1089 71 20 större
184 1088 80 21 latitud
279 1088 38 21 vid
333 1087 141 29 utgifvandet
490 1087 25 22 af
528 1088 78 21 sedlar.
639 1087 47 22 Och
703 1087 37 22 för
755 1089 32 20 att
803 1087 76 21 kunna

55 1119 61 20 möta
131 1118 175 26 eventualiteter,
323 1125 48 14 som
387 1125 30 14 nu
433 1118 42 21 och
492 1118 28 21 då
536 1118 76 21 kunna
628 1117 87 22 inträda
731 1117 36 22 för
782 1117 96 21 utlånin-

55 1154 50 21 gen,
129 1147 129 22 framhålles
281 1148 78 28 längre
384 1147 57 22 fram
464 1148 7 21 i
488 1147 151 22 betänkandet
656 1149 32 19 att
705 1147 89 22 banken
809 1146 70 22 borde

55 1177 109 22 förskaffa
187 1177 34 29 sig
245 1179 31 21 ett
296 1177 89 23 tillfälle
402 1179 31 20 att
449 1177 87 29 utgifva
552 1178 32 21 ett
600 1179 70 20 större
686 1177 80 29 belopp
784 1176 94 22 cirkula-

54 1207 139 22 tionsmedel.
217 1208 112 21 Utskottet
346 1208 94 28 antyder
456 1209 33 20 att
505 1208 37 21 det
558 1208 46 27 just
615 1210 25 18 är
651 1208 64 21 dessa
726 1207 153 21 cirkulations-

55 1237 79 26 medel,
151 1244 47 15 som
209 1238 89 21 banken
300 1233 12 36 i
326 1238 61 21 vissa
397 1237 39 21 fall
446 1237 115 27 behöfver,
574 1237 54 22 eller
639 1238 32 20 att
682 1237 198 27 bestämningarna

55 1273 36 15 om
107 1266 259 30 sedelutgifningsrätten
383 1270 39 18 äro
438 1268 128 28 onödigtvis
581 1268 87 27 trånga,
682 1267 42 21 och
735 1266 145 22 bankutskot-

54 1298 33 20 tet
110 1297 105 21 hänvisar
238 1298 7 20 i
269 1298 60 21 detta
345 1296 105 23 afseende
465 1298 30 28 på
510 1297 38 21 sitt
564 1297 142 21 betänkande
724 1296 39 22 N:o
779 1297 20 25 2,
817 1295 63 22 hvari

55 1326 74 22 denna
144 1327 165 29 omständighet
325 1327 71 22 skulle
411 1334 55 15 vara
481 1328 30 27 på
526 1328 32 21 ett
574 1326 203 22 tillfredsställande
792 1327 43 20 sätt
846 1326 34 21 ut-

55 1357 59 28 lagd.
141 1357 52 22 Men
209 1364 36 15 om
261 1365 51 14 man
329 1357 109 28 granskar
452 1357 154 22 betänkandet
621 1357 41 21 N:o
678 1357 20 26 2,
713 1357 101 21 kommer
828 1363 53 14 man

55 1387 34 20 till
105 1393 28 15 en
148 1387 47 21 helt
211 1394 73 14 annan
301 1387 96 21 slutsats.
421 1387 45 28 Jag
481 1387 40 21 vill
537 1387 50 21 icke
601 1387 121 28 uppehålla
732 1386 87 21 ståndet
830 1385 52 22 med

55 1416 113 22 citerande
193 1416 25 22 af
238 1418 83 27 många
345 1416 24 21 af
383 1417 27 21 de
426 1417 136 26 uttalanden,
580 1423 48 14 som
644 1417 7 20 i
668 1416 60 21 detta
752 1416 69 21 andra
842 1415 38 22 be-

54 1446 113 21 tänkande
184 1447 59 28 ingå,
261 1447 78 21 endast
354 1447 88 27 påpeka
458 1447 28 20 de
501 1447 138 26 uttalanden,
654 1453 47 14 som
712 1444 170 23 sammanfattas

55 1477 30 26 på
108 1476 40 21 sid.
173 1477 20 20 7.
225 1476 174 21 Bankutskottet
423 1475 129 22 framhåller
576 1476 48 21 der:
649 1477 32 20 att
697 1475 37 22 det
749 1475 71 22 ökade
836 1475 46 21 väl-

787 1517 24 17 54
