<?xml version="1.0" encoding="UTF-8"?>
<alto xmlns="http://www.loc.gov/standards/alto/ns-v3#" xmlns:xlink="http://www.w3.org/1999/xlink" xmlns:xsi="http://www.w3.org/2001/XMLSchema-instance" xsi:schemaLocation="http://www.loc.gov/standards/alto/ns-v3# http://www.loc.gov/alto/v3/alto-3-0.xsd">
	<Description>
		<MeasurementUnit>pixel</MeasurementUnit>
		<sourceImageInformation>
			<fileName>/tmp/tess_ufqrzwf6_input.PNG</fileName>
		</sourceImageInformation>
		<OCRProcessing ID="OCR_0">
			<ocrProcessingStep>
				<processingSoftware>
					<softwareName>tesseract 5.3.4</softwareName>
				</processingSoftware>
			</ocrProcessingStep>
		</OCRProcessing>
	</Description>
	<Layout>
		<Page WIDTH="1089" HEIGHT="1745" PHYSICAL_IMG_NR="0" ID="page_0">
			<PrintSpace HPOS="0" VPOS="0" WIDTH="1089" HEIGHT="1745">
				<ComposedBlock ID="cblock_0" HPOS="187" VPOS="65" WIDTH="587" HEIGHT="24">
					<TextBlock ID="block_0" HPOS="187" VPOS="65" WIDTH="587" HEIGHT="24">
						<TextLine ID="line_0" HPOS="187" VPOS="65" WIDTH="587" HEIGHT="24">
							<String ID="string_0" HPOS="187" VPOS="66" WIDTH="44" HEIGHT="21" WC="0.94" CONTENT="890"/><SP WIDTH="196" VPOS="66" HPOS="231"/>
							<String ID="string_1" HPOS="427" VPOS="65" WIDTH="124" HEIGHT="24" WC="0.91" CONTENT="Pappissääty"/><SP WIDTH="13" VPOS="65" HPOS="551"/>
							<String ID="string_2" HPOS="564" VPOS="66" WIDTH="83" HEIGHT="18" WC="0.91" CONTENT="Toukok."/><SP WIDTH="14" VPOS="66" HPOS="647"/>
							<String ID="string_3" HPOS="661" VPOS="66" WIDTH="22" HEIGHT="17" WC="0.93" CONTENT="16"/><SP WIDTH="13" VPOS="66" HPOS="683"/>
							<String ID="string_4" HPOS="696" VPOS="71" WIDTH="17" HEIGHT="18" WC="0.91" CONTENT="p."/><SP WIDTH="14" VPOS="71" HPOS="713"/>
							<String ID="string_5" HPOS="727" VPOS="66" WIDTH="47" HEIGHT="17" WC="0.96" CONTENT="1900"/>
						</TextLine>
					</TextBlock>
				</ComposedBlock>
				<ComposedBlock ID="cblock_1" HPOS="186" VPOS="119" WIDTH="826" HEIGHT="59">
					<TextBlock ID="block_1" HPOS="186" VPOS="119" WIDTH="826" HEIGHT="59">
						<TextLine ID="line_1" HPOS="259" VPOS="119" WIDTH="753" HEIGHT="29">
							<String ID="string_6" HPOS="259" VPOS="119" WIDTH="192" HEIGHT="29" WC="0.89" CONTENT="Tuomioprovasti"/><SP WIDTH="17" VPOS="119" HPOS="451"/>
							<String ID="string_7" HPOS="468" VPOS="119" WIDTH="101" HEIGHT="28" WC="0.93" CONTENT="Hedberg:"/><SP WIDTH="27" VPOS="119" HPOS="569"/>
							<String ID="string_8" HPOS="596" VPOS="120" WIDTH="95" HEIGHT="28" WC="0.92" CONTENT="Pyydän"/><SP WIDTH="11" VPOS="120" HPOS="691"/>
							<String ID="string_9" HPOS="702" VPOS="119" WIDTH="68" HEIGHT="22" WC="0.92" CONTENT="saada"/><SP WIDTH="10" VPOS="119" HPOS="770"/>
							<String ID="string_10" HPOS="780" VPOS="119" WIDTH="123" HEIGHT="22" WC="0.91" CONTENT="kannattaa"/><SP WIDTH="10" VPOS="119" HPOS="903"/>
							<String ID="string_11" HPOS="913" VPOS="119" WIDTH="99" HEIGHT="28" WC="0.92" CONTENT="provasti"/>
						</TextLine>
						<TextLine ID="line_2" HPOS="186" VPOS="149" WIDTH="287" HEIGHT="29">
							<String ID="string_12" HPOS="186" VPOS="149" WIDTH="148" HEIGHT="29" WC="0.92" CONTENT="Karlsbergin"/><SP WIDTH="17" VPOS="149" HPOS="334"/>
							<String ID="string_13" HPOS="351" VPOS="149" WIDTH="122" HEIGHT="22" WC="0.91" CONTENT="ehdotusta."/>
						</TextLine>
					</TextBlock>
				</ComposedBlock>
				<ComposedBlock ID="cblock_2" HPOS="189" VPOS="197" WIDTH="822" HEIGHT="58">
					<TextBlock ID="block_2" HPOS="189" VPOS="197" WIDTH="822" HEIGHT="58">
						<TextLine ID="line_3" HPOS="258" VPOS="197" WIDTH="753" HEIGHT="28">
							<String ID="string_14" HPOS="258" VPOS="197" WIDTH="86" HEIGHT="22" WC="0.91" CONTENT="Jätettiin"/><SP WIDTH="17" VPOS="197" HPOS="344"/>
							<String ID="string_15" HPOS="361" VPOS="197" WIDTH="132" HEIGHT="22" WC="0.90" CONTENT="valiokunnan"/><SP WIDTH="17" VPOS="197" HPOS="493"/>
							<String ID="string_16" HPOS="510" VPOS="197" WIDTH="150" HEIGHT="27" WC="0.90" CONTENT="harkittavaksi,"/><SP WIDTH="16" VPOS="197" HPOS="660"/>
							<String ID="string_17" HPOS="676" VPOS="197" WIDTH="59" HEIGHT="22" WC="0.92" CONTENT="onko"/><SP WIDTH="17" VPOS="197" HPOS="735"/>
							<String ID="string_18" HPOS="752" VPOS="198" WIDTH="66" HEIGHT="27" WC="0.91" CONTENT="syytä"/><SP WIDTH="15" VPOS="198" HPOS="818"/>
							<String ID="string_19" HPOS="833" VPOS="197" WIDTH="99" HEIGHT="28" WC="0.92" CONTENT="provasti"/><SP WIDTH="12" VPOS="197" HPOS="932"/>
							<String ID="string_20" HPOS="944" VPOS="197" WIDTH="67" HEIGHT="22" WC="0.91" CONTENT="Karls-"/>
						</TextLine>
						<TextLine ID="line_4" HPOS="189" VPOS="227" WIDTH="375" HEIGHT="28">
							<String ID="string_21" HPOS="189" VPOS="227" WIDTH="68" HEIGHT="28" WC="0.92" CONTENT="bergin"/><SP WIDTH="18" VPOS="227" HPOS="257"/>
							<String ID="string_22" HPOS="275" VPOS="227" WIDTH="107" HEIGHT="22" WC="0.91" CONTENT="tekemiin"/><SP WIDTH="17" VPOS="227" HPOS="382"/>
							<String ID="string_23" HPOS="399" VPOS="227" WIDTH="165" HEIGHT="23" WC="0.91" CONTENT="huomautuksiin."/>
						</TextLine>
					</TextBlock>
				</ComposedBlock>
				<ComposedBlock ID="cblock_3" HPOS="257" VPOS="287" WIDTH="707" HEIGHT="83">
					<TextBlock ID="block_3" HPOS="257" VPOS="287" WIDTH="707" HEIGHT="83">
						<TextLine ID="line_5" HPOS="257" VPOS="287" WIDTH="468" HEIGHT="29">
							<String ID="string_24" HPOS="257" VPOS="287" WIDTH="28" HEIGHT="29" WC="0.86" CONTENT="8:t"/><SP WIDTH="15" VPOS="287" HPOS="285"/>
							<String ID="string_25" HPOS="300" VPOS="287" WIDTH="24" HEIGHT="22" WC="0.96" CONTENT="14"/><SP WIDTH="15" VPOS="287" HPOS="324"/>
							<String ID="string_26" HPOS="339" VPOS="287" WIDTH="21" HEIGHT="28" WC="0.96" CONTENT="ja"/><SP WIDTH="15" VPOS="287" HPOS="360"/>
							<String ID="string_27" HPOS="375" VPOS="287" WIDTH="23" HEIGHT="22" WC="0.96" CONTENT="15"/><SP WIDTH="16" VPOS="287" HPOS="398"/>
							<String ID="string_28" HPOS="414" VPOS="287" WIDTH="128" HEIGHT="28" WC="0.93" CONTENT="hyväksyttiin"/><SP WIDTH="16" VPOS="287" HPOS="542"/>
							<String ID="string_29" HPOS="558" VPOS="287" WIDTH="167" HEIGHT="22" WC="0.93" CONTENT="keskustelutta."/>
						</TextLine>
						<TextLine ID="line_6" HPOS="259" VPOS="341" WIDTH="705" HEIGHT="29">
							<String ID="string_30" HPOS="259" VPOS="341" WIDTH="14" HEIGHT="22" WC="0.95" CONTENT="3"/><SP WIDTH="17" VPOS="341" HPOS="273"/>
							<String ID="string_31" HPOS="290" VPOS="341" WIDTH="50" HEIGHT="22" WC="0.76" CONTENT="luku."/><SP WIDTH="31" VPOS="341" HPOS="340"/>
							<String ID="string_32" HPOS="371" VPOS="342" WIDTH="29" HEIGHT="27" WC="0.30" CONTENT="$:t"/><SP WIDTH="14" VPOS="342" HPOS="400"/>
							<String ID="string_33" HPOS="414" VPOS="341" WIDTH="76" HEIGHT="23" WC="0.91" CONTENT="16—18"/><SP WIDTH="17" VPOS="341" HPOS="490"/>
							<String ID="string_34" HPOS="507" VPOS="342" WIDTH="127" HEIGHT="28" WC="0.93" CONTENT="hyväksyttiin"/><SP WIDTH="14" VPOS="342" HPOS="634"/>
							<String ID="string_35" HPOS="648" VPOS="342" WIDTH="135" HEIGHT="28" WC="0.92" CONTENT="järjestänsä"/><SP WIDTH="14" VPOS="342" HPOS="783"/>
							<String ID="string_36" HPOS="797" VPOS="341" WIDTH="167" HEIGHT="22" WC="0.93" CONTENT="keskustelutta."/>
						</TextLine>
					</TextBlock>
				</ComposedBlock>
				<ComposedBlock ID="cblock_4" HPOS="261" VPOS="401" WIDTH="367" HEIGHT="70">
					<TextBlock ID="block_4" HPOS="261" VPOS="401" WIDTH="367" HEIGHT="70">
						<TextLine ID="line_7" HPOS="570" VPOS="401" WIDTH="58" HEIGHT="29">
							<String ID="string_37" HPOS="570" VPOS="401" WIDTH="23" HEIGHT="23" WC="0.70" CONTENT="19"/><SP WIDTH="16" VPOS="401" HPOS="593"/>
							<String ID="string_38" HPOS="609" VPOS="402" WIDTH="19" HEIGHT="28" WC="0.86" CONTENT="8."/>
						</TextLine>
						<TextLine ID="line_8" HPOS="261" VPOS="449" WIDTH="128" HEIGHT="22">
							<String ID="string_39" HPOS="261" VPOS="449" WIDTH="128" HEIGHT="22" WC="0.96" CONTENT="Keskustelu:"/>
						</TextLine>
					</TextBlock>
				</ComposedBlock>
				<ComposedBlock ID="cblock_5" HPOS="186" VPOS="495" WIDTH="825" HEIGHT="478">
					<TextBlock ID="block_5" HPOS="186" VPOS="495" WIDTH="825" HEIGHT="478">
						<TextLine ID="line_9" HPOS="259" VPOS="495" WIDTH="751" HEIGHT="30">
							<String ID="string_40" HPOS="259" VPOS="495" WIDTH="123" HEIGHT="23" WC="0.93" CONTENT="Professori"/><SP WIDTH="24" VPOS="495" HPOS="382"/>
							<String ID="string_41" HPOS="406" VPOS="497" WIDTH="134" HEIGHT="22" WC="0.91" CONTENT="Hermanson:"/><SP WIDTH="32" VPOS="497" HPOS="540"/>
							<String ID="string_42" HPOS="572" VPOS="497" WIDTH="44" HEIGHT="28" WC="0.96" CONTENT="Jag"/><SP WIDTH="16" VPOS="497" HPOS="616"/>
							<String ID="string_43" HPOS="632" VPOS="497" WIDTH="41" HEIGHT="21" WC="0.93" CONTENT="har"/><SP WIDTH="15" VPOS="497" HPOS="673"/>
							<String ID="string_44" HPOS="688" VPOS="497" WIDTH="51" HEIGHT="22" WC="0.93" CONTENT="hört"/><SP WIDTH="14" VPOS="497" HPOS="739"/>
							<String ID="string_45" HPOS="753" VPOS="496" WIDTH="119" HEIGHT="29" WC="0.43" CONTENT="uppgitvas"/><SP WIDTH="16" VPOS="496" HPOS="872"/>
							<String ID="string_46" HPOS="888" VPOS="498" WIDTH="32" HEIGHT="20" WC="0.93" CONTENT="att"/><SP WIDTH="16" VPOS="498" HPOS="920"/>
							<String ID="string_47" HPOS="936" VPOS="497" WIDTH="74" HEIGHT="28" WC="0.92" CONTENT="skilje-"/>
						</TextLine>
						<TextLine ID="line_10" HPOS="188" VPOS="526" WIDTH="823" HEIGHT="29">
							<String ID="string_48" HPOS="188" VPOS="528" WIDTH="59" HEIGHT="24" WC="0.93" CONTENT="män,"/><SP WIDTH="26" VPOS="528" HPOS="247"/>
							<String ID="string_49" HPOS="273" VPOS="526" WIDTH="78" HEIGHT="22" WC="0.92" CONTENT="hvilka"/><SP WIDTH="22" VPOS="526" HPOS="351"/>
							<String ID="string_50" HPOS="373" VPOS="528" WIDTH="59" HEIGHT="21" WC="0.92" CONTENT="utses"/><SP WIDTH="16" VPOS="528" HPOS="432"/>
							<String ID="string_51" HPOS="448" VPOS="527" WIDTH="8" HEIGHT="21" WC="0.93" CONTENT="i"/><SP WIDTH="15" VPOS="527" HPOS="456"/>
							<String ID="string_52" HPOS="471" VPOS="526" WIDTH="82" HEIGHT="29" WC="0.92" CONTENT="frägor,"/><SP WIDTH="25" VPOS="526" HPOS="553"/>
							<String ID="string_53" HPOS="578" VPOS="527" WIDTH="84" HEIGHT="21" WC="0.93" CONTENT="sädana"/><SP WIDTH="16" VPOS="527" HPOS="662"/>
							<String ID="string_54" HPOS="678" VPOS="534" WIDTH="47" HEIGHT="15" WC="0.96" CONTENT="som"/><SP WIDTH="17" VPOS="534" HPOS="725"/>
							<String ID="string_55" HPOS="742" VPOS="527" WIDTH="80" HEIGHT="26" WC="0.93" CONTENT="denna,"/><SP WIDTH="17" VPOS="527" HPOS="822"/>
							<String ID="string_56" HPOS="839" VPOS="529" WIDTH="38" HEIGHT="20" WC="0.92" CONTENT="äro"/><SP WIDTH="16" VPOS="529" HPOS="877"/>
							<String ID="string_57" HPOS="893" VPOS="534" WIDTH="48" HEIGHT="15" WC="0.96" CONTENT="mer"/><SP WIDTH="16" VPOS="534" HPOS="941"/>
							<String ID="string_58" HPOS="957" VPOS="527" WIDTH="54" HEIGHT="21" WC="0.96" CONTENT="eller"/>
						</TextLine>
						<TextLine ID="line_11" HPOS="187" VPOS="555" WIDTH="823" HEIGHT="30">
							<String ID="string_59" HPOS="187" VPOS="555" WIDTH="88" HEIGHT="23" WC="0.93" CONTENT="mindre"/><SP WIDTH="16" VPOS="555" HPOS="275"/>
							<String ID="string_60" HPOS="291" VPOS="556" WIDTH="68" HEIGHT="29" WC="0.96" CONTENT="böjda"/><SP WIDTH="15" VPOS="556" HPOS="359"/>
							<String ID="string_61" HPOS="374" VPOS="556" WIDTH="38" HEIGHT="23" WC="0.96" CONTENT="för"/><SP WIDTH="16" VPOS="556" HPOS="412"/>
							<String ID="string_62" HPOS="428" VPOS="558" WIDTH="31" HEIGHT="20" WC="0.93" CONTENT="att"/><SP WIDTH="16" VPOS="558" HPOS="459"/>
							<String ID="string_63" HPOS="475" VPOS="564" WIDTH="53" HEIGHT="15" WC="0.96" CONTENT="anse"/><SP WIDTH="16" VPOS="564" HPOS="528"/>
							<String ID="string_64" HPOS="544" VPOS="557" WIDTH="35" HEIGHT="28" WC="0.93" CONTENT="sig"/><SP WIDTH="15" VPOS="557" HPOS="579"/>
							<String ID="string_65" HPOS="594" VPOS="558" WIDTH="74" HEIGHT="21" WC="0.96" CONTENT="såsom"/><SP WIDTH="16" VPOS="558" HPOS="668"/>
							<String ID="string_66" HPOS="684" VPOS="557" WIDTH="83" HEIGHT="21" WC="0.96" CONTENT="ombud"/><SP WIDTH="15" VPOS="557" HPOS="767"/>
							<String ID="string_67" HPOS="782" VPOS="556" WIDTH="38" HEIGHT="23" WC="0.96" CONTENT="för"/><SP WIDTH="16" VPOS="556" HPOS="820"/>
							<String ID="string_68" HPOS="836" VPOS="557" WIDTH="43" HEIGHT="22" WC="0.96" CONTENT="den"/><SP WIDTH="15" VPOS="557" HPOS="879"/>
							<String ID="string_69" HPOS="894" VPOS="558" WIDTH="56" HEIGHT="27" WC="0.96" CONTENT="part,"/><SP WIDTH="13" VPOS="558" HPOS="950"/>
							<String ID="string_70" HPOS="963" VPOS="563" WIDTH="47" HEIGHT="15" WC="0.96" CONTENT="som"/>
						</TextLine>
						<TextLine ID="line_12" HPOS="187" VPOS="586" WIDTH="822" HEIGHT="29">
							<String ID="string_71" HPOS="187" VPOS="587" WIDTH="69" HEIGHT="20" WC="0.96" CONTENT="utsett"/><SP WIDTH="24" VPOS="587" HPOS="256"/>
							<String ID="string_72" HPOS="280" VPOS="587" WIDTH="57" HEIGHT="21" WC="0.95" CONTENT="dem."/><SP WIDTH="32" VPOS="587" HPOS="337"/>
							<String ID="string_73" HPOS="369" VPOS="587" WIDTH="51" HEIGHT="21" WC="0.93" CONTENT="Med"/><SP WIDTH="24" VPOS="587" HPOS="420"/>
							<String ID="string_74" HPOS="444" VPOS="587" WIDTH="122" HEIGHT="28" WC="0.96" CONTENT="anledning"/><SP WIDTH="22" VPOS="587" HPOS="566"/>
							<String ID="string_75" HPOS="588" VPOS="586" WIDTH="67" HEIGHT="22" WC="0.96" CONTENT="häraf"/><SP WIDTH="13" VPOS="586" HPOS="655"/>
							<String ID="string_76" HPOS="668" VPOS="587" WIDTH="41" HEIGHT="21" WC="0.71" CONTENT="har"/><SP WIDTH="15" VPOS="587" HPOS="709"/>
							<String ID="string_77" HPOS="724" VPOS="587" WIDTH="7" HEIGHT="21" WC="0.71" CONTENT="i"/><SP WIDTH="17" VPOS="587" HPOS="731"/>
							<String ID="string_78" HPOS="748" VPOS="588" WIDTH="32" HEIGHT="21" WC="0.96" CONTENT="ett"/><SP WIDTH="15" VPOS="588" HPOS="780"/>
							<String ID="string_79" HPOS="795" VPOS="588" WIDTH="69" HEIGHT="20" WC="0.97" CONTENT="annat"/><SP WIDTH="15" VPOS="588" HPOS="864"/>
							<String ID="string_80" HPOS="879" VPOS="586" WIDTH="130" HEIGHT="29" WC="0.96" CONTENT="lagförslag,"/>
						</TextLine>
						<TextLine ID="line_13" HPOS="187" VPOS="616" WIDTH="823" HEIGHT="29">
							<String ID="string_81" HPOS="187" VPOS="622" WIDTH="48" HEIGHT="15" WC="0.94" CONTENT="som"/><SP WIDTH="24" VPOS="622" HPOS="235"/>
							<String ID="string_82" HPOS="259" VPOS="618" WIDTH="62" HEIGHT="19" WC="0.93" CONTENT="snart"/><SP WIDTH="23" VPOS="618" HPOS="321"/>
							<String ID="string_83" HPOS="344" VPOS="616" WIDTH="124" HEIGHT="29" WC="0.92" CONTENT="föreligger"/><SP WIDTH="14" VPOS="616" HPOS="468"/>
							<String ID="string_84" HPOS="482" VPOS="617" WIDTH="34" HEIGHT="21" WC="0.93" CONTENT="till"/><SP WIDTH="16" VPOS="617" HPOS="516"/>
							<String ID="string_85" HPOS="532" VPOS="617" WIDTH="132" HEIGHT="22" WC="0.91" CONTENT="ständernas"/><SP WIDTH="18" VPOS="617" HPOS="664"/>
							<String ID="string_86" HPOS="682" VPOS="617" WIDTH="146" HEIGHT="28" WC="0.92" CONTENT="granskning,"/><SP WIDTH="16" VPOS="617" HPOS="828"/>
							<String ID="string_87" HPOS="844" VPOS="617" WIDTH="92" HEIGHT="28" WC="0.92" CONTENT="intagits"/><SP WIDTH="15" VPOS="617" HPOS="936"/>
							<String ID="string_88" HPOS="951" VPOS="617" WIDTH="59" HEIGHT="21" WC="0.92" CONTENT="stad-"/>
						</TextLine>
						<TextLine ID="line_14" HPOS="187" VPOS="645" WIDTH="824" HEIGHT="30">
							<String ID="string_89" HPOS="187" VPOS="645" WIDTH="75" HEIGHT="28" WC="0.91" CONTENT="gande"/><SP WIDTH="25" VPOS="645" HPOS="262"/>
							<String ID="string_90" HPOS="287" VPOS="646" WIDTH="76" HEIGHT="21" WC="0.92" CONTENT="derom"/><SP WIDTH="24" VPOS="646" HPOS="363"/>
							<String ID="string_91" HPOS="387" VPOS="648" WIDTH="32" HEIGHT="20" WC="0.93" CONTENT="att"/><SP WIDTH="23" VPOS="648" HPOS="419"/>
							<String ID="string_92" HPOS="442" VPOS="647" WIDTH="118" HEIGHT="28" WC="0.88" CONTENT="skiljemän"/><SP WIDTH="23" VPOS="647" HPOS="560"/>
							<String ID="string_93" HPOS="583" VPOS="647" WIDTH="83" HEIGHT="21" WC="0.88" CONTENT="handla"/><SP WIDTH="23" VPOS="647" HPOS="666"/>
							<String ID="string_94" HPOS="689" VPOS="647" WIDTH="72" HEIGHT="21" WC="0.92" CONTENT="under"/><SP WIDTH="18" VPOS="647" HPOS="761"/>
							<String ID="string_95" HPOS="779" VPOS="647" WIDTH="179" HEIGHT="26" WC="0.92" CONTENT="domareansvar,"/><SP WIDTH="21" VPOS="647" HPOS="958"/>
							<String ID="string_96" HPOS="979" VPOS="648" WIDTH="32" HEIGHT="20" WC="0.96" CONTENT="ett"/>
						</TextLine>
						<TextLine ID="line_15" HPOS="187" VPOS="675" WIDTH="823" HEIGHT="30">
							<String ID="string_97" HPOS="187" VPOS="675" WIDTH="132" HEIGHT="29" WC="0.92" CONTENT="stadgande,"/><SP WIDTH="26" VPOS="675" HPOS="319"/>
							<String ID="string_98" HPOS="345" VPOS="676" WIDTH="85" HEIGHT="22" WC="0.93" CONTENT="hvilket"/><SP WIDTH="16" VPOS="676" HPOS="430"/>
							<String ID="string_99" HPOS="446" VPOS="677" WIDTH="48" HEIGHT="21" WC="0.92" CONTENT="icke"/><SP WIDTH="17" VPOS="677" HPOS="494"/>
							<String ID="string_100" HPOS="511" VPOS="677" WIDTH="79" HEIGHT="21" WC="0.96" CONTENT="endast"/><SP WIDTH="15" VPOS="677" HPOS="590"/>
							<String ID="string_101" HPOS="605" VPOS="677" WIDTH="94" HEIGHT="22" WC="0.96" CONTENT="innebär"/><SP WIDTH="17" VPOS="677" HPOS="699"/>
							<String ID="string_102" HPOS="716" VPOS="677" WIDTH="31" HEIGHT="21" WC="0.97" CONTENT="att"/><SP WIDTH="16" VPOS="677" HPOS="747"/>
							<String ID="string_103" HPOS="763" VPOS="677" WIDTH="43" HEIGHT="22" WC="0.93" CONTENT="den"/><SP WIDTH="16" VPOS="677" HPOS="806"/>
							<String ID="string_104" HPOS="822" VPOS="677" WIDTH="124" HEIGHT="28" WC="0.91" CONTENT="skiljeman,"/><SP WIDTH="17" VPOS="677" HPOS="946"/>
							<String ID="string_105" HPOS="963" VPOS="683" WIDTH="47" HEIGHT="15" WC="0.97" CONTENT="som"/>
						</TextLine>
						<TextLine ID="line_16" HPOS="187" VPOS="705" WIDTH="823" HEIGHT="30">
							<String ID="string_106" HPOS="187" VPOS="705" WIDTH="96" HEIGHT="22" WC="0.89" CONTENT="handlar"/><SP WIDTH="23" VPOS="705" HPOS="283"/>
							<String ID="string_107" HPOS="306" VPOS="706" WIDTH="100" HEIGHT="28" WC="0.96" CONTENT="partiskt,"/><SP WIDTH="26" VPOS="706" HPOS="406"/>
							<String ID="string_108" HPOS="432" VPOS="709" WIDTH="24" HEIGHT="19" WC="0.90" CONTENT="är"/><SP WIDTH="22" VPOS="709" HPOS="456"/>
							<String ID="string_109" HPOS="478" VPOS="706" WIDTH="106" HEIGHT="23" WC="0.96" CONTENT="förfallen"/><SP WIDTH="16" VPOS="706" HPOS="584"/>
							<String ID="string_110" HPOS="600" VPOS="706" WIDTH="34" HEIGHT="22" WC="0.96" CONTENT="till"/><SP WIDTH="16" VPOS="706" HPOS="634"/>
							<String ID="string_111" HPOS="650" VPOS="706" WIDTH="66" HEIGHT="22" WC="0.96" CONTENT="straff"/><SP WIDTH="14" VPOS="706" HPOS="716"/>
							<String ID="string_112" HPOS="730" VPOS="707" WIDTH="70" HEIGHT="28" WC="0.93" CONTENT="enligt"/><SP WIDTH="15" VPOS="707" HPOS="800"/>
							<String ID="string_113" HPOS="815" VPOS="706" WIDTH="141" HEIGHT="29" WC="0.82" CONTENT="strafflagens"/><SP WIDTH="16" VPOS="706" HPOS="956"/>
							<String ID="string_114" HPOS="972" VPOS="707" WIDTH="38" HEIGHT="21" WC="0.88" CONTENT="be-"/>
						</TextLine>
						<TextLine ID="line_17" HPOS="187" VPOS="735" WIDTH="823" HEIGHT="30">
							<String ID="string_115" HPOS="187" VPOS="735" WIDTH="140" HEIGHT="29" WC="0.90" CONTENT="stämningar"/><SP WIDTH="23" VPOS="735" HPOS="327"/>
							<String ID="string_116" HPOS="350" VPOS="743" WIDTH="36" HEIGHT="14" WC="0.93" CONTENT="om"/><SP WIDTH="24" VPOS="743" HPOS="386"/>
							<String ID="string_117" HPOS="410" VPOS="736" WIDTH="96" HEIGHT="27" WC="0.92" CONTENT="domare,"/><SP WIDTH="25" VPOS="736" HPOS="506"/>
							<String ID="string_118" HPOS="531" VPOS="743" WIDTH="47" HEIGHT="15" WC="0.95" CONTENT="som"/><SP WIDTH="23" VPOS="743" HPOS="578"/>
							<String ID="string_119" HPOS="601" VPOS="737" WIDTH="60" HEIGHT="28" WC="0.95" CONTENT="gjort"/><SP WIDTH="15" VPOS="737" HPOS="661"/>
							<String ID="string_120" HPOS="676" VPOS="737" WIDTH="36" HEIGHT="28" WC="0.93" CONTENT="sig"/><SP WIDTH="15" VPOS="737" HPOS="712"/>
							<String ID="string_121" HPOS="727" VPOS="737" WIDTH="91" HEIGHT="28" WC="0.92" CONTENT="skyldig"/><SP WIDTH="14" VPOS="737" HPOS="818"/>
							<String ID="string_122" HPOS="832" VPOS="737" WIDTH="34" HEIGHT="21" WC="0.93" CONTENT="till"/><SP WIDTH="15" VPOS="737" HPOS="866"/>
							<String ID="string_123" HPOS="881" VPOS="737" WIDTH="59" HEIGHT="26" WC="0.92" CONTENT="väld,"/><SP WIDTH="17" VPOS="737" HPOS="940"/>
							<String ID="string_124" HPOS="957" VPOS="738" WIDTH="53" HEIGHT="20" WC="0.96" CONTENT="utan"/>
						</TextLine>
						<TextLine ID="line_18" HPOS="187" VPOS="765" WIDTH="823" HEIGHT="30">
							<String ID="string_125" HPOS="187" VPOS="765" WIDTH="69" HEIGHT="22" WC="0.96" CONTENT="också"/><SP WIDTH="21" VPOS="765" HPOS="256"/>
							<String ID="string_126" HPOS="277" VPOS="772" WIDTH="54" HEIGHT="15" WC="0.92" CONTENT="vore"/><SP WIDTH="24" VPOS="772" HPOS="331"/>
							<String ID="string_127" HPOS="355" VPOS="767" WIDTH="83" HEIGHT="28" WC="0.92" CONTENT="egnadt"/><SP WIDTH="23" VPOS="767" HPOS="438"/>
							<String ID="string_128" HPOS="461" VPOS="767" WIDTH="32" HEIGHT="21" WC="0.93" CONTENT="att"/><SP WIDTH="22" VPOS="767" HPOS="493"/>
							<String ID="string_129" HPOS="515" VPOS="767" WIDTH="107" HEIGHT="28" WC="0.96" CONTENT="påminna"/><SP WIDTH="24" VPOS="767" HPOS="622"/>
							<String ID="string_130" HPOS="646" VPOS="767" WIDTH="84" HEIGHT="21" WC="0.93" CONTENT="sådana"/><SP WIDTH="19" VPOS="767" HPOS="730"/>
							<String ID="string_131" HPOS="749" VPOS="767" WIDTH="118" HEIGHT="27" WC="0.92" CONTENT="skiljemän"/><SP WIDTH="15" VPOS="767" HPOS="867"/>
							<String ID="string_132" HPOS="882" VPOS="773" WIDTH="37" HEIGHT="15" WC="0.96" CONTENT="om"/><SP WIDTH="16" VPOS="773" HPOS="919"/>
							<String ID="string_133" HPOS="935" VPOS="767" WIDTH="32" HEIGHT="20" WC="0.96" CONTENT="att"/><SP WIDTH="16" VPOS="767" HPOS="967"/>
							<String ID="string_134" HPOS="983" VPOS="767" WIDTH="27" HEIGHT="21" WC="0.97" CONTENT="de"/>
						</TextLine>
						<TextLine ID="line_19" HPOS="187" VPOS="795" WIDTH="823" HEIGHT="30">
							<String ID="string_135" HPOS="187" VPOS="795" WIDTH="50" HEIGHT="22" WC="0.96" CONTENT="icke"/><SP WIDTH="26" VPOS="795" HPOS="237"/>
							<String ID="string_136" HPOS="263" VPOS="798" WIDTH="38" HEIGHT="19" WC="0.96" CONTENT="äro"/><SP WIDTH="16" VPOS="798" HPOS="301"/>
							<String ID="string_137" HPOS="317" VPOS="796" WIDTH="89" HEIGHT="26" WC="0.96" CONTENT="ombud,"/><SP WIDTH="17" VPOS="796" HPOS="406"/>
							<String ID="string_138" HPOS="423" VPOS="797" WIDTH="53" HEIGHT="20" WC="0.96" CONTENT="utan"/><SP WIDTH="15" VPOS="797" HPOS="476"/>
							<String ID="string_139" HPOS="491" VPOS="796" WIDTH="63" HEIGHT="22" WC="0.93" CONTENT="skola"/><SP WIDTH="15" VPOS="796" HPOS="554"/>
							<String ID="string_140" HPOS="569" VPOS="796" WIDTH="84" HEIGHT="22" WC="0.96" CONTENT="handla"/><SP WIDTH="15" VPOS="796" HPOS="653"/>
							<String ID="string_141" HPOS="668" VPOS="796" WIDTH="115" HEIGHT="29" WC="0.96" CONTENT="opartiskt."/><SP WIDTH="32" VPOS="796" HPOS="783"/>
							<String ID="string_142" HPOS="815" VPOS="796" WIDTH="44" HEIGHT="22" WC="0.93" CONTENT="Det"/><SP WIDTH="16" VPOS="796" HPOS="859"/>
							<String ID="string_143" HPOS="875" VPOS="803" WIDTH="66" HEIGHT="21" WC="0.96" CONTENT="synes"/><SP WIDTH="16" VPOS="803" HPOS="941"/>
							<String ID="string_144" HPOS="957" VPOS="796" WIDTH="53" HEIGHT="28" WC="0.96" CONTENT="mig,"/>
						</TextLine>
						<TextLine ID="line_20" HPOS="187" VPOS="825" WIDTH="823" HEIGHT="30">
							<String ID="string_145" HPOS="187" VPOS="826" WIDTH="77" HEIGHT="20" WC="0.96" CONTENT="såsom"/><SP WIDTH="16" VPOS="826" HPOS="264"/>
							<String ID="string_146" HPOS="280" VPOS="832" WIDTH="53" HEIGHT="15" WC="0.96" CONTENT="vore"/><SP WIDTH="18" VPOS="832" HPOS="333"/>
							<String ID="string_147" HPOS="351" VPOS="826" WIDTH="37" HEIGHT="21" WC="0.96" CONTENT="det"/><SP WIDTH="15" VPOS="826" HPOS="388"/>
							<String ID="string_148" HPOS="403" VPOS="826" WIDTH="49" HEIGHT="21" WC="0.96" CONTENT="skäl"/><SP WIDTH="15" VPOS="826" HPOS="452"/>
							<String ID="string_149" HPOS="467" VPOS="827" WIDTH="31" HEIGHT="20" WC="0.96" CONTENT="att"/><SP WIDTH="16" VPOS="827" HPOS="498"/>
							<String ID="string_150" HPOS="514" VPOS="826" WIDTH="68" HEIGHT="21" WC="0.96" CONTENT="också"/><SP WIDTH="16" VPOS="826" HPOS="582"/>
							<String ID="string_151" HPOS="598" VPOS="826" WIDTH="7" HEIGHT="21" WC="0.96" CONTENT="i"/><SP WIDTH="17" VPOS="826" HPOS="605"/>
							<String ID="string_152" HPOS="622" VPOS="826" WIDTH="61" HEIGHT="22" WC="0.96" CONTENT="detta"/><SP WIDTH="15" VPOS="826" HPOS="683"/>
							<String ID="string_153" HPOS="698" VPOS="825" WIDTH="126" HEIGHT="30" WC="0.95" CONTENT="lagförslag"/><SP WIDTH="15" VPOS="825" HPOS="824"/>
							<String ID="string_154" HPOS="839" VPOS="826" WIDTH="77" HEIGHT="29" WC="0.96" CONTENT="intaga"/><SP WIDTH="16" VPOS="826" HPOS="916"/>
							<String ID="string_155" HPOS="932" VPOS="833" WIDTH="28" HEIGHT="15" WC="0.93" CONTENT="en"/><SP WIDTH="16" VPOS="833" HPOS="960"/>
							<String ID="string_156" HPOS="976" VPOS="827" WIDTH="34" HEIGHT="20" WC="0.91" CONTENT="så-"/>
						</TextLine>
						<TextLine ID="line_21" HPOS="187" VPOS="854" WIDTH="824" HEIGHT="30">
							<String ID="string_157" HPOS="187" VPOS="854" WIDTH="45" HEIGHT="22" WC="0.96" CONTENT="dan"/><SP WIDTH="17" VPOS="854" HPOS="232"/>
							<String ID="string_158" HPOS="249" VPOS="855" WIDTH="150" HEIGHT="29" WC="0.96" CONTENT="bestämning,"/><SP WIDTH="17" VPOS="855" HPOS="399"/>
							<String ID="string_159" HPOS="416" VPOS="856" WIDTH="42" HEIGHT="21" WC="0.96" CONTENT="och"/><SP WIDTH="15" VPOS="856" HPOS="458"/>
							<String ID="string_160" HPOS="473" VPOS="856" WIDTH="41" HEIGHT="21" WC="0.96" CONTENT="ber"/><SP WIDTH="12" VPOS="856" HPOS="514"/>
							<String ID="string_161" HPOS="526" VPOS="856" WIDTH="41" HEIGHT="28" WC="0.96" CONTENT="jag"/><SP WIDTH="16" VPOS="856" HPOS="567"/>
							<String ID="string_162" HPOS="583" VPOS="857" WIDTH="33" HEIGHT="21" WC="0.96" CONTENT="att"/><SP WIDTH="15" VPOS="857" HPOS="616"/>
							<String ID="string_163" HPOS="631" VPOS="855" WIDTH="23" HEIGHT="22" WC="0.96" CONTENT="få"/><SP WIDTH="16" VPOS="855" HPOS="654"/>
							<String ID="string_164" HPOS="670" VPOS="855" WIDTH="86" HEIGHT="23" WC="0.96" CONTENT="föreslå"/><SP WIDTH="16" VPOS="855" HPOS="756"/>
							<String ID="string_165" HPOS="772" VPOS="856" WIDTH="126" HEIGHT="21" WC="0.96" CONTENT="återremiss"/><SP WIDTH="17" VPOS="856" HPOS="898"/>
							<String ID="string_166" HPOS="915" VPOS="855" WIDTH="25" HEIGHT="22" WC="0.96" CONTENT="af"/><SP WIDTH="16" VPOS="855" HPOS="940"/>
							<String ID="string_167" HPOS="956" VPOS="857" WIDTH="26" HEIGHT="19" WC="0.95" CONTENT="19"/><SP WIDTH="16" VPOS="857" HPOS="982"/>
							<String ID="string_168" HPOS="998" VPOS="856" WIDTH="13" HEIGHT="28" WC="0.92" CONTENT="&amp;"/>
						</TextLine>
						<TextLine ID="line_22" HPOS="186" VPOS="884" WIDTH="825" HEIGHT="30">
							<String ID="string_169" HPOS="186" VPOS="884" WIDTH="35" HEIGHT="21" WC="0.93" CONTENT="till"/><SP WIDTH="23" VPOS="884" HPOS="221"/>
							<String ID="string_170" HPOS="244" VPOS="884" WIDTH="109" HEIGHT="22" WC="0.94" CONTENT="utskottet"/><SP WIDTH="23" VPOS="884" HPOS="353"/>
							<String ID="string_171" HPOS="376" VPOS="886" WIDTH="51" HEIGHT="21" WC="0.96" CONTENT="med"/><SP WIDTH="26" VPOS="886" HPOS="427"/>
							<String ID="string_172" HPOS="453" VPOS="886" WIDTH="110" HEIGHT="21" WC="0.96" CONTENT="anmodan"/><SP WIDTH="23" VPOS="886" HPOS="563"/>
							<String ID="string_173" HPOS="586" VPOS="886" WIDTH="35" HEIGHT="20" WC="0.96" CONTENT="till"/><SP WIDTH="15" VPOS="886" HPOS="621"/>
							<String ID="string_174" HPOS="636" VPOS="886" WIDTH="107" HEIGHT="21" WC="0.95" CONTENT="utskottet"/><SP WIDTH="16" VPOS="886" HPOS="743"/>
							<String ID="string_175" HPOS="759" VPOS="887" WIDTH="32" HEIGHT="19" WC="0.97" CONTENT="att"/><SP WIDTH="17" VPOS="887" HPOS="791"/>
							<String ID="string_176" HPOS="808" VPOS="886" WIDTH="106" HEIGHT="28" WC="0.96" CONTENT="antingen"/><SP WIDTH="17" VPOS="886" HPOS="914"/>
							<String ID="string_177" HPOS="931" VPOS="886" WIDTH="6" HEIGHT="20" WC="0.96" CONTENT="i"/><SP WIDTH="19" VPOS="886" HPOS="937"/>
							<String ID="string_178" HPOS="956" VPOS="886" WIDTH="26" HEIGHT="20" WC="0.93" CONTENT="19"/><SP WIDTH="16" VPOS="886" HPOS="982"/>
							<String ID="string_179" HPOS="998" VPOS="886" WIDTH="13" HEIGHT="28" WC="0.88" CONTENT="&amp;"/>
						</TextLine>
						<TextLine ID="line_23" HPOS="187" VPOS="914" WIDTH="823" HEIGHT="30">
							<String ID="string_180" HPOS="187" VPOS="914" WIDTH="56" HEIGHT="22" WC="0.96" CONTENT="eller"/><SP WIDTH="16" VPOS="914" HPOS="243"/>
							<String ID="string_181" HPOS="259" VPOS="914" WIDTH="8" HEIGHT="21" WC="0.96" CONTENT="i"/><SP WIDTH="14" VPOS="914" HPOS="267"/>
							<String ID="string_182" HPOS="281" VPOS="916" WIDTH="76" HEIGHT="27" WC="0.96" CONTENT="någon"/><SP WIDTH="16" VPOS="916" HPOS="357"/>
							<String ID="string_183" HPOS="373" VPOS="922" WIDTH="74" HEIGHT="14" WC="0.96" CONTENT="annan"/><SP WIDTH="16" VPOS="922" HPOS="447"/>
							<String ID="string_184" HPOS="463" VPOS="914" WIDTH="25" HEIGHT="22" WC="0.96" CONTENT="af"/><SP WIDTH="13" VPOS="914" HPOS="488"/>
							<String ID="string_185" HPOS="501" VPOS="916" WIDTH="27" HEIGHT="21" WC="0.96" CONTENT="de"/><SP WIDTH="16" VPOS="916" HPOS="528"/>
							<String ID="string_186" HPOS="544" VPOS="915" WIDTH="101" HEIGHT="28" WC="0.96" CONTENT="följande"/><SP WIDTH="16" VPOS="915" HPOS="645"/>
							<String ID="string_187" HPOS="661" VPOS="915" WIDTH="161" HEIGHT="29" WC="0.96" CONTENT="paragraferna"/><SP WIDTH="16" VPOS="915" HPOS="822"/>
							<String ID="string_188" HPOS="838" VPOS="915" WIDTH="75" HEIGHT="22" WC="0.96" CONTENT="införa"/><SP WIDTH="16" VPOS="915" HPOS="913"/>
							<String ID="string_189" HPOS="929" VPOS="922" WIDTH="28" HEIGHT="15" WC="0.93" CONTENT="en"/><SP WIDTH="15" VPOS="922" HPOS="957"/>
							<String ID="string_190" HPOS="972" VPOS="916" WIDTH="38" HEIGHT="21" WC="0.91" CONTENT="be-"/>
						</TextLine>
						<TextLine ID="line_24" HPOS="187" VPOS="944" WIDTH="718" HEIGHT="29">
							<String ID="string_191" HPOS="187" VPOS="944" WIDTH="115" HEIGHT="28" WC="0.95" CONTENT="stämning"/><SP WIDTH="16" VPOS="944" HPOS="302"/>
							<String ID="string_192" HPOS="318" VPOS="951" WIDTH="36" HEIGHT="15" WC="0.96" CONTENT="om"/><SP WIDTH="17" VPOS="951" HPOS="354"/>
							<String ID="string_193" HPOS="371" VPOS="946" WIDTH="32" HEIGHT="20" WC="0.93" CONTENT="att"/><SP WIDTH="15" VPOS="946" HPOS="403"/>
							<String ID="string_194" HPOS="418" VPOS="948" WIDTH="107" HEIGHT="25" WC="0.92" CONTENT="synemän"/><SP WIDTH="16" VPOS="948" HPOS="525"/>
							<String ID="string_195" HPOS="541" VPOS="945" WIDTH="83" HEIGHT="22" WC="0.96" CONTENT="handla"/><SP WIDTH="15" VPOS="945" HPOS="624"/>
							<String ID="string_196" HPOS="639" VPOS="945" WIDTH="72" HEIGHT="22" WC="0.93" CONTENT="under"/><SP WIDTH="15" VPOS="945" HPOS="711"/>
							<String ID="string_197" HPOS="726" VPOS="945" WIDTH="179" HEIGHT="22" WC="0.91" CONTENT="domareansvar."/>
						</TextLine>
					</TextBlock>
				</ComposedBlock>
				<ComposedBlock ID="cblock_6" HPOS="186" VPOS="997" WIDTH="825" HEIGHT="143">
					<TextBlock ID="block_6" HPOS="186" VPOS="997" WIDTH="825" HEIGHT="143">
						<TextLine ID="line_25" HPOS="259" VPOS="997" WIDTH="751" HEIGHT="30">
							<String ID="string_198" HPOS="259" VPOS="997" WIDTH="153" HEIGHT="23" WC="0.93" CONTENT="Kirkkoherra"/><SP WIDTH="16" VPOS="997" HPOS="412"/>
							<String ID="string_199" HPOS="428" VPOS="998" WIDTH="93" HEIGHT="23" WC="0.89" CONTENT="Nauklér:"/><SP WIDTH="27" VPOS="998" HPOS="521"/>
							<String ID="string_200" HPOS="548" VPOS="999" WIDTH="116" HEIGHT="28" WC="0.96" CONTENT="Pyytäisin"/><SP WIDTH="12" VPOS="999" HPOS="664"/>
							<String ID="string_201" HPOS="676" VPOS="999" WIDTH="130" HEIGHT="21" WC="0.95" CONTENT="ainoastaan"/><SP WIDTH="10" VPOS="999" HPOS="806"/>
							<String ID="string_202" HPOS="816" VPOS="999" WIDTH="69" HEIGHT="21" WC="0.93" CONTENT="saada"/><SP WIDTH="9" VPOS="999" HPOS="885"/>
							<String ID="string_203" HPOS="894" VPOS="998" WIDTH="116" HEIGHT="22" WC="0.91" CONTENT="huomaut-"/>
						</TextLine>
						<TextLine ID="line_26" HPOS="186" VPOS="1028" WIDTH="825" HEIGHT="29">
							<String ID="string_204" HPOS="186" VPOS="1028" WIDTH="39" HEIGHT="20" WC="0.96" CONTENT="taa"/><SP WIDTH="16" VPOS="1028" HPOS="225"/>
							<String ID="string_205" HPOS="241" VPOS="1029" WIDTH="74" HEIGHT="20" WC="0.96" CONTENT="erästä"/><SP WIDTH="16" VPOS="1029" HPOS="315"/>
							<String ID="string_206" HPOS="331" VPOS="1028" WIDTH="168" HEIGHT="22" WC="0.96" CONTENT="suomalaisessa"/><SP WIDTH="14" VPOS="1028" HPOS="499"/>
							<String ID="string_207" HPOS="513" VPOS="1028" WIDTH="104" HEIGHT="22" WC="0.96" CONTENT="tekstissä"/><SP WIDTH="10" VPOS="1028" HPOS="617"/>
							<String ID="string_208" HPOS="627" VPOS="1029" WIDTH="80" HEIGHT="21" WC="0.93" CONTENT="olevaa"/><SP WIDTH="9" VPOS="1029" HPOS="707"/>
							<String ID="string_209" HPOS="716" VPOS="1028" WIDTH="171" HEIGHT="29" WC="0.91" CONTENT="painovirhettä."/><SP WIDTH="28" VPOS="1028" HPOS="887"/>
							<String ID="string_210" HPOS="915" VPOS="1029" WIDTH="96" HEIGHT="21" WC="0.96" CONTENT="Toisella"/>
						</TextLine>
						<TextLine ID="line_27" HPOS="187" VPOS="1056" WIDTH="823" HEIGHT="31">
							<String ID="string_211" HPOS="187" VPOS="1056" WIDTH="75" HEIGHT="22" WC="0.96" CONTENT="rivillä"/><SP WIDTH="17" VPOS="1056" HPOS="262"/>
							<String ID="string_212" HPOS="279" VPOS="1064" WIDTH="28" HEIGHT="15" WC="0.93" CONTENT="on"/><SP WIDTH="19" VPOS="1064" HPOS="307"/>
							<String ID="string_213" HPOS="326" VPOS="1058" WIDTH="223" HEIGHT="28" WC="0.38" CONTENT="»maanviljekseene,"/><SP WIDTH="16" VPOS="1058" HPOS="549"/>
							<String ID="string_214" HPOS="565" VPOS="1059" WIDTH="62" HEIGHT="28" WC="0.97" CONTENT="pitää"/><SP WIDTH="16" VPOS="1059" HPOS="627"/>
							<String ID="string_215" HPOS="643" VPOS="1058" WIDTH="45" HEIGHT="22" WC="0.93" CONTENT="olla"/><SP WIDTH="18" VPOS="1058" HPOS="688"/>
							<String ID="string_216" HPOS="706" VPOS="1058" WIDTH="247" HEIGHT="28" WC="0.49" CONTENT="»maanviljelykseen&lt;."/><SP WIDTH="17" VPOS="1058" HPOS="953"/>
							<String ID="string_217" HPOS="970" VPOS="1058" WIDTH="40" HEIGHT="22" WC="0.91" CONTENT="Sa-"/>
						</TextLine>
						<TextLine ID="line_28" HPOS="187" VPOS="1086" WIDTH="823" HEIGHT="30">
							<String ID="string_218" HPOS="187" VPOS="1086" WIDTH="69" HEIGHT="22" WC="0.96" CONTENT="malla"/><SP WIDTH="24" VPOS="1086" HPOS="256"/>
							<String ID="string_219" HPOS="280" VPOS="1088" WIDTH="92" HEIGHT="28" WC="0.96" CONTENT="pyydän"/><SP WIDTH="24" VPOS="1088" HPOS="372"/>
							<String ID="string_220" HPOS="396" VPOS="1091" WIDTH="63" HEIGHT="25" WC="0.96" CONTENT="myös"/><SP WIDTH="23" VPOS="1091" HPOS="459"/>
							<String ID="string_221" HPOS="482" VPOS="1088" WIDTH="69" HEIGHT="22" WC="0.96" CONTENT="saada"/><SP WIDTH="21" VPOS="1088" HPOS="551"/>
							<String ID="string_222" HPOS="572" VPOS="1088" WIDTH="124" HEIGHT="22" WC="0.96" CONTENT="kannattaa"/><SP WIDTH="15" VPOS="1088" HPOS="696"/>
							<String ID="string_223" HPOS="711" VPOS="1088" WIDTH="119" HEIGHT="28" WC="0.96" CONTENT="professori"/><SP WIDTH="16" VPOS="1088" HPOS="830"/>
							<String ID="string_224" HPOS="846" VPOS="1088" WIDTH="164" HEIGHT="22" WC="0.96" CONTENT="Hermansonin"/>
						</TextLine>
						<TextLine ID="line_29" HPOS="186" VPOS="1116" WIDTH="326" HEIGHT="24">
							<String ID="string_225" HPOS="186" VPOS="1116" WIDTH="70" HEIGHT="22" WC="0.92" CONTENT="äsken"/><SP WIDTH="15" VPOS="1116" HPOS="256"/>
							<String ID="string_226" HPOS="271" VPOS="1117" WIDTH="104" HEIGHT="22" WC="0.96" CONTENT="tekemää"/><SP WIDTH="16" VPOS="1117" HPOS="375"/>
							<String ID="string_227" HPOS="391" VPOS="1118" WIDTH="121" HEIGHT="22" WC="0.96" CONTENT="ehdotusta."/>
						</TextLine>
					</TextBlock>
				</ComposedBlock>
				<ComposedBlock ID="cblock_7" HPOS="182" VPOS="1171" WIDTH="828" HEIGHT="328">
					<TextBlock ID="block_7" HPOS="182" VPOS="1171" WIDTH="828" HEIGHT="328">
						<TextLine ID="line_30" HPOS="256" VPOS="1171" WIDTH="754" HEIGHT="30">
							<String ID="string_228" HPOS="256" VPOS="1171" WIDTH="102" HEIGHT="22" WC="0.93" CONTENT="Provasti"/><SP WIDTH="23" VPOS="1171" HPOS="358"/>
							<String ID="string_229" HPOS="381" VPOS="1172" WIDTH="79" HEIGHT="22" WC="0.95" CONTENT="Wallin:"/><SP WIDTH="32" VPOS="1172" HPOS="460"/>
							<String ID="string_230" HPOS="492" VPOS="1172" WIDTH="69" HEIGHT="22" WC="0.96" CONTENT="Tässä"/><SP WIDTH="26" VPOS="1172" HPOS="561"/>
							<String ID="string_231" HPOS="587" VPOS="1174" WIDTH="26" HEIGHT="20" WC="0.96" CONTENT="19"/><SP WIDTH="15" VPOS="1174" HPOS="613"/>
							<String ID="string_232" HPOS="628" VPOS="1173" WIDTH="103" HEIGHT="21" WC="0.96" CONTENT="niinkuin"/><SP WIDTH="15" VPOS="1173" HPOS="731"/>
							<String ID="string_233" HPOS="746" VPOS="1175" WIDTH="64" HEIGHT="25" WC="0.96" CONTENT="myös"/><SP WIDTH="16" VPOS="1175" HPOS="810"/>
							<String ID="string_234" HPOS="826" VPOS="1174" WIDTH="29" HEIGHT="20" WC="0.96" CONTENT="20"/><SP WIDTH="13" VPOS="1174" HPOS="855"/>
							<String ID="string_235" HPOS="868" VPOS="1172" WIDTH="25" HEIGHT="28" WC="0.96" CONTENT="ja"/><SP WIDTH="15" VPOS="1172" HPOS="893"/>
							<String ID="string_236" HPOS="908" VPOS="1174" WIDTH="30" HEIGHT="20" WC="0.93" CONTENT="24"/><SP WIDTH="15" VPOS="1174" HPOS="938"/>
							<String ID="string_237" HPOS="953" VPOS="1172" WIDTH="57" HEIGHT="29" WC="0.65" CONTENT="&amp;:ssä"/>
						</TextLine>
						<TextLine ID="line_31" HPOS="186" VPOS="1201" WIDTH="823" HEIGHT="29">
							<String ID="string_238" HPOS="186" VPOS="1202" WIDTH="113" HEIGHT="20" WC="0.96" CONTENT="annetaan"/><SP WIDTH="11" VPOS="1202" HPOS="299"/>
							<String ID="string_239" HPOS="310" VPOS="1201" WIDTH="200" HEIGHT="23" WC="0.90" CONTENT="kuntakokouksen"/><SP WIDTH="10" VPOS="1201" HPOS="510"/>
							<String ID="string_240" HPOS="520" VPOS="1202" WIDTH="204" HEIGHT="28" WC="0.96" CONTENT="puheenjohtajalle"/><SP WIDTH="11" VPOS="1202" HPOS="724"/>
							<String ID="string_241" HPOS="735" VPOS="1202" WIDTH="31" HEIGHT="22" WC="0.96" CONTENT="tai"/><SP WIDTH="12" VPOS="1202" HPOS="766"/>
							<String ID="string_242" HPOS="778" VPOS="1202" WIDTH="136" HEIGHT="22" WC="0.96" CONTENT="esimiehelle"/><SP WIDTH="11" VPOS="1202" HPOS="914"/>
							<String ID="string_243" HPOS="925" VPOS="1209" WIDTH="84" HEIGHT="21" WC="0.96" CONTENT="sangen"/>
						</TextLine>
						<TextLine ID="line_32" HPOS="185" VPOS="1230" WIDTH="825" HEIGHT="30">
							<String ID="string_244" HPOS="185" VPOS="1230" WIDTH="63" HEIGHT="21" WC="0.96" CONTENT="suuri"/><SP WIDTH="16" VPOS="1230" HPOS="248"/>
							<String ID="string_245" HPOS="264" VPOS="1231" WIDTH="67" HEIGHT="21" WC="0.95" CONTENT="valta."/><SP WIDTH="32" VPOS="1231" HPOS="331"/>
							<String ID="string_246" HPOS="363" VPOS="1231" WIDTH="58" HEIGHT="28" WC="0.95" CONTENT="Ajan"/><SP WIDTH="16" VPOS="1231" HPOS="421"/>
							<String ID="string_247" HPOS="437" VPOS="1232" WIDTH="161" HEIGHT="22" WC="0.96" CONTENT="voittamiseksi"/><SP WIDTH="16" VPOS="1232" HPOS="598"/>
							<String ID="string_248" HPOS="614" VPOS="1239" WIDTH="28" HEIGHT="15" WC="0.97" CONTENT="en"/><SP WIDTH="16" VPOS="1239" HPOS="642"/>
							<String ID="string_249" HPOS="658" VPOS="1239" WIDTH="68" HEIGHT="21" WC="0.97" CONTENT="rupee"/><SP WIDTH="15" VPOS="1239" HPOS="726"/>
							<String ID="string_250" HPOS="741" VPOS="1232" WIDTH="43" HEIGHT="22" WC="0.97" CONTENT="sitä"/><SP WIDTH="15" VPOS="1232" HPOS="784"/>
							<String ID="string_251" HPOS="799" VPOS="1232" WIDTH="89" HEIGHT="22" WC="0.96" CONTENT="hänelle"/><SP WIDTH="16" VPOS="1232" HPOS="888"/>
							<String ID="string_252" HPOS="904" VPOS="1233" WIDTH="106" HEIGHT="21" WC="0.96" CONTENT="annettua"/>
						</TextLine>
						<TextLine ID="line_33" HPOS="185" VPOS="1259" WIDTH="825" HEIGHT="29">
							<String ID="string_253" HPOS="185" VPOS="1259" WIDTH="102" HEIGHT="23" WC="0.96" CONTENT="oikeutta"/><SP WIDTH="14" VPOS="1259" HPOS="287"/>
							<String ID="string_254" HPOS="301" VPOS="1260" WIDTH="24" HEIGHT="28" WC="0.96" CONTENT="ja"/><SP WIDTH="15" VPOS="1260" HPOS="325"/>
							<String ID="string_255" HPOS="340" VPOS="1261" WIDTH="76" HEIGHT="22" WC="0.96" CONTENT="valtaa"/><SP WIDTH="15" VPOS="1261" HPOS="416"/>
							<String ID="string_256" HPOS="431" VPOS="1262" WIDTH="120" HEIGHT="21" WC="0.96" CONTENT="lähemmin"/><SP WIDTH="17" VPOS="1262" HPOS="551"/>
							<String ID="string_257" HPOS="568" VPOS="1262" WIDTH="140" HEIGHT="26" WC="0.96" CONTENT="esittämään,"/><SP WIDTH="8" VPOS="1262" HPOS="708"/>
							<String ID="string_258" HPOS="716" VPOS="1262" WIDTH="72" HEIGHT="22" WC="0.96" CONTENT="koska"/><SP WIDTH="10" VPOS="1262" HPOS="788"/>
							<String ID="string_259" HPOS="798" VPOS="1262" WIDTH="132" HEIGHT="22" WC="0.96" CONTENT="arvatenkin"/><SP WIDTH="10" VPOS="1262" HPOS="930"/>
							<String ID="string_260" HPOS="940" VPOS="1262" WIDTH="70" HEIGHT="21" WC="0.96" CONTENT="kukin"/>
						</TextLine>
						<TextLine ID="line_34" HPOS="185" VPOS="1290" WIDTH="825" HEIGHT="29">
							<String ID="string_261" HPOS="185" VPOS="1296" WIDTH="40" HEIGHT="14" WC="0.96" CONTENT="sen"/><SP WIDTH="25" VPOS="1296" HPOS="225"/>
							<String ID="string_262" HPOS="250" VPOS="1290" WIDTH="109" HEIGHT="21" WC="0.95" CONTENT="ilmankin"/><SP WIDTH="24" VPOS="1290" HPOS="359"/>
							<String ID="string_263" HPOS="383" VPOS="1291" WIDTH="105" HEIGHT="28" WC="0.96" CONTENT="pykälien"/><SP WIDTH="22" VPOS="1291" HPOS="488"/>
							<String ID="string_264" HPOS="510" VPOS="1292" WIDTH="98" HEIGHT="21" WC="0.96" CONTENT="mukaan"/><SP WIDTH="23" VPOS="1292" HPOS="608"/>
							<String ID="string_265" HPOS="631" VPOS="1293" WIDTH="83" HEIGHT="20" WC="0.96" CONTENT="tuntee."/><SP WIDTH="32" VPOS="1293" HPOS="714"/>
							<String ID="string_266" HPOS="746" VPOS="1292" WIDTH="26" HEIGHT="21" WC="0.96" CONTENT="Ei"/><SP WIDTH="25" VPOS="1292" HPOS="772"/>
							<String ID="string_267" HPOS="797" VPOS="1292" WIDTH="35" HEIGHT="21" WC="0.96" CONTENT="ole"/><SP WIDTH="22" VPOS="1292" HPOS="832"/>
							<String ID="string_268" HPOS="854" VPOS="1292" WIDTH="94" HEIGHT="21" WC="0.96" CONTENT="minulla"/><SP WIDTH="19" VPOS="1292" HPOS="948"/>
							<String ID="string_269" HPOS="967" VPOS="1292" WIDTH="43" HEIGHT="20" WC="0.96" CONTENT="sitä"/>
						</TextLine>
						<TextLine ID="line_35" HPOS="186" VPOS="1318" WIDTH="824" HEIGHT="25">
							<String ID="string_270" HPOS="186" VPOS="1318" WIDTH="147" HEIGHT="23" WC="0.87" CONTENT="luottamusta"/><SP WIDTH="15" VPOS="1318" HPOS="333"/>
							<String ID="string_271" HPOS="348" VPOS="1320" WIDTH="200" HEIGHT="23" WC="0.93" CONTENT="kuntakokouksen"/><SP WIDTH="11" VPOS="1320" HPOS="548"/>
							<String ID="string_272" HPOS="559" VPOS="1321" WIDTH="136" HEIGHT="22" WC="0.92" CONTENT="esimieheen"/><SP WIDTH="12" VPOS="1321" HPOS="695"/>
							<String ID="string_273" HPOS="707" VPOS="1322" WIDTH="45" HEIGHT="21" WC="0.96" CONTENT="että"/><SP WIDTH="11" VPOS="1322" HPOS="752"/>
							<String ID="string_274" HPOS="763" VPOS="1321" WIDTH="45" HEIGHT="22" WC="0.96" CONTENT="hän"/><SP WIDTH="11" VPOS="1321" HPOS="808"/>
							<String ID="string_275" HPOS="819" VPOS="1321" WIDTH="52" HEIGHT="22" WC="0.95" CONTENT="aina"/><SP WIDTH="9" VPOS="1321" HPOS="871"/>
							<String ID="string_276" HPOS="880" VPOS="1322" WIDTH="48" HEIGHT="21" WC="0.95" CONTENT="tätä"/><SP WIDTH="10" VPOS="1322" HPOS="928"/>
							<String ID="string_277" HPOS="938" VPOS="1321" WIDTH="72" HEIGHT="22" WC="0.96" CONTENT="tointa"/>
						</TextLine>
						<TextLine ID="line_36" HPOS="184" VPOS="1349" WIDTH="825" HEIGHT="30">
							<String ID="string_278" HPOS="184" VPOS="1349" WIDTH="197" HEIGHT="28" WC="0.96" CONTENT="puolueettomasti"/><SP WIDTH="16" VPOS="1349" HPOS="381"/>
							<String ID="string_279" HPOS="397" VPOS="1350" WIDTH="81" HEIGHT="22" WC="0.96" CONTENT="hoitaa."/><SP WIDTH="32" VPOS="1350" HPOS="478"/>
							<String ID="string_280" HPOS="510" VPOS="1351" WIDTH="67" HEIGHT="21" WC="0.93" CONTENT="Tosin"/><SP WIDTH="16" VPOS="1351" HPOS="577"/>
							<String ID="string_281" HPOS="593" VPOS="1351" WIDTH="61" HEIGHT="28" WC="0.96" CONTENT="voipi"/><SP WIDTH="10" VPOS="1351" HPOS="654"/>
							<String ID="string_282" HPOS="664" VPOS="1351" WIDTH="69" HEIGHT="22" WC="0.97" CONTENT="tehdä"/><SP WIDTH="10" VPOS="1351" HPOS="733"/>
							<String ID="string_283" HPOS="743" VPOS="1351" WIDTH="126" HEIGHT="22" WC="0.93" CONTENT="valituksen"/><SP WIDTH="9" VPOS="1351" HPOS="869"/>
							<String ID="string_284" HPOS="878" VPOS="1351" WIDTH="131" HEIGHT="22" WC="0.92" CONTENT="katselmus-"/>
						</TextLine>
						<TextLine ID="line_37" HPOS="184" VPOS="1378" WIDTH="825" HEIGHT="31">
							<String ID="string_285" HPOS="184" VPOS="1378" WIDTH="155" HEIGHT="23" WC="0.94" CONTENT="lautakunnan"/><SP WIDTH="16" VPOS="1378" HPOS="339"/>
							<String ID="string_286" HPOS="355" VPOS="1381" WIDTH="147" HEIGHT="27" WC="0.96" CONTENT="päätöksestä,"/><SP WIDTH="16" VPOS="1381" HPOS="502"/>
							<String ID="string_287" HPOS="518" VPOS="1388" WIDTH="59" HEIGHT="14" WC="0.96" CONTENT="vaan"/><SP WIDTH="15" VPOS="1388" HPOS="577"/>
							<String ID="string_288" HPOS="592" VPOS="1381" WIDTH="102" HEIGHT="28" WC="0.96" CONTENT="parempi"/><SP WIDTH="10" VPOS="1381" HPOS="694"/>
							<String ID="string_289" HPOS="704" VPOS="1381" WIDTH="85" HEIGHT="28" WC="0.97" CONTENT="tietysti"/><SP WIDTH="12" VPOS="1381" HPOS="789"/>
							<String ID="string_290" HPOS="801" VPOS="1381" WIDTH="49" HEIGHT="22" WC="0.97" CONTENT="olisi"/><SP WIDTH="11" VPOS="1381" HPOS="850"/>
							<String ID="string_291" HPOS="861" VPOS="1381" WIDTH="53" HEIGHT="22" WC="0.96" CONTENT="ettei"/><SP WIDTH="11" VPOS="1381" HPOS="914"/>
							<String ID="string_292" HPOS="925" VPOS="1381" WIDTH="84" HEIGHT="21" WC="0.96" CONTENT="mitään"/>
						</TextLine>
						<TextLine ID="line_38" HPOS="185" VPOS="1408" WIDTH="824" HEIGHT="31">
							<String ID="string_293" HPOS="185" VPOS="1408" WIDTH="121" HEIGHT="22" WC="0.96" CONTENT="valituksia"/><SP WIDTH="14" VPOS="1408" HPOS="306"/>
							<String ID="string_294" HPOS="320" VPOS="1409" WIDTH="60" HEIGHT="22" WC="0.95" CONTENT="tulisi"/><SP WIDTH="16" VPOS="1409" HPOS="380"/>
							<String ID="string_295" HPOS="396" VPOS="1410" WIDTH="172" HEIGHT="28" WC="0.96" CONTENT="kysymykseen,"/><SP WIDTH="14" VPOS="1410" HPOS="568"/>
							<String ID="string_296" HPOS="582" VPOS="1411" WIDTH="26" HEIGHT="28" WC="0.97" CONTENT="ja"/><SP WIDTH="15" VPOS="1411" HPOS="608"/>
							<String ID="string_297" HPOS="623" VPOS="1417" WIDTH="41" HEIGHT="16" WC="0.96" CONTENT="sen"/><SP WIDTH="14" VPOS="1417" HPOS="664"/>
							<String ID="string_298" HPOS="678" VPOS="1411" WIDTH="78" HEIGHT="21" WC="0.96" CONTENT="vuoksi"/><SP WIDTH="16" VPOS="1411" HPOS="756"/>
							<String ID="string_299" HPOS="772" VPOS="1411" WIDTH="61" HEIGHT="28" WC="0.93" CONTENT="pitää"/><SP WIDTH="15" VPOS="1411" HPOS="833"/>
							<String ID="string_300" HPOS="848" VPOS="1410" WIDTH="161" HEIGHT="29" WC="0.92" CONTENT="puheenjohta-"/>
						</TextLine>
						<TextLine ID="line_39" HPOS="182" VPOS="1437" WIDTH="828" HEIGHT="32">
							<String ID="string_301" HPOS="182" VPOS="1437" WIDTH="41" HEIGHT="28" WC="0.93" CONTENT="jan"/><SP WIDTH="23" VPOS="1437" HPOS="223"/>
							<String ID="string_302" HPOS="246" VPOS="1438" WIDTH="295" HEIGHT="24" WC="0.89" CONTENT="katselmuslautakunnassa"/><SP WIDTH="23" VPOS="1438" HPOS="541"/>
							<String ID="string_303" HPOS="564" VPOS="1441" WIDTH="45" HEIGHT="21" WC="0.96" CONTENT="olla"/><SP WIDTH="20" VPOS="1441" HPOS="609"/>
							<String ID="string_304" HPOS="629" VPOS="1441" WIDTH="75" HEIGHT="28" WC="0.96" CONTENT="täysin"/><SP WIDTH="15" VPOS="1441" HPOS="704"/>
							<String ID="string_305" HPOS="719" VPOS="1441" WIDTH="188" HEIGHT="28" WC="0.93" CONTENT="puolueettoman."/><SP WIDTH="31" VPOS="1441" HPOS="907"/>
							<String ID="string_306" HPOS="938" VPOS="1440" WIDTH="72" HEIGHT="21" WC="0.93" CONTENT="Mutta"/>
						</TextLine>
						<TextLine ID="line_40" HPOS="184" VPOS="1468" WIDTH="824" HEIGHT="31">
							<String ID="string_307" HPOS="184" VPOS="1468" WIDTH="140" HEIGHT="23" WC="0.96" CONTENT="saadakseen"/><SP WIDTH="16" VPOS="1468" HPOS="324"/>
							<String ID="string_308" HPOS="340" VPOS="1469" WIDTH="180" HEIGHT="28" WC="0.96" CONTENT="puolueettoman"/><SP WIDTH="16" VPOS="1469" HPOS="520"/>
							<String ID="string_309" HPOS="536" VPOS="1470" WIDTH="89" HEIGHT="22" WC="0.96" CONTENT="miehen"/><SP WIDTH="16" VPOS="1470" HPOS="625"/>
							<String ID="string_310" HPOS="641" VPOS="1477" WIDTH="29" HEIGHT="14" WC="0.97" CONTENT="on"/><SP WIDTH="14" VPOS="1477" HPOS="670"/>
							<String ID="string_311" HPOS="684" VPOS="1470" WIDTH="139" HEIGHT="29" WC="0.96" CONTENT="tarpeellista"/><SP WIDTH="16" VPOS="1470" HPOS="823"/>
							<String ID="string_312" HPOS="839" VPOS="1470" WIDTH="53" HEIGHT="22" WC="0.93" CONTENT="ettei"/><SP WIDTH="16" VPOS="1470" HPOS="892"/>
							<String ID="string_313" HPOS="908" VPOS="1473" WIDTH="100" HEIGHT="18" WC="0.93" CONTENT="määrää-"/>
						</TextLine>
					</TextBlock>
				</ComposedBlock>
			</PrintSpace>
		</Page>
	</Layout>
</alto>
