<?xml version="1.0" encoding="UTF-8"?>
<alto xmlns="http://www.loc.gov/standards/alto/ns-v3#" xmlns:xlink="http://www.w3.org/1999/xlink" xmlns:xsi="http://www.w3.org/2001/XMLSchema-instance" xsi:schemaLocation="http://www.loc.gov/standards/alto/ns-v3# http://www.loc.gov/alto/v3/alto-3-0.xsd">
	<Description>
		<MeasurementUnit>pixel</MeasurementUnit>
		<sourceImageInformation>
			<fileName>/tmp/tess_gi8faph8_input.PNG</fileName>
		</sourceImageInformation>
		<OCRProcessing ID="OCR_0">
			<ocrProcessingStep>
				<processingSoftware>
					<softwareName>tesseract 5.3.4</softwareName>
				</processingSoftware>
			</ocrProcessingStep>
		</OCRProcessing>
	</Description>
	<Layout>
		<Page WIDTH="1089" HEIGHT="1703" PHYSICAL_IMG_NR="0" ID="page_0">
			<PrintSpace HPOS="0" VPOS="0" WIDTH="1089" HEIGHT="1703">
				<ComposedBlock ID="cblock_0" HPOS="256" VPOS="71" WIDTH="627" HEIGHT="24">
					<TextBlock ID="block_0" HPOS="256" VPOS="71" WIDTH="627" HEIGHT="24">
						<TextLine ID="line_0" HPOS="256" VPOS="71" WIDTH="627" HEIGHT="24">
							<String ID="string_0" HPOS="256" VPOS="72" WIDTH="49" HEIGHT="18" WC="0.83" CONTENT="Lym,"/><SP WIDTH="14" VPOS="72" HPOS="305"/>
							<String ID="string_1" HPOS="319" VPOS="77" WIDTH="29" HEIGHT="12" WC="0.95" CONTENT="n:o"/><SP WIDTH="14" VPOS="77" HPOS="348"/>
							<String ID="string_2" HPOS="362" VPOS="72" WIDTH="22" HEIGHT="17" WC="0.93" CONTENT="13"/><SP WIDTH="14" VPOS="72" HPOS="384"/>
							<String ID="string_3" HPOS="398" VPOS="71" WIDTH="108" HEIGHT="24" WC="0.92" CONTENT="asiakirjain"/><SP WIDTH="13" VPOS="71" HPOS="506"/>
							<String ID="string_4" HPOS="519" VPOS="71" WIDTH="162" HEIGHT="18" WC="0.93" CONTENT="kuolettamisesta"/><SP WIDTH="159" VPOS="71" HPOS="681"/>
							<String ID="string_5" HPOS="840" VPOS="71" WIDTH="43" HEIGHT="20" WC="0.95" CONTENT="777"/>
						</TextLine>
					</TextBlock>
				</ComposedBlock>
				<ComposedBlock ID="cblock_1" HPOS="59" VPOS="123" WIDTH="825" HEIGHT="599">
					<TextBlock ID="block_1" HPOS="59" VPOS="123" WIDTH="825" HEIGHT="599">
						<TextLine ID="line_1" HPOS="59" VPOS="123" WIDTH="823" HEIGHT="31">
							<String ID="string_6" HPOS="59" VPOS="127" WIDTH="64" HEIGHT="20" WC="0.95" CONTENT="ränte"/><SP WIDTH="15" VPOS="127" HPOS="123"/>
							<String ID="string_7" HPOS="138" VPOS="126" WIDTH="42" HEIGHT="21" WC="0.92" CONTENT="och"/><SP WIDTH="16" VPOS="126" HPOS="180"/>
							<String ID="string_8" HPOS="196" VPOS="126" WIDTH="204" HEIGHT="28" WC="0.91" CONTENT="dividendkupong,"/><SP WIDTH="17" VPOS="126" HPOS="400"/>
							<String ID="string_9" HPOS="417" VPOS="133" WIDTH="48" HEIGHT="14" WC="0.96" CONTENT="som"/><SP WIDTH="15" VPOS="133" HPOS="465"/>
							<String ID="string_10" HPOS="480" VPOS="125" WIDTH="50" HEIGHT="22" WC="0.96" CONTENT="icke"/><SP WIDTH="16" VPOS="125" HPOS="530"/>
							<String ID="string_11" HPOS="546" VPOS="124" WIDTH="75" HEIGHT="23" WC="0.96" CONTENT="blifvit"/><SP WIDTH="15" VPOS="124" HPOS="621"/>
							<String ID="string_12" HPOS="636" VPOS="124" WIDTH="50" HEIGHT="22" WC="0.93" CONTENT="från"/><SP WIDTH="16" VPOS="124" HPOS="686"/>
							<String ID="string_13" HPOS="702" VPOS="125" WIDTH="78" HEIGHT="28" WC="0.92" CONTENT="talong"/><SP WIDTH="16" VPOS="125" HPOS="780"/>
							<String ID="string_14" HPOS="796" VPOS="123" WIDTH="86" HEIGHT="28" WC="0.92" CONTENT="afskild,"/>
						</TextLine>
						<TextLine ID="line_2" HPOS="59" VPOS="154" WIDTH="824" HEIGHT="29">
							<String ID="string_15" HPOS="59" VPOS="156" WIDTH="45" HEIGHT="21" WC="0.96" CONTENT="kan"/><SP WIDTH="15" VPOS="156" HPOS="104"/>
							<String ID="string_16" HPOS="119" VPOS="163" WIDTH="55" HEIGHT="14" WC="0.96" CONTENT="vara"/><SP WIDTH="14" VPOS="163" HPOS="174"/>
							<String ID="string_17" HPOS="188" VPOS="156" WIDTH="151" HEIGHT="21" WC="0.96" CONTENT="underkastad"/><SP WIDTH="16" VPOS="156" HPOS="339"/>
							<String ID="string_18" HPOS="355" VPOS="155" WIDTH="109" HEIGHT="27" WC="0.96" CONTENT="dödande,"/><SP WIDTH="16" VPOS="155" HPOS="464"/>
							<String ID="string_19" HPOS="480" VPOS="155" WIDTH="42" HEIGHT="22" WC="0.96" CONTENT="och"/><SP WIDTH="12" VPOS="155" HPOS="522"/>
							<String ID="string_20" HPOS="534" VPOS="155" WIDTH="61" HEIGHT="22" WC="0.96" CONTENT="detta"/><SP WIDTH="11" VPOS="155" HPOS="595"/>
							<String ID="string_21" HPOS="606" VPOS="157" WIDTH="24" HEIGHT="19" WC="0.96" CONTENT="är"/><SP WIDTH="10" VPOS="157" HPOS="630"/>
							<String ID="string_22" HPOS="640" VPOS="155" WIDTH="128" HEIGHT="28" WC="0.96" CONTENT="uppenbart"/><SP WIDTH="10" VPOS="155" HPOS="768"/>
							<String ID="string_23" HPOS="778" VPOS="161" WIDTH="29" HEIGHT="15" WC="0.93" CONTENT="en"/><SP WIDTH="10" VPOS="161" HPOS="807"/>
							<String ID="string_24" HPOS="817" VPOS="154" WIDTH="66" HEIGHT="21" WC="0.92" CONTENT="orim-"/>
						</TextLine>
						<TextLine ID="line_3" HPOS="60" VPOS="183" WIDTH="823" HEIGHT="30">
							<String ID="string_25" HPOS="60" VPOS="185" WIDTH="78" HEIGHT="28" WC="0.96" CONTENT="lighet,"/><SP WIDTH="10" VPOS="185" HPOS="138"/>
							<String ID="string_26" HPOS="148" VPOS="185" WIDTH="28" HEIGHT="22" WC="0.96" CONTENT="då"/><SP WIDTH="11" VPOS="185" HPOS="176"/>
							<String ID="string_27" HPOS="187" VPOS="192" WIDTH="27" HEIGHT="15" WC="0.95" CONTENT="en"/><SP WIDTH="12" VPOS="192" HPOS="214"/>
							<String ID="string_28" HPOS="226" VPOS="185" WIDTH="73" HEIGHT="22" WC="0.96" CONTENT="dödad"/><SP WIDTH="10" VPOS="185" HPOS="299"/>
							<String ID="string_29" HPOS="309" VPOS="185" WIDTH="92" HEIGHT="28" WC="0.96" CONTENT="kupong"/><SP WIDTH="11" VPOS="185" HPOS="401"/>
							<String ID="string_30" HPOS="412" VPOS="185" WIDTH="93" HEIGHT="22" WC="0.96" CONTENT="sålunda"/><SP WIDTH="11" VPOS="185" HPOS="505"/>
							<String ID="string_31" HPOS="516" VPOS="186" WIDTH="48" HEIGHT="21" WC="0.96" CONTENT="åter"/><SP WIDTH="10" VPOS="186" HPOS="564"/>
							<String ID="string_32" HPOS="574" VPOS="185" WIDTH="75" HEIGHT="21" WC="0.96" CONTENT="kunde"/><SP WIDTH="11" VPOS="185" HPOS="649"/>
							<String ID="string_33" HPOS="660" VPOS="184" WIDTH="83" HEIGHT="22" WC="0.95" CONTENT="väckas"/><SP WIDTH="10" VPOS="184" HPOS="743"/>
							<String ID="string_34" HPOS="753" VPOS="184" WIDTH="36" HEIGHT="21" WC="0.93" CONTENT="till"/><SP WIDTH="10" VPOS="184" HPOS="789"/>
							<String ID="string_35" HPOS="799" VPOS="183" WIDTH="36" HEIGHT="22" WC="0.93" CONTENT="lifs"/><SP WIDTH="11" VPOS="183" HPOS="835"/>
							<String ID="string_36" HPOS="846" VPOS="191" WIDTH="37" HEIGHT="14" WC="0.92" CONTENT="en-"/>
						</TextLine>
						<TextLine ID="line_4" HPOS="59" VPOS="213" WIDTH="823" HEIGHT="30">
							<String ID="string_37" HPOS="59" VPOS="215" WIDTH="51" HEIGHT="21" WC="0.92" CONTENT="dast"/><SP WIDTH="10" VPOS="215" HPOS="110"/>
							<String ID="string_38" HPOS="120" VPOS="222" WIDTH="81" HEIGHT="21" WC="0.96" CONTENT="genom"/><SP WIDTH="12" VPOS="222" HPOS="201"/>
							<String ID="string_39" HPOS="213" VPOS="222" WIDTH="28" HEIGHT="15" WC="0.96" CONTENT="en"/><SP WIDTH="10" VPOS="222" HPOS="241"/>
							<String ID="string_40" HPOS="251" VPOS="215" WIDTH="118" HEIGHT="28" WC="0.96" CONTENT="klippning"/><SP WIDTH="8" VPOS="215" HPOS="369"/>
							<String ID="string_41" HPOS="377" VPOS="215" WIDTH="52" HEIGHT="22" WC="0.96" CONTENT="med"/><SP WIDTH="7" VPOS="215" HPOS="429"/>
							<String ID="string_42" HPOS="436" VPOS="222" WIDTH="47" HEIGHT="19" WC="0.96" CONTENT="sax,"/><SP WIDTH="10" VPOS="222" HPOS="483"/>
							<String ID="string_43" HPOS="493" VPOS="221" WIDTH="48" HEIGHT="16" WC="0.93" CONTENT="som"/><SP WIDTH="9" VPOS="221" HPOS="541"/>
							<String ID="string_44" HPOS="550" VPOS="214" WIDTH="100" HEIGHT="28" WC="0.91" CONTENT="afskiljer"/><SP WIDTH="9" VPOS="214" HPOS="650"/>
							<String ID="string_45" HPOS="659" VPOS="214" WIDTH="44" HEIGHT="22" WC="0.96" CONTENT="den"/><SP WIDTH="8" VPOS="214" HPOS="703"/>
							<String ID="string_46" HPOS="711" VPOS="213" WIDTH="51" HEIGHT="22" WC="0.96" CONTENT="från"/><SP WIDTH="8" VPOS="213" HPOS="762"/>
							<String ID="string_47" HPOS="770" VPOS="214" WIDTH="112" HEIGHT="27" WC="0.96" CONTENT="talongen,"/>
						</TextLine>
						<TextLine ID="line_5" HPOS="60" VPOS="244" WIDTH="824" HEIGHT="29">
							<String ID="string_48" HPOS="60" VPOS="245" WIDTH="91" HEIGHT="21" WC="0.96" CONTENT="hvilken"/><SP WIDTH="19" VPOS="245" HPOS="151"/>
							<String ID="string_49" HPOS="170" VPOS="245" WIDTH="119" HEIGHT="28" WC="0.96" CONTENT="klippning"/><SP WIDTH="18" VPOS="245" HPOS="289"/>
							<String ID="string_50" HPOS="307" VPOS="245" WIDTH="25" HEIGHT="28" WC="0.97" CONTENT="ju"/><SP WIDTH="17" VPOS="245" HPOS="332"/>
							<String ID="string_51" HPOS="349" VPOS="245" WIDTH="63" HEIGHT="22" WC="0.96" CONTENT="alltid"/><SP WIDTH="15" VPOS="245" HPOS="412"/>
							<String ID="string_52" HPOS="427" VPOS="244" WIDTH="93" HEIGHT="27" WC="0.96" CONTENT="utföres,"/><SP WIDTH="17" VPOS="244" HPOS="520"/>
							<String ID="string_53" HPOS="537" VPOS="244" WIDTH="80" HEIGHT="22" WC="0.93" CONTENT="förrän"/><SP WIDTH="16" VPOS="244" HPOS="617"/>
							<String ID="string_54" HPOS="633" VPOS="244" WIDTH="186" HEIGHT="29" WC="0.92" CONTENT="räntekupongen"/><SP WIDTH="15" VPOS="244" HPOS="819"/>
							<String ID="string_55" HPOS="834" VPOS="250" WIDTH="50" HEIGHT="22" WC="0.92" CONTENT="pre-"/>
						</TextLine>
						<TextLine ID="line_6" HPOS="60" VPOS="273" WIDTH="824" HEIGHT="30">
							<String ID="string_56" HPOS="60" VPOS="275" WIDTH="99" HEIGHT="21" WC="0.91" CONTENT="senteras"/><SP WIDTH="22" VPOS="275" HPOS="159"/>
							<String ID="string_57" HPOS="181" VPOS="275" WIDTH="35" HEIGHT="21" WC="0.95" CONTENT="till"/><SP WIDTH="23" VPOS="275" HPOS="216"/>
							<String ID="string_58" HPOS="239" VPOS="275" WIDTH="92" HEIGHT="22" WC="0.93" CONTENT="inlösen."/><SP WIDTH="32" VPOS="275" HPOS="331"/>
							<String ID="string_59" HPOS="363" VPOS="275" WIDTH="44" HEIGHT="28" WC="0.96" CONTENT="Jag"/><SP WIDTH="24" VPOS="275" HPOS="407"/>
							<String ID="string_60" HPOS="431" VPOS="278" WIDTH="25" HEIGHT="18" WC="0.96" CONTENT="är"/><SP WIDTH="23" VPOS="278" HPOS="456"/>
							<String ID="string_61" HPOS="479" VPOS="274" WIDTH="66" HEIGHT="22" WC="0.96" CONTENT="äfven"/><SP WIDTH="23" VPOS="274" HPOS="545"/>
							<String ID="string_62" HPOS="568" VPOS="274" WIDTH="105" HEIGHT="29" WC="0.96" CONTENT="benägen"/><SP WIDTH="20" VPOS="274" HPOS="673"/>
							<String ID="string_63" HPOS="693" VPOS="275" WIDTH="33" HEIGHT="20" WC="0.96" CONTENT="att"/><SP WIDTH="15" VPOS="275" HPOS="726"/>
							<String ID="string_64" HPOS="741" VPOS="273" WIDTH="81" HEIGHT="22" WC="0.96" CONTENT="förena"/><SP WIDTH="16" VPOS="273" HPOS="822"/>
							<String ID="string_65" HPOS="838" VPOS="273" WIDTH="46" HEIGHT="28" WC="0.96" CONTENT="mig"/>
						</TextLine>
						<TextLine ID="line_7" HPOS="61" VPOS="302" WIDTH="823" HEIGHT="31">
							<String ID="string_66" HPOS="61" VPOS="305" WIDTH="51" HEIGHT="21" WC="0.95" CONTENT="med"/><SP WIDTH="18" VPOS="305" HPOS="112"/>
							<String ID="string_67" HPOS="130" VPOS="304" WIDTH="111" HEIGHT="29" WC="0.96" CONTENT="professor"/><SP WIDTH="18" VPOS="304" HPOS="241"/>
							<String ID="string_68" HPOS="259" VPOS="305" WIDTH="92" HEIGHT="21" WC="0.96" CONTENT="Donner"/><SP WIDTH="15" VPOS="305" HPOS="351"/>
							<String ID="string_69" HPOS="366" VPOS="305" WIDTH="8" HEIGHT="20" WC="0.96" CONTENT="i"/><SP WIDTH="16" VPOS="305" HPOS="374"/>
							<String ID="string_70" HPOS="390" VPOS="304" WIDTH="106" HEIGHT="23" WC="0.93" CONTENT="afseende"/><SP WIDTH="16" VPOS="304" HPOS="496"/>
							<String ID="string_71" HPOS="512" VPOS="306" WIDTH="13" HEIGHT="20" WC="0.90" CONTENT="å"/><SP WIDTH="16" VPOS="306" HPOS="525"/>
							<String ID="string_72" HPOS="541" VPOS="305" WIDTH="38" HEIGHT="21" WC="0.96" CONTENT="det"/><SP WIDTH="15" VPOS="305" HPOS="579"/>
							<String ID="string_73" HPOS="594" VPOS="304" WIDTH="87" HEIGHT="28" WC="0.96" CONTENT="tillägg,"/><SP WIDTH="17" VPOS="304" HPOS="681"/>
							<String ID="string_74" HPOS="698" VPOS="311" WIDTH="48" HEIGHT="14" WC="0.96" CONTENT="som"/><SP WIDTH="16" VPOS="311" HPOS="746"/>
							<String ID="string_75" HPOS="762" VPOS="304" WIDTH="46" HEIGHT="21" WC="0.90" CONTENT="han"/><SP WIDTH="15" VPOS="304" HPOS="808"/>
							<String ID="string_76" HPOS="823" VPOS="302" WIDTH="61" HEIGHT="23" WC="0.88" CONTENT="före-"/>
						</TextLine>
						<TextLine ID="line_8" HPOS="60" VPOS="333" WIDTH="824" HEIGHT="29">
							<String ID="string_77" HPOS="60" VPOS="335" WIDTH="50" HEIGHT="27" WC="0.96" CONTENT="slog"/><SP WIDTH="15" VPOS="335" HPOS="110"/>
							<String ID="string_78" HPOS="125" VPOS="335" WIDTH="7" HEIGHT="20" WC="0.96" CONTENT="i"/><SP WIDTH="15" VPOS="335" HPOS="132"/>
							<String ID="string_79" HPOS="147" VPOS="335" WIDTH="74" HEIGHT="21" WC="0.96" CONTENT="stället"/><SP WIDTH="15" VPOS="335" HPOS="221"/>
							<String ID="string_80" HPOS="236" VPOS="334" WIDTH="37" HEIGHT="22" WC="0.96" CONTENT="för"/><SP WIDTH="16" VPOS="334" HPOS="273"/>
							<String ID="string_81" HPOS="289" VPOS="335" WIDTH="43" HEIGHT="21" WC="0.96" CONTENT="den"/><SP WIDTH="15" VPOS="335" HPOS="332"/>
							<String ID="string_82" HPOS="347" VPOS="335" WIDTH="113" HEIGHT="21" WC="0.93" CONTENT="uteslutna"/><SP WIDTH="15" VPOS="335" HPOS="460"/>
							<String ID="string_83" HPOS="475" VPOS="334" WIDTH="211" HEIGHT="28" WC="0.91" CONTENT="mellanmeningen."/><SP WIDTH="27" VPOS="334" HPOS="686"/>
							<String ID="string_84" HPOS="713" VPOS="333" WIDTH="45" HEIGHT="29" WC="0.95" CONTENT="Jag"/><SP WIDTH="12" VPOS="333" HPOS="758"/>
							<String ID="string_85" HPOS="770" VPOS="336" WIDTH="24" HEIGHT="18" WC="0.93" CONTENT="är"/><SP WIDTH="11" VPOS="336" HPOS="794"/>
							<String ID="string_86" HPOS="805" VPOS="333" WIDTH="79" HEIGHT="21" WC="0.91" CONTENT="visser-"/>
						</TextLine>
						<TextLine ID="line_9" HPOS="61" VPOS="362" WIDTH="823" HEIGHT="30">
							<String ID="string_87" HPOS="61" VPOS="364" WIDTH="61" HEIGHT="28" WC="0.96" CONTENT="ligen"/><SP WIDTH="22" VPOS="364" HPOS="122"/>
							<String ID="string_88" HPOS="144" VPOS="365" WIDTH="70" HEIGHT="27" WC="0.96" CONTENT="något"/><SP WIDTH="19" VPOS="365" HPOS="214"/>
							<String ID="string_89" HPOS="233" VPOS="364" WIDTH="102" HEIGHT="22" WC="0.96" CONTENT="tveksam"/><SP WIDTH="16" VPOS="364" HPOS="335"/>
							<String ID="string_90" HPOS="351" VPOS="371" WIDTH="42" HEIGHT="19" WC="0.96" CONTENT="om,"/><SP WIDTH="17" VPOS="371" HPOS="393"/>
							<String ID="string_91" HPOS="410" VPOS="364" WIDTH="111" HEIGHT="21" WC="0.96" CONTENT="huruvida"/><SP WIDTH="16" VPOS="364" HPOS="521"/>
							<String ID="string_92" HPOS="537" VPOS="365" WIDTH="32" HEIGHT="21" WC="0.96" CONTENT="ett"/><SP WIDTH="15" VPOS="365" HPOS="569"/>
							<String ID="string_93" HPOS="584" VPOS="364" WIDTH="79" HEIGHT="21" WC="0.96" CONTENT="sådant"/><SP WIDTH="15" VPOS="364" HPOS="663"/>
							<String ID="string_94" HPOS="678" VPOS="363" WIDTH="82" HEIGHT="29" WC="0.96" CONTENT="tillägg"/><SP WIDTH="16" VPOS="363" HPOS="760"/>
							<String ID="string_95" HPOS="776" VPOS="366" WIDTH="25" HEIGHT="18" WC="0.93" CONTENT="är"/><SP WIDTH="15" VPOS="366" HPOS="801"/>
							<String ID="string_96" HPOS="816" VPOS="362" WIDTH="68" HEIGHT="22" WC="0.91" CONTENT="ända-"/>
						</TextLine>
						<TextLine ID="line_10" HPOS="60" VPOS="392" WIDTH="824" HEIGHT="30">
							<String ID="string_97" HPOS="60" VPOS="394" WIDTH="134" HEIGHT="28" WC="0.87" CONTENT="målsenligt,"/><SP WIDTH="16" VPOS="394" HPOS="194"/>
							<String ID="string_98" HPOS="210" VPOS="401" WIDTH="37" HEIGHT="15" WC="0.96" CONTENT="om"/><SP WIDTH="16" VPOS="401" HPOS="247"/>
							<String ID="string_99" HPOS="263" VPOS="394" WIDTH="37" HEIGHT="22" WC="0.93" CONTENT="det"/><SP WIDTH="15" VPOS="394" HPOS="300"/>
							<String ID="string_100" HPOS="315" VPOS="393" WIDTH="149" HEIGHT="23" WC="0.91" CONTENT="öfverhufvud"/><SP WIDTH="16" VPOS="393" HPOS="464"/>
							<String ID="string_101" HPOS="480" VPOS="397" WIDTH="25" HEIGHT="18" WC="0.96" CONTENT="är"/><SP WIDTH="15" VPOS="397" HPOS="505"/>
							<String ID="string_102" HPOS="520" VPOS="394" WIDTH="89" HEIGHT="28" WC="0.96" CONTENT="möjligt"/><SP WIDTH="15" VPOS="394" HPOS="609"/>
							<String ID="string_103" HPOS="624" VPOS="394" WIDTH="54" HEIGHT="21" WC="0.96" CONTENT="eller"/><SP WIDTH="16" VPOS="394" HPOS="678"/>
							<String ID="string_104" HPOS="694" VPOS="393" WIDTH="79" HEIGHT="29" WC="0.96" CONTENT="riktigt"/><SP WIDTH="11" VPOS="393" HPOS="773"/>
							<String ID="string_105" HPOS="784" VPOS="394" WIDTH="32" HEIGHT="20" WC="0.96" CONTENT="att"/><SP WIDTH="11" VPOS="394" HPOS="816"/>
							<String ID="string_106" HPOS="827" VPOS="392" WIDTH="57" HEIGHT="22" WC="0.96" CONTENT="döda"/>
						</TextLine>
						<TextLine ID="line_11" HPOS="62" VPOS="423" WIDTH="822" HEIGHT="29">
							<String ID="string_107" HPOS="62" VPOS="431" WIDTH="27" HEIGHT="14" WC="0.93" CONTENT="en"/><SP WIDTH="16" VPOS="431" HPOS="89"/>
							<String ID="string_108" HPOS="105" VPOS="425" WIDTH="73" HEIGHT="20" WC="0.92" CONTENT="ränte-"/><SP WIDTH="17" VPOS="425" HPOS="178"/>
							<String ID="string_109" HPOS="195" VPOS="424" WIDTH="41" HEIGHT="21" WC="0.92" CONTENT="och"/><SP WIDTH="12" VPOS="424" HPOS="236"/>
							<String ID="string_110" HPOS="248" VPOS="424" WIDTH="204" HEIGHT="28" WC="0.92" CONTENT="dividendkupong,"/><SP WIDTH="12" VPOS="424" HPOS="452"/>
							<String ID="string_111" HPOS="464" VPOS="424" WIDTH="95" HEIGHT="22" WC="0.96" CONTENT="emedan"/><SP WIDTH="11" VPOS="424" HPOS="559"/>
							<String ID="string_112" HPOS="570" VPOS="424" WIDTH="44" HEIGHT="21" WC="0.96" CONTENT="den"/><SP WIDTH="11" VPOS="424" HPOS="614"/>
							<String ID="string_113" HPOS="625" VPOS="423" WIDTH="178" HEIGHT="29" WC="0.94" CONTENT="uppenbarligen"/><SP WIDTH="11" VPOS="423" HPOS="803"/>
							<String ID="string_114" HPOS="814" VPOS="424" WIDTH="70" HEIGHT="20" WC="0.96" CONTENT="måste"/>
						</TextLine>
						<TextLine ID="line_12" HPOS="60" VPOS="452" WIDTH="824" HEIGHT="30">
							<String ID="string_115" HPOS="60" VPOS="452" WIDTH="108" HEIGHT="23" WC="0.96" CONTENT="hänföras"/><SP WIDTH="15" VPOS="452" HPOS="168"/>
							<String ID="string_116" HPOS="183" VPOS="454" WIDTH="34" HEIGHT="21" WC="0.96" CONTENT="till"/><SP WIDTH="16" VPOS="454" HPOS="217"/>
							<String ID="string_117" HPOS="233" VPOS="454" WIDTH="38" HEIGHT="21" WC="0.96" CONTENT="det"/><SP WIDTH="15" VPOS="454" HPOS="271"/>
							<String ID="string_118" HPOS="286" VPOS="454" WIDTH="49" HEIGHT="28" WC="0.96" CONTENT="slag"/><SP WIDTH="15" VPOS="454" HPOS="335"/>
							<String ID="string_119" HPOS="350" VPOS="453" WIDTH="25" HEIGHT="22" WC="0.96" CONTENT="af"/><SP WIDTH="12" VPOS="453" HPOS="375"/>
							<String ID="string_120" HPOS="387" VPOS="461" WIDTH="92" HEIGHT="21" WC="0.96" CONTENT="papper,"/><SP WIDTH="17" VPOS="461" HPOS="479"/>
							<String ID="string_121" HPOS="496" VPOS="460" WIDTH="48" HEIGHT="15" WC="0.93" CONTENT="som"/><SP WIDTH="16" VPOS="460" HPOS="544"/>
							<String ID="string_122" HPOS="560" VPOS="454" WIDTH="90" HEIGHT="21" WC="0.91" CONTENT="beröres"/><SP WIDTH="16" VPOS="454" HPOS="650"/>
							<String ID="string_123" HPOS="666" VPOS="453" WIDTH="96" HEIGHT="28" WC="0.96" CONTENT="tidigare"/><SP WIDTH="17" VPOS="453" HPOS="762"/>
							<String ID="string_124" HPOS="779" VPOS="453" WIDTH="7" HEIGHT="21" WC="0.96" CONTENT="i"/><SP WIDTH="14" VPOS="453" HPOS="786"/>
							<String ID="string_125" HPOS="800" VPOS="460" WIDTH="84" HEIGHT="14" WC="0.95" CONTENT="samma"/>
						</TextLine>
						<TextLine ID="line_13" HPOS="61" VPOS="482" WIDTH="823" HEIGHT="30">
							<String ID="string_126" HPOS="61" VPOS="485" WIDTH="105" HEIGHT="25" WC="0.93" CONTENT="moment,"/><SP WIDTH="21" VPOS="485" HPOS="166"/>
							<String ID="string_127" HPOS="187" VPOS="484" WIDTH="20" HEIGHT="20" WC="0.90" CONTENT="d."/><SP WIDTH="19" VPOS="484" HPOS="207"/>
							<String ID="string_128" HPOS="226" VPOS="491" WIDTH="21" HEIGHT="14" WC="0.90" CONTENT="v."/><SP WIDTH="20" VPOS="491" HPOS="247"/>
							<String ID="string_129" HPOS="267" VPOS="491" WIDTH="16" HEIGHT="14" WC="0.88" CONTENT="s."/><SP WIDTH="27" VPOS="491" HPOS="283"/>
							<String ID="string_130" HPOS="310" VPOS="491" WIDTH="93" HEIGHT="19" WC="0.91" CONTENT="»annan,"/><SP WIDTH="24" VPOS="491" HPOS="403"/>
							<String ID="string_131" HPOS="427" VPOS="484" WIDTH="39" HEIGHT="21" WC="0.93" CONTENT="vid"/><SP WIDTH="20" VPOS="484" HPOS="466"/>
							<String ID="string_132" HPOS="486" VPOS="483" WIDTH="149" HEIGHT="29" WC="0.91" CONTENT="uppvisandet"/><SP WIDTH="21" VPOS="483" HPOS="635"/>
							<String ID="string_133" HPOS="656" VPOS="483" WIDTH="109" HEIGHT="26" WC="0.90" CONTENT="betalbar,"/><SP WIDTH="23" VPOS="483" HPOS="765"/>
							<String ID="string_134" HPOS="788" VPOS="482" WIDTH="96" HEIGHT="22" WC="0.92" CONTENT="räntelös"/>
						</TextLine>
						<TextLine ID="line_14" HPOS="61" VPOS="513" WIDTH="823" HEIGHT="29">
							<String ID="string_135" HPOS="61" VPOS="513" WIDTH="225" HEIGHT="22" WC="0.81" CONTENT="skuldförbindelse«."/><SP WIDTH="32" VPOS="513" HPOS="286"/>
							<String ID="string_136" HPOS="318" VPOS="513" WIDTH="90" HEIGHT="22" WC="0.89" CONTENT="Sådana"/><SP WIDTH="22" VPOS="513" HPOS="408"/>
							<String ID="string_137" HPOS="430" VPOS="520" WIDTH="86" HEIGHT="22" WC="0.96" CONTENT="papper"/><SP WIDTH="22" VPOS="520" HPOS="516"/>
							<String ID="string_138" HPOS="538" VPOS="520" WIDTH="47" HEIGHT="15" WC="0.96" CONTENT="som"/><SP WIDTH="15" VPOS="520" HPOS="585"/>
							<String ID="string_139" HPOS="600" VPOS="514" WIDTH="64" HEIGHT="20" WC="0.96" CONTENT="ränte"/><SP WIDTH="16" VPOS="514" HPOS="664"/>
							<String ID="string_140" HPOS="680" VPOS="513" WIDTH="43" HEIGHT="21" WC="0.93" CONTENT="och"/><SP WIDTH="16" VPOS="513" HPOS="723"/>
							<String ID="string_141" HPOS="739" VPOS="513" WIDTH="145" HEIGHT="21" WC="0.92" CONTENT="dividendku-"/>
						</TextLine>
						<TextLine ID="line_15" HPOS="61" VPOS="543" WIDTH="823" HEIGHT="29">
							<String ID="string_142" HPOS="61" VPOS="551" WIDTH="86" HEIGHT="21" WC="0.92" CONTENT="ponger"/><SP WIDTH="23" VPOS="551" HPOS="147"/>
							<String ID="string_143" HPOS="170" VPOS="543" WIDTH="42" HEIGHT="22" WC="0.96" CONTENT="har"/><SP WIDTH="23" VPOS="543" HPOS="212"/>
							<String ID="string_144" HPOS="235" VPOS="551" WIDTH="51" HEIGHT="14" WC="0.96" CONTENT="man"/><SP WIDTH="23" VPOS="551" HPOS="286"/>
							<String ID="string_145" HPOS="309" VPOS="545" WIDTH="61" HEIGHT="20" WC="0.96" CONTENT="svårt"/><SP WIDTH="23" VPOS="545" HPOS="370"/>
							<String ID="string_146" HPOS="393" VPOS="545" WIDTH="33" HEIGHT="20" WC="0.96" CONTENT="att"/><SP WIDTH="23" VPOS="545" HPOS="426"/>
							<String ID="string_147" HPOS="449" VPOS="544" WIDTH="65" HEIGHT="26" WC="0.96" CONTENT="döda,"/><SP WIDTH="17" VPOS="544" HPOS="514"/>
							<String ID="string_148" HPOS="531" VPOS="543" WIDTH="70" HEIGHT="22" WC="0.96" CONTENT="redan"/><SP WIDTH="15" VPOS="543" HPOS="601"/>
							<String ID="string_149" HPOS="616" VPOS="545" WIDTH="30" HEIGHT="26" WC="0.96" CONTENT="på"/><SP WIDTH="16" VPOS="545" HPOS="646"/>
							<String ID="string_150" HPOS="662" VPOS="543" WIDTH="43" HEIGHT="22" WC="0.96" CONTENT="den"/><SP WIDTH="15" VPOS="543" HPOS="705"/>
							<String ID="string_151" HPOS="720" VPOS="543" WIDTH="74" HEIGHT="28" WC="0.96" CONTENT="grund"/><SP WIDTH="16" VPOS="543" HPOS="794"/>
							<String ID="string_152" HPOS="810" VPOS="544" WIDTH="31" HEIGHT="20" WC="0.96" CONTENT="att"/><SP WIDTH="17" VPOS="544" HPOS="841"/>
							<String ID="string_153" HPOS="858" VPOS="543" WIDTH="26" HEIGHT="21" WC="0.95" CONTENT="de"/>
						</TextLine>
						<TextLine ID="line_16" HPOS="61" VPOS="573" WIDTH="823" HEIGHT="29">
							<String ID="string_154" HPOS="61" VPOS="573" WIDTH="50" HEIGHT="22" WC="0.95" CONTENT="icke"/><SP WIDTH="16" VPOS="573" HPOS="111"/>
							<String ID="string_155" HPOS="127" VPOS="573" WIDTH="78" HEIGHT="22" WC="0.96" CONTENT="endast"/><SP WIDTH="14" VPOS="573" HPOS="205"/>
							<String ID="string_156" HPOS="219" VPOS="575" WIDTH="140" HEIGHT="27" WC="0.96" CONTENT="presenteras"/><SP WIDTH="15" VPOS="575" HPOS="359"/>
							<String ID="string_157" HPOS="374" VPOS="574" WIDTH="40" HEIGHT="21" WC="0.97" CONTENT="hos"/><SP WIDTH="17" VPOS="574" HPOS="414"/>
							<String ID="string_158" HPOS="431" VPOS="574" WIDTH="50" HEIGHT="26" WC="0.96" CONTENT="den,"/><SP WIDTH="17" VPOS="574" HPOS="481"/>
							<String ID="string_159" HPOS="498" VPOS="581" WIDTH="48" HEIGHT="14" WC="0.96" CONTENT="som"/><SP WIDTH="16" VPOS="581" HPOS="546"/>
							<String ID="string_160" HPOS="562" VPOS="577" WIDTH="26" HEIGHT="18" WC="0.96" CONTENT="är"/><SP WIDTH="10" VPOS="577" HPOS="588"/>
							<String ID="string_161" HPOS="598" VPOS="573" WIDTH="90" HEIGHT="28" WC="0.95" CONTENT="skyldig"/><SP WIDTH="14" VPOS="573" HPOS="688"/>
							<String ID="string_162" HPOS="702" VPOS="575" WIDTH="32" HEIGHT="20" WC="0.93" CONTENT="att"/><SP WIDTH="10" VPOS="575" HPOS="734"/>
							<String ID="string_163" HPOS="744" VPOS="573" WIDTH="72" HEIGHT="22" WC="0.92" CONTENT="inlösa"/><SP WIDTH="11" VPOS="573" HPOS="816"/>
							<String ID="string_164" HPOS="827" VPOS="573" WIDTH="57" HEIGHT="25" WC="0.96" CONTENT="dem,"/>
						</TextLine>
						<TextLine ID="line_17" HPOS="61" VPOS="603" WIDTH="823" HEIGHT="29">
							<String ID="string_165" HPOS="61" VPOS="605" WIDTH="54" HEIGHT="19" WC="0.96" CONTENT="utan"/><SP WIDTH="15" VPOS="605" HPOS="115"/>
							<String ID="string_166" HPOS="130" VPOS="605" WIDTH="83" HEIGHT="26" WC="0.96" CONTENT="många"/><SP WIDTH="16" VPOS="605" HPOS="213"/>
							<String ID="string_167" HPOS="229" VPOS="603" WIDTH="25" HEIGHT="22" WC="0.96" CONTENT="af"/><SP WIDTH="13" VPOS="603" HPOS="254"/>
							<String ID="string_168" HPOS="267" VPOS="604" WIDTH="64" HEIGHT="21" WC="0.96" CONTENT="dessa"/><SP WIDTH="15" VPOS="604" HPOS="331"/>
							<String ID="string_169" HPOS="346" VPOS="604" WIDTH="117" HEIGHT="28" WC="0.96" CONTENT="kuponger"/><SP WIDTH="16" VPOS="604" HPOS="463"/>
							<String ID="string_170" HPOS="479" VPOS="605" WIDTH="30" HEIGHT="27" WC="0.96" CONTENT="gå"/><SP WIDTH="15" VPOS="605" HPOS="509"/>
							<String ID="string_171" HPOS="524" VPOS="611" WIDTH="53" HEIGHT="14" WC="0.96" CONTENT="man"/><SP WIDTH="16" VPOS="611" HPOS="577"/>
							<String ID="string_172" HPOS="593" VPOS="603" WIDTH="42" HEIGHT="22" WC="0.96" CONTENT="och"/><SP WIDTH="16" VPOS="603" HPOS="635"/>
							<String ID="string_173" HPOS="651" VPOS="610" WIDTH="52" HEIGHT="15" WC="0.95" CONTENT="man"/><SP WIDTH="11" VPOS="610" HPOS="703"/>
							<String ID="string_174" HPOS="714" VPOS="603" WIDTH="102" HEIGHT="22" WC="0.95" CONTENT="emellan."/><SP WIDTH="17" VPOS="603" HPOS="816"/>
							<String ID="string_175" HPOS="833" VPOS="603" WIDTH="51" HEIGHT="21" WC="0.96" CONTENT="Men"/>
						</TextLine>
						<TextLine ID="line_18" HPOS="61" VPOS="633" WIDTH="823" HEIGHT="29">
							<String ID="string_176" HPOS="61" VPOS="633" WIDTH="6" HEIGHT="21" WC="0.96" CONTENT="i"/><SP WIDTH="18" VPOS="633" HPOS="67"/>
							<String ID="string_177" HPOS="85" VPOS="633" WIDTH="77" HEIGHT="28" WC="0.96" CONTENT="hvarje"/><SP WIDTH="16" VPOS="633" HPOS="162"/>
							<String ID="string_178" HPOS="178" VPOS="633" WIDTH="106" HEIGHT="22" WC="0.96" CONTENT="händelse"/><SP WIDTH="15" VPOS="633" HPOS="284"/>
							<String ID="string_179" HPOS="299" VPOS="634" WIDTH="45" HEIGHT="21" WC="0.96" CONTENT="kan"/><SP WIDTH="16" VPOS="634" HPOS="344"/>
							<String ID="string_180" HPOS="360" VPOS="634" WIDTH="38" HEIGHT="21" WC="0.96" CONTENT="det"/><SP WIDTH="16" VPOS="634" HPOS="398"/>
							<String ID="string_181" HPOS="414" VPOS="633" WIDTH="58" HEIGHT="22" WC="0.96" CONTENT="dock"/><SP WIDTH="15" VPOS="633" HPOS="472"/>
							<String ID="string_182" HPOS="487" VPOS="641" WIDTH="55" HEIGHT="14" WC="0.93" CONTENT="vara"/><SP WIDTH="15" VPOS="641" HPOS="542"/>
							<String ID="string_183" HPOS="557" VPOS="633" WIDTH="116" HEIGHT="29" WC="0.92" CONTENT="påkalladt"/><SP WIDTH="15" VPOS="633" HPOS="673"/>
							<String ID="string_184" HPOS="688" VPOS="634" WIDTH="33" HEIGHT="21" WC="0.96" CONTENT="att"/><SP WIDTH="13" VPOS="634" HPOS="721"/>
							<String ID="string_185" HPOS="734" VPOS="633" WIDTH="108" HEIGHT="22" WC="0.93" CONTENT="utskottet"/><SP WIDTH="10" VPOS="633" HPOS="842"/>
							<String ID="string_186" HPOS="852" VPOS="634" WIDTH="32" HEIGHT="20" WC="0.93" CONTENT="ta-"/>
						</TextLine>
						<TextLine ID="line_19" HPOS="61" VPOS="663" WIDTH="822" HEIGHT="29">
							<String ID="string_187" HPOS="61" VPOS="669" WIDTH="42" HEIGHT="21" WC="0.96" CONTENT="ger"/><SP WIDTH="20" VPOS="669" HPOS="103"/>
							<String ID="string_188" HPOS="123" VPOS="663" WIDTH="72" HEIGHT="21" WC="0.93" CONTENT="under"/><SP WIDTH="22" VPOS="663" HPOS="195"/>
							<String ID="string_189" HPOS="217" VPOS="663" WIDTH="149" HEIGHT="29" WC="0.91" CONTENT="ompröfning,"/><SP WIDTH="17" VPOS="663" HPOS="366"/>
							<String ID="string_190" HPOS="383" VPOS="671" WIDTH="36" HEIGHT="13" WC="0.96" CONTENT="om"/><SP WIDTH="17" VPOS="671" HPOS="419"/>
							<String ID="string_191" HPOS="436" VPOS="663" WIDTH="38" HEIGHT="22" WC="0.96" CONTENT="det"/><SP WIDTH="16" VPOS="663" HPOS="474"/>
							<String ID="string_192" HPOS="490" VPOS="663" WIDTH="107" HEIGHT="28" WC="0.96" CONTENT="möjligen"/><SP WIDTH="16" VPOS="663" HPOS="597"/>
							<String ID="string_193" HPOS="613" VPOS="663" WIDTH="71" HEIGHT="21" WC="0.96" CONTENT="skulle"/><SP WIDTH="16" VPOS="663" HPOS="684"/>
							<String ID="string_194" HPOS="700" VPOS="663" WIDTH="73" HEIGHT="21" WC="0.96" CONTENT="finnas"/><SP WIDTH="16" VPOS="663" HPOS="773"/>
							<String ID="string_195" HPOS="789" VPOS="663" WIDTH="49" HEIGHT="21" WC="0.95" CONTENT="skäl"/><SP WIDTH="16" VPOS="663" HPOS="838"/>
							<String ID="string_196" HPOS="854" VPOS="664" WIDTH="29" HEIGHT="20" WC="0.96" CONTENT="att"/>
						</TextLine>
						<TextLine ID="line_20" HPOS="61" VPOS="692" WIDTH="823" HEIGHT="30">
							<String ID="string_197" HPOS="61" VPOS="692" WIDTH="76" HEIGHT="22" WC="0.96" CONTENT="införa"/><SP WIDTH="16" VPOS="692" HPOS="137"/>
							<String ID="string_198" HPOS="153" VPOS="694" WIDTH="31" HEIGHT="20" WC="0.96" CONTENT="ett"/><SP WIDTH="16" VPOS="694" HPOS="184"/>
							<String ID="string_199" HPOS="200" VPOS="693" WIDTH="79" HEIGHT="21" WC="0.89" CONTENT="sådant"/><SP WIDTH="7" VPOS="693" HPOS="279"/>
							<String ID="string_200" HPOS="286" VPOS="693" WIDTH="87" HEIGHT="29" WC="0.89" CONTENT="tillägg,"/><SP WIDTH="12" VPOS="693" HPOS="373"/>
							<String ID="string_201" HPOS="385" VPOS="700" WIDTH="48" HEIGHT="14" WC="0.96" CONTENT="som"/><SP WIDTH="11" VPOS="700" HPOS="433"/>
							<String ID="string_202" HPOS="444" VPOS="693" WIDTH="38" HEIGHT="21" WC="0.96" CONTENT="det"/><SP WIDTH="11" VPOS="693" HPOS="482"/>
							<String ID="string_203" HPOS="493" VPOS="692" WIDTH="25" HEIGHT="22" WC="0.96" CONTENT="af"/><SP WIDTH="7" VPOS="692" HPOS="518"/>
							<String ID="string_204" HPOS="525" VPOS="692" WIDTH="113" HEIGHT="29" WC="0.96" CONTENT="professor"/><SP WIDTH="10" VPOS="692" HPOS="638"/>
							<String ID="string_205" HPOS="648" VPOS="692" WIDTH="92" HEIGHT="22" WC="0.96" CONTENT="Donner"/><SP WIDTH="10" VPOS="692" HPOS="740"/>
							<String ID="string_206" HPOS="750" VPOS="692" WIDTH="134" HEIGHT="28" WC="0.96" CONTENT="föreslagna."/>
						</TextLine>
					</TextBlock>
				</ComposedBlock>
				<ComposedBlock ID="cblock_2" HPOS="60" VPOS="758" WIDTH="826" HEIGHT="405">
					<TextBlock ID="block_2" HPOS="60" VPOS="758" WIDTH="826" HEIGHT="82">
						<TextLine ID="line_21" HPOS="132" VPOS="758" WIDTH="753" HEIGHT="28">
							<String ID="string_207" HPOS="132" VPOS="758" WIDTH="122" HEIGHT="22" WC="0.90" CONTENT="Professori"/><SP WIDTH="21" VPOS="758" HPOS="254"/>
							<String ID="string_208" HPOS="275" VPOS="758" WIDTH="90" HEIGHT="23" WC="0.95" CONTENT="Palmén:"/><SP WIDTH="32" VPOS="758" HPOS="365"/>
							<String ID="string_209" HPOS="397" VPOS="758" WIDTH="58" HEIGHT="22" WC="0.95" CONTENT="Sitte"/><SP WIDTH="21" VPOS="758" HPOS="455"/>
							<String ID="string_210" HPOS="476" VPOS="759" WIDTH="46" HEIGHT="21" WC="0.93" CONTENT="kun"/><SP WIDTH="24" VPOS="759" HPOS="522"/>
							<String ID="string_211" HPOS="546" VPOS="758" WIDTH="101" HEIGHT="22" WC="0.89" CONTENT="edelliset"/><SP WIDTH="15" VPOS="758" HPOS="647"/>
							<String ID="string_212" HPOS="662" VPOS="758" WIDTH="93" HEIGHT="28" WC="0.91" CONTENT="puhujat"/><SP WIDTH="17" VPOS="758" HPOS="755"/>
							<String ID="string_213" HPOS="772" VPOS="760" WIDTH="52" HEIGHT="20" WC="0.93" CONTENT="ovat"/><SP WIDTH="15" VPOS="760" HPOS="824"/>
							<String ID="string_214" HPOS="839" VPOS="758" WIDTH="46" HEIGHT="21" WC="0.90" CONTENT="lau-"/>
						</TextLine>
						<TextLine ID="line_22" HPOS="62" VPOS="788" WIDTH="824" HEIGHT="28">
							<String ID="string_215" HPOS="62" VPOS="789" WIDTH="79" HEIGHT="21" WC="0.91" CONTENT="suneet"/><SP WIDTH="18" VPOS="789" HPOS="141"/>
							<String ID="string_216" HPOS="159" VPOS="788" WIDTH="168" HEIGHT="28" WC="0.96" CONTENT="mielipiteensä,"/><SP WIDTH="20" VPOS="788" HPOS="327"/>
							<String ID="string_217" HPOS="347" VPOS="788" WIDTH="93" HEIGHT="22" WC="0.96" CONTENT="minulla"/><SP WIDTH="16" VPOS="788" HPOS="440"/>
							<String ID="string_218" HPOS="456" VPOS="788" WIDTH="21" HEIGHT="22" WC="0.96" CONTENT="ei"/><SP WIDTH="17" VPOS="788" HPOS="477"/>
							<String ID="string_219" HPOS="494" VPOS="788" WIDTH="34" HEIGHT="22" WC="0.96" CONTENT="ole"/><SP WIDTH="16" VPOS="788" HPOS="528"/>
							<String ID="string_220" HPOS="544" VPOS="789" WIDTH="77" HEIGHT="20" WC="0.96" CONTENT="muuta"/><SP WIDTH="15" VPOS="789" HPOS="621"/>
							<String ID="string_221" HPOS="636" VPOS="788" WIDTH="118" HEIGHT="21" WC="0.96" CONTENT="lisättävää"/><SP WIDTH="16" VPOS="788" HPOS="754"/>
							<String ID="string_222" HPOS="770" VPOS="788" WIDTH="54" HEIGHT="21" WC="0.96" CONTENT="kuin"/><SP WIDTH="16" VPOS="788" HPOS="824"/>
							<String ID="string_223" HPOS="840" VPOS="789" WIDTH="46" HEIGHT="21" WC="0.97" CONTENT="että"/>
						</TextLine>
						<TextLine ID="line_23" HPOS="60" VPOS="818" WIDTH="588" HEIGHT="22">
							<String ID="string_224" HPOS="60" VPOS="818" WIDTH="115" HEIGHT="21" WC="0.96" CONTENT="kannatan"/><SP WIDTH="17" VPOS="818" HPOS="175"/>
							<String ID="string_225" HPOS="192" VPOS="818" WIDTH="66" HEIGHT="22" WC="0.96" CONTENT="herra"/><SP WIDTH="15" VPOS="818" HPOS="258"/>
							<String ID="string_226" HPOS="273" VPOS="818" WIDTH="115" HEIGHT="22" WC="0.96" CONTENT="Donnerin"/><SP WIDTH="16" VPOS="818" HPOS="388"/>
							<String ID="string_227" HPOS="404" VPOS="818" WIDTH="104" HEIGHT="22" WC="0.96" CONTENT="tekemää"/><SP WIDTH="17" VPOS="818" HPOS="508"/>
							<String ID="string_228" HPOS="525" VPOS="818" WIDTH="123" HEIGHT="22" WC="0.96" CONTENT="ehdotusta."/>
						</TextLine>
					</TextBlock>
					<TextBlock ID="block_3" HPOS="132" VPOS="879" WIDTH="169" HEIGHT="33">
						<TextLine ID="line_24" HPOS="132" VPOS="879" WIDTH="169" HEIGHT="33">
							<String ID="string_229" HPOS="132" VPOS="879" WIDTH="169" HEIGHT="33" WC="0.26" CONTENT="Känestysesitys:"/>
						</TextLine>
					</TextBlock>
					<TextBlock ID="block_4" HPOS="62" VPOS="949" WIDTH="824" HEIGHT="82">
						<TextLine ID="line_25" HPOS="81" VPOS="949" WIDTH="805" HEIGHT="33">
							<String ID="string_230" HPOS="81" VPOS="978" WIDTH="3" HEIGHT="4" WC="0.39" CONTENT="&gt;"/><SP WIDTH="51" VPOS="978" HPOS="84"/>
							<String ID="string_231" HPOS="135" VPOS="949" WIDTH="63" HEIGHT="22" WC="0.59" CONTENT="—&gt;Ken"/><SP WIDTH="15" VPOS="949" HPOS="198"/>
							<String ID="string_232" HPOS="213" VPOS="950" WIDTH="118" HEIGHT="28" WC="0.96" CONTENT="hyväksyy"/><SP WIDTH="17" VPOS="950" HPOS="331"/>
							<String ID="string_233" HPOS="348" VPOS="950" WIDTH="119" HEIGHT="22" WC="0.96" CONTENT="asetuksen"/><SP WIDTH="19" VPOS="950" HPOS="467"/>
							<String ID="string_234" HPOS="486" VPOS="951" WIDTH="8" HEIGHT="20" WC="0.93" CONTENT="1"/><SP WIDTH="19" VPOS="951" HPOS="494"/>
							<String ID="string_235" HPOS="513" VPOS="950" WIDTH="37" HEIGHT="28" WC="0.91" CONTENT="&amp;:n"/><SP WIDTH="11" VPOS="950" HPOS="550"/>
							<String ID="string_236" HPOS="561" VPOS="950" WIDTH="123" HEIGHT="22" WC="0.97" CONTENT="mietinnön"/><SP WIDTH="12" VPOS="950" HPOS="684"/>
							<String ID="string_237" HPOS="696" VPOS="950" WIDTH="103" HEIGHT="26" WC="0.96" CONTENT="mukaan,"/><SP WIDTH="10" VPOS="950" HPOS="799"/>
							<String ID="string_238" HPOS="809" VPOS="951" WIDTH="77" HEIGHT="20" WC="0.95" CONTENT="vastaa"/>
						</TextLine>
						<TextLine ID="line_26" HPOS="66" VPOS="979" WIDTH="820" HEIGHT="29">
							<String ID="string_239" HPOS="66" VPOS="986" WIDTH="71" HEIGHT="20" WC="0.9" CONTENT="»jaae;"/><SP WIDTH="14" VPOS="986" HPOS="137"/>
							<String ID="string_240" HPOS="151" VPOS="979" WIDTH="36" HEIGHT="28" WC="0.93" CONTENT="jos"/><SP WIDTH="19" VPOS="979" HPOS="187"/>
							<String ID="string_241" HPOS="206" VPOS="980" WIDTH="45" HEIGHT="21" WC="0.92" CONTENT="»ei«"/><SP WIDTH="18" VPOS="980" HPOS="251"/>
							<String ID="string_242" HPOS="269" VPOS="980" WIDTH="90" HEIGHT="26" WC="0.96" CONTENT="voittaa,"/><SP WIDTH="18" VPOS="980" HPOS="359"/>
							<String ID="string_243" HPOS="377" VPOS="986" WIDTH="29" HEIGHT="15" WC="0.96" CONTENT="on"/><SP WIDTH="14" VPOS="986" HPOS="406"/>
							<String ID="string_244" HPOS="420" VPOS="981" WIDTH="66" HEIGHT="27" WC="0.96" CONTENT="sääty"/><SP WIDTH="15" VPOS="981" HPOS="486"/>
							<String ID="string_245" HPOS="501" VPOS="980" WIDTH="145" HEIGHT="28" WC="0.96" CONTENT="hyväksynyt"/><SP WIDTH="15" VPOS="980" HPOS="646"/>
							<String ID="string_246" HPOS="661" VPOS="980" WIDTH="59" HEIGHT="21" WC="0.96" CONTENT="tässä"/><SP WIDTH="16" VPOS="980" HPOS="720"/>
							<String ID="string_247" HPOS="736" VPOS="980" WIDTH="90" HEIGHT="21" WC="0.93" CONTENT="kohden"/><SP WIDTH="10" VPOS="980" HPOS="826"/>
							<String ID="string_248" HPOS="836" VPOS="986" WIDTH="50" HEIGHT="21" WC="0.93" CONTENT="pro-"/>
						</TextLine>
						<TextLine ID="line_27" HPOS="62" VPOS="1008" WIDTH="506" HEIGHT="23">
							<String ID="string_249" HPOS="62" VPOS="1008" WIDTH="78" HEIGHT="23" WC="0.96" CONTENT="fessori"/><SP WIDTH="15" VPOS="1008" HPOS="140"/>
							<String ID="string_250" HPOS="155" VPOS="1009" WIDTH="115" HEIGHT="22" WC="0.96" CONTENT="Donnerin"/><SP WIDTH="15" VPOS="1009" HPOS="270"/>
							<String ID="string_251" HPOS="285" VPOS="1010" WIDTH="106" HEIGHT="21" WC="0.93" CONTENT="tekemän"/><SP WIDTH="16" VPOS="1010" HPOS="391"/>
							<String ID="string_252" HPOS="407" VPOS="1010" WIDTH="161" HEIGHT="21" WC="0.76" CONTENT="ehdotuksen.&lt;"/>
						</TextLine>
					</TextBlock>
					<TextBlock ID="block_5" HPOS="133" VPOS="1075" WIDTH="82" HEIGHT="22">
						<TextLine ID="line_28" HPOS="133" VPOS="1075" WIDTH="82" HEIGHT="22">
							<String ID="string_253" HPOS="133" VPOS="1075" WIDTH="82" HEIGHT="22" WC="0.96" CONTENT="Päätös:"/>
						</TextLine>
					</TextBlock>
					<TextBlock ID="block_6" HPOS="134" VPOS="1129" WIDTH="751" HEIGHT="34">
						<TextLine ID="line_29" HPOS="134" VPOS="1129" WIDTH="751" HEIGHT="34">
							<String ID="string_254" HPOS="134" VPOS="1129" WIDTH="176" HEIGHT="34" WC="0.95" CONTENT="Äänestyksessä"/><SP WIDTH="24" VPOS="1129" HPOS="310"/>
							<String ID="string_255" HPOS="334" VPOS="1135" WIDTH="68" HEIGHT="22" WC="0.93" CONTENT="olivat"/><SP WIDTH="26" VPOS="1135" HPOS="402"/>
							<String ID="string_256" HPOS="428" VPOS="1135" WIDTH="127" HEIGHT="22" WC="0.86" CONTENT="»ei«-äänet"/><SP WIDTH="24" VPOS="1135" HPOS="555"/>
							<String ID="string_257" HPOS="579" VPOS="1135" WIDTH="97" HEIGHT="26" WC="0.96" CONTENT="voitolla,"/><SP WIDTH="23" VPOS="1135" HPOS="676"/>
							<String ID="string_258" HPOS="699" VPOS="1135" WIDTH="63" HEIGHT="28" WC="0.96" CONTENT="joten"/><SP WIDTH="16" VPOS="1135" HPOS="762"/>
							<String ID="string_259" HPOS="778" VPOS="1136" WIDTH="62" HEIGHT="26" WC="0.96" CONTENT="sääty"/><SP WIDTH="17" VPOS="1136" HPOS="840"/>
							<String ID="string_260" HPOS="857" VPOS="1134" WIDTH="28" HEIGHT="21" WC="0.96" CONTENT="oli"/>
						</TextLine>
					</TextBlock>
				</ComposedBlock>
				<ComposedBlock ID="cblock_3" HPOS="61" VPOS="1164" WIDTH="825" HEIGHT="52">
					<TextBlock ID="block_7" HPOS="61" VPOS="1164" WIDTH="825" HEIGHT="52">
						<TextLine ID="line_30" HPOS="61" VPOS="1164" WIDTH="825" HEIGHT="30">
							<String ID="string_261" HPOS="61" VPOS="1164" WIDTH="8" HEIGHT="22" WC="0.89" CONTENT="1"/><SP WIDTH="18" VPOS="1164" HPOS="69"/>
							<String ID="string_262" HPOS="87" VPOS="1165" WIDTH="59" HEIGHT="28" WC="0.89" CONTENT="8:ään"/><SP WIDTH="23" VPOS="1165" HPOS="146"/>
							<String ID="string_263" HPOS="169" VPOS="1165" WIDTH="90" HEIGHT="22" WC="0.96" CONTENT="nähden"/><SP WIDTH="23" VPOS="1165" HPOS="259"/>
							<String ID="string_264" HPOS="282" VPOS="1165" WIDTH="144" HEIGHT="28" WC="0.96" CONTENT="hyväksynyt"/><SP WIDTH="24" VPOS="1165" HPOS="426"/>
							<String ID="string_265" HPOS="450" VPOS="1164" WIDTH="120" HEIGHT="30" WC="0.96" CONTENT="professori"/><SP WIDTH="20" VPOS="1164" HPOS="570"/>
							<String ID="string_266" HPOS="590" VPOS="1165" WIDTH="98" HEIGHT="22" WC="0.96" CONTENT="Donnerin"/><SP WIDTH="18" VPOS="1165" HPOS="688"/>
							<String ID="string_267" HPOS="706" VPOS="1165" WIDTH="104" HEIGHT="21" WC="0.93" CONTENT="tekemän"/><SP WIDTH="16" VPOS="1165" HPOS="810"/>
							<String ID="string_268" HPOS="826" VPOS="1164" WIDTH="60" HEIGHT="22" WC="0.92" CONTENT="ehdo-"/>
						</TextLine>
						<TextLine ID="line_31" HPOS="61" VPOS="1195" WIDTH="78" HEIGHT="21">
							<String ID="string_269" HPOS="61" VPOS="1195" WIDTH="78" HEIGHT="21" WC="0.96" CONTENT="tuksen."/>
						</TextLine>
					</TextBlock>
				</ComposedBlock>
				<ComposedBlock ID="cblock_4" HPOS="131" VPOS="1260" WIDTH="579" HEIGHT="141">
					<TextBlock ID="block_8" HPOS="131" VPOS="1260" WIDTH="579" HEIGHT="141">
						<TextLine ID="line_32" HPOS="131" VPOS="1260" WIDTH="579" HEIGHT="28">
							<String ID="string_270" HPOS="131" VPOS="1260" WIDTH="28" HEIGHT="28" WC="0.34" CONTENT="S:t"/><SP WIDTH="16" VPOS="1260" HPOS="159"/>
							<String ID="string_271" HPOS="175" VPOS="1260" WIDTH="58" HEIGHT="22" WC="0.91" CONTENT="2—6"/><SP WIDTH="17" VPOS="1260" HPOS="233"/>
							<String ID="string_272" HPOS="250" VPOS="1261" WIDTH="126" HEIGHT="27" WC="0.93" CONTENT="hyväksyttiin"/><SP WIDTH="15" VPOS="1261" HPOS="376"/>
							<String ID="string_273" HPOS="391" VPOS="1261" WIDTH="136" HEIGHT="27" WC="0.91" CONTENT="järjestänsä"/><SP WIDTH="16" VPOS="1261" HPOS="527"/>
							<String ID="string_274" HPOS="543" VPOS="1261" WIDTH="167" HEIGHT="21" WC="0.93" CONTENT="keskustelutta."/>
						</TextLine>
						<TextLine ID="line_33" HPOS="449" VPOS="1327" WIDTH="50" HEIGHT="28">
							<String ID="string_275" HPOS="449" VPOS="1327" WIDTH="50" HEIGHT="28" WC="0.92" CONTENT="78."/>
						</TextLine>
						<TextLine ID="line_34" HPOS="134" VPOS="1379" WIDTH="127" HEIGHT="22">
							<String ID="string_276" HPOS="134" VPOS="1379" WIDTH="127" HEIGHT="22" WC="0.89" CONTENT="Keskustelu:"/>
						</TextLine>
					</TextBlock>
				</ComposedBlock>
				<ComposedBlock ID="cblock_5" HPOS="66" VPOS="1438" WIDTH="821" HEIGHT="59">
					<TextBlock ID="block_9" HPOS="66" VPOS="1438" WIDTH="821" HEIGHT="59">
						<TextLine ID="line_35" HPOS="134" VPOS="1438" WIDTH="753" HEIGHT="29">
							<String ID="string_277" HPOS="134" VPOS="1438" WIDTH="122" HEIGHT="22" WC="0.96" CONTENT="Professori"/><SP WIDTH="16" VPOS="1438" HPOS="256"/>
							<String ID="string_278" HPOS="272" VPOS="1439" WIDTH="113" HEIGHT="28" WC="0.96" CONTENT="Runeberg:"/><SP WIDTH="33" VPOS="1439" HPOS="385"/>
							<String ID="string_279" HPOS="418" VPOS="1440" WIDTH="12" HEIGHT="20" WC="0.95" CONTENT="7"/><SP WIDTH="16" VPOS="1440" HPOS="430"/>
							<String ID="string_280" HPOS="446" VPOS="1439" WIDTH="13" HEIGHT="28" WC="0.93" CONTENT="&amp;"/><SP WIDTH="17" VPOS="1439" HPOS="459"/>
							<String ID="string_281" HPOS="476" VPOS="1440" WIDTH="136" HEIGHT="21" WC="0.96" CONTENT="bestämmer"/><SP WIDTH="17" VPOS="1440" HPOS="612"/>
							<String ID="string_282" HPOS="629" VPOS="1440" WIDTH="6" HEIGHT="21" WC="0.96" CONTENT="i"/><SP WIDTH="17" VPOS="1440" HPOS="635"/>
							<String ID="string_283" HPOS="652" VPOS="1440" WIDTH="44" HEIGHT="21" WC="0.96" CONTENT="den"/><SP WIDTH="16" VPOS="1440" HPOS="696"/>
							<String ID="string_284" HPOS="712" VPOS="1447" WIDTH="79" HEIGHT="14" WC="0.93" CONTENT="senare"/><SP WIDTH="11" VPOS="1447" HPOS="791"/>
							<String ID="string_285" HPOS="802" VPOS="1439" WIDTH="85" HEIGHT="21" WC="0.92" CONTENT="menin-"/>
						</TextLine>
						<TextLine ID="line_36" HPOS="66" VPOS="1468" WIDTH="820" HEIGHT="29">
							<String ID="string_286" HPOS="66" VPOS="1475" WIDTH="52" HEIGHT="20" WC="0.92" CONTENT="gen:"/><SP WIDTH="20" VPOS="1475" HPOS="118"/>
							<String ID="string_287" HPOS="138" VPOS="1468" WIDTH="139" HEIGHT="22" WC="0.92" CONTENT="»Innehåller"/><SP WIDTH="14" VPOS="1468" HPOS="277"/>
							<String ID="string_288" HPOS="291" VPOS="1469" WIDTH="94" HEIGHT="26" WC="0.95" CONTENT="urkund,"/><SP WIDTH="18" VPOS="1469" HPOS="385"/>
							<String ID="string_289" HPOS="403" VPOS="1476" WIDTH="47" HEIGHT="15" WC="0.97" CONTENT="som"/><SP WIDTH="16" VPOS="1476" HPOS="450"/>
							<String ID="string_290" HPOS="466" VPOS="1469" WIDTH="59" HEIGHT="22" WC="0.91" CONTENT="skall"/><SP WIDTH="16" VPOS="1469" HPOS="525"/>
							<String ID="string_291" HPOS="541" VPOS="1469" WIDTH="123" HEIGHT="28" WC="0.90" CONTENT="efterlysas,"/><SP WIDTH="18" VPOS="1469" HPOS="664"/>
							<String ID="string_292" HPOS="682" VPOS="1469" WIDTH="44" HEIGHT="22" WC="0.96" CONTENT="viss"/><SP WIDTH="17" VPOS="1469" HPOS="726"/>
							<String ID="string_293" HPOS="743" VPOS="1469" WIDTH="143" HEIGHT="28" WC="0.96" CONTENT="förfallodag,"/>
						</TextLine>
					</TextBlock>
				</ComposedBlock>
			</PrintSpace>
		</Page>
	</Layout>
</alto>
