<?xml version="1.0" encoding="UTF-8"?>
<alto xmlns="http://www.loc.gov/standards/alto/ns-v3#" xmlns:xlink="http://www.w3.org/1999/xlink" xmlns:xsi="http://www.w3.org/2001/XMLSchema-instance" xsi:schemaLocation="http://www.loc.gov/standards/alto/ns-v3# http://www.loc.gov/alto/v3/alto-3-0.xsd">
	<Description>
		<MeasurementUnit>pixel</MeasurementUnit>
		<sourceImageInformation>
			<fileName>/tmp/tess_ajtk07_y_input.PNG</fileName>
		</sourceImageInformation>
		<OCRProcessing ID="OCR_0">
			<ocrProcessingStep>
				<processingSoftware>
					<softwareName>tesseract 5.3.4</softwareName>
				</processingSoftware>
			</ocrProcessingStep>
		</OCRProcessing>
	</Description>
	<Layout>
		<Page WIDTH="1092" HEIGHT="1739" PHYSICAL_IMG_NR="0" ID="page_0">
			<PrintSpace HPOS="0" VPOS="0" WIDTH="1092" HEIGHT="1739">
				<ComposedBlock ID="cblock_0" HPOS="193" VPOS="97" WIDTH="582" HEIGHT="23">
					<TextBlock ID="block_0" HPOS="193" VPOS="97" WIDTH="582" HEIGHT="23">
						<TextLine ID="line_0" HPOS="193" VPOS="97" WIDTH="582" HEIGHT="23">
							<String ID="string_0" HPOS="193" VPOS="98" WIDTH="57" HEIGHT="21" WC="0.95" CONTENT="1318"/><SP WIDTH="177" VPOS="98" HPOS="250"/>
							<String ID="string_1" HPOS="427" VPOS="97" WIDTH="125" HEIGHT="23" WC="0.93" CONTENT="Pappissääty"/><SP WIDTH="12" VPOS="97" HPOS="552"/>
							<String ID="string_2" HPOS="564" VPOS="97" WIDTH="84" HEIGHT="19" WC="0.92" CONTENT="Toukok."/><SP WIDTH="13" VPOS="97" HPOS="648"/>
							<String ID="string_3" HPOS="661" VPOS="98" WIDTH="24" HEIGHT="17" WC="0.90" CONTENT="30"/><SP WIDTH="12" VPOS="98" HPOS="685"/>
							<String ID="string_4" HPOS="697" VPOS="103" WIDTH="17" HEIGHT="16" WC="0.96" CONTENT="p."/><SP WIDTH="14" VPOS="103" HPOS="714"/>
							<String ID="string_5" HPOS="728" VPOS="97" WIDTH="47" HEIGHT="18" WC="0.97" CONTENT="1900"/>
						</TextLine>
					</TextBlock>
				</ComposedBlock>
				<ComposedBlock ID="cblock_1" HPOS="188" VPOS="150" WIDTH="831" HEIGHT="1373">
					<TextBlock ID="block_1" HPOS="189" VPOS="150" WIDTH="830" HEIGHT="592">
						<TextLine ID="line_1" HPOS="189" VPOS="150" WIDTH="828" HEIGHT="30">
							<String ID="string_6" HPOS="189" VPOS="151" WIDTH="140" HEIGHT="28" WC="0.93" CONTENT="behandling"/><SP WIDTH="20" VPOS="151" HPOS="329"/>
							<String ID="string_7" HPOS="349" VPOS="151" WIDTH="99" HEIGHT="22" WC="0.92" CONTENT="varande"/><SP WIDTH="24" VPOS="151" HPOS="448"/>
							<String ID="string_8" HPOS="472" VPOS="152" WIDTH="13" HEIGHT="28" WC="0.90" CONTENT="&amp;"/><SP WIDTH="22" VPOS="152" HPOS="485"/>
							<String ID="string_9" HPOS="507" VPOS="153" WIDTH="20" HEIGHT="25" WC="0.96" CONTENT="5,"/><SP WIDTH="23" VPOS="153" HPOS="527"/>
							<String ID="string_10" HPOS="550" VPOS="152" WIDTH="39" HEIGHT="21" WC="0.96" CONTENT="der"/><SP WIDTH="21" VPOS="152" HPOS="589"/>
							<String ID="string_11" HPOS="610" VPOS="151" WIDTH="37" HEIGHT="22" WC="0.93" CONTENT="det"/><SP WIDTH="24" VPOS="151" HPOS="647"/>
							<String ID="string_12" HPOS="671" VPOS="152" WIDTH="46" HEIGHT="21" WC="0.93" CONTENT="stär"/><SP WIDTH="15" VPOS="152" HPOS="717"/>
							<String ID="string_13" HPOS="732" VPOS="152" WIDTH="40" HEIGHT="25" WC="0.96" CONTENT="att,"/><SP WIDTH="16" VPOS="152" HPOS="772"/>
							<String ID="string_14" HPOS="788" VPOS="157" WIDTH="37" HEIGHT="15" WC="0.96" CONTENT="om"/><SP WIDTH="17" VPOS="157" HPOS="825"/>
							<String ID="string_15" HPOS="842" VPOS="157" WIDTH="81" HEIGHT="22" WC="0.93" CONTENT="genom"/><SP WIDTH="16" VPOS="157" HPOS="923"/>
							<String ID="string_16" HPOS="939" VPOS="150" WIDTH="78" HEIGHT="28" WC="0.92" CONTENT="nädigt"/>
						</TextLine>
						<TextLine ID="line_2" HPOS="189" VPOS="179" WIDTH="828" HEIGHT="29">
							<String ID="string_17" HPOS="189" VPOS="180" WIDTH="152" HEIGHT="23" WC="0.96" CONTENT="förordnande"/><SP WIDTH="24" VPOS="180" HPOS="341"/>
							<String ID="string_18" HPOS="365" VPOS="181" WIDTH="114" HEIGHT="27" WC="0.96" CONTENT="bestämts,"/><SP WIDTH="25" VPOS="181" HPOS="479"/>
							<String ID="string_19" HPOS="504" VPOS="183" WIDTH="32" HEIGHT="20" WC="0.93" CONTENT="att"/><SP WIDTH="23" VPOS="183" HPOS="536"/>
							<String ID="string_20" HPOS="559" VPOS="181" WIDTH="143" HEIGHT="22" WC="0.92" CONTENT="fiskevärden"/><SP WIDTH="23" VPOS="181" HPOS="702"/>
							<String ID="string_21" HPOS="725" VPOS="181" WIDTH="7" HEIGHT="21" WC="0.96" CONTENT="i"/><SP WIDTH="25" VPOS="181" HPOS="732"/>
							<String ID="string_22" HPOS="757" VPOS="187" WIDTH="86" HEIGHT="15" WC="0.96" CONTENT="samma"/><SP WIDTH="24" VPOS="187" HPOS="843"/>
							<String ID="string_23" HPOS="867" VPOS="181" WIDTH="54" HEIGHT="22" WC="0.93" CONTENT="eller"/><SP WIDTH="24" VPOS="181" HPOS="921"/>
							<String ID="string_24" HPOS="945" VPOS="179" WIDTH="72" HEIGHT="22" WC="0.96" CONTENT="skilda"/>
						</TextLine>
						<TextLine ID="line_3" HPOS="190" VPOS="210" WIDTH="825" HEIGHT="29">
							<String ID="string_25" HPOS="190" VPOS="211" WIDTH="135" HEIGHT="28" WC="0.93" CONTENT="vattendrag"/><SP WIDTH="20" VPOS="211" HPOS="325"/>
							<String ID="string_26" HPOS="345" VPOS="210" WIDTH="138" HEIGHT="23" WC="0.92" CONTENT="omfattande"/><SP WIDTH="23" VPOS="210" HPOS="483"/>
							<String ID="string_27" HPOS="506" VPOS="213" WIDTH="32" HEIGHT="20" WC="0.96" CONTENT="ett"/><SP WIDTH="19" VPOS="213" HPOS="538"/>
							<String ID="string_28" HPOS="557" VPOS="211" WIDTH="55" HEIGHT="22" WC="0.93" CONTENT="visst"/><SP WIDTH="16" VPOS="211" HPOS="612"/>
							<String ID="string_29" HPOS="628" VPOS="211" WIDTH="91" HEIGHT="22" WC="0.90" CONTENT="omräde"/><SP WIDTH="16" VPOS="211" HPOS="719"/>
							<String ID="string_30" HPOS="735" VPOS="211" WIDTH="57" HEIGHT="21" WC="0.96" CONTENT="skall"/><SP WIDTH="15" VPOS="211" HPOS="792"/>
							<String ID="string_31" HPOS="807" VPOS="217" WIDTH="56" HEIGHT="15" WC="0.93" CONTENT="vara"/><SP WIDTH="16" VPOS="217" HPOS="863"/>
							<String ID="string_32" HPOS="879" VPOS="217" WIDTH="136" HEIGHT="22" WC="0.91" CONTENT="gemensam,"/>
						</TextLine>
						<TextLine ID="line_4" HPOS="189" VPOS="239" WIDTH="828" HEIGHT="30">
							<String ID="string_33" HPOS="189" VPOS="240" WIDTH="231" HEIGHT="29" WC="0.90" CONTENT="fiskevattensegarne"/><SP WIDTH="21" VPOS="240" HPOS="420"/>
							<String ID="string_34" HPOS="441" VPOS="241" WIDTH="64" HEIGHT="22" WC="0.93" CONTENT="skola"/><SP WIDTH="22" VPOS="241" HPOS="505"/>
							<String ID="string_35" HPOS="527" VPOS="241" WIDTH="61" HEIGHT="22" WC="0.96" CONTENT="bilda"/><SP WIDTH="21" VPOS="241" HPOS="588"/>
							<String ID="string_36" HPOS="609" VPOS="248" WIDTH="28" HEIGHT="15" WC="0.96" CONTENT="en"/><SP WIDTH="16" VPOS="248" HPOS="637"/>
							<String ID="string_37" HPOS="653" VPOS="240" WIDTH="115" HEIGHT="29" WC="0.95" CONTENT="förening."/><SP WIDTH="32" VPOS="240" HPOS="768"/>
							<String ID="string_38" HPOS="800" VPOS="240" WIDTH="64" HEIGHT="22" WC="0.94" CONTENT="Efter"/><SP WIDTH="16" VPOS="240" HPOS="864"/>
							<String ID="string_39" HPOS="880" VPOS="240" WIDTH="60" HEIGHT="22" WC="0.96" CONTENT="hand"/><SP WIDTH="15" VPOS="240" HPOS="940"/>
							<String ID="string_40" HPOS="955" VPOS="239" WIDTH="62" HEIGHT="22" WC="0.96" CONTENT="skola"/>
						</TextLine>
						<TextLine ID="line_5" HPOS="190" VPOS="269" WIDTH="827" HEIGHT="30">
							<String ID="string_41" HPOS="190" VPOS="271" WIDTH="85" HEIGHT="22" WC="0.96" CONTENT="sådana"/><SP WIDTH="23" VPOS="271" HPOS="275"/>
							<String ID="string_42" HPOS="298" VPOS="270" WIDTH="133" HEIGHT="29" WC="0.95" CONTENT="föreningar"/><SP WIDTH="23" VPOS="270" HPOS="431"/>
							<String ID="string_43" HPOS="454" VPOS="271" WIDTH="80" HEIGHT="26" WC="0.96" CONTENT="bildas,"/><SP WIDTH="24" VPOS="271" HPOS="534"/>
							<String ID="string_44" HPOS="558" VPOS="272" WIDTH="30" HEIGHT="27" WC="0.96" CONTENT="pä"/><SP WIDTH="23" VPOS="272" HPOS="588"/>
							<String ID="string_45" HPOS="611" VPOS="271" WIDTH="73" HEIGHT="28" WC="0.96" CONTENT="grund"/><SP WIDTH="24" VPOS="271" HPOS="684"/>
							<String ID="string_46" HPOS="708" VPOS="270" WIDTH="25" HEIGHT="22" WC="0.93" CONTENT="af"/><SP WIDTH="16" VPOS="270" HPOS="733"/>
							<String ID="string_47" HPOS="749" VPOS="270" WIDTH="80" HEIGHT="29" WC="0.96" CONTENT="nådigt"/><SP WIDTH="15" VPOS="270" HPOS="829"/>
							<String ID="string_48" HPOS="844" VPOS="269" WIDTH="173" HEIGHT="23" WC="0.96" CONTENT="förordnande"/><SP WIDTH="-16" VPOS="269" HPOS="1017"/>
							<String ID="string_49" HPOS="1001" VPOS="265" WIDTH="21" HEIGHT="39" WC="0.96" CONTENT="i"/>
						</TextLine>
						<TextLine ID="line_6" HPOS="190" VPOS="299" WIDTH="828" HEIGHT="30">
							<String ID="string_50" HPOS="190" VPOS="301" WIDTH="61" HEIGHT="22" WC="0.96" CONTENT="olika"/><SP WIDTH="16" VPOS="301" HPOS="251"/>
							<String ID="string_51" HPOS="267" VPOS="301" WIDTH="62" HEIGHT="21" WC="0.96" CONTENT="delar"/><SP WIDTH="16" VPOS="301" HPOS="329"/>
							<String ID="string_52" HPOS="345" VPOS="300" WIDTH="24" HEIGHT="22" WC="0.96" CONTENT="af"/><SP WIDTH="14" VPOS="300" HPOS="369"/>
							<String ID="string_53" HPOS="383" VPOS="301" WIDTH="76" HEIGHT="22" WC="0.96" CONTENT="landet"/><SP WIDTH="16" VPOS="301" HPOS="459"/>
							<String ID="string_54" HPOS="475" VPOS="300" WIDTH="57" HEIGHT="23" WC="0.93" CONTENT="efter"/><SP WIDTH="16" VPOS="300" HPOS="532"/>
							<String ID="string_55" HPOS="548" VPOS="300" WIDTH="106" HEIGHT="29" WC="0.92" CONTENT="pröfning"/><SP WIDTH="15" VPOS="300" HPOS="654"/>
							<String ID="string_56" HPOS="669" VPOS="302" WIDTH="30" HEIGHT="27" WC="0.96" CONTENT="på"/><SP WIDTH="12" VPOS="302" HPOS="699"/>
							<String ID="string_57" HPOS="711" VPOS="301" WIDTH="27" HEIGHT="21" WC="0.96" CONTENT="de"/><SP WIDTH="11" VPOS="301" HPOS="738"/>
							<String ID="string_58" HPOS="749" VPOS="300" WIDTH="74" HEIGHT="21" WC="0.96" CONTENT="skilda"/><SP WIDTH="11" VPOS="300" HPOS="823"/>
							<String ID="string_59" HPOS="834" VPOS="301" WIDTH="96" HEIGHT="20" WC="0.96" CONTENT="orterna."/><SP WIDTH="18" VPOS="301" HPOS="930"/>
							<String ID="string_60" HPOS="948" VPOS="299" WIDTH="70" HEIGHT="22" WC="0.96" CONTENT="Dessa"/>
						</TextLine>
						<TextLine ID="line_7" HPOS="189" VPOS="329" WIDTH="829" HEIGHT="30">
							<String ID="string_61" HPOS="189" VPOS="330" WIDTH="260" HEIGHT="29" WC="0.91" CONTENT="fiskevårdsföreningar"/><SP WIDTH="23" VPOS="330" HPOS="449"/>
							<String ID="string_62" HPOS="472" VPOS="331" WIDTH="91" HEIGHT="22" WC="0.94" CONTENT="komma"/><SP WIDTH="24" VPOS="331" HPOS="563"/>
							<String ID="string_63" HPOS="587" VPOS="330" WIDTH="57" HEIGHT="23" WC="0.94" CONTENT="efter"/><SP WIDTH="24" VPOS="330" HPOS="644"/>
							<String ID="string_64" HPOS="668" VPOS="330" WIDTH="60" HEIGHT="22" WC="0.96" CONTENT="hand"/><SP WIDTH="24" VPOS="330" HPOS="728"/>
							<String ID="string_65" HPOS="752" VPOS="331" WIDTH="33" HEIGHT="20" WC="0.96" CONTENT="att"/><SP WIDTH="18" VPOS="331" HPOS="785"/>
							<String ID="string_66" HPOS="803" VPOS="332" WIDTH="54" HEIGHT="26" WC="0.95" CONTENT="taga"/><SP WIDTH="15" VPOS="332" HPOS="857"/>
							<String ID="string_67" HPOS="872" VPOS="329" WIDTH="96" HEIGHT="22" WC="0.96" CONTENT="initiativ"/><SP WIDTH="15" VPOS="329" HPOS="968"/>
							<String ID="string_68" HPOS="983" VPOS="329" WIDTH="35" HEIGHT="21" WC="0.96" CONTENT="till"/>
						</TextLine>
						<TextLine ID="line_8" HPOS="189" VPOS="359" WIDTH="828" HEIGHT="30">
							<String ID="string_69" HPOS="189" VPOS="361" WIDTH="116" HEIGHT="21" WC="0.92" CONTENT="inlösande"/><SP WIDTH="28" VPOS="361" HPOS="305"/>
							<String ID="string_70" HPOS="333" VPOS="360" WIDTH="24" HEIGHT="22" WC="0.92" CONTENT="af"/><SP WIDTH="13" VPOS="360" HPOS="357"/>
							<String ID="string_71" HPOS="370" VPOS="360" WIDTH="230" HEIGHT="29" WC="0.91" CONTENT="fredningsområden."/><SP WIDTH="32" VPOS="360" HPOS="600"/>
							<String ID="string_72" HPOS="632" VPOS="361" WIDTH="47" HEIGHT="21" WC="0.95" CONTENT="Der"/><SP WIDTH="15" VPOS="361" HPOS="679"/>
							<String ID="string_73" HPOS="694" VPOS="367" WIDTH="30" HEIGHT="14" WC="0.96" CONTENT="nu"/><SP WIDTH="16" VPOS="367" HPOS="724"/>
							<String ID="string_74" HPOS="740" VPOS="359" WIDTH="56" HEIGHT="22" WC="0.96" CONTENT="efter"/><SP WIDTH="16" VPOS="359" HPOS="796"/>
							<String ID="string_75" HPOS="812" VPOS="367" WIDTH="28" HEIGHT="14" WC="0.96" CONTENT="en"/><SP WIDTH="16" VPOS="367" HPOS="840"/>
							<String ID="string_76" HPOS="856" VPOS="360" WIDTH="32" HEIGHT="21" WC="0.96" CONTENT="tid"/><SP WIDTH="16" VPOS="360" HPOS="888"/>
							<String ID="string_77" HPOS="904" VPOS="367" WIDTH="28" HEIGHT="14" WC="0.96" CONTENT="en"/><SP WIDTH="16" VPOS="367" HPOS="932"/>
							<String ID="string_78" HPOS="948" VPOS="359" WIDTH="69" HEIGHT="22" WC="0.96" CONTENT="sådan"/>
						</TextLine>
						<TextLine ID="line_9" HPOS="190" VPOS="389" WIDTH="825" HEIGHT="30">
							<String ID="string_79" HPOS="190" VPOS="390" WIDTH="235" HEIGHT="29" WC="0.91" CONTENT="fiskevårdsförening"/><SP WIDTH="19" VPOS="390" HPOS="425"/>
							<String ID="string_80" HPOS="444" VPOS="391" WIDTH="88" HEIGHT="26" WC="0.96" CONTENT="bildats,"/><SP WIDTH="21" VPOS="391" HPOS="532"/>
							<String ID="string_81" HPOS="553" VPOS="397" WIDTH="52" HEIGHT="15" WC="0.96" CONTENT="men"/><SP WIDTH="19" VPOS="397" HPOS="605"/>
							<String ID="string_82" HPOS="624" VPOS="391" WIDTH="130" HEIGHT="22" WC="0.96" CONTENT="densamma"/><SP WIDTH="15" VPOS="391" HPOS="754"/>
							<String ID="string_83" HPOS="769" VPOS="389" WIDTH="57" HEIGHT="23" WC="0.96" CONTENT="efter"/><SP WIDTH="16" VPOS="389" HPOS="826"/>
							<String ID="string_84" HPOS="842" VPOS="397" WIDTH="28" HEIGHT="14" WC="0.96" CONTENT="en"/><SP WIDTH="15" VPOS="397" HPOS="870"/>
							<String ID="string_85" HPOS="885" VPOS="389" WIDTH="130" HEIGHT="29" WC="0.96" CONTENT="ytterligare"/>
						</TextLine>
						<TextLine ID="line_10" HPOS="189" VPOS="419" WIDTH="828" HEIGHT="30">
							<String ID="string_86" HPOS="189" VPOS="421" WIDTH="34" HEIGHT="21" WC="0.96" CONTENT="tid"/><SP WIDTH="21" VPOS="421" HPOS="223"/>
							<String ID="string_87" HPOS="244" VPOS="420" WIDTH="51" HEIGHT="22" WC="0.96" CONTENT="icke"/><SP WIDTH="21" VPOS="420" HPOS="295"/>
							<String ID="string_88" HPOS="316" VPOS="421" WIDTH="57" HEIGHT="28" WC="0.96" CONTENT="tagit"/><SP WIDTH="23" VPOS="421" HPOS="373"/>
							<String ID="string_89" HPOS="396" VPOS="421" WIDTH="97" HEIGHT="21" WC="0.96" CONTENT="initiativ"/><SP WIDTH="21" VPOS="421" HPOS="493"/>
							<String ID="string_90" HPOS="514" VPOS="421" WIDTH="33" HEIGHT="21" WC="0.96" CONTENT="till"/><SP WIDTH="16" VPOS="421" HPOS="547"/>
							<String ID="string_91" HPOS="563" VPOS="421" WIDTH="127" HEIGHT="21" WC="0.95" CONTENT="inrättande"/><SP WIDTH="17" VPOS="421" HPOS="690"/>
							<String ID="string_92" HPOS="707" VPOS="419" WIDTH="25" HEIGHT="22" WC="0.93" CONTENT="af"/><SP WIDTH="13" VPOS="419" HPOS="732"/>
							<String ID="string_93" HPOS="745" VPOS="419" WIDTH="216" HEIGHT="29" WC="0.91" CONTENT="fredningsområde,"/><SP WIDTH="17" VPOS="419" HPOS="961"/>
							<String ID="string_94" HPOS="978" VPOS="419" WIDTH="39" HEIGHT="21" WC="0.96" CONTENT="der"/>
						</TextLine>
						<TextLine ID="line_11" HPOS="190" VPOS="449" WIDTH="826" HEIGHT="29">
							<String ID="string_95" HPOS="190" VPOS="450" WIDTH="45" HEIGHT="22" WC="0.96" CONTENT="kan"/><SP WIDTH="25" VPOS="450" HPOS="235"/>
							<String ID="string_96" HPOS="260" VPOS="450" WIDTH="70" HEIGHT="28" WC="0.95" CONTENT="enligt"/><SP WIDTH="31" VPOS="450" HPOS="330"/>
							<String ID="string_97" HPOS="361" VPOS="452" WIDTH="5" HEIGHT="20" WC="0.96" CONTENT="2"/><SP WIDTH="21" VPOS="452" HPOS="366"/>
							<String ID="string_98" HPOS="387" VPOS="457" WIDTH="68" HEIGHT="15" WC="0.96" CONTENT="mom."/><SP WIDTH="24" VPOS="457" HPOS="455"/>
							<String ID="string_99" HPOS="479" VPOS="451" WIDTH="14" HEIGHT="21" WC="0.96" CONTENT="6"/><SP WIDTH="21" VPOS="451" HPOS="493"/>
							<String ID="string_100" HPOS="514" VPOS="450" WIDTH="14" HEIGHT="28" WC="0.65" CONTENT="&amp;"/><SP WIDTH="23" VPOS="450" HPOS="528"/>
							<String ID="string_101" HPOS="551" VPOS="450" WIDTH="127" HEIGHT="22" WC="0.95" CONTENT="inrättande"/><SP WIDTH="16" VPOS="450" HPOS="678"/>
							<String ID="string_102" HPOS="694" VPOS="449" WIDTH="26" HEIGHT="23" WC="0.96" CONTENT="af"/><SP WIDTH="12" VPOS="449" HPOS="720"/>
							<String ID="string_103" HPOS="732" VPOS="450" WIDTH="80" HEIGHT="21" WC="0.96" CONTENT="sådant"/><SP WIDTH="17" VPOS="450" HPOS="812"/>
							<String ID="string_104" HPOS="829" VPOS="450" WIDTH="91" HEIGHT="21" WC="0.96" CONTENT="område"/><SP WIDTH="15" VPOS="450" HPOS="920"/>
							<String ID="string_105" HPOS="935" VPOS="456" WIDTH="81" HEIGHT="22" WC="0.96" CONTENT="genom"/>
						</TextLine>
						<TextLine ID="line_12" HPOS="190" VPOS="479" WIDTH="827" HEIGHT="30">
							<String ID="string_106" HPOS="190" VPOS="480" WIDTH="80" HEIGHT="28" WC="0.95" CONTENT="nådigt"/><SP WIDTH="23" VPOS="480" HPOS="270"/>
							<String ID="string_107" HPOS="293" VPOS="479" WIDTH="153" HEIGHT="23" WC="0.93" CONTENT="förordnande"/><SP WIDTH="24" VPOS="479" HPOS="446"/>
							<String ID="string_108" HPOS="470" VPOS="480" WIDTH="115" HEIGHT="29" WC="0.83" CONTENT="påbjudas."/><SP WIDTH="33" VPOS="480" HPOS="585"/>
							<String ID="string_109" HPOS="618" VPOS="480" WIDTH="46" HEIGHT="22" WC="0.96" CONTENT="Det"/><SP WIDTH="22" VPOS="480" HPOS="664"/>
							<String ID="string_110" HPOS="686" VPOS="480" WIDTH="64" HEIGHT="22" WC="0.96" CONTENT="torde"/><SP WIDTH="24" VPOS="480" HPOS="750"/>
							<String ID="string_111" HPOS="774" VPOS="480" WIDTH="94" HEIGHT="21" WC="0.96" CONTENT="sålunda"/><SP WIDTH="23" VPOS="480" HPOS="868"/>
							<String ID="string_112" HPOS="891" VPOS="480" WIDTH="49" HEIGHT="21" WC="0.96" CONTENT="icke"/><SP WIDTH="23" VPOS="480" HPOS="940"/>
							<String ID="string_113" HPOS="963" VPOS="486" WIDTH="54" HEIGHT="14" WC="0.97" CONTENT="vara"/>
						</TextLine>
						<TextLine ID="line_13" HPOS="190" VPOS="508" WIDTH="827" HEIGHT="29">
							<String ID="string_114" HPOS="190" VPOS="510" WIDTH="54" HEIGHT="21" WC="0.96" CONTENT="utan"/><SP WIDTH="24" VPOS="510" HPOS="244"/>
							<String ID="string_115" HPOS="268" VPOS="510" WIDTH="48" HEIGHT="21" WC="0.96" CONTENT="skäl"/><SP WIDTH="23" VPOS="510" HPOS="316"/>
							<String ID="string_116" HPOS="339" VPOS="517" WIDTH="48" HEIGHT="15" WC="0.96" CONTENT="som"/><SP WIDTH="22" VPOS="517" HPOS="387"/>
							<String ID="string_117" HPOS="409" VPOS="510" WIDTH="109" HEIGHT="22" WC="0.94" CONTENT="utskottet"/><SP WIDTH="23" VPOS="510" HPOS="518"/>
							<String ID="string_118" HPOS="541" VPOS="517" WIDTH="71" HEIGHT="20" WC="0.95" CONTENT="anser,"/><SP WIDTH="26" VPOS="517" HPOS="612"/>
							<String ID="string_119" HPOS="638" VPOS="511" WIDTH="34" HEIGHT="21" WC="0.96" CONTENT="att"/><SP WIDTH="20" VPOS="511" HPOS="672"/>
							<String ID="string_120" HPOS="692" VPOS="509" WIDTH="127" HEIGHT="22" WC="0.96" CONTENT="inrättande"/><SP WIDTH="22" VPOS="509" HPOS="819"/>
							<String ID="string_121" HPOS="841" VPOS="508" WIDTH="25" HEIGHT="23" WC="0.96" CONTENT="af"/><SP WIDTH="13" VPOS="508" HPOS="866"/>
							<String ID="string_122" HPOS="879" VPOS="510" WIDTH="64" HEIGHT="21" WC="0.93" CONTENT="dessa"/><SP WIDTH="16" VPOS="510" HPOS="943"/>
							<String ID="string_123" HPOS="959" VPOS="508" WIDTH="58" HEIGHT="22" WC="0.92" CONTENT="fred-"/>
						</TextLine>
						<TextLine ID="line_14" HPOS="189" VPOS="539" WIDTH="827" HEIGHT="29">
							<String ID="string_124" HPOS="189" VPOS="540" WIDTH="176" HEIGHT="28" WC="0.90" CONTENT="ningsområden"/><SP WIDTH="15" VPOS="540" HPOS="365"/>
							<String ID="string_125" HPOS="380" VPOS="540" WIDTH="51" HEIGHT="22" WC="0.96" CONTENT="icke"/><SP WIDTH="15" VPOS="540" HPOS="431"/>
							<String ID="string_126" HPOS="446" VPOS="540" WIDTH="90" HEIGHT="22" WC="0.95" CONTENT="komme"/><SP WIDTH="17" VPOS="540" HPOS="536"/>
							<String ID="string_127" HPOS="553" VPOS="541" WIDTH="33" HEIGHT="21" WC="0.96" CONTENT="att"/><SP WIDTH="15" VPOS="541" HPOS="586"/>
							<String ID="string_128" HPOS="601" VPOS="540" WIDTH="39" HEIGHT="22" WC="0.96" CONTENT="ske"/><SP WIDTH="16" VPOS="540" HPOS="640"/>
							<String ID="string_129" HPOS="656" VPOS="539" WIDTH="64" HEIGHT="23" WC="0.96" CONTENT="öfver"/><SP WIDTH="15" VPOS="539" HPOS="720"/>
							<String ID="string_130" HPOS="735" VPOS="540" WIDTH="52" HEIGHT="21" WC="0.96" CONTENT="hela"/><SP WIDTH="15" VPOS="540" HPOS="787"/>
							<String ID="string_131" HPOS="802" VPOS="539" WIDTH="77" HEIGHT="22" WC="0.96" CONTENT="landet"/><SP WIDTH="15" VPOS="539" HPOS="879"/>
							<String ID="string_132" HPOS="894" VPOS="540" WIDTH="8" HEIGHT="20" WC="0.93" CONTENT="i"/><SP WIDTH="11" VPOS="540" HPOS="902"/>
							<String ID="string_133" HPOS="913" VPOS="545" WIDTH="103" HEIGHT="21" WC="0.91" CONTENT="morgon-"/>
						</TextLine>
						<TextLine ID="line_15" HPOS="191" VPOS="568" WIDTH="828" HEIGHT="31">
							<String ID="string_134" HPOS="191" VPOS="570" WIDTH="50" HEIGHT="28" WC="0.96" CONTENT="dag,"/><SP WIDTH="18" VPOS="570" HPOS="241"/>
							<String ID="string_135" HPOS="259" VPOS="569" WIDTH="56" HEIGHT="23" WC="0.96" CONTENT="efter"/><SP WIDTH="16" VPOS="569" HPOS="315"/>
							<String ID="string_136" HPOS="331" VPOS="570" WIDTH="38" HEIGHT="22" WC="0.95" CONTENT="det"/><SP WIDTH="15" VPOS="570" HPOS="369"/>
							<String ID="string_137" HPOS="384" VPOS="570" WIDTH="68" HEIGHT="28" WC="0.96" CONTENT="lagen"/><SP WIDTH="15" VPOS="570" HPOS="452"/>
							<String ID="string_138" HPOS="467" VPOS="570" WIDTH="41" HEIGHT="22" WC="0.96" CONTENT="har"/><SP WIDTH="17" VPOS="570" HPOS="508"/>
							<String ID="string_139" HPOS="525" VPOS="570" WIDTH="104" HEIGHT="29" WC="0.96" CONTENT="antagits,"/><SP WIDTH="17" VPOS="570" HPOS="629"/>
							<String ID="string_140" HPOS="646" VPOS="571" WIDTH="54" HEIGHT="20" WC="0.96" CONTENT="utan"/><SP WIDTH="16" VPOS="571" HPOS="700"/>
							<String ID="string_141" HPOS="716" VPOS="569" WIDTH="57" HEIGHT="22" WC="0.96" CONTENT="efter"/><SP WIDTH="15" VPOS="569" HPOS="773"/>
							<String ID="string_142" HPOS="788" VPOS="569" WIDTH="61" HEIGHT="22" WC="0.96" CONTENT="hand"/><SP WIDTH="16" VPOS="569" HPOS="849"/>
							<String ID="string_143" HPOS="865" VPOS="570" WIDTH="29" HEIGHT="28" WC="0.96" CONTENT="på"/><SP WIDTH="15" VPOS="570" HPOS="894"/>
							<String ID="string_144" HPOS="909" VPOS="568" WIDTH="73" HEIGHT="29" WC="0.96" CONTENT="grund"/><SP WIDTH="11" VPOS="568" HPOS="982"/>
							<String ID="string_145" HPOS="993" VPOS="568" WIDTH="26" HEIGHT="22" WC="0.96" CONTENT="af"/>
						</TextLine>
						<TextLine ID="line_16" HPOS="189" VPOS="599" WIDTH="827" HEIGHT="29">
							<String ID="string_146" HPOS="189" VPOS="599" WIDTH="107" HEIGHT="29" WC="0.91" CONTENT="pröfning"/><SP WIDTH="23" VPOS="599" HPOS="296"/>
							<String ID="string_147" HPOS="319" VPOS="599" WIDTH="25" HEIGHT="22" WC="0.95" CONTENT="af"/><SP WIDTH="20" VPOS="599" HPOS="344"/>
							<String ID="string_148" HPOS="364" VPOS="600" WIDTH="121" HEIGHT="22" WC="0.96" CONTENT="bestående"/><SP WIDTH="25" VPOS="600" HPOS="485"/>
							<String ID="string_149" HPOS="510" VPOS="600" WIDTH="165" HEIGHT="22" WC="0.95" CONTENT="förhållanden."/><SP WIDTH="31" VPOS="600" HPOS="675"/>
							<String ID="string_150" HPOS="706" VPOS="599" WIDTH="45" HEIGHT="29" WC="0.96" CONTENT="Jag"/><SP WIDTH="19" VPOS="599" HPOS="751"/>
							<String ID="string_151" HPOS="770" VPOS="601" WIDTH="47" HEIGHT="20" WC="0.96" CONTENT="tror"/><SP WIDTH="17" VPOS="601" HPOS="817"/>
							<String ID="string_152" HPOS="834" VPOS="600" WIDTH="50" HEIGHT="21" WC="0.96" CONTENT="icke"/><SP WIDTH="15" VPOS="600" HPOS="884"/>
							<String ID="string_153" HPOS="899" VPOS="599" WIDTH="70" HEIGHT="21" WC="0.96" CONTENT="heller"/><SP WIDTH="16" VPOS="599" HPOS="969"/>
							<String ID="string_154" HPOS="985" VPOS="600" WIDTH="31" HEIGHT="20" WC="0.97" CONTENT="att"/>
						</TextLine>
						<TextLine ID="line_17" HPOS="191" VPOS="629" WIDTH="826" HEIGHT="27">
							<String ID="string_155" HPOS="191" VPOS="630" WIDTH="38" HEIGHT="21" WC="0.96" CONTENT="det"/><SP WIDTH="23" VPOS="630" HPOS="229"/>
							<String ID="string_156" HPOS="252" VPOS="632" WIDTH="25" HEIGHT="19" WC="0.96" CONTENT="är"/><SP WIDTH="23" VPOS="632" HPOS="277"/>
							<String ID="string_157" HPOS="300" VPOS="632" WIDTH="53" HEIGHT="19" WC="0.96" CONTENT="utan"/><SP WIDTH="24" VPOS="632" HPOS="353"/>
							<String ID="string_158" HPOS="377" VPOS="630" WIDTH="48" HEIGHT="21" WC="0.96" CONTENT="skäl"/><SP WIDTH="19" VPOS="630" HPOS="425"/>
							<String ID="string_159" HPOS="444" VPOS="637" WIDTH="47" HEIGHT="15" WC="0.96" CONTENT="som"/><SP WIDTH="16" VPOS="637" HPOS="491"/>
							<String ID="string_160" HPOS="507" VPOS="630" WIDTH="108" HEIGHT="22" WC="0.95" CONTENT="utskottet"/><SP WIDTH="16" VPOS="630" HPOS="615"/>
							<String ID="string_161" HPOS="631" VPOS="636" WIDTH="71" HEIGHT="20" WC="0.96" CONTENT="anser,"/><SP WIDTH="18" VPOS="636" HPOS="702"/>
							<String ID="string_162" HPOS="720" VPOS="630" WIDTH="32" HEIGHT="21" WC="0.96" CONTENT="att"/><SP WIDTH="15" VPOS="630" HPOS="752"/>
							<String ID="string_163" HPOS="767" VPOS="629" WIDTH="170" HEIGHT="22" WC="0.93" CONTENT="vederbörande"/><SP WIDTH="16" VPOS="629" HPOS="937"/>
							<String ID="string_164" HPOS="953" VPOS="636" WIDTH="64" HEIGHT="20" WC="0.92" CONTENT="myn-"/>
						</TextLine>
						<TextLine ID="line_18" HPOS="190" VPOS="658" WIDTH="825" HEIGHT="30">
							<String ID="string_165" HPOS="190" VPOS="659" WIDTH="103" HEIGHT="29" WC="0.96" CONTENT="digheter"/><SP WIDTH="15" VPOS="659" HPOS="293"/>
							<String ID="string_166" HPOS="308" VPOS="660" WIDTH="39" HEIGHT="21" WC="0.96" CONTENT="vid"/><SP WIDTH="15" VPOS="660" HPOS="347"/>
							<String ID="string_167" HPOS="362" VPOS="660" WIDTH="173" HEIGHT="28" WC="0.96" CONTENT="tillämpningen"/><SP WIDTH="16" VPOS="660" HPOS="535"/>
							<String ID="string_168" HPOS="551" VPOS="659" WIDTH="25" HEIGHT="23" WC="0.93" CONTENT="af"/><SP WIDTH="13" VPOS="659" HPOS="576"/>
							<String ID="string_169" HPOS="589" VPOS="660" WIDTH="134" HEIGHT="28" WC="0.92" CONTENT="stadgandet"/><SP WIDTH="15" VPOS="660" HPOS="723"/>
							<String ID="string_170" HPOS="738" VPOS="659" WIDTH="72" HEIGHT="22" WC="0.96" CONTENT="skulle"/><SP WIDTH="12" VPOS="659" HPOS="810"/>
							<String ID="string_171" HPOS="822" VPOS="660" WIDTH="30" HEIGHT="28" WC="0.96" CONTENT="gå"/><SP WIDTH="11" VPOS="660" HPOS="852"/>
							<String ID="string_172" HPOS="863" VPOS="659" WIDTH="94" HEIGHT="28" WC="0.96" CONTENT="tillväga"/><SP WIDTH="8" VPOS="659" HPOS="957"/>
							<String ID="string_173" HPOS="965" VPOS="658" WIDTH="50" HEIGHT="22" WC="0.96" CONTENT="med"/>
						</TextLine>
						<TextLine ID="line_19" HPOS="191" VPOS="688" WIDTH="825" HEIGHT="30">
							<String ID="string_174" HPOS="191" VPOS="690" WIDTH="30" HEIGHT="20" WC="0.96" CONTENT="all"/><SP WIDTH="21" VPOS="690" HPOS="221"/>
							<String ID="string_175" HPOS="242" VPOS="690" WIDTH="79" HEIGHT="28" WC="0.96" CONTENT="möjlig"/><SP WIDTH="23" VPOS="690" HPOS="321"/>
							<String ID="string_176" HPOS="344" VPOS="690" WIDTH="93" HEIGHT="28" WC="0.91" CONTENT="hänsyn."/><SP WIDTH="33" VPOS="690" HPOS="437"/>
							<String ID="string_177" HPOS="470" VPOS="690" WIDTH="68" HEIGHT="22" WC="0.96" CONTENT="Detta"/><SP WIDTH="23" VPOS="690" HPOS="538"/>
							<String ID="string_178" HPOS="561" VPOS="691" WIDTH="71" HEIGHT="21" WC="0.96" CONTENT="måste"/><SP WIDTH="20" VPOS="691" HPOS="632"/>
							<String ID="string_179" HPOS="652" VPOS="696" WIDTH="52" HEIGHT="15" WC="0.96" CONTENT="man"/><SP WIDTH="23" VPOS="696" HPOS="704"/>
							<String ID="string_180" HPOS="727" VPOS="689" WIDTH="57" HEIGHT="22" WC="0.96" CONTENT="dock"/><SP WIDTH="22" VPOS="689" HPOS="784"/>
							<String ID="string_181" HPOS="806" VPOS="689" WIDTH="64" HEIGHT="22" WC="0.96" CONTENT="alltid"/><SP WIDTH="15" VPOS="689" HPOS="870"/>
							<String ID="string_182" HPOS="885" VPOS="688" WIDTH="68" HEIGHT="23" WC="0.95" CONTENT="hafva"/><SP WIDTH="15" VPOS="688" HPOS="953"/>
							<String ID="string_183" HPOS="968" VPOS="688" WIDTH="48" HEIGHT="22" WC="0.95" CONTENT="skäl"/>
						</TextLine>
						<TextLine ID="line_20" HPOS="191" VPOS="719" WIDTH="347" HEIGHT="23">
							<String ID="string_184" HPOS="191" VPOS="720" WIDTH="34" HEIGHT="20" WC="0.96" CONTENT="att"/><SP WIDTH="16" VPOS="720" HPOS="225"/>
							<String ID="string_185" HPOS="241" VPOS="720" WIDTH="68" HEIGHT="21" WC="0.96" CONTENT="vänta"/><SP WIDTH="16" VPOS="720" HPOS="309"/>
							<String ID="string_186" HPOS="325" VPOS="719" WIDTH="25" HEIGHT="22" WC="0.96" CONTENT="af"/><SP WIDTH="13" VPOS="719" HPOS="350"/>
							<String ID="string_187" HPOS="363" VPOS="720" WIDTH="175" HEIGHT="22" WC="0.95" CONTENT="vederbörande."/>
						</TextLine>
					</TextBlock>
					<TextBlock ID="block_2" HPOS="189" VPOS="748" WIDTH="829" HEIGHT="561">
						<TextLine ID="line_21" HPOS="262" VPOS="748" WIDTH="754" HEIGHT="29">
							<String ID="string_188" HPOS="262" VPOS="750" WIDTH="93" HEIGHT="21" WC="0.96" CONTENT="Prosten"/><SP WIDTH="15" VPOS="750" HPOS="355"/>
							<String ID="string_189" HPOS="370" VPOS="750" WIDTH="74" HEIGHT="22" WC="0.96" CONTENT="Walle"/><SP WIDTH="16" VPOS="750" HPOS="444"/>
							<String ID="string_190" HPOS="460" VPOS="750" WIDTH="40" HEIGHT="22" WC="0.96" CONTENT="har"/><SP WIDTH="16" VPOS="750" HPOS="500"/>
							<String ID="string_191" HPOS="516" VPOS="750" WIDTH="8" HEIGHT="21" WC="0.96" CONTENT="i"/><SP WIDTH="16" VPOS="750" HPOS="524"/>
							<String ID="string_192" HPOS="540" VPOS="750" WIDTH="34" HEIGHT="21" WC="0.96" CONTENT="sin"/><SP WIDTH="16" VPOS="750" HPOS="574"/>
							<String ID="string_193" HPOS="590" VPOS="750" WIDTH="138" HEIGHT="22" WC="0.96" CONTENT="reservation"/><SP WIDTH="16" VPOS="750" HPOS="728"/>
							<String ID="string_194" HPOS="744" VPOS="749" WIDTH="80" HEIGHT="22" WC="0.96" CONTENT="anfört"/><SP WIDTH="16" VPOS="749" HPOS="824"/>
							<String ID="string_195" HPOS="840" VPOS="749" WIDTH="113" HEIGHT="28" WC="0.96" CONTENT="åtskilliga"/><SP WIDTH="15" VPOS="749" HPOS="953"/>
							<String ID="string_196" HPOS="968" VPOS="748" WIDTH="48" HEIGHT="22" WC="0.95" CONTENT="skäl"/>
						</TextLine>
						<TextLine ID="line_22" HPOS="190" VPOS="779" WIDTH="825" HEIGHT="29">
							<String ID="string_197" HPOS="190" VPOS="781" WIDTH="47" HEIGHT="19" WC="0.94" CONTENT="mot"/><SP WIDTH="23" VPOS="781" HPOS="237"/>
							<String ID="string_198" HPOS="260" VPOS="779" WIDTH="127" HEIGHT="22" WC="0.96" CONTENT="inrättande"/><SP WIDTH="25" VPOS="779" HPOS="387"/>
							<String ID="string_199" HPOS="412" VPOS="779" WIDTH="25" HEIGHT="22" WC="0.93" CONTENT="af"/><SP WIDTH="18" VPOS="779" HPOS="437"/>
							<String ID="string_200" HPOS="455" VPOS="779" WIDTH="231" HEIGHT="29" WC="0.89" CONTENT="fredningsområden."/><SP WIDTH="32" VPOS="779" HPOS="686"/>
							<String ID="string_201" HPOS="718" VPOS="780" WIDTH="44" HEIGHT="28" WC="0.96" CONTENT="Jag"/><SP WIDTH="16" VPOS="780" HPOS="762"/>
							<String ID="string_202" HPOS="778" VPOS="780" WIDTH="57" HEIGHT="21" WC="0.96" CONTENT="skall"/><SP WIDTH="17" VPOS="780" HPOS="835"/>
							<String ID="string_203" HPOS="852" VPOS="780" WIDTH="49" HEIGHT="21" WC="0.96" CONTENT="icke"/><SP WIDTH="17" VPOS="780" HPOS="901"/>
							<String ID="string_204" HPOS="918" VPOS="779" WIDTH="53" HEIGHT="28" WC="0.96" CONTENT="ingå"/><SP WIDTH="16" VPOS="779" HPOS="971"/>
							<String ID="string_205" HPOS="987" VPOS="780" WIDTH="28" HEIGHT="27" WC="0.96" CONTENT="på"/>
						</TextLine>
						<TextLine ID="line_23" HPOS="190" VPOS="809" WIDTH="826" HEIGHT="28">
							<String ID="string_206" HPOS="190" VPOS="816" WIDTH="29" HEIGHT="14" WC="0.91" CONTENT="en"/><SP WIDTH="22" VPOS="816" HPOS="219"/>
							<String ID="string_207" HPOS="241" VPOS="809" WIDTH="154" HEIGHT="28" WC="0.90" CONTENT="specialkritik"/><SP WIDTH="23" VPOS="809" HPOS="395"/>
							<String ID="string_208" HPOS="418" VPOS="809" WIDTH="25" HEIGHT="22" WC="0.96" CONTENT="af"/><SP WIDTH="22" VPOS="809" HPOS="443"/>
							<String ID="string_209" HPOS="465" VPOS="810" WIDTH="50" HEIGHT="22" WC="0.96" CONTENT="dem"/><SP WIDTH="27" VPOS="810" HPOS="515"/>
							<String ID="string_210" HPOS="542" VPOS="810" WIDTH="50" HEIGHT="22" WC="0.92" CONTENT="alla."/><SP WIDTH="32" VPOS="810" HPOS="592"/>
							<String ID="string_211" HPOS="624" VPOS="810" WIDTH="154" HEIGHT="21" WC="0.92" CONTENT="Reservanten"/><SP WIDTH="20" VPOS="810" HPOS="778"/>
							<String ID="string_212" HPOS="798" VPOS="816" WIDTH="65" HEIGHT="15" WC="0.96" CONTENT="anser"/><SP WIDTH="16" VPOS="816" HPOS="863"/>
							<String ID="string_213" HPOS="879" VPOS="809" WIDTH="37" HEIGHT="22" WC="0.93" CONTENT="det"/><SP WIDTH="17" VPOS="809" HPOS="916"/>
							<String ID="string_214" HPOS="933" VPOS="809" WIDTH="83" HEIGHT="28" WC="0.92" CONTENT="obliga-"/>
						</TextLine>
						<TextLine ID="line_24" HPOS="189" VPOS="838" WIDTH="826" HEIGHT="30">
							<String ID="string_215" HPOS="189" VPOS="839" WIDTH="86" HEIGHT="21" WC="0.91" CONTENT="toriska"/><SP WIDTH="20" VPOS="839" HPOS="275"/>
							<String ID="string_216" HPOS="295" VPOS="839" WIDTH="127" HEIGHT="22" WC="0.96" CONTENT="inrättande"/><SP WIDTH="21" VPOS="839" HPOS="422"/>
							<String ID="string_217" HPOS="443" VPOS="839" WIDTH="26" HEIGHT="22" WC="0.93" CONTENT="af"/><SP WIDTH="12" VPOS="839" HPOS="469"/>
							<String ID="string_218" HPOS="481" VPOS="839" WIDTH="225" HEIGHT="29" WC="0.91" CONTENT="fredningsområden"/><SP WIDTH="16" VPOS="839" HPOS="706"/>
							<String ID="string_219" HPOS="722" VPOS="846" WIDTH="55" HEIGHT="15" WC="0.96" CONTENT="vara"/><SP WIDTH="15" VPOS="846" HPOS="777"/>
							<String ID="string_220" HPOS="792" VPOS="839" WIDTH="132" HEIGHT="21" WC="0.96" CONTENT="kränkande"/><SP WIDTH="16" VPOS="839" HPOS="924"/>
							<String ID="string_221" HPOS="940" VPOS="838" WIDTH="25" HEIGHT="22" WC="0.92" CONTENT="af"/><SP WIDTH="14" VPOS="838" HPOS="965"/>
							<String ID="string_222" HPOS="979" VPOS="845" WIDTH="36" HEIGHT="15" WC="0.91" CONTENT="en-"/>
						</TextLine>
						<TextLine ID="line_25" HPOS="190" VPOS="868" WIDTH="826" HEIGHT="30">
							<String ID="string_223" HPOS="190" VPOS="869" WIDTH="59" HEIGHT="21" WC="0.93" CONTENT="skild"/><SP WIDTH="16" VPOS="869" HPOS="249"/>
							<String ID="string_224" HPOS="265" VPOS="870" WIDTH="138" HEIGHT="27" WC="0.91" CONTENT="eganderätt."/><SP WIDTH="32" VPOS="870" HPOS="403"/>
							<String ID="string_225" HPOS="435" VPOS="869" WIDTH="44" HEIGHT="22" WC="0.95" CONTENT="Det"/><SP WIDTH="15" VPOS="869" HPOS="479"/>
							<String ID="string_226" HPOS="494" VPOS="870" WIDTH="46" HEIGHT="21" WC="0.97" CONTENT="kan"/><SP WIDTH="16" VPOS="870" HPOS="540"/>
							<String ID="string_227" HPOS="556" VPOS="877" WIDTH="54" HEIGHT="14" WC="0.93" CONTENT="vara"/><SP WIDTH="15" VPOS="877" HPOS="610"/>
							<String ID="string_228" HPOS="625" VPOS="869" WIDTH="160" HEIGHT="29" WC="0.90" CONTENT="tvifvelaktigt,"/><SP WIDTH="17" VPOS="869" HPOS="785"/>
							<String ID="string_229" HPOS="802" VPOS="876" WIDTH="37" HEIGHT="15" WC="0.96" CONTENT="om"/><SP WIDTH="16" VPOS="876" HPOS="839"/>
							<String ID="string_230" HPOS="855" VPOS="869" WIDTH="62" HEIGHT="21" WC="0.96" CONTENT="detta"/><SP WIDTH="10" VPOS="869" HPOS="917"/>
							<String ID="string_231" HPOS="927" VPOS="868" WIDTH="89" HEIGHT="28" WC="0.96" CONTENT="uttryck"/>
						</TextLine>
						<TextLine ID="line_26" HPOS="190" VPOS="899" WIDTH="826" HEIGHT="29">
							<String ID="string_232" HPOS="190" VPOS="901" WIDTH="25" HEIGHT="19" WC="0.96" CONTENT="är"/><SP WIDTH="21" VPOS="901" HPOS="215"/>
							<String ID="string_233" HPOS="236" VPOS="899" WIDTH="74" HEIGHT="21" WC="0.96" CONTENT="exakt."/><SP WIDTH="31" VPOS="899" HPOS="310"/>
							<String ID="string_234" HPOS="341" VPOS="899" WIDTH="45" HEIGHT="22" WC="0.96" CONTENT="Det"/><SP WIDTH="17" VPOS="899" HPOS="386"/>
							<String ID="string_235" HPOS="403" VPOS="902" WIDTH="24" HEIGHT="18" WC="0.96" CONTENT="är"/><SP WIDTH="14" VPOS="902" HPOS="427"/>
							<String ID="string_236" HPOS="441" VPOS="900" WIDTH="26" HEIGHT="28" WC="0.96" CONTENT="ju"/><SP WIDTH="15" VPOS="900" HPOS="467"/>
							<String ID="string_237" HPOS="482" VPOS="900" WIDTH="50" HEIGHT="22" WC="0.96" CONTENT="icke"/><SP WIDTH="16" VPOS="900" HPOS="532"/>
							<String ID="string_238" HPOS="548" VPOS="899" WIDTH="65" HEIGHT="29" WC="0.96" CONTENT="fråga"/><SP WIDTH="16" VPOS="899" HPOS="613"/>
							<String ID="string_239" HPOS="629" VPOS="906" WIDTH="36" HEIGHT="15" WC="0.97" CONTENT="om"/><SP WIDTH="17" VPOS="906" HPOS="665"/>
							<String ID="string_240" HPOS="682" VPOS="901" WIDTH="32" HEIGHT="20" WC="0.91" CONTENT="att"/><SP WIDTH="16" VPOS="901" HPOS="714"/>
							<String ID="string_241" HPOS="730" VPOS="899" WIDTH="105" HEIGHT="29" WC="0.91" CONTENT="fråntaga"/><SP WIDTH="21" VPOS="899" HPOS="835"/>
							<String ID="string_242" HPOS="856" VPOS="906" WIDTH="83" HEIGHT="22" WC="0.92" CONTENT="egaren"/><SP WIDTH="21" VPOS="906" HPOS="939"/>
							<String ID="string_243" HPOS="960" VPOS="899" WIDTH="56" HEIGHT="21" WC="0.96" CONTENT="hans"/>
						</TextLine>
						<TextLine ID="line_27" HPOS="190" VPOS="928" WIDTH="825" HEIGHT="29">
							<String ID="string_244" HPOS="190" VPOS="928" WIDTH="118" HEIGHT="29" WC="0.96" CONTENT="egendom,"/><SP WIDTH="24" VPOS="928" HPOS="308"/>
							<String ID="string_245" HPOS="332" VPOS="931" WIDTH="55" HEIGHT="19" WC="0.96" CONTENT="utan"/><SP WIDTH="23" VPOS="931" HPOS="387"/>
							<String ID="string_246" HPOS="410" VPOS="936" WIDTH="36" HEIGHT="15" WC="0.96" CONTENT="om"/><SP WIDTH="25" VPOS="936" HPOS="446"/>
							<String ID="string_247" HPOS="471" VPOS="931" WIDTH="33" HEIGHT="20" WC="0.96" CONTENT="att"/><SP WIDTH="17" VPOS="931" HPOS="504"/>
							<String ID="string_248" HPOS="521" VPOS="930" WIDTH="103" HEIGHT="21" WC="0.95" CONTENT="använda"/><SP WIDTH="16" VPOS="930" HPOS="624"/>
							<String ID="string_249" HPOS="640" VPOS="936" WIDTH="28" HEIGHT="15" WC="0.96" CONTENT="en"/><SP WIDTH="17" VPOS="936" HPOS="668"/>
							<String ID="string_250" HPOS="685" VPOS="930" WIDTH="35" HEIGHT="21" WC="0.96" CONTENT="del"/><SP WIDTH="16" VPOS="930" HPOS="720"/>
							<String ID="string_251" HPOS="736" VPOS="928" WIDTH="26" HEIGHT="22" WC="0.96" CONTENT="af"/><SP WIDTH="14" VPOS="928" HPOS="762"/>
							<String ID="string_252" HPOS="776" VPOS="929" WIDTH="140" HEIGHT="28" WC="0.96" CONTENT="egendomen"/><SP WIDTH="16" VPOS="929" HPOS="916"/>
							<String ID="string_253" HPOS="932" VPOS="928" WIDTH="37" HEIGHT="22" WC="0.96" CONTENT="för"/><SP WIDTH="16" VPOS="928" HPOS="969"/>
							<String ID="string_254" HPOS="985" VPOS="930" WIDTH="30" HEIGHT="20" WC="0.95" CONTENT="ett"/>
						</TextLine>
						<TextLine ID="line_28" HPOS="190" VPOS="957" WIDTH="828" HEIGHT="30">
							<String ID="string_255" HPOS="190" VPOS="958" WIDTH="112" HEIGHT="27" WC="0.95" CONTENT="ändamål,"/><SP WIDTH="22" VPOS="958" HPOS="302"/>
							<String ID="string_256" HPOS="324" VPOS="965" WIDTH="46" HEIGHT="15" WC="0.97" CONTENT="som"/><SP WIDTH="20" VPOS="965" HPOS="370"/>
							<String ID="string_257" HPOS="390" VPOS="959" WIDTH="93" HEIGHT="28" WC="0.91" CONTENT="bringar"/><SP WIDTH="15" VPOS="959" HPOS="483"/>
							<String ID="string_258" HPOS="498" VPOS="966" WIDTH="84" HEIGHT="21" WC="0.91" CONTENT="egaren"/><SP WIDTH="16" VPOS="966" HPOS="582"/>
							<String ID="string_259" HPOS="598" VPOS="959" WIDTH="53" HEIGHT="28" WC="0.96" CONTENT="själf"/><SP WIDTH="13" VPOS="959" HPOS="651"/>
							<String ID="string_260" HPOS="664" VPOS="960" WIDTH="70" HEIGHT="27" WC="0.96" CONTENT="nytta."/><SP WIDTH="33" VPOS="960" HPOS="734"/>
							<String ID="string_261" HPOS="767" VPOS="958" WIDTH="115" HEIGHT="22" WC="0.96" CONTENT="Professor"/><SP WIDTH="15" VPOS="958" HPOS="882"/>
							<String ID="string_262" HPOS="897" VPOS="957" WIDTH="121" HEIGHT="22" WC="0.96" CONTENT="Bonsdorff"/>
						</TextLine>
						<TextLine ID="line_29" HPOS="189" VPOS="987" WIDTH="826" HEIGHT="30">
							<String ID="string_263" HPOS="189" VPOS="987" WIDTH="42" HEIGHT="22" WC="0.96" CONTENT="har"/><SP WIDTH="24" VPOS="987" HPOS="231"/>
							<String ID="string_264" HPOS="255" VPOS="988" WIDTH="68" HEIGHT="21" WC="0.96" CONTENT="redan"/><SP WIDTH="24" VPOS="988" HPOS="323"/>
							<String ID="string_265" HPOS="347" VPOS="988" WIDTH="123" HEIGHT="22" WC="0.96" CONTENT="framhållit"/><SP WIDTH="22" VPOS="988" HPOS="470"/>
							<String ID="string_266" HPOS="492" VPOS="989" WIDTH="28" HEIGHT="22" WC="0.96" CONTENT="de"/><SP WIDTH="16" VPOS="989" HPOS="520"/>
							<String ID="string_267" HPOS="536" VPOS="989" WIDTH="131" HEIGHT="28" WC="0.96" CONTENT="obetydliga"/><SP WIDTH="15" VPOS="989" HPOS="667"/>
							<String ID="string_268" HPOS="682" VPOS="989" WIDTH="127" HEIGHT="26" WC="0.96" CONTENT="kostnader,"/><SP WIDTH="18" VPOS="989" HPOS="809"/>
							<String ID="string_269" HPOS="827" VPOS="995" WIDTH="48" HEIGHT="15" WC="0.93" CONTENT="som"/><SP WIDTH="15" VPOS="995" HPOS="875"/>
							<String ID="string_270" HPOS="890" VPOS="987" WIDTH="125" HEIGHT="29" WC="0.92" CONTENT="frednings-"/>
						</TextLine>
						<TextLine ID="line_30" HPOS="190" VPOS="1018" WIDTH="825" HEIGHT="29">
							<String ID="string_271" HPOS="190" VPOS="1018" WIDTH="113" HEIGHT="21" WC="0.93" CONTENT="områdets"/><SP WIDTH="21" VPOS="1018" HPOS="303"/>
							<String ID="string_272" HPOS="324" VPOS="1019" WIDTH="118" HEIGHT="28" WC="0.92" CONTENT="utpålning"/><SP WIDTH="21" VPOS="1019" HPOS="442"/>
							<String ID="string_273" HPOS="463" VPOS="1019" WIDTH="41" HEIGHT="21" WC="0.96" CONTENT="och"/><SP WIDTH="16" VPOS="1019" HPOS="504"/>
							<String ID="string_274" HPOS="520" VPOS="1019" WIDTH="130" HEIGHT="28" WC="0.96" CONTENT="bevakning"/><SP WIDTH="15" VPOS="1019" HPOS="650"/>
							<String ID="string_275" HPOS="665" VPOS="1018" WIDTH="108" HEIGHT="23" WC="0.95" CONTENT="medföra."/><SP WIDTH="33" VPOS="1018" HPOS="773"/>
							<String ID="string_276" HPOS="806" VPOS="1018" WIDTH="71" HEIGHT="22" WC="0.96" CONTENT="Dessa"/><SP WIDTH="16" VPOS="1018" HPOS="877"/>
							<String ID="string_277" HPOS="893" VPOS="1018" WIDTH="69" HEIGHT="21" WC="0.93" CONTENT="motiv"/><SP WIDTH="15" VPOS="1018" HPOS="962"/>
							<String ID="string_278" HPOS="977" VPOS="1018" WIDTH="38" HEIGHT="21" WC="0.92" CONTENT="be-"/>
						</TextLine>
						<TextLine ID="line_31" HPOS="189" VPOS="1047" WIDTH="826" HEIGHT="30">
							<String ID="string_279" HPOS="189" VPOS="1047" WIDTH="70" HEIGHT="22" WC="0.90" CONTENT="höfva"/><SP WIDTH="26" VPOS="1047" HPOS="259"/>
							<String ID="string_280" HPOS="285" VPOS="1048" WIDTH="86" HEIGHT="21" WC="0.96" CONTENT="således"/><SP WIDTH="26" VPOS="1048" HPOS="371"/>
							<String ID="string_281" HPOS="397" VPOS="1049" WIDTH="50" HEIGHT="21" WC="0.96" CONTENT="icke"/><SP WIDTH="24" VPOS="1049" HPOS="447"/>
							<String ID="string_282" HPOS="471" VPOS="1049" WIDTH="90" HEIGHT="21" WC="0.96" CONTENT="komma"/><SP WIDTH="23" VPOS="1049" HPOS="561"/>
							<String ID="string_283" HPOS="584" VPOS="1049" WIDTH="8" HEIGHT="21" WC="0.96" CONTENT="i"/><SP WIDTH="24" VPOS="1049" HPOS="592"/>
							<String ID="string_284" HPOS="616" VPOS="1048" WIDTH="71" HEIGHT="29" WC="0.96" CONTENT="fråga."/><SP WIDTH="32" VPOS="1048" HPOS="687"/>
							<String ID="string_285" HPOS="719" VPOS="1049" WIDTH="52" HEIGHT="21" WC="0.96" CONTENT="Men"/><SP WIDTH="23" VPOS="1049" HPOS="771"/>
							<String ID="string_286" HPOS="794" VPOS="1048" WIDTH="70" HEIGHT="21" WC="0.95" CONTENT="sedan"/><SP WIDTH="23" VPOS="1048" HPOS="864"/>
							<String ID="string_287" HPOS="887" VPOS="1047" WIDTH="128" HEIGHT="22" WC="0.44" CONTENT="framhåller"/>
						</TextLine>
						<TextLine ID="line_32" HPOS="190" VPOS="1077" WIDTH="825" HEIGHT="30">
							<String ID="string_288" HPOS="190" VPOS="1079" WIDTH="145" HEIGHT="20" WC="0.91" CONTENT="reservanten"/><SP WIDTH="16" VPOS="1079" HPOS="335"/>
							<String ID="string_289" HPOS="351" VPOS="1079" WIDTH="32" HEIGHT="20" WC="0.96" CONTENT="ett"/><SP WIDTH="16" VPOS="1079" HPOS="383"/>
							<String ID="string_290" HPOS="399" VPOS="1079" WIDTH="76" HEIGHT="25" WC="0.96" CONTENT="motiv,"/><SP WIDTH="16" VPOS="1079" HPOS="475"/>
							<String ID="string_291" HPOS="491" VPOS="1085" WIDTH="49" HEIGHT="15" WC="0.96" CONTENT="som"/><SP WIDTH="16" VPOS="1085" HPOS="540"/>
							<String ID="string_292" HPOS="556" VPOS="1081" WIDTH="25" HEIGHT="19" WC="0.96" CONTENT="är"/><SP WIDTH="15" VPOS="1081" HPOS="581"/>
							<String ID="string_293" HPOS="596" VPOS="1078" WIDTH="26" HEIGHT="22" WC="0.96" CONTENT="af"/><SP WIDTH="13" VPOS="1078" HPOS="622"/>
							<String ID="string_294" HPOS="635" VPOS="1079" WIDTH="87" HEIGHT="28" WC="0.96" CONTENT="ganska"/><SP WIDTH="15" VPOS="1079" HPOS="722"/>
							<String ID="string_295" HPOS="737" VPOS="1078" WIDTH="145" HEIGHT="29" WC="0.95" CONTENT="egendomlig"/><SP WIDTH="15" VPOS="1078" HPOS="882"/>
							<String ID="string_296" HPOS="897" VPOS="1079" WIDTH="66" HEIGHT="20" WC="0.96" CONTENT="natur"/><SP WIDTH="10" VPOS="1079" HPOS="963"/>
							<String ID="string_297" HPOS="973" VPOS="1077" WIDTH="42" HEIGHT="22" WC="0.96" CONTENT="och"/>
						</TextLine>
						<TextLine ID="line_33" HPOS="189" VPOS="1107" WIDTH="826" HEIGHT="29">
							<String ID="string_298" HPOS="189" VPOS="1113" WIDTH="48" HEIGHT="15" WC="0.96" CONTENT="som"/><SP WIDTH="15" VPOS="1113" HPOS="237"/>
							<String ID="string_299" HPOS="252" VPOS="1107" WIDTH="41" HEIGHT="28" WC="0.96" CONTENT="jag"/><SP WIDTH="16" VPOS="1107" HPOS="293"/>
							<String ID="string_300" HPOS="309" VPOS="1107" WIDTH="70" HEIGHT="22" WC="0.96" CONTENT="skulle"/><SP WIDTH="16" VPOS="1107" HPOS="379"/>
							<String ID="string_301" HPOS="395" VPOS="1108" WIDTH="55" HEIGHT="27" WC="0.96" CONTENT="vilja"/><SP WIDTH="16" VPOS="1108" HPOS="450"/>
							<String ID="string_302" HPOS="466" VPOS="1108" WIDTH="103" HEIGHT="21" WC="0.96" CONTENT="använda"/><SP WIDTH="16" VPOS="1108" HPOS="569"/>
							<String ID="string_303" HPOS="585" VPOS="1110" WIDTH="73" HEIGHT="20" WC="0.97" CONTENT="såsom"/><SP WIDTH="16" VPOS="1110" HPOS="658"/>
							<String ID="string_304" HPOS="674" VPOS="1108" WIDTH="126" HEIGHT="28" WC="0.96" CONTENT="synnerligt"/><SP WIDTH="16" VPOS="1108" HPOS="800"/>
							<String ID="string_305" HPOS="816" VPOS="1108" WIDTH="103" HEIGHT="28" WC="0.96" CONTENT="vägande"/><SP WIDTH="16" VPOS="1108" HPOS="919"/>
							<String ID="string_306" HPOS="935" VPOS="1107" WIDTH="36" HEIGHT="22" WC="0.93" CONTENT="för"/><SP WIDTH="10" VPOS="1107" HPOS="971"/>
							<String ID="string_307" HPOS="981" VPOS="1109" WIDTH="34" HEIGHT="20" WC="0.92" CONTENT="ut-"/>
						</TextLine>
						<TextLine ID="line_34" HPOS="189" VPOS="1137" WIDTH="826" HEIGHT="30">
							<String ID="string_308" HPOS="189" VPOS="1137" WIDTH="94" HEIGHT="22" WC="0.93" CONTENT="skottets"/><SP WIDTH="24" VPOS="1137" HPOS="283"/>
							<String ID="string_309" HPOS="307" VPOS="1137" WIDTH="92" HEIGHT="29" WC="0.93" CONTENT="förslag."/><SP WIDTH="32" VPOS="1137" HPOS="399"/>
							<String ID="string_310" HPOS="431" VPOS="1138" WIDTH="152" HEIGHT="22" WC="0.89" CONTENT="Reservanten"/><SP WIDTH="23" VPOS="1138" HPOS="583"/>
							<String ID="string_311" HPOS="606" VPOS="1141" WIDTH="72" HEIGHT="26" WC="0.96" CONTENT="säger,"/><SP WIDTH="20" VPOS="1141" HPOS="678"/>
							<String ID="string_312" HPOS="698" VPOS="1139" WIDTH="74" HEIGHT="20" WC="0.96" CONTENT="såsom"/><SP WIDTH="10" VPOS="1139" HPOS="772"/>
							<String ID="string_313" HPOS="782" VPOS="1139" WIDTH="38" HEIGHT="20" WC="0.82" CONTENT="ett"/><SP WIDTH="16" VPOS="1139" HPOS="820"/>
							<String ID="string_314" HPOS="836" VPOS="1137" WIDTH="49" HEIGHT="22" WC="0.96" CONTENT="skäl"/><SP WIDTH="16" VPOS="1137" HPOS="885"/>
							<String ID="string_315" HPOS="901" VPOS="1139" WIDTH="66" HEIGHT="24" WC="0.96" CONTENT="emot,"/><SP WIDTH="16" VPOS="1139" HPOS="967"/>
							<String ID="string_316" HPOS="983" VPOS="1138" WIDTH="32" HEIGHT="20" WC="0.96" CONTENT="att"/>
						</TextLine>
						<TextLine ID="line_35" HPOS="189" VPOS="1165" WIDTH="826" HEIGHT="30">
							<String ID="string_317" HPOS="189" VPOS="1165" WIDTH="225" HEIGHT="30" WC="0.92" CONTENT="fredningsområden"/><SP WIDTH="16" VPOS="1165" HPOS="414"/>
							<String ID="string_318" HPOS="430" VPOS="1169" WIDTH="99" HEIGHT="20" WC="0.96" CONTENT="närmast"/><SP WIDTH="15" VPOS="1169" HPOS="529"/>
							<String ID="string_319" HPOS="544" VPOS="1168" WIDTH="90" HEIGHT="21" WC="0.96" CONTENT="komme"/><SP WIDTH="14" VPOS="1168" HPOS="634"/>
							<String ID="string_320" HPOS="648" VPOS="1169" WIDTH="32" HEIGHT="20" WC="0.96" CONTENT="att"/><SP WIDTH="11" VPOS="1169" HPOS="680"/>
							<String ID="string_321" HPOS="691" VPOS="1167" WIDTH="103" HEIGHT="22" WC="0.96" CONTENT="medföra"/><SP WIDTH="10" VPOS="1167" HPOS="794"/>
							<String ID="string_322" HPOS="804" VPOS="1169" WIDTH="84" HEIGHT="26" WC="0.95" CONTENT="nytta"/><SP WIDTH="11" VPOS="1169" HPOS="888"/>
							<String ID="string_323" HPOS="899" VPOS="1168" WIDTH="23" HEIGHT="21" WC="0.93" CONTENT="åt"/><SP WIDTH="11" VPOS="1168" HPOS="922"/>
							<String ID="string_324" HPOS="933" VPOS="1174" WIDTH="82" HEIGHT="21" WC="0.92" CONTENT="egarne"/>
						</TextLine>
						<TextLine ID="line_36" HPOS="189" VPOS="1195" WIDTH="825" HEIGHT="30">
							<String ID="string_325" HPOS="189" VPOS="1195" WIDTH="26" HEIGHT="22" WC="0.96" CONTENT="af"/><SP WIDTH="18" VPOS="1195" HPOS="215"/>
							<String ID="string_326" HPOS="233" VPOS="1197" WIDTH="28" HEIGHT="21" WC="0.95" CONTENT="de"/><SP WIDTH="24" VPOS="1197" HPOS="261"/>
							<String ID="string_327" HPOS="285" VPOS="1197" WIDTH="155" HEIGHT="28" WC="0.95" CONTENT="angränsande"/><SP WIDTH="23" VPOS="1197" HPOS="440"/>
							<String ID="string_328" HPOS="463" VPOS="1199" WIDTH="98" HEIGHT="20" WC="0.94" CONTENT="vattnen."/><SP WIDTH="32" VPOS="1199" HPOS="561"/>
							<String ID="string_329" HPOS="593" VPOS="1198" WIDTH="35" HEIGHT="26" WC="0.95" CONTENT="Ja,"/><SP WIDTH="25" VPOS="1198" HPOS="628"/>
							<String ID="string_330" HPOS="653" VPOS="1198" WIDTH="39" HEIGHT="21" WC="0.96" CONTENT="det"/><SP WIDTH="23" VPOS="1198" HPOS="692"/>
							<String ID="string_331" HPOS="715" VPOS="1200" WIDTH="25" HEIGHT="19" WC="0.96" CONTENT="är"/><SP WIDTH="19" VPOS="1200" HPOS="740"/>
							<String ID="string_332" HPOS="759" VPOS="1198" WIDTH="47" HEIGHT="27" WC="0.96" CONTENT="just"/><SP WIDTH="19" VPOS="1198" HPOS="806"/>
							<String ID="string_333" HPOS="825" VPOS="1197" WIDTH="78" HEIGHT="22" WC="0.96" CONTENT="derför"/><SP WIDTH="15" VPOS="1197" HPOS="903"/>
							<String ID="string_334" HPOS="918" VPOS="1204" WIDTH="48" HEIGHT="14" WC="0.89" CONTENT="som"/><SP WIDTH="16" VPOS="1204" HPOS="966"/>
							<String ID="string_335" HPOS="982" VPOS="1199" WIDTH="32" HEIGHT="19" WC="0.89" CONTENT="ut-"/>
						</TextLine>
						<TextLine ID="line_37" HPOS="189" VPOS="1226" WIDTH="825" HEIGHT="30">
							<String ID="string_336" HPOS="189" VPOS="1226" WIDTH="84" HEIGHT="22" WC="0.96" CONTENT="skottet"/><SP WIDTH="21" VPOS="1226" HPOS="273"/>
							<String ID="string_337" HPOS="294" VPOS="1228" WIDTH="71" HEIGHT="20" WC="0.96" CONTENT="ansett"/><SP WIDTH="20" VPOS="1228" HPOS="365"/>
							<String ID="string_338" HPOS="385" VPOS="1228" WIDTH="33" HEIGHT="20" WC="0.91" CONTENT="att"/><SP WIDTH="15" VPOS="1228" HPOS="418"/>
							<String ID="string_339" HPOS="433" VPOS="1227" WIDTH="223" HEIGHT="29" WC="0.91" CONTENT="fredningsområden"/><SP WIDTH="16" VPOS="1227" HPOS="656"/>
							<String ID="string_340" HPOS="672" VPOS="1227" WIDTH="56" HEIGHT="22" WC="0.96" CONTENT="böra"/><SP WIDTH="15" VPOS="1227" HPOS="728"/>
							<String ID="string_341" HPOS="743" VPOS="1227" WIDTH="101" HEIGHT="26" WC="0.96" CONTENT="inrättas,"/><SP WIDTH="17" VPOS="1227" HPOS="844"/>
							<String ID="string_342" HPOS="861" VPOS="1228" WIDTH="33" HEIGHT="20" WC="0.96" CONTENT="att"/><SP WIDTH="16" VPOS="1228" HPOS="894"/>
							<String ID="string_343" HPOS="910" VPOS="1227" WIDTH="27" HEIGHT="21" WC="0.93" CONTENT="de"/><SP WIDTH="16" VPOS="1227" HPOS="937"/>
							<String ID="string_344" HPOS="953" VPOS="1227" WIDTH="61" HEIGHT="21" WC="0.91" CONTENT="med-"/>
						</TextLine>
						<TextLine ID="line_38" HPOS="189" VPOS="1255" WIDTH="824" HEIGHT="30">
							<String ID="string_345" HPOS="189" VPOS="1255" WIDTH="52" HEIGHT="22" WC="0.96" CONTENT="föra"/><SP WIDTH="25" VPOS="1255" HPOS="241"/>
							<String ID="string_346" HPOS="266" VPOS="1257" WIDTH="64" HEIGHT="27" WC="0.96" CONTENT="nytta"/><SP WIDTH="19" VPOS="1257" HPOS="330"/>
							<String ID="string_347" HPOS="349" VPOS="1258" WIDTH="24" HEIGHT="20" WC="0.96" CONTENT="åt"/><SP WIDTH="23" VPOS="1258" HPOS="373"/>
							<String ID="string_348" HPOS="396" VPOS="1257" WIDTH="27" HEIGHT="22" WC="0.96" CONTENT="de"/><SP WIDTH="24" VPOS="1257" HPOS="423"/>
							<String ID="string_349" HPOS="447" VPOS="1257" WIDTH="156" HEIGHT="28" WC="0.96" CONTENT="angränsande"/><SP WIDTH="23" VPOS="1257" HPOS="603"/>
							<String ID="string_350" HPOS="626" VPOS="1259" WIDTH="100" HEIGHT="25" WC="0.93" CONTENT="vattnen,"/><SP WIDTH="17" VPOS="1259" HPOS="726"/>
							<String ID="string_351" HPOS="743" VPOS="1257" WIDTH="21" HEIGHT="21" WC="0.92" CONTENT="d."/><SP WIDTH="17" VPOS="1257" HPOS="764"/>
							<String ID="string_352" HPOS="781" VPOS="1264" WIDTH="20" HEIGHT="14" WC="0.90" CONTENT="v."/><SP WIDTH="18" VPOS="1264" HPOS="801"/>
							<String ID="string_353" HPOS="819" VPOS="1264" WIDTH="17" HEIGHT="14" WC="0.93" CONTENT="s."/><SP WIDTH="17" VPOS="1264" HPOS="836"/>
							<String ID="string_354" HPOS="853" VPOS="1263" WIDTH="94" HEIGHT="22" WC="0.91" CONTENT="egarnes"/><SP WIDTH="16" VPOS="1263" HPOS="947"/>
							<String ID="string_355" HPOS="963" VPOS="1258" WIDTH="50" HEIGHT="27" WC="0.96" CONTENT="eget"/>
						</TextLine>
						<TextLine ID="line_39" HPOS="189" VPOS="1286" WIDTH="388" HEIGHT="23">
							<String ID="string_356" HPOS="189" VPOS="1287" WIDTH="77" HEIGHT="20" WC="0.93" CONTENT="vatten"/><SP WIDTH="17" VPOS="1287" HPOS="266"/>
							<String ID="string_357" HPOS="283" VPOS="1286" WIDTH="41" HEIGHT="21" WC="0.92" CONTENT="oeh"/><SP WIDTH="16" VPOS="1286" HPOS="324"/>
							<String ID="string_358" HPOS="340" VPOS="1287" WIDTH="81" HEIGHT="21" WC="0.95" CONTENT="andras"/><SP WIDTH="16" VPOS="1287" HPOS="421"/>
							<String ID="string_359" HPOS="437" VPOS="1287" WIDTH="140" HEIGHT="22" WC="0.96" CONTENT="fiskevatten."/>
						</TextLine>
					</TextBlock>
					<TextBlock ID="block_3" HPOS="188" VPOS="1315" WIDTH="826" HEIGHT="208">
						<TextLine ID="line_40" HPOS="262" VPOS="1315" WIDTH="751" HEIGHT="30">
							<String ID="string_360" HPOS="262" VPOS="1315" WIDTH="151" HEIGHT="23" WC="0.93" CONTENT="Reservanten"/><SP WIDTH="25" VPOS="1315" HPOS="413"/>
							<String ID="string_361" HPOS="438" VPOS="1319" WIDTH="66" HEIGHT="26" WC="0.96" CONTENT="säger"/><SP WIDTH="22" VPOS="1319" HPOS="504"/>
							<String ID="string_362" HPOS="526" VPOS="1317" WIDTH="78" HEIGHT="22" WC="0.96" CONTENT="vidare"/><SP WIDTH="23" VPOS="1317" HPOS="604"/>
							<String ID="string_363" HPOS="627" VPOS="1317" WIDTH="7" HEIGHT="21" WC="0.96" CONTENT="i"/><SP WIDTH="24" VPOS="1317" HPOS="634"/>
							<String ID="string_364" HPOS="658" VPOS="1317" WIDTH="80" HEIGHT="27" WC="0.96" CONTENT="början"/><SP WIDTH="16" VPOS="1317" HPOS="738"/>
							<String ID="string_365" HPOS="754" VPOS="1315" WIDTH="26" HEIGHT="23" WC="0.97" CONTENT="af"/><SP WIDTH="13" VPOS="1315" HPOS="780"/>
							<String ID="string_366" HPOS="793" VPOS="1317" WIDTH="40" HEIGHT="21" WC="0.96" CONTENT="sid."/><SP WIDTH="18" VPOS="1317" HPOS="833"/>
							<String ID="string_367" HPOS="851" VPOS="1317" WIDTH="35" HEIGHT="20" WC="0.93" CONTENT="33:"/><SP WIDTH="20" VPOS="1317" HPOS="886"/>
							<String ID="string_368" HPOS="906" VPOS="1316" WIDTH="55" HEIGHT="21" WC="0.82" CONTENT="»Om"/><SP WIDTH="16" VPOS="1316" HPOS="961"/>
							<String ID="string_369" HPOS="977" VPOS="1316" WIDTH="36" HEIGHT="22" WC="0.96" CONTENT="det"/>
						</TextLine>
						<TextLine ID="line_41" HPOS="189" VPOS="1344" WIDTH="825" HEIGHT="31">
							<String ID="string_370" HPOS="189" VPOS="1344" WIDTH="147" HEIGHT="23" WC="0.84" CONTENT="föreskrifves"/><SP WIDTH="24" VPOS="1344" HPOS="336"/>
							<String ID="string_371" HPOS="360" VPOS="1348" WIDTH="32" HEIGHT="19" WC="0.93" CONTENT="att"/><SP WIDTH="23" VPOS="1348" HPOS="392"/>
							<String ID="string_372" HPOS="415" VPOS="1345" WIDTH="51" HEIGHT="22" WC="0.93" CONTENT="från"/><SP WIDTH="23" VPOS="1345" HPOS="466"/>
							<String ID="string_373" HPOS="489" VPOS="1346" WIDTH="97" HEIGHT="22" WC="0.90" CONTENT="oskiftad"/><SP WIDTH="23" VPOS="1346" HPOS="586"/>
							<String ID="string_374" HPOS="609" VPOS="1347" WIDTH="64" HEIGHT="21" WC="0.96" CONTENT="mark"/><SP WIDTH="21" VPOS="1347" HPOS="673"/>
							<String ID="string_375" HPOS="694" VPOS="1347" WIDTH="50" HEIGHT="21" WC="0.93" CONTENT="dess"/><SP WIDTH="16" VPOS="1347" HPOS="744"/>
							<String ID="string_376" HPOS="760" VPOS="1346" WIDTH="130" HEIGHT="29" WC="0.96" CONTENT="bördigaste"/><SP WIDTH="16" VPOS="1346" HPOS="890"/>
							<String ID="string_377" HPOS="906" VPOS="1346" WIDTH="36" HEIGHT="22" WC="0.96" CONTENT="del"/><SP WIDTH="15" VPOS="1346" HPOS="942"/>
							<String ID="string_378" HPOS="957" VPOS="1347" WIDTH="57" HEIGHT="21" WC="0.96" CONTENT="skall"/>
						</TextLine>
						<TextLine ID="line_42" HPOS="188" VPOS="1375" WIDTH="826" HEIGHT="29">
							<String ID="string_379" HPOS="188" VPOS="1375" WIDTH="104" HEIGHT="28" WC="0.90" CONTENT="utbrytas"/><SP WIDTH="19" VPOS="1375" HPOS="292"/>
							<String ID="string_380" HPOS="311" VPOS="1375" WIDTH="34" HEIGHT="21" WC="0.93" CONTENT="till"/><SP WIDTH="20" VPOS="1375" HPOS="345"/>
							<String ID="string_381" HPOS="365" VPOS="1375" WIDTH="214" HEIGHT="29" WC="0.92" CONTENT="fredningsomräde,"/><SP WIDTH="20" VPOS="1375" HPOS="579"/>
							<String ID="string_382" HPOS="599" VPOS="1377" WIDTH="54" HEIGHT="21" WC="0.96" CONTENT="eller"/><SP WIDTH="17" VPOS="1377" HPOS="653"/>
							<String ID="string_383" HPOS="670" VPOS="1383" WIDTH="36" HEIGHT="15" WC="0.93" CONTENT="om"/><SP WIDTH="16" VPOS="1383" HPOS="706"/>
							<String ID="string_384" HPOS="722" VPOS="1375" WIDTH="153" HEIGHT="29" WC="0.92" CONTENT="samfällighet"/><SP WIDTH="16" VPOS="1375" HPOS="875"/>
							<String ID="string_385" HPOS="891" VPOS="1376" WIDTH="75" HEIGHT="22" WC="0.89" CONTENT="älades"/><SP WIDTH="16" VPOS="1376" HPOS="966"/>
							<String ID="string_386" HPOS="982" VPOS="1378" WIDTH="32" HEIGHT="20" WC="0.96" CONTENT="att"/>
						</TextLine>
						<TextLine ID="line_43" HPOS="189" VPOS="1404" WIDTH="824" HEIGHT="30">
							<String ID="string_387" HPOS="189" VPOS="1404" WIDTH="26" HEIGHT="21" WC="0.93" CONTENT="af"/><SP WIDTH="12" VPOS="1404" HPOS="215"/>
							<String ID="string_388" HPOS="227" VPOS="1404" WIDTH="85" HEIGHT="22" WC="0.93" CONTENT="skiftad"/><SP WIDTH="16" VPOS="1404" HPOS="312"/>
							<String ID="string_389" HPOS="328" VPOS="1406" WIDTH="63" HEIGHT="21" WC="0.96" CONTENT="mark"/><SP WIDTH="16" VPOS="1406" HPOS="391"/>
							<String ID="string_390" HPOS="407" VPOS="1413" WIDTH="81" HEIGHT="21" WC="0.93" CONTENT="genom"/><SP WIDTH="16" VPOS="1413" HPOS="488"/>
							<String ID="string_391" HPOS="504" VPOS="1406" WIDTH="167" HEIGHT="28" WC="0.92" CONTENT="expropriation"/><SP WIDTH="16" VPOS="1406" HPOS="671"/>
							<String ID="string_392" HPOS="687" VPOS="1406" WIDTH="46" HEIGHT="21" WC="0.92" CONTENT="läta"/><SP WIDTH="16" VPOS="1406" HPOS="733"/>
							<String ID="string_393" HPOS="749" VPOS="1406" WIDTH="92" HEIGHT="28" WC="0.92" CONTENT="utbryta"/><SP WIDTH="16" VPOS="1406" HPOS="841"/>
							<String ID="string_394" HPOS="857" VPOS="1406" WIDTH="62" HEIGHT="21" WC="0.96" CONTENT="delar"/><SP WIDTH="15" VPOS="1406" HPOS="919"/>
							<String ID="string_395" HPOS="934" VPOS="1413" WIDTH="27" HEIGHT="14" WC="0.93" CONTENT="ur"/><SP WIDTH="15" VPOS="1413" HPOS="961"/>
							<String ID="string_396" HPOS="976" VPOS="1413" WIDTH="37" HEIGHT="15" WC="0.92" CONTENT="en-"/>
						</TextLine>
						<TextLine ID="line_44" HPOS="189" VPOS="1434" WIDTH="825" HEIGHT="30">
							<String ID="string_397" HPOS="189" VPOS="1434" WIDTH="84" HEIGHT="22" WC="0.92" CONTENT="skildas"/><SP WIDTH="24" VPOS="1434" HPOS="273"/>
							<String ID="string_398" HPOS="297" VPOS="1435" WIDTH="129" HEIGHT="28" WC="0.92" CONTENT="bördigaste"/><SP WIDTH="24" VPOS="1435" HPOS="426"/>
							<String ID="string_399" HPOS="450" VPOS="1443" WIDTH="60" HEIGHT="21" WC="0.92" CONTENT="egor,"/><SP WIDTH="25" VPOS="1443" HPOS="510"/>
							<String ID="string_400" HPOS="535" VPOS="1436" WIDTH="85" HEIGHT="21" WC="0.96" CONTENT="hvilket"/><SP WIDTH="23" VPOS="1436" HPOS="620"/>
							<String ID="string_401" HPOS="643" VPOS="1435" WIDTH="133" HEIGHT="22" WC="0.96" CONTENT="förfarande"/><SP WIDTH="22" VPOS="1435" HPOS="776"/>
							<String ID="string_402" HPOS="798" VPOS="1437" WIDTH="30" HEIGHT="27" WC="0.96" CONTENT="pä"/><SP WIDTH="22" VPOS="1437" HPOS="828"/>
							<String ID="string_403" HPOS="850" VPOS="1437" WIDTH="44" HEIGHT="20" WC="0.96" CONTENT="sätt"/><SP WIDTH="23" VPOS="1437" HPOS="894"/>
							<String ID="string_404" HPOS="917" VPOS="1436" WIDTH="42" HEIGHT="21" WC="0.96" CONTENT="och"/><SP WIDTH="21" VPOS="1436" HPOS="959"/>
							<String ID="string_405" HPOS="980" VPOS="1436" WIDTH="34" HEIGHT="21" WC="0.96" CONTENT="vis"/>
						</TextLine>
						<TextLine ID="line_45" HPOS="189" VPOS="1464" WIDTH="825" HEIGHT="29">
							<String ID="string_406" HPOS="189" VPOS="1465" WIDTH="125" HEIGHT="21" WC="0.93" CONTENT="motsvarar"/><SP WIDTH="15" VPOS="1465" HPOS="314"/>
							<String ID="string_407" HPOS="329" VPOS="1464" WIDTH="235" HEIGHT="29" WC="0.90" CONTENT="fredningsomrädens"/><SP WIDTH="17" VPOS="1464" HPOS="564"/>
							<String ID="string_408" HPOS="581" VPOS="1465" WIDTH="135" HEIGHT="28" WC="0.92" CONTENT="utbrytande"/><SP WIDTH="15" VPOS="1465" HPOS="716"/>
							<String ID="string_409" HPOS="731" VPOS="1466" WIDTH="7" HEIGHT="20" WC="0.93" CONTENT="i"/><SP WIDTH="16" VPOS="1466" HPOS="738"/>
							<String ID="string_410" HPOS="754" VPOS="1465" WIDTH="141" HEIGHT="27" WC="0.92" CONTENT="fiskevatten,"/><SP WIDTH="13" VPOS="1465" HPOS="895"/>
							<String ID="string_411" HPOS="908" VPOS="1467" WIDTH="25" HEIGHT="19" WC="0.97" CONTENT="sä"/><SP WIDTH="10" VPOS="1467" HPOS="933"/>
							<String ID="string_412" HPOS="943" VPOS="1465" WIDTH="71" HEIGHT="22" WC="0.96" CONTENT="skulle"/>
						</TextLine>
						<TextLine ID="line_46" HPOS="188" VPOS="1494" WIDTH="826" HEIGHT="29">
							<String ID="string_413" HPOS="188" VPOS="1494" WIDTH="215" HEIGHT="22" WC="0.91" CONTENT="rättsmedvetandet"/><SP WIDTH="21" VPOS="1494" HPOS="403"/>
							<String ID="string_414" HPOS="424" VPOS="1495" WIDTH="111" HEIGHT="28" WC="0.96" CONTENT="knappast"/><SP WIDTH="15" VPOS="1495" HPOS="535"/>
							<String ID="string_415" HPOS="550" VPOS="1495" WIDTH="102" HEIGHT="28" WC="0.91" CONTENT="uppbära"/><SP WIDTH="24" VPOS="1495" HPOS="652"/>
							<String ID="string_416" HPOS="676" VPOS="1495" WIDTH="82" HEIGHT="21" WC="0.86" CONTENT="detta«."/><SP WIDTH="32" VPOS="1495" HPOS="758"/>
							<String ID="string_417" HPOS="790" VPOS="1495" WIDTH="127" HEIGHT="26" WC="0.95" CONTENT="Liknelsen,"/><SP WIDTH="17" VPOS="1495" HPOS="917"/>
							<String ID="string_418" HPOS="934" VPOS="1495" WIDTH="80" HEIGHT="21" WC="0.96" CONTENT="liksom"/>
						</TextLine>
					</TextBlock>
				</ComposedBlock>
			</PrintSpace>
		</Page>
	</Layout>
</alto>
