<?xml version="1.0" encoding="UTF-8"?>
<alto xmlns="http://www.loc.gov/standards/alto/ns-v3#" xmlns:xlink="http://www.w3.org/1999/xlink" xmlns:xsi="http://www.w3.org/2001/XMLSchema-instance" xsi:schemaLocation="http://www.loc.gov/standards/alto/ns-v3# http://www.loc.gov/alto/v3/alto-3-0.xsd">
	<Description>
		<MeasurementUnit>pixel</MeasurementUnit>
		<sourceImageInformation>
			<fileName>/tmp/tess_8n1078gj_input.PNG</fileName>
		</sourceImageInformation>
		<OCRProcessing ID="OCR_0">
			<ocrProcessingStep>
				<processingSoftware>
					<softwareName>tesseract 5.3.4</softwareName>
				</processingSoftware>
			</ocrProcessingStep>
		</OCRProcessing>
	</Description>
	<Layout>
		<Page WIDTH="1092" HEIGHT="1739" PHYSICAL_IMG_NR="0" ID="page_0">
			<PrintSpace HPOS="0" VPOS="0" WIDTH="1092" HEIGHT="1739">
				<ComposedBlock ID="cblock_0" HPOS="194" VPOS="73" WIDTH="582" HEIGHT="24">
					<TextBlock ID="block_0" HPOS="194" VPOS="73" WIDTH="582" HEIGHT="24">
						<TextLine ID="line_0" HPOS="194" VPOS="73" WIDTH="582" HEIGHT="24">
							<String ID="string_0" HPOS="194" VPOS="74" WIDTH="44" HEIGHT="21" WC="0.96" CONTENT="804"/><SP WIDTH="187" VPOS="74" HPOS="238"/>
							<String ID="string_1" HPOS="425" VPOS="73" WIDTH="126" HEIGHT="23" WC="0.92" CONTENT="Pappissääty"/><SP WIDTH="12" VPOS="73" HPOS="551"/>
							<String ID="string_2" HPOS="563" VPOS="73" WIDTH="86" HEIGHT="19" WC="0.90" CONTENT="Toukok."/><SP WIDTH="15" VPOS="73" HPOS="649"/>
							<String ID="string_3" HPOS="664" VPOS="74" WIDTH="21" HEIGHT="17" WC="0.93" CONTENT="11"/><SP WIDTH="14" VPOS="74" HPOS="685"/>
							<String ID="string_4" HPOS="699" VPOS="80" WIDTH="17" HEIGHT="17" WC="0.91" CONTENT="p."/><SP WIDTH="15" VPOS="80" HPOS="716"/>
							<String ID="string_5" HPOS="731" VPOS="74" WIDTH="45" HEIGHT="17" WC="0.96" CONTENT="1900"/>
						</TextLine>
					</TextBlock>
				</ComposedBlock>
				<ComposedBlock ID="cblock_1" HPOS="192" VPOS="127" WIDTH="828" HEIGHT="1102">
					<TextBlock ID="block_1" HPOS="192" VPOS="127" WIDTH="828" HEIGHT="1102">
						<TextLine ID="line_1" HPOS="195" VPOS="127" WIDTH="824" HEIGHT="31">
							<String ID="string_6" HPOS="195" VPOS="128" WIDTH="129" HEIGHT="22" WC="0.92" CONTENT="kommunal"/><SP WIDTH="22" VPOS="128" HPOS="324"/>
							<String ID="string_7" HPOS="346" VPOS="128" WIDTH="140" HEIGHT="30" WC="0.90" CONTENT="förbudslag,"/><SP WIDTH="21" VPOS="128" HPOS="486"/>
							<String ID="string_8" HPOS="507" VPOS="130" WIDTH="25" HEIGHT="27" WC="0.96" CONTENT="ty"/><SP WIDTH="24" VPOS="130" HPOS="532"/>
							<String ID="string_9" HPOS="556" VPOS="129" WIDTH="43" HEIGHT="21" WC="0.96" CONTENT="den"/><SP WIDTH="21" VPOS="129" HPOS="599"/>
							<String ID="string_10" HPOS="620" VPOS="129" WIDTH="83" HEIGHT="21" WC="0.96" CONTENT="saknar"/><SP WIDTH="20" VPOS="129" HPOS="703"/>
							<String ID="string_11" HPOS="723" VPOS="129" WIDTH="40" HEIGHT="21" WC="0.95" CONTENT="allt"/><SP WIDTH="20" VPOS="129" HPOS="763"/>
							<String ID="string_12" HPOS="783" VPOS="128" WIDTH="50" HEIGHT="22" WC="0.96" CONTENT="stöd"/><SP WIDTH="16" VPOS="128" HPOS="833"/>
							<String ID="string_13" HPOS="849" VPOS="128" WIDTH="38" HEIGHT="22" WC="0.96" CONTENT="för"/><SP WIDTH="15" VPOS="128" HPOS="887"/>
							<String ID="string_14" HPOS="902" VPOS="128" WIDTH="41" HEIGHT="28" WC="0.96" CONTENT="sig."/><SP WIDTH="32" VPOS="128" HPOS="943"/>
							<String ID="string_15" HPOS="975" VPOS="127" WIDTH="44" HEIGHT="28" WC="0.96" CONTENT="Jag"/>
						</TextLine>
						<TextLine ID="line_2" HPOS="194" VPOS="158" WIDTH="824" HEIGHT="30">
							<String ID="string_16" HPOS="194" VPOS="158" WIDTH="40" HEIGHT="21" WC="0.96" CONTENT="vill"/><SP WIDTH="21" VPOS="158" HPOS="234"/>
							<String ID="string_17" HPOS="255" VPOS="158" WIDTH="49" HEIGHT="22" WC="0.96" CONTENT="icke"/><SP WIDTH="21" VPOS="158" HPOS="304"/>
							<String ID="string_18" HPOS="325" VPOS="159" WIDTH="65" HEIGHT="21" WC="0.96" CONTENT="ställa"/><SP WIDTH="20" VPOS="159" HPOS="390"/>
							<String ID="string_19" HPOS="410" VPOS="159" WIDTH="48" HEIGHT="29" WC="0.96" CONTENT="mig"/><SP WIDTH="20" VPOS="159" HPOS="458"/>
							<String ID="string_20" HPOS="478" VPOS="159" WIDTH="113" HEIGHT="21" WC="0.96" CONTENT="beroende"/><SP WIDTH="20" VPOS="159" HPOS="591"/>
							<String ID="string_21" HPOS="611" VPOS="158" WIDTH="25" HEIGHT="22" WC="0.95" CONTENT="af"/><SP WIDTH="13" VPOS="158" HPOS="636"/>
							<String ID="string_22" HPOS="649" VPOS="166" WIDTH="28" HEIGHT="14" WC="0.95" CONTENT="en"/><SP WIDTH="16" VPOS="166" HPOS="677"/>
							<String ID="string_23" HPOS="693" VPOS="158" WIDTH="101" HEIGHT="29" WC="0.96" CONTENT="tillfällig"/><SP WIDTH="15" VPOS="158" HPOS="794"/>
							<String ID="string_24" HPOS="809" VPOS="158" WIDTH="113" HEIGHT="28" WC="0.96" CONTENT="majoritet"/><SP WIDTH="15" VPOS="158" HPOS="922"/>
							<String ID="string_25" HPOS="937" VPOS="158" WIDTH="38" HEIGHT="21" WC="0.96" CONTENT="vid"/><SP WIDTH="16" VPOS="158" HPOS="975"/>
							<String ID="string_26" HPOS="991" VPOS="164" WIDTH="27" HEIGHT="14" WC="0.96" CONTENT="en"/>
						</TextLine>
						<TextLine ID="line_3" HPOS="195" VPOS="186" WIDTH="823" HEIGHT="32">
							<String ID="string_27" HPOS="195" VPOS="188" WIDTH="232" HEIGHT="22" WC="0.89" CONTENT="kommunalstämma."/><SP WIDTH="33" VPOS="188" HPOS="427"/>
							<String ID="string_28" HPOS="460" VPOS="189" WIDTH="44" HEIGHT="29" WC="0.96" CONTENT="Jag"/><SP WIDTH="21" VPOS="189" HPOS="504"/>
							<String ID="string_29" HPOS="525" VPOS="189" WIDTH="39" HEIGHT="21" WC="0.96" CONTENT="vill"/><SP WIDTH="21" VPOS="189" HPOS="564"/>
							<String ID="string_30" HPOS="585" VPOS="189" WIDTH="50" HEIGHT="21" WC="0.96" CONTENT="icke"/><SP WIDTH="24" VPOS="189" HPOS="635"/>
							<String ID="string_31" HPOS="659" VPOS="190" WIDTH="32" HEIGHT="20" WC="0.96" CONTENT="att"/><SP WIDTH="16" VPOS="190" HPOS="691"/>
							<String ID="string_32" HPOS="707" VPOS="190" WIDTH="32" HEIGHT="20" WC="0.96" CONTENT="ett"/><SP WIDTH="15" VPOS="190" HPOS="739"/>
							<String ID="string_33" HPOS="754" VPOS="188" WIDTH="25" HEIGHT="22" WC="0.96" CONTENT="af"/><SP WIDTH="14" VPOS="188" HPOS="779"/>
							<String ID="string_34" HPOS="793" VPOS="188" WIDTH="27" HEIGHT="22" WC="0.93" CONTENT="de"/><SP WIDTH="16" VPOS="188" HPOS="820"/>
							<String ID="string_35" HPOS="836" VPOS="188" WIDTH="121" HEIGHT="28" WC="0.92" CONTENT="vigtigaste"/><SP WIDTH="16" VPOS="188" HPOS="957"/>
							<String ID="string_36" HPOS="973" VPOS="186" WIDTH="45" HEIGHT="23" WC="0.93" CONTENT="lifs-"/>
						</TextLine>
						<TextLine ID="line_4" HPOS="195" VPOS="217" WIDTH="824" HEIGHT="31">
							<String ID="string_37" HPOS="195" VPOS="218" WIDTH="125" HEIGHT="22" WC="0.96" CONTENT="intressena"/><SP WIDTH="22" VPOS="218" HPOS="320"/>
							<String ID="string_38" HPOS="342" VPOS="219" WIDTH="58" HEIGHT="21" WC="0.96" CONTENT="skall"/><SP WIDTH="23" VPOS="219" HPOS="400"/>
							<String ID="string_39" HPOS="423" VPOS="222" WIDTH="67" HEIGHT="26" WC="0.96" CONTENT="göras"/><SP WIDTH="24" VPOS="222" HPOS="490"/>
							<String ID="string_40" HPOS="514" VPOS="219" WIDTH="112" HEIGHT="21" WC="0.96" CONTENT="beroende"/><SP WIDTH="24" VPOS="219" HPOS="626"/>
							<String ID="string_41" HPOS="650" VPOS="218" WIDTH="25" HEIGHT="22" WC="0.96" CONTENT="af"/><SP WIDTH="14" VPOS="218" HPOS="675"/>
							<String ID="string_42" HPOS="689" VPOS="226" WIDTH="28" HEIGHT="15" WC="0.96" CONTENT="en"/><SP WIDTH="16" VPOS="226" HPOS="717"/>
							<String ID="string_43" HPOS="733" VPOS="219" WIDTH="62" HEIGHT="28" WC="0.96" CONTENT="dylik"/><SP WIDTH="15" VPOS="219" HPOS="795"/>
							<String ID="string_44" HPOS="810" VPOS="218" WIDTH="119" HEIGHT="28" WC="0.95" CONTENT="majoritet."/><SP WIDTH="32" VPOS="218" HPOS="929"/>
							<String ID="string_45" HPOS="961" VPOS="217" WIDTH="58" HEIGHT="22" WC="0.96" CONTENT="Vida"/>
						</TextLine>
						<TextLine ID="line_5" HPOS="195" VPOS="248" WIDTH="822" HEIGHT="27">
							<String ID="string_46" HPOS="195" VPOS="255" WIDTH="48" HEIGHT="15" WC="0.95" CONTENT="mer"/><SP WIDTH="16" VPOS="255" HPOS="243"/>
							<String ID="string_47" HPOS="259" VPOS="248" WIDTH="130" HEIGHT="23" WC="0.95" CONTENT="förtroende"/><SP WIDTH="16" VPOS="248" HPOS="389"/>
							<String ID="string_48" HPOS="405" VPOS="249" WIDTH="42" HEIGHT="21" WC="0.96" CONTENT="bör"/><SP WIDTH="16" VPOS="249" HPOS="447"/>
							<String ID="string_49" HPOS="463" VPOS="256" WIDTH="52" HEIGHT="14" WC="0.96" CONTENT="man"/><SP WIDTH="16" VPOS="256" HPOS="515"/>
							<String ID="string_50" HPOS="531" VPOS="248" WIDTH="68" HEIGHT="22" WC="0.96" CONTENT="hafva"/><SP WIDTH="15" VPOS="248" HPOS="599"/>
							<String ID="string_51" HPOS="614" VPOS="249" WIDTH="34" HEIGHT="21" WC="0.96" CONTENT="till"/><SP WIDTH="16" VPOS="249" HPOS="648"/>
							<String ID="string_52" HPOS="664" VPOS="249" WIDTH="87" HEIGHT="22" WC="0.96" CONTENT="landets"/><SP WIDTH="16" VPOS="249" HPOS="751"/>
							<String ID="string_53" HPOS="767" VPOS="248" WIDTH="90" HEIGHT="22" WC="0.96" CONTENT="ständer"/><SP WIDTH="8" VPOS="248" HPOS="857"/>
							<String ID="string_54" HPOS="865" VPOS="248" WIDTH="43" HEIGHT="22" WC="0.96" CONTENT="och"/><SP WIDTH="12" VPOS="248" HPOS="908"/>
							<String ID="string_55" HPOS="920" VPOS="248" WIDTH="43" HEIGHT="22" WC="0.96" CONTENT="den"/><SP WIDTH="11" VPOS="248" HPOS="963"/>
							<String ID="string_56" HPOS="974" VPOS="248" WIDTH="43" HEIGHT="27" WC="0.96" CONTENT="lag,"/>
						</TextLine>
						<TextLine ID="line_6" HPOS="195" VPOS="278" WIDTH="824" HEIGHT="28">
							<String ID="string_57" HPOS="195" VPOS="285" WIDTH="47" HEIGHT="15" WC="0.96" CONTENT="som"/><SP WIDTH="27" VPOS="285" HPOS="242"/>
							<String ID="string_58" HPOS="269" VPOS="282" WIDTH="22" HEIGHT="18" WC="0.96" CONTENT="at"/><SP WIDTH="23" VPOS="282" HPOS="291"/>
							<String ID="string_59" HPOS="314" VPOS="279" WIDTH="120" HEIGHT="21" WC="0.92" CONTENT="ständerna"/><SP WIDTH="24" VPOS="279" HPOS="434"/>
							<String ID="string_60" HPOS="458" VPOS="278" WIDTH="72" HEIGHT="22" WC="0.92" CONTENT="stiftas"/><SP WIDTH="22" VPOS="278" HPOS="530"/>
							<String ID="string_61" HPOS="552" VPOS="278" WIDTH="38" HEIGHT="22" WC="0.93" CONTENT="för"/><SP WIDTH="21" VPOS="278" HPOS="590"/>
							<String ID="string_62" HPOS="611" VPOS="278" WIDTH="149" HEIGHT="23" WC="0.91" CONTENT="befordrande"/><SP WIDTH="22" VPOS="278" HPOS="760"/>
							<String ID="string_63" HPOS="782" VPOS="278" WIDTH="25" HEIGHT="22" WC="0.93" CONTENT="af"/><SP WIDTH="12" VPOS="278" HPOS="807"/>
							<String ID="string_64" HPOS="819" VPOS="278" WIDTH="160" HEIGHT="28" WC="0.91" CONTENT="nykterhetens"/><SP WIDTH="16" VPOS="278" HPOS="979"/>
							<String ID="string_65" HPOS="995" VPOS="278" WIDTH="24" HEIGHT="20" WC="0.96" CONTENT="så"/>
						</TextLine>
						<TextLine ID="line_7" HPOS="195" VPOS="308" WIDTH="822" HEIGHT="29">
							<String ID="string_66" HPOS="195" VPOS="310" WIDTH="81" HEIGHT="26" WC="0.96" CONTENT="ytterst"/><SP WIDTH="15" VPOS="310" HPOS="276"/>
							<String ID="string_67" HPOS="291" VPOS="308" WIDTH="171" HEIGHT="28" WC="0.96" CONTENT="betydelsefulla"/><SP WIDTH="16" VPOS="308" HPOS="462"/>
							<String ID="string_68" HPOS="478" VPOS="309" WIDTH="46" HEIGHT="21" WC="0.93" CONTENT="sak."/><SP WIDTH="31" VPOS="309" HPOS="524"/>
							<String ID="string_69" HPOS="555" VPOS="309" WIDTH="48" HEIGHT="21" WC="0.94" CONTENT="Här"/><SP WIDTH="16" VPOS="309" HPOS="603"/>
							<String ID="string_70" HPOS="619" VPOS="309" WIDTH="41" HEIGHT="21" WC="0.96" CONTENT="har"/><SP WIDTH="16" VPOS="309" HPOS="660"/>
							<String ID="string_71" HPOS="676" VPOS="309" WIDTH="81" HEIGHT="28" WC="0.96" CONTENT="tydligt"/><SP WIDTH="16" VPOS="309" HPOS="757"/>
							<String ID="string_72" HPOS="773" VPOS="308" WIDTH="42" HEIGHT="22" WC="0.96" CONTENT="och"/><SP WIDTH="14" VPOS="308" HPOS="815"/>
							<String ID="string_73" HPOS="829" VPOS="308" WIDTH="58" HEIGHT="22" WC="0.93" CONTENT="klart"/><SP WIDTH="10" VPOS="308" HPOS="887"/>
							<String ID="string_74" HPOS="897" VPOS="308" WIDTH="120" HEIGHT="28" WC="0.92" CONTENT="uppvisats,"/>
						</TextLine>
						<TextLine ID="line_8" HPOS="196" VPOS="338" WIDTH="823" HEIGHT="29">
							<String ID="string_75" HPOS="196" VPOS="339" WIDTH="31" HEIGHT="21" WC="0.95" CONTENT="att"/><SP WIDTH="25" VPOS="339" HPOS="227"/>
							<String ID="string_76" HPOS="252" VPOS="338" WIDTH="84" HEIGHT="22" WC="0.96" CONTENT="allmän"/><SP WIDTH="22" VPOS="338" HPOS="336"/>
							<String ID="string_77" HPOS="358" VPOS="339" WIDTH="38" HEIGHT="28" WC="0.96" CONTENT="lag"/><SP WIDTH="16" VPOS="339" HPOS="396"/>
							<String ID="string_78" HPOS="412" VPOS="339" WIDTH="70" HEIGHT="21" WC="0.96" CONTENT="redan"/><SP WIDTH="16" VPOS="339" HPOS="482"/>
							<String ID="string_79" HPOS="498" VPOS="338" WIDTH="117" HEIGHT="29" WC="0.96" CONTENT="förbjuder"/><SP WIDTH="17" VPOS="338" HPOS="615"/>
							<String ID="string_80" HPOS="632" VPOS="339" WIDTH="29" HEIGHT="21" WC="0.96" CONTENT="all"/><SP WIDTH="16" VPOS="339" HPOS="661"/>
							<String ID="string_81" HPOS="677" VPOS="338" WIDTH="136" HEIGHT="28" WC="0.96" CONTENT="försäljning"/><SP WIDTH="16" VPOS="338" HPOS="813"/>
							<String ID="string_82" HPOS="829" VPOS="338" WIDTH="25" HEIGHT="22" WC="0.96" CONTENT="af"/><SP WIDTH="12" VPOS="338" HPOS="854"/>
							<String ID="string_83" HPOS="866" VPOS="338" WIDTH="96" HEIGHT="22" WC="0.96" CONTENT="bränvin"/><SP WIDTH="15" VPOS="338" HPOS="962"/>
							<String ID="string_84" HPOS="977" VPOS="338" WIDTH="42" HEIGHT="21" WC="0.96" CONTENT="och"/>
						</TextLine>
						<TextLine ID="line_9" HPOS="197" VPOS="368" WIDTH="822" HEIGHT="29">
							<String ID="string_85" HPOS="197" VPOS="368" WIDTH="37" HEIGHT="22" WC="0.96" CONTENT="vin"/><SP WIDTH="24" VPOS="368" HPOS="234"/>
							<String ID="string_86" HPOS="258" VPOS="370" WIDTH="30" HEIGHT="27" WC="0.96" CONTENT="på"/><SP WIDTH="22" VPOS="370" HPOS="288"/>
							<String ID="string_87" HPOS="310" VPOS="368" WIDTH="162" HEIGHT="29" WC="0.95" CONTENT="landsbygden."/><SP WIDTH="33" VPOS="368" HPOS="472"/>
							<String ID="string_88" HPOS="505" VPOS="368" WIDTH="62" HEIGHT="22" WC="0.54" CONTENT="Skall"/><SP WIDTH="23" VPOS="368" HPOS="567"/>
							<String ID="string_89" HPOS="590" VPOS="376" WIDTH="53" HEIGHT="14" WC="0.96" CONTENT="man"/><SP WIDTH="23" VPOS="376" HPOS="643"/>
							<String ID="string_90" HPOS="666" VPOS="376" WIDTH="29" HEIGHT="14" WC="0.93" CONTENT="nu"/><SP WIDTH="24" VPOS="376" HPOS="695"/>
							<String ID="string_91" HPOS="719" VPOS="368" WIDTH="162" HEIGHT="22" WC="0.96" CONTENT="tillfredsställa"/><SP WIDTH="26" VPOS="368" HPOS="881"/>
							<String ID="string_92" HPOS="907" VPOS="368" WIDTH="58" HEIGHT="21" WC="0.93" CONTENT="blott"/><SP WIDTH="26" VPOS="368" HPOS="965"/>
							<String ID="string_93" HPOS="991" VPOS="374" WIDTH="28" HEIGHT="14" WC="0.96" CONTENT="en"/>
						</TextLine>
						<TextLine ID="line_10" HPOS="195" VPOS="398" WIDTH="824" HEIGHT="29">
							<String ID="string_94" HPOS="195" VPOS="398" WIDTH="45" HEIGHT="22" WC="0.96" CONTENT="viss"/><SP WIDTH="17" VPOS="398" HPOS="240"/>
							<String ID="string_95" HPOS="257" VPOS="398" WIDTH="43" HEIGHT="27" WC="0.96" CONTENT="idé,"/><SP WIDTH="16" VPOS="398" HPOS="300"/>
							<String ID="string_96" HPOS="316" VPOS="406" WIDTH="47" HEIGHT="14" WC="0.96" CONTENT="som"/><SP WIDTH="21" VPOS="406" HPOS="363"/>
							<String ID="string_97" HPOS="384" VPOS="402" WIDTH="40" HEIGHT="25" WC="0.96" CONTENT="gör"/><SP WIDTH="16" VPOS="402" HPOS="424"/>
							<String ID="string_98" HPOS="440" VPOS="399" WIDTH="35" HEIGHT="28" WC="0.96" CONTENT="sig"/><SP WIDTH="16" VPOS="399" HPOS="475"/>
							<String ID="string_99" HPOS="491" VPOS="399" WIDTH="104" HEIGHT="28" WC="0.96" CONTENT="gällande"/><SP WIDTH="17" VPOS="399" HPOS="595"/>
							<String ID="string_100" HPOS="612" VPOS="399" WIDTH="61" HEIGHT="21" WC="0.96" CONTENT="inom"/><SP WIDTH="15" VPOS="399" HPOS="673"/>
							<String ID="string_101" HPOS="688" VPOS="399" WIDTH="60" HEIGHT="21" WC="0.93" CONTENT="vissa"/><SP WIDTH="15" VPOS="399" HPOS="748"/>
							<String ID="string_102" HPOS="763" VPOS="398" WIDTH="107" HEIGHT="22" WC="0.92" CONTENT="kotterier"/><SP WIDTH="15" VPOS="398" HPOS="870"/>
							<String ID="string_103" HPOS="885" VPOS="398" WIDTH="69" HEIGHT="21" WC="0.96" CONTENT="bland"/><SP WIDTH="15" VPOS="398" HPOS="954"/>
							<String ID="string_104" HPOS="969" VPOS="398" WIDTH="50" HEIGHT="21" WC="0.96" CONTENT="vårt"/>
						</TextLine>
						<TextLine ID="line_11" HPOS="196" VPOS="427" WIDTH="823" HEIGHT="29">
							<String ID="string_105" HPOS="196" VPOS="427" WIDTH="52" HEIGHT="27" WC="0.96" CONTENT="folk,"/><SP WIDTH="26" VPOS="427" HPOS="248"/>
							<String ID="string_106" HPOS="274" VPOS="428" WIDTH="56" HEIGHT="22" WC="0.96" CONTENT="skall"/><SP WIDTH="23" VPOS="428" HPOS="330"/>
							<String ID="string_107" HPOS="353" VPOS="436" WIDTH="53" HEIGHT="14" WC="0.96" CONTENT="man"/><SP WIDTH="23" VPOS="436" HPOS="406"/>
							<String ID="string_108" HPOS="429" VPOS="429" WIDTH="55" HEIGHT="21" WC="0.96" CONTENT="söka"/><SP WIDTH="20" VPOS="429" HPOS="484"/>
							<String ID="string_109" HPOS="504" VPOS="429" WIDTH="72" HEIGHT="21" WC="0.96" CONTENT="rubba"/><SP WIDTH="24" VPOS="429" HPOS="576"/>
							<String ID="string_110" HPOS="600" VPOS="429" WIDTH="42" HEIGHT="21" WC="0.96" CONTENT="den"/><SP WIDTH="24" VPOS="429" HPOS="642"/>
							<String ID="string_111" HPOS="666" VPOS="428" WIDTH="89" HEIGHT="27" WC="0.95" CONTENT="fasthet,"/><SP WIDTH="17" VPOS="428" HPOS="755"/>
							<String ID="string_112" HPOS="772" VPOS="435" WIDTH="47" HEIGHT="15" WC="0.96" CONTENT="som"/><SP WIDTH="16" VPOS="435" HPOS="819"/>
							<String ID="string_113" HPOS="835" VPOS="428" WIDTH="73" HEIGHT="28" WC="0.96" CONTENT="ligger"/><SP WIDTH="15" VPOS="428" HPOS="908"/>
							<String ID="string_114" HPOS="923" VPOS="428" WIDTH="8" HEIGHT="21" WC="0.96" CONTENT="i"/><SP WIDTH="16" VPOS="428" HPOS="931"/>
							<String ID="string_115" HPOS="947" VPOS="428" WIDTH="72" HEIGHT="21" WC="0.96" CONTENT="denna"/>
						</TextLine>
						<TextLine ID="line_12" HPOS="195" VPOS="458" WIDTH="823" HEIGHT="29">
							<String ID="string_116" HPOS="195" VPOS="458" WIDTH="45" HEIGHT="28" WC="0.94" CONTENT="lag,"/><SP WIDTH="22" VPOS="458" HPOS="240"/>
							<String ID="string_117" HPOS="262" VPOS="458" WIDTH="35" HEIGHT="22" WC="0.96" CONTENT="för"/><SP WIDTH="16" VPOS="458" HPOS="297"/>
							<String ID="string_118" HPOS="313" VPOS="460" WIDTH="33" HEIGHT="20" WC="0.95" CONTENT="att"/><SP WIDTH="14" VPOS="460" HPOS="346"/>
							<String ID="string_119" HPOS="360" VPOS="459" WIDTH="8" HEIGHT="21" WC="0.95" CONTENT="i"/><SP WIDTH="16" VPOS="459" HPOS="368"/>
							<String ID="string_120" HPOS="384" VPOS="459" WIDTH="80" HEIGHT="26" WC="0.96" CONTENT="stället,"/><SP WIDTH="17" VPOS="459" HPOS="464"/>
							<String ID="string_121" HPOS="481" VPOS="460" WIDTH="72" HEIGHT="20" WC="0.96" CONTENT="såsom"/><SP WIDTH="14" VPOS="460" HPOS="553"/>
							<String ID="string_122" HPOS="567" VPOS="459" WIDTH="40" HEIGHT="28" WC="0.95" CONTENT="jag"/><SP WIDTH="16" VPOS="459" HPOS="607"/>
							<String ID="string_123" HPOS="623" VPOS="459" WIDTH="70" HEIGHT="21" WC="0.96" CONTENT="redan"/><SP WIDTH="16" VPOS="459" HPOS="693"/>
							<String ID="string_124" HPOS="709" VPOS="458" WIDTH="103" HEIGHT="26" WC="0.95" CONTENT="nämnde,"/><SP WIDTH="17" VPOS="458" HPOS="812"/>
							<String ID="string_125" HPOS="829" VPOS="461" WIDTH="56" HEIGHT="25" WC="0.93" CONTENT="göra"/><SP WIDTH="13" VPOS="461" HPOS="885"/>
							<String ID="string_126" HPOS="898" VPOS="458" WIDTH="120" HEIGHT="28" WC="0.91" CONTENT="nykterhe-"/>
						</TextLine>
						<TextLine ID="line_13" HPOS="195" VPOS="487" WIDTH="823" HEIGHT="30">
							<String ID="string_127" HPOS="195" VPOS="489" WIDTH="49" HEIGHT="21" WC="0.96" CONTENT="tens"/><SP WIDTH="24" VPOS="489" HPOS="244"/>
							<String ID="string_128" HPOS="268" VPOS="488" WIDTH="40" HEIGHT="22" WC="0.96" CONTENT="sak"/><SP WIDTH="22" VPOS="488" HPOS="308"/>
							<String ID="string_129" HPOS="330" VPOS="489" WIDTH="113" HEIGHT="21" WC="0.95" CONTENT="beroende"/><SP WIDTH="17" VPOS="489" HPOS="443"/>
							<String ID="string_130" HPOS="460" VPOS="488" WIDTH="24" HEIGHT="22" WC="0.96" CONTENT="af"/><SP WIDTH="14" VPOS="488" HPOS="484"/>
							<String ID="string_131" HPOS="498" VPOS="496" WIDTH="27" HEIGHT="14" WC="0.96" CONTENT="en"/><SP WIDTH="16" VPOS="496" HPOS="525"/>
							<String ID="string_132" HPOS="541" VPOS="488" WIDTH="99" HEIGHT="29" WC="0.96" CONTENT="tillfällig"/><SP WIDTH="15" VPOS="488" HPOS="640"/>
							<String ID="string_133" HPOS="655" VPOS="489" WIDTH="113" HEIGHT="28" WC="0.96" CONTENT="majoritet"/><SP WIDTH="15" VPOS="489" HPOS="768"/>
							<String ID="string_134" HPOS="783" VPOS="488" WIDTH="39" HEIGHT="22" WC="0.96" CONTENT="vid"/><SP WIDTH="16" VPOS="488" HPOS="822"/>
							<String ID="string_135" HPOS="838" VPOS="495" WIDTH="27" HEIGHT="15" WC="0.93" CONTENT="en"/><SP WIDTH="16" VPOS="495" HPOS="865"/>
							<String ID="string_136" HPOS="881" VPOS="487" WIDTH="137" HEIGHT="22" WC="0.89" CONTENT="kommunal-"/>
						</TextLine>
						<TextLine ID="line_14" HPOS="196" VPOS="517" WIDTH="823" HEIGHT="30">
							<String ID="string_137" HPOS="196" VPOS="518" WIDTH="108" HEIGHT="22" WC="0.96" CONTENT="stämma?"/><SP WIDTH="32" VPOS="518" HPOS="304"/>
							<String ID="string_138" HPOS="336" VPOS="518" WIDTH="44" HEIGHT="29" WC="0.96" CONTENT="Jag"/><SP WIDTH="16" VPOS="518" HPOS="380"/>
							<String ID="string_139" HPOS="396" VPOS="520" WIDTH="70" HEIGHT="27" WC="0.96" CONTENT="vågar"/><SP WIDTH="16" VPOS="520" HPOS="466"/>
							<String ID="string_140" HPOS="482" VPOS="518" WIDTH="37" HEIGHT="22" WC="0.96" CONTENT="för"/><SP WIDTH="15" VPOS="518" HPOS="519"/>
							<String ID="string_141" HPOS="534" VPOS="519" WIDTH="47" HEIGHT="21" WC="0.96" CONTENT="min"/><SP WIDTH="16" VPOS="519" HPOS="581"/>
							<String ID="string_142" HPOS="597" VPOS="519" WIDTH="36" HEIGHT="21" WC="0.96" CONTENT="del"/><SP WIDTH="16" VPOS="519" HPOS="633"/>
							<String ID="string_143" HPOS="649" VPOS="519" WIDTH="50" HEIGHT="21" WC="0.96" CONTENT="icke"/><SP WIDTH="16" VPOS="519" HPOS="699"/>
							<String ID="string_144" HPOS="715" VPOS="520" WIDTH="54" HEIGHT="27" WC="0.96" CONTENT="taga"/><SP WIDTH="16" VPOS="520" HPOS="769"/>
							<String ID="string_145" HPOS="785" VPOS="518" WIDTH="60" HEIGHT="22" WC="0.96" CONTENT="detta"/><SP WIDTH="16" VPOS="518" HPOS="845"/>
							<String ID="string_146" HPOS="861" VPOS="519" WIDTH="49" HEIGHT="27" WC="0.96" CONTENT="steg"/><SP WIDTH="16" VPOS="519" HPOS="910"/>
							<String ID="string_147" HPOS="926" VPOS="518" WIDTH="41" HEIGHT="22" WC="0.96" CONTENT="och"/><SP WIDTH="12" VPOS="518" HPOS="967"/>
							<String ID="string_148" HPOS="979" VPOS="517" WIDTH="40" HEIGHT="29" WC="0.96" CONTENT="jag"/>
						</TextLine>
						<TextLine ID="line_15" HPOS="196" VPOS="547" WIDTH="823" HEIGHT="31">
							<String ID="string_149" HPOS="196" VPOS="555" WIDTH="82" HEIGHT="14" WC="0.95" CONTENT="varnar"/><SP WIDTH="16" VPOS="555" HPOS="278"/>
							<String ID="string_150" HPOS="294" VPOS="548" WIDTH="50" HEIGHT="22" WC="0.95" CONTENT="mitt"/><SP WIDTH="15" VPOS="548" HPOS="344"/>
							<String ID="string_151" HPOS="359" VPOS="549" WIDTH="65" HEIGHT="21" WC="0.96" CONTENT="stånd"/><SP WIDTH="16" VPOS="549" HPOS="424"/>
							<String ID="string_152" HPOS="440" VPOS="548" WIDTH="50" HEIGHT="22" WC="0.96" CONTENT="från"/><SP WIDTH="16" VPOS="548" HPOS="490"/>
							<String ID="string_153" HPOS="506" VPOS="550" WIDTH="32" HEIGHT="20" WC="0.95" CONTENT="att"/><SP WIDTH="15" VPOS="550" HPOS="538"/>
							<String ID="string_154" HPOS="553" VPOS="552" WIDTH="56" HEIGHT="25" WC="0.95" CONTENT="göra"/><SP WIDTH="16" VPOS="552" HPOS="609"/>
							<String ID="string_155" HPOS="625" VPOS="549" WIDTH="43" HEIGHT="21" WC="0.96" CONTENT="det."/><SP WIDTH="24" VPOS="549" HPOS="668"/>
							<String ID="string_156" HPOS="692" VPOS="549" WIDTH="45" HEIGHT="29" WC="0.96" CONTENT="Jag"/><SP WIDTH="14" VPOS="549" HPOS="737"/>
							<String ID="string_157" HPOS="751" VPOS="548" WIDTH="39" HEIGHT="22" WC="0.96" CONTENT="vill"/><SP WIDTH="17" VPOS="548" HPOS="790"/>
							<String ID="string_158" HPOS="807" VPOS="548" WIDTH="68" HEIGHT="22" WC="0.96" CONTENT="hafva"/><SP WIDTH="15" VPOS="548" HPOS="875"/>
							<String ID="string_159" HPOS="890" VPOS="548" WIDTH="77" HEIGHT="28" WC="0.96" CONTENT="styrka"/><SP WIDTH="10" VPOS="548" HPOS="967"/>
							<String ID="string_160" HPOS="977" VPOS="547" WIDTH="42" HEIGHT="22" WC="0.96" CONTENT="och"/>
						</TextLine>
						<TextLine ID="line_16" HPOS="196" VPOS="577" WIDTH="823" HEIGHT="30">
							<String ID="string_161" HPOS="196" VPOS="577" WIDTH="88" HEIGHT="27" WC="0.96" CONTENT="fasthet,"/><SP WIDTH="22" VPOS="577" HPOS="284"/>
							<String ID="string_162" HPOS="306" VPOS="586" WIDTH="52" HEIGHT="14" WC="0.95" CONTENT="men"/><SP WIDTH="22" VPOS="586" HPOS="358"/>
							<String ID="string_163" HPOS="380" VPOS="579" WIDTH="74" HEIGHT="21" WC="0.95" CONTENT="älskar"/><SP WIDTH="15" VPOS="579" HPOS="454"/>
							<String ID="string_164" HPOS="469" VPOS="579" WIDTH="50" HEIGHT="21" WC="0.96" CONTENT="icke"/><SP WIDTH="16" VPOS="579" HPOS="519"/>
							<String ID="string_165" HPOS="535" VPOS="579" WIDTH="100" HEIGHT="28" WC="0.96" CONTENT="svaghet,"/><SP WIDTH="18" VPOS="579" HPOS="635"/>
							<String ID="string_166" HPOS="653" VPOS="580" WIDTH="41" HEIGHT="20" WC="0.96" CONTENT="och"/><SP WIDTH="17" VPOS="580" HPOS="694"/>
							<String ID="string_167" HPOS="711" VPOS="580" WIDTH="37" HEIGHT="21" WC="0.96" CONTENT="det"/><SP WIDTH="15" VPOS="580" HPOS="748"/>
							<String ID="string_168" HPOS="763" VPOS="585" WIDTH="54" HEIGHT="15" WC="0.96" CONTENT="vore"/><SP WIDTH="16" VPOS="585" HPOS="817"/>
							<String ID="string_169" HPOS="833" VPOS="585" WIDTH="28" HEIGHT="15" WC="0.96" CONTENT="en"/><SP WIDTH="16" VPOS="585" HPOS="861"/>
							<String ID="string_170" HPOS="877" VPOS="585" WIDTH="55" HEIGHT="21" WC="0.96" CONTENT="svag"/><SP WIDTH="15" VPOS="585" HPOS="932"/>
							<String ID="string_171" HPOS="947" VPOS="578" WIDTH="72" HEIGHT="28" WC="0.96" CONTENT="grund"/>
						</TextLine>
						<TextLine ID="line_17" HPOS="196" VPOS="607" WIDTH="822" HEIGHT="30">
							<String ID="string_172" HPOS="196" VPOS="607" WIDTH="38" HEIGHT="23" WC="0.92" CONTENT="för"/><SP WIDTH="16" VPOS="607" HPOS="234"/>
							<String ID="string_173" HPOS="250" VPOS="608" WIDTH="159" HEIGHT="28" WC="0.91" CONTENT="nykterhetens"/><SP WIDTH="15" VPOS="608" HPOS="409"/>
							<String ID="string_174" HPOS="424" VPOS="609" WIDTH="88" HEIGHT="28" WC="0.90" CONTENT="vigtiga"/><SP WIDTH="16" VPOS="609" HPOS="512"/>
							<String ID="string_175" HPOS="528" VPOS="609" WIDTH="46" HEIGHT="26" WC="0.96" CONTENT="sak,"/><SP WIDTH="17" VPOS="609" HPOS="574"/>
							<String ID="string_176" HPOS="591" VPOS="616" WIDTH="36" HEIGHT="14" WC="0.96" CONTENT="om"/><SP WIDTH="17" VPOS="616" HPOS="627"/>
							<String ID="string_177" HPOS="644" VPOS="616" WIDTH="52" HEIGHT="14" WC="0.96" CONTENT="man"/><SP WIDTH="16" VPOS="616" HPOS="696"/>
							<String ID="string_178" HPOS="712" VPOS="609" WIDTH="53" HEIGHT="21" WC="0.96" CONTENT="ville"/><SP WIDTH="16" VPOS="609" HPOS="765"/>
							<String ID="string_179" HPOS="781" VPOS="611" WIDTH="55" HEIGHT="26" WC="0.96" CONTENT="göra"/><SP WIDTH="11" VPOS="611" HPOS="836"/>
							<String ID="string_180" HPOS="847" VPOS="608" WIDTH="43" HEIGHT="22" WC="0.96" CONTENT="den"/><SP WIDTH="10" VPOS="608" HPOS="890"/>
							<String ID="string_181" HPOS="900" VPOS="607" WIDTH="118" HEIGHT="27" WC="0.96" CONTENT="beroende,"/>
						</TextLine>
						<TextLine ID="line_18" HPOS="196" VPOS="638" WIDTH="822" HEIGHT="29">
							<String ID="string_182" HPOS="196" VPOS="639" WIDTH="73" HEIGHT="21" WC="0.96" CONTENT="såsom"/><SP WIDTH="14" VPOS="639" HPOS="269"/>
							<String ID="string_183" HPOS="283" VPOS="638" WIDTH="41" HEIGHT="28" WC="0.96" CONTENT="jag"/><SP WIDTH="15" VPOS="638" HPOS="324"/>
							<String ID="string_184" HPOS="339" VPOS="639" WIDTH="103" HEIGHT="26" WC="0.95" CONTENT="nämnde,"/><SP WIDTH="18" VPOS="639" HPOS="442"/>
							<String ID="string_185" HPOS="460" VPOS="638" WIDTH="25" HEIGHT="22" WC="0.96" CONTENT="af"/><SP WIDTH="13" VPOS="638" HPOS="485"/>
							<String ID="string_186" HPOS="498" VPOS="646" WIDTH="28" HEIGHT="14" WC="0.96" CONTENT="en"/><SP WIDTH="16" VPOS="646" HPOS="526"/>
							<String ID="string_187" HPOS="542" VPOS="638" WIDTH="101" HEIGHT="29" WC="0.96" CONTENT="tillfällig"/><SP WIDTH="16" VPOS="638" HPOS="643"/>
							<String ID="string_188" HPOS="659" VPOS="639" WIDTH="113" HEIGHT="28" WC="0.96" CONTENT="majoritet"/><SP WIDTH="15" VPOS="639" HPOS="772"/>
							<String ID="string_189" HPOS="787" VPOS="639" WIDTH="39" HEIGHT="21" WC="0.96" CONTENT="vid"/><SP WIDTH="15" VPOS="639" HPOS="826"/>
							<String ID="string_190" HPOS="841" VPOS="646" WIDTH="28" HEIGHT="14" WC="0.93" CONTENT="en"/><SP WIDTH="11" VPOS="646" HPOS="869"/>
							<String ID="string_191" HPOS="880" VPOS="638" WIDTH="138" HEIGHT="22" WC="0.91" CONTENT="kommunal-"/>
						</TextLine>
						<TextLine ID="line_19" HPOS="196" VPOS="668" WIDTH="823" HEIGHT="30">
							<String ID="string_192" HPOS="196" VPOS="669" WIDTH="101" HEIGHT="21" WC="0.96" CONTENT="stämma."/><SP WIDTH="32" VPOS="669" HPOS="297"/>
							<String ID="string_193" HPOS="329" VPOS="668" WIDTH="37" HEIGHT="22" WC="0.93" CONTENT="Må"/><SP WIDTH="16" VPOS="668" HPOS="366"/>
							<String ID="string_194" HPOS="382" VPOS="676" WIDTH="51" HEIGHT="14" WC="0.96" CONTENT="man"/><SP WIDTH="17" VPOS="676" HPOS="433"/>
							<String ID="string_195" HPOS="450" VPOS="669" WIDTH="68" HEIGHT="21" WC="0.96" CONTENT="också"/><SP WIDTH="15" VPOS="669" HPOS="518"/>
							<String ID="string_196" HPOS="533" VPOS="669" WIDTH="90" HEIGHT="21" WC="0.96" CONTENT="komma"/><SP WIDTH="17" VPOS="669" HPOS="623"/>
							<String ID="string_197" HPOS="640" VPOS="669" WIDTH="6" HEIGHT="21" WC="0.96" CONTENT="i"/><SP WIDTH="17" VPOS="669" HPOS="646"/>
							<String ID="string_198" HPOS="663" VPOS="670" WIDTH="51" HEIGHT="28" WC="0.96" CONTENT="håg,"/><SP WIDTH="17" VPOS="670" HPOS="714"/>
							<String ID="string_199" HPOS="731" VPOS="669" WIDTH="91" HEIGHT="21" WC="0.96" CONTENT="hvilken"/><SP WIDTH="17" VPOS="669" HPOS="822"/>
							<String ID="string_200" HPOS="839" VPOS="668" WIDTH="42" HEIGHT="22" WC="0.91" CONTENT="roll"/><SP WIDTH="10" VPOS="668" HPOS="881"/>
							<String ID="string_201" HPOS="891" VPOS="668" WIDTH="128" HEIGHT="29" WC="0.91" CONTENT="penningen"/>
						</TextLine>
						<TextLine ID="line_20" HPOS="196" VPOS="698" WIDTH="823" HEIGHT="29">
							<String ID="string_202" HPOS="196" VPOS="698" WIDTH="63" HEIGHT="21" WC="0.96" CONTENT="alltid"/><SP WIDTH="25" VPOS="698" HPOS="259"/>
							<String ID="string_203" HPOS="284" VPOS="698" WIDTH="70" HEIGHT="28" WC="0.96" CONTENT="spelat"/><SP WIDTH="24" VPOS="698" HPOS="354"/>
							<String ID="string_204" HPOS="378" VPOS="699" WIDTH="42" HEIGHT="21" WC="0.96" CONTENT="och"/><SP WIDTH="21" VPOS="699" HPOS="420"/>
							<String ID="string_205" HPOS="441" VPOS="699" WIDTH="74" HEIGHT="28" WC="0.96" CONTENT="spelar"/><SP WIDTH="18" VPOS="699" HPOS="515"/>
							<String ID="string_206" HPOS="533" VPOS="699" WIDTH="69" HEIGHT="21" WC="0.93" CONTENT="bland"/><SP WIDTH="16" VPOS="699" HPOS="602"/>
							<String ID="string_207" HPOS="618" VPOS="699" WIDTH="165" HEIGHT="21" WC="0.92" CONTENT="menniskorna."/><SP WIDTH="32" VPOS="699" HPOS="783"/>
							<String ID="string_208" HPOS="815" VPOS="698" WIDTH="43" HEIGHT="22" WC="0.95" CONTENT="Om"/><SP WIDTH="15" VPOS="698" HPOS="858"/>
							<String ID="string_209" HPOS="873" VPOS="705" WIDTH="30" HEIGHT="14" WC="0.93" CONTENT="nu"/><SP WIDTH="16" VPOS="705" HPOS="903"/>
							<String ID="string_210" HPOS="919" VPOS="698" WIDTH="100" HEIGHT="21" WC="0.92" CONTENT="kommu-"/>
						</TextLine>
						<TextLine ID="line_21" HPOS="196" VPOS="728" WIDTH="823" HEIGHT="27">
							<String ID="string_211" HPOS="196" VPOS="735" WIDTH="70" HEIGHT="15" WC="0.95" CONTENT="nerna"/><SP WIDTH="16" VPOS="735" HPOS="266"/>
							<String ID="string_212" HPOS="282" VPOS="728" WIDTH="71" HEIGHT="22" WC="0.96" CONTENT="skulle"/><SP WIDTH="15" VPOS="728" HPOS="353"/>
							<String ID="string_213" HPOS="368" VPOS="728" WIDTH="24" HEIGHT="22" WC="0.96" CONTENT="få"/><SP WIDTH="14" VPOS="728" HPOS="392"/>
							<String ID="string_214" HPOS="406" VPOS="728" WIDTH="68" HEIGHT="22" WC="0.96" CONTENT="frihet"/><SP WIDTH="16" VPOS="728" HPOS="474"/>
							<String ID="string_215" HPOS="490" VPOS="730" WIDTH="32" HEIGHT="20" WC="0.96" CONTENT="att"/><SP WIDTH="15" VPOS="730" HPOS="522"/>
							<String ID="string_216" HPOS="537" VPOS="729" WIDTH="130" HEIGHT="26" WC="0.96" CONTENT="bestämma,"/><SP WIDTH="17" VPOS="729" HPOS="667"/>
							<String ID="string_217" HPOS="684" VPOS="729" WIDTH="111" HEIGHT="21" WC="0.96" CONTENT="huruvida"/><SP WIDTH="14" VPOS="729" HPOS="795"/>
							<String ID="string_218" HPOS="809" VPOS="728" WIDTH="103" HEIGHT="26" WC="0.96" CONTENT="bränvin,"/><SP WIDTH="16" VPOS="728" HPOS="912"/>
							<String ID="string_219" HPOS="928" VPOS="728" WIDTH="39" HEIGHT="21" WC="0.96" CONTENT="vin"/><SP WIDTH="11" VPOS="728" HPOS="967"/>
							<String ID="string_220" HPOS="978" VPOS="728" WIDTH="41" HEIGHT="21" WC="0.96" CONTENT="och"/>
						</TextLine>
						<TextLine ID="line_22" HPOS="196" VPOS="757" WIDTH="824" HEIGHT="30">
							<String ID="string_221" HPOS="196" VPOS="758" WIDTH="21" HEIGHT="21" WC="0.96" CONTENT="öl"/><SP WIDTH="24" VPOS="758" HPOS="217"/>
							<String ID="string_222" HPOS="241" VPOS="757" WIDTH="47" HEIGHT="22" WC="0.96" CONTENT="fritt"/><SP WIDTH="23" VPOS="757" HPOS="288"/>
							<String ID="string_223" HPOS="311" VPOS="757" WIDTH="27" HEIGHT="23" WC="0.96" CONTENT="få"/><SP WIDTH="20" VPOS="757" HPOS="338"/>
							<String ID="string_224" HPOS="358" VPOS="758" WIDTH="66" HEIGHT="29" WC="0.96" CONTENT="säljas"/><SP WIDTH="21" VPOS="758" HPOS="424"/>
							<String ID="string_225" HPOS="445" VPOS="759" WIDTH="2" HEIGHT="21" WC="0.96" CONTENT="i"/><SP WIDTH="16" VPOS="759" HPOS="447"/>
							<String ID="string_226" HPOS="463" VPOS="759" WIDTH="162" HEIGHT="22" WC="0.96" CONTENT="kommunerna"/><SP WIDTH="22" VPOS="759" HPOS="625"/>
							<String ID="string_227" HPOS="647" VPOS="759" WIDTH="54" HEIGHT="22" WC="0.93" CONTENT="eller"/><SP WIDTH="16" VPOS="759" HPOS="701"/>
							<String ID="string_228" HPOS="717" VPOS="759" WIDTH="27" HEIGHT="28" WC="0.96" CONTENT="ej,"/><SP WIDTH="17" VPOS="759" HPOS="744"/>
							<String ID="string_229" HPOS="761" VPOS="759" WIDTH="76" HEIGHT="22" WC="0.96" CONTENT="kunna"/><SP WIDTH="16" VPOS="759" HPOS="837"/>
							<String ID="string_230" HPOS="853" VPOS="758" WIDTH="22" HEIGHT="22" WC="0.96" CONTENT="vi"/><SP WIDTH="16" VPOS="758" HPOS="875"/>
							<String ID="string_231" HPOS="891" VPOS="765" WIDTH="54" HEIGHT="15" WC="0.96" CONTENT="vara"/><SP WIDTH="15" VPOS="765" HPOS="945"/>
							<String ID="string_232" HPOS="960" VPOS="758" WIDTH="60" HEIGHT="21" WC="0.96" CONTENT="vissa"/>
						</TextLine>
						<TextLine ID="line_23" HPOS="196" VPOS="788" WIDTH="823" HEIGHT="29">
							<String ID="string_233" HPOS="196" VPOS="789" WIDTH="29" HEIGHT="27" WC="0.96" CONTENT="på"/><SP WIDTH="23" VPOS="789" HPOS="225"/>
							<String ID="string_234" HPOS="248" VPOS="789" WIDTH="32" HEIGHT="20" WC="0.96" CONTENT="att"/><SP WIDTH="21" VPOS="789" HPOS="280"/>
							<String ID="string_235" HPOS="301" VPOS="789" WIDTH="37" HEIGHT="21" WC="0.93" CONTENT="det"/><SP WIDTH="20" VPOS="789" HPOS="338"/>
							<String ID="string_236" HPOS="358" VPOS="788" WIDTH="72" HEIGHT="29" WC="0.92" CONTENT="gifves"/><SP WIDTH="22" VPOS="788" HPOS="430"/>
							<String ID="string_237" HPOS="452" VPOS="796" WIDTH="27" HEIGHT="15" WC="0.97" CONTENT="en"/><SP WIDTH="16" VPOS="796" HPOS="479"/>
							<String ID="string_238" HPOS="495" VPOS="789" WIDTH="37" HEIGHT="22" WC="0.96" CONTENT="hel"/><SP WIDTH="15" VPOS="789" HPOS="532"/>
							<String ID="string_239" HPOS="547" VPOS="789" WIDTH="84" HEIGHT="28" WC="0.96" CONTENT="mängd"/><SP WIDTH="15" VPOS="789" HPOS="631"/>
							<String ID="string_240" HPOS="646" VPOS="797" WIDTH="113" HEIGHT="20" WC="0.95" CONTENT="personer,"/><SP WIDTH="17" VPOS="797" HPOS="759"/>
							<String ID="string_241" HPOS="776" VPOS="796" WIDTH="47" HEIGHT="15" WC="0.96" CONTENT="som"/><SP WIDTH="17" VPOS="796" HPOS="823"/>
							<String ID="string_242" HPOS="840" VPOS="789" WIDTH="70" HEIGHT="21" WC="0.96" CONTENT="skulle"/><SP WIDTH="17" VPOS="789" HPOS="910"/>
							<String ID="string_243" HPOS="927" VPOS="788" WIDTH="92" HEIGHT="28" WC="0.96" CONTENT="erbjuda"/>
						</TextLine>
						<TextLine ID="line_24" HPOS="196" VPOS="818" WIDTH="822" HEIGHT="29">
							<String ID="string_244" HPOS="196" VPOS="819" WIDTH="87" HEIGHT="27" WC="0.96" CONTENT="ganska"/><SP WIDTH="20" VPOS="819" HPOS="283"/>
							<String ID="string_245" HPOS="303" VPOS="819" WIDTH="59" HEIGHT="21" WC="0.96" CONTENT="stora"/><SP WIDTH="19" VPOS="819" HPOS="362"/>
							<String ID="string_246" HPOS="381" VPOS="825" WIDTH="99" HEIGHT="15" WC="0.96" CONTENT="summor"/><SP WIDTH="15" VPOS="825" HPOS="480"/>
							<String ID="string_247" HPOS="495" VPOS="818" WIDTH="38" HEIGHT="23" WC="0.96" CONTENT="för"/><SP WIDTH="15" VPOS="818" HPOS="533"/>
							<String ID="string_248" HPOS="548" VPOS="819" WIDTH="137" HEIGHT="28" WC="0.96" CONTENT="rättigheten"/><SP WIDTH="16" VPOS="819" HPOS="685"/>
							<String ID="string_249" HPOS="701" VPOS="820" WIDTH="32" HEIGHT="21" WC="0.96" CONTENT="att"/><SP WIDTH="16" VPOS="820" HPOS="733"/>
							<String ID="string_250" HPOS="749" VPOS="819" WIDTH="26" HEIGHT="21" WC="0.96" CONTENT="få"/><SP WIDTH="16" VPOS="819" HPOS="775"/>
							<String ID="string_251" HPOS="791" VPOS="819" WIDTH="56" HEIGHT="28" WC="0.96" CONTENT="sälja"/><SP WIDTH="16" VPOS="819" HPOS="847"/>
							<String ID="string_252" HPOS="863" VPOS="819" WIDTH="76" HEIGHT="28" WC="0.93" CONTENT="dylika"/><SP WIDTH="16" VPOS="819" HPOS="939"/>
							<String ID="string_253" HPOS="955" VPOS="818" WIDTH="63" HEIGHT="28" WC="0.92" CONTENT="dryc-"/>
						</TextLine>
						<TextLine ID="line_25" HPOS="196" VPOS="848" WIDTH="823" HEIGHT="29">
							<String ID="string_254" HPOS="196" VPOS="848" WIDTH="40" HEIGHT="21" WC="0.96" CONTENT="ker"/><SP WIDTH="22" VPOS="848" HPOS="236"/>
							<String ID="string_255" HPOS="258" VPOS="848" WIDTH="61" HEIGHT="22" WC="0.96" CONTENT="inom"/><SP WIDTH="20" VPOS="848" HPOS="319"/>
							<String ID="string_256" HPOS="339" VPOS="849" WIDTH="168" HEIGHT="22" WC="0.95" CONTENT="kommunerna."/><SP WIDTH="32" VPOS="849" HPOS="507"/>
							<String ID="string_257" HPOS="539" VPOS="849" WIDTH="48" HEIGHT="21" WC="0.96" CONTENT="Och"/><SP WIDTH="18" VPOS="849" HPOS="587"/>
							<String ID="string_258" HPOS="605" VPOS="849" WIDTH="57" HEIGHT="22" WC="0.96" CONTENT="huru"/><SP WIDTH="16" VPOS="849" HPOS="662"/>
							<String ID="string_259" HPOS="678" VPOS="850" WIDTH="55" HEIGHT="27" WC="0.96" CONTENT="högt"/><SP WIDTH="13" VPOS="850" HPOS="733"/>
							<String ID="string_260" HPOS="746" VPOS="849" WIDTH="41" HEIGHT="28" WC="0.96" CONTENT="jag"/><SP WIDTH="16" VPOS="849" HPOS="787"/>
							<String ID="string_261" HPOS="803" VPOS="852" WIDTH="28" HEIGHT="18" WC="0.96" CONTENT="än"/><SP WIDTH="16" VPOS="852" HPOS="831"/>
							<String ID="string_262" HPOS="847" VPOS="850" WIDTH="37" HEIGHT="20" WC="0.96" CONTENT="må"/><SP WIDTH="14" VPOS="850" HPOS="884"/>
							<String ID="string_263" HPOS="898" VPOS="848" WIDTH="69" HEIGHT="21" WC="0.96" CONTENT="tänka"/><SP WIDTH="16" VPOS="848" HPOS="967"/>
							<String ID="string_264" HPOS="983" VPOS="855" WIDTH="36" HEIGHT="14" WC="0.96" CONTENT="om"/>
						</TextLine>
						<TextLine ID="line_26" HPOS="195" VPOS="878" WIDTH="824" HEIGHT="29">
							<String ID="string_265" HPOS="195" VPOS="878" WIDTH="174" HEIGHT="22" WC="0.94" CONTENT="kommunernas"/><SP WIDTH="23" VPOS="878" HPOS="369"/>
							<String ID="string_266" HPOS="392" VPOS="879" WIDTH="152" HEIGHT="26" WC="0.96" CONTENT="medlemmar,"/><SP WIDTH="23" VPOS="879" HPOS="544"/>
							<String ID="string_267" HPOS="567" VPOS="879" WIDTH="6" HEIGHT="21" WC="0.96" CONTENT="i"/><SP WIDTH="22" VPOS="879" HPOS="573"/>
							<String ID="string_268" HPOS="595" VPOS="879" WIDTH="122" HEIGHT="28" WC="0.96" CONTENT="synnerhet"/><SP WIDTH="18" VPOS="879" HPOS="717"/>
							<String ID="string_269" HPOS="735" VPOS="880" WIDTH="31" HEIGHT="27" WC="0.96" CONTENT="på"/><SP WIDTH="15" VPOS="880" HPOS="766"/>
							<String ID="string_270" HPOS="781" VPOS="879" WIDTH="82" HEIGHT="26" WC="0.95" CONTENT="landet,"/><SP WIDTH="17" VPOS="879" HPOS="863"/>
							<String ID="string_271" HPOS="880" VPOS="880" WIDTH="24" HEIGHT="19" WC="0.96" CONTENT="så"/><SP WIDTH="15" VPOS="880" HPOS="904"/>
							<String ID="string_272" HPOS="919" VPOS="879" WIDTH="46" HEIGHT="20" WC="0.96" CONTENT="tror"/><SP WIDTH="14" VPOS="879" HPOS="965"/>
							<String ID="string_273" HPOS="979" VPOS="878" WIDTH="40" HEIGHT="28" WC="0.96" CONTENT="jag"/>
						</TextLine>
						<TextLine ID="line_27" HPOS="196" VPOS="907" WIDTH="822" HEIGHT="30">
							<String ID="string_274" HPOS="196" VPOS="907" WIDTH="57" HEIGHT="22" WC="0.96" CONTENT="dock"/><SP WIDTH="17" VPOS="907" HPOS="253"/>
							<String ID="string_275" HPOS="270" VPOS="908" WIDTH="54" HEIGHT="21" WC="0.96" CONTENT="visst"/><SP WIDTH="16" VPOS="908" HPOS="324"/>
							<String ID="string_276" HPOS="340" VPOS="909" WIDTH="41" HEIGHT="21" WC="0.96" CONTENT="och"/><SP WIDTH="16" VPOS="909" HPOS="381"/>
							<String ID="string_277" HPOS="397" VPOS="908" WIDTH="49" HEIGHT="27" WC="0.96" CONTENT="fast,"/><SP WIDTH="18" VPOS="908" HPOS="446"/>
							<String ID="string_278" HPOS="464" VPOS="910" WIDTH="32" HEIGHT="20" WC="0.96" CONTENT="att"/><SP WIDTH="16" VPOS="910" HPOS="496"/>
							<String ID="string_279" HPOS="512" VPOS="910" WIDTH="31" HEIGHT="20" WC="0.96" CONTENT="ett"/><SP WIDTH="16" VPOS="910" HPOS="543"/>
							<String ID="string_280" HPOS="559" VPOS="909" WIDTH="85" HEIGHT="28" WC="0.96" CONTENT="ganska"/><SP WIDTH="16" VPOS="909" HPOS="644"/>
							<String ID="string_281" HPOS="660" VPOS="910" WIDTH="56" HEIGHT="21" WC="0.96" CONTENT="stort"/><SP WIDTH="15" VPOS="910" HPOS="716"/>
							<String ID="string_282" HPOS="731" VPOS="909" WIDTH="62" HEIGHT="22" WC="0.96" CONTENT="antal"/><SP WIDTH="14" VPOS="909" HPOS="793"/>
							<String ID="string_283" HPOS="807" VPOS="909" WIDTH="130" HEIGHT="21" WC="0.96" CONTENT="kommuner"/><SP WIDTH="12" VPOS="909" HPOS="937"/>
							<String ID="string_284" HPOS="949" VPOS="908" WIDTH="69" HEIGHT="21" WC="0.96" CONTENT="skulle"/>
						</TextLine>
						<TextLine ID="line_28" HPOS="195" VPOS="937" WIDTH="823" HEIGHT="30">
							<String ID="string_285" HPOS="195" VPOS="937" WIDTH="54" HEIGHT="22" WC="0.93" CONTENT="falla"/><SP WIDTH="22" VPOS="937" HPOS="249"/>
							<String ID="string_286" HPOS="271" VPOS="938" WIDTH="55" HEIGHT="21" WC="0.95" CONTENT="offer"/><SP WIDTH="24" VPOS="938" HPOS="326"/>
							<String ID="string_287" HPOS="350" VPOS="938" WIDTH="37" HEIGHT="22" WC="0.95" CONTENT="för"/><SP WIDTH="24" VPOS="938" HPOS="387"/>
							<String ID="string_288" HPOS="411" VPOS="939" WIDTH="73" HEIGHT="21" WC="0.95" CONTENT="denna"/><SP WIDTH="20" VPOS="939" HPOS="484"/>
							<String ID="string_289" HPOS="504" VPOS="938" WIDTH="106" HEIGHT="23" WC="0.93" CONTENT="frestelse."/><SP WIDTH="33" VPOS="938" HPOS="610"/>
							<String ID="string_290" HPOS="643" VPOS="939" WIDTH="44" HEIGHT="28" WC="0.96" CONTENT="Jag"/><SP WIDTH="23" VPOS="939" HPOS="687"/>
							<String ID="string_291" HPOS="710" VPOS="939" WIDTH="75" HEIGHT="22" WC="0.96" CONTENT="kunde"/><SP WIDTH="23" VPOS="939" HPOS="785"/>
							<String ID="string_292" HPOS="808" VPOS="939" WIDTH="77" HEIGHT="21" WC="0.96" CONTENT="bevisa"/><SP WIDTH="24" VPOS="939" HPOS="885"/>
							<String ID="string_293" HPOS="909" VPOS="938" WIDTH="37" HEIGHT="21" WC="0.96" CONTENT="det"/><SP WIDTH="21" VPOS="938" HPOS="946"/>
							<String ID="string_294" HPOS="967" VPOS="938" WIDTH="51" HEIGHT="21" WC="0.96" CONTENT="med"/>
						</TextLine>
						<TextLine ID="line_29" HPOS="195" VPOS="968" WIDTH="823" HEIGHT="29">
							<String ID="string_295" HPOS="195" VPOS="968" WIDTH="102" HEIGHT="28" WC="0.96" CONTENT="exempel"/><SP WIDTH="15" VPOS="968" HPOS="297"/>
							<String ID="string_296" HPOS="312" VPOS="975" WIDTH="27" HEIGHT="14" WC="0.96" CONTENT="ur"/><SP WIDTH="10" VPOS="975" HPOS="339"/>
							<String ID="string_297" HPOS="349" VPOS="969" WIDTH="47" HEIGHT="20" WC="0.96" CONTENT="min"/><SP WIDTH="11" VPOS="969" HPOS="396"/>
							<String ID="string_298" HPOS="407" VPOS="968" WIDTH="133" HEIGHT="27" WC="0.96" CONTENT="erfarenhet,"/><SP WIDTH="12" VPOS="968" HPOS="540"/>
							<String ID="string_299" HPOS="552" VPOS="975" WIDTH="52" HEIGHT="15" WC="0.95" CONTENT="men"/><SP WIDTH="9" VPOS="975" HPOS="604"/>
							<String ID="string_300" HPOS="613" VPOS="969" WIDTH="40" HEIGHT="28" WC="0.95" CONTENT="jag"/><SP WIDTH="11" VPOS="969" HPOS="653"/>
							<String ID="string_301" HPOS="664" VPOS="969" WIDTH="40" HEIGHT="21" WC="0.96" CONTENT="vill"/><SP WIDTH="11" VPOS="969" HPOS="704"/>
							<String ID="string_302" HPOS="715" VPOS="969" WIDTH="50" HEIGHT="22" WC="0.96" CONTENT="icke"/><SP WIDTH="12" VPOS="969" HPOS="765"/>
							<String ID="string_303" HPOS="777" VPOS="972" WIDTH="55" HEIGHT="25" WC="0.96" CONTENT="göra"/><SP WIDTH="11" VPOS="972" HPOS="832"/>
							<String ID="string_304" HPOS="843" VPOS="969" WIDTH="42" HEIGHT="21" WC="0.92" CONTENT="det."/><SP WIDTH="26" VPOS="969" HPOS="885"/>
							<String ID="string_305" HPOS="911" VPOS="968" WIDTH="44" HEIGHT="21" WC="0.95" CONTENT="Det"/><SP WIDTH="10" VPOS="968" HPOS="955"/>
							<String ID="string_306" HPOS="965" VPOS="975" WIDTH="53" HEIGHT="14" WC="0.96" CONTENT="vore"/>
						</TextLine>
						<TextLine ID="line_30" HPOS="196" VPOS="997" WIDTH="822" HEIGHT="30">
							<String ID="string_307" HPOS="196" VPOS="999" WIDTH="32" HEIGHT="20" WC="0.96" CONTENT="ett"/><SP WIDTH="16" VPOS="999" HPOS="228"/>
							<String ID="string_308" HPOS="244" VPOS="998" WIDTH="128" HEIGHT="29" WC="0.96" CONTENT="ödesdigert"/><SP WIDTH="15" VPOS="998" HPOS="372"/>
							<String ID="string_309" HPOS="387" VPOS="998" WIDTH="79" HEIGHT="27" WC="0.95" CONTENT="beslut,"/><SP WIDTH="18" VPOS="998" HPOS="466"/>
							<String ID="string_310" HPOS="484" VPOS="1005" WIDTH="36" HEIGHT="15" WC="0.96" CONTENT="om"/><SP WIDTH="16" VPOS="1005" HPOS="520"/>
							<String ID="string_311" HPOS="536" VPOS="999" WIDTH="88" HEIGHT="21" WC="0.96" CONTENT="ståndet"/><SP WIDTH="15" VPOS="999" HPOS="624"/>
							<String ID="string_312" HPOS="639" VPOS="999" WIDTH="53" HEIGHT="22" WC="0.96" CONTENT="ville"/><SP WIDTH="16" VPOS="999" HPOS="692"/>
							<String ID="string_313" HPOS="708" VPOS="1000" WIDTH="29" HEIGHT="27" WC="0.95" CONTENT="gå"/><SP WIDTH="16" VPOS="1000" HPOS="737"/>
							<String ID="string_314" HPOS="753" VPOS="999" WIDTH="24" HEIGHT="21" WC="0.96" CONTENT="in"/><SP WIDTH="10" VPOS="999" HPOS="777"/>
							<String ID="string_315" HPOS="787" VPOS="1000" WIDTH="29" HEIGHT="27" WC="0.96" CONTENT="på"/><SP WIDTH="12" VPOS="1000" HPOS="816"/>
							<String ID="string_316" HPOS="828" VPOS="999" WIDTH="27" HEIGHT="21" WC="0.96" CONTENT="de"/><SP WIDTH="11" VPOS="999" HPOS="855"/>
							<String ID="string_317" HPOS="866" VPOS="997" WIDTH="93" HEIGHT="29" WC="0.96" CONTENT="förslag,"/><SP WIDTH="12" VPOS="997" HPOS="959"/>
							<String ID="string_318" HPOS="971" VPOS="1005" WIDTH="47" HEIGHT="14" WC="0.95" CONTENT="som"/>
						</TextLine>
						<TextLine ID="line_31" HPOS="194" VPOS="1027" WIDTH="824" HEIGHT="30">
							<String ID="string_319" HPOS="194" VPOS="1034" WIDTH="30" HEIGHT="15" WC="0.96" CONTENT="nu"/><SP WIDTH="16" VPOS="1034" HPOS="224"/>
							<String ID="string_320" HPOS="240" VPOS="1027" WIDTH="75" HEIGHT="22" WC="0.95" CONTENT="blifvit"/><SP WIDTH="23" VPOS="1027" HPOS="315"/>
							<String ID="string_321" HPOS="338" VPOS="1028" WIDTH="85" HEIGHT="28" WC="0.96" CONTENT="gjorda."/><SP WIDTH="32" VPOS="1028" HPOS="423"/>
							<String ID="string_322" HPOS="455" VPOS="1028" WIDTH="44" HEIGHT="29" WC="0.96" CONTENT="Jag"/><SP WIDTH="23" VPOS="1028" HPOS="499"/>
							<String ID="string_323" HPOS="522" VPOS="1029" WIDTH="46" HEIGHT="21" WC="0.96" CONTENT="tror"/><SP WIDTH="23" VPOS="1029" HPOS="568"/>
							<String ID="string_324" HPOS="591" VPOS="1029" WIDTH="89" HEIGHT="22" WC="0.96" CONTENT="ståndet"/><SP WIDTH="20" VPOS="1029" HPOS="680"/>
							<String ID="string_325" HPOS="700" VPOS="1029" WIDTH="71" HEIGHT="21" WC="0.96" CONTENT="skulle"/><SP WIDTH="16" VPOS="1029" HPOS="771"/>
							<String ID="string_326" HPOS="787" VPOS="1029" WIDTH="83" HEIGHT="21" WC="0.96" CONTENT="handla"/><SP WIDTH="15" VPOS="1029" HPOS="870"/>
							<String ID="string_327" HPOS="885" VPOS="1028" WIDTH="62" HEIGHT="21" WC="0.96" CONTENT="klokt"/><SP WIDTH="16" VPOS="1028" HPOS="947"/>
							<String ID="string_328" HPOS="963" VPOS="1027" WIDTH="7" HEIGHT="21" WC="0.96" CONTENT="i"/><SP WIDTH="17" VPOS="1027" HPOS="970"/>
							<String ID="string_329" HPOS="987" VPOS="1028" WIDTH="31" HEIGHT="21" WC="0.96" CONTENT="att"/>
						</TextLine>
						<TextLine ID="line_32" HPOS="194" VPOS="1056" WIDTH="822" HEIGHT="31">
							<String ID="string_330" HPOS="194" VPOS="1059" WIDTH="30" HEIGHT="26" WC="0.96" CONTENT="gå"/><SP WIDTH="14" VPOS="1059" HPOS="224"/>
							<String ID="string_331" HPOS="238" VPOS="1057" WIDTH="78" HEIGHT="22" WC="0.96" CONTENT="vidare"/><SP WIDTH="24" VPOS="1057" HPOS="316"/>
							<String ID="string_332" HPOS="340" VPOS="1059" WIDTH="30" HEIGHT="27" WC="0.96" CONTENT="på"/><SP WIDTH="23" VPOS="1059" HPOS="370"/>
							<String ID="string_333" HPOS="393" VPOS="1058" WIDTH="43" HEIGHT="22" WC="0.96" CONTENT="den"/><SP WIDTH="24" VPOS="1058" HPOS="436"/>
							<String ID="string_334" HPOS="460" VPOS="1061" WIDTH="50" HEIGHT="26" WC="0.96" CONTENT="väg,"/><SP WIDTH="26" VPOS="1061" HPOS="510"/>
							<String ID="string_335" HPOS="536" VPOS="1065" WIDTH="47" HEIGHT="15" WC="0.96" CONTENT="som"/><SP WIDTH="21" VPOS="1065" HPOS="583"/>
							<String ID="string_336" HPOS="604" VPOS="1059" WIDTH="88" HEIGHT="21" WC="0.93" CONTENT="ståndet"/><SP WIDTH="16" VPOS="1059" HPOS="692"/>
							<String ID="string_337" HPOS="708" VPOS="1056" WIDTH="74" HEIGHT="31" WC="0.83" CONTENT="inslog"/><SP WIDTH="15" VPOS="1056" HPOS="782"/>
							<String ID="string_338" HPOS="797" VPOS="1059" WIDTH="39" HEIGHT="20" WC="0.96" CONTENT="vid"/><SP WIDTH="15" VPOS="1059" HPOS="836"/>
							<String ID="string_339" HPOS="851" VPOS="1058" WIDTH="54" HEIGHT="21" WC="0.96" CONTENT="sista"/><SP WIDTH="15" VPOS="1058" HPOS="905"/>
							<String ID="string_340" HPOS="920" VPOS="1057" WIDTH="96" HEIGHT="29" WC="0.96" CONTENT="plenum."/>
						</TextLine>
						<TextLine ID="line_33" HPOS="194" VPOS="1087" WIDTH="822" HEIGHT="30">
							<String ID="string_341" HPOS="194" VPOS="1087" WIDTH="34" HEIGHT="21" WC="0.94" CONTENT="En"/><SP WIDTH="24" VPOS="1087" HPOS="228"/>
							<String ID="string_342" HPOS="252" VPOS="1087" WIDTH="148" HEIGHT="29" WC="0.96" CONTENT="lagstiftning,"/><SP WIDTH="25" VPOS="1087" HPOS="400"/>
							<String ID="string_343" HPOS="425" VPOS="1095" WIDTH="48" HEIGHT="15" WC="0.95" CONTENT="som"/><SP WIDTH="23" VPOS="1095" HPOS="473"/>
							<String ID="string_344" HPOS="496" VPOS="1089" WIDTH="41" HEIGHT="27" WC="0.95" CONTENT="går"/><SP WIDTH="15" VPOS="1089" HPOS="537"/>
							<String ID="string_345" HPOS="552" VPOS="1089" WIDTH="7" HEIGHT="20" WC="0.96" CONTENT="i"/><SP WIDTH="17" VPOS="1089" HPOS="559"/>
							<String ID="string_346" HPOS="576" VPOS="1088" WIDTH="43" HEIGHT="22" WC="0.96" CONTENT="den"/><SP WIDTH="16" VPOS="1088" HPOS="619"/>
							<String ID="string_347" HPOS="635" VPOS="1089" WIDTH="106" HEIGHT="28" WC="0.96" CONTENT="riktning,"/><SP WIDTH="18" VPOS="1089" HPOS="741"/>
							<String ID="string_348" HPOS="759" VPOS="1095" WIDTH="48" HEIGHT="15" WC="0.96" CONTENT="som"/><SP WIDTH="17" VPOS="1095" HPOS="807"/>
							<String ID="string_349" HPOS="824" VPOS="1088" WIDTH="29" HEIGHT="21" WC="0.96" CONTENT="då"/><SP WIDTH="15" VPOS="1088" HPOS="853"/>
							<String ID="string_350" HPOS="868" VPOS="1087" WIDTH="148" HEIGHT="26" WC="0.96" CONTENT="markerades,"/>
						</TextLine>
						<TextLine ID="line_34" HPOS="194" VPOS="1117" WIDTH="823" HEIGHT="30">
							<String ID="string_351" HPOS="194" VPOS="1117" WIDTH="109" HEIGHT="22" WC="0.96" CONTENT="arbetar"/><SP WIDTH="-6" VPOS="1117" HPOS="303"/>
							<String ID="string_352" HPOS="297" VPOS="1113" WIDTH="15" HEIGHT="39" WC="0.96" CONTENT="i"/><SP WIDTH="6" VPOS="1113" HPOS="312"/>
							<String ID="string_353" HPOS="318" VPOS="1118" WIDTH="116" HEIGHT="21" WC="0.95" CONTENT="händerna"/><SP WIDTH="15" VPOS="1118" HPOS="434"/>
							<String ID="string_354" HPOS="449" VPOS="1119" WIDTH="31" HEIGHT="27" WC="0.96" CONTENT="på"/><SP WIDTH="15" VPOS="1119" HPOS="480"/>
							<String ID="string_355" HPOS="495" VPOS="1118" WIDTH="82" HEIGHT="22" WC="0.93" CONTENT="allmän"/><SP WIDTH="16" VPOS="1118" HPOS="577"/>
							<String ID="string_356" HPOS="593" VPOS="1117" WIDTH="134" HEIGHT="30" WC="0.92" CONTENT="förbudslag"/><SP WIDTH="16" VPOS="1117" HPOS="727"/>
							<String ID="string_357" HPOS="743" VPOS="1119" WIDTH="54" HEIGHT="21" WC="0.96" CONTENT="eller"/><SP WIDTH="11" VPOS="1119" HPOS="797"/>
							<String ID="string_358" HPOS="808" VPOS="1118" WIDTH="65" HEIGHT="21" WC="0.96" CONTENT="söker"/><SP WIDTH="12" VPOS="1118" HPOS="873"/>
							<String ID="string_359" HPOS="885" VPOS="1117" WIDTH="132" HEIGHT="22" WC="0.96" CONTENT="åtminstone"/>
						</TextLine>
						<TextLine ID="line_35" HPOS="194" VPOS="1147" WIDTH="823" HEIGHT="30">
							<String ID="string_360" HPOS="194" VPOS="1148" WIDTH="32" HEIGHT="20" WC="0.96" CONTENT="att"/><SP WIDTH="21" VPOS="1148" HPOS="226"/>
							<String ID="string_361" HPOS="247" VPOS="1150" WIDTH="56" HEIGHT="25" WC="0.93" CONTENT="göra"/><SP WIDTH="21" VPOS="1150" HPOS="303"/>
							<String ID="string_362" HPOS="324" VPOS="1148" WIDTH="164" HEIGHT="27" WC="0.92" CONTENT="rusdryckerna"/><SP WIDTH="16" VPOS="1148" HPOS="488"/>
							<String ID="string_363" HPOS="504" VPOS="1149" WIDTH="25" HEIGHT="20" WC="0.96" CONTENT="så"/><SP WIDTH="15" VPOS="1149" HPOS="529"/>
							<String ID="string_364" HPOS="544" VPOS="1149" WIDTH="175" HEIGHT="28" WC="0.96" CONTENT="svåråtkomliga"/><SP WIDTH="16" VPOS="1149" HPOS="719"/>
							<String ID="string_365" HPOS="735" VPOS="1155" WIDTH="48" HEIGHT="15" WC="0.96" CONTENT="som"/><SP WIDTH="16" VPOS="1155" HPOS="783"/>
							<String ID="string_366" HPOS="799" VPOS="1148" WIDTH="94" HEIGHT="28" WC="0.95" CONTENT="möjligt,"/><SP WIDTH="18" VPOS="1148" HPOS="893"/>
							<String ID="string_367" HPOS="911" VPOS="1147" WIDTH="41" HEIGHT="22" WC="0.93" CONTENT="och"/><SP WIDTH="17" VPOS="1147" HPOS="952"/>
							<String ID="string_368" HPOS="969" VPOS="1147" WIDTH="48" HEIGHT="22" WC="0.92" CONTENT="der-"/>
						</TextLine>
						<TextLine ID="line_36" HPOS="192" VPOS="1176" WIDTH="825" HEIGHT="30">
							<String ID="string_369" HPOS="192" VPOS="1176" WIDTH="38" HEIGHT="22" WC="0.96" CONTENT="för"/><SP WIDTH="15" VPOS="1176" HPOS="230"/>
							<String ID="string_370" HPOS="245" VPOS="1177" WIDTH="57" HEIGHT="22" WC="0.96" CONTENT="böra"/><SP WIDTH="14" VPOS="1177" HPOS="302"/>
							<String ID="string_371" HPOS="316" VPOS="1177" WIDTH="23" HEIGHT="21" WC="0.96" CONTENT="vi"/><SP WIDTH="16" VPOS="1177" HPOS="339"/>
							<String ID="string_372" HPOS="355" VPOS="1185" WIDTH="55" HEIGHT="14" WC="0.96" CONTENT="vara"/><SP WIDTH="14" VPOS="1185" HPOS="410"/>
							<String ID="string_373" HPOS="424" VPOS="1178" WIDTH="69" HEIGHT="27" WC="0.96" CONTENT="nöjda"/><SP WIDTH="16" VPOS="1178" HPOS="493"/>
							<String ID="string_374" HPOS="509" VPOS="1178" WIDTH="96" HEIGHT="27" WC="0.95" CONTENT="dermed,"/><SP WIDTH="17" VPOS="1178" HPOS="605"/>
							<String ID="string_375" HPOS="622" VPOS="1185" WIDTH="36" HEIGHT="14" WC="0.96" CONTENT="om"/><SP WIDTH="16" VPOS="1185" HPOS="658"/>
							<String ID="string_376" HPOS="674" VPOS="1179" WIDTH="23" HEIGHT="20" WC="0.96" CONTENT="vi"/><SP WIDTH="16" VPOS="1179" HPOS="697"/>
							<String ID="string_377" HPOS="713" VPOS="1178" WIDTH="55" HEIGHT="28" WC="0.96" CONTENT="vilja"/><SP WIDTH="15" VPOS="1178" HPOS="768"/>
							<String ID="string_378" HPOS="783" VPOS="1178" WIDTH="83" HEIGHT="21" WC="0.93" CONTENT="handla"/><SP WIDTH="10" VPOS="1178" HPOS="866"/>
							<String ID="string_379" HPOS="876" VPOS="1177" WIDTH="141" HEIGHT="22" WC="0.92" CONTENT="betänksamt"/>
						</TextLine>
						<TextLine ID="line_37" HPOS="195" VPOS="1207" WIDTH="214" HEIGHT="22">
							<String ID="string_380" HPOS="195" VPOS="1207" WIDTH="41" HEIGHT="21" WC="0.95" CONTENT="och"/><SP WIDTH="16" VPOS="1207" HPOS="236"/>
							<String ID="string_381" HPOS="252" VPOS="1207" WIDTH="73" HEIGHT="21" WC="0.95" CONTENT="tillika"/><SP WIDTH="15" VPOS="1207" HPOS="325"/>
							<String ID="string_382" HPOS="340" VPOS="1207" WIDTH="69" HEIGHT="22" WC="0.96" CONTENT="klokt."/>
						</TextLine>
					</TextBlock>
				</ComposedBlock>
				<ComposedBlock ID="cblock_2" HPOS="188" VPOS="1267" WIDTH="829" HEIGHT="238">
					<TextBlock ID="block_2" HPOS="188" VPOS="1267" WIDTH="829" HEIGHT="238">
						<TextLine ID="line_38" HPOS="265" VPOS="1267" WIDTH="752" HEIGHT="28">
							<String ID="string_383" HPOS="265" VPOS="1267" WIDTH="153" HEIGHT="22" WC="0.96" CONTENT="Kirkkoherra"/><SP WIDTH="20" VPOS="1267" HPOS="418"/>
							<String ID="string_384" HPOS="438" VPOS="1268" WIDTH="104" HEIGHT="27" WC="0.96" CONTENT="Bergroth:"/><SP WIDTH="32" VPOS="1268" HPOS="542"/>
							<String ID="string_385" HPOS="574" VPOS="1268" WIDTH="213" HEIGHT="21" WC="0.94" CONTENT="Talousvaliokunta"/><SP WIDTH="16" VPOS="1268" HPOS="787"/>
							<String ID="string_386" HPOS="803" VPOS="1274" WIDTH="28" HEIGHT="15" WC="0.96" CONTENT="on"/><SP WIDTH="16" VPOS="1274" HPOS="831"/>
							<String ID="string_387" HPOS="847" VPOS="1268" WIDTH="80" HEIGHT="21" WC="0.96" CONTENT="saanut"/><SP WIDTH="14" VPOS="1268" HPOS="927"/>
							<String ID="string_388" HPOS="941" VPOS="1267" WIDTH="76" HEIGHT="28" WC="0.96" CONTENT="paljon"/>
						</TextLine>
						<TextLine ID="line_39" HPOS="192" VPOS="1296" WIDTH="825" HEIGHT="30">
							<String ID="string_389" HPOS="192" VPOS="1296" WIDTH="104" HEIGHT="21" WC="0.94" CONTENT="moitetta"/><SP WIDTH="19" VPOS="1296" HPOS="296"/>
							<String ID="string_390" HPOS="315" VPOS="1297" WIDTH="171" HEIGHT="27" WC="0.94" CONTENT="julkisuudessa."/><SP WIDTH="31" VPOS="1297" HPOS="486"/>
							<String ID="string_391" HPOS="517" VPOS="1297" WIDTH="61" HEIGHT="22" WC="0.96" CONTENT="Minä"/><SP WIDTH="24" VPOS="1297" HPOS="578"/>
							<String ID="string_392" HPOS="602" VPOS="1305" WIDTH="27" HEIGHT="14" WC="0.96" CONTENT="en"/><SP WIDTH="18" VPOS="1305" HPOS="629"/>
							<String ID="string_393" HPOS="647" VPOS="1298" WIDTH="34" HEIGHT="21" WC="0.96" CONTENT="ole"/><SP WIDTH="16" VPOS="1298" HPOS="681"/>
							<String ID="string_394" HPOS="697" VPOS="1297" WIDTH="126" HEIGHT="29" WC="0.96" CONTENT="puolestani"/><SP WIDTH="16" VPOS="1297" HPOS="823"/>
							<String ID="string_395" HPOS="839" VPOS="1297" WIDTH="102" HEIGHT="22" WC="0.96" CONTENT="tahtonut"/><SP WIDTH="16" VPOS="1297" HPOS="941"/>
							<String ID="string_396" HPOS="957" VPOS="1298" WIDTH="60" HEIGHT="20" WC="0.96" CONTENT="ottaa"/>
						</TextLine>
						<TextLine ID="line_40" HPOS="191" VPOS="1326" WIDTH="826" HEIGHT="29">
							<String ID="string_397" HPOS="191" VPOS="1326" WIDTH="69" HEIGHT="21" WC="0.90" CONTENT="tähän"/><SP WIDTH="25" VPOS="1326" HPOS="260"/>
							<String ID="string_398" HPOS="285" VPOS="1327" WIDTH="132" HEIGHT="21" WC="0.85" CONTENT="moitteesen"/><SP WIDTH="21" VPOS="1327" HPOS="417"/>
							<String ID="string_399" HPOS="438" VPOS="1334" WIDTH="59" HEIGHT="15" WC="0.96" CONTENT="osaa."/><SP WIDTH="32" VPOS="1334" HPOS="497"/>
							<String ID="string_400" HPOS="529" VPOS="1327" WIDTH="70" HEIGHT="22" WC="0.96" CONTENT="Mutta"/><SP WIDTH="15" VPOS="1327" HPOS="599"/>
							<String ID="string_401" HPOS="614" VPOS="1327" WIDTH="63" HEIGHT="28" WC="0.96" CONTENT="kyllä"/><SP WIDTH="16" VPOS="1327" HPOS="677"/>
							<String ID="string_402" HPOS="693" VPOS="1328" WIDTH="78" HEIGHT="21" WC="0.96" CONTENT="minun"/><SP WIDTH="15" VPOS="1328" HPOS="771"/>
							<String ID="string_403" HPOS="786" VPOS="1328" WIDTH="81" HEIGHT="27" WC="0.96" CONTENT="täytyy"/><SP WIDTH="16" VPOS="1328" HPOS="867"/>
							<String ID="string_404" HPOS="883" VPOS="1334" WIDTH="69" HEIGHT="14" WC="0.96" CONTENT="sanoa"/><SP WIDTH="19" VPOS="1334" HPOS="952"/>
							<String ID="string_405" HPOS="971" VPOS="1327" WIDTH="46" HEIGHT="21" WC="0.96" CONTENT="että"/>
						</TextLine>
						<TextLine ID="line_41" HPOS="191" VPOS="1356" WIDTH="825" HEIGHT="29">
							<String ID="string_406" HPOS="191" VPOS="1356" WIDTH="119" HEIGHT="21" WC="0.92" CONTENT="mietinnöt"/><SP WIDTH="20" VPOS="1356" HPOS="310"/>
							<String ID="string_407" HPOS="330" VPOS="1358" WIDTH="104" HEIGHT="20" WC="0.96" CONTENT="tuntuvat"/><SP WIDTH="20" VPOS="1358" HPOS="434"/>
							<String ID="string_408" HPOS="454" VPOS="1357" WIDTH="141" HEIGHT="28" WC="0.93" CONTENT="jotakuinkin"/><SP WIDTH="16" VPOS="1357" HPOS="595"/>
							<String ID="string_409" HPOS="611" VPOS="1358" WIDTH="124" HEIGHT="21" WC="0.92" CONTENT="kummilta."/><SP WIDTH="33" VPOS="1358" HPOS="735"/>
							<String ID="string_410" HPOS="768" VPOS="1357" WIDTH="52" HEIGHT="21" WC="0.96" CONTENT="Kun"/><SP WIDTH="17" VPOS="1357" HPOS="820"/>
							<String ID="string_411" HPOS="837" VPOS="1357" WIDTH="61" HEIGHT="21" WC="0.96" CONTENT="esim."/><SP WIDTH="17" VPOS="1357" HPOS="898"/>
							<String ID="string_412" HPOS="915" VPOS="1357" WIDTH="101" HEIGHT="21" WC="0.96" CONTENT="mietintö"/>
						</TextLine>
						<TextLine ID="line_42" HPOS="190" VPOS="1386" WIDTH="825" HEIGHT="29">
							<String ID="string_413" HPOS="190" VPOS="1392" WIDTH="37" HEIGHT="15" WC="0.95" CONTENT="n:o"/><SP WIDTH="16" VPOS="1392" HPOS="227"/>
							<String ID="string_414" HPOS="243" VPOS="1387" WIDTH="15" HEIGHT="20" WC="0.95" CONTENT="8"/><SP WIDTH="24" VPOS="1387" HPOS="258"/>
							<String ID="string_415" HPOS="282" VPOS="1393" WIDTH="28" HEIGHT="14" WC="0.93" CONTENT="on"/><SP WIDTH="23" VPOS="1393" HPOS="310"/>
							<String ID="string_416" HPOS="333" VPOS="1386" WIDTH="124" HEIGHT="22" WC="0.92" CONTENT="dateerattu"/><SP WIDTH="24" VPOS="1386" HPOS="457"/>
							<String ID="string_417" HPOS="481" VPOS="1388" WIDTH="13" HEIGHT="20" WC="0.96" CONTENT="6"/><SP WIDTH="21" VPOS="1388" HPOS="494"/>
							<String ID="string_418" HPOS="515" VPOS="1387" WIDTH="96" HEIGHT="28" WC="0.96" CONTENT="päivänä"/><SP WIDTH="21" VPOS="1387" HPOS="611"/>
							<String ID="string_419" HPOS="632" VPOS="1388" WIDTH="140" HEIGHT="21" WC="0.96" CONTENT="Huhtikuuta"/><SP WIDTH="13" VPOS="1388" HPOS="772"/>
							<String ID="string_420" HPOS="785" VPOS="1387" WIDTH="25" HEIGHT="28" WC="0.96" CONTENT="ja"/><SP WIDTH="15" VPOS="1387" HPOS="810"/>
							<String ID="string_421" HPOS="825" VPOS="1387" WIDTH="102" HEIGHT="21" WC="0.96" CONTENT="mietintö"/><SP WIDTH="16" VPOS="1387" HPOS="927"/>
							<String ID="string_422" HPOS="943" VPOS="1393" WIDTH="36" HEIGHT="14" WC="0.95" CONTENT="n:o"/><SP WIDTH="16" VPOS="1393" HPOS="979"/>
							<String ID="string_423" HPOS="995" VPOS="1387" WIDTH="20" HEIGHT="25" WC="0.96" CONTENT="9,"/>
						</TextLine>
						<TextLine ID="line_43" HPOS="188" VPOS="1415" WIDTH="827" HEIGHT="31">
							<String ID="string_424" HPOS="188" VPOS="1415" WIDTH="56" HEIGHT="28" WC="0.96" CONTENT="joka"/><SP WIDTH="15" VPOS="1415" HPOS="244"/>
							<String ID="string_425" HPOS="259" VPOS="1416" WIDTH="84" HEIGHT="22" WC="0.93" CONTENT="koskee"/><SP WIDTH="15" VPOS="1416" HPOS="343"/>
							<String ID="string_426" HPOS="358" VPOS="1417" WIDTH="152" HEIGHT="29" WC="0.92" CONTENT="miedompain"/><SP WIDTH="13" VPOS="1417" HPOS="510"/>
							<String ID="string_427" HPOS="523" VPOS="1418" WIDTH="100" HEIGHT="27" WC="0.92" CONTENT="juomain"/><SP WIDTH="16" VPOS="1418" HPOS="623"/>
							<String ID="string_428" HPOS="639" VPOS="1418" WIDTH="90" HEIGHT="26" WC="0.96" CONTENT="kieltoa,"/><SP WIDTH="17" VPOS="1418" HPOS="729"/>
							<String ID="string_429" HPOS="746" VPOS="1424" WIDTH="29" HEIGHT="15" WC="0.93" CONTENT="on"/><SP WIDTH="18" VPOS="1424" HPOS="775"/>
							<String ID="string_430" HPOS="793" VPOS="1418" WIDTH="123" HEIGHT="21" WC="0.91" CONTENT="dateerattu"/><SP WIDTH="16" VPOS="1418" HPOS="916"/>
							<String ID="string_431" HPOS="932" VPOS="1418" WIDTH="27" HEIGHT="20" WC="0.93" CONTENT="10"/><SP WIDTH="10" VPOS="1418" HPOS="959"/>
							<String ID="string_432" HPOS="969" VPOS="1416" WIDTH="46" HEIGHT="28" WC="0.93" CONTENT="päi-"/>
						</TextLine>
						<TextLine ID="line_44" HPOS="191" VPOS="1446" WIDTH="825" HEIGHT="29">
							<String ID="string_433" HPOS="191" VPOS="1448" WIDTH="58" HEIGHT="18" WC="0.96" CONTENT="vänä"/><SP WIDTH="24" VPOS="1448" HPOS="249"/>
							<String ID="string_434" HPOS="273" VPOS="1446" WIDTH="146" HEIGHT="27" WC="0.96" CONTENT="Huhtikuuta,"/><SP WIDTH="23" VPOS="1446" HPOS="419"/>
							<String ID="string_435" HPOS="442" VPOS="1447" WIDTH="47" HEIGHT="21" WC="0.96" CONTENT="niin"/><SP WIDTH="22" VPOS="1447" HPOS="489"/>
							<String ID="string_436" HPOS="511" VPOS="1448" WIDTH="92" HEIGHT="27" WC="0.96" CONTENT="näyttää"/><SP WIDTH="28" VPOS="1448" HPOS="603"/>
							<String ID="string_437" HPOS="631" VPOS="1448" WIDTH="50" HEIGHT="21" WC="0.96" CONTENT="siltä"/><SP WIDTH="20" VPOS="1448" HPOS="681"/>
							<String ID="string_438" HPOS="701" VPOS="1449" WIDTH="46" HEIGHT="20" WC="0.96" CONTENT="että"/><SP WIDTH="15" VPOS="1449" HPOS="747"/>
							<String ID="string_439" HPOS="762" VPOS="1447" WIDTH="130" HEIGHT="21" WC="0.96" CONTENT="valiokunta"/><SP WIDTH="17" VPOS="1447" HPOS="892"/>
							<String ID="string_440" HPOS="909" VPOS="1454" WIDTH="28" HEIGHT="14" WC="0.96" CONTENT="on"/><SP WIDTH="16" VPOS="1454" HPOS="937"/>
							<String ID="string_441" HPOS="953" VPOS="1446" WIDTH="63" HEIGHT="22" WC="0.96" CONTENT="ensin"/>
						</TextLine>
						<TextLine ID="line_45" HPOS="190" VPOS="1475" WIDTH="827" HEIGHT="30">
							<String ID="string_442" HPOS="190" VPOS="1475" WIDTH="115" HEIGHT="29" WC="0.96" CONTENT="käsitellyt"/><SP WIDTH="18" VPOS="1475" HPOS="305"/>
							<String ID="string_443" HPOS="323" VPOS="1477" WIDTH="47" HEIGHT="21" WC="0.96" CONTENT="tätä"/><SP WIDTH="22" VPOS="1477" HPOS="370"/>
							<String ID="string_444" HPOS="392" VPOS="1476" WIDTH="136" HEIGHT="22" WC="0.96" CONTENT="kunnallista"/><SP WIDTH="18" VPOS="1476" HPOS="528"/>
							<String ID="string_445" HPOS="546" VPOS="1477" WIDTH="25" HEIGHT="28" WC="0.96" CONTENT="ja"/><SP WIDTH="20" VPOS="1477" HPOS="571"/>
							<String ID="string_446" HPOS="591" VPOS="1477" WIDTH="80" HEIGHT="28" WC="0.96" CONTENT="yleistä"/><SP WIDTH="16" VPOS="1477" HPOS="671"/>
							<String ID="string_447" HPOS="687" VPOS="1477" WIDTH="130" HEIGHT="22" WC="0.96" CONTENT="kieltolakia"/><SP WIDTH="13" VPOS="1477" HPOS="817"/>
							<String ID="string_448" HPOS="830" VPOS="1477" WIDTH="25" HEIGHT="28" WC="0.96" CONTENT="ja"/><SP WIDTH="16" VPOS="1477" HPOS="855"/>
							<String ID="string_449" HPOS="871" VPOS="1477" WIDTH="66" HEIGHT="21" WC="0.96" CONTENT="sitten"/><SP WIDTH="17" VPOS="1477" HPOS="937"/>
							<String ID="string_450" HPOS="954" VPOS="1478" WIDTH="63" HEIGHT="19" WC="0.96" CONTENT="vasta"/>
						</TextLine>
					</TextBlock>
				</ComposedBlock>
			</PrintSpace>
		</Page>
	</Layout>
</alto>
