1092 1786
331 84 45 18 Lvk.
391 89 29 13 n:o
435 85 35 17 182
483 83 177 20 siviilirekisteristä
853 86 56 21 1299

154 137 204 29 Tuomiokapitulin
382 139 95 21 asessori
500 138 158 23 Wennerström:
695 138 45 29 Jag
762 139 42 21 har
829 139 79 28 begärt

83 168 64 22 ordet
171 167 52 22 med
246 168 121 28 anledning
391 167 25 22 af
437 168 143 28 domprosten
596 168 185 29 Schwartzbergs
796 169 111 27 yttrande.

81 198 53 21 Han
149 197 102 29 föreslog
266 199 31 20 att
313 197 87 22 ständet
417 198 71 21 skulle
504 198 121 28 godkänna
639 198 157 29 lagutskottets
814 197 93 29 förslag.

83 227 46 29 Jag
144 227 85 28 hoppas
245 228 33 20 att
299 227 38 22 det
355 227 141 29 högvördiga
512 228 88 21 ständet
616 228 50 21 icke
682 227 68 29 följer
764 228 57 21 hans
837 228 71 21 anvis-

82 257 62 28 ning,
169 258 25 27 ty
217 257 79 21 sädant
318 257 117 28 förbjuder
453 257 114 28 lydnaden
583 257 35 22 för
633 257 100 22 Herrans
749 258 40 21 ord
805 257 42 22 och
860 257 47 22 akt-

82 287 85 28 ningen
190 285 39 23 för
252 287 97 27 kyrkans
373 287 44 28 lag.
449 287 43 21 Om
517 287 68 21 ocksä
608 287 89 22 ständet
715 294 81 22 genom
812 288 33 20 att
860 287 47 21 vid-

82 316 72 22 blifva
173 316 39 21 sitt
233 315 62 23 förra
309 316 73 22 beslut
398 317 49 21 icke
463 318 96 20 uträttar
574 318 69 20 annat
658 320 29 18 än
704 318 32 20 att
752 317 38 21 det
806 317 102 29 inlägger

83 353 29 15 en
136 346 139 22 reservation
297 348 47 20 mot
365 347 37 21 det
425 346 81 27 beslut,
528 353 48 15 som
591 347 7 21 i
615 347 70 22 saken
700 346 77 22 fattats
793 346 25 22 af
831 347 28 21 de
874 348 34 20 tre

83 375 75 29 öfriga
181 376 100 26 stånden,
306 379 25 19 är
347 376 36 22 det
400 376 57 22 dock
473 377 100 21 ständets
588 376 65 29 plikt,
670 384 66 21 synes
753 376 37 22 det
806 376 53 29 mig,
876 378 33 20 att

82 406 26 21 sä
131 404 94 23 förfara.
256 406 45 28 Jag
320 406 147 22 understöder
487 406 39 22 för
549 406 46 22 min
620 406 37 22 del
680 406 38 22 det
741 406 94 29 förslag,
861 413 48 15 som

83 435 92 29 gjordes
191 434 25 22 af
229 436 78 21 herrar
321 436 114 22 Stenbäck
452 436 43 22 och
510 436 148 22 Hermanson.

155 494 122 23 Professori
293 496 135 22 Hermanson:
459 496 46 28 Jag
520 497 38 21 vet
573 496 50 22 icke
639 503 37 15 om
690 496 40 28 jag
745 496 101 28 uttryckt
861 496 48 28 mig

83 525 103 29 otydligt.
218 525 45 29 Jag
277 526 78 22 trodde
371 526 48 28 mig
431 525 68 23 hafva
515 527 56 27 sagt,
588 527 33 20 att
634 526 41 28 jag
691 526 38 22 för
744 526 47 21 min
807 526 36 22 del
859 526 50 22 icke

82 556 46 21 kan
144 554 81 29 frängä
240 556 47 20 min
302 554 61 23 förut
379 556 100 22 uttalade
489 555 145 29 uppfattning
645 569 29 3 —
685 556 51 22 icke
747 562 39 16 ens
796 557 30 27 pä
836 556 73 28 grund

83 584 26 22 af
121 585 61 21 hvad
195 585 41 28 jag
251 584 117 23 förmodar
384 586 33 21 att
431 586 8 21 i
455 586 147 27 lagutskottet
616 585 76 22 blifvit
702 586 66 28 sagdt
779 592 36 15 om
828 586 81 27 kyrko-

60 626 2 2 :
83 615 74 28 lagen,
181 627 28 3 —
234 616 32 20 att
288 615 25 21 R.
338 615 24 22 F.
382 616 8 21 1
409 615 13 28 &
438 615 84 22 förblir
538 615 7 21 i
561 615 34 22 sin
611 615 105 29 gällande
732 615 60 22 kraft
808 615 7 21 i
831 615 78 28 hvarje

83 644 46 27 fall,
149 644 76 22 sävidt
241 645 37 21 det
293 645 71 29 gäller
379 645 153 30 icke-kristna,
550 646 42 21 och
607 646 35 21 till
658 646 28 21 de
702 646 50 21 icke
766 646 87 20 kristna
868 645 41 21 har

83 682 52 14 man
160 675 32 21 att
215 675 70 21 räkna
309 675 82 29 odöpta
406 675 63 21 barn.
501 674 74 23 Äfven
593 682 36 15 om
646 682 52 15 man
715 675 131 29 godkänner
861 675 48 28 lag-

82 704 120 22 utskottets
225 705 108 28 tolkning,
357 712 48 14 som
425 705 40 29 jag
480 704 103 28 anförde,
600 705 62 22 leder
678 705 61 22 detta
755 705 50 22 icke
821 705 35 21 till
872 704 37 22 det

84 734 103 28 äsyftade
203 734 121 22 resultatet.

155 764 35 21 En
214 771 74 15 annan
310 765 41 21 sak
370 768 25 18 är
411 764 50 27 den,
477 764 58 22 huru
551 765 131 21 ständernas
699 772 51 14 svar
765 766 30 27 pä
811 764 43 22 den
869 765 39 20 nä-

84 794 54 28 diga
160 794 166 28 propositionen
350 794 57 22 skall
431 794 96 27 affattas,
552 795 41 21 och
620 795 7 21 i
643 795 74 21 denna
733 795 35 21 del
784 796 72 20 mäste
868 794 41 28 jag

84 824 62 28 gifva
162 824 145 28 lagutskottet
323 826 44 20 rätt
383 826 38 25 att,
438 828 41 18 när
495 826 34 20 tre
545 824 65 22 ständ
626 824 117 27 förklarat,
760 826 32 20 att
808 824 41 22 här
859 824 50 22 icke

84 854 125 28 föreligger
229 860 27 15 en
271 854 194 29 grundlagsfräga,
483 854 61 22 detta
559 854 79 22 länder
652 854 35 22 till
703 854 147 22 efterrättelse
871 854 39 21 vid

84 884 159 27 expeditionen
259 883 25 22 af
297 886 78 19 svaret.
410 884 99 21 Dermed
525 887 25 18 är
565 884 50 21 icke
631 887 58 18 ännu
707 884 65 29 sagdt
788 885 33 20 att
836 884 72 27 lagut-

84 913 94 22 skottets
194 913 102 28 tolkning
312 914 111 21 materielt
439 917 24 18 är
479 914 76 28 riktig,
572 915 53 20 utan
637 914 79 21 endast
727 915 32 20 att
770 914 74 21 denna
853 920 56 21 upp-

83 942 99 29 fattning
205 944 70 21 mäste
298 943 67 22 lända
387 944 35 21 till
445 943 155 27 efterrättelse,
626 944 28 21 dä
678 945 74 20 svaret
768 943 96 28 afgifves
880 944 29 27 pä

84 973 174 28 propositionen.
283 973 129 22 Framdeles
428 975 46 20 stär
490 973 38 22 det
544 973 94 22 sälunda
654 973 63 22 alltid
732 975 68 26 öppet
811 974 33 20 att
854 975 55 26 göra

84 1002 112 29 gällande,
221 1004 32 20 att
274 1003 41 21 här
330 1003 50 22 icke
396 1004 41 21 har
447 1005 55 27 gått
517 1003 78 28 riktigt
610 1003 40 22 till.
683 1003 52 22 Men
751 1003 7 22 i
774 1003 62 22 detta
852 1002 56 22 afse-

84 1033 58 21 ende
157 1031 109 23 förhäller
282 1033 34 28 sig
332 1033 69 22 saken
417 1033 50 22 icke
483 1033 146 26 annorlunda,
647 1036 28 18 än
692 1033 28 22 dä
735 1033 61 22 inom
808 1039 28 15 en
847 1033 61 21 dom-

84 1063 43 21 stol
148 1062 61 21 olika
231 1063 117 28 meningar
370 1065 69 26 yppat
463 1063 41 28 sig.
536 1063 165 28 Expeditionen
722 1065 71 20 måste
808 1061 101 23 utfärdas

84 1093 30 28 på
129 1092 74 28 grund
220 1091 25 22 af
257 1092 106 23 flertalets
379 1093 99 28 mening,
496 1093 42 22 och
554 1093 34 26 de,
605 1093 78 21 hvilka
698 1091 157 24 underskrifva
869 1092 40 21 be-

84 1122 74 27 slutet,
182 1121 69 23 hafva
273 1123 49 21 icke
346 1123 91 22 dermed
467 1124 50 27 sagt
534 1124 32 20 att
581 1123 28 21 de
625 1123 55 28 gilla
696 1123 130 21 detsamma.
857 1121 52 22 Men

84 1151 90 23 formelt
198 1153 71 21 måste
292 1152 106 22 flertalets
422 1153 92 28 mening
538 1153 7 20 i
566 1152 44 22 den
626 1152 158 29 föreliggande
800 1152 110 21 konkreta

84 1181 81 29 frågan
181 1182 66 28 gälla.
279 1182 10 20 I
304 1181 151 23 förevarande
471 1182 40 21 fall
526 1183 72 20 måste
613 1184 35 20 tre
664 1183 76 20 stånds
757 1182 75 21 beslut
842 1181 68 21 lända

84 1211 35 21 till
136 1210 147 23 efterrättelse
304 1212 38 21 vid
358 1212 123 21 affattande
497 1211 25 22 af
535 1212 131 21 ständernas
682 1219 58 19 svar,
756 1212 42 21 och
814 1211 95 21 talmän-

84 1248 44 14 nen
145 1244 38 18 äro
199 1240 134 30 förpligtade
350 1243 32 20 att
398 1242 7 20 i
422 1242 100 28 enlighet
537 1242 94 21 härmed
651 1241 157 22 underskrifva
828 1242 81 25 svaret,

84 1278 48 14 som
154 1271 124 22 innehåller
298 1272 32 20 att
350 1272 121 21 ständerna
486 1272 7 20 i
509 1271 71 29 laglig
596 1272 96 28 ordning
708 1271 86 29 antagit
810 1270 99 29 proposi-

83 1300 84 22 tionen.
199 1300 68 22 Detta
291 1304 24 18 är
337 1302 124 21 innehållet
484 1300 26 22 af
530 1301 43 22 den
594 1301 105 28 gällande
720 1301 189 27 rättsordningen.

84 1330 164 28 Kyrkoherden
264 1331 115 28 Wegelius
390 1331 97 21 berörde
503 1338 28 14 en
547 1338 74 14 annan
637 1331 49 21 sida
702 1330 24 22 af
740 1331 75 26 saken,
830 1330 79 22 nämli-

84 1367 45 21 gen
145 1360 110 22 huruvida
271 1368 28 14 en
314 1362 30 27 på
359 1361 73 28 grund
447 1360 68 22 häraf
527 1360 108 22 utfärdad
646 1361 38 28 lag
694 1361 56 21 skall
760 1367 67 15 anses
837 1360 72 28 giltig.

84 1390 45 29 Jag
152 1391 71 21 måste
247 1393 54 26 säga
323 1392 33 20 att
372 1391 74 21 denna
468 1390 40 29 lag
522 1390 42 22 bör
578 1397 64 15 anses
658 1390 72 29 giltig,
747 1397 52 15 men
815 1390 50 21 icke
881 1390 30 27 på

84 1420 44 21 den
154 1420 80 29 grund,
258 1422 33 19 att
313 1421 61 21 hvad
397 1427 48 15 som
466 1421 42 21 har
523 1421 129 21 tillkommit
668 1421 6 20 i
692 1421 84 28 olaglig
791 1422 46 26 väg
853 1419 58 22 dock

83 1457 55 14 vore
162 1450 82 28 giltigt.
276 1450 44 22 Det
343 1453 25 18 är
390 1457 47 21 nog
460 1457 28 15 en
510 1450 83 21 allmän
611 1451 63 27 regel
689 1451 39 25 att,
745 1457 36 15 om
798 1451 32 20 ett
845 1450 64 21 rätts-

84 1479 83 21 ärende
191 1479 50 22 icke
264 1480 130 21 tillkommit
417 1480 6 21 i
445 1480 53 28 laga
514 1480 102 28 ordning,
633 1480 123 21 detsamma
772 1483 26 17 är
814 1479 95 28 ogiltigt.
