1086 1789
198 80 45 31 704
443 84 124 24 Pappissääty
579 84 86 19 Toukok.
678 86 11 17 8
701 91 18 16 p.
733 85 47 18 1900

198 137 119 27 missbruk,
340 138 70 29 enligt
425 138 61 22 hvad
502 139 123 21 statistiska
640 138 113 29 uppgifter
769 139 55 26 visa,
839 139 72 21 under
926 139 28 22 de
969 139 55 21 sista

198 169 55 20 åren
275 167 92 29 tilltagit
382 168 8 21 i
406 169 40 21 allt
466 170 72 20 större
553 169 42 21 och
611 170 71 20 större
698 169 161 28 utsträckning.
890 169 45 28 Jag
950 172 25 18 är
990 167 32 23 öf-

197 198 112 28 vertygad
333 198 76 21 derom
425 199 32 20 att
472 199 105 21 särskildt
593 198 196 22 ölkonsumtionen
805 201 25 19 är
845 200 33 20 ett
893 198 26 22 af
932 199 26 21 de
975 198 48 22 för-

197 229 89 20 nämsta
302 228 87 21 medlen
405 227 38 23 för
459 228 251 29 dryckenskapslastens
725 227 104 28 öfvande,
846 229 74 22 denna
930 228 92 22 förban-

197 257 62 22 nelse
282 257 69 22 bland
373 259 51 20 vårt
446 257 53 28 folk,
524 258 41 22 och
588 258 30 21 då
638 258 41 28 jag
700 261 25 18 är
741 257 134 30 öfvertygad
891 259 82 26 derom,
990 259 33 20 att

198 287 75 22 denna
296 287 138 29 förhöjning,
458 295 37 14 om
517 288 43 21 den
576 288 69 21 också
660 287 50 22 icke
725 288 101 21 kommer
841 289 34 20 att
889 288 134 22 nämnvärdt

198 317 117 22 motverka
334 317 171 22 konsumtionen
522 317 25 22 af
560 318 28 26 öl,
604 318 87 21 likvisst
707 318 42 21 bör
771 325 64 14 anses
851 318 61 28 tjena
927 325 47 15 som
991 319 32 20 ett

198 347 139 22 vittnesbörd
360 349 48 20 mot
428 347 74 22 denna
518 348 142 28 handtering,
676 347 92 22 hvilken
781 347 42 29 jag
837 355 66 14 anser
918 355 54 15 vara
986 349 37 26 yt-

197 377 56 22 terst
268 376 118 30 förderflig
398 377 38 22 för
447 379 50 20 vårt
515 377 53 27 folk,
589 379 26 20 så
629 377 100 22 biträder
737 377 42 29 jag
789 378 171 21 reservationen.

270 407 44 22 Vid
327 407 43 22 den
386 407 83 27 debatt,
486 414 48 15 som
550 407 58 29 egde
624 415 56 19 rum,
698 407 28 22 då
741 407 150 29 lagförslaget
906 415 36 14 om
958 407 65 22 malt-

198 437 127 28 dryckerna
345 437 155 22 remitterades
523 437 34 22 till
577 437 170 22 vederbörande
761 437 92 27 utskott,
869 437 98 22 uttalade
980 437 42 29 jag

197 466 38 22 för
250 467 47 21 min
318 467 36 22 del
374 468 38 21 det
433 468 175 28 önskningsmål,
626 468 32 21 att
673 468 108 21 utskottet
797 468 71 21 skulle
883 469 54 27 taga
951 467 72 22 under

198 496 149 30 ompröfning,
371 498 110 21 huruvida
504 498 50 21 icke
569 497 69 29 lagen
653 498 75 21 kunde
743 497 126 22 bestämma
884 497 138 22 alkoholhal-

196 528 39 20 ten
251 526 7 22 i
274 527 181 28 maltdryckerna
471 528 41 21 och
529 528 74 21 denna
618 528 76 20 kunna
710 528 113 21 nedsättas
838 528 35 20 till
889 527 37 22 det
940 527 83 21 minsta

197 556 99 29 möjliga,
317 558 30 27 på
368 557 37 22 det
418 558 32 21 att
466 557 64 22 dessa
546 557 96 28 drycker
658 557 49 22 icke
723 557 71 22 skulle
810 557 120 27 användas,
947 558 73 20 såsom

196 594 31 14 nu
250 588 77 26 tyvärr
350 590 25 18 är
390 586 69 28 fallet,
480 586 163 23 företrädesvis
658 588 73 20 såsom
747 587 142 29 berusnings-
906 587 42 22 och
963 587 59 28 njut-

197 617 146 28 ningsmedel,
359 618 54 20 utan
428 624 48 15 som
491 617 174 29 näringsmedel.
696 617 45 28 Jag
755 617 42 21 har
812 616 25 22 af
849 617 173 21 utskottsbetän-

198 646 85 22 kandet
302 646 49 22 icke
373 646 73 22 funnit
462 648 32 20 att
509 648 70 28 något
594 646 106 23 afseende
716 646 74 22 blifvit
805 646 87 22 fästadt
907 646 38 22 vid
961 647 62 21 detta

198 676 100 22 uttalade
319 677 173 28 önskningsmål,
517 677 85 21 hvilket
624 677 41 28 jag
686 684 65 14 anser
766 684 55 14 vara
835 678 81 27 ytterst
931 676 88 29 vigtigt,

198 707 43 21 och
263 706 40 22 vill
323 706 41 29 jag
382 706 67 22 äfven
464 708 30 27 på
510 707 73 21 denna
599 707 73 28 grund
687 707 90 21 biträda
791 707 172 25 reservationen,
980 713 40 15 an-

197 736 103 22 slutande
315 737 47 28 mig
377 737 34 21 till
428 736 42 22 den
486 736 161 29 förhoppning,
658 743 48 15 som
717 738 90 27 prosten
817 736 86 22 Wallin
913 736 105 26 uttalade,

198 767 33 21 att
253 766 46 22 ölet
321 767 117 26 måhända,
455 766 127 28 fördyradt,
598 766 90 22 komme
704 768 33 20 att
752 766 114 22 innehålla
880 773 48 15 mer
943 767 77 21 vatten

198 799 29 19 än
242 796 85 22 hittills.

269 856 153 22 Kirkkoherra
430 857 106 27 Wegelius:
554 856 75 22 Kuten
637 856 132 28 yliopettaja
774 856 133 28 Rosenqvist
915 855 104 26 mainitsi,

196 886 122 22 tarkoittaa
325 886 125 22 vastalause
458 886 88 22 toiselta
551 886 83 28 puolen
638 893 70 15 veron
716 886 122 21 lisäämistä
843 886 25 28 ja
873 886 88 21 toiselta
965 892 54 21 puo-

196 916 38 21 len
242 916 179 28 mallasjuomain
429 916 133 22 kulutuksen
570 916 171 22 vähentämistä.
752 916 71 21 Mutta
830 917 39 20 tuo
877 922 69 15 veron
954 915 65 21 lisää-

196 946 77 21 minen
281 952 29 15 on
319 946 54 21 ollut
381 946 91 21 ainakin
480 946 91 22 minulle
579 946 134 26 sivuasiana,
720 946 75 28 joskin
803 952 28 15 ne
840 946 108 25 numerot,
954 944 64 28 jotka

197 976 53 20 ovat
258 976 71 21 otetut
336 976 186 26 vastalauseesen,
534 977 118 27 näyttävät
662 976 126 21 osoittavan
799 976 46 20 että
859 975 71 21 siihen
938 981 30 15 on
976 974 42 22 eri-

196 1005 68 27 tyistä
272 1005 81 29 painoa
361 1007 75 27 pantu.
458 1006 113 21 Johonkin
582 1006 88 21 määrin
676 1005 56 22 voisi
744 1004 140 22 kumminkin
897 1006 37 20 tuo
945 1004 73 22 koroi-

195 1036 58 20 tettu
263 1041 54 16 vero
329 1035 95 22 korvata
436 1042 38 15 sen
482 1035 85 28 tulojen
574 1035 168 28 vähennyksen,
749 1035 54 27 joka
814 1036 89 26 syntyy,
917 1034 35 28 jos
963 1034 55 22 mal-

195 1064 134 28 lasjuomain
344 1065 88 21 kulutus
443 1066 106 21 vähenee.
571 1065 89 22 Vaikka
671 1065 37 21 siis
719 1065 89 21 kulutus
816 1064 146 26 vähenisikin,
977 1071 41 21 py-

195 1094 54 28 syisi
272 1094 58 22 ehkä
345 1101 53 15 vero
415 1095 90 22 sittekin
522 1095 138 21 entisellään.
692 1094 69 22 Tämä
777 1101 29 15 on
821 1094 123 25 kuitenkin,
960 1094 58 21 niin-

195 1124 54 21 kuin
267 1124 24 28 jo
313 1124 83 27 sanoin,
414 1125 91 21 minulle
522 1125 91 21 ainakin
629 1124 103 22 sivuasia.
764 1124 94 21 Pääasia
878 1130 29 15 on
930 1130 23 15 se
972 1125 46 20 että

194 1155 78 20 tämän
289 1154 144 22 koroituksen
448 1155 78 21 kautta
541 1154 162 22 mahdollisesti
719 1154 114 21 saataisiin
849 1154 65 21 oluen
929 1154 88 27 käyttä-

194 1184 77 21 minen
284 1184 204 28 juovutusjuomina
501 1184 101 28 jossakin
613 1184 87 22 määrin
710 1184 169 27 vähennetyksi.
903 1183 34 26 Ja,
948 1183 69 21 kuten

194 1213 52 22 olen
262 1214 200 22 vastalauseessani
477 1214 177 26 huomauttanut,
664 1214 69 21 vaatii
746 1213 214 28 johdonmukaisuus
970 1214 46 20 että

194 1243 46 21 kun
255 1244 131 21 viinaveroa
402 1250 28 16 on
446 1244 127 26 koroitettu,
590 1250 30 15 on
636 1244 103 27 myöskin
755 1243 178 28 mallasjuomain
948 1249 68 15 veroa

194 1273 155 22 koroitettava.
373 1274 107 21 Niinkuin
493 1274 122 22 tiedämme
631 1274 53 21 ovat
699 1273 164 28 mallasjuomat
878 1274 48 20 tätä
939 1272 78 28 nykyä

192 1302 77 29 paljoa
287 1303 205 22 +turmiollisemmat
515 1304 54 20 kuin
587 1303 133 22 varsinaiset
735 1303 144 27 väkijuomat,
896 1302 49 22 sillä
961 1301 55 22 niitä

192 1332 122 28 käytetään
330 1333 76 28 paljon
422 1340 163 15 suuremmassa
595 1336 114 18 määrässä
717 1332 210 28 juovutusjuomina.
948 1332 68 21 Tosin

193 1362 21 22 ei
230 1362 35 22 ole
288 1363 84 21 mitään
390 1363 133 22 kokemusta
538 1363 57 26 siitä,
611 1363 57 21 mitä
682 1364 38 20 tuo
735 1369 90 15 vuonna
843 1363 56 20 1897
915 1362 101 28 päätetty

192 1392 100 21 koroitus
313 1399 30 15 on
362 1393 148 27 vaikuttanut,
526 1394 72 20 mutta
614 1393 66 21 eihän
698 1392 110 28 säädyillä
822 1392 123 28 myöskään
961 1391 55 21 ollut

192 1422 85 21 mitään
297 1422 133 22 kokemusta
444 1423 57 26 siitä,
518 1423 55 21 mitä
588 1429 93 15 samana
696 1428 90 16 vuonna
800 1422 101 28 päätetty
916 1421 100 21 viinave-

191 1458 42 14 ron
254 1452 100 21 koroitus
373 1452 161 22 mahdollisesti
556 1459 29 15 on
600 1452 149 26 vaikuttanut,
763 1452 25 27 ja
803 1451 117 22 kuitenkin
934 1450 82 29 päätti-

190 1482 40 20 vät
245 1481 80 28 säädyt
341 1482 68 22 näillä
424 1482 162 29 valtiopäivillä
596 1481 167 29 yksimielisesti
773 1482 103 21 korottaa
886 1480 130 22 viinaveroa
