1092 1734
260 97 47 18 Ryvk.
320 102 30 12 n:o
364 97 23 17 40
400 95 225 24 Seinäjoen—Kristiinan
637 96 76 17 radasta
835 88 66 28 1499

78 152 58 20 samt
158 150 70 22 kändt
244 152 31 20 att
291 158 51 14 man
358 150 8 21 i
382 150 70 21 andra
467 149 167 27 förhällanden,
650 150 73 21 säsom
739 151 15 19 t.
772 156 34 14 ex.
823 149 2 21 i
836 148 65 22 Ame-

79 181 56 25 rika,
152 180 87 28 bygger
255 180 70 22 banor
337 180 34 21 till
387 180 142 26 ödemarken,
546 180 40 20 der
602 178 97 29 afsigten
715 182 25 18 är
756 180 33 20 att
805 178 97 28 anlägga

79 218 28 14 en
131 210 48 21 stad
204 210 53 22 eller
282 210 77 28 dylikt.
390 210 10 20 I
416 211 60 20 stora
491 209 161 22 förhällanden
669 209 42 21 och
727 209 40 21 der
783 209 45 21 stor
843 208 58 21 rike-

80 241 52 21 dom
148 239 78 27 finnes,
243 240 44 21 kan
304 240 79 21 sädant
398 239 117 29 verkligen
530 246 55 14 vara
600 238 51 22 fullt
662 238 186 28 ändamälsenligt
860 237 41 22 och

79 270 52 22 leda
147 270 34 21 till
198 270 36 21 det
250 269 92 22 afsedda
358 269 121 21 resultatet.
510 269 51 21 Men
579 269 37 21 det
631 271 25 19 är
671 268 64 28 längt
751 268 58 21 ifrän
828 267 74 22 säkert

80 302 32 19 att
137 300 37 21 det
200 300 7 20 i
222 300 54 21 vära
292 298 162 22 förhällanden
469 299 71 21 skulle
556 299 51 21 leda
622 298 35 22 till
673 298 37 22 det
727 298 92 22 afsedda
834 297 67 22 resul-

79 330 63 26 tatet,
159 336 36 14 om
219 336 51 14 man
294 328 65 22 förde
383 336 27 14 en
432 328 167 28 jemförelsevis
621 328 55 28 lång
699 328 58 21 bana
777 334 80 22 genom
875 334 27 14 en

79 361 47 20 stor
149 359 100 21 landsdel
273 360 25 20 ut
317 359 35 21 till
373 366 28 14 en
421 359 75 25 hamn,
513 359 38 21 der
575 358 38 22 det
635 358 73 22 finnes
731 358 101 21 hvarken
856 364 46 21 per-

79 396 67 15 soner
168 389 53 21 eller
243 388 84 29 kapital
349 388 54 22 eller
426 388 190 28 förutsättningar
639 387 39 22 för
701 389 33 19 att
752 387 150 28 tillgodogöra

81 420 27 21 de
137 426 103 18 resurser,
269 425 48 15 som
345 418 74 22 banan
448 418 89 22 medför
562 418 37 21 för
625 418 159 28 utvecklingen
815 416 24 22 af
861 417 41 21 den

81 448 171 29 ifrägavarande
277 448 141 22 landsdelens
444 448 42 22 och
510 448 50 22 hela
585 448 87 21 landets
695 448 128 27 tillgängar.
859 446 43 21 Det

81 479 72 21 finnes
179 479 53 21 utan
254 478 79 22 tvifvel
356 478 46 21 skäl
428 491 26 2 —
477 478 41 28 jag
540 478 40 21 vill
604 478 49 21 icke
678 480 55 25 säga
757 478 32 20 att
813 477 27 21 de
864 479 38 18 äro

81 516 48 14 mer
152 508 102 28 vägande
277 521 27 3 —
326 508 40 21 för
389 508 137 28 antagandet
557 508 31 21 att
611 508 52 21 hela
683 507 87 21 landets
792 506 40 22 och
857 509 45 18 sär-

81 538 69 22 skildt
172 539 42 21 den
237 538 112 22 landsdels
372 537 74 27 behof,
470 545 47 14 som
536 538 74 21 banan
631 537 57 21 skall
711 537 96 27 betjena,
828 536 75 21 kunna

81 569 73 21 bättre
182 568 128 28 tillgodoses
336 574 81 22 genom
444 569 32 20 att
502 568 74 21 banan
601 568 61 21 ledes
688 567 34 21 till
748 566 155 25 Kristinestad,

81 599 67 21 hvars
171 597 225 22 hamnförhällanden
418 598 131 28 visserligen
574 600 38 18 äro
635 600 79 23 sämre,
740 604 51 14 men
814 603 48 14 som
879 598 24 18 är

80 630 33 20 ett
136 628 107 28 gammalt
265 627 169 22 trafikcentrum
457 628 42 20 och
522 627 39 21 der
586 627 37 21 det
646 626 72 22 finnes
739 633 106 21 personer
861 626 42 21 och

82 658 83 28 kapital
190 658 41 21 och
252 658 70 20 andra
338 657 187 29 förutsättningar
540 657 7 21 i
563 656 140 29 ojemförligt
718 657 70 27 högre
804 656 55 28 grad
876 658 29 18 än

82 688 7 21 i
106 688 76 21 Kaskö
200 688 31 20 att
246 688 150 28 tillgodogöra
411 687 86 21 banans
512 687 148 28 möjligheter.
692 686 45 28 Jag
752 686 40 21 vill
804 686 40 21 alls
855 685 49 21 icke

83 717 95 22 tillmäta
198 718 47 28 mig
264 717 106 29 förmåga
386 718 32 20 att
434 717 51 21 med
501 717 104 21 säkerhet
620 716 84 28 afgöra,
721 716 146 21 hvilkendera
883 714 25 22 af

84 748 65 21 dessa
173 748 137 28 synpunkter
332 747 40 21 har
388 748 70 20 större
474 747 54 28 vigt,
545 754 53 14 men
611 746 40 28 jag
666 746 40 22 vill
722 745 98 29 afgjordt
842 746 64 27 pästä

84 779 32 19 att
140 778 109 20 hvardera
273 777 86 28 äsigten
376 776 59 22 afser
450 776 140 22 uteslutande
606 776 87 22 landets
709 776 112 21 allmänna
837 782 67 21 gagn.

156 807 78 21 Säsom
250 806 172 22 förhällandena
438 814 30 13 nu
484 806 105 28 gestaltat
605 806 40 28 sig,
662 813 67 20 synas
745 806 7 20 i
767 804 81 29 själfva
859 812 46 14 ver-

83 837 38 21 ket
138 837 85 27 ganska
233 837 127 27 betydande
374 837 48 21 skäl
432 836 47 21 tala
490 836 38 22 för
538 836 118 22 utskottets
667 835 238 28 sammanjemknings-

84 866 94 29 förslag.
210 866 43 22 Det
277 870 25 18 är
317 867 55 21 visst
388 867 49 21 sant
453 867 32 21 att
501 866 58 21 båda
579 866 64 22 dessa
659 865 140 29 ändpunkter
814 864 38 22 för
867 864 38 21 ba-

83 904 45 14 nan
152 899 38 19 äro
213 897 85 28 ganska
313 898 48 20 små
376 897 42 21 och
435 897 32 20 att
482 897 38 21 det
535 896 43 21 kan
595 903 67 20 synas
678 896 87 21 mindre
781 894 124 22 ändamäls-

84 927 71 28 enligt
170 928 33 19 att
219 927 77 28 bygga
310 928 84 20 tvänne
409 926 77 21 banor.
518 926 50 21 Men
586 933 52 14 man
653 927 71 20 mäste
740 925 90 22 komma
853 924 54 28 ihäg

84 957 32 20 att
130 957 124 28 jernvägen
270 957 44 20 kan
330 957 88 27 byggas
435 957 31 26 sä,
484 957 31 20 att
531 955 192 29 förgreningarna
738 954 72 22 blifva
823 953 83 29 jemfö-

84 986 92 22 relsevis
199 987 65 20 korta
278 987 42 20 och
337 987 32 20 att
384 986 87 21 banans
487 985 148 29 förlängning
650 985 93 22 sålunda
758 985 50 21 icke
824 984 43 22 blir
883 985 24 20 sä

84 1016 144 28 synnerligen
252 1016 126 28 betydande
402 1017 58 20 samt
483 1017 32 20 att
531 1023 52 14 man
599 1015 92 22 dermed
707 1015 56 21 dock
779 1015 80 21 vinner
875 1015 32 20 att

84 1053 53 14 man
160 1046 45 21 kan
227 1046 118 28 tillgodose
368 1046 44 21 alla
433 1046 27 21 de
476 1045 140 28 berättigade
633 1045 144 28 synpunkter,
794 1051 48 14 som
857 1043 50 22 från

84 1075 112 22 hvardera
211 1076 64 21 sidan
291 1075 144 22 framhållits:
452 1083 52 14 man
520 1075 35 22 får
571 1082 28 15 en
614 1075 59 21 bana
688 1075 35 21 till
739 1081 28 15 en
783 1074 45 29 god
839 1074 68 21 hamn

84 1105 42 22 och
150 1112 29 15 en
201 1105 61 22 bana
283 1106 34 21 till
334 1107 31 20 ett
380 1105 109 28 gammalt
504 1105 175 22 trafikcentrum.
711 1105 50 20 Den
777 1104 45 21 kan
838 1105 29 26 på
883 1104 24 21 sä

84 1136 44 20 sätt
148 1135 149 28 tillgodogöra
313 1135 45 22 alla
373 1135 27 22 de
415 1135 143 28 betingelser,
575 1142 48 14 som
639 1135 76 21 kunna
730 1135 61 27 tjena
807 1133 34 22 till
857 1133 51 22 hela

85 1165 142 22 landsdelens
244 1165 40 22 och
301 1165 129 28 derigenom
447 1165 51 22 hela
513 1165 87 21 landets
617 1172 66 21 gagn.
715 1164 44 28 Jag
774 1164 41 21 ber
831 1162 77 23 derför

84 1194 41 22 för
136 1195 45 21 min
193 1195 35 22 del
240 1197 31 19 att
282 1194 23 22 få
315 1195 135 22 understöda
458 1195 117 21 utskottets
584 1193 323 29 sammanjemkningsförslag.

156 1255 192 28 Tuomioprovasti
372 1255 104 26 Hedberg:
498 1254 61 21 Minä
574 1254 51 21 olen
641 1254 87 28 pitänyt
743 1253 165 22 velvollisuute-

85 1284 54 21 nani
155 1284 78 21 lausua
250 1285 58 21 vielä
328 1285 130 20 muutaman
474 1291 69 14 sanan
559 1285 58 20 tästä
633 1284 88 21 asiasta.
753 1283 50 21 Kun
820 1282 89 21 kirkko-

86 1314 66 21 herra
176 1314 109 28 Bergroth
308 1314 70 21 lausui
402 1314 106 21 moitteen
531 1313 144 22 valiokuntaa
689 1314 93 20 vastaan
799 1313 50 21 siitä
865 1313 46 20 että

86 1343 130 22 valiokunta
232 1344 20 21 ei
268 1344 34 21 ole
318 1344 134 21 rakentanut
468 1344 84 21 mitään
567 1343 192 28 yhteensovitusta
774 1343 49 20 sille
833 1349 76 21 perus-

85 1373 95 22 tukselle
203 1375 45 20 että
268 1381 23 14 se
312 1374 49 21 olisi
376 1375 112 27 pyytänyt
504 1373 111 22 ritaristoa
629 1373 24 27 ja
669 1373 82 21 aatelia
764 1373 24 27 ja
798 1371 111 29 porvaris-

85 1405 79 26 säätyä
186 1403 174 22 kannattamaan
384 1403 122 22 Kaskisten
528 1404 69 25 rataa,
620 1403 91 28 pyydän
727 1402 68 21 saada
811 1401 99 22 muistut-

85 1435 44 24 taa,
154 1433 55 21 mitä
230 1434 24 27 jo
278 1440 28 15 on
328 1433 111 28 julkisesti
461 1433 104 26 lausuttu,
582 1434 46 20 että
644 1435 71 25 syynä
731 1432 71 21 siihen
819 1431 21 22 ei
856 1431 55 21 ollut

86 1463 181 21 minkäänlainen
290 1463 118 28 politiikka
432 1463 50 21 eikä
506 1462 181 22 minkäänlainen
709 1462 70 27 yritys
795 1461 116 21 vaikuttaa

86 1494 110 19 suuntaan
221 1493 47 20 tahi
293 1493 92 26 toiseen,
410 1499 58 14 vaan
492 1499 23 14 se
538 1492 101 28 tapahtui
666 1492 51 27 ajan
742 1490 168 23 voittamiseksi.
