1089 1720
338 104 161 23 Porvarissäädyn
509 104 148 24 jäähyväispuhe
852 105 56 21 1515

156 158 104 22 Förvisso
284 158 57 22 skall
365 158 42 22 den
430 165 31 15 nu
482 158 109 22 afslutade
614 158 138 28 landtdagen
767 159 7 21 i
792 158 44 22 alla
850 158 59 22 tider

83 187 95 22 framstå
199 194 46 15 som
266 194 27 15 en
309 187 26 22 af
348 188 27 21 de
391 188 145 28 märkligaste
552 188 7 22 i
576 188 107 22 Finlands
698 188 86 22 häfder.
816 188 53 22 Icke
885 188 25 21 sä

84 217 91 29 mycket
199 217 77 22 derför
296 219 32 20 att
343 217 87 29 viktiga
445 218 43 21 och
503 217 41 23 för
559 219 50 21 värt
624 218 64 21 lands
705 217 204 22 framätskridande

83 246 174 29 betydelsefulla
277 248 108 28 spörsmål
408 247 46 22 fått
477 248 35 21 sin
527 248 90 28 lösning
637 248 71 22 under
724 248 62 21 detta
802 247 106 22 Ständer-

85 278 66 26 möte,
175 278 55 20 utan
254 276 92 22 fastmer
369 277 51 22 med
436 278 88 27 hänsyn
546 278 81 26 dertill,
647 279 33 20 att
695 277 128 22 Ständerna
838 277 71 21 under

84 307 75 21 denna
181 306 109 29 landtdag
310 307 55 21 känt
383 307 38 22 det
436 314 48 15 som
500 314 27 15 en
543 307 114 28 bjudande
673 307 57 29 plikt
747 309 32 19 att
795 307 52 21 med
863 309 46 19 sär-

84 336 73 22 skilda
178 336 119 29 petitioner
319 337 74 21 vända
411 337 34 28 sig
458 337 34 21 till
508 337 62 21 Hans
586 337 104 28 Majestät
705 336 38 22 för
759 338 32 20 att
807 340 56 25 göra
879 337 31 21 ett

84 366 45 22 slut
149 367 29 27 pä
201 366 28 22 de
245 366 185 29 missriktningar,
447 374 49 14 som
510 367 75 28 börjat
600 370 55 26 göra
671 367 35 28 sig
721 367 105 28 gällande
843 366 7 22 i
867 366 43 22 den

84 396 49 22 inre
149 395 176 29 förvaltningen,
343 396 180 29 missriktningar
539 396 26 22 af
577 396 43 22 den
637 398 39 22 art,
694 398 31 20 att
742 397 27 21 de
786 398 34 20 stä
836 396 4 21 i
854 396 56 21 strid

85 426 53 21 med
155 426 42 21 den
214 427 91 27 stränga
320 426 197 28 lagbundenheten
533 426 8 21 i
557 428 50 20 värt
623 426 177 21 samhällsskick.

157 455 51 22 Med
232 456 213 28 samvetsgrannhet,
471 456 76 27 allvar,
572 456 42 22 och
630 456 52 22 med
697 455 157 22 fosterlandets
871 455 37 22 väl

84 491 49 16 som
149 485 138 28 ögnamärke
302 485 68 22 hafva
385 486 108 21 Finlands
501 485 97 22 Ständer
613 485 102 29 fullgjort
730 486 36 21 sitt
779 485 55 22 värf.
856 485 53 21 Men

83 514 209 23 tillfredsställelsen
308 515 63 22 öfver
387 515 37 22 det
439 515 92 22 utförda
547 515 85 22 arbetet
649 516 44 21 kan
710 515 57 22 dock
784 515 19 28 ej
816 515 92 28 förjaga

85 545 28 21 de
128 546 71 27 tunga
214 545 86 26 tankar,
309 552 47 14 som
372 546 80 28 tränga
468 546 35 28 sig
518 546 30 28 pä
564 552 35 15 oss
615 546 7 20 i
639 545 112 22 afskedets
767 545 73 21 stund.
863 545 45 21 Der

85 574 90 22 hemma
191 574 62 22 skola
269 575 22 21 vi
307 574 61 22 finna
383 577 96 26 tegarna
493 575 84 21 klädda
587 575 8 21 i
606 575 73 21 värlik
689 575 105 29 grönska,
805 574 106 22 lofvande

85 604 45 28 god
146 604 71 28 äring,
235 612 51 14 men
301 604 58 22 huru
375 606 98 27 mängen
489 604 25 22 af
527 612 36 14 oss
579 604 57 22 skall
652 605 19 28 ej
688 605 39 21 vid
743 606 85 26 äsynen
844 603 26 23 af
883 604 27 21 de

85 634 80 22 odlade
188 634 75 22 fälten
286 634 61 22 finna
367 636 32 20 att
422 635 43 21 den
488 634 99 30 kraftiga
605 642 54 19 arm,
676 642 47 14 som
740 634 86 22 kunnat
841 634 70 21 sänka

85 664 124 28 plogbillen
225 664 7 21 i
253 664 90 28 jordens
367 664 62 22 sköte
451 665 42 21 och
516 664 126 22 frammana
658 664 49 22 dess
723 664 56 22 fulla
795 664 115 28 alstrings-

85 692 67 28 kraft,
162 696 25 19 är
202 694 65 22 borta
283 694 42 22 och
339 694 73 28 tyngd
427 694 23 22 af
466 694 128 22 ovissheten
609 694 41 22 här
664 694 91 22 hemma
765 694 101 28 tvungits
878 694 32 20 att

85 723 67 28 bryta
174 723 63 29 bygd
253 724 7 21 i
283 723 138 23 främmande
437 724 59 22 land.
527 724 63 22 Huru
606 726 98 26 mängen
720 724 25 22 af
758 731 35 15 oss
810 723 58 22 skall
890 723 20 28 ej

85 753 56 21 höra
162 753 196 29 allmogemannen
374 754 68 28 klaga
457 754 70 26 öfver,
544 755 33 21 att
593 754 37 22 det
645 757 26 18 är
686 761 48 15 som
750 761 37 14 om
803 755 32 20 ett
850 754 59 20 stän-

86 783 49 28 digt
151 783 90 22 mörker
256 784 75 28 lägrat
346 784 35 28 sig
397 783 62 23 öfver
474 784 57 21 hans
547 786 71 26 stuga,
635 784 95 22 emedan
746 791 53 14 man
809 782 102 23 beröfvat

85 812 83 22 honom
184 813 57 21 hans
256 813 89 22 käraste
361 813 94 29 läsning,
472 814 57 21 hans
544 814 95 28 tidning,
657 820 48 15 som
719 814 56 21 talat
791 813 59 22 hvad
867 813 45 21 han

85 842 71 26 tänkt,
181 849 48 14 som
252 843 44 21 han
320 844 54 21 vant
389 843 36 28 sig
439 844 39 21 vid
495 844 42 21 och
553 850 48 15 som
616 844 46 21 han
678 844 19 27 ej
715 844 39 20 vill
770 843 80 28 utbyta
867 843 46 20 mot

86 873 75 27 nägon
184 879 80 15 annan.
296 872 48 22 Och
365 873 44 21 alla
422 873 64 22 skola
501 873 28 22 de
545 873 71 28 fräga,
633 880 37 15 om
686 873 39 22 der
742 873 19 28 ej
779 872 89 28 skönjes
884 879 29 14 en

86 901 101 29 ljusning
201 902 35 21 till
251 909 45 21 nya
312 903 124 28 lyckligare
453 903 71 28 dagar
539 902 38 22 för
592 903 101 21 Finland.
726 903 33 21 De
776 902 72 29 fråga,
865 909 47 14 som

87 931 44 22 den
154 931 83 29 frågar,
259 932 42 22 den
323 933 39 21 der
381 933 20 27 ej
423 933 67 21 slutat
511 934 33 20 att
567 933 90 28 hoppas,
675 933 69 22 ehuru
761 933 27 21 de
805 932 60 29 gissa
881 932 32 21 att

87 961 22 21 vi
130 961 56 22 intet
208 969 51 14 svar
277 961 69 22 hafva
367 964 32 19 att
419 961 64 30 gifva
504 962 57 22 dem.
593 962 52 22 Men
661 962 27 22 de
704 962 63 22 skola
783 961 45 22 alla
842 961 72 22 uttala

87 991 34 21 sin
136 991 141 22 tacksamhet
295 991 38 22 för
348 993 33 20 att
397 992 21 21 vi
433 993 58 27 sagt,
507 993 60 21 hvad
583 993 28 21 de
626 992 60 21 velat
701 991 69 22 hafva
785 992 72 28 sagdt,
878 990 36 22 för

87 1022 33 20 att
135 1020 30 27 vi,
182 1021 74 21 sävidt
271 1022 30 28 pä
316 1028 35 15 oss
360 1022 137 26 ankommer,
506 1022 70 21 brutit
591 1021 88 22 stafven
695 1021 62 22 öfver
774 1022 31 21 ett
821 1022 90 26 system,

87 1056 47 16 som
158 1051 137 21 motarbetar
322 1051 77 29 odling
424 1052 42 21 och
489 1052 137 28 upplysning
648 1052 7 21 i
686 1051 96 22 Finland
805 1051 43 21 och
878 1050 36 22 för

87 1081 33 21 att
142 1080 22 21 vi
188 1082 68 27 öppet
279 1081 42 22 och
341 1080 116 30 frimodigt
475 1080 106 30 framlagt
596 1083 55 20 vära
666 1081 132 28 bekymmer
819 1080 39 22 för
874 1081 40 20 vär

87 1110 102 21 monark.

159 1139 53 22 Men
228 1142 80 26 ytterst
323 1142 46 20 stär
384 1142 51 20 värt
450 1140 61 29 hopp
527 1141 34 21 till
571 1141 159 29 konungarnas
741 1140 100 28 konung,
852 1139 62 22 inför

87 1169 94 22 hvilken
195 1170 92 28 jordens
303 1170 100 28 mäktige
418 1170 65 22 skola
497 1170 54 28 böja
567 1171 34 28 sig
612 1171 42 21 och
665 1170 54 22 falla
729 1170 34 22 till
773 1170 61 28 föga.
855 1170 58 25 Han,

87 1206 48 14 som
152 1199 49 28 höjt
216 1200 107 22 Finlands
338 1200 47 22 folk
400 1200 50 22 frän
466 1200 126 22 hedendom
609 1201 42 21 och
666 1200 89 22 mörker
771 1200 34 21 till
822 1206 28 15 en
865 1199 49 21 kul-

87 1230 77 20 turens
186 1230 75 28 utpost
283 1230 6 21 i
306 1230 91 26 norden,
422 1230 51 22 Han
496 1230 57 22 skall
575 1230 52 22 med
643 1230 34 22 sin
693 1229 166 23 allmaktshand
876 1229 39 21 allt

89 1258 114 29 framgent
219 1260 87 28 skydda
321 1260 41 21 och
379 1260 72 28 stödja
467 1267 42 15 oss.

163 1289 117 22 »Fluctuat
302 1296 42 15 nec
368 1290 121 27 mergitur«
515 1289 50 22 blef
585 1290 38 21 det
645 1289 73 22 finska
741 1289 81 22 folkets
838 1288 50 27 öde;
906 1288 8 21 i

87 1317 102 29 bergfast
209 1319 34 21 tro
269 1320 30 27 pä
314 1319 49 22 dess
379 1318 91 22 framtid
486 1319 63 22 skola
564 1319 23 22 vi
603 1319 78 22 arbeta
695 1318 38 23 för
748 1319 51 21 dess
814 1317 100 23 välfärd.

88 1347 50 22 Den
155 1347 58 22 fasta
229 1348 146 23 tillförsikten
391 1349 41 21 och
444 1348 124 23 förtröstan
579 1350 30 27 pä
619 1348 120 22 framtiden
750 1348 57 21 skall
819 1348 19 28 ej
851 1347 64 22 svika

88 1384 42 15 oss.
162 1377 40 22 Att
225 1378 43 22 den
285 1379 79 21 hittills
380 1379 49 21 icke
445 1379 60 28 gjort
522 1379 43 25 det,
583 1378 76 22 derom
675 1378 62 22 skola
753 1379 74 20 denna
842 1377 72 22 landt-

89 1407 56 29 dags
161 1407 173 30 förhandlingar
349 1408 8 21 i
373 1408 34 21 sin
422 1410 54 19 män
491 1409 56 20 bära
561 1408 78 22 vittne.

161 1437 44 22 Det
222 1437 77 29 inlägg
315 1438 38 21 det
367 1438 143 29 högvördiga
525 1438 165 21 Presteständet
707 1437 60 29 gjort
782 1437 7 21 i
806 1437 62 22 detta
884 1443 31 14 ar-

89 1466 60 27 bete,
165 1467 42 21 har
229 1467 38 21 vid
291 1467 74 21 denna
386 1467 83 22 liksom
492 1468 38 21 vid
551 1467 140 28 föregående
706 1467 136 28 landtdagar
858 1466 58 21 varit

87 1496 175 28 betydelsefullt.
294 1496 31 22 Sä
347 1498 70 20 mäste
442 1497 38 22 det
501 1497 25 28 ju
550 1497 68 21 ocksä
642 1504 59 19 vara,
725 1497 28 21 dä
767 1496 25 28 ju
808 1496 108 21 Finlands
