1092 1720
195 68 43 28 666
441 75 125 24 Pappissääty
578 76 84 19 Toukok.
676 77 10 17 5
698 82 18 17 p.
730 77 46 17 1900

267 129 84 29 Biskop
370 130 106 29 Råbergh
499 131 42 21 har
556 131 72 21 under
642 131 80 28 början
738 130 26 22 af
777 131 106 22 debatten
899 130 122 22 framhållit

195 160 34 21 att
251 159 38 22 det
308 160 106 28 religiösa
429 161 74 21 sinnet
518 160 72 22 skulle
606 159 76 22 fordra
698 161 130 28 anslutning
842 160 35 22 till
893 162 32 21 ett
940 161 81 28 kyrko-

195 188 105 23 samfund
323 190 42 21 och
388 191 33 20 att
443 189 212 30 religionsutöfning
677 197 53 15 vore
754 197 28 15 en
805 189 57 29 följd
886 190 69 22 deraf.
986 190 35 26 Ja,

196 219 37 22 det
256 219 106 29 religiösa
385 220 73 22 sinnet
473 219 88 22 fordrar
576 219 194 30 religionsöfning,
787 227 52 15 men
856 220 73 22 denna
944 220 77 22 behöf-

195 256 40 15 ver
251 249 50 22 icke
318 250 41 21 och
375 250 41 21 bör
432 250 50 21 icke
497 250 65 21 bestå
577 250 6 21 i
601 250 156 28 iakttagandet
773 249 25 22 af
807 250 105 29 kyrkliga
924 257 97 15 ceremo-

195 279 49 22 nier
269 279 41 22 och
333 279 60 22 vissa
416 279 88 22 former.
536 280 53 21 Man
613 279 64 22 öfvar
696 280 96 29 religion
808 280 7 21 i
831 280 78 28 hvarje
925 281 72 26 stund,
1016 281 5 20 i

195 309 80 28 hvarje
298 309 111 29 handling
431 310 42 21 och
489 310 7 21 i
513 309 78 28 hvarje
613 310 75 26 tanke,
709 310 42 21 och
768 310 74 22 denna
857 310 165 28 religionsutöf-

195 339 56 28 ning
267 346 98 21 rymmes
384 339 46 22 lika
441 340 37 21 väl
489 341 61 20 utom
562 346 47 15 som
621 339 60 22 inom
692 339 219 29 kyrkosamfundens
922 342 99 27 gränser.

268 386 52 22 Man
343 387 40 22 har
407 387 67 22 också
493 387 56 22 talat
565 394 36 15 om
618 388 77 27 vigten
711 387 26 22 af
750 388 32 21 att
798 387 151 28 fullmyndiga
964 394 57 15 sam-

196 416 204 22 hällsmedlemmar
423 417 137 21 fortfarande
584 417 71 21 skulle
679 418 35 20 stå
728 417 72 21 under
815 417 91 28 religiös
922 417 99 28 ledning.

196 446 49 22 Den
262 445 72 23 första
349 447 166 21 reservationen
532 450 66 25 säger
613 448 29 27 på
658 446 40 22 sid.
715 447 35 26 33,
768 448 32 20 att
818 447 90 28 »hvarje
919 446 102 22 medbor-

196 482 61 22 gare,
282 476 66 22 äfven
369 476 57 22 efter
441 476 62 29 fylda
519 478 26 20 21
564 478 31 25 år,
612 477 42 21 bör
669 476 137 22 fortfarande
823 484 54 14 vara
892 476 71 22 under
979 476 43 22 den

196 506 107 28 religiösa
319 506 62 27 vård,
398 514 47 14 som
461 507 74 21 städse
550 507 102 21 kommer
668 507 83 21 honom
766 506 36 22 till
818 506 36 22 del
865 508 25 20 så
900 506 67 28 länge
977 506 45 22 han

196 535 77 22 tillhör
289 537 32 21 ett
336 536 60 22 inom
413 536 76 22 landet
505 536 141 22 existerande
662 536 198 28 kyrkosamfund.«
879 536 44 29 Jag
939 536 40 22 ber
990 538 32 20 att

195 565 24 22 få
235 566 73 22 dertill
332 567 105 27 genmäla
453 566 51 22 med
521 566 27 22 de
564 566 47 27 ord,
628 573 47 15 som
692 566 74 22 finnas
782 566 6 22 i
806 566 44 22 den
866 566 70 22 andra
951 573 70 15 reser-

195 596 107 22 vationen
313 598 30 27 pä
359 596 40 22 sid.
416 598 35 25 39,
468 596 40 22 der
523 598 144 20 reservanten
684 596 137 27 framhåller,
838 596 139 22 beträffande
994 597 27 21 de

196 625 83 29 odöpta
301 626 93 27 barnen,
419 628 32 20 att
477 627 40 22 »de
540 626 122 27 föräldrar,
678 627 78 21 hvilka
772 627 50 22 icke
838 627 46 21 låta
900 627 58 28 döpa
973 627 47 21 sina

195 656 64 26 barn,
281 655 103 23 anförtro
404 657 49 22 icke
468 657 72 22 heller
554 657 72 21 under
638 658 72 27 några
725 657 74 21 vilkor
815 657 75 21 dessas
906 657 115 21 undervis-

195 686 56 28 ning
271 687 22 20 ät
309 686 38 21 det
361 687 115 22 lutherska
498 687 186 28 presterskapet.«
718 687 56 21 Tror
789 693 53 15 man
858 687 28 21 då
902 687 33 21 att
950 686 71 22 föräl-

195 716 82 21 drarne
292 716 34 21 till
342 716 64 22 dessa
421 717 62 26 barn,
501 717 55 22 eller
571 715 149 23 öfverhufvud
736 717 108 26 den,som
860 716 82 22 önskar
957 717 64 21 träda

195 747 24 20 ut
238 745 50 22 från
305 746 43 22 den
363 746 115 22 lutherska
493 747 95 28 kyrkan,
605 745 115 23 anförtror
736 746 34 21 sin
786 753 58 22 egen
860 746 161 29 undervisning

196 776 23 21 åt
236 775 38 22 det
289 776 115 21 lutherska
423 776 181 29 presterskapet?
635 776 55 21 'Iror
706 783 52 15 man
775 776 118 29 verkligen
909 777 32 20 att
957 776 64 22 dessa

195 812 108 21 personer
318 805 137 23 fortfarande
471 808 34 19 stå
521 807 71 21 under
607 813 28 15 en
651 806 91 28 religiös
759 806 62 26 vård,
838 813 47 14 som
902 806 40 21 har
952 807 69 27 något

195 835 124 27 inflytande
342 837 30 27 på
395 836 64 22 deras
482 836 142 28 handlingar,
648 836 91 21 känslor
764 836 42 21 och
822 836 85 22 sinnen.
937 835 34 22 De
987 837 33 20 stå

195 865 47 21 helt
258 865 75 21 säkert
349 865 60 22 inom
424 866 88 28 kyrkan
528 866 68 21 minst
611 866 46 21 lika
673 866 92 28 mycket
776 866 54 20 utan
845 866 75 28 någon
931 865 90 29 religiös

195 894 94 29 ledning
304 902 48 14 som
369 896 27 21 de
412 896 71 21 skulle
499 897 40 25 stå,
556 902 37 15 om
610 896 27 21 de
652 896 84 21 tillätes
752 896 33 20 att
801 896 95 21 utträda.
927 895 45 29 Jag
982 896 39 20 vill

195 924 103 22 fortsätta
323 925 52 21 med
397 927 155 20 reservantens
573 926 49 21 ord:
642 925 80 22 »Detta
738 928 26 18 är
780 926 32 21 ett
827 924 92 28 faktum,
936 925 86 21 hvilket

196 954 51 22 icke
263 954 45 22 kan
324 955 52 21 med
391 956 72 28 några
478 962 48 15 som
541 955 59 22 helst
616 955 64 29 fagra
697 955 40 21 ord
753 954 99 23 häfvas.«
886 955 71 22 Dessa
972 962 49 21 per-

195 990 72 20 soner,
291 992 47 14 som
364 986 70 21 önska
457 986 64 21 träda
537 986 30 25 ut,
584 992 52 15 men
652 984 26 22 af
689 985 68 29 lagen
774 984 129 22 förhindras
919 986 33 20 att
967 988 55 25 göra

195 1014 44 26 det,
256 1016 87 27 utgöra,
360 1014 37 22 för
413 1016 32 20 att
460 1014 103 22 fortsätta
578 1015 52 21 med
646 1022 84 14 samme
746 1014 71 22 andra
828 1016 125 20 reservants
964 1016 57 20 utta-

195 1044 76 26 lande,
290 1044 152 23 »främmande
457 1046 104 20 utväxter
577 1045 61 21 inom
654 1045 43 21 den
713 1044 116 22 lutherska
844 1044 108 28 kyrkan.«<

267 1086 80 28 Någon
363 1086 41 22 har
419 1087 68 21 också
502 1086 39 22 vid
556 1086 187 22 remissdebatten
759 1087 51 27 sagt
826 1099 27 2 —
868 1086 41 28 jag
924 1088 47 19 tror
985 1086 36 22 det

195 1122 41 14 var
252 1117 91 27 prosten
359 1116 60 28 Lyra
435 1129 27 3 —
479 1117 33 21 att
527 1116 45 22 han
583 1123 70 21 gerna
664 1116 71 22 skulle
746 1115 116 29 medgifva
872 1116 78 28 hvarje
961 1116 60 21 med-

194 1145 97 29 borgare
315 1147 44 20 rätt
382 1147 32 20 att
437 1146 89 22 utträda
550 1153 26 14 ur
591 1146 94 28 kyrkan,
702 1152 37 15 om
755 1146 61 21 valet
831 1152 53 15 vore
901 1145 52 21 fritt.
985 1146 35 25 Ja,

192 1175 41 28 jag
257 1175 130 22 instämmer
410 1176 51 22 med
484 1177 90 27 prosten
598 1176 68 28 Lyra:
692 1176 61 21 valet
776 1178 25 18 är
820 1175 49 21 icke
885 1174 53 22 fritt.
970 1175 51 21 Men

195 1205 84 21 bandet
294 1206 81 21 verkar
391 1207 23 20 åt
430 1207 31 20 ett
477 1207 68 20 annat
560 1206 47 21 håll
623 1208 28 18 än
667 1206 44 21 han
728 1205 60 22 velat
802 1208 56 25 göra
868 1205 83 28 troligt.
977 1205 45 21 Det

194 1234 45 22 kan
263 1236 38 20 väl
325 1235 50 22 icke
398 1236 76 28 undgå
496 1237 82 27 någon,
602 1242 46 15 som
672 1236 52 21 med
748 1238 74 25 öppen
836 1235 61 21 blick
913 1235 109 28 granskar

194 1264 127 29 menskliga
343 1264 157 22 förhållanden
523 1266 43 21 och
584 1266 54 27 ting,
656 1266 33 20 att
704 1265 133 21 menniskan
854 1267 24 19 är
893 1265 90 21 bunden
999 1264 26 22 af

195 1294 43 21 den
252 1294 111 27 jordmän,
381 1295 40 21 der
436 1295 44 21 han
496 1296 54 20 växt
564 1302 52 21 upp,
634 1294 24 22 af
672 1295 43 21 den
731 1293 127 29 omgifning
873 1294 38 21 der
923 1294 43 21 han
977 1294 44 21 till-

194 1323 68 28 bragt
285 1324 49 21 sina
355 1323 74 23 första
445 1326 30 25 är,
493 1324 25 21 af
531 1325 27 21 de
574 1325 138 25 traditioner,
729 1325 29 27 pä
774 1324 77 21 hvilka
867 1324 43 21 han
926 1324 94 28 bygger,

194 1353 26 22 af
239 1353 28 22 de
291 1353 164 28 förhållanden,
473 1355 6 21 i
496 1355 76 21 hvilka
588 1355 45 21 han
648 1353 78 28 lefver,
744 1353 25 23 af
782 1354 64 28 slägt,
863 1356 91 24 vänner,
970 1353 52 22 hela

194 1384 120 22 samhället
330 1384 42 22 och
388 1386 33 20 att
437 1384 64 22 dessa
516 1384 61 22 band
592 1384 117 23 motverka
726 1385 31 21 ett
773 1384 133 21 utträdande
918 1382 49 23 frän
979 1384 43 21 den

193 1413 80 28 kyrka,
298 1414 7 20 i
330 1414 91 22 hvilken
444 1414 45 21 han
512 1414 63 22 vuxit
598 1422 52 20 upp.
682 1414 66 21 Valet
768 1416 24 19 är
808 1414 50 21 icke
873 1412 54 28 fritt,
944 1413 38 21 det
997 1416 25 18 är

193 1444 57 25 sant,
275 1450 52 15 men
351 1444 74 22 denna
444 1444 165 28 omständighet
625 1443 117 22 befordrar
758 1443 49 22 icke
823 1443 133 28 lösgörande
972 1442 50 22 från

193 1472 96 28 kyrkan.
