1100 1775
82 118 12 15 3
106 116 41 17 feb.
352 116 122 20 Kejserliga
485 115 155 17 meddelanden.
884 109 25 20 29

205 286 145 34 Fredagen
369 286 55 26 den
443 286 17 26 3
480 286 127 26 februari
624 286 40 26 kl.
682 287 16 25 7
717 294 22 18 e.
757 294 36 18 m.

154 361 43 20 Vid
212 361 115 21 värkstäldt
343 367 81 22 upprop
440 361 106 21 befunnos
556 361 140 20 fränvarande
707 361 38 20 hrr
758 360 153 24 Forselius,

84 389 184 27 Dahlström,
283 389 99 26 Malin,
397 389 105 26 Lindh,
518 389 157 22 Pelkonen
692 390 40 20 och
747 377 164 38 Stenström,

85 419 71 20 hvilka
179 418 88 21 anhållit
288 420 30 19 att
336 418 21 21 få
372 418 104 21 uteblifva
490 407 46 32 från
553 418 79 27 dagens
647 418 94 27 plenum,
757 418 83 21 hvartill
856 417 55 22 stån-

86 447 36 21 det
144 447 63 21 äfven
230 447 65 27 biföll,
313 447 26 20 hr
361 447 179 27 Appelberg
555 447 26 27 på
596 447 69 27 grund
681 447 21 20 af
717 447 58 20 förut
790 446 121 22 meddeladt

85 475 95 22 tillstånd
196 478 55 18 samt
266 475 25 21 hr
332 476 126 26 Boisman,
482 482 46 14 som
544 475 80 21 anmält
639 475 154 28 sjukdomsfall.

154 658 32 22 Hr
208 658 106 22 Sikios
335 658 99 21 anhållan
458 660 30 19 att
511 658 20 22 få
550 659 103 21 uteblifva
668 658 45 22 från
730 658 27 22 de
772 660 77 20 tvänne
864 660 48 19 när-

86 689 54 19 mast
154 687 94 27 följande
263 687 62 27 plena
341 687 75 21 bifölls.

157 847 33 21 Hr
212 848 121 21 talmannen
357 848 96 27 uppläste
468 850 79 19 tvänne
563 848 45 20 från
625 848 19 20 h.
660 854 45 15 exe.
721 848 193 27 generalguvernö-

87 882 38 15 ren
142 876 31 20 till
188 876 25 20 hr
228 876 123 21 talmannen
366 876 78 21 aflätna
459 876 123 21 skrifvelser
596 876 21 21 af
632 876 93 27 följande
741 876 93 27 lydelse:

649 980 132 27 Öfversättning
793 985 39 17 från
845 984 69 23 ryskan.

111 1037 369 28 GENERALGUVERNÖREN

291 1089 8 14 I

231 1128 125 20 FINLAND.

286 1167 32 7 -—
530 1157 40 20 Till
591 1157 25 20 hr
632 1157 122 21 talmannen
770 1157 33 21 för
818 1157 99 27 borgare-

180 1188 226 42 HELSINGFORS.
572 1186 89 21 ståndet.

163 1249 35 17 den
210 1249 54 21 19/31
276 1248 85 18 Januari
373 1248 54 18 1899.

264 1318 27 18 JM.
303 1318 28 18 83.

159 1416 42 20 För
222 1417 30 19 att
270 1415 174 27 borgareståndet
459 1415 104 27 delgifvas
578 1415 32 21 får
627 1415 36 27 jag
682 1415 98 21 meddela
795 1415 49 21 herr
859 1414 59 21 kom-

92 1444 129 21 merserådet
246 1446 29 19 att
296 1444 35 20 vid
355 1446 13 18 t.
392 1444 13 20 f.
428 1432 317 33 minister-statssekreterarens
769 1444 34 20 för
828 1442 90 22 Finland

91 1473 151 26 föredragning
263 1473 32 20 för
316 1472 79 21 HANS
417 1468 145 25 MAJESTÄT
581 1472 148 21 KEJSAREN
745 1472 22 20 af
781 1472 27 20 de
823 1472 36 24 tal,
873 1477 45 14 som

93 1501 193 21 landtmarskalken
303 1501 40 20 och
357 1500 123 21 talmännen
496 1500 61 21 hållit
567 1501 34 20 vid
612 1500 68 21 finska
690 1500 77 21 urtima
779 1487 141 40 landtdagens
