1100 1767
84 125 23 16 21
118 124 43 21 jan.
328 123 192 22 Borgareståndets
532 124 137 17 medlemmar.
899 119 14 20 3

153 193 32 20 för
207 192 104 28 Kajana:
337 192 213 27 justitierådmannen
574 193 6 20 i
603 192 85 27 Kuopio
712 192 53 21 Ivar
790 192 124 21 Alexander

85 221 115 27 Kyander;

154 261 33 20 för
203 260 90 23 Kaskö:
317 261 214 27 skolföreständaren,
550 261 180 21 tilosofiedoktorn
753 261 66 21 Albin
838 261 75 21 Lönn-

86 289 53 28 beck,
155 289 46 21 från
219 289 144 28 Helsingfors;

154 330 33 20 för
210 329 115 28 Kuopio:
349 329 328 21 döfstumsskoleföreständaren
704 330 85 20 Kustaa
813 329 100 21 Killinen

86 359 40 20 och
146 358 285 27 domkapitelssekreteraren
454 358 55 21 Karl
530 359 85 26 August
636 357 132 28 Herckman,
792 358 52 21 bäda
866 358 46 20 frän

87 387 76 20 nämda
179 387 55 26 stad;

155 427 32 20 för
203 425 175 23 Tammerfors:
395 426 133 21 fabrikanten
540 426 88 21 Henrik
638 426 74 21 Johan
723 427 113 27 Liljeroos,
847 427 64 20 stads-

87 455 92 27 läkaren,
203 455 227 21 medicinelicentiaten
459 454 86 26 Gustaf
563 455 88 27 Rudolf
674 455 87 27 Idman,
777 455 137 21 folkskolein-

92 484 99 27 spektorn
207 483 113 21 Jokannes
328 483 72 21 Adam
410 483 115 26 Pelkonen,
534 484 180 21 kommerserädet
722 484 86 20 Arthur
817 483 100 22 Sommer

88 513 39 20 och
141 512 126 21 redaktören
282 512 83 21 Kaarle
388 511 146 28 Viljakainen,
551 512 41 21 alla
608 512 46 21 från
669 513 153 25 Tammerfors;

156 553 32 20 för
204 552 134 22 Kexholm:
355 552 159 27 borgmästaren
529 553 7 20 i
552 559 81 14 samma
649 553 45 20 stad
710 553 55 20 Axel
784 552 129 25 Grönlund;

156 593 33 20 för
211 592 122 22 Joensuu:
355 592 201 28 häradshöfdingen,
579 593 128 27 lagmannen
730 592 63 21 Emil
816 591 103 28 Frithiof

88 620 117 27 Andersin,
222 621 46 20 frän
285 621 76 20 nämda
377 621 56 26 stad;

156 661 33 20 för
209 660 145 28 Jyväskylä:
378 661 158 27 borgmästaren
559 661 7 20 i
588 668 81 14 samma
688 661 46 21 stad
750 661 74 21 Frans
840 660 77 27 Alfrid

88 689 139 28 Aejmelaeus;

156 729 33 21 för
210 728 147 23 Sordavala:
382 729 197 27 seminariilektorn,
606 729 218 21 filosofiekandidaten
845 728 72 22 Arvid

91 758 107 21 Thorsten
213 757 79 28 Birger
310 757 89 27 Genetz,
415 758 46 20 från
478 758 77 20 nämda
570 758 55 26 stad;

157 798 33 20 för
212 796 37 24 S:t
270 797 102 22 Michel:
396 798 223 27 bankföreständaren,
639 798 193 27 häradshöfdingen
848 797 69 21 Ema-

89 827 52 20 nuel
156 826 100 26 Berneri,
272 826 47 21 från
334 826 66 27 sagda
415 826 56 26 stad;

157 866 34 21 för
205 866 116 22 Heinola:
338 866 126 21 redaktören
480 866 57 22 Eero
553 866 78 28 Erkko,
646 866 47 22 från
709 866 143 28 Helsingfors;

157 906 33 21 för
212 906 161 22 Mariehamn:
395 906 171 28 hamnkaptenen
593 906 67 22 Oscar
686 906 101 22 Wilhelm
809 906 108 27 Andsten,

88 934 47 21 frän
150 934 143 28 Helsingfors;

158 975 32 21 för
205 974 96 28 Hangö:
317 975 160 27 borgmästaren
493 974 108 22 därstädes
615 974 94 22 Fredrik
726 974 133 26 Stenström;

158 1016 33 20 för
211 1015 92 23 Kotka:
326 1015 144 21 stadsläkaren
495 1016 7 20 i
520 1022 81 14 samma
621 1016 53 26 stad,
690 1015 226 21 medicinelicentiaten

94 1044 47 22 Otto
157 1044 126 21 Immanuel
298 1044 132 29 Appelberg;
444 1044 41 21 och

159 1084 32 21 för
216 1084 105 22 Iisalmi:
346 1084 134 21 kamreraren
504 1084 74 21 Akseli
601 1084 87 27 August
708 1083 81 28 Lilius,
805 1083 46 21 från
866 1082 53 21 Hel-

92 1113 96 27 singfors.

163 1256 183 21 Generalkonsulin
377 1255 172 21 Wasenius,
575 1255 69 20 såsom
667 1255 39 21 den
731 1255 31 21 till
788 1255 49 20 åren
860 1254 59 26 älste,

94 1286 59 26 intog
173 1285 158 20 talmansstolen
355 1284 39 21 och
410 1283 94 28 yttrade:
535 1283 58 21 Mina
609 1284 63 20 ärade
687 1283 160 21 ständsbröder!
878 1282 42 21 Det

95 1315 23 20 är
133 1320 26 15 en
176 1313 149 27 betydelsefull
339 1313 65 26 fräga,
419 1319 46 14 som
482 1312 35 20 vid
533 1312 70 21 denna
618 1312 77 21 urtima
710 1312 101 26 landtdag
825 1312 95 20 kommer

94 1344 30 19 att
145 1342 118 27 föreläggas
283 1341 119 21 ständerna.
431 1340 42 28 Jag
488 1341 63 26 hyser
567 1340 41 21 den
623 1341 113 20 förtröstan
752 1343 35 24 att,
803 1347 34 14 om
854 1340 20 20 vi
889 1339 31 21 lo-

92 1371 39 27 jalt
145 1371 39 20 och
199 1370 109 27 frimodigt
323 1370 26 27 gä
363 1369 33 22 till
412 1369 45 20 värt
474 1369 51 24 värf,
541 1369 36 21 det
591 1369 54 21 skall
661 1369 73 27 lyckas
750 1375 34 14 oss
799 1371 31 18 att
846 1368 74 26 bringa

93 1399 70 21 denna
185 1399 58 26 fråga
263 1399 31 20 till
309 1405 26 14 en
351 1399 33 20 för
400 1398 36 21 vär
452 1397 88 21 monark
556 1398 39 20 och
611 1398 32 20 för
658 1397 46 22 vårt
718 1397 44 21 folk
777 1397 143 21 tillfredsstäl-

93 1427 62 21 lande
178 1427 89 27 lösning.
297 1427 10 20 I
330 1427 70 21 denna
421 1427 113 20 förtröstan
550 1426 70 21 hälsar
634 1427 35 26 jag
685 1433 29 14 nu
728 1426 57 21 Eder
802 1425 118 21 välkomna.
