1100 1761
185 121 39 21 102
496 118 205 33 Värnepliktslagen.
926 124 26 17 27
964 123 47 22 maj.

326 240 146 35 Lördagen
490 241 56 26 den
564 240 36 27 27
619 239 57 36 maj
696 239 39 27 kl.
752 238 33 27 10
803 238 18 27 f.
840 245 35 19 m.

255 310 40 20 Vid
307 310 115 21 värkstäldt
432 317 81 21 upprop
526 310 107 21 befunnos
641 310 36 20 hrr
691 310 148 26 Tallqvist
854 310 39 20 och
908 307 104 23 Herck-

184 345 40 14 man
261 338 145 28 frånvarande,
422 339 22 21 af
458 339 72 21 hvilka
546 339 40 21 den
595 338 136 22 sistbemälde
740 345 37 14 var
787 338 22 21 af
816 338 98 27 sjukdom
923 338 88 20 hindrad

185 369 29 19 att
229 367 195 22 tillstädeskomma.

253 516 113 28 Upplästes
381 517 32 21 till
428 517 104 27 justering
547 517 39 20 och
602 516 122 28 godkändes
741 518 29 19 ett
785 515 76 28 utdrag
876 522 26 14 ur
914 515 97 28 borgare-

186 544 95 22 ståndets
297 545 34 21 vid
347 547 84 20 senaste
446 545 87 28 plenum
550 545 59 21 förda
625 545 111 28 protokoll.

254 711 111 27 Upplästes
381 711 103 21 särskilda
500 711 46 21 från
559 710 139 22 medstånden
710 710 92 22 anlända
814 710 197 27 protokollsutdrag.

252 888 70 22 Bland
337 888 95 22 ståndets
447 889 139 21 medlemmar
600 888 54 22 hade
668 888 91 21 utdelats
771 887 240 27 värnepliktsutskottets

183 917 80 27 förslag
283 917 32 21 till
330 918 208 27 sammanjämkning
552 918 22 20 af
588 917 101 21 ståndens
704 916 121 28 skiljaktiga
841 916 69 20 beslut
926 916 34 20 vid
976 916 35 20 be-

183 946 130 26 handlingen
329 946 21 21 af
365 946 113 22 utskottets
493 946 134 21 betänkande
637 946 7 20 i
652 946 117 26 anledning
777 944 22 22 af
806 944 27 21 H.
841 944 25 21 K.
875 944 49 21 M:ts
935 944 76 27 nådiga

183 974 154 27 propositioner
352 975 49 21 med
417 975 78 27 förslag
510 975 32 21 till
557 974 195 28 värnepliktslag
767 974 33 20 för
815 973 197 21 storfurstendömet

183 1002 92 22 Finland
296 1003 39 21 och
351 1004 111 26 angående
478 1004 122 27 grunderna
615 1003 33 21 för
663 1003 26 21 de
704 1002 69 21 finska
789 1004 124 25 truppernas
929 1002 82 27 organi-

183 1032 68 20 sation
267 1032 40 20 och
321 1032 135 28 förvaltning.

252 1094 59 21 Efter
334 1094 36 21 det
392 1094 84 21 ståndet
498 1094 86 21 beslutit
606 1096 30 19 att
653 1094 132 21 omedelbart
800 1096 91 25 upptaga
906 1100 105 14 samman-

182 1122 223 28 jämkningsförslaget
420 1123 32 21 till
469 1123 133 27 behandling,
618 1123 98 27 föredrog
731 1123 25 20 hr
771 1122 122 22 talmannen

252 1185 12 27 $
282 1185 17 26 1,
315 1191 46 15 som
377 1185 74 21 härvid
467 1185 122 28 godkändes
605 1187 50 19 utan
672 1185 147 27 anmärkning.

250 1247 77 21 Likaså
342 1249 76 26 antogs
433 1248 11 27 $
461 1248 31 21 10.

250 1309 34 21 Hr
306 1310 124 21 talmannen
453 1311 82 26 yttrade
557 1310 51 21 härå
630 1313 35 24 att,
686 1309 26 22 då
728 1309 232 28 värnepliktsutskottet
976 1309 35 21 vid

182 1337 158 29 behandlingen
362 1339 22 20 af
399 1339 12 27 $
428 1339 41 21 123
485 1339 85 22 beaktat
584 1339 41 20 den
642 1339 90 26 ändring
749 1338 173 27 borgareständet
936 1338 76 21 önskat

182 1366 21 21 få
224 1367 72 21 införd
318 1368 31 20 uti
372 1368 13 26 &
408 1368 34 27 20,
457 1368 25 20 hr
496 1368 123 20 talmannen
635 1368 75 20 endast
726 1367 66 27 ansåg
808 1367 32 27 sig
855 1366 51 22 böra
920 1366 92 28 tillfråga

182 1395 85 21 ståndet
281 1396 106 21 huruvida
402 1396 84 21 ståndet
500 1396 112 28 godkände
629 1396 12 27 $
659 1396 41 20 123
715 1396 7 20 i
738 1396 42 20 den
796 1395 82 27 lydelse
888 1395 124 21 densamma

181 1430 31 14 nu
227 1424 37 20 vid
278 1425 236 27 sammanjämkningen
530 1424 88 27 erhållit,
629 1426 51 20 enär
688 1424 35 21 vid
732 1424 77 20 sådant
816 1424 130 20 förhållande
955 1423 56 21 stån-

181 1452 36 20 det
236 1452 47 21 icke
299 1452 91 21 behöfde
406 1453 143 27 uttryckligen
565 1453 73 27 frångå
654 1453 36 20 sitt
705 1452 90 27 tidigare
810 1452 129 21 beträffande
956 1452 12 27 $
984 1452 27 20 20

180 1480 81 21 fattade
276 1480 75 22 beslut.
381 1481 11 21 I
408 1481 116 28 anledning
539 1481 60 21 häraf
614 1481 70 21 anhöll
