1098 1775
183 108 27 20 98
431 114 142 17 Ekonomiska
585 114 183 20 angelägenheter.
928 114 26 16 25
966 114 47 20 maj.

321 226 163 35 Torsdagen
502 227 57 27 den
577 227 38 27 25
633 227 57 35 maj
709 227 39 27 kl.
766 228 16 26 7
800 235 22 19 e.
840 236 36 18 m.

252 296 42 20 Vid
313 296 116 21 värkstäldt
444 304 81 20 upprop
542 297 105 21 befunnos
663 298 36 20 hrr
713 297 113 27 Elving,
842 304 53 14 von
912 297 101 26 Pfaler,

183 323 150 29 Wegelius,
354 325 132 21 Jusélius
510 326 83 26 Ferd,
617 326 144 27 Tallqvist
786 326 39 21 och
850 326 161 21 Herckman

182 352 147 28 frånvarande,
345 353 22 21 af
383 354 71 20 hvilka
470 354 24 20 hr
508 354 123 21 Herckman
643 354 21 21 af
674 355 148 27 sjukdomsfall
836 362 36 14 var
884 354 129 22 urständsatt

182 383 30 19 att
227 382 129 27 uppkomma
371 383 40 20 och
427 383 26 21 de
469 383 67 27 öfriga
551 383 80 21 anmält
643 383 115 21 förhinder.

251 518 113 28 Upplästes
381 520 102 21 särskilda
498 520 46 21 frän
560 520 24 22 R.
600 528 17 14 o.
633 521 26 21 A.
675 521 91 21 anlända
782 520 197 28 protokollsutdrag.

249 662 118 29 Föredrogs
383 670 26 15 en
425 664 47 21 frän
488 665 155 21 statsutskottet
658 665 77 20 anländ
754 664 116 27 skrifvelse,
884 663 125 28 sälydande:

253 760 87 21 FINLANDS
361 757 95 25 STÄNDERS

194 811 316 24 STATSUTSKOTT

271 882 161 36 HELSINGFORS
598 888 40 20 Till
654 887 106 27 vällotliga
777 886 178 28 borgareständet.

257 932 34 17 den
303 932 26 17 24
341 933 40 21 maj
392 932 55 18 1899.

318 978 26 18 HM.
354 978 31 17 23.

252 1040 93 22 Härmed
361 1042 39 20 har
416 1042 155 21 statsutskottet
586 1044 50 18 äran
652 1042 98 20 meddela
766 1043 30 19 att
810 1041 102 21 utskottet
922 1041 32 21 för
962 1041 47 21 bor-

180 1069 147 27 gareständets
348 1070 136 26 sekreterare,
504 1070 213 28 justitieräämannen
738 1070 58 20 Axel
817 1070 115 20 Valdemar
946 1069 64 21 Lind-

180 1097 58 28 berg,
255 1098 84 20 hvilken
356 1098 69 22 under
440 1099 70 21 denna
525 1099 102 27 landtdag
642 1098 67 21 tillika
725 1098 119 28 tjänstgjort
859 1104 46 15 som
916 1098 93 21 ständets

179 1126 90 27 notarie,
292 1127 90 21 faststält
405 1134 27 14 en
448 1127 93 27 aflöning
557 1128 21 20 af
593 1127 53 21 Fmk
663 1127 47 21 650:
727 1140 27 2 —
770 1128 6 19 i
792 1127 111 25 mänaden,
918 1126 89 22 räknadt

177 1154 46 21 från
241 1155 42 21 den
299 1156 25 20 21
341 1156 130 20 sistförlidna
486 1156 89 27 januari,
591 1156 26 20 dä
633 1156 130 20 rådmannen
779 1155 107 27 Lindberg
902 1155 105 21 tillträdde

177 1183 32 20 sin
232 1183 125 28 befattning,
380 1184 31 21 till
427 1184 141 28 landtdagens
583 1184 131 25 afslutande;
731 1184 40 21 och
785 1184 69 21 skulle
870 1184 8 21 i
893 1184 69 21 denna
978 1184 30 21 af-

176 1211 76 28 löning
267 1212 72 28 tillika,
355 1213 26 27 pä
397 1215 41 19 sätt
453 1220 45 14 som
514 1214 61 26 förut,
590 1213 121 27 inbegripas
727 1213 117 27 ersättning
858 1212 35 21 för
907 1213 100 20 renskrif-

176 1240 52 28 ning
244 1241 22 20 af
281 1241 34 20 vid
331 1241 85 22 ständet
431 1242 138 21 förefallande
585 1242 151 27 expeditioner.

436 1304 31 21 Pä
482 1305 164 20 statsutskottets
663 1306 87 26 vägnar:

476 1367 101 21 Wilhelm
593 1367 123 21 Hackman.

888 1412 20 17 G.
921 1412 86 18 Granfelt.
