1100 1773
178 104 30 21 58
484 111 212 22 Värnepliktslagen.'
925 112 26 17 28
962 112 48 21 maj.

177 178 86 27 gående
291 179 111 28 kejserliga
426 180 132 21 manifestets
584 180 21 21 af
630 180 40 21 den
695 181 26 21 15
744 180 92 22 februari
857 180 67 28 jämte
939 181 70 21 därtill

179 208 96 20 hörande
297 208 213 28 grundstadgandens
528 209 141 27 oförenlighet
683 209 49 21 med
745 209 102 21 Finlands
865 210 144 25 konstitution,

178 236 75 21 hvilka
275 236 178 27 framställningar
475 237 50 27 ingä
546 238 7 20 i
577 238 119 21 utskottens
718 238 35 21 vid
776 238 70 21 denna
862 238 101 28 landtdag
978 238 30 21 till

177 265 117 21 ständerna
309 265 80 27 afgifna
404 266 134 26 utlätanden;
554 268 55 19 samt

250 296 31 18 att
295 294 100 27 slutligen
410 294 58 27 gifva
483 295 85 27 uttryck
584 295 21 21 ät
620 295 32 21 sin
669 295 161 27 beredvillighet
845 297 36 25 att,
896 295 113 21 efterkom-

180 322 78 21 mande
274 322 32 21 sin
322 322 104 28 lagenliga
442 323 59 28 plikt,
515 323 7 21 i
538 323 37 21 sak
592 324 72 27 pröfva
680 324 27 20 de
722 324 79 27 förslag
809 323 31 21 till
848 324 90 27 ändring
948 324 7 20 i
965 324 43 27 gäl-

179 350 65 22 lande
270 351 168 28 värnepliktslag,
464 352 71 21 hvilka
560 352 61 21 Hans
641 352 119 28 Kejserliga
781 352 98 28 Majestät
894 352 41 22 kan
950 352 58 21 finna

176 379 148 27 erforderliga,
346 380 24 20 sä
392 382 58 19 snart
470 380 64 28 nådig
552 381 130 27 proposition
699 382 73 20 härom
787 381 32 21 till
834 381 174 27 grundlagsenlig

153 430 3 2 .
179 407 132 29 behandling
328 408 74 22 varder
416 409 114 21 ständerna
545 409 114 28 förelagd.»

249 464 34 21 Hr
301 461 115 25 Öhman:
446 466 11 21 I
475 468 87 19 motsats
583 466 31 21 till
638 467 49 20 hrar
708 466 93 21 Jansson
824 467 40 20 och
878 466 54 21 Lille
947 472 61 15 anser

179 493 37 27 jag
239 495 31 19 att
288 494 114 21 ständerna
423 494 48 21 icke
486 495 140 26 ovilkorligen
643 495 50 21 böra
708 495 112 21 förutsätta
835 497 31 19 att
880 495 128 28 lagstiftnin-

178 528 43 21 gen
238 522 129 21 beträffande
382 523 26 20 de
424 523 76 27 nädiga
516 524 188 27 propositionerna,
720 530 45 15 som
781 530 30 15 nu
826 526 36 19 äro
878 524 87 21 föremäl
975 524 33 20 för

177 550 104 21 ständens
304 551 134 28 behandling,
461 552 52 21 skall
537 558 39 21 ega
601 559 46 14 rum
663 552 7 21 i
686 552 41 21 den
747 552 90 27 ordning
853 553 119 21 manifestet
986 553 22 22 af

178 579 44 20 den
238 579 28 21 15
281 579 96 22 sistlidna
392 580 93 21 februari
496 581 137 21 föreskrifver
648 581 51 21 eller
710 581 192 21 öfverhufvud
857 575 11 38 i
876 575 24 38 en
912 581 96 28 ordning,

175 607 112 22 stridande
303 610 44 19 mot
361 609 83 21 landets
460 609 134 28 grundlagar.

248 636 12 21 I
275 637 74 21 sådant
371 637 99 22 afseende
493 638 95 21 anhåller
605 638 36 27 jag
656 640 30 19 att
701 638 75 21 främst
791 638 21 21 få
826 638 54 21 fästa
895 638 112 28 uppmärk-

175 665 114 21 :samheten
311 665 74 22 därvid
408 669 30 18 att
459 667 26 20 de
509 667 76 27 nådiga
609 667 183 27 propositionerna
811 667 148 21 öfverlämnats
976 667 32 20 till

179 693 79 22 urtima
279 694 140 28 landtdagens
440 695 131 27 behandling
589 695 65 21 innan
671 696 120 21 manifestet
805 695 65 28 jämte
886 695 69 21 därtill
970 695 37 21 hö-

178 722 67 21 rande
270 723 202 28 grundstadganden
499 723 69 22 blifvit
595 724 108 21 utfärdadt
727 724 39 21 och
787 726 30 19 att
835 724 88 26 således,
941 723 67 27 enligt

177 750 79 22 sakens
276 753 67 22 natur,
359 752 26 21 de
400 752 132 21 sistnämnda
546 753 47 20 icke
607 753 64 21 borde
687 753 12 20 å
714 753 124 20 förberörda
853 753 153 27 propositioner

176 779 114 28 tillämpas.
321 780 36 21 Uti
378 781 68 27 punkt
469 782 12 20 3
504 781 21 21 af
547 781 77 21 nämda
646 781 204 28 grundstadganden
871 781 135 21 föreskrifves

178 808 46 21 åter
239 809 142 26 uttryckligen
397 811 30 19 att
441 809 125 22 hemställan
582 817 35 14 om
633 810 73 27 nådigt
722 810 93 21 tillstånd
831 809 128 22 beträffande
973 812 33 19 ut-

179 837 102 21 färdande
297 837 21 21 af
333 837 107 22 allmänna
455 838 103 28 rikslagar
573 838 53 21 skall
637 841 61 25 göras
709 839 21 20 af
742 839 158 20 vederbörande
911 838 95 21 minister

176 865 9 20 i
204 865 155 27 kejsaredömet
380 867 39 21 och
442 867 292 21 ministerstatssekreteraren
758 867 33 21 för
810 867 196 21 storfurstendömet

179 894 98 26 Finland,
291 895 54 21 efter
359 896 127 27 föregående
502 896 184 28 kommunicering
702 896 48 21 dem
765 896 97 21 emellan.
892 896 33 20 En
941 896 64 20 sådan

176 922 108 28 procedur
306 924 37 20 har
365 924 117 21 emellertid
505 924 47 21 icke
574 925 108 27 iakttagits
705 925 164 21 vidkommande
890 924 26 22 de
931 924 76 27 nådiga

178 952 183 26 propositionerna
378 953 60 20 »med
455 953 78 26 förslag
543 953 31 20 till
586 953 165 28 värnepliktslag
767 954 33 19 för
810 953 198 21 storfurstendömet

178 979 105 21 Finland»
300 981 39 20 och
360 981 121 26 »angående
496 981 123 28 grunderna
634 982 32 20 för
682 982 26 21 de
723 981 69 22 finska
808 984 124 25 truppernas
947 987 60 21 orga-

178 1008 94 21 nisation
288 1009 39 20 och
343 1009 148 28 förvaltning»>.

249 1037 46 21 Den
319 1038 156 27 omständighet
497 1040 30 19 att
549 1039 61 20 Hans
628 1039 98 27 Majestät
741 1039 103 26 Kejsaren
860 1039 39 20 och
915 1038 92 21 Storfur-

176 1067 49 19 sten
242 1065 35 21 vid
293 1066 164 26 godkännandet
472 1067 20 21 af
500 1067 26 21 de
540 1067 44 21 utaf
595 1067 184 26 krigsministern
773 1061 10 37 i
791 1067 153 27 kejsaredömet
954 1073 52 21 upp-

177 1094 77 27 gjorda
276 1095 78 26 förslag
369 1095 32 21 till
416 1095 130 28 proposition
562 1096 108 27 angäende
687 1096 138 27 utjämnande
841 1096 21 21 af
878 1096 40 21 den
935 1102 71 21 perso-

179 1122 57 21 nella
256 1123 39 20 och
315 1123 41 21 den
372 1123 118 22 finansiella
506 1125 210 26 värnepliktstungan
732 1125 7 20 i
754 1124 90 21 Finland
861 1125 39 20 och
915 1124 92 27 kejsare-

176 1151 81 26 dömet,
272 1151 71 21 hvilka
358 1152 71 27 frägor
444 1153 21 20 af
479 1153 61 20 Hans
555 1153 98 27 Majestät
664 1153 88 27 tidigare
763 1153 111 20 förklarats
886 1159 38 20 ega
935 1153 71 26 oskilj-

176 1179 70 27 aktigt
261 1180 101 21 samband
379 1181 47 21 med
443 1181 197 28 värnepliktslagen,
649 1181 94 21 anbefalt
751 1183 30 19 att
789 1181 26 21 de
823 1181 60 21 skola
892 1181 115 21 behandlas

176 1208 10 20 i
202 1208 41 21 den
260 1209 95 27 ordning,
370 1215 45 15 som
430 1209 70 22 finnes
514 1210 96 21 faststäld
622 1210 7 20 i
640 1210 118 21 änberörda
772 1209 234 28 »grundstadganden»,

178 1236 92 21 innebär
291 1237 46 21 icke
360 1238 67 21 häller
449 1245 26 14 en
499 1239 115 26 uttrycklig
632 1239 107 20 föreskrift
755 1238 71 21 därom
843 1240 30 19 att
888 1239 26 20 de
930 1237 76 28 nädiga

178 1265 183 27 propositionerna
378 1267 108 26 angäende
503 1267 190 27 värnepliktslagen
711 1267 40 21 och
763 1267 111 27 angäende
884 1267 122 27 grunderna

175 1293 37 20 för
227 1293 27 21 de
269 1293 68 22 finska
352 1297 125 25 truppernas
492 1295 143 27 organisation
646 1296 39 21 och
696 1296 130 27 förvaltning
836 1295 60 21 skola
907 1295 7 20 i
926 1301 80 14 samma

175 1321 95 28 ordning
291 1323 135 27 handläggas,
443 1326 23 25 ty
484 1324 67 27 enligt
565 1324 210 21 statssekretariatets
790 1323 112 22 skrifvelse
918 1323 32 21 för
966 1323 40 21 den

179 1351 64 25 15/27
268 1351 95 21 sistlidna
381 1352 53 27 april
446 1353 38 20 har
498 1352 60 21 Hans
574 1352 98 28 Majestät
687 1353 26 27 pä
728 1355 13 18 t.
758 1353 13 20 f.
787 1352 220 21 ministerstatssekre-

175 1383 99 17 terarens
296 1379 200 29 föredragningsnot
514 1381 6 20 i
536 1383 70 19 ämnet
622 1381 84 27 nädigst
721 1381 96 21 tecknat:
834 1381 120 27 »Frägorna
970 1387 37 14 an-

175 1407 86 27 gäende
284 1409 138 26 utjämnande
444 1409 22 21 af
487 1409 208 28 värnepliktstungan
719 1409 61 22 skola
802 1410 99 20 hänföras
922 1409 31 21 till
969 1409 38 20 all-

178 1437 80 20 männä
280 1437 222 28 riksangelägenheter
528 1440 54 19 samt
606 1440 75 25 genast
705 1438 143 21 öfverlämnas
873 1438 32 21 till
930 1437 77 21 urtima

177 1463 141 29 landtdagens
337 1466 129 21 utlätande».
496 1466 60 21 Hans
571 1466 109 27 Majestäts
694 1467 109 21 föreskrift
819 1467 37 20 bör
871 1466 68 21 tolkas
954 1465 54 22 efter

175 1493 70 20 orden
268 1494 39 20 och
330 1494 104 21 utesluter
456 1495 70 20 därför
546 1495 47 21 icke
609 1495 41 21 den
667 1495 136 27 uppfattning
818 1495 21 21 af
854 1495 65 21 saken
935 1497 30 19 att
981 1495 26 20 de
