1103 1786
193 107 27 21 66
475 110 205 30 Värnepliktslagen.
934 114 26 17 23
972 113 48 22 Maj.

262 182 12 21 I
296 183 60 21 förkl.
377 183 10 21 I
407 183 36 21 sid.
460 184 26 20 91
511 184 58 21 heter
593 184 35 21 det
651 186 30 19 att
709 183 110 27 »Finland,
844 183 69 20 såsom
943 189 88 21 genom:

193 212 129 27 vapenmakt
336 212 97 21 förenadt
447 212 49 21 med
512 213 162 26 kejsaredömet,
690 212 37 21 bör
742 212 70 21 såsom
822 211 105 28 riksspråk
937 212 37 20 hos
987 211 32 27 sig

193 240 94 21 erkänna
310 241 92 21 hvarken
425 241 90 21 svenska
538 241 52 21 eller
612 241 74 26 finska,
709 244 50 18 utan
776 241 64 26 ryska
856 240 89 27 språket,
961 240 6 21 i
983 246 36 15 an-

193 269 78 20 seende
294 269 83 21 hvartill
392 269 96 27 Finland,
503 269 70 21 såsom
589 276 26 15 en
631 269 50 27 rysk
697 270 92 27 provins,
804 269 47 20 icke
868 269 39 20 kan
925 269 94 21 betrakta

193 303 71 20 ryssar
286 297 68 21 såsom
376 298 91 20 varande
490 299 21 19 af
525 298 133 21 främmande
673 298 128 20 härkomst».
831 297 50 21 Som
897 303 70 21 synes,
982 299 38 25 gör

193 326 94 20 komitén
310 326 37 20 här
368 326 60 21 äfven
453 326 102 27 utflykter
577 326 27 28 på
624 326 35 21 det
678 326 164 28 språkpolitiska
858 326 94 20 området
973 326 46 26 och,

193 360 45 15 som
262 354 35 21 det
319 361 65 21 egnar
406 362 25 14 en
454 355 139 27 sannskyldig
608 355 164 26 militärkomité,
788 354 92 21 öfverför
896 354 123 21 densamma

193 383 41 21 den
253 383 55 21 enda
323 383 146 28 saliggörande
485 384 274 27 uniformeringsprincipen
776 383 64 21 också
856 383 31 21 till
903 383 56 21 detta
975 389 43 13 om-

192 411 56 27 råde,
272 412 39 20 och
334 412 35 21 det
392 412 94 27 vägande
509 413 88 20 motivet
619 412 110 28 härvidlag
749 414 23 19 är
792 412 134 26 naturligtvis
941 417 78 21 vapen-

193 440 91 26 makten,
307 440 129 28 eröfringens
459 443 45 19 rätt.
534 441 38 21 Att
595 441 36 21 det
652 441 69 21 finnes
743 440 32 22 till
791 440 69 27 någon
877 446 70 15 annan
963 440 56 26 slags

192 470 40 20 rätt
247 469 7 20 i
271 468 84 22 världen
372 472 26 18 än
414 470 98 26 styrkans
527 470 40 20 och
583 470 132 26 eröfringens
730 476 64 20 synes
814 470 19 26 ej
851 469 93 21 komitén
957 468 61 21 hafva

192 498 69 27 någon
286 498 64 27 aning
365 505 40 14 om.
435 498 52 21 Lika
502 498 46 21 litet
563 505 65 21 synes
643 505 48 14 man
708 498 26 28 på
750 498 61 21 dessa
827 498 43 20 håll
885 498 63 20 hafva
963 497 55 27 gjort

192 527 32 27 sig
246 526 51 21 reda
312 526 32 21 för
358 527 55 21 hvad
429 534 46 14 som
491 534 73 14 menas
579 527 49 21 med
643 526 165 28 fädernesland.
840 526 30 21 På
885 526 41 21 den
942 526 76 26 III:dje

192 555 60 21 förkl.
273 555 50 21 sista
345 556 45 20 sida
406 556 102 20 förklaras
523 556 124 27 visserligen
663 555 97 21 finnarna
776 562 50 14 vara
842 555 31 21 till
889 555 46 21 sina
951 554 66 21 »före-

192 584 130 26 ställningar,
347 584 128 27 uppfostran,
501 585 97 20 karaktär
624 591 27 14 m.
677 591 25 14 m.
730 584 130 26 fullkomligt
887 583 131 20 främmande

192 611 33 22 för
247 619 119 20 ryssarna»,
389 619 47 14 men
459 614 73 19 nästan
553 613 7 20 i
583 619 81 14 samma
688 613 110 26 andedrag
823 612 134 27 pretenderas
983 611 36 20 det

192 641 54 20 dock
272 647 44 14 som
341 641 142 27 »nödvändigt
505 643 30 19 att
557 641 98 21 finnarna
678 641 96 21 betrakta
797 641 154 26 kejsaredömet
973 646 45 14 som

192 669 36 21 sitt
242 676 158 21 gemensamma
411 670 168 21 fädernesland».
601 670 50 21 Just
661 670 41 21 den
713 669 183 27 omständigheten
909 672 30 18 att
948 674 70 21 ryssar

192 698 39 21 och
254 697 70 22 finnar
346 700 35 19 äro
396 699 69 20 skilda
480 699 44 20 folk
539 699 49 20 med
604 705 27 14 en
646 699 130 26 fullkomligt
791 698 57 21 olika
860 697 158 22 kulturutveck-

191 727 45 27 ling
259 729 23 18 är
305 727 33 20 väl
360 727 63 21 också
445 727 89 21 orsaken
558 727 31 21 till
608 729 30 19 att
660 727 26 21 de
708 727 63 21 hafva
788 727 56 20 olika
859 726 158 25 fädernesland;

192 755 57 21 detta
272 755 86 21 hindrar
380 756 53 21 dock
455 757 19 26 ej
498 758 30 19 att
547 756 26 21 de
597 756 72 21 kunna
684 756 146 27 sympatisera,
846 761 48 15 men
911 761 25 14 en
953 755 65 20 sådan

191 784 92 27 sympati
306 784 75 27 skapas
404 785 51 21 allra
478 785 64 20 minst
559 791 77 20 genom
653 785 125 26 aktstycken
795 784 21 21 af
832 784 40 21 den
889 786 67 22 natur,
972 789 45 14 som

192 813 26 20 de
238 813 151 27 föreliggande,
410 813 37 21 där
462 813 36 21 det
514 813 107 27 vidlyftigt
637 813 96 27 utlägges
754 813 103 20 hurusom
874 812 40 21 den
931 818 86 21 svagare

191 843 75 25 parten
289 841 18 27 ej
331 842 37 20 har
391 841 68 28 någon
483 849 70 14 annan
576 844 40 19 rätt
638 844 30 19 att
689 842 37 20 lita
749 841 32 21 till
797 843 26 19 än
840 841 55 20 hvad
911 841 105 20 eröfraren

191 870 133 27 godtyckligt
338 870 92 26 behagar
447 871 116 20 »förklara»
581 877 45 14 som
641 873 46 18 rätt.
712 870 33 21 Då
761 870 36 21 det
812 870 66 26 gäller
893 872 29 18 att
933 869 85 27 plädera

191 898 32 21 för
247 898 36 20 vår
306 899 122 21 nuvarande
450 905 83 15 reservs
555 898 130 22 afskaffande
708 898 31 21 till
763 898 82 21 förmån
868 897 34 21 för
917 900 101 24 systemet

191 926 49 21 med
262 926 54 22 ökad
340 927 57 21 aktiv
419 928 107 26 tjänstetid
547 928 47 26 (och
609 928 73 26 längre
698 927 140 21 kvarstående
855 926 34 21 vid
906 927 111 25 reserven),

191 957 59 25 tager
273 962 48 14 man
343 956 35 20 det
398 956 17 27 ej
432 956 67 21 häller
513 956 24 20 så
551 962 55 21 noga
622 956 48 20 med
686 956 108 20 siffrornas
809 955 63 27 logik.
902 954 34 21 Då
952 954 65 20 kallas

191 984 91 26 900,000
298 984 50 27 fmk,
364 984 40 21 den
419 984 123 21 nuvarande
558 984 65 27 årliga
639 984 117 21 kostnaden
770 984 32 20 för
820 990 109 14 reservens
939 983 78 21 utbild-

191 1013 57 27 ning,
272 1019 24 14 en
323 1013 101 27 »ofantlig
438 1020 89 19 summa,
543 1013 86 21 hvilken
645 1013 68 21 hvilar
728 1015 62 25 tungt
806 1012 26 28 på
847 1012 101 21 Finlands
965 1011 52 21 bud-

190 1043 54 25 get».
276 1040 27 22 Sä
325 1041 53 21 låter
400 1042 40 26 det,
463 1042 27 20 då
511 1048 50 14 man
577 1042 37 20 vill
637 1042 87 20 afskaffa
743 1041 37 21 vår
796 1040 156 24 nationalmilis,
968 1046 48 14 men

191 1070 69 20 skulle
282 1070 35 20 det
332 1070 55 26 gälla
402 1072 30 19 att
446 1070 33 21 för
493 1070 65 21 andra
574 1070 99 21 ändamäl
688 1072 26 18 än
731 1070 57 20 detta
804 1070 21 20 ät
840 1070 78 26 krigets
933 1068 84 21 Moloch

190 1098 52 21 offra
258 1104 26 15 en
300 1098 53 26 årlig
368 1105 81 14 summa
466 1099 21 21 af
501 1099 28 21 tio
546 1099 99 27 miljoner
661 1099 65 27 mark,
741 1098 28 21 dä
784 1104 62 15 anses
859 1104 97 14 summan
968 1097 49 21 obe-

190 1126 74 28 tydlig.
294 1126 63 21 Hvad
378 1127 54 21 skall
453 1134 48 14 man
516 1129 51 25 säga
582 1134 34 14 om
632 1127 85 27 logiken
734 1127 39 21 och
790 1126 159 21 konsekvensen
965 1126 6 20 i
987 1127 30 19 ett

190 1155 49 21 slikt
262 1156 169 27 resonnemang?
453 1156 37 20 Uti
513 1156 42 20 alla
578 1156 26 20 de
623 1156 55 20 olika
694 1155 248 27 komitöförklaringarna
957 1154 60 27 ingår

190 1184 69 20 säsom
283 1190 26 14 en
330 1184 90 21 ledande
440 1184 46 21 träd
502 1184 131 21 sträfvandet
647 1187 29 18 att
691 1184 27 27 pä
733 1184 57 21 olika
806 1184 100 20 omräden
922 1183 94 20 tillintet-

189 1214 51 25 göra
256 1211 38 21 vär
309 1212 114 21 nationella
438 1213 91 26 tillvara;
547 1212 71 21 därför
634 1213 65 20 kallas
715 1212 199 21 storfurstendömet
926 1211 89 21 Finland

189 1241 27 20 de
238 1241 70 20 finska
330 1241 70 26 länen,
422 1241 71 21 därför
513 1241 103 21 förklaras
636 1241 77 27 ryskan
736 1241 52 20 böra
804 1240 59 21 träda
878 1240 7 20 i
901 1239 68 22 stället
984 1240 32 20 för

188 1269 84 21 landets
294 1269 69 27 spräk,
385 1269 70 22 därför
477 1270 62 26 fyller
561 1269 38 21 vär
622 1269 123 21 nuvarande
766 1270 58 20 armö
844 1269 19 26 ej
880 1269 31 20 sin
928 1268 87 27 uppgift,

189 1298 72 20 därför
283 1298 98 27 angripas
403 1298 58 21 såväl
482 1298 83 21 landets
584 1298 172 27 representation,
772 1297 120 26 ständerna,
907 1303 44 14 som
968 1297 48 20 dess

188 1326 112 21 inhemska
315 1327 103 26 regering,
434 1329 92 18 senaten.
556 1327 50 20 Men
621 1327 8 20 i
644 1329 26 18 än
685 1327 65 26 högre
766 1326 52 27 grad
834 1327 25 20 än
875 1326 6 19 i
897 1325 26 21 de
939 1325 76 20 nämda

188 1355 169 26 förklaringarna
380 1355 55 21 visar
455 1355 32 28 sig
508 1355 70 21 denna
593 1355 109 27 fiendtliga
717 1355 108 26 stämning
839 1355 7 20 i
862 1354 25 21 de
904 1353 53 21 bäda
973 1359 42 15 me-

188 1383 76 21 morial
279 1383 47 21 frän
341 1384 64 26 ryska
420 1384 188 27 krigsministeriet,
621 1384 71 20 hvilka
703 1384 63 20 äfven
778 1383 107 27 delgifvits
897 1382 118 21 ständerna.

187 1411 40 21 Till
243 1418 27 15 en
286 1411 74 28 början
375 1413 35 20 mä
425 1412 84 21 anföras
530 1414 30 19 att
575 1413 58 20 detta
648 1412 142 21 ministerium
806 1412 56 20 visar
877 1417 26 15 en
919 1417 42 20 nog
973 1412 43 19 stor

188 1440 132 27 okunnighet
334 1441 7 20 i
357 1441 26 20 de
398 1441 75 27 frägor,
489 1447 34 14 om
539 1441 72 20 hvilka
626 1441 35 21 det
676 1441 23 20 sä
714 1440 117 21 tvärsäkert
846 1442 67 25 yttrar
928 1439 37 27 sig,
975 1439 39 20 och

188 1475 45 14 som
257 1469 131 27 exempelvis
411 1470 55 20 visar
488 1469 32 27 sig
543 1469 45 21 däri
611 1472 30 18 att
662 1469 25 21 de
706 1469 60 21 delar
781 1469 21 20 af
817 1468 198 27 värnepliktslagen,

187 1496 73 22 hvilka
282 1497 19 27 ej
325 1497 99 21 hänföras
446 1498 31 20 till
499 1498 111 27 grundlag,
632 1498 67 20 kallas
724 1499 131 25 »temporära
878 1496 137 28 stadganden,
