1103 1775
193 119 12 19 2
438 125 191 21 Borgareständets
641 126 135 17 medlemmar.
941 126 24 17 21
977 126 44 21 jan.

260 193 33 21 för
308 193 100 23 Lovisa:
425 194 58 21 äldre
499 194 82 21 läraren
598 194 34 21 vid
644 194 148 28 polytekniska
802 194 111 27 institutet,
925 195 97 27 ingeniö-

192 228 37 14 ren
248 221 52 22 Carl
316 222 62 21 Emil
393 222 124 28 Holmberg,
534 223 45 21 från
596 222 147 28 Helsingfors;

260 268 34 20 för
311 268 136 27 Uleåborg:
472 268 217 21 bankföreståndaren
708 268 74 21 Johan
801 268 93 21 Fredrik
909 268 110 26 Kerttula,

192 296 253 21 vicelandssekreteraren
468 297 69 20 Jakob
553 297 56 20 Axel
628 297 111 20 Levonius
754 297 40 20 och
810 297 211 27 provincialläkaren,

192 325 114 21 medicine-
329 325 38 20 och
391 325 184 27 kirurgiedoktorn
598 325 57 21 Karl
674 326 93 20 Konrad
785 325 114 27 Relander,
916 325 41 21 alla
972 326 45 20 från

194 353 114 28 Uleåborg;

260 399 33 21 för
312 399 168 22 Nikolaistad:
501 399 179 21 kommerserådet
695 399 103 21 Joachim
814 399 84 21 Kurtén
915 400 39 20 och
973 399 47 21 hof-

193 429 159 20 rättsassessorn
368 428 75 21 Frans
463 428 75 21 Viktor
553 428 115 26 Eriksson,
684 428 54 21 båda
753 428 46 21 från
816 428 77 21 nämda
909 428 57 26 stad;

260 474 32 21 för
318 473 164 29 Björneborg:
506 474 154 26 handlandene,
682 473 137 22 vicekonsuln
842 473 73 22 Frans
934 473 85 22 Henrik

193 502 75 21 Malin
291 503 37 20 och
353 502 65 21 Fritx
440 503 70 20 Artur
529 502 100 21 Juselius
644 505 54 18 samt
714 502 192 27 häradshöfdingen
924 502 96 21 Theodor

194 530 94 28 Leopold
302 531 52 26 Eck,
369 531 41 21 alla
426 531 46 20 från
487 531 143 27 Björneborg;

260 577 33 21 för
308 576 106 23 Torneå:
431 577 131 27 redaktören,
573 577 204 27 filosofiemagistern
791 577 52 21 Nils
860 577 74 21 Viktor
941 576 78 28 Alfred

192 605 102 27 Löfgren,
310 606 46 20 från
372 606 144 27 Helsingfors;

260 652 32 20 för
308 651 92 27 Borgå:
417 652 143 20 stadsläkaren
577 652 113 25 därstädes,
707 651 226 21 medicinelicentiaten
944 651 75 21 Johan

191 680 75 20 Albert
281 680 87 25 Lindh;

260 726 32 21 för
312 726 151 28 Nykarleby:
483 726 208 27 provincialläkaren,
710 726 227 21 medicinelicentiaten
960 724 60 22 Karl

191 755 91 20 Anselm
299 755 79 21 Alarik
393 755 91 27 Achren,
500 755 46 20 från
562 755 65 27 sagda
643 755 56 21 stad;

260 795 32 21 för
308 794 199 28 Gamlakarleby:
523 795 137 21 handlanden
677 795 52 20 Karl
741 794 101 21 Herman
852 794 110 26 Renlund,
970 794 47 20 från

190 823 133 27 Helsingfors
331 831 4 18 ;

259 864 33 20 för
307 863 104 28 Nystad:
427 864 183 26 öfveringeniören
627 863 85 21 Henrik
729 863 96 21 Theodor
842 862 110 27 Tallqvist,
969 862 47 21 från

190 891 146 28 Helsingfors;

259 932 33 21 för
306 931 108 22 Ekenäs:
423 932 222 27 seminariidirektorn,
653 931 203 27 filosofiemagistern
867 931 90 21 Fredrik
972 930 45 21 Vil-

189 961 58 20 helm
264 960 116 27 Sundvall,
396 961 46 20 från
459 961 76 20 nämda
551 961 58 26 stad;

258 1001 33 20 för
315 999 176 24 Kristinestad:
515 1000 179 21 kommerserådet
717 1000 79 27 Alfred
819 999 125 27 Carlström,
969 999 46 21 från

189 1029 79 21 nämda
282 1029 58 26 stad
329 1025 14 35 ;

258 1069 32 21 för
314 1068 140 23 Nådendal:
484 1069 214 27 senatskamreraren,
720 1067 295 28 jurisutriusgvekandidaten

188 1097 89 28 Rudolf
290 1097 126 21 Inmanuel
431 1097 104 27 Erenius,
549 1097 47 21 från
612 1097 143 28 Helsingfors;

258 1137 32 21 för
304 1137 149 22 Jakobstad:
468 1137 239 28 justitieborgmästaren
723 1137 6 20 i
742 1137 107 27 Uleåborg
860 1136 72 21 Johan
944 1136 71 21 Leon-

187 1165 57 22 hard
260 1166 108 26 Pentzin;

258 1206 32 21 för
304 1206 203 22 Fredrikshamn:
524 1213 108 15 assessorn
648 1206 6 20 i
668 1206 144 27 tullstyrelsen
828 1205 63 21 Toivo
901 1204 114 22 Johannes

187 1234 117 28 Boisman,
320 1235 46 21 från
383 1235 145 27 Helsingfors;

256 1276 32 20 för
303 1275 208 23 Villmanstrand:
535 1275 216 21 bankföreständaren
766 1274 60 22 Juko
841 1274 115 26 Pelkonen,
966 1274 47 20 från

187 1304 78 20 nämda
281 1304 57 26 stad;

256 1344 33 20 för
322 1343 163 22 Tavastehus:
515 1344 203 26 landskamreraren,
744 1342 156 22 kammarrådet
933 1342 87 27 Gustaf

191 1371 95 21 Vilhelm
301 1372 136 26 Liukkonen,
452 1372 46 21 från
514 1372 65 28 sagda
594 1372 57 26 stad;

256 1412 32 20 för
303 1412 109 27 Nyslott:
430 1412 214 21 bankföreständaren
661 1412 124 21 Alexander
800 1411 68 25 Sikio,
878 1411 45 21 från
937 1410 76 21 nämda

185 1440 60 26 stad
234 1436 15 34 ;

256 1480 31 21 för
310 1480 148 22 Brahestad:
487 1480 193 27 kollegiiassessorn
710 1479 48 22 Uno
780 1481 90 25 Kurten,
893 1479 46 21 frän
961 1479 52 20 Hel-

185 1508 104 27 singfors
281 1504 12 35 :
