1103 1773
179 104 28 20 52
497 101 205 36 Värnepliktslagen.
923 110 26 17 23
961 110 49 21 maj.

179 178 80 21 hvilket
272 178 18 20 vi
308 178 58 21 alltid
382 178 49 22 stätt
445 178 40 22 och
501 179 63 21 äfven
580 178 107 28 framgent
703 179 50 27 vilja
767 178 33 21 stä
815 178 27 28 pä
856 178 41 28 god
909 179 36 25 fot,
957 181 52 19 utan

179 208 30 20 att
229 206 51 22 våra
303 207 138 21 vedersakare
463 208 64 20 hafva
550 208 37 20 sitt
606 214 106 21 ursprung
728 214 26 14 ur
769 207 35 21 det
820 207 79 25 mörka,
914 208 95 25 hatfulla,

180 235 35 21 det
226 235 136 22 smäsinnade
377 236 113 26 Ryssland,
505 236 36 21 det
555 236 113 26 Ryssland,
684 242 46 15 som
746 235 78 21 skadar
838 236 32 27 sig
884 236 63 27 själft.
976 236 33 21 De

179 264 110 21 triumfera
314 270 35 20 pu,
374 264 60 21 dessa
455 264 190 22 naturförbättrare
668 265 38 21 och
730 264 77 28 hjältar
830 264 21 21 af
873 264 75 28 dagen,
969 265 39 21 och

179 293 84 21 minnas
289 293 18 27 ej
333 295 30 19 att
385 294 59 20 öfver
465 300 35 14 oss
521 293 42 21 alla
585 294 43 20 stär
646 293 83 21 Herren
746 293 54 26 Gud,
816 293 56 21 inför
886 293 86 21 hvilken
988 294 20 20 vi

180 321 41 21 alla
236 328 27 14 en
280 322 41 26 dag
335 322 60 20 skola
410 322 31 21 stä
457 322 32 21 till
505 328 60 15 svars
580 322 33 21 för
629 322 49 21 våra
694 322 132 27 handlingar.
849 322 70 27 Tungt
935 322 39 20 blir
982 322 27 20 dä

180 352 98 19 ansvaret
292 350 33 21 för
340 350 84 26 enhvar,
440 357 46 15 som
502 350 77 22 kränkt
595 351 26 21 de
637 357 70 21 svaga,
722 351 42 20 han
780 350 35 21 mä
830 350 64 21 sedan
911 350 32 21 stä
953 351 55 20 huru

179 378 43 27 lägt
244 378 53 21 eller
322 379 56 20 huru
399 379 50 27 högt
468 386 45 14 som
530 379 55 21 hälst
600 379 27 28 pä
642 379 182 25 samhällsskalan,
840 379 40 21 och
895 381 74 25 tyngre
984 379 24 27 ju

179 407 65 27 högre
260 407 41 21 han
317 407 47 21 stär.

248 435 63 21 Hvad
327 436 99 22 särskildt
441 436 245 28 värnepliktsutskottets
700 436 116 27 lagförslag
829 435 132 22 vidkommer
971 436 37 20 ber

179 464 35 27 jag
236 466 31 19 att
289 464 7 20 i
319 464 40 21 allo
382 465 21 21 fä
426 465 87 21 omfatta
536 465 123 21 detsamma.
689 465 41 27 Jag
748 466 58 20 inser
821 471 46 15 mer
881 466 27 19 än
924 464 32 21 väl
978 466 30 19 att

180 493 55 20 vissa
259 493 129 27 berättigade
411 494 91 27 anspräk
525 494 26 27 pä
574 500 35 15 oss
624 494 74 20 kunna
713 494 78 26 ställas,
808 496 30 18 att
854 493 20 21 vi
889 493 62 21 hafva
967 493 41 21 för-

181 522 109 26 pliktelser
304 524 108 24 gentemot
426 522 113 27 Ryssland,
555 522 48 22 dem
620 523 21 20 vi
651 522 51 21 böra
715 522 68 27 vidgä,
795 528 48 15 men
854 528 34 14 om
900 522 107 26 värkligen

180 550 19 26 ej
215 550 35 21 det
265 550 63 28 lojala
344 551 70 21 anbud
431 551 56 21 detta
509 551 115 27 lagförslag
645 551 89 21 innebär
748 550 70 22 skulle
830 550 95 22 befinnas
935 553 73 25 antag-

179 578 44 28 ligt,
244 579 28 21 dä
293 580 35 20 mä
350 586 48 14 man
420 580 19 26 ej
455 580 67 20 häller
537 580 88 20 förväna
641 580 31 26 sig
688 580 59 20 öfver
763 586 34 14 om
813 580 8 20 i
836 579 22 21 sä
875 579 36 21 fall
926 580 35 20 det
975 579 33 21 in-

180 607 60 27 tryck
264 608 38 20 här
323 608 69 21 blefve
414 608 98 27 gällande
533 611 30 18 att
582 615 50 14 man
648 608 68 27 aldrig
732 608 106 27 allvarligt
853 608 76 25 äsyftat
945 608 63 27 nägot

180 636 48 20 med
244 638 32 19 att
290 637 112 27 hänskjuta
418 636 73 28 frägan
508 637 30 21 till
555 637 141 27 landtdagens
713 636 135 28 behandling.
873 636 55 22 Hela
939 636 69 22 denna

180 664 76 28 vädjan
272 666 39 20 har
325 665 27 21 dä
367 666 74 21 endast
457 666 53 20 varit
525 672 26 14 en
567 669 44 17 tom
626 666 91 20 komedi.

248 722 34 21 Hr
306 722 195 28 Schybergson:
532 722 33 22 Dä
590 723 71 21 denna
686 723 102 27 landtdag
811 723 72 26 vidtog
905 722 48 22 med
973 723 35 21 sitt

179 751 78 27 arbete,
273 751 80 21 kändes
376 752 35 20 det
434 754 50 18 utan
503 752 73 20 tvifvel
592 752 33 20 för
641 752 79 20 enhvar
735 753 63 25 tungt
814 753 30 19 att
858 751 83 27 deltaga
957 751 51 26 däri,

179 780 47 20 icke
241 780 54 20 blott
310 780 70 20 därför
401 782 30 19 att
445 783 99 18 ansvaret
560 787 37 14 var
611 780 24 21 sä
650 782 58 25 stort,
724 782 50 19 utan
792 782 27 18 än
835 786 45 14 mer
892 780 69 20 därför
979 782 29 18 att

180 808 35 21 det
240 815 37 14 var
300 808 67 22 oklart
391 809 55 21 hvad
471 816 49 14 man
543 809 22 21 af
585 815 34 15 oss
638 809 91 27 begärde
745 809 40 20 och
801 808 104 21 huruvida
921 808 35 21 det
971 815 37 14 var

179 837 92 21 afsikten
286 839 30 19 att
330 837 86 21 försätta
431 837 101 21 Finlands
548 838 87 20 ständer
650 838 30 20 uti
696 844 26 14 en
734 837 102 26 ställning
848 843 69 15 annan
928 839 27 19 än
966 837 39 21 den

179 866 132 27 grundlagen
322 865 131 22 bestämmer.
474 866 41 22 Det
524 873 37 14 var
569 866 72 21 därför
650 866 32 21 för
693 866 98 27 mängen,
801 866 39 21 och
848 866 46 21 icke
903 866 64 21 minst
975 866 32 20 för

180 895 48 26 mig,
252 894 178 27 bekymmersamt
451 897 29 19 att
502 895 73 26 frägan
599 895 79 25 härom,
696 895 75 27 frägan
794 901 34 14 om
845 895 40 20 den
901 895 60 26 form,
977 895 30 20 uti

180 923 84 21 hvilken
281 923 124 21 ständernas
420 930 49 14 svar
483 923 68 22 skulle
568 924 95 27 afgifvas,
678 924 47 21 icke
740 923 133 21 omedelbart
883 925 46 25 togs
940 923 67 21 under

180 951 134 28 behandling.
345 951 50 22 Men
411 953 53 20 efter
479 952 56 21 hand
551 959 46 14 som
613 952 128 27 landtdagen
759 951 87 28 fortgätt
861 952 37 20 har
913 951 36 21 det
960 951 47 21 blif-

179 981 30 20 vit
224 980 29 21 alt
269 980 81 21 klarare
372 983 29 18 att
416 981 26 21 de
458 981 103 26 farhägor,
578 981 71 20 hvilka
664 987 49 14 man
730 981 36 20 vid
782 980 140 27 landtdagens
934 980 73 27 början

178 1009 49 26 hyst
247 1009 40 20 och
302 1015 45 14 som
363 1011 57 18 ännu
437 1009 67 21 under
519 1009 126 28 fortgängen
661 1009 21 20 af
697 1009 141 28 landtdagens
854 1009 71 20 arbete
940 1009 67 20 mäste

178 1037 64 26 hysas
266 1037 71 21 därom
360 1040 30 18 att
412 1038 69 21 denna
504 1038 77 21 urtima
602 1038 102 27 landtdag
726 1037 70 22 skulle
818 1037 72 21 kunna
906 1037 101 27 åberopas

179 1072 45 14 som
240 1066 47 21 stöd
303 1066 70 21 därför
394 1069 30 18 att
438 1067 127 26 landtdagen
582 1067 58 26 fogat
653 1067 32 25 sig
696 1066 30 21 uti
740 1067 26 20 de
778 1073 42 20 nya
832 1066 175 26 anordningarna,

179 1097 35 23 att,
236 1096 61 25 säger
321 1095 41 26 jag,
385 1095 60 20 dessa
468 1095 103 27 farhägor,
586 1095 24 27 ju
627 1101 44 14 mer
687 1095 196 26 landtdagsarbetet
897 1094 111 26 fortskred,

179 1122 48 21 dess
250 1129 46 14 mer
317 1123 62 21 hafva
396 1123 53 21 visat
464 1124 31 26 sig
511 1123 143 27 öfverflödiga.
684 1123 62 21 Hvad
763 1129 47 15 som
825 1123 108 26 försiggätt
949 1124 58 19 utom

179 1151 128 27 landtdagen
331 1152 68 20 under
421 1152 26 20 de
468 1152 50 20 sista
541 1152 129 20 månaderna
693 1152 39 20 och
752 1154 28 18 än
804 1158 46 14 mer
872 1151 135 27 affattningen

179 1180 21 20 af
221 1180 63 20 dessa
306 1180 153 26 betänkanden,
483 1187 45 14 som
551 1187 29 14 nu
603 1180 103 28 föreligga
727 1180 32 21 till
776 1180 135 27 behandling,
926 1181 37 25 gör
978 1182 30 18 att

180 1208 54 20 1899
250 1208 34 21 ärs
300 1209 76 20 urtima
392 1208 101 28 landtdag
508 1209 67 27 aldrig
591 1209 54 20 skall
661 1209 73 20 kunna
744 1208 104 27 äberopas
861 1208 32 20 till
904 1208 45 20 stöd
961 1208 47 21 där-

178 1236 33 21 för
226 1239 30 19 att
271 1237 214 21 februarimanifestet
501 1238 68 20 skulle
587 1238 75 20 vunnit
672 1238 56 25 häfd,
739 1240 53 18 utan
804 1237 42 21 den
856 1236 53 21 skall
917 1238 90 19 tvärtom

179 1265 73 21 kunna
276 1266 100 26 äberopas
399 1266 69 20 säsom
484 1268 29 18 ett
528 1266 110 27 fullgiltigt
654 1266 58 20 bevis
727 1266 27 27 pä
776 1267 32 19 att
822 1265 69 21 denna
907 1265 49 21 häfd
972 1272 36 20 ge-

179 1296 47 18 nast
247 1294 6 20 i
277 1294 73 27 början
375 1294 43 21 blef
432 1294 104 21 afbruten.
567 1294 49 21 Med
632 1294 42 21 lika
690 1296 44 19 stor
748 1295 86 24 tvekan,
849 1300 45 14 som
909 1294 35 26 jag
959 1294 48 26 gick

178 1322 30 20 till
233 1322 58 21 detta
313 1322 77 26 arbete,
412 1323 49 21 med
483 1323 43 21 lika
549 1325 52 19 stort
623 1323 51 27 lugn
697 1323 37 25 gär
752 1323 37 27 jag
804 1322 71 21 därför
889 1328 29 14 nu
934 1322 31 21 till
981 1328 26 14 en

179 1350 95 21 definitiv
300 1351 130 27 behandling
448 1352 21 20 af
491 1352 26 20 de
540 1352 144 26 föreliggande
708 1351 169 27 betänkandena,
892 1351 39 21 och
952 1350 55 21 hvad

178 1386 45 14 som
249 1380 101 27 möjligen
372 1380 7 20 i
395 1380 56 21 detta
473 1380 154 27 sammanhang
649 1380 46 21 icke
719 1380 41 20 blir
775 1380 78 26 tydligt
867 1379 90 27 utsagdt,
973 1379 35 21 det

179 1408 65 20 blifva
267 1408 43 20 vii
325 1408 82 22 tillfälle
423 1411 30 19 att
467 1409 26 27 pä
508 1410 30 19 ett
553 1410 27 19 än
596 1415 46 15 mer
657 1408 119 27 otvetydigt
791 1410 41 19 sätt
847 1408 110 20 framhålla
973 1407 34 21 vid

178 1436 158 28 behandlingen
357 1437 45 21 utaf
418 1437 25 21 de
459 1440 82 19 senaste
557 1437 114 21 ständerna
686 1437 184 21 tillaandakomna
885 1436 123 28 propositio-

178 1471 73 19 nerna,
276 1465 38 21 där
338 1465 62 21 äfven
424 1466 140 20 afvikelserna
587 1466 46 20 frän
660 1466 133 27 grundlagen
816 1465 87 21 framstä
921 1467 26 18 än
963 1471 45 15 mer

178 1494 124 27 otvetydigt.
