1100 1750
93 107 26 16 28
131 107 47 19 maj.
409 99 204 33 Värnepliktslagen.
894 100 25 21 71

94 176 160 26 lagsstadgande
276 175 7 20 i
305 175 40 21 den
368 175 69 27 gamla
453 175 192 28 värnepliktslagen
661 177 51 19 utan
728 177 31 19 att
773 175 63 21 hafva
852 175 69 21 därtill

95 204 67 27 nägon
184 203 95 22 bestämd
301 204 116 26 anledning
432 204 40 20 och
487 204 45 20 dels
547 204 90 20 emedan
654 204 109 27 värkligen
778 204 73 26 hvarje
866 203 54 21 finsk

94 232 137 28 medborgare
249 234 23 18 är
287 232 145 27 värnepliktig.
463 232 28 21 Så
505 234 59 19 snart
579 232 41 21 han
635 232 50 27 fyllt
700 233 25 20 21
743 232 28 26 år,
787 234 24 19 är
825 232 41 21 han
882 238 39 14 un-

94 261 110 21 derkastad
226 260 84 28 uppbäd
333 261 39 21 och
394 260 85 28 skyldig
501 263 30 19 att
546 261 71 21 ikläda
632 262 32 26 sig
679 261 119 27 värneplikt
813 261 66 27 enligt
895 260 25 21 de

93 290 98 26 grunder,
214 296 44 14 som
275 289 6 20 i
297 289 70 21 denna
383 289 34 27 lag
432 290 91 26 stadgas.
554 289 44 21 Och
615 289 26 21 dä
657 290 41 20 den
714 290 146 26 formulering,
875 295 46 15 som

94 318 101 21 utskottet
217 318 60 26 gifvit
299 318 69 20 denna
390 318 104 27 paragraf,
517 318 69 21 säsom
609 318 71 27 kändt,
701 318 38 21 har
753 318 100 27 framgätt
869 318 52 20 efter

94 347 61 26 länga
171 346 183 27 öfverläggningar
370 346 56 21 säväl
443 347 57 20 inom
516 347 103 21 utskottet
634 346 91 22 emellan
739 347 113 20 utskottets
863 346 58 21 leda-

94 378 67 19 möter
182 382 45 14 som
251 377 57 19 utom
331 375 117 21 detsamma
463 376 88 20 stäende
568 375 139 21 medlemmar
722 376 21 20 af
758 375 95 27 ständen,
870 374 49 22 ville

93 405 35 26 jag
143 404 110 21 hemställa
268 403 106 21 huruvida
389 404 35 20 det
439 404 47 21 icke
503 410 49 15 vore
569 404 46 20 skäl
632 406 30 19 att
673 404 106 20 bibehålla
789 404 42 20 den
841 404 79 21 formu-

94 433 67 27 lering
177 433 101 20 utskottet
293 432 86 26 antagit,
394 432 69 21 ehuru
478 433 35 27 jag
528 433 134 27 personligen
679 432 47 21 icke
741 433 38 20 har
789 432 64 28 något
863 434 58 20 emot

94 462 25 20 hr
134 461 158 27 Schybergsons
307 460 146 28 formulering,
469 461 85 21 hvilken
571 464 51 18 utan
638 461 74 21 tvifvel
727 461 6 21 i
749 461 105 21 stilistiskt
869 461 51 21 hän-

94 490 77 21 seende
187 492 22 18 är
225 490 104 20 vackrare.

163 558 31 20 Hr
209 558 142 20 Ferdinand
367 557 125 22 Jusölius:
515 558 41 27 Jag
571 558 38 21 ber
624 558 75 22 endast
714 558 21 21 få
751 558 56 27 gifva
819 558 101 21 tillkänna

94 589 30 18 att
144 587 41 27 jag,
209 587 66 20 ehuru
297 587 35 27 jag
355 587 124 26 godkänner
501 587 136 28 paragrafens
652 587 100 27 innehåll,
768 587 47 21 icke
831 587 90 27 bidragit

93 615 31 21 till
141 615 48 21 dess
204 615 96 21 formella
315 615 115 28 affattning.

161 683 32 21 Hr
208 683 110 28 Elving:
334 683 87 21 Kanske
437 684 36 21 det
488 684 26 21 då
529 686 24 19 är
568 684 73 26 nödigt
656 684 61 21 äfven
735 684 32 21 för
778 684 43 26 mig
832 686 29 19 att
871 685 50 26 säga

94 714 30 19 att
145 713 35 26 jag
201 713 7 20 i
223 712 70 21 stället
307 713 32 20 för
355 713 107 26 uttrycket
479 713 72 20 »hela»
570 713 35 20 vid
620 713 86 26 frågans
722 713 129 26 behandling
865 713 7 20 i
888 714 32 19 ut-

94 741 77 20 skottet
181 741 107 26 föreslagit
298 743 29 19 ett
338 743 64 18 annat
413 741 37 20 ord
461 741 69 21 såsom
542 741 105 27 riktigare,
659 741 106 27 nämligen
779 741 47 21 »det
834 741 86 27 öfriga»,

94 775 49 15 men
157 769 36 28 jag
207 771 38 26 gör
260 770 71 20 härom
348 769 46 21 icke
411 776 29 14 nu
457 769 64 28 något
536 770 83 27 förslag.

164 832 69 21 Sedan
250 832 148 21 diskussionen
414 832 51 21 härå
480 832 113 21 förklarats
609 833 97 26 afslutad,
722 832 159 22 öfverlämnade
897 833 24 20 hr

94 860 121 21 talmannen
239 861 6 20 i
268 861 115 27 anledning
405 861 21 20 af
449 861 27 21 de
499 861 106 21 därunder
627 861 122 21 framstälda
767 861 106 28 förslagen
889 861 31 21 till

94 889 93 21 ståndets
204 889 129 22 besvarande
349 890 74 20 främst
438 890 95 27 följande
548 890 281 27 omröstningsproposition:

163 951 39 28 De,
225 951 75 22 hvilka
317 952 34 21 till
366 952 218 27 kontraproposition
599 954 46 19 mot
659 953 112 20 utskottets
786 953 83 32 förslag
886 952 35 21 till

96 981 78 26 lydelse
189 969 36 39 för
239 981 15 27 $
269 981 11 20 1
295 981 54 26 vilja
365 982 83 25 antaga
463 981 126 21 återremiss
604 981 29 27 af
641 981 138 28 paragrafen
794 981 9 21 i
815 981 34 21 det
864 982 57 31 syfte

94 1009 28 20 hr
137 1009 156 32 Schybergson
301 1009 121 28 föreslagit,
437 1011 61 19 rösta
508 1009 40 28 ja;
564 1010 31 31 de,
611 1010 35 20 det
661 1010 44 21 icke
721 1010 61 27 vilja,
798 1012 59 19 rösta
872 1017 47 20 nej;

163 1045 79 14 vinner
257 1038 42 27 nej,
315 1038 42 20 har
373 1037 178 28 borgareståndet
565 1038 10 21 i
589 1038 82 21 sådant
684 1039 101 27 afseende
801 1038 120 28 föredragit

94 1065 28 22 hr
136 1066 119 21 Boismans
269 1067 90 26 förslag.

163 1129 159 27 Propositionen
346 1129 127 21 besvarades
495 1129 49 21 med
567 1129 155 28 öfvervägande
737 1130 27 27 ja,
779 1129 86 22 hvarför
880 1129 40 21 den

94 1157 84 27 slutliga
193 1158 160 27 omröstningen
368 1158 115 27 försiggick
499 1158 66 27 enligt
581 1158 93 28 följande
690 1159 139 27 proposition:

162 1220 39 27 De,
223 1220 75 22 hvilka
317 1221 118 34 godkänna
450 1221 114 21 utskottets
579 1221 83 27 förslag
678 1221 35 21 till
728 1221 79 27 lydelse
822 1220 37 28 för
873 1221 15 27 $
903 1221 17 26 1,

93 1250 60 20 rösta
163 1249 40 32 ja;
219 1250 31 26 de,
266 1250 35 20 det
317 1250 43 20 icke
374 1251 61 25 göra,
451 1252 60 18 rösta
526 1250 49 27 nej;

162 1278 80 20 vinner
263 1278 42 27 nej,
329 1278 42 21 har
394 1278 178 27 borgareståndet
593 1278 171 21 återremitterat
784 1278 137 28 paragrafen

95 1306 35 21 till
143 1306 103 21 utskottet
260 1307 10 20 i
284 1307 35 20 det
333 1306 58 28 syfte
406 1306 27 21 hr
450 1306 150 28 Schybergson
615 1307 121 27 föreslagit.

162 1368 41 22 Vid
227 1369 82 21 anstäld
332 1369 97 27 votering
452 1368 97 28 afgåfvos
564 1370 27 20 39
605 1370 22 26 ja
642 1370 38 20 och
697 1370 27 20 25
740 1370 44 27 nej;
807 1370 39 20 och
868 1369 53 21 hade

94 1396 83 22 ståndet
191 1398 82 20 således
289 1397 94 27 godkänt
398 1398 12 26 $
428 1398 11 20 1
456 1398 67 27 enligt
537 1398 112 21 utskottets
665 1398 83 27 förslag.

161 1460 26 26 $$
203 1460 19 27 2,
238 1460 19 27 3,
272 1461 19 25 4,
307 1460 18 27 5,
341 1460 20 26 8,
376 1460 103 21 rubriken
495 1460 32 21 till
542 1460 47 28 kap.
604 1460 22 21 II
641 1462 54 19 samt
713 1460 11 28 $
737 1460 12 20 9
761 1462 90 26 antogos
866 1460 57 20 oför-

92 1488 98 21 ändrade.
