1100 1786
173 118 27 21 92
486 116 203 33 Värnepliktslagen.
915 125 27 16 24
954 124 47 21 maj.

176 199 83 20 gemen,
274 193 23 20 så
312 193 53 27 höga
381 199 45 15 som
442 193 54 27 låga,
506 193 75 21 hittills
596 193 67 26 enligt
678 193 84 21 landets
777 193 125 26 författning
912 192 90 28 åtnjutit.

176 221 125 26 Ynglingen
323 221 52 22 läste
394 222 39 20 och
450 221 137 27 begrundade
604 221 25 21 de
645 221 105 28 märkliga
765 221 71 21 orden.
866 221 49 21 Han
931 221 72 21 kunde

176 250 124 27 visserligen
316 250 45 21 icke
378 251 51 20 fatta
444 250 131 21 innebörden
592 250 20 21 af
628 250 62 21 deras
705 249 101 27 innehåll,
823 257 47 14 men
882 250 41 21 han
934 250 68 21 kände

176 285 26 14 en
219 279 43 20 viss
277 279 97 27 trygghet
390 279 33 20 vid
440 279 61 20 deras
516 279 168 27 genomläsning.
706 278 49 21 Han
772 278 69 21 kände
857 279 43 20 helt
911 279 92 20 omedel-

176 306 46 22 bart
244 307 28 27 pä
294 307 31 27 sig
347 310 30 18 att
399 308 57 20 detta
472 314 37 14 var
524 309 30 19 ett
568 307 90 27 jordiskt
673 307 108 27 majestäts
797 306 55 27 löfte,
868 307 66 27 gifvet
949 307 55 20 inför

176 336 41 20 den
238 335 93 27 Högstes
352 336 88 25 ansikte,
456 336 39 20 och
516 338 29 18 att
560 336 26 20 de
603 336 70 20 därför
689 335 69 21 blifvit
774 336 107 26 uthängda
896 335 32 21 till
944 335 59 21 äskä-

176 364 70 21 dande
268 364 6 20 i
295 364 40 20 den
360 364 92 27 Högstes
478 364 118 27 hälgedom,
620 364 38 20 och
684 364 40 20 han
741 364 70 27 intogs
826 364 21 20 af
863 364 92 20 vördnad
971 364 33 20 för

176 392 66 21 orden
264 393 38 20 och
318 393 21 20 af
354 393 72 21 kärlek
442 393 32 21 till
489 393 102 27 gifvaren.
621 392 44 22 Och
682 393 54 20 hvad
753 392 116 28 ynglingen
886 392 67 21 kände
964 392 39 20 och

176 421 80 21 fattade
278 421 38 21 har
337 428 93 14 mannen
446 422 75 20 endast
537 422 110 20 bekräftat.
677 421 48 21 Han
747 422 38 20 har
800 421 60 21 fattat
875 423 31 19 att
920 421 7 20 i
942 421 61 21 dessa

176 450 135 26 grundlagar,
333 450 7 20 i
356 450 61 21 dessa
440 450 125 28 privilegier,
581 450 6 20 i
603 450 61 20 dessa
683 450 127 27 rättigheter,
834 450 37 20 där
886 450 66 27 ligger
968 449 36 21 vär

178 478 114 27 vapenlösa
317 479 103 27 trygghet,
446 479 70 21 denna
539 479 104 27 trygghet,
666 485 45 14 som
734 479 55 27 gjort
805 480 29 19 att
850 478 26 27 vi,
891 479 66 20 fastän
975 480 29 18 ett

178 507 49 24 folk,
250 507 23 21 sä
295 508 48 26 föga
365 508 97 26 gynnadt
484 514 76 20 genom
583 510 55 24 yttre
658 511 55 17 stora
729 513 95 15 resurser
839 507 38 21 och
893 507 111 25 förmäner,

178 536 53 20 dock
252 536 53 20 varit
325 536 89 27 lyckliga
430 536 7 20 i
453 536 37 20 vär
504 536 67 20 kulna
586 536 59 26 nord,
661 536 23 20 sä
699 536 98 27 lyckliga,
813 542 44 14 som
874 538 52 18 trots
941 535 63 27 nägot

177 567 65 18 annat
258 564 42 21 folk
316 565 26 27 pä
356 565 80 27 jorden.
468 564 43 22 Och
528 565 41 20 han
585 564 79 21 förstod
681 566 58 19 ännu
755 571 25 14 en
797 564 42 21 sak.
865 564 48 21 Han
925 564 79 21 förstod

177 595 59 18 ännu
260 596 29 18 att
310 600 76 20 genom
410 594 60 20 dessa
492 594 72 24 löften,
580 593 70 21 talade
666 593 31 20 till
713 593 73 27 hvarje
801 593 100 21 invänare
919 599 85 21 person-

178 621 63 27 ligen,
258 622 53 20 hade
327 622 69 20 denna
412 622 71 20 kärlek
500 622 138 27 uppkommit,
654 628 45 14 som
716 622 75 20 binder
803 622 70 26 hvarje
885 622 55 20 detta
950 621 54 21 folks

178 650 117 27 inbyggare
312 650 33 21 vid
361 650 48 21 dess
426 651 93 20 monark.

247 678 33 21 Då
304 680 20 19 vi
347 685 29 14 nu
395 680 63 20 hafva
481 680 32 20 för
536 686 34 14 oss
590 679 34 21 två
643 679 160 27 propositioner,
818 678 70 21 hvilka
904 678 100 21 innebära

178 707 52 21 eller
253 708 70 20 hvilka
340 708 110 20 förutsätta
469 714 25 14 en
512 708 96 26 ordning,
624 714 45 14 som
686 708 43 20 står
744 708 6 20 i
766 707 51 21 strid
833 710 44 18 mot
892 707 26 21 de
933 707 71 26 löften,

178 742 46 14 som
246 738 35 18 äro
297 742 34 14 oss
346 737 64 25 gifna,
426 737 40 20 kan
482 737 36 26 jag
532 737 47 20 icke
595 736 93 21 förklara
703 736 64 21 saken
785 736 133 20 annorlunda
933 738 26 18 än
975 738 30 18 att

178 770 50 14 man
244 765 46 20 icke
307 765 84 27 upplyst
405 765 61 21 Hans
481 765 99 27 Majestät
595 772 34 14 om
645 767 53 18 rätta
714 764 131 21 innebörden
859 764 21 21 af
890 764 26 20 de
927 764 77 26 grund-

178 792 64 28 lagar,
266 793 25 21 de
314 794 122 26 rättigheter
458 794 38 20 och
517 794 126 27 privilegier,
659 793 71 21 hvilka
746 793 92 27 åtnjutas
854 793 20 21 af
890 792 79 22 enhvar
984 792 21 21 af

178 821 84 21 landets
286 822 100 20 invånare
412 822 66 27 enligt
501 822 48 20 dess
580 822 125 27 författning
733 822 39 20 och
801 822 70 20 hvilka
894 822 39 20 han
957 821 48 27 själf

178 850 110 21 bekräftat.
317 850 40 28 Jag
379 851 68 21 skulle
470 851 70 20 därför
563 850 59 21 svika
645 851 44 20 min
708 850 53 28 plikt
777 857 45 14 som
837 850 167 27 landtdagsman,

178 878 88 21 hvilken
289 878 75 27 bjuder
387 880 43 26 mig
445 882 30 17 att
490 881 83 18 ensamt
588 879 61 20 ställa
665 879 43 27 mig
723 879 157 26 grundlagarna
896 878 31 21 till
942 878 62 21 efter-

177 907 93 26 rättelse,
291 907 26 27 ja,
339 908 35 26 jag
393 907 69 21 skulle
478 908 58 20 svika
553 907 35 21 det
603 907 121 21 förtroende
740 907 58 20 mina
815 907 81 20 valmän
913 907 45 20 haft
972 907 32 20 till

177 935 51 27 mig,
243 935 27 21 då
285 936 26 20 de
326 936 62 21 sändt
402 937 44 26 mig
462 937 35 24 hit,
511 937 28 26 ja,
554 936 47 21 hela
616 936 84 21 landets
715 935 129 26 förtroende,
859 942 33 14 om
908 935 35 27 jag
958 935 46 20 icke

178 964 48 21 med
250 965 43 20 min
317 967 42 18 röst
382 965 87 25 bidroge
492 965 31 20 till
546 968 30 17 att
590 965 34 20 för
638 964 61 21 Hans
714 964 99 27 Majestät
828 964 114 21 framställa
957 963 47 21 hela

177 993 126 27 sanningen,
318 993 37 21 och
373 993 26 20 då
414 993 66 27 enligt
496 993 43 20 min
555 993 141 26 öfvertygelse
712 993 138 26 lagutskottet
864 993 7 20 i
887 993 35 20 sitt
933 992 72 21 betän-

177 1021 69 21 kande
270 1022 37 20 har
328 1022 71 20 funnit
417 1022 41 20 den
474 1024 52 18 rätta
540 1023 65 26 vägen
623 1022 6 20 i
646 1022 55 20 detta
718 1021 106 25 afseende,
840 1021 22 20 så
877 1021 31 20 får
922 1021 36 26 jag
973 1021 32 20 för

176 1050 44 20 min
242 1050 35 21 del
292 1050 84 21 förorda
394 1050 116 21 detsamma
526 1050 32 21 till
574 1050 124 27 antagande.
729 1050 42 27 Jag
792 1049 118 28 medgifver
925 1052 29 18 att
970 1049 35 20 det

176 1079 24 19 är
224 1078 49 21 med
299 1081 82 23 smärta,
406 1085 46 14 som
476 1079 36 26 jag
536 1079 97 20 befinner
656 1079 44 27 mig
715 1079 6 20 i
737 1079 41 20 den
798 1079 99 20 situation
914 1080 29 18 att
958 1078 46 20 icke

176 1106 74 21 kunna
273 1107 49 27 ingå
339 1107 26 27 på
381 1107 67 28 saklig
464 1107 131 27 granskning
610 1107 46 21 utaf
672 1107 159 27 propositioner,
846 1106 123 21 framstälda
984 1106 21 21 af

177 1135 62 20 Hans
264 1135 101 28 Majestät.
396 1136 50 21 Men
470 1136 69 20 denna
562 1137 78 19 smärta
662 1136 121 20 förmildras
799 1135 44 21 utaf
858 1135 148 21 medvetandet

176 1166 30 18 att
222 1163 69 22 denna
306 1165 100 20 situation
424 1165 46 20 icke
486 1164 161 21 frambesvurits
664 1165 44 20 utaf
719 1164 123 27 någonting,
850 1170 46 14 som
906 1163 58 21 timat
974 1163 30 20 uti

177 1192 57 21 detta
261 1192 55 20 land.
345 1192 41 28 Jag
408 1193 96 20 förordar
522 1199 46 14 som
584 1192 62 27 sagdt
662 1192 148 28 lagutskottets
826 1192 131 20 betänkande
973 1191 31 21 till

176 1220 125 28 antagande.

245 1277 34 21 Hr
293 1277 19 21 J.
327 1279 26 20 A.
369 1278 155 21 Pelkonen:
554 1279 71 20 Tähän
648 1279 39 20 asti
703 1285 27 14 on
747 1278 93 21 Suomen
856 1277 66 21 kansa
936 1279 70 19 tunte-

176 1308 40 19 nut
231 1306 125 21 olemisensa
371 1307 126 27 jokseenkin
513 1307 114 21 vakavaksi
645 1308 21 26 ja
683 1307 110 20 varmaksi.
815 1306 27 21 Se
857 1313 26 14 on
899 1306 107 21 luottanut

176 1335 49 20 aina
241 1335 189 26 horjumattomasti
446 1335 43 21 lain
505 1336 123 27 pyhyyteen
644 1336 21 27 ja
679 1335 179 27 hallitsijoittensa
873 1334 132 27 lempeyteen

176 1363 22 26 ja
219 1363 123 21 rakkauten.
373 1364 125 21 Viimeisinä
513 1364 85 21 aikoina
614 1367 49 18 ovat
679 1366 72 18 nämät
765 1363 241 21 luottamuksentunteet

177 1391 112 21 kuitenkin
305 1395 102 18 ruveneet
422 1393 132 26 horjumaan.
577 1393 52 20 Siitä
641 1393 118 20 todisteena
772 1399 26 14 on
811 1391 70 21 meillä
894 1393 38 25 nyt
944 1393 62 19 nämä

177 1420 132 21 väliaikaiset
329 1421 136 27 valtiopäivät
478 1421 21 27 ja
514 1427 23 15 se
554 1421 98 25 mieliala,
668 1421 56 20 mikä
740 1420 63 21 täällä
817 1420 88 27 yleensä
920 1426 26 14 on
963 1419 43 21 val-

177 1448 56 21 lalla.
264 1449 123 21 Armolliset
402 1449 102 27 esitykset
520 1452 48 19 ovat
584 1449 64 22 olleet
664 1449 145 21 valiokuntien
825 1448 145 21 käsiteltävinä
984 1448 22 27 ja

177 1477 56 20 eilen
256 1477 21 27 jo
301 1477 100 21 kahdesta
429 1478 143 20 valiokunnan
598 1478 137 20 mietinnöstä
759 1484 26 14 on
807 1477 62 21 täällä
884 1477 122 20 lausuttuna

177 1507 117 19 tunnustus
311 1506 47 20 siitä
377 1506 173 27 menestyksestä,
565 1506 51 27 jolla
633 1513 26 14 ne
676 1508 48 19 ovat
739 1506 94 20 laaditut.
864 1505 78 27 Säädyt
958 1507 48 19 ovat
