1103 1761
174 115 27 20 22
517 111 93 36 Utskott.
922 120 25 17 26
958 120 42 21 jan.

243 189 56 21 Från
314 190 19 20 h.
349 196 45 15 exc.
412 190 221 27 generalguvernören
649 190 54 21 hade
719 190 31 20 till
766 189 95 21 ståndets
877 189 78 21 talman
970 189 31 21 in-

175 218 89 21 kommit
286 224 25 15 en
331 218 26 28 pä
372 218 63 27 ryska
452 218 86 28 språket
553 218 85 22 affattad
655 218 116 26 skrifvelse,
787 218 86 21 hvilken
889 218 21 20 af
925 218 25 20 hr
964 218 38 20 tal-

175 253 93 15 mannen
284 247 106 27 upplästes
405 247 7 21 i
428 247 70 27 bilagd
513 247 79 21 svensk
607 248 158 26 öfversättning,
781 246 126 27 sälydande:

350 333 39 21 Till
407 334 48 21 herr
470 333 123 21 talmannen
609 333 33 21 för
659 332 178 28 borgareständet.

246 387 173 24 Öfversändande
441 391 83 26 härhos,
547 391 33 20 för
602 391 30 20 att
654 389 175 28 borgareständet
849 389 109 27 delgifvas,
974 391 29 19 ett

176 419 70 27 tryckt
269 419 108 27 exemplar
397 419 21 20 af
437 419 77 27 nädiga
535 419 183 27 propositionerna
738 419 32 20 till
791 418 102 21 Finlands
908 418 93 21 ständer:

176 448 19 25 a)
210 447 50 21 med
275 447 91 28 förslag
381 448 41 21 till
437 447 195 28 värnepliktslag
646 447 41 22 för
704 447 235 22 storfurstendömet
949 446 54 22 Fin-

176 476 58 22 land
255 479 54 18 samt
338 476 21 27 b)
375 477 110 27 angäende
504 476 142 27 grunderna
661 475 40 23 för
717 476 30 21 de
763 475 78 22 finska
856 476 146 27 truppernas

177 505 169 27 organisation
362 505 46 22 oeh
423 505 163 27 förvaltning,
601 505 33 20 fär
648 505 35 27 jag
698 505 99 20 meddela
812 505 49 20 herr
876 504 127 21 kommerse-

176 533 60 22 rådet
266 535 29 20 att
317 534 73 27 nödigt
412 534 57 21 antal
487 534 83 27 tryckta
586 533 109 28 exemplar
709 533 22 21 af
745 533 91 21 berörda
851 532 152 28 propositioner

177 562 69 21 blifvit
262 562 117 21 anskaffadt
399 563 33 20 för
446 564 30 19 att
491 563 32 20 till
539 562 184 27 borgareständets
738 562 141 21 medlemmar
894 561 87 22 utdelas.

325 619 183 21 Undertecknadt:
539 619 185 27 generaladjutant
738 618 120 28 Bobrikoff.

246 676 198 28 Kontrasigneradt:
476 678 13 19 t.
504 676 14 21 f.
535 676 163 21 kanslidirektor
713 676 26 21 A.
753 683 45 14 von
813 675 125 21 Minkiitz.

622 736 91 21 OÖfversatt
724 739 26 17 af:
775 740 21 16 P.
808 738 127 18 Jamalainen.

247 803 69 20 Sedan
333 803 24 21 hr
372 803 122 21 talmannen
511 803 91 21 härefter
618 803 78 20 erinrat
711 804 35 25 att,
763 804 52 19 enär
830 802 26 21 de
872 801 75 28 nädiga
958 807 46 21 pro-

178 832 144 27 positionerna
338 832 87 21 berörde
446 832 112 27 grundlag,
578 831 68 27 nägon
667 831 150 21 remissdebatt
832 831 108 26 angäende
956 830 47 21 dem

179 860 46 21 icke
236 860 58 26 finge
310 867 38 20 ega
363 867 54 20 rum,
432 861 68 20 beslöt
514 861 90 26 ståndet,
619 860 27 27 pä
656 860 25 21 hr
691 860 136 21 talmannens
837 859 130 26 hemställan,
976 860 29 19 att

178 890 52 19 utan
256 888 153 28 bordläggning
431 889 107 21 remittera
560 888 78 21 nämda
660 888 155 27 propositioner
836 888 64 26 jämte
919 887 86 27 bilagor,

178 917 73 21 hvilka
267 917 68 21 blifvit
350 918 30 20 uti
395 917 83 21 ståndet
489 917 106 26 utdelade,
606 918 18 26 ej
639 917 82 20 mindre
731 916 32 21 till
775 916 230 28 värnepliktsutskottet

178 947 34 25 än,
227 946 34 20 för
276 946 67 20 såvidt
358 946 26 20 de
401 946 87 21 berörde
504 946 110 27 grundlag,
630 946 32 21 till
677 946 144 26 lagutskottet.

249 1089 113 27 Upplästes
377 1091 78 19 tvänne
471 1089 46 21 från
532 1091 79 25 präste-
627 1089 38 21 och
682 1088 160 22 bondestånden
859 1087 89 21 anlända
960 1094 46 21 pro-

180 1117 163 28 tokollsutdrag.

249 1281 33 21 Hr
308 1281 122 21 talmannen
453 1281 121 21 framstälde
597 1281 32 20 till
650 1280 93 21 ståndets
767 1279 116 28 afgörande
902 1278 105 21 huruvida

180 1310 35 20 vid
239 1310 77 26 denna,
337 1310 89 21 likasom
450 1310 34 21 vid
507 1309 89 28 tidigare
618 1309 130 27 landtdagar,
768 1308 76 21 endast
859 1307 99 21 anmälan
974 1313 33 14 om

180 1340 30 19 att
222 1338 193 27 protokollsutdrag
429 1338 47 21 från
491 1338 139 21 medstånden
641 1338 113 20 inkommit
765 1337 70 20 skulle
848 1336 37 21 ske
898 1336 39 21 och
948 1335 60 21 dessa

180 1367 193 28 protokollsutdrag
394 1367 92 21 därefter
505 1367 57 26 ligga
577 1367 26 27 på
620 1367 73 20 bordet
709 1366 31 21 till
756 1365 252 21 ståndsmedlemmarnas

180 1395 112 28 påseende,
309 1395 51 21 eller
375 1402 34 14 om
425 1396 32 20 för
471 1396 73 27 hvarje
559 1395 56 28 gång
630 1395 26 21 de
672 1395 101 20 inkomna
789 1393 219 28 protokollsutdragen

181 1424 65 21 borde
263 1424 103 27 uppläsas.

250 1481 32 20 På
296 1481 78 26 förslag
389 1481 21 21 af
425 1481 25 20 hr
465 1477 107 25 Öh
514 1473 15 38 m
540 1477 29 25 an
588 1480 68 21 beslöt
671 1480 89 26 ståndet,
777 1479 49 20 med
842 1479 82 26 hänsyn
940 1477 69 21 därtill

181 1511 30 20 att
235 1510 71 21 under
330 1511 76 26 dennaj
421 1510 101 27 landtdag
538 1509 56 27 blott,
610 1508 154 28 jämförelsevis
780 1507 23 21 få
817 1506 193 29 protokollsutdrag
