1100 1748
95 108 25 15 27
133 106 47 22 maj.
411 101 203 32 Värnepliktslagen.
882 104 41 20 105

94 204 398 30 VÄRNEPLIGTSUTSKOTTET

186 306 234 38 HELSINGFORS,
537 314 39 21 Till
593 314 106 27 vällofliga
714 315 180 27 borgareständet.

205 359 35 17 den
252 359 27 16 27
291 359 40 22 maj
341 359 55 17 1899.

267 439 27 18 M
308 439 27 17 17.

163 496 85 21 Härhos
270 496 31 21 fär
322 497 100 20 utskottet
444 497 108 20 vördsamt
571 497 83 20 anmäla
670 499 30 19 att
715 497 113 21 utskottets
843 497 80 27 förslag

94 524 32 21 till
142 525 205 27 sammanjämkning
359 525 21 20 af
395 525 100 21 ständens
506 525 120 28 skiljaktiga
638 525 70 22 beslut
718 526 35 21 vid
765 526 157 27 behandlingen

95 553 21 20 af
138 553 112 21 utskottets
265 553 133 22 betänkande
414 554 6 20 i
436 554 116 27 anledning
567 554 21 21 af
602 554 61 21 Hans
679 554 119 27 Kejserliga
814 555 108 26 Majestäts

95 581 77 28 nädiga
194 582 153 27 propositioner
368 582 49 21 med
436 583 78 26 förslag
530 583 31 20 till
577 583 194 27 värnepliktslag
787 583 32 21 för
834 583 87 21 storfur-

95 611 118 20 stendömet
228 611 89 20 Finland
333 611 40 20 och
388 611 110 27 angäende
513 611 121 27 grunderna
650 612 33 20 för
698 612 26 21 de
740 612 69 21 finska
827 614 95 25 trupper-

95 645 38 15 nas
149 639 142 27 organisation
307 640 39 20 och
360 639 128 28 förvaltning
505 640 69 21 blifvit
588 640 21 20 af
626 640 98 27 samtliga
734 641 61 20 ständ
809 640 113 27 godkändt,

95 667 31 21 till
142 667 53 28 följd
211 668 74 21 hvaraf
299 668 153 27 handlingarna
466 669 7 20 i
489 669 87 20 ärendet
592 675 29 14 nu
636 669 32 20 till
686 669 237 28 expeditionsutskottet

95 697 145 20 öfverlämnas.

377 725 30 21 Pä
423 725 111 22 utskottets
551 727 87 24 vägnar:

431 781 27 22 L.
475 781 115 22 Mechelin.

700 839 30 18 Ch.
744 839 38 17 Em.
795 839 18 18 af
825 839 96 17 Frosterus.

164 975 32 21 Hr
218 976 122 22 talmannen
363 977 125 21 meddelade
506 979 30 19 att
557 979 59 19 nästa
636 977 87 28 plenum
739 977 84 21 komme
840 978 30 20 att
884 983 39 21 ega

95 1010 48 14 rum
158 1004 118 28 mändagen
293 1005 39 21 den
349 1006 27 20 29
392 1006 80 20 dennes
487 1006 27 20 kl.
531 1006 25 21 12
573 1013 18 20 p.
608 1006 18 21 d.
642 1008 60 25 samt,
718 1006 32 21 för
765 1006 41 21 den
821 1005 101 21 händelse

96 1032 75 22 sädant
186 1032 70 22 blefve
271 1034 22 20 af
307 1034 76 27 nöden,
399 1034 105 21 fortsättas
520 1041 81 15 samma
616 1035 41 27 dag
672 1034 27 21 kl.
716 1036 10 20 7
744 1041 17 14 e.
772 1041 34 20 m.;
818 1034 106 21 hvarefter

95 1061 87 27 plenum
198 1062 78 21 atslöts.

724 1120 20 18 In
757 1120 62 18 fidem:

654 1156 23 20 A.
699 1155 21 21 V.
737 1155 117 27 Lindberg.
