1100 1748
186 125 41 20 118
420 126 224 26 Ålåerspresidentens
657 130 125 18 afskedstal.
927 132 26 16 30
966 131 46 20 maj.

254 198 79 23 Hvilka
354 200 56 21 öden
433 200 39 21 ock
493 200 34 21 må
542 200 78 21 randas
635 200 32 21 för
683 206 40 19 oss,
738 200 53 20 skall
807 200 71 21 kärlek
894 200 31 20 till
941 200 73 21 foster-

187 227 56 28 land,
258 228 32 20 till
306 228 48 22 dess
369 229 124 27 lagbundna
508 229 167 27 samhällsskick,
687 229 32 21 till
735 229 91 27 sanning
840 229 39 21 och
895 231 40 19 rätt
944 229 70 21 städse

185 264 50 14 vara
250 256 38 21 vår
302 257 89 27 ledning
405 258 27 27 på
447 258 42 20 alla
505 257 50 21 våra
572 260 69 25 vägar.

252 285 100 22 Likasom
367 287 21 20 vi
403 286 68 28 aldrig
487 286 94 28 glömma
596 287 40 20 och
656 286 70 21 städse
744 286 59 21 skola
814 286 80 28 påyrka
904 286 108 22 hållandet

184 314 8 21 i
207 314 63 28 hälgd
292 315 21 21 af
334 315 40 21 den
391 315 69 27 edliga
475 315 113 21 försäkran
604 315 31 21 till
651 315 101 21 Finlands
768 315 43 21 folk
826 315 112 27 Högtsalig
952 315 61 21 Hans

185 343 99 27 Majestät
304 343 75 28 Kejsar
400 344 126 20 Alexander
541 344 42 20 den
599 344 122 27 välsignade
738 344 57 26 afgaf
809 344 35 20 vid
860 344 69 28 Borgå
944 344 68 21 landt-

186 372 46 27 dag,
252 372 67 21 likaså
341 372 59 21 skola
423 373 20 20 vi
465 372 68 28 aldrig
555 372 93 27 glömma
667 373 38 20 och
728 372 70 21 städse
820 372 56 22 hålla
899 373 56 27 helig
971 373 41 20 den

185 401 115 26 trohetsed,
320 401 107 21 bindande
447 401 33 21 för
495 401 30 21 alt
539 401 103 21 Finlands
657 401 51 26 folk,
723 401 57 21 såväl
796 401 63 21 födde
874 408 46 14 som
936 401 76 21 ofödde

185 430 87 26 släkten,
288 429 101 21 Finlands
404 430 86 21 ständer
506 430 34 20 vid
557 436 81 14 samma
653 430 102 26 landtdag
770 430 90 26 afgåtvo.

254 458 42 21 Vid
314 459 77 21 tanken
407 458 27 28 på
449 459 50 21 våra
514 458 71 21 fäders
600 458 115 28 föredöme,
731 458 35 21 må
780 459 21 20 vi
816 459 42 21 alla
872 459 57 20 lofva
944 460 30 19 att
992 458 19 20 vi

185 487 49 27 vilja
250 487 26 27 gå
292 487 6 21 i
314 487 49 21 våra
378 487 70 21 fäders
463 488 54 27 spår.

253 516 25 27 O,
299 516 63 21 måtte
385 516 49 21 våra
457 516 182 21 efterkommande
659 516 72 21 kunna
746 516 88 21 likasom
851 516 19 20 vi
886 516 47 21 med
951 516 59 20 vörd-

185 544 42 22 nad
242 545 40 20 och
297 545 130 21 tacksamhet
443 545 95 27 välsigna
554 545 85 21 fädrens
655 545 57 21 värk.

252 573 43 21 Det
308 573 69 21 finnes
392 574 65 27 knapt
468 580 42 21 nog
525 574 64 27 något
605 574 50 27 folk,
670 574 63 20 hvars
748 574 197 20 fosterlandskärlek
958 574 53 20 varit

185 602 39 21 och
240 604 24 19 är
278 609 45 14 som
339 602 42 27 vår,
397 602 22 21 så
435 603 121 26 hängifven,
572 602 23 21 så
606 602 144 27 oegennyttig,
758 602 22 21 så
789 602 86 25 flärdfri,
883 602 23 21 så
917 602 92 27 ödmjuk.

252 631 34 27 Ja,
301 631 7 20 i
323 631 65 20 sådan
404 631 73 21 kärlek
493 631 59 21 skola
568 631 21 20 vi
604 631 65 21 värka
683 631 33 20 för
731 631 45 20 vårt
791 631 50 20 land
857 631 38 20 och

350 688 33 27 Se,
400 695 25 14 ur
440 688 37 21 vår
491 688 74 21 kärlek
581 688 53 21 skall
650 688 26 27 gå
692 695 40 20 opp

348 716 46 22 Ditt
409 717 48 27 ljus,
473 717 35 20 din
524 717 67 27 glans,
607 717 36 20 din
659 717 61 27 fröjd,
733 717 41 20 ditt
789 717 61 27 hopp.

351 745 18 22 O
385 746 52 27 dyra
452 745 122 22 fosterland.

252 803 34 21 Då
308 803 20 20 vi
351 809 30 14 nu
403 803 80 20 enhvar
499 802 72 28 återgå
586 802 31 21 till
634 802 49 21 våra
699 803 54 26 hem,
768 802 34 21 må
818 803 42 26 där,
876 803 87 20 likasom
981 809 28 14 nu

184 832 42 27 här,
243 832 37 20 vår
295 832 63 21 första
374 832 38 21 och
428 832 51 21 sista
494 831 41 21 bön
553 837 60 15 vara:
645 831 47 21 Gud
708 831 77 21 bevare
800 831 148 21 fosterlandet!

252 889 98 21 Ståndets
372 889 139 21 medlemmar
529 888 63 28 höjde
609 890 29 19 ett
653 888 86 28 kraftigt
754 888 55 22 lefve
824 889 33 21 för
871 888 139 22 fosterlandet

184 920 54 19 samt
262 918 118 27 flerfaldiga
402 918 94 26 lefverop
511 918 33 20 för
560 918 24 20 hr
599 918 134 26 talmannen;
750 918 78 26 hvarpå
843 918 93 20 ständets
951 918 58 20 med-

183 947 90 21 lemmar
288 946 101 22 åtskildes
405 946 27 21 kl.
449 947 46 27 '/,5
511 952 17 14 e.
545 953 27 14 m.

799 1004 20 16 In
833 1004 60 17 fidem:

737 1043 25 21 A.
784 1043 23 22 V.
824 1044 116 28 Lindberg.

508 1206 174 13 —+>1+—
