1103 1756
85 118 27 16 28
121 117 43 21 jan.
395 110 203 32 Värnepliktslagen.
885 112 26 20 27

85 186 66 21 rande
174 186 129 20 tillkomsten
326 186 22 20 af
370 186 193 27 värnepliktslagen
586 186 33 20 för
639 186 90 20 Finland
751 186 40 20 och
806 185 107 21 tillerkän-

86 214 80 21 nandet
187 214 22 21 af
230 214 180 27 grundlagshälgd
432 214 21 21 ät
468 214 78 27 fjorton
562 214 21 21 af
598 214 49 21 dess
661 214 122 27 paragrafer
798 214 115 27 skiljaktig-

86 243 59 21 heter
160 243 137 27 förekomma,
311 244 70 20 ansett
397 243 73 27 nödigt
484 243 74 21 härom
574 243 37 21 hos
626 242 61 22 Hans
702 242 99 28 Majestät
810 242 102 28 Kejsaren

86 272 7 20 i
108 271 170 27 underdänighet
293 271 84 21 anmäla
392 274 55 18 samt
462 271 67 21 tillika
545 272 111 20 hemställa
671 271 105 21 huruvida
791 271 47 21 icke
853 270 60 22 Hans

86 299 104 28 Majestät,
215 300 6 20 i
245 300 107 21 anseende
374 300 33 20 till
429 300 42 21 den
494 300 122 27 synnerliga
640 300 124 27 betydelsen
786 300 21 20 af
828 299 25 21 de
869 299 45 21 utaf

86 328 168 28 krigsministern
274 328 31 21 uti
321 329 52 20 hans
389 328 272 28 föredragningsmemorial
676 329 8 20 i
699 328 58 21 detta
771 328 79 21 ärende
865 330 48 18 när-

86 364 59 14 mare
156 357 125 21 framhällna
290 357 186 27 omständigheter,
490 358 3 20 i
505 357 66 21 näder
584 358 81 20 täcktes
677 357 107 21 anbefalla
797 359 31 19 att
838 356 75 21 nämda

86 386 108 21 memorial
219 386 68 20 skulle
307 386 32 20 till
355 386 221 27 generalguvernören
593 386 142 20 öfverlämnas
750 385 32 21 för
798 387 35 25 att,
848 385 65 21 sedan

86 414 117 22 detsamma
226 414 69 21 blifvit
317 414 32 21 till
371 414 91 21 svenska
486 415 39 20 och
546 414 68 21 finska
628 414 90 28 spräken
735 414 106 26 öfversatt,
856 414 57 20 med-

86 443 60 21 delas
168 443 112 27 kejserliga
302 444 88 20 senaten
412 443 38 21 och
473 443 135 27 landtdagen,
629 445 55 19 samt
696 445 30 19 att
742 442 60 22 Hans
817 442 97 28 Majestät

87 471 109 28 Kejsaren,
220 472 34 20 vid
277 471 66 21 skedd
367 472 151 26 föredragning
540 472 22 20 af
582 472 87 20 ärendet
690 472 41 20 den
754 472 26 20 20
800 471 114 21 november

86 500 71 28 gamla
173 500 62 21 stilen
251 500 61 26 1898,
327 500 78 21 bifallit
420 500 42 21 den
474 500 20 21 af
504 500 168 28 krigsministern
684 500 74 27 gjorda
769 500 144 26 underdäniga

87 529 125 21 hemställan
228 529 40 21 och
279 528 67 22 tillika
357 529 90 27 behagat
458 529 84 27 nädigst
554 529 106 21 anbefalla
670 531 31 19 att
711 528 203 27 öfversättningarna

86 558 70 20 skulle
172 559 61 25 göras
248 557 69 21 sävidt
332 557 82 28 möjligt
427 564 130 20 noggranna,
568 558 108 20 äfvensom
687 557 226 27 generalguvernören,

87 586 135 27 delgifvande
237 586 113 27 kejserliga
365 588 87 19 senaten
468 586 62 21 Hans
545 586 108 27 Majestäts
669 586 7 20 i
687 586 151 20 ofvanstäende
849 585 64 21 mätto

88 615 94 21 uttalade
203 614 77 27 nådiga
300 614 56 28 vilja,
371 615 7 20 i
393 615 101 21 afseende
510 615 12 20 å
537 615 71 21 vidare
624 615 73 27 åtgärd
713 614 32 21 till
761 614 111 27 kejserliga
882 620 32 14 se-

87 646 65 18 naten
168 644 139 20 öfverlämnat
323 650 26 14 en
363 644 82 20 afskrift
456 644 21 20 af
488 643 138 21 omförmälda
636 642 277 28 föredragningsmemorial,

87 672 24 20 sä
125 672 39 21 har
178 672 221 27 generalguvernören
415 672 31 21 uti
462 672 110 21 skrifvelse
588 672 33 20 för
636 672 41 21 den
692 673 13 19 4
718 672 42 25 (16)
771 671 142 21 innevarande

87 700 78 22 månad
190 701 20 20 »i
232 700 100 22 afseende
351 700 12 21 ä
378 701 42 21 den
435 700 27 28 pä
478 701 112 27 kejserliga
610 704 88 18 senaten
714 700 155 21 ankommande
885 700 29 20 ät-

87 729 64 27 gärd>
172 729 106 21 meddelat
293 731 30 19 att
338 729 180 27 krigsministerns
534 730 124 20 oftanämda
673 729 241 27 föredragningsmemo-

88 758 39 20 rial
142 758 69 20 skulle
228 758 38 27 »pä
283 758 64 27 nädig
357 758 119 26 befallning
486 758 141 21 öfverlämnas
638 758 22 20 ät
667 758 114 22 ständerna
792 758 35 20 vid
838 757 77 21 urtima

88 786 128 28 landtdagen
233 786 75 21 endast
323 786 32 21 till
370 786 141 21 kännedom».

157 815 11 21 I
183 815 116 27 anledning
320 814 22 22 af
357 815 36 21 det
408 815 154 21 ofvananförda
578 815 36 27 får,
629 815 84 27 jämlikt
728 815 112 27 kejserliga
856 820 59 15 sena-

89 846 47 18 tens
151 844 44 26 mig
210 844 125 20 meddelade
352 843 123 27 befallning,
486 844 35 27 jag
535 844 77 20 härhos
623 846 50 18 äran
687 844 31 20 till
729 844 49 20 herr
788 844 127 20 kommerse-

89 872 60 21 rädet
164 872 130 21 öfverlämna
309 872 33 20 för
357 874 30 19 att
399 872 107 27 vällofliga
517 872 172 27 borgareständet
700 872 103 27 delgifvas
814 878 25 15 en
848 872 67 20 öfver-

88 901 95 27 sättning
204 901 31 21 till
258 901 91 21 svenska
370 901 39 21 och
431 900 69 22 finska
515 901 89 26 spräken
626 901 21 21 af
665 901 155 21 ofvanberörda
834 900 82 21 afskrift

89 930 46 20 utaf
150 930 179 27 krigsministerns
345 930 115 20 omordade
476 929 278 28 föredragningsmemorial.

653 986 85 21 Arthur
753 986 94 27 Kniper.

159 1043 30 21 Pä
205 1044 78 27 förslag
298 1044 21 20 af
334 1044 25 20 hr
373 1043 109 21 Heikel
498 1044 68 20 beslöt
582 1043 83 21 ständet
674 1044 108 20 remittera
793 1043 35 21 det
840 1042 77 22 under-

90 1072 77 26 däniga
183 1072 302 27 föredragningsmemorialet,
500 1072 81 21 hvilket
596 1072 69 21 blifvit
681 1072 63 20 bland
755 1072 93 20 ständets
861 1071 56 21 med-

89 1100 90 21 lemmar
200 1101 100 26 utdeladt,
315 1101 64 26 jämte
401 1101 127 20 skrifvelsen
543 1101 29 20 till
590 1100 57 21 säväl
663 1100 42 27 lag-
718 1107 44 14 som
780 1099 137 28 värnepilkts-

90 1129 107 21 utskottet.

160 1273 30 21 Pä
215 1273 25 20 hr
262 1273 134 21 talmannens
419 1273 59 26 fräga
500 1273 104 20 huruvida
626 1272 69 27 nägon
714 1271 204 28 ordningsstadga

91 1301 70 22 skulle
182 1301 35 21 vid
233 1302 70 21 denna
317 1301 103 26 landtdag
435 1302 21 20 af
472 1301 84 21 ständet
570 1304 93 24 antagas,
679 1301 67 20 beslöt
761 1300 89 27 ständet,
866 1300 53 21 efter

92 1331 137 26 omröstning,
245 1332 30 19 att
289 1330 70 27 någon
375 1330 60 27 dylik
450 1330 74 27 stadga
539 1330 47 21 icke
602 1329 67 21 skulle
685 1329 119 21 fastställas.

162 1472 30 21 På
214 1472 155 27 framställning
391 1473 21 20 af
433 1473 25 20 hr
476 1473 122 20 talmannen
617 1472 67 21 beslöt
699 1471 84 22 ståndet
798 1473 30 19 att
843 1471 76 21 beträf-

93 1501 64 21 fande
180 1501 165 27 tryckningen
361 1501 28 22 af
406 1501 111 22 ståndets
534 1500 279 28 diskussionsprotokoll
828 1500 91 26 iakttaga
