1100 1778
89 115 26 16 23
128 115 46 20 maj.
413 106 204 32 Värnepliktslagen.
891 107 25 20 81

158 182 32 21 Hr
206 183 158 26 Wegelius:
381 181 41 22 Det
438 183 23 19 är
476 181 133 27 sannerligen
626 181 47 21 icke
689 181 48 21 med
753 181 38 21 lätt
807 181 55 26 mod,
873 187 45 15 som

91 210 234 29 värnepliktsutskottet
345 210 102 27 tillstyrkt
466 217 27 14 en
508 210 24 21 så
548 210 120 26 betydande
684 210 89 27 höjning
788 210 21 21 af
823 210 95 21 fredsnu-

90 241 104 20 merären.
224 240 38 20 Att
283 239 25 21 de
323 239 91 21 militära
431 239 105 20 bördorna
551 239 6 20 i
573 239 46 20 vårt
634 238 50 21 land
700 239 62 20 hafva
778 239 7 20 i
799 238 119 27 jämförelse

90 268 49 21 med
154 268 111 21 enahanda
282 268 77 21 bördor
374 268 6 20 i
396 267 66 21 andra
478 267 73 21 länder
566 267 49 21 stält
626 267 30 27 sig
664 267 92 27 lindriga
765 269 23 19 är
796 267 122 27 visserligen

90 297 65 26 fallet,
170 303 49 14 men
235 299 29 18 ett
279 297 70 20 beslut
364 303 34 14 om
414 296 80 27 ökning
510 296 21 20 af
546 295 109 21 desamma
671 295 31 21 till
718 295 35 21 det
766 295 79 21 dubbla
853 291 17 36 är
871 296 47 27 ju,

90 325 63 21 äfven
177 332 34 14 om
234 325 105 27 ökningen
363 325 92 20 fördelas
479 324 25 27 på
526 324 72 27 längre
615 324 99 27 tidrymd,
730 331 26 14 en
773 324 110 21 företeelse
899 324 20 21 af

91 354 135 27 tämmeligen
246 353 126 21 enastående
391 355 67 18 natur.
488 353 33 20 De
537 353 150 27 uppoffringar,
702 359 46 14 som
764 353 155 27 uppställandet

91 382 21 21 af
128 382 53 21 ökad
198 382 76 20 militär
290 382 89 26 kräfver,
394 383 36 19 äro
445 381 47 21 icke
508 381 54 21 blott
572 381 144 27 uppoffringar
724 381 21 21 af
753 382 118 26 penningar
881 381 38 21 och

92 411 143 28 uppoffringar
256 411 21 20 af
299 417 75 19 armar,
395 417 45 14 som
456 410 76 27 ryckas
548 410 45 20 frän
609 416 26 15 en
652 410 113 27 produktiv
781 410 137 21 värksamhet.

92 440 42 27 Jag
149 440 100 21 behöfver
264 439 23 21 sä
301 439 86 26 mycket
401 439 83 20 mindre
499 439 50 26 ingä
566 439 26 26 pä
607 439 131 20 innebörden
752 439 40 20 och
805 439 114 20 bärvidden

93 469 21 20 af
130 470 28 19 ett
174 468 60 21 lands
250 468 144 27 uppoffringar
409 468 33 20 för
457 467 26 21 de
498 467 91 21 militära
607 467 156 27 rustningarna.
772 474 45 14 som
827 467 29 21 alt
864 467 56 21 detta

93 497 23 21 sä
132 497 94 27 vältaligt
242 497 77 27 utlagts
336 497 29 20 uti
381 497 35 20 det
431 496 163 27 fredsmanifest,
605 502 45 15 som
667 496 37 21 vär
719 496 81 27 kejsare
816 496 63 21 riktat
889 496 30 21 till

94 526 92 20 världen.
204 538 28 3 —
248 525 44 21 Och
308 525 53 20 dock
377 525 38 20 har
431 525 101 20 utskottet
548 525 53 20 efter
616 527 72 24 moget
703 524 155 27 öfvervägande
874 525 46 20 icke

94 556 68 19 ansett
177 555 32 26 sig
224 554 72 20 kunna
312 556 64 18 annat
392 555 26 19 än
433 553 116 21 framställa
565 553 145 27 föreliggande
726 553 84 28 förslag.
832 553 40 21 Det
884 553 37 21 har

94 585 60 24 synts
169 583 101 20 utskottet
285 584 30 19 att
330 589 35 20 nu,
382 582 26 21 dä
423 582 36 21 det
474 582 66 27 gäller
558 588 26 15 en
595 582 91 21 revision
698 582 21 21 af
730 582 191 27 värnepliktslagen

94 611 64 21 sedan
176 612 26 20 20
218 611 23 21 är
256 611 88 20 förflutit
359 611 53 20 efter
429 611 48 20 dess
493 611 119 26 antagande
628 611 40 20 och
684 611 35 20 det
731 611 67 26 gäller
808 613 30 18 att
848 611 73 20 härvid

94 640 103 21 fastställa
220 647 26 14 en
268 640 41 20 den
324 639 74 27 högsta
413 639 163 26 fredsnumerär,
592 639 31 20 till
639 639 85 21 hvilken
741 639 108 21 eventuelt
865 642 56 24 trup-

94 675 65 20 perna
181 668 56 27 finge
260 668 130 28 uppbringas
414 667 69 21 under
506 674 26 14 en
552 668 69 21 sävidt
637 668 82 27 möjligt
733 667 143 28 öfverskädlig
892 667 29 21 tid

94 697 82 25 framät,
192 697 82 26 hänsyn
290 697 64 20 borde
370 699 59 24 tagas
439 696 33 20 till
483 696 54 20 ökad
549 696 123 26 folkmängd
683 697 39 20 och
733 697 67 20 ökade
811 703 110 19 ressurser,

95 726 83 25 hänsyn
201 725 65 21 borde
286 728 57 24 tagas
358 724 78 28 jämväl
452 724 70 21 därtill
538 727 30 18 att
582 725 47 21 icke
644 726 44 20 mot
704 724 37 21 vär
755 725 166 28 representation

95 754 35 20 mä
151 754 72 20 kunna
245 754 125 20 framställas
389 753 39 21 den
452 753 136 27 beskyllning
603 755 30 19 att
647 753 102 21 Finlands
763 754 44 20 folk
823 754 46 20 icke
886 753 36 20 vill

95 782 50 21 bära
168 782 55 21 hvad
246 782 7 20 i
276 782 56 21 detta
353 782 100 20 afseende
476 782 20 20 af
520 782 116 20 detsamma
659 782 39 20 kan
722 782 94 27 skäligen
835 782 87 20 fordras.

95 810 77 21 Denna
195 811 138 26 bestämning,
356 817 45 14 som
424 810 61 27 ingår
504 810 6 20 i
526 810 68 27 lagen,
610 811 56 20 afser
680 811 32 20 för
728 811 63 26 öfrigt
806 811 74 21 endast
896 817 25 14 en

95 839 159 27 maximigräns.
284 839 41 20 Vid
347 839 169 21 bestämmandet
531 839 21 21 af
568 839 123 21 densamma
706 840 38 20 har
759 839 101 22 utskottet
876 841 46 18 när-

96 870 55 18 mast
166 868 68 27 utgätt
249 868 46 20 frän
311 868 40 20 den
368 868 108 27 synpunkt
492 870 30 18 att
537 868 41 20 den
594 868 123 20 nuvarande
732 868 145 27 fredsstyrkan
889 867 34 21 mä

96 897 73 20 kunna
192 897 128 26 fördubblas,
343 897 116 26 hvarjämte
482 897 102 20 utskottet
606 897 48 20 sökt
677 897 76 20 bereda
769 896 109 28 möjlighet
894 899 29 18 att

96 925 128 25 därutöfver,
239 926 7 19 i
261 925 54 27 syfte
331 927 30 19 att
376 925 103 20 förstärka
495 925 192 26 reserven,inkalla
695 925 162 28 öfverkomplett
865 932 58 13 man-

96 954 58 27 skap,
176 960 45 15 som
244 954 53 21 efter
316 960 25 14 en
361 954 83 20 kortare
460 954 140 27 tjänstgöring
615 953 69 22 skulle
699 954 156 21 hemförlofvas.
887 954 36 21 Ut-

97 983 83 25 skottet,
202 989 44 14 som
263 983 120 20 konfererat
398 982 48 21 med
462 982 160 27 statsutskottet,
638 983 38 20 har
692 983 34 20 vid
743 983 144 26 beräkningen
903 982 20 21 af

97 1011 136 27 möjligheten
256 1011 33 20 för
305 1011 73 20 landet
393 1013 29 18 att
438 1011 60 20 ställa
514 1017 42 21 upp
572 1017 27 14 en
614 1011 66 20 sädan
696 1011 78 26 styrka,
790 1011 134 27 naturligtvis

96 1039 48 21 icke
166 1039 82 21 kunnat
263 1041 64 19 annat
342 1041 26 19 än
385 1039 164 27 approximativt
564 1039 92 21 beräkna
672 1039 70 22 denna
757 1040 115 27 möjlighet,
890 1039 34 21 det

97 1068 39 20 har
157 1068 73 20 härvid
254 1068 71 20 vidare
344 1068 47 20 icke
412 1068 82 20 kunnat
512 1070 64 18 annat
591 1070 26 18 än
634 1068 60 20 ställa
710 1068 31 27 sig
757 1068 26 27 pä
800 1068 62 20 basen
880 1068 44 20 utaf

97 1096 37 21 det
155 1096 71 27 jämna
244 1096 162 26 fortskridande,
425 1102 45 15 som
486 1096 68 21 under
570 1096 38 21 den
626 1096 117 28 förgängna
758 1097 57 20 tiden
831 1097 6 20 i
853 1096 71 21 landet

98 1125 55 27 gjort
174 1125 32 27 sig
220 1125 103 27 gällande.
353 1124 73 21 Skulle
442 1131 27 14 nu
487 1125 57 21 detta
559 1125 155 21 fortskridande
730 1125 65 21 blifva
811 1125 113 26 hämmtadt,

98 1153 69 21 skulle
190 1154 20 20 vi
229 1153 89 21 sälunda
333 1154 85 20 komma
434 1155 30 19 att
478 1153 32 21 stä
526 1155 44 19 mot
585 1160 26 14 en
627 1154 106 25 situation,
749 1154 26 20 dä
792 1160 48 14 man
856 1154 69 20 finner

98 1184 30 18 att
151 1182 156 27 uppställandet
329 1182 21 21 af
372 1182 49 20 fullt
443 1182 71 20 denna
536 1184 100 19 numerär
656 1182 68 21 skulle
741 1182 64 21 blifva
822 1182 45 21 vårt
882 1182 43 20 folk

98 1210 154 28 Ofvermäktigt,
276 1210 23 21 sä
321 1210 70 21 finnes
416 1210 35 21 det
472 1211 24 26 ju
519 1210 109 28 möjlighet
651 1213 29 19 att
698 1211 34 20 vid
755 1211 36 21 det
806 1212 120 20 succossiva

98 1239 176 26 genomförandet
296 1240 21 20 af
339 1239 107 26 ökningen
468 1242 48 23 taga
539 1239 83 27 hänsyn
644 1240 32 20 till
698 1240 60 20 dessa
773 1240 152 20 förhällanden.

98 1267 42 21 Det
162 1268 105 26 naturliga
289 1270 22 18 är
334 1268 34 20 väl
392 1270 29 18 att
442 1268 32 20 för
496 1274 25 14 en
538 1268 184 27 landtdagsperiod
738 1268 7 20 i
760 1268 78 21 sänder
853 1268 73 20 beräk-

98 1296 82 27 ningar,
202 1303 45 14 som
264 1296 27 21 dä
306 1296 72 21 kunna
394 1296 59 21 stöda
468 1296 33 27 sig
516 1297 27 26 pä
558 1296 61 21 säkra
634 1296 64 27 fakta,
714 1297 40 21 och
768 1297 80 26 förslag
862 1296 64 21 fram-

98 1324 72 27 läggas
186 1331 34 14 om
236 1325 86 21 hvilken
337 1325 80 27 ökning
432 1325 21 20 af
468 1325 27 20 de
510 1325 87 21 stäende
613 1327 114 25 trupperna
743 1326 68 20 under
827 1325 40 21 den
880 1327 46 18 när-

98 1355 68 19 maste
189 1353 100 28 perioden
309 1354 40 20 kan
365 1353 85 21 komma
466 1354 31 20 till
513 1354 117 20 utförande.
661 1353 41 21 Det
717 1356 22 18 är
755 1354 25 27 pä
797 1354 24 20 de
839 1354 87 20 anförda

99 1381 79 26 skälen,
196 1389 46 14 som
258 1383 101 20 utskottet
374 1385 68 18 ansett
458 1383 32 26 sig
505 1383 73 20 kunna
593 1383 105 26 tillstyrka
714 1385 29 18 att
759 1383 6 20 i
780 1383 62 26 lagen
858 1383 69 20 införa

99 1412 30 19 ett
144 1410 75 21 sädant
234 1410 121 28 stadgande.

168 1455 155 21 Diskussionen
345 1456 131 20 förklarades
499 1456 86 21 härmed
607 1456 98 26 afslutad,
729 1456 105 21 hvarefter
850 1457 24 19 hr
889 1456 39 21 tal-

99 1490 93 14 mannen
215 1484 32 21 till
270 1484 94 21 ständets
383 1484 130 22 besvarande
529 1485 121 21 framstälde
666 1485 93 27 följande
775 1485 153 27 omröstnings-

100 1512 138 28 proposition:
860 1536 10 17 6
