1103 1753
98 111 26 17 27
135 111 43 21 jan.
457 100 140 36 Utskottsval.
900 104 27 20 23

99 180 60 20 torde
181 180 47 20 från
250 179 140 22 medstånden
409 179 98 27 anlända,
528 180 30 20 att
573 178 109 22 desamma
697 178 70 22 skulle
783 178 35 21 vid
834 178 93 22 ståndets

99 208 64 28 plena
178 208 103 28 uppläsas.

168 351 33 21 Hr
217 351 122 20 talmannen
354 351 141 27 tillkännagaf
509 353 31 19 att
555 352 94 20 närmast
664 350 94 27 följande
770 350 63 28 plena
843 350 84 21 komme

100 381 31 19 att
150 386 39 21 ega
208 386 47 14 rum
271 379 100 28 fredagen
387 379 41 22 den
444 380 27 21 27
494 380 39 21 och
548 379 102 28 lördagen
671 379 42 21 den
736 379 26 21 28
783 377 144 23 innevarande

100 409 83 26 januari
198 408 27 21 kl.
241 408 39 21 6.30
295 414 17 15 e.
328 415 27 14 m.

169 551 91 21 Plenum
276 551 115 21 afslutades
407 552 27 20 kl.
450 552 40 20 6.25
505 558 18 14 e.
539 558 27 14 m.

727 608 22 18 In
762 608 63 17 fidem:

653 642 27 21 A.
703 642 23 21 V.
741 642 116 28 Lindberg.

204 831 146 34 Fredagen
368 831 56 27 den
443 831 35 27 27
496 831 116 35 januari
630 831 39 27 kl.
688 831 49 27 6.30
755 839 22 19 e.
795 839 35 18 m.

172 900 40 21 Vid
236 900 114 21 värkstäldt
365 907 81 20 upprop
462 900 107 21 befunnos
583 901 149 21 fränvarande:
763 901 36 21 hrr
814 901 115 20 Sommer

100 929 41 21 och
150 928 130 28 Liljeroos
291 929 26 27 pä
328 929 69 27 grund
407 929 22 21 af
440 929 57 21 förut
507 929 123 22 meddeladt
640 929 94 21 tillständ
742 931 55 20 samt
805 929 25 21 hr
837 929 91 28 Lindh,

100 964 47 14 som
169 957 87 22 anhällit
276 959 30 19 att
322 958 34 20 för
370 957 97 22 enskilda
483 958 179 27 angelägenheter
676 958 21 21 fä
713 958 102 21 uteblifva
830 958 47 21 frän
892 958 36 21 da-

101 992 52 21 gens
168 986 94 27 plenum,
277 986 29 21 till
324 986 85 21 hvilken
425 986 98 21 anhållan
539 986 86 22 ståndet
639 987 79 27 jämväl
734 987 64 21 biföll.

169 1128 113 27 Upplästes
298 1129 32 21 till
344 1129 105 27 justering
464 1130 39 21 och
516 1129 124 28 godkändes
655 1131 78 20 tvänne
749 1130 77 28 utdrag
841 1137 25 14 ur
881 1129 47 22 bor-

100 1157 145 26 gareståndets
260 1157 35 21 vid
311 1160 82 19 senaste
408 1158 88 27 plenum
511 1159 61 20 förda
587 1159 113 26 protokoll.

169 1300 113 27 Upplästes
304 1301 102 21 särskilda
427 1301 46 21 från
495 1303 79 26 präste-
589 1302 41 21 och
646 1302 160 21 bondestånden
822 1302 106 21 ankomna

100 1329 197 28 protokollsutdrag.

170 1470 33 22 Hr
224 1472 122 21 talmannen
369 1472 97 28 uppläste
489 1475 30 19 ett
540 1473 46 21 från
610 1474 94 20 ståndets
725 1473 104 21 elektorer
846 1472 82 21 inkom-

101 1501 43 20 met
159 1500 117 26 sålydande
291 1501 113 27 protokoll:
