1100 1775
188 110 40 20 112
554 109 90 32 Trontal.
927 117 27 17 30
966 117 48 21 maj.

315 218 143 34 Tisdagen
476 218 56 27 den
550 218 38 27 30
607 218 57 35 maj
683 218 39 26 kl.
740 218 59 32 11,30
816 218 18 26 f.
852 225 35 19 m.

255 287 70 21 Sedan
350 288 184 27 borgareståndets
561 288 139 20 medlemmar
720 288 86 21 samlats
830 288 11 21 å
861 288 151 26 ständerhuset,

186 316 99 27 aftågade
308 316 84 22 ståndet
411 317 93 20 därifrån
518 318 7 19 i
541 317 121 27 procession
679 317 48 21 med
743 317 66 28 öfriga
825 317 61 21 stånd
902 317 31 21 till
949 317 64 21 Niko-

186 344 112 27 laikyrkan
321 347 59 23 samt,
403 346 53 20 efter
480 348 28 18 att
530 346 63 20 hafva
608 346 114 20 öfvervarit
737 346 146 27 gudstjänsten
900 345 112 26 därstädes,

186 373 32 20 till
241 374 106 20 tronsalen
372 374 6 20 i
401 374 113 28 kejserliga
536 374 76 27 slottet,
635 374 84 21 hvarest
741 374 139 28 landtdagens
898 374 114 27 högtidliga

185 402 121 21 afslutande
321 402 115 28 försiggick
452 404 65 26 enligt
533 403 105 21 faststäldt
652 403 133 21 ceremoniel.

254 458 61 22 Hans
337 459 119 28 Kejserliga
482 460 105 27 Majestäts
613 460 34 20 vid
672 460 125 21 nästnämda
820 460 81 22 tillfälle
918 460 94 28 upplästa

186 487 77 27 nådiga
280 488 29 20 tal
325 495 38 13 var
378 489 20 20 af
413 489 93 27 följande
522 489 94 26 lydelse:

395 562 190 28 »Representanter
600 563 32 21 för
648 563 66 21 finska
730 563 75 21 folket!

255 619 69 22 Sedan
351 620 50 21 edra
426 620 86 21 arbeten
538 627 88 14 numera
650 620 69 21 blifvit
741 621 109 25 slutförda,
868 621 91 20 förklara
976 621 35 20 Wi

186 649 77 20 urtima
279 649 127 26 landtdagen
423 649 97 20 afslutad.

254 677 157 22 Anbefallande
434 677 50 22 eder
506 678 6 19 i
535 677 41 21 den
597 677 93 28 Högstes
710 678 75 27 skydd,
801 678 97 21 förblifva
915 678 35 20 Wi
965 677 47 22 hela

184 705 36 21 det
235 705 70 22 finska
320 706 67 21 folket
402 706 49 21 med
467 706 36 21 vär
519 706 112 27 kejserliga
646 709 78 24 ynnest
739 706 136 27 välbevägne.

803 746 137 21 NIKOLAI»

417 946 114 27 Samma
548 946 56 34 dag
622 946 38 27 kl.
679 946 17 27 3
716 954 21 19 e.
756 954 35 18 m.

254 1015 70 21 Sedan
341 1016 41 20 den
398 1016 116 27 högtidliga
529 1016 62 21 akten
608 1016 102 26 afslutats,
725 1015 174 21 sammanträdde
915 1015 97 27 borgare-

183 1044 87 21 ständet
292 1044 12 20 &
324 1045 126 20 nästnämda
475 1045 89 27 timslag,
585 1045 79 27 hvarpä
680 1044 41 22 den
737 1044 129 27 deputation,
882 1050 46 14 som
944 1044 68 20 skulle

184 1072 32 20 till
238 1072 142 22 medständen
402 1073 100 21 framföra
518 1073 182 27 borgareständets
716 1072 189 28 afskedshälsning,
921 1072 91 21 omedel-

184 1100 46 22 bart
246 1102 75 26 afgick.

252 1265 99 23 Därefter
366 1268 109 21 anmäldes
490 1268 39 20 och
545 1268 97 21 inträdde
658 1274 26 15 en
700 1267 147 28 deputation
856 1266 57 23 frän
922 1266 90 23 bonde-

183 1295 108 27 ståndet,
315 1296 75 21 anförd
413 1297 21 20 af
453 1296 204 28 landtdagsmannen
677 1296 106 27 Björni,
803 1302 45 15 som
868 1295 12 21 å
896 1295 116 27 deputatio-

183 1329 54 15 nens
254 1326 79 25 vägnar
347 1325 95 26 yttrade:

223 1380 177 22 Kunnioitettava
416 1382 61 21 herra
492 1381 118 28 puhemies!
640 1381 157 27 Hyvinarvoisa
813 1381 163 27 porvarissääty!

253 1438 50 21 Kun
319 1438 75 27 säädyt
410 1440 39 25 nyt
459 1439 94 25 viidettä!
567 1439 107 20 kuukautta
686 1438 190 27 työskenneltyään
888 1437 123 28 puolestaan

182 1467 50 19 ovat
257 1467 124 20 ratkaisseet
402 1473 104 14 maamme
522 1467 152 21 tulevaisuutta
689 1467 21 27 ja
725 1473 38 14 sen
780 1466 108 27 pyhimpiä
903 1465 109 22 oikeuksia

182 1494 52 21 mitä
259 1495 125 27 kipeimmin
409 1495 159 22 koskettelevan
593 1496 59 20 asian
676 1496 21 27 ja
720 1495 143 27 ylimääräiset
878 1494 134 28 valtiopäivät
