1100 1775
76 96 26 16 23
114 95 48 21 Maj.
395 94 204 21 Värnepliktslagen.
877 87 25 21 67

78 164 70 20 hvilka
163 163 38 21 lätt
216 164 72 20 kunna
303 163 98 25 ändras»,
417 162 85 22 oaktadt
518 162 108 21 desamma
641 162 7 20 i
661 162 107 27 egenskap
780 162 20 20 af
810 161 93 21 ständer-

78 193 34 26 lag
134 192 32 20 för
188 192 89 26 ändring
299 192 52 20 eller
374 191 148 27 upphäfvande
542 191 71 21 fordra
635 191 65 20 minst
715 192 31 20 tre
762 190 72 21 stånds
850 196 54 14 sam-

78 221 110 27 stämmiga
212 220 73 21 beslut.
315 220 11 21 I
348 220 37 20 det
407 226 40 14 ena
470 220 131 20 memorialet
625 219 106 27 beskylles
754 219 38 21 vår
816 224 88 15 numera

78 249 78 21 aflidne
176 248 278 22 ministerstatssekreterare
474 251 30 18 att
521 248 146 27 »afsiktligen>
684 248 24 20 är
723 248 55 20 1878
794 248 33 20 för
842 246 62 28 ryska

78 278 174 27 krigsministern,
274 278 72 27 grefve
370 277 99 28 Miljutin,
491 277 63 20 hafva
579 277 91 26 förtegat
698 277 124 20 ständernas
846 276 58 21 hem-

78 307 75 20 ställan
169 309 30 18 att
219 307 54 20 vissa
286 306 137 27 paragrafer
415 300 14 38 i
436 305 192 28 värnepliktslagen
639 305 68 21 skulle
719 305 96 27 tilläggas
826 304 78 27 grund-

78 335 108 28 lagshälgd
210 335 108 20 äfvensom
342 337 35 22 att,
393 341 45 14 som
455 335 35 20 det
504 335 65 24 heter,
586 334 180 27 »uppenbarligen
782 333 78 28 jämväl
875 333 29 20 af-

79 364 91 27 siktligt»
188 363 60 28 gifvit
263 363 71 27 grefve
350 363 106 27 Miljutins
471 363 108 21 utlåtande
596 363 59 20 öfver
670 362 192 27 värnepliktslagen
878 368 26 14 en

78 393 34 20 för
133 393 115 20 monarken
273 392 143 21 vilseledande
439 391 61 21 form.
530 391 42 21 Det
594 391 66 21 andra
683 391 134 21 memorialet
839 390 66 27 gäller

79 421 135 27 affattningen
232 421 20 20 af
268 421 12 26 &
296 421 47 26 119,
360 421 37 20 där
412 421 35 20 det
463 420 84 27 stadgas
562 422 30 19 att
607 420 221 27 generalguvernören
846 419 58 21 öfver

80 449 197 22 storfurstendömet
298 451 22 18 är
342 449 48 21 chef
405 449 32 20 för
453 449 68 20 finska
537 450 78 19 armén.
644 449 63 20 Hvad
723 449 71 20 denna
809 447 97 28 paragraf

79 479 103 25 beträffar,
197 478 105 26 beskylles
318 478 3 20 i
332 477 133 21 memorialet
474 477 129 28 landtdagen
614 477 33 21 för
657 479 30 18 att
696 477 62 20 hafva
770 477 132 26 »förvrängt»

79 507 135 28 paragrafens
229 507 81 26 lydelse
325 507 110 20 äfvensom
451 506 58 21 säväl
524 509 87 18 senaten
629 512 46 14 som
685 505 220 21 ministerstatssekre-

80 540 81 17 teraren
177 535 32 21 för
224 538 30 18 att
269 535 62 20 hafva
346 535 116 20 underlätit
477 538 29 17 att
518 535 53 20 fästa
582 535 127 20 monarkens
720 533 186 28 uppmärksamhet

80 564 26 27 pä
128 564 69 21 denna
220 563 159 28 omständighet.
411 563 170 21 Grundlösheten
604 563 21 20 af
645 563 26 20 de
686 563 112 20 utkastade
813 561 92 27 beskyll-

80 593 109 27 ningarna,
212 593 70 21 hvilka
304 593 18 27 ej
347 599 38 14 ens
407 593 77 21 skonat
506 592 41 21 död
570 598 61 15 mans
653 592 79 26 minne,
753 591 63 21 hafva
835 591 26 27 pä
876 592 29 20 ett

80 622 115 26 glänsande
215 624 41 18 sätt
271 621 118 27 vederlagts
405 621 20 21 af
440 621 143 27 lagutskottet,
599 627 49 15 men
664 620 35 21 det
713 621 82 20 faktum
812 619 94 21 kvarstår

81 650 53 21 dock
157 653 29 18 att
208 650 63 27 ryska
294 650 183 26 krigsministeriet
498 650 7 20 i
521 650 41 20 alla
578 650 61 20 dessa
654 650 71 26 frågor
739 649 76 27 intagit
830 655 26 14 en
872 648 33 21 till

80 685 34 15 oss
130 681 74 25 ytterst
220 678 94 27 fiendtlig
330 678 135 28 ståndpunkt.

149 707 122 21 Emellertid
295 706 37 21 vill
355 707 94 21 hvarken
471 708 35 26 jag
529 707 52 21 eller
603 706 69 28 nägon
698 713 70 14 annan
794 705 111 22 tillskrifva

80 736 62 21 dessa
165 739 43 17 mot
224 736 45 20 värt
284 736 48 20 land
350 736 39 20 och
405 736 43 20 folk
464 735 109 27 fiendtliga
590 735 123 21 uttalanden
729 737 68 19 större
813 734 44 21 vikt
878 735 27 19 än

81 765 25 21 de
129 765 107 27 värkligen
260 771 44 20 ega.
335 764 27 20 Vi
383 764 113 21 förblanda
511 764 18 27 ej
547 764 60 21 dessa
623 764 84 26 uttryck
723 764 21 20 af
760 763 146 27 nivellerings-

80 793 56 21 lusta
159 794 38 20 och
220 793 94 21 reaktion
330 793 39 20 hos
384 799 26 14 en
426 800 68 20 grupp
510 793 182 27 pseudopatrioter
707 792 48 21 med
771 792 36 21 det
822 791 84 22 bildade

81 822 117 27 Rysslands
214 822 92 27 opinion,
322 821 92 27 hvilken,
429 821 90 22 likasom
528 822 35 20 det
571 822 67 26 öfriga
649 821 84 21 bildade
744 821 92 27 Europa,
848 820 59 27 gillat

81 851 45 20 värt
148 851 54 20 folks
225 851 97 20 korrekta
344 851 39 20 och
407 850 64 27 lojala
493 850 95 27 hällning
609 850 8 20 i
639 850 60 21 dessa
721 849 185 26 militär-politiska

81 879 75 27 frägor.
185 879 35 26 Vi,
241 879 89 21 likasom
354 879 35 20 det
404 878 69 28 öfriga
488 879 91 27 Europa,
595 879 68 20 skatta
678 879 51 26 högt
744 878 36 21 det
794 877 112 28 Ryssland,

81 915 45 14 som
142 908 26 27 pä
183 908 81 21 andens
279 907 85 21 område
380 909 87 19 uträttat
483 907 100 26 storvärk,
599 914 46 14 som
655 907 74 27 skapat
739 906 167 27 mästerstyeken

81 937 6 20 i
105 937 105 20 litteratur
231 937 39 20 och
290 937 68 25 konst,
374 943 48 14 men
439 936 90 21 förvisso
545 936 50 21 ökas
611 937 18 26 ej
646 935 118 28 Rysslands
779 937 36 19 ära
830 941 76 21 genom

82 965 40 21 den
138 965 55 21 anda
208 965 21 21 af
244 965 59 20 krass
318 965 118 20 militarism
453 965 40 20 oeh
509 965 69 20 förakt
593 965 32 20 för
641 965 39 20 den
697 971 99 20 svagares
806 965 47 25 rätt,
861 969 45 15 som

82 996 60 25 utgör
158 994 133 27 grundtonen
307 994 7 19 i
330 993 25 21 de
371 993 21 20 af
407 993 26 21 de
450 993 90 21 militära
555 993 131 21 komitöerna
697 993 32 20 för
739 992 101 21 Finlands
850 993 57 20 stän-

81 1023 48 20 ders
144 1023 89 26 räkning
248 1022 111 21 författade
375 1022 174 27 förklaringarna.
579 1022 203 21 Storfurstendömet
806 1020 101 21 Finlands

81 1051 22 20 af
124 1051 43 21 fem
189 1051 64 27 ryska
268 1050 82 27 kejsare
366 1050 107 21 besvurna
488 1051 108 20 autonomi
612 1051 39 20 och
667 1049 181 22 konstitutionella
863 1048 44 21 för-

80 1080 92 26 fattning
195 1080 41 20 kan
258 1079 52 21 dock
326 1079 94 21 hvarken
437 1079 118 27 upphäfvas
571 1079 52 21 eller
638 1079 186 20 bort->förklaras»
842 1077 20 21 af
878 1079 30 19 ett

82 1108 56 21 antal
161 1109 63 25 ryska
248 1107 266 28 generalstabsofficerares
537 1107 139 28 ringaktande
699 1107 134 26 terminologi
856 1106 51 21 eller

80 1137 158 27 förolämpande
254 1137 89 26 uttryck.

149 1165 11 21 I
176 1165 41 21 den
233 1165 127 25 världsstrid,
377 1171 45 15 som
437 1165 34 21 för
486 1165 131 21 närvarande
633 1165 111 27 utkämpas
759 1164 78 21 mellan
852 1163 55 21 mili-

81 1194 111 21 tarismens
208 1195 76 20 demon
302 1194 39 20 och
356 1194 81 21 fridens
454 1194 69 27 ängel,
540 1194 53 27 väga
608 1194 21 20 vi
645 1194 53 20 dock
713 1194 7 20 i
736 1193 172 25 civilisationens,

81 1223 111 21 kulturens
216 1223 38 21 och
271 1223 45 20 värt
330 1223 128 20 fosterlands
474 1223 89 20 intresse
579 1223 79 27 hoppas
673 1224 30 18 att
719 1222 53 20 efter
786 1222 70 20 denna
872 1220 36 22 be-

81 1251 101 27 kymrens
204 1252 39 20 och
264 1251 139 27 pröfningens
424 1251 30 21 tid
477 1252 53 20 skall
546 1251 77 21 randas
639 1257 26 15 en
681 1257 54 20 aera,
751 1250 27 21 dä
793 1250 26 21 de
835 1250 21 20 af
872 1249 36 21 vär

82 1280 87 20 monark
192 1280 50 27 högt
264 1280 93 21 uttalade
381 1280 39 20 och
444 1280 93 20 erkända
562 1282 91 18 >rättens
669 1280 39 20 och
724 1279 112 21 rättvisans
852 1278 56 27 prin-

82 1309 62 27 ciper,
160 1308 26 28 på
201 1309 70 20 hvilka
286 1311 103 18 staternas
405 1308 98 21 säkerhet
519 1308 40 21 och
574 1308 83 21 folkens
670 1308 79 20 välfärd
760 1307 78 27 hvila»,
848 1306 60 21 skola

82 1338 44 20 visa
142 1338 31 27 sig
189 1337 121 28 tillräckligt
324 1337 71 21 starka
411 1339 29 19 att
456 1337 111 21 triumfera
582 1337 59 21 öfver
656 1336 41 21 alla
712 1336 80 21 hinder.

150 1423 32 20 Hr
204 1423 133 20 Berneri:
361 1422 41 21 Sen
426 1422 75 27 pitkän
524 1422 122 21 sivuretken
668 1422 90 27 jälkeen,
783 1421 63 28 jonka
871 1421 37 20 hra

81 1451 122 28 Appelberg
227 1464 19 2 —
262 1451 135 21 arvattavasti
419 1451 82 21 omaksi
522 1451 123 22 huvikseen,
661 1457 53 14 vaan
730 1451 72 20 tuskin
818 1450 90 20 muitten

81 1493 27 2 —
120 1487 26 14 on
163 1480 79 27 tehnyt,
258 1480 77 20 tahdon
351 1479 58 21 minä
424 1479 93 28 kääntyä
532 1479 90 22 takaisin
639 1479 66 21 siihen
722 1479 78 26 asiaan,
816 1479 48 26 joka
880 1484 27 15 on
