1100 1775
85 124 26 16 23
122 123 41 21 jan.
377 116 243 32 Talmanskonferensen.
887 117 26 20 17

86 193 167 25 representanter
268 198 124 20 gemensam
407 198 87 22 omsorg
507 198 34 14 om
557 192 150 20 fosterlandets
718 191 40 26 väl,
768 192 27 27 på
805 191 109 27 rättrådig-

86 220 35 20 het
135 220 7 20 i
158 220 135 27 uppfattning
307 220 89 21 förenad
411 220 49 21 med
476 220 182 21 konstitutionella
673 220 112 27 tänkesätt,
799 220 47 21 icke
861 220 53 20 skall

86 248 76 21 saknas
174 248 35 21 vid
225 250 36 19 det
275 255 30 14 nu
318 248 105 28 ingångna
435 248 157 28 ständermötet,
603 249 73 20 därom
692 248 61 22 torde
769 248 145 28 borgarestån-

86 277 36 21 det
142 277 47 21 dela
209 277 25 21 R.
250 284 17 13 o.
283 277 39 21 A:s
344 277 62 21 säkra
421 277 124 27 förtröstan;
565 278 40 20 och
620 284 29 14 nu
665 277 71 21 såsom
752 277 105 21 tillförene
872 277 42 21 för-

86 305 79 22 litande
188 312 33 15 oss
244 305 27 28 på
293 305 138 28 framgången
456 306 21 21 at
499 306 26 21 de
548 306 144 27 grundsatser,
706 308 43 19 rätt
763 306 40 21 och
819 306 96 27 sanning,

86 334 81 21 hvilkas
190 334 139 21 fasthällande
351 335 7 20 i
382 335 41 20 alla
444 335 79 20 skiften
539 335 80 27 utgjort
635 335 36 20 vär
687 335 115 27 vapenlösa
817 335 98 26 trygghet

86 363 40 21 och
141 363 46 21 vårt
201 365 50 18 värn
267 363 40 21 och
323 369 46 15 som
385 363 21 21 vi
420 363 47 21 icke
484 366 47 18 veta
546 370 35 14 oss
595 363 75 21 hittills
685 363 63 21 hafva
763 363 69 28 svikit,
843 363 71 21 kunna

87 392 20 20 vi
122 391 62 28 lugnt
198 391 71 21 skrida
284 391 32 21 till
332 392 46 20 vårt
393 392 141 21 ansvarsfulla
550 392 51 21 värf.

155 420 48 21 Med
227 420 61 21 dessa
309 420 87 21 känslor
418 421 69 20 hälsar
509 420 24 21 R.
549 427 18 14 o.
583 421 26 20 A.
625 420 175 27 borgareståndet
823 420 92 28 hjärtligt

87 449 128 21 välkommet
231 449 31 20 till
277 449 121 21 stundande
413 449 118 21 samarbete
547 449 39 21 och
600 449 61 21 utber
677 449 32 28 sig
724 451 31 19 att
769 449 30 21 alt
810 449 105 27 framgent

86 477 20 21 få
123 484 50 15 vara
187 477 116 22 inneslutet
318 478 7 20 i
341 478 36 20 det
392 477 106 28 vällofliga
513 477 96 22 ståndets
624 478 94 27 vänskap
734 478 39 21 och
789 477 125 22 förtroende.

155 540 32 21 Hr
202 541 122 20 talmannen
341 541 98 20 svarade:

155 603 41 27 Jag
211 603 38 21 ber
263 606 30 18 att
308 604 13 20 å
336 604 184 26 borgareståndets
535 606 80 25 vägnar
630 604 21 21 få
667 604 106 21 frambära
783 604 48 21 dess
842 610 72 14 varma

87 632 129 27 tacksägelse
231 632 32 21 för
279 633 40 21 den
335 633 51 26 högt
398 632 115 22 värderade
524 633 105 27 hälsning,
639 639 46 15 som
696 640 78 20 genom
785 633 57 21 Eder
851 632 63 21 fram-

88 660 66 21 burits
171 660 47 21 från
234 660 24 22 R.
274 668 17 14 o.
307 661 26 21 A.
363 658 70 24 Afven
455 661 173 27 borgareständet
645 663 24 19 är
683 662 86 20 sinnadt
784 663 30 19 att
829 661 34 21 vid
879 660 36 21 be-

87 689 128 27 handlingen
232 690 21 20 af
269 690 41 20 den
325 692 57 19 stora
398 690 39 21 och
452 690 112 27 ödesdigra
576 690 65 27 fräga,
653 697 46 14 som
709 690 114 28 föreligger
832 689 83 21 landets

88 717 90 28 ständer,
193 718 37 20 lita
245 718 32 21 till
291 720 42 19 rätt
347 719 41 20 och
403 719 91 27 sanning
514 719 39 21 och
569 721 44 19 tror
628 721 30 19 att
673 719 55 21 hvad
741 725 46 15 som
799 719 80 27 bygges
889 718 26 27 pä

88 746 69 20 denna
179 746 69 28 grund
271 747 38 21 har
329 747 29 21 all
378 747 65 21 utsikt
461 749 30 19 att
507 747 65 21 blifva
587 747 120 21 bestående.
737 746 178 28 Borgareständet

88 774 96 22 anhäller
201 778 30 18 att
246 775 10 21 I
276 775 65 27 viljen
356 776 32 20 till
402 776 35 20 det
451 775 114 27 höglofliga
580 775 25 21 R.
621 782 18 15 o.
654 776 25 21 A.
695 776 107 21 frambära
817 776 98 26 borgare-

88 803 94 21 ständets
204 804 130 27 tacksägelse
357 805 40 20 och
419 805 146 27 genhälsning,
587 805 39 21 och
645 805 38 21 ber
698 805 173 27 borgareständet
886 805 29 20 att

88 832 62 21 äfven
166 833 135 27 fortfarande,
317 839 44 14 som
379 833 110 27 härintills,
504 833 21 21 få
540 833 82 28 åtnjuta
639 833 35 22 det
688 833 115 28 höglofliga
813 833 24 21 R.
849 840 17 14 o.
877 833 38 20 A:s

89 861 98 27 vänskap,
203 861 85 27 välvilja
303 861 40 21 och
358 861 128 22 förtroende.

157 1026 33 21 Hr
211 1027 122 21 talmannen
354 1027 97 28 upplöste
473 1028 50 21 härä
544 1029 85 27 plenum
650 1028 27 21 kl.
694 1029 12 19 2
722 1034 19 15 e.
757 1035 26 14 m.
800 1027 48 22 med
864 1034 51 21 upp-

89 1055 87 27 maning
195 1055 32 21 till
247 1055 94 22 ständets
361 1056 140 21 medlemmar
516 1059 31 19 att
561 1057 45 21 äter
621 1057 77 20 samlas
714 1057 29 20 kl.
759 1057 12 20 3
787 1063 16 14 e.
819 1063 28 14 m.
863 1057 54 20 samt

90 1083 25 20 dä
136 1090 49 14 vara
203 1084 92 21 beredde
310 1086 31 19 att
355 1085 71 20 skrida
441 1085 33 21 till
490 1085 33 21 val
539 1086 21 20 af
575 1085 116 22 ledamöter
707 1085 40 21 och
762 1085 154 28 suppleanter
906 1079 13 38 i

89 1111 238 23 talmanskonferensen.

159 1278 68 21 Sedan
253 1279 94 21 ständets
375 1280 139 21 medlemmar
540 1280 34 21 vid
602 1281 141 27 nyssberörda
767 1281 84 27 timslag
874 1280 45 22 åter

90 1307 191 27 sammankommit,
301 1308 74 21 skreds
393 1308 32 21 till
441 1309 32 20 val
491 1309 21 21 af
527 1309 35 21 två
577 1309 117 21 ledamöter
709 1310 40 20 och
765 1316 25 14 en
807 1309 112 27 suppleant

90 1335 7 20 i
112 1335 285 30 talmanskonferensen,
409 1337 88 21 hvarvid
512 1338 30 21 till
560 1338 117 21 ledamöter
691 1339 86 26 utsägos
793 1339 25 20 hr
832 1338 86 27 Wege-

90 1363 55 22 lius
170 1365 47 20 med
239 1365 26 21 58
285 1366 40 20 och
345 1366 25 20 hr
390 1362 99 25 Öhman
505 1367 49 20 med
571 1367 26 20 38
613 1369 67 19 röster
694 1369 55 19 samt
764 1367 32 21 till
807 1367 112 27 suppleant

91 1392 25 21 hr
130 1392 145 22 Ferdinand
290 1394 126 21 Jusölius
431 1395 50 20 med
498 1395 25 20 36
539 1397 72 19 röster.

159 1421 42 21 Vid
224 1422 55 21 valet
294 1423 81 20 erhöllo
390 1423 94 27 följande
500 1423 212 22 ständsmedlemmar
728 1424 101 27 därjämte
845 1425 73 24 röster,

92 1449 115 28 nämligen:
224 1451 32 20 till
266 1451 126 21 ledamöter:
406 1452 25 20 hr
439 1451 122 22 Ferdinand
572 1452 95 21 Jus6lius
679 1453 11 20 3
702 1454 67 19 röster
779 1453 40 20 och
830 1452 88 21 Berneri

92 1478 8 20 1
126 1480 43 19 röst
189 1481 54 19 samt
265 1479 31 21 till
320 1479 146 28 suppleanter:
490 1481 25 20 hr
536 1481 108 20 Andersin
665 1481 24 20 17
706 1481 40 21 och
762 1481 24 20 hr
801 1481 89 21 Berneri
906 1481 12 20 6

92 1508 65 19 röster
172 1507 109 22 äfvensom
297 1509 36 20 hrr
348 1509 96 20 Andstön
462 1509 40 21 och
517 1509 78 21 Heikel
610 1509 102 22 hvardera
729 1510 11 20 1
757 1511 49 20 röst.

840 1550 10 17 2
