1098 1781
91 119 27 17 24
130 119 47 21 maj.
241 118 63 17 Just.-
317 119 38 17 och
368 118 168 21 exp.utskottens
548 122 91 17 gemens.
653 118 119 16 sammantr.
890 111 28 20 95

160 187 48 22 Med
228 187 205 28 tillkännagifvande
448 189 30 18 att
492 189 61 18 nästa
568 187 87 27 plenum
672 187 84 20 komme
772 189 30 18 att
817 193 39 20 ega
870 192 46 14 rum

92 217 7 20 i
114 216 57 21 afton
188 216 25 21 kl.
231 217 10 20 7
258 216 62 21 afslöt
335 217 24 20 hr
375 215 122 22 talmannen
515 215 86 28 plenum
617 215 27 21 kl.
662 215 54 27 12,45
731 221 17 15 e.
764 222 27 13 m.

697 277 20 18 In
730 277 62 18 fidem:

640 312 27 21 A.
690 311 23 22 V.
731 311 116 28 Lindberg.

236 517 151 35 Onsdagen
406 517 56 27 den
480 517 38 26 24
536 517 59 34 maj
615 517 39 26 kl.
673 517 15 26 7
707 525 21 18 e.
747 525 35 18 m.

162 587 41 21 Vid
219 587 115 21 värkstäldt
349 593 81 22 upprop
446 587 107 21 befunnos
568 587 94 20 ståndets
673 587 97 26 samtliga
782 586 137 21 medlemmar

93 616 130 21 närvarande
243 616 91 21 förutom
350 616 24 20 hr
389 615 165 28 Herckman,
567 622 44 14 som
628 615 21 21 af
664 615 99 28 sjukdom
778 622 36 14 var
829 615 88 20 hindrad

94 647 30 20 att
138 645 192 21 tillstädeskomma.

163 959 111 28 Upplästes
288 959 101 22 särskilda
401 959 45 21 från
459 959 139 21 medstånden
609 959 101 21 inkomna
721 959 197 28 protokollsutdrag.

163 1108 39 21 Till
217 1108 128 28 behandling
361 1111 91 25 upptogs
468 1108 40 21 den
525 1109 35 20 vid
574 1108 158 28 förmiddagens
745 1108 85 28 plenum
844 1108 74 20 väckta

95 1143 48 15 men
160 1137 68 21 härtill
245 1137 114 27 bordlagda
382 1137 74 27 frågan
476 1144 35 14 om
528 1137 168 28 expeditions-
712 1137 46 22 och
770 1136 148 29 justerings-

95 1165 139 23 utskottens
249 1172 179 21 gemensamma
443 1166 208 22 sammanträden.

163 1222 30 21 På
207 1222 78 28 förslag
301 1223 20 20 af
336 1223 25 20 hr
375 1222 150 22 Wasenius
541 1222 68 22 beslöt
625 1223 84 21 ståndet
724 1223 112 27 godkänna
846 1222 41 21 den
898 1222 22 20 af

93 1251 232 21 talmanskonferensen
340 1252 7 20 i
362 1253 72 19 ämnet
449 1252 74 26 gjorda
539 1252 183 26 framställningen
738 1251 51 21 eller
804 1253 36 24 att,
850 1252 7 19 i
868 1251 49 20 hän-

94 1280 58 20 delse
172 1280 52 20 efter
238 1280 139 27 landtdagens
393 1280 120 21 afslutande
530 1280 178 27 meningsolikhet
723 1280 89 27 uppstod
829 1279 90 21 emellan

94 1308 142 27 expeditions-
251 1308 39 21 och
305 1308 223 28 justeringsutskotten
540 1308 110 28 angående
669 1308 137 22 redaktionen
825 1308 21 21 af
856 1308 64 26 något

94 1336 123 22 ständernas
239 1343 47 14 svar
305 1336 52 22 eller
372 1344 70 14 annan
458 1337 117 27 skrifvelse,
591 1337 97 21 bemälda
704 1337 78 21 utskott
797 1337 53 27 egde
865 1343 54 14 sam-

94 1365 109 21 manträda
218 1365 31 21 till
265 1372 121 20 gemensam
402 1366 162 27 öfverläggning
576 1366 69 20 under
657 1365 179 27 ordförandeskap
847 1365 21 21 af
878 1365 41 21 den

93 1394 98 26 ledamot,
211 1400 46 14 som
278 1394 35 21 det
332 1394 90 21 sålunda
437 1396 151 19 sammansatta
603 1394 103 21 utskottet
720 1394 56 21 inom
793 1394 32 27 sig
840 1393 81 27 utsåge,

93 1422 40 21 och
157 1422 72 21 därvid
252 1428 75 21 genom
343 1429 122 21 gemensam
482 1423 133 27 omröstning
629 1423 49 21 med
694 1422 124 22 ständernas
833 1424 41 19 rätt
890 1422 30 20 af-

94 1452 50 25 göra
159 1451 70 21 saken.
