1100 1773
62 131 26 17 23
100 130 47 21 Maj.
366 122 203 32 Värnepliktslagen.
863 123 26 20 69

131 198 33 21 Hr
178 198 114 21 Andstén
309 198 72 21 anhöll
396 200 30 19 att
441 197 32 22 till
488 198 127 27 protokollet
630 197 21 21 få
666 197 129 22 antecknadt
807 199 30 19 att
849 197 42 21 han

62 227 47 22 icke
125 227 48 21 med
189 227 32 20 sin
237 229 44 18 röst
295 227 92 27 bidragit
402 226 32 21 till
449 226 134 21 förestående
599 226 75 21 beslut.

131 283 33 22 Då
179 283 85 21 ståndet
278 290 30 13 nu
323 283 108 26 öfvergick
449 283 31 21 till
495 283 197 28 detaljbehandling
706 283 22 20 af
743 282 148 26 betänkandet,

64 313 81 27 yttrade
173 312 25 21 hr
224 311 122 22 talmannen
375 314 29 19 att
429 312 42 21 han
496 311 54 22 hade
581 312 33 20 för
638 312 63 20 afsikt
726 313 30 19 att
781 311 110 27 föredraga

64 341 87 22 ärendet
173 340 96 27 sålunda,
291 342 36 24 att,
343 340 27 21 då
384 340 70 21 under
469 340 149 21 diskussionen
634 340 153 27 hänvisningar
801 339 31 22 till
848 339 43 28 lag-

64 370 111 21 utskottets
198 369 133 21 betänkande
355 369 107 20 sannolikt
484 369 43 21 ofta
550 369 85 20 komme
655 371 30 18 att
700 375 39 20 ega
754 375 54 20 rum,
824 369 67 26 lagut-

65 399 87 21 skottets
174 397 133 22 betänkande
327 397 54 21 efter
396 397 201 27 slutbehandlingen
613 397 21 21 af
649 397 243 28 värnepliktsutskottets

65 427 133 22 betänkande
220 426 68 21 skulle
308 426 123 27 föredragas
446 426 32 21 till
494 426 26 21 de
536 426 64 26 delar,
616 432 45 15 som
677 426 47 21 icke
739 426 65 21 redan
821 425 71 22 kunde

65 463 50 14 vara
137 456 21 21 af
180 455 84 21 ståndet
284 455 132 20 behandlade
434 455 36 20 vid
486 455 186 27 handläggningen
689 455 21 20 af
725 455 116 20 sistnämda
857 454 35 21 be-

66 484 111 21 tänkande.

134 540 135 21 Beträffande
285 541 11 26 $
313 541 11 20 1
341 541 31 20 uti
388 540 35 21 det
445 541 22 20 af
490 541 102 20 utskottet
615 541 111 20 förordade
749 540 144 27 författnings-

66 569 99 28 förslaget
180 569 71 21 anhöll
267 569 49 21 härå

135 627 25 20 hr
183 626 205 27 Schybergson
410 633 34 14 om
465 626 59 21 ordet
545 627 40 20 och
601 626 93 27 yttrade:
710 626 74 21 Redan
801 626 34 21 vid
851 626 41 21 den

68 655 105 21 allmänna
195 655 148 20 diskussionen
365 654 106 21 förbehöll
486 655 35 27 jag
536 655 44 27 mig
595 657 30 19 att
640 655 21 20 få
676 655 77 21 föreslå
768 661 27 15 en
811 655 82 20 mindre

68 683 131 22 redaktionel
214 683 123 27 förändring
353 683 21 21 af
390 683 70 21 denna
476 684 102 27 paragraf.
609 683 42 28 Jag
665 683 70 21 finner
750 684 43 27 mig
809 683 36 27 uti,
861 683 33 21 så-

68 719 44 15 som
134 713 35 27 jag
192 712 63 21 också
276 712 83 26 nämde,
375 715 29 18 att
419 712 60 21 ordet
497 713 69 21 »rike»
584 712 61 28 ingår
659 712 30 21 uti
706 712 69 21 denna
791 712 102 28 paragraf,

68 741 26 21 då
115 742 35 26 jag
173 744 58 24 tager
253 741 32 20 för
306 741 66 27 gifvet
387 743 29 19 att
431 741 114 21 ständerna
560 741 109 27 samtycka
685 741 31 21 till
732 741 163 27 värnepliktsut-

68 770 87 21 skottets
173 769 78 27 förslag
267 770 72 20 därom
355 772 30 18 att
400 772 114 24 trupperna
529 770 108 21 eventuelt
652 770 59 20 skola
726 770 74 20 kunna
816 771 79 19 använ-

68 798 38 21 das
127 801 58 18 utom
208 798 83 21 landets
312 800 92 25 gränser,
425 804 49 14 men
489 799 36 26 jag
540 798 40 21 kan
597 798 47 21 icke
659 798 49 21 fullt
722 798 71 27 förstå,
809 798 85 21 hvarför

68 834 48 14 man
139 827 54 21 talar
215 833 34 14 om
274 826 59 21 »hela
353 826 37 21 det
404 827 76 26 ryska»
498 827 59 21 riket.
587 826 73 28 Enligt
675 828 87 20 svenskt
777 826 117 28 språkbruk

68 856 72 20 kunna
163 855 21 20 vi
207 855 46 21 icke
276 855 7 20 i
303 857 29 19 ett
346 855 114 27 lagförslag
477 855 42 21 tala
534 862 34 14 om
584 856 48 20 hela
647 855 52 21 eller
714 856 71 20 halfva
800 855 60 25 riket,
876 855 21 20 vi

68 884 42 21 tala
125 891 32 14 om
177 884 86 23 riket»,
278 891 44 14 som
339 884 114 21 innefattar
469 884 35 21 det
520 884 63 27 ryska
598 884 55 21 riket
667 884 7 21 i
690 884 48 21 dess
754 884 75 21 helhet.
853 883 42 22 Nä-

69 915 35 24 got
127 913 145 20 missförständ
295 913 41 20 kan
352 913 47 20 icke
415 919 39 21 ega
470 919 53 21 rum,
538 913 45 20 ifall
599 913 61 20 dessa
676 913 37 20 ord
729 913 113 26 utstrykas,
858 913 39 20 och

70 941 56 21 hvad
142 948 29 14 nu
188 941 97 21 beträffar
300 941 41 21 den
357 941 185 27 omständigheten
557 943 36 25 att,
608 941 67 28 enligt
688 941 55 21 hvad
755 943 36 26 jag
800 941 97 28 privatim

70 970 47 21 hört
140 970 117 27 uppgifvas,
281 970 64 27 något
367 970 56 27 slags
446 970 271 27 öfversättningssvärighet
739 971 68 20 skulle
823 969 76 28 uppstå

72 999 36 20 vid
124 998 172 27 öfverflyttandet
311 998 23 21 af
347 999 110 26 lagtexten
474 999 31 20 till
520 999 69 26 ryska,
602 999 23 20 så
637 999 35 20 må
682 999 71 20 herrar
763 999 136 20 translatorer

72 1033 50 15 men
144 1027 47 21 icke
213 1027 102 21 Finlands
338 1027 85 21 ständer
439 1027 82 21 klarera
537 1027 62 21 detta.
629 1027 41 28 Jag
684 1027 91 22 förutser
791 1027 108 21 dessutom

69 1055 136 28 möjligheten
229 1056 21 20 af
273 1058 29 18 att
318 1056 238 27 värnepliktsutskottet,
572 1056 32 21 till
619 1056 80 21 hvilket
714 1056 35 27 jag
765 1057 63 26 yrkar
843 1055 54 21 åter-

70 1084 75 21 remiss
167 1085 6 20 i
197 1085 36 20 det
254 1085 21 20 af
297 1085 44 25 mig
355 1085 124 20 framstälda
495 1085 114 26 afseendet,
625 1085 53 20 skall
693 1084 59 21 finna
767 1087 64 24 utväg
847 1086 30 19 att
891 1083 7 21 i

71 1113 93 20 motiven
188 1113 131 21 förekomma
343 1119 25 14 en
392 1113 77 27 oriktig
493 1113 159 27 öfverflyttning
675 1113 31 20 till
726 1113 64 27 ryska
806 1113 21 21 af
842 1113 57 20 detta

70 1141 121 27 stadgande.
222 1141 47 21 Mitt
292 1141 79 27 förslag
394 1141 37 28 går
453 1141 82 22 således
559 1143 23 19 ut
603 1141 26 28 på
645 1144 29 19 att
689 1142 124 27 paragrafen
829 1141 69 21 skulle

71 1170 60 27 lyda:
150 1170 45 21 »för
210 1172 92 24 tronens,
318 1170 183 21 fäderneslandets
517 1171 39 20 och
572 1171 64 20 rikets
651 1171 81 20 försvar
747 1177 18 14 o.
776 1177 16 14 s.
801 1177 30 14 v.»
845 1171 54 19 samt

71 1200 31 19 att
123 1205 26 14 en
173 1199 119 20 återremiss
314 1199 7 20 i
342 1199 57 20 detta
414 1199 101 20 afseende
531 1199 32 20 för
578 1199 144 21 omredaktion
739 1205 50 21 eger
805 1205 46 14 rum
867 1198 32 21 till

71 1227 234 28 värnepliktsutskottet.

140 1284 32 21 Hr
187 1284 149 21 Stenroth:
361 1284 58 21 Minä
440 1285 87 27 pyydän
549 1284 92 27 lyhyesti
662 1284 63 21 saada
740 1284 102 21 ilmoittaa
857 1285 43 19 että

71 1313 118 27 puolestani
211 1314 112 26 hyväksyn
345 1313 44 20 niin
410 1313 66 27 hyvin
493 1315 70 19 tämän
579 1313 91 27 pykälän
688 1313 143 21 valiokunnan
847 1312 52 21 mie-

72 1342 94 20 tinnössä
188 1342 52 20 kuin
260 1342 70 20 kaikki
351 1342 105 20 muutkin.
487 1342 91 20 Kantani
595 1348 27 14 on
639 1342 104 20 nimittäin
759 1341 93 27 lyhyesti
867 1347 33 15 sa-

72 1372 89 19 nottuna
183 1370 62 20 aivan
267 1376 58 15 sama
341 1370 53 21 kuin
410 1370 363 21 asevelvollisuusvaliokunnankin.
805 1370 94 20 Minäkin

72 1398 118 28 puolestani
213 1399 74 20 katson
310 1401 43 19 että
376 1400 95 26 säätyjen
495 1399 138 21 velvollisuus
654 1406 27 14 on
698 1399 129 20 välttämättä
843 1400 56 19 ottaa

72 1427 96 27 päälleen
183 1427 72 21 kaikki
271 1434 26 14 ne
312 1428 119 26 rasitukset,
447 1428 52 26 joita
515 1428 88 20 voidaan
620 1428 73 20 katsoa
708 1427 93 21 Suomen
818 1426 82 21 valtiol-

73 1456 53 20 lisen
149 1456 89 21 suhteen
254 1456 173 20 keisarikuntaan
444 1456 105 26 vaativan,
564 1458 67 18 mutta
647 1458 42 18 että
701 1456 95 26 säätyjen
813 1454 88 22 samalla

73 1484 148 21 nimenomaan
245 1490 28 15 on
295 1484 126 27 lausuttava,
444 1484 67 21 kuten
533 1484 299 21 asevelvollisuusvaliokunta
847 1484 53 20 huo-

74 1514 99 25 mauttaa,
196 1515 42 19 että
260 1514 72 29 nämät
355 1513 160 25 lisärasitukset,
537 1515 71 19 nämät
625 1512 204 22 lisävelvollisuudet
845 1514 56 19 ottaa
