992 1731
161 134 42 20 524

133 200 32 19 att
181 198 97 20 erkänna
293 197 38 20 det
346 196 66 21 enkla
428 196 151 20 dödsstraffets
594 194 162 28 berättigande;
772 196 23 26 ty
811 194 37 21 det
859 196 24 18 är

133 232 35 21 väl
185 231 98 27 omöjligt
298 233 32 18 att
345 230 49 21 med
410 232 67 19 annat
491 232 27 18 än
536 228 29 29 lif
576 230 60 20 mäta
651 235 27 15 en
694 235 94 21 annans,
804 234 27 15 en
847 234 36 15 ve-

134 266 95 22 derlikes
251 264 138 28 uppsåtligen
407 264 115 27 förspillda
541 262 33 28 lif,
598 265 52 19 enär
668 262 60 22 detta
743 262 57 22 dock
814 262 69 22 måste

134 301 109 21 erkännas
257 299 65 22 hafva
333 305 83 15 samma
426 298 76 28 värde,
514 304 46 15 som
570 296 133 23 mördarens.
726 297 80 27 Många
817 296 68 22 värda

134 336 69 20 talare
219 334 66 22 hafva
300 334 6 20 i
322 340 75 14 varma
412 332 39 22 ord
467 332 67 28 byggt
550 332 33 22 sin
599 333 103 20 motsatta
717 332 88 27 mening
820 331 65 22 äfven

134 370 76 27 derpå,
234 370 32 21 att
287 368 62 21 deras
370 366 123 28 menskliga
514 366 78 22 känsla
611 372 103 22 uppreser
729 366 34 27 sig
778 368 44 19 mot
838 368 46 19 tan-

132 405 45 20 ken
199 404 28 27 på
249 398 147 31 dödsstraffet.
426 402 44 20 Det
489 407 52 16 vore
560 401 8 21 i
586 400 94 28 sanning
695 400 101 28 sorgligt,
814 407 34 15 om
864 400 19 28 ej

134 438 79 22 sådant
235 435 51 23 vore
309 436 62 22 fallet
392 436 40 22 hos
454 436 76 28 hvarje
548 435 121 22 menniska.
699 435 49 22 Men
764 434 61 22 detta
841 435 43 21 kan

135 473 35 21 väl
190 472 119 28 ingalunda
329 473 77 25 utgöra
427 470 60 22 bevis
502 470 28 28 på
544 469 152 23 dödsstraffets
712 469 173 28 orättmätighet;

134 511 23 24 ty
181 507 28 21 då
231 512 52 17 vore
306 506 41 20 ock
371 506 50 20 Gud
443 505 99 27 orättvis,
566 511 45 15 som
630 504 8 21 i
656 504 74 27 gamla
747 506 140 19 testamentet

135 543 84 25 strängt
241 540 108 27 stadgade
372 539 149 28 dödsstraffet,
544 538 40 22 och
608 540 57 19 ännu
684 538 6 22 i
711 538 44 27 dag
772 538 57 22 låter
844 538 42 22 den

134 571 120 31 lekamliga
269 574 71 22 döden
356 574 55 21 råda
426 574 60 21 öfver
501 574 45 21 alla
560 572 132 28 menniskor,
711 572 118 28 tillstädjer
845 572 41 22 den

135 610 89 27 andliga
247 609 40 23 och
310 608 74 22 dömer
406 608 33 21 till
459 608 43 21 den
518 608 66 28 eviga.
614 608 99 20 Känslan
728 614 59 15 reser
801 608 34 26 sig
850 607 36 22 väl

136 645 40 21 ock
197 646 57 19 emot
270 644 73 26 dessa;
367 642 40 22 och
423 642 60 22 detta
498 644 24 20 är
538 642 86 28 ganska
639 641 113 28 naturligt,
776 644 22 26 ty
815 641 72 22 döden

135 680 39 21 hör
193 678 18 28 ej
228 676 167 30 ursprungligen
410 677 32 21 till
458 676 213 23 menniskonaturen.
701 676 85 22 Endast
801 676 86 29 synden

135 714 39 22 har
194 702 92 47 medfört
302 712 81 27 döden;
406 714 23 26 ty
445 712 67 21 döden
528 714 26 19 är
568 712 88 27 syndens
673 711 43 27 lön,
740 710 39 24 och
795 711 91 28 sålänge

135 748 83 28 synden
234 747 78 27 finnes,
328 746 69 21 finnes
413 746 41 21 ock
470 746 78 22 döden,

203 782 146 27 Doniprosten
371 780 58 28 Borg
449 780 40 22 har
508 780 126 29 uppfordrat
650 780 64 28 ,den,
731 787 46 15 som
793 780 37 22 det
845 780 42 22 för-

135 816 88 28 mädde,
248 812 32 27 att
302 814 76 22 anföra
401 817 30 19 ett
453 815 57 21 enda
529 814 39 22 ord
586 821 25 15 ur
625 822 45 20 nya
685 816 140 20 testamentet
841 822 46 14 som

136 851 71 22 skulle
226 850 53 28 gilla
299 849 158 22 dödsstraffet."
488 849 80 28 Nåväl,
580 849 43 28 jag
637 849 38 22 vill
690 850 58 27 våga
763 851 32 19 att
810 848 78 23 anföra

136 886 55 21 blott
211 888 36 23 ett,
271 886 52 20 enär
343 884 138 28 domprosten
502 884 19 28 ej
542 884 82 22 fordrat
638 884 61 26 flere,
723 884 40 21 och
778 883 33 23 för
826 884 61 22 detta

136 920 38 21 fall
199 919 103 22 behöfver
321 919 42 27 jag
388 918 18 28 ej
431 918 55 22 söka
510 918 36 22 det
569 918 99 28 aflägset.
705 919 10 21 I
737 918 34 22 sin
792 918 96 28 herrliga

136 954 181 28 bergspredikan,
345 953 37 21 der
406 954 82 20 Herren
512 953 57 21 dock
592 955 68 19 straxt
683 952 6 22 i
712 953 76 27 början
812 954 76 21 ställer

137 990 34 26 sig
193 988 44 22 helt
257 982 41 27 och
322 988 66 20 hållet
409 988 27 27 pä
454 988 180 27 nytestamentlig
652 988 79 27 grund,
754 995 48 14 men
819 988 68 22 likväl

136 1018 185 49 omedelbailigen
337 1021 94 22 derefter
446 1022 18 27 ej
482 1022 55 22 blott
552 1029 34 15 om
602 1022 34 28 sig
651 1022 53 28 sjelf
716 1022 117 28 försäkrar,
855 1024 32 20 att

137 1058 49 20 Han
207 1056 32 28 ,ej
258 1063 41 15 var
319 1056 101 22 kommen
435 1057 33 21 för
483 1059 32 19 att
530 1057 60 22 lossa
604 1056 66 28 lagen
686 1056 40 22 och
741 1057 144 28 profeterna",

136 1094 51 18 utan
203 1090 40 22 ock
259 1090 88 29 anvisar
363 1090 41 22 den
420 1091 73 27 lägsta
507 1091 58 28 plats
582 1090 3 22 i
599 1090 146 22 himmelriket
755 1092 23 20 ät
788 1098 27 15 en
825 1091 60 28 hvar,

137 1132 58 20 nsom
211 1123 114 29 upplossar
341 1126 30 20 ett
387 1124 25 22 af
425 1125 64 22 dessa
504 1126 78 21 minsta
597 1125 67 21 buden
680 1126 36 20 och
729 1126 57 21 lärer
796 1128 24 19 sä
830 1133 55 14 men-

135 1159 123 26 niskorna*,
274 1160 78 27 upptar
366 1159 49 21 Han
431 1160 33 20 till
479 1159 77 27 andlig
570 1159 101 27 tolkning
682 1160 48 27 just
745 1159 41 22 den
798 1160 87 27 gudom-

136 1194 45 26 liga
203 1190 74 30 lagen,
301 1192 69 22 sädan
391 1193 42 21 den
453 1194 58 21 skall
528 1194 68 27 gälla,
620 1193 49 22 ieke
687 1194 7 21 i
710 1194 37 21 det
762 1194 125 28 borgerliga

136 1227 125 27 samhället,
282 1229 52 19 utan
349 1227 8 21 i
371 1227 63 21 Hans
449 1228 57 28 rike,
528 1228 7 21 i
550 1228 144 26 himmelriket,
716 1228 40 21 och
772 1228 61 22 detta
848 1231 39 25 gör

135 1262 50 20 Han
201 1262 28 26 pä
245 1260 36 24 det
297 1260 152 27 egendomliga
464 1264 52 25 sätt,
536 1264 32 18 att
583 1262 49 20 Han
648 1262 75 20 städse
738 1265 64 25 utgår
816 1270 25 12 ur
857 1265 30 18 ett

136 1294 5 21 i
158 1294 73 27 gamla
247 1296 150 22 testamentets
413 1295 73 27 heliga
502 1294 62 22 skrift
578 1295 109 27 grundadt
702 1295 40 21 och
753 1296 91 21 allmänt
855 1303 31 15 er-

136 1328 69 21 kändt
220 1328 121 27 gudomligt
356 1328 43 22 bud
415 1329 72 21 såsom
504 1336 25 14 cen
541 1329 164 29 förutsättning.
736 1329 30 22 Sä
777 1329 110 24 allraforst

132 1363 48 27 just
196 1362 36 22 det
248 1363 42 27 ötte
305 1362 66 22 budet
388 1363 74 25 (Math.
479 1364 19 21 5:
514 1363 44 29 21):
582 1364 26 27 ,J
624 1363 78 23 hafven
717 1364 57 29 hört,
791 1367 31 19 att
837 1365 50 23 dem

135 1398 94 27 gamlom
250 1397 64 27 sagdt
335 1400 32 19 är:
391 1398 29 21 du
439 1398 57 22 skall
512 1398 48 22 icke
577 1398 77 29 dräpa;
670 1406 48 14 men
734 1399 88 22 hvilken
839 1407 47 15 som

136 1432 83 28 dräper,
236 1432 43 21 han
295 1432 56 22 skall
367 1439 52 15 vara
435 1432 89 29 skyldig
540 1433 31 22 till
588 1434 94 26 domen",
698 1434 37 22 det
747 1436 24 20 är
781 1435 33 21 till
825 1435 60 22 döds-
