1000 1831
786 132 27 27 19

157 196 10 25 I
190 199 96 29 enlighet
308 197 50 25 med
379 197 58 26 hvad
458 198 92 26 sålunda
565 200 102 32 förelupit
682 203 48 22 blef
742 203 98 22 ständets

89 233 71 22 beslut
180 234 74 28 alltså,
276 237 32 19 att
328 235 42 21 den
389 235 82 28 nådiga
485 236 162 27 propositionen
663 236 26 22 af
701 237 87 21 ståndet
803 244 37 14 an-

87 270 58 26 togs,
165 269 13 26 $
197 269 11 20 1
224 268 50 22 med
288 269 138 21 uteslutande
443 270 24 20 af
480 270 67 21 orden
563 270 75 28 ,gäld,
654 270 92 22 arrende
762 271 76 27 eller;*

87 303 13 25 8
122 304 11 19 2
155 302 67 28 enligt
243 303 42 21 den
303 303 85 28 lydelse
406 303 207 22 hofrättsassessorn
627 304 106 22 Aminoffs
747 305 7 20 i
769 305 71 27 lagut-

88 337 82 21 skottet
185 336 83 28 afgifna
283 338 134 21 reservation
432 338 127 28 innehåller,
575 340 56 20 samt
645 339 29 27 88
689 339 13 21 3
713 339 40 21 och
764 340 14 20 4
788 341 52 20 utan

86 371 134 28 förändring.

155 405 136 23 Kommande
311 406 159 22 underrättelse
485 406 75 22 härom
575 408 32 20 att
623 406 113 23 meddelas
751 408 89 28 respek-

87 440 44 22 tive
146 440 144 22 medstånden
306 448 78 20 genom
400 441 126 28 deputation
538 441 39 22 och
589 442 251 28 protokollstranssumt;

87 475 94 22 hvarhos
202 475 254 29 expeditionsutskottet,
473 476 8 21 i
496 476 103 22 afseende
615 476 13 22 å
644 476 42 22 den
701 477 29 27 pä
745 477 95 22 nämnda

87 510 84 22 utskott
186 510 161 22 ankommande
360 510 87 28 åtgärd,
460 510 84 28 jemväl
560 511 70 21 skulle
643 511 116 22 tillsändas
770 514 69 20 trans-

88 546 56 20 sumt
160 544 24 22 af
194 545 138 28 protokollet.

154 614 123 28 Föredrogs
292 614 155 28 lagutskottets
460 614 137 28 bordlaggda
608 614 140 22 betänkande
758 622 35 14 n:o
805 616 34 27 12,

88 650 6 20 i
111 649 119 27 anledning
246 648 24 22 af
282 649 61 21 Hans
355 649 124 28 Kejserliga
489 649 114 28 Majestäts
614 648 82 28 nädiga
705 650 135 27 proposition

87 691 35 14 n:o
141 685 19 27 4,
184 684 115 27 angående
317 683 154 29 upphäfvande
489 684 25 21 af
526 683 164 28 ridderskapets
706 684 40 21 och
762 684 78 22 adelns

87 718 139 22 uteslutande
242 720 44 20 rätt
301 720 32 20 att
349 721 42 25 äga
406 718 115 28 frälsejord
536 718 50 22 med
601 718 137 22 säterifrihet.

155 753 32 21 På
207 752 24 22 af
248 753 49 21 herr
317 753 139 22 talemannen
474 752 121 23 framställd
609 753 135 28 proposition
762 753 54 28 blef,
832 753 8 21 i

87 788 97 28 enlighet
196 788 50 22 med
256 787 58 22 hvad
324 787 246 23 utskottsbetänkandet
580 787 114 29 tillstyrkt,
706 787 42 22 den
759 788 79 27 ifräga-

86 822 97 22 varande
199 822 81 28 nädiga
294 822 163 28 propositionen
473 822 105 28 enhälligt
593 822 26 21 af
631 822 87 22 ständet
736 824 103 26 antagen.

87 858 95 22 Hvarom
198 856 124 29 respektive
336 856 144 23 medständen
491 857 70 22 skulle
572 864 78 20 genom
661 856 127 28 deputation
800 856 40 22 och

88 892 80 28 utdrag
186 892 24 22 af
224 892 132 28 protokollet
371 891 147 29 underrättas,
531 891 70 28 jemte
617 891 36 22 det
669 891 170 29 expeditionsut-

88 928 82 21 skottet
190 927 85 21 komme
294 929 32 19 att
339 926 116 22 tillsändas
469 926 200 28 protokollsutdrag
684 926 7 21 i
707 926 105 22 afseende
826 926 14 20 å

88 962 42 22 den
146 962 28 28 pä
188 962 106 22 utskottet
309 961 160 22 ankommande
485 960 84 29 ätgärd.

156 1031 49 21 Den
225 1030 33 22 till
278 1030 143 22 medständen
442 1030 109 28 afgängne
570 1029 156 29 deputationen
742 1028 98 22 äterkom

89 1072 37 22 nu,
150 1067 56 20 samt
226 1065 149 27 tillkännagaf
392 1064 33 28 sig
440 1064 65 22 hafva
520 1064 67 22 utfört
602 1064 37 22 sitt
654 1063 108 29 uppdrag;
778 1063 62 21 hvar-

90 1100 54 22 efter
163 1100 49 22 herr
231 1099 139 22 talemannen
391 1099 154 22 underrättade
561 1098 156 28 deputationen
733 1104 35 15 om
782 1097 58 22 hvad

89 1134 68 22 under
173 1134 59 22 tiden
248 1134 7 21 i
271 1134 87 22 ständet
373 1134 110 21 förefallit.

157 1202 123 28 Föredrogs
295 1202 155 28 lagutskottets
463 1201 137 28 bordlaggda
610 1200 140 22 betänkande
761 1206 35 15 n:o
807 1200 33 27 10,

89 1238 8 22 i
118 1238 118 27 anledning
256 1237 25 21 af
296 1236 82 28 nädiga
396 1237 161 28 propositionen
573 1242 35 16 n:o
624 1236 33 28 20,
674 1234 114 29 angäende
804 1234 37 21 hä-

90 1272 210 22 radsnämndemäns
315 1271 125 28 antagande
457 1271 40 22 och
513 1270 102 27 aflöning.

158 1306 210 28 Kontraktsprosten
388 1306 102 20 Hellön
509 1305 69 27 ansåg
596 1304 155 28 lagutskottets
766 1303 75 21 betän-

90 1340 74 22 kande
178 1347 52 15 vara
246 1340 7 21 i
268 1340 44 22 allo
327 1340 36 21 väl
379 1339 130 22 motiveradt
524 1340 56 21 samt
592 1338 116 22 förordade
719 1337 33 22 för
762 1337 33 21 sin
806 1336 36 22 del

90 1375 62 22 bifall
168 1375 33 21 till
217 1375 130 27 detsamma;
363 1374 55 22 sista
433 1374 53 22 eller
501 1373 48 22 7:de
564 1372 132 29 paragrafen
712 1372 68 27 enligt
792 1371 50 21 dess

90 1410 60 22 förra
172 1409 49 22 med
241 1408 120 29 kejserliga
380 1408 162 29 propositionen
560 1406 144 30 likalydande
720 1405 122 23 alternativ.

91 1444 135 26 Visserligen
248 1443 84 27 kunde,
353 1443 68 27 enligt
441 1443 96 21 talarens
553 1442 96 26 mening,
665 1441 81 21 minsta
761 1439 83 22 antalet
