992 1745
782 111 26 21 87

165 172 35 21 Då
217 173 94 22 klockan
326 173 66 23 redan
408 174 77 23 skridit
499 175 58 22 öfver
573 177 18 26 2,
608 176 80 23 beslöts
703 179 32 19 att
750 177 84 22 diskus-

97 206 75 22 sionen
195 207 69 22 skulle
285 208 53 21 efter
360 208 116 29 middagen
498 210 119 27 fortsättas,
639 211 39 21 och
698 211 87 22 ståndet
803 212 30 21 åt-

97 240 97 28 skiljdes.

598 274 19 15 In
630 273 60 18 fidem;

519 306 50 20 And.
581 306 54 20 John
647 307 120 24 Hornborg.

137 459 113 29 Samma
270 461 56 37 dag
348 462 53 27 den
423 463 35 26 19
476 462 108 37 januari
605 462 39 27 kl.
667 465 16 24 5
705 473 22 18 e.
749 473 35 18 m.

160 517 41 21 Vid
216 519 104 27 uppropet
331 518 146 22 antecknades
488 519 69 22 säsom
568 518 143 22 fränvarande
722 519 48 22 herr
780 519 52 22 dok-

92 553 48 19 torn
156 551 39 22 och
210 552 105 27 biskopen
330 552 80 22 Ottelin
426 555 56 20 samt
495 556 112 25 prostarne
622 554 19 21 J.
656 554 35 21 Fr.
706 553 71 28 Bergh
792 554 41 21 och

92 586 20 21 J.
127 586 16 21 I.
159 586 80 28 Bergh,
260 586 74 21 hvilka
350 587 24 21 af
384 587 56 22 förut
455 587 5 21 i
476 587 128 28 protokollet
620 590 107 25 upptagne
744 589 88 21 orsaker

92 620 19 27 ej
129 627 50 14 voro
195 621 123 27 tillstädes.

158 655 30 21 Af
203 655 48 22 herr
266 656 136 22 talemannen
418 656 143 23 framställdes
577 657 32 21 till
625 657 122 22 diskussion
762 658 69 27 tredje

90 697 64 14 mom.
170 690 24 21 af
206 691 228 22 ekonomieutskottets
448 691 136 22 betänkande
595 691 112 27 angående
718 691 114 23 städernas

91 724 264 29 kommunalförvaltning,
377 725 83 22 hvilket
481 728 92 19 moment
592 725 104 22 utskottet
714 725 117 23 förordat
820 720 16 38 i

90 759 64 22 ställe
169 759 33 22 för
217 760 65 28 3:dje,
298 760 49 22 4:de
362 760 39 21 och
417 761 32 21 5:e
464 762 120 20 momenten
602 760 7 21 i
627 761 41 21 den
687 760 80 29 nådiga
783 768 48 21 pro-

90 793 121 28 positionen
226 794 7 21 i
249 797 78 19 ämnet.

157 829 82 21 Dervid
253 829 87 28 yttrade
355 829 33 28 sig

157 863 207 28 Kontraktsprosten
380 863 77 22 doktor
470 863 165 27 Hertzberg:
651 864 10 21 I
676 863 71 22 denna
761 864 69 28 punkt

89 897 127 27 godkänner
234 898 41 27 jag
296 898 130 27 fullkomligt
448 897 79 28 nådiga
549 898 159 28 propositionen
731 898 71 22 såsom
822 899 8 21 i

89 932 43 21 allo
154 932 142 27 välgrundad.
325 932 35 21 Då
381 932 26 22 de
427 932 80 22 äldstes
525 932 40 22 råd
583 932 112 28 afskaffas,
711 933 24 21 så
751 932 38 22 bör
804 940 27 14 en

88 973 72 15 annan
176 967 120 21 institution
312 969 68 19 sättas
395 967 7 21 i
418 967 77 22 stället.
525 967 37 21 Att
577 967 130 21 öfverlemna
723 967 59 21 detta
797 967 33 21 till

89 1001 165 22 kommunernas
270 1001 154 28 godtfinnande
439 1001 60 22 torde
515 1001 18 28 ej
549 1008 54 15 vara
617 1001 25 22 så
657 1001 134 28 välbetänkt;
806 1003 23 26 ty

89 1035 148 22 erfarenheten
257 1035 39 22 har
312 1036 55 21 visat
382 1038 32 19 att
427 1036 140 21 kommunens
582 1036 139 21 medlemmar
735 1036 19 27 ej
771 1036 58 28 sjelf-

87 1072 60 19 mant
162 1070 53 27 vilja
230 1070 56 22 afstå
302 1070 47 22 sina
364 1070 126 28 rättigheter
504 1070 23 21 åt
541 1070 68 27 några
622 1070 22 21 få
658 1069 113 29 individer,
789 1070 41 21 och

88 1104 28 22 då
132 1104 26 21 de
174 1104 44 21 ofta
234 1111 42 21 nog
290 1105 50 21 icke
355 1111 38 16 ens
409 1105 75 27 sjelfve
498 1104 81 21 infinna
594 1104 34 27 sig
642 1104 37 21 vid
691 1104 138 27 rädplägnin-

88 1146 39 21 gar
147 1139 7 20 i
174 1139 110 21 allmänna
304 1139 187 28 angelägenheter,
512 1139 24 22 så
556 1139 78 27 uppstå
649 1138 134 27 svårigheter
797 1141 32 18 att

87 1173 168 28 tillvägabringa
275 1174 68 27 några
363 1173 76 22 beslut.
472 1173 63 22 Bevis
551 1173 67 28 härpå
633 1173 39 21 har
688 1180 49 14 man
753 1172 24 22 af
788 1172 41 22 för-

88 1207 111 22 hällandet
213 1208 37 21 vid
264 1208 53 21 vära
332 1208 177 28 kyrkostämmor,
525 1214 45 15 som
586 1207 48 22 icke
645 1207 69 22 sällan
725 1207 105 28 förnyade

87 1242 83 27 gånger
190 1242 68 21 måste
280 1242 89 28 pälysas
390 1242 32 21 till
444 1241 53 28 följd
517 1241 25 22 af
558 1241 173 22 vederbörandes
746 1241 83 22 uteblif-

88 1276 79 22 vande.

155 1310 208 27 Kontraktsprosten
384 1311 101 21 Hellön
507 1310 52 22 sade
578 1310 33 27 sig
629 1310 7 20 i
655 1310 40 21 sak
712 1316 52 15 vara
779 1316 51 14 ense

88 1344 49 22 med
156 1344 42 21 den
215 1344 131 27 föregäende
362 1345 83 21 talaren
461 1344 39 22 och
515 1344 49 22 dem
579 1344 25 21 af
617 1344 96 21 ständets
729 1343 100 21 medlem-

88 1384 51 21 mar,
155 1378 75 20 hvilka
245 1378 67 21 redan
328 1378 35 20 vid
379 1378 159 27 förmiddagens
554 1379 86 26 plenum
654 1378 99 20 häröfver
763 1379 68 26 ytirat

89 1412 39 28 sig.
157 1412 36 21 Dä
208 1412 64 22 äfven
286 1412 105 21 utskottet
403 1412 91 22 erkännt
505 1411 40 23 den
556 1410 170 32 representativa
736 1410 94 25 formens
