989 1764
770 120 39 22 105

97 184 39 22 dra
157 192 45 15 som
221 185 50 22 icke
290 188 37 19 äro
345 187 81 21 statens
442 187 137 28 tjenstemän,
595 189 23 19 är
633 186 145 22 förhällandet
792 186 46 22 helt

97 222 66 18 annat
183 222 27 18 än
230 220 39 21 hos
290 227 44 21 oss,
355 220 38 22 der
408 220 42 22 den
466 221 77 27 högsta
557 221 126 27 bildningen
698 222 6 20 i
720 221 125 22 allmänhet.

96 253 127 23 innehafves
239 254 24 21 af
277 255 177 27 tjenstemännen.
484 255 75 22 Skulle
575 256 73 21 desses
663 262 77 20 genom
756 255 36 27 lag
803 256 35 21 be-

96 288 107 27 tryggade
219 288 103 28 ställning
337 292 63 23 göras
414 290 84 27 osäker,
509 289 70 22 blefve
590 289 81 27 följden
682 289 91 22 ofelbart
784 296 54 15 sam-

96 322 167 28 hällsförderflig
283 322 67 22 falhet
365 323 40 22 och
420 324 92 28 kryperi.
542 324 37 21 Aft
593 323 119 29 förebygga
728 324 60 21 detta
803 324 36 21 be-

95 356 107 22 träffande
221 357 142 22 länsmännen
379 358 39 22 har
432 365 52 21 nyss
500 366 26 14 en
541 358 90 28 petition
645 358 71 22 blifvit
730 358 7 21 i
753 358 87 22 ståndet

95 391 116 22 förberedd
226 392 38 21 och
281 392 105 28 enhälligt
400 394 111 20 omfattad.
540 394 43 26 Jag
598 393 44 21 kan
657 393 19 27 ej
691 393 68 22 heller
768 400 29 15 nu
807 392 33 23 för

95 426 44 22 min
162 426 35 22 del
219 426 91 22 förneka
333 427 40 22 den
396 428 56 28 åsigt
471 435 45 15 som
532 428 29 22 då
576 427 75 29 gjorde
667 428 33 27 sig
716 427 123 28 gällande
827 422 15 38 i

95 460 97 27 ståndet,
215 463 52 19 utan
290 461 84 22 förenar
394 462 44 28 mig
453 462 49 22 med
517 462 49 22 dem
581 468 46 16 som
642 464 72 20 ansett
728 462 42 22 den
784 462 55 22 före-

95 495 96 21 varande
206 495 119 28 kejserliga
339 497 160 27 propositionen
514 496 49 22 icke
578 496 74 22 kunna
667 496 94 22 bifallas.

163 530 140 28 Vicepastorn
327 538 50 15 von
398 532 99 27 Essen,
521 538 45 15 som
588 531 48 21 icke
657 532 69 26 ansåg
745 531 37 22 det
794 532 45 21 väl-

94 564 92 22 betänkt
208 567 41 26 att,
272 566 71 21 såsom
365 566 39 21 här
425 566 70 22 blifvit
516 565 89 29 yrkadt,
626 568 52 20 utan
693 566 75 22 vidare
784 566 56 28 afslå

95 600 42 22 den
152 600 167 28 ifrågavarande
335 601 80 27 nådiga
428 601 168 28 propositionen,
608 601 51 21 ville
669 600 66 22 hafva
745 601 32 21 till
788 601 52 27 hög-

93 634 92 28 vördiga
201 635 86 21 ståndet
302 635 125 29 hemstäldt,
442 636 105 21 huruvida
563 635 49 22 icke
622 635 27 21 de
660 635 25 22 af
692 638 88 26 prosten
789 636 50 21 Alo-

94 676 60 20 peus
175 669 125 28 föreslagna
323 669 144 29 ändringarne
489 670 72 22 kunde
581 669 87 22 komma
688 670 68 22 under
771 670 68 22 öfver-

93 703 106 29 läggning
217 704 59 22 inom
296 704 96 28 ståndet,
412 704 138 28 hvarigenom
566 704 25 22 af
604 704 41 22 den
660 704 119 28 kejserliga
792 712 48 20 pro-

93 739 123 29 positionen
239 739 129 23 åtminstone
391 742 105 19 stommen
518 738 70 23 blefve
607 738 105 29 bevarad,
728 738 111 23 äfvensom

94 773 107 22 huruvida
220 774 49 22 icke
288 774 49 22 skäl
352 781 50 15 vore
418 776 32 20 att
464 774 92 22 derefter
573 774 156 22 återremittera
744 774 95 28 proposi-

94 809 73 21 tionen
186 808 70 28 jemte
279 808 266 29 diskussionsprotokollet
567 808 33 22 till
620 808 36 22 det
670 808 92 28 utskott,
779 808 60 22 hvari

94 843 77 27 frågan
194 843 70 22 blifvit
286 843 90 29 beredd,
397 844 52 21 eller
467 843 109 22 måhända
591 843 67 21 hellre
673 843 118 28 hänskjuta
806 850 33 15 sa-

94 879 43 21 ken
153 879 32 21 till
201 878 144 28 lagutskottet
359 879 7 21 i
382 878 102 22 afseende
500 878 12 22 å
527 885 29 21 ny
571 878 126 27 beredning.

162 913 148 22 Talemannen
333 913 99 22 framhöll
454 914 52 21 härå
529 912 100 22 hurusom
651 913 31 21 uti
704 912 136 23 närvarande

94 948 81 28 rörliga
197 948 31 22 tid
252 950 68 20 större
338 947 169 28 förändringar
497 943 14 37 i
522 948 215 28 statsförvaltningen
753 954 51 15 vore
818 948 26 22 af

94 983 81 28 nöden,
195 982 86 28 hvilka,
301 983 33 21 till
353 982 138 22 undvikande
510 982 65 22 deraf
587 984 32 20 att
634 982 132 22 statsverket
781 982 59 22 öfver

93 1018 80 21 höfvan
193 1017 145 28 betungades,
357 1016 109 23 måhända
482 1016 118 29 betingade
614 1016 151 28 förändringar
780 1018 7 20 i
803 1017 37 22 det

94 1052 65 28 syfte,
180 1058 46 16 som
248 1052 41 22 den
309 1052 119 27 kejserliga
442 1052 162 28 propositionen
618 1052 122 27 föreslagit;
756 1051 40 22 och
812 1052 28 21 då

93 1087 37 21 det
145 1086 88 22 således
247 1093 51 15 vore
311 1086 35 22 väl
356 1086 63 22 värdt
430 1088 32 20 att
471 1086 105 28 betänka,
587 1086 106 22 huruvida
704 1086 41 22 den
757 1086 83 22 äskade

93 1121 154 28 förändringen
269 1120 74 23 kunde
365 1120 145 29 genomföras,
533 1120 39 22 och
596 1127 34 15 om
650 1120 50 22 icke
717 1120 124 28 professorn

94 1156 135 22 Schaumans
248 1156 57 27 äsigt
325 1157 56 20 samt
400 1157 87 27 prosten
501 1155 84 29 Alopei
600 1154 82 28 förslag
696 1155 72 21 kunde
784 1162 56 15 sam-

93 1190 146 28 manjemkas,
261 1190 127 22 hemställde
408 1190 138 22 talemannen
564 1196 34 15 om
613 1190 49 21 icke
676 1190 86 28 frågan,
778 1190 7 21 i
800 1190 40 22 lik-

93 1226 37 21 het
152 1224 50 23 med
224 1224 59 22 hvad
305 1224 151 29 ridderskapet
474 1224 40 22 och
532 1224 65 22 adeln
613 1224 96 28 beslutit,
722 1224 70 22 börde
807 1224 33 23 för

93 1260 128 29 ytterligare
235 1259 120 28 beredning
369 1260 121 21 remitteras
505 1259 31 22 till
553 1259 149 27 lagutskottet.

161 1294 126 21 Professorn
303 1294 155 21 Schauman
474 1294 68 27 ansåg
557 1293 42 22 den
615 1293 24 22 af
651 1294 137 27 vicepastorn
798 1301 42 14 von

94 1330 70 21 Essen
179 1329 125 27 föreslagna
315 1328 143 28 jemkningen
475 1327 127 29 öfverflödig
617 1328 40 21 och
670 1328 52 21 fann
738 1328 18 28 ej
772 1328 69 22 heller

94 1363 135 27 nödvändigt
250 1365 32 19 att
300 1363 80 22 bevara
399 1365 104 20 stommen
519 1363 24 22 af
556 1363 42 21 den
612 1362 118 28 kejserliga
745 1363 95 28 proposi-

94 1398 83 26 tionen,
194 1397 72 21 derest
282 1397 41 21 den
339 1397 19 26 ej
375 1397 57 26 finge
448 1399 30 19 ett
494 1397 44 21 helt
551 1399 69 18 annat
634 1397 104 26 innehåll,
750 1397 91 20 emedan

94 1430 118 24 ständerna
228 1437 51 15 vore
296 1430 105 29 befogade
418 1432 31 20 att
465 1430 55 23 afslå
536 1430 134 29 densamma,
687 1437 34 14 om
734 1430 49 23 skäl
794 1430 46 23 der-
