1003 1770
758 118 38 22 761

82 183 67 21 redan
170 183 7 21 i
198 184 39 21 och
256 184 33 22 för
304 184 35 28 sig
353 184 115 28 vanskliga
483 184 119 22 fixerandet
617 184 25 22 af
655 192 26 14 en
696 184 44 23 viss
754 191 72 15 nume-

83 220 35 19 rär
137 218 24 21 af
179 219 84 21 sådana
278 219 71 21 finska
364 219 102 27 delägare
482 220 7 20 i
504 219 156 27 bankbolaget,
676 221 52 19 utan
742 219 39 21 allt
796 218 30 22 af-

83 252 80 21 seende
181 253 28 27 på
228 253 101 27 beloppet
348 253 23 21 af
384 253 75 22 dessas
474 253 99 27 verkliga
587 254 69 21 insats
672 254 53 21 eller
740 253 64 21 andel
819 253 8 21 i

82 286 97 28 bolaget,
203 287 73 21 kunde
299 288 50 21 hela
372 288 70 21 denna
464 288 145 27 bestämning,
633 288 71 21 såsom
722 288 68 21 redan
805 286 26 22 af

83 322 96 26 prosten.
192 322 105 22 Borenius
320 322 100 21 anmärkt
442 322 78 28 blifvit,
544 323 28 27 på
586 322 25 22 så
626 322 143 28 mångfaldigt
784 323 43 20 sätt

83 355 114 29 kringgås,
218 358 32 19 att
266 356 42 22 den
323 356 39 22 här
377 356 32 22 till
424 357 54 21 intet
494 359 66 19 annat
575 356 109 28 gagnade,
704 360 28 18 än
747 358 32 20 att
794 363 34 15 om

83 390 85 28 möjligt
183 390 116 22 framkalla
315 398 27 14 en
356 391 140 22 bankrörelse
512 391 67 22 under
594 391 67 21 falskt
676 398 71 15 namn.
772 391 56 21 Vore

83 424 111 21 dessutom
208 425 83 21 bristen
306 426 29 27 på
350 425 107 28 kapitaler
467 426 57 21 inom
534 426 75 21 landet
619 426 113 27 verkligen
742 426 25 21 så
778 427 49 26 stor,

83 460 32 19 att
138 465 27 15 en
187 459 180 28 bankinrättning
389 460 49 21 med
460 459 70 22 finska
550 460 140 21 intressenter
713 460 18 27 ej
755 459 73 22 kunde

83 493 172 29 åstadkommas,
277 494 40 27 såg
337 494 83 21 talaren
439 494 54 21 intet
508 494 53 21 ondt
576 494 55 26 deri,
648 496 31 19 att
695 501 27 14 en
737 493 91 22 bankrö-

83 527 66 28 relse,
165 528 72 21 såvidt
253 528 42 21 den
310 528 112 27 verkligen
437 535 51 15 vore
499 528 23 21 af
530 528 101 22 behofvet
640 528 115 27 påkallad,
767 535 61 20 grun-

83 561 68 22 dades
167 562 28 27 på
210 562 118 22 utländska
343 562 108 28 kapitaler
467 562 39 21 och
522 562 24 22 af
555 562 117 22 utländska
682 562 146 21 intressenter.

83 596 134 27 Visserligen
237 596 57 22 hade
314 596 43 21 den
373 596 118 28 kejserliga
506 596 160 29 propositionen
681 596 7 21 i
704 598 12 25 &
732 597 12 20 2
760 596 69 21 förbe-

83 630 63 22 hållit
161 630 134 28 beviljandet
311 630 24 22 af
347 631 99 21 tillstånd
460 631 32 21 till
508 630 123 22 inrättande
643 631 24 21 af
675 630 86 22 enskild
770 630 60 22 bank

84 666 23 21 åt
128 665 119 28 kejserliga
270 667 101 21 senatens
395 665 270 29 ekonomiedepartement,
690 665 139 27 hvarigenom

84 700 61 21 såväl
165 702 30 19 ett
210 700 33 22 för
258 700 143 22 statsbanken
416 700 89 28 menligt
521 699 103 23 öfverflöd
639 700 25 21 af
676 699 154 29 privatbanker

84 734 151 29 öfverhufvud,
259 742 45 14 som
328 737 30 19 ett
381 734 32 22 för
435 735 85 21 landets
543 741 55 21 egna
620 734 95 22 fördelar
738 734 8 20 i
766 733 63 28 öfrigt

85 768 96 28 skadligt
201 770 87 26 intrång
307 768 47 22 från
372 769 98 21 utlandet
490 769 82 28 kunde,
595 768 58 22 hvad
668 768 160 28 privatbankin-

85 803 148 27 rättningarne
249 804 74 27 angår,
339 804 50 21 bäst
404 804 94 27 afböjas.

153 838 31 20 På
200 838 37 22 det
252 838 148 22 bestämdaste
410 839 50 21 ville
472 839 136 27 domprosten
619 838 110 27 nedlägga
740 838 32 21 sin
783 844 46 21 pro-

84 874 43 19 test
143 874 57 19 emot
215 872 42 21 den
273 872 66 28 äsigt,
356 880 46 14 som
418 873 24 20 af
454 874 68 26 några
533 873 68 21 talare
611 872 71 21 blifvit
692 872 137 27 framhällen,

85 907 6 21 i
108 907 37 21 det
159 907 27 21 de
201 907 106 21 förklarat
317 907 166 28 privatbankers
493 907 123 21 inrättande
628 906 140 22 öfverhufvud
779 913 52 14 vara

85 941 26 22 af
123 941 113 27 betänklig
250 941 108 28 inflytelse
372 942 29 27 på
416 942 154 21 statsbankens
585 941 101 28 bestånd,
703 947 77 22 genom
795 940 36 21 det

85 976 87 27 intrång
195 976 63 21 desse
280 976 155 27 privatbanker
454 977 85 21 komme
556 979 30 18 att
601 975 74 22 utöfva
690 976 29 27 på
734 975 97 22 området

85 1010 25 21 af
128 1011 155 21 statsbankens
303 1011 161 27 vinstgifvande
482 1011 143 22 verksamhet.
655 1009 176 28 Monopoliserin-

85 1052 43 20 gen
144 1045 25 21 af
181 1044 166 22 bankindustrin
363 1046 7 20 i
386 1047 82 20 statens
483 1045 58 21 hand
557 1045 69 27 ansäg
637 1044 138 28 domprosten
785 1043 46 21 lika

85 1079 82 28 menlig
189 1086 46 15 som
255 1080 183 28 monopolisering
457 1080 24 21 af
498 1079 88 22 hvilken
600 1079 91 21 industri
707 1085 46 15 som
768 1078 63 21 helst.

85 1113 84 22 Endast
192 1120 78 20 genom
293 1114 162 22 konkurrensen
477 1114 73 21 kunde
570 1114 36 21 det
626 1113 121 21 allmännas
762 1112 69 22 fördel

86 1150 44 19 rätt
151 1148 129 28 uppehällas
303 1148 40 22 och
365 1148 98 28 främjas;
482 1149 111 21 hvaremot
611 1148 174 21 konkurrensens
801 1147 30 21 af-

87 1182 120 28 lägsnande
229 1183 52 21 eller
301 1183 163 28 förebyggande
482 1183 63 21 alltid
560 1182 56 22 hade
633 1189 25 14 en
674 1182 44 22 viss
734 1182 99 27 aftyning

87 1218 7 21 i
111 1217 41 21 den
168 1224 139 20 gemensama
322 1218 95 22 rörelsen
432 1218 33 22 till
480 1218 60 28 följd.

155 1253 37 21 Att
207 1252 143 22 statsbanken
366 1252 48 22 icke
430 1255 84 20 ensamt
528 1254 83 21 kunnat
626 1253 52 22 eller
693 1254 73 20 kunde
780 1256 51 19 mot-

87 1296 64 15 svara
170 1288 107 21 rörelsens
296 1287 86 22 behof
372 1283 14 37 i
398 1288 47 21 vårt
460 1288 61 28 land,
545 1288 68 26 ansåg
629 1287 137 29 domprosten
781 1295 52 15 vara

88 1325 25 20 så
135 1323 107 25 klarligen
265 1322 134 28 ådagalagdt
419 1329 76 20 genom
512 1323 24 21 så
551 1322 153 27 mångahanda
719 1322 114 21 förhållan-

89 1359 51 26 den,
157 1364 45 14 som
217 1363 60 15 mera
293 1359 27 18 än
336 1356 26 22 de
372 1357 62 26 ringa
444 1357 198 28 tillstymmelserna
652 1356 33 21 till
695 1356 139 28 privatbank-

88 1391 120 26 inrättning
227 1391 39 20 hos
285 1397 35 14 oss
335 1391 97 20 vittnade
448 1398 33 13 om
496 1391 54 20 brist
564 1391 7 20 i
586 1391 68 20 bank-
670 1391 39 20 och
725 1391 108 20 kreditvä-

89 1425 86 27 sendet,
192 1427 31 19 att
239 1425 73 20 derom
328 1425 19 27 ej
364 1424 92 22 behöfde
472 1425 56 21 talas
544 1425 79 26 många
637 1423 45 22 ord.
