1003 1792
775 138 39 21 751

164 199 42 21 Vill
217 200 127 28 högvördiga
355 201 82 22 ståndet
448 202 102 22 bibehålla
560 203 149 21 mellansatsen
720 206 32 19 uti
761 205 82 29 ifräga-

91 234 96 20 varande
207 238 89 17 moment
315 234 47 22 med
381 235 49 21 eller
449 240 53 17 utan
521 237 173 27 modifikationer,
717 239 50 21 eller
782 247 62 14 anser

91 267 83 22 ståndet
193 268 122 22 densamma
335 269 41 21 helt
395 270 36 20 och
446 270 63 22 hållet
524 271 51 21 böra
589 272 67 28 utgå?
684 272 48 21 Den
747 281 43 13 som
805 275 40 20 vill

91 302 103 22 bibehålla
214 303 70 21 denna
303 307 54 23 sats,
379 312 77 13 svarar
468 306 111 28 jakande;
602 306 40 21 den
656 314 43 14 som
715 316 63 13 anser
793 308 50 21 den-

90 344 81 14 samma
187 338 50 20 böra
253 340 60 26 utgå,
331 346 77 14 svarar
423 340 101 21 nekande.

158 372 137 22 Besvarades
315 372 50 22 med
386 373 110 22 obestridd
512 374 111 28 pluralitet
633 376 109 28 jakande,
758 377 83 22 hvaref-

89 408 33 20 ter
144 406 87 22 ståndet
255 407 106 28 enhälligt
382 408 116 27 godkände
517 409 144 23 förevarande
681 411 12 21 5
713 418 63 15 mom.
792 412 50 22 med

89 440 43 22 den
154 441 136 29 förändring,
313 444 32 19 att
365 442 77 21 orden:
467 443 101 26 ,hvilken
585 443 55 22 dock
660 445 49 21 icke
725 446 33 21 får
773 446 68 22 öfver-

89 476 70 27 stiga"
181 476 72 22 skulle
274 476 80 22 ändras
373 476 43 22 till:
440 493 9 12 ,
453 477 89 22 hvilken
563 478 57 21 dock
635 478 6 21 i
658 479 119 23 allmänhet
792 481 49 22 icke

87 511 36 21 mä
143 510 131 29 öfverstiga*
296 513 40 20 ete.
366 512 86 21 Momm.
474 514 12 19 6
506 512 39 22 och
563 514 11 19 7
590 513 130 27 godkändes
736 515 53 21 härä
805 523 35 14 en-

88 545 83 28 hälligt.

155 580 140 22 Beträffande
311 588 63 14 mom.
391 582 12 20 8
418 582 88 27 yttrade

155 615 92 22 Prosten
262 616 129 28 Alopeus:
409 616 43 21 För
468 616 42 22 min
527 616 35 22 del
578 619 70 19 röstar
660 618 41 27 jag
716 620 32 20 att
761 619 79 23 finans-

88 649 166 28 expeditionens
270 650 57 28 chef,
345 650 52 22 eller
413 658 72 14 annan
501 651 171 22 senatsledamot
682 652 7 21 i
700 652 54 22 hans
766 654 73 28 ställe,

87 684 121 22 bibehälles
223 684 37 22 vid
275 684 132 28 rättigheten
424 688 31 18 att
470 686 7 20 i
493 685 118 22 allmänhet
626 686 8 21 i
648 686 58 22 vissa
720 688 39 20 fall
774 688 65 22 hafva

87 720 46 20 säte
155 718 40 22 och
214 721 92 19 stämma
322 719 6 21 i
344 719 218 22 bankodirektionen.
596 721 35 20 Då
647 728 77 20 genom
740 722 99 22 ständets

85 753 72 21 beslut
179 760 28 14 nu
229 756 24 18 är
275 753 118 29 bestämdt,
417 756 33 19 att
468 754 66 28 ingen
553 754 35 21 del
604 754 25 22 af
642 755 72 22 denna
730 756 108 23 direktion

85 788 87 21 komme
188 790 31 19 att
235 788 26 21 af
273 788 106 28 styrelsen
395 788 134 22 omedelbart
543 789 114 28 tillsättas,
674 790 39 21 och
723 791 42 27 jag
776 798 63 15 anser

86 822 37 22 det
138 822 74 22 kunna
227 822 52 22 leda
293 822 34 22 till
343 822 72 22 alltför
430 825 46 20 stor
491 823 122 27 ensidighet
629 824 6 21 i
652 824 186 23 bankförvaltnin-

85 864 53 21 gen,
155 864 34 14 om
204 857 108 29 styrelsen
327 857 49 21 icke
392 857 39 21 har
445 858 73 27 någon
534 857 36 22 del
586 859 6 20 i
607 858 73 22 denna
695 859 141 29 förvaltning,

85 892 54 21 eller
159 892 43 21 kan
223 894 53 26 taga
297 892 125 22 omedelbar
435 892 124 22 kännedom
576 900 33 15 om
626 893 26 22 de
669 894 71 22 beslut
755 895 82 22 banko-

86 927 136 22 direktionen
243 928 6 21 i
270 927 107 28 vigtigare
393 927 73 28 frägor
480 927 71 28 fattar,
568 928 25 21 sä
609 935 63 14 anser
684 929 42 27 jag
742 929 95 22 bibehäl-

85 961 75 22 landet
175 962 25 21 af
212 962 69 28 sagde
297 962 123 27 stadgande
436 969 53 14 vara
504 962 24 21 af
541 962 55 28 vigt;
613 963 40 20 och
668 963 36 22 det
715 964 25 21 sä
750 964 87 27 mycket

85 1003 51 22 mer,
160 1003 46 16 som
228 997 104 27 möjligen
355 996 131 23 ständernas
508 997 80 28 beslut,
613 999 31 19 att
664 998 107 27 styrelsen
788 999 49 21 icke

85 1031 57 28 finge
162 1032 73 27 nägon
255 1031 35 22 del
309 1031 7 21 i
335 1031 231 28 bankförvaltningen,
590 1031 74 22 kunde
679 1031 51 22 leda
745 1032 91 28 derhän,

85 1068 32 20 att
140 1065 64 23 dessa
227 1066 71 22 beslut
318 1066 50 22 icke
390 1066 66 22 vinna
474 1066 68 28 nådig
558 1065 149 30 stadfästelse,
724 1067 40 21 och
779 1069 58 20 stän-

85 1102 68 21 derna
175 1101 94 22 sålunda
290 1101 50 22 icke
362 1101 23 21 få
405 1101 113 28 öfvertaga
534 1101 106 28 styrelsen
656 1101 61 22 öfver
732 1102 104 22 Finlands

84 1136 66 22 bank.

152 1171 209 28 Kontraktsprosten
378 1170 78 23 doktor
470 1171 163 27 Europseus:
656 1171 11 21 I
678 1173 90 20 motsats
780 1174 56 19 emot

83 1205 59 23 hvad
161 1205 40 22 här
221 1205 91 28 stadgas
333 1212 64 15 anser
412 1205 41 28 jag
468 1205 238 28 finansexpeditionens
722 1205 51 22 chef
784 1207 53 20 eller

85 1247 72 15 annan
173 1240 171 22 senatsledamot
359 1241 7 20 i
382 1241 54 21 hans
452 1240 64 22 ställe
531 1240 54 22 böra
600 1247 53 14 vara
669 1240 124 27 berättigad
804 1242 32 20 att

83 1275 6 22 i
106 1275 59 22 vissa
180 1275 39 21 fall
235 1275 66 21 hafva
315 1277 47 19 säte
378 1274 40 23 och
434 1277 92 20 stämma
540 1275 7 20 i
564 1274 211 22 bankodirektionen
786 1274 50 22 icke

84 1309 93 22 allenast
194 1309 28 21 då
238 1309 36 22 det
290 1312 24 18 är
328 1309 63 27 fråga
406 1317 34 14 om
456 1311 63 20 stats-
535 1309 40 21 och
590 1309 194 22 militiefondernes
798 1316 38 14 un-

84 1344 38 21 der
138 1343 137 22 direktionen
291 1344 91 21 stående
398 1343 140 28 förvaltning,
555 1346 53 19 utan
623 1343 65 22 äfven
703 1344 7 20 i
726 1343 62 28 fråga
801 1350 34 14 om

83 1378 110 28 primitiva
208 1378 40 21 och
264 1378 223 28 hypoteksfonderne,
509 1377 47 22 dels
569 1377 33 22 för
617 1378 135 21 kontrollens
768 1377 66 28 skull,

84 1413 47 20 dels
148 1412 92 21 emedan
251 1413 118 20 ständerna
380 1413 39 20 och
432 1413 63 21 deras
506 1412 137 27 fullmäktige
654 1412 47 21 lika
711 1412 41 21 lätt
762 1413 75 20 kunna

83 1446 106 27 misstaga
204 1446 35 27 sig
257 1453 47 15 som
319 1445 85 23 landets
421 1446 98 28 styrelse,
536 1445 40 22 och
593 1445 26 22 de
634 1445 70 22 förras
714 1447 44 20 rätt
768 1447 24 19 är
803 1445 34 21 till
