1009 1698
760 111 39 19 667

74 173 92 21 stånden
184 174 112 21 äfvensom
308 173 244 28 expeditionsutskottet
562 174 71 22 skulle
644 174 128 22 förmedelst
783 182 47 20 pro-

73 207 163 27 tokollsutdrag
252 208 145 21 underrättas.

143 276 149 28 Föredrogos:

144 312 21 26 1)
188 310 234 22 ekonomieutskottets
442 310 139 22 betänkande
597 311 6 21 i
619 311 121 28 anledning
755 312 25 20 af
793 313 36 20 nå-

74 344 52 28 diga
141 344 165 28 propositionen
322 352 34 14 om
374 344 102 28 utvidgad
492 344 100 22 handels-
609 345 39 21 och
664 345 165 29 näringsfrihet;

144 378 22 29 2)
188 378 179 22 bankutskottets
389 379 138 21 betänkande
548 379 6 21 i
574 379 118 27 anledning
711 379 25 22 af
748 380 83 27 nådiga

74 413 166 27 propositionen
255 413 115 26 angående
386 413 164 27 privatbanker;

143 447 23 29 3)
182 447 156 27 lagutskottets
354 447 140 21 betänkande
509 448 6 20 i
527 447 119 28 anledning
656 447 26 21 af
689 448 83 27 nådiga
783 455 45 21 pro-

75 481 124 27 positionen
216 488 33 14 om
266 482 54 27 dråp
336 483 52 19 utan
404 482 78 27 uppsåt
498 483 32 19 att
546 481 67 28 döda;

144 516 22 28 4)
183 515 157 27 lagutskottets
356 515 138 22 betänkande
510 516 6 20 i
528 515 118 28 anledning
657 515 25 21 af
690 516 83 26 nådiga
784 523 46 21 pro-

75 550 124 27 positionen
221 556 34 15 om
276 550 111 27 uppsätlig
407 550 159 27 misshandling
586 549 24 21 af
622 550 99 27 kreatur;
739 550 39 21 och
795 550 35 21 be-

75 584 53 21 slöts
145 586 33 18 att
194 583 44 21 alla
254 583 65 22 dessa
336 584 70 21 skulle
422 584 32 21 till
470 586 65 19 nästa
550 584 86 27 plenum
652 584 142 26 bordläggas.

143 619 93 20 Prosten
259 617 19 22 J.
302 618 16 20 I.
342 618 89 27 Bergh
454 617 98 22 önskade
574 617 90 28 föreslå,
686 619 33 20 att
735 617 27 22 de
778 624 52 21 nyss

74 651 146 29 uppräknade
236 651 103 28 frågorna
354 652 67 21 måtte
437 652 7 21 i
459 659 72 14 annan
548 651 101 28 ordning,
666 653 28 19 än
711 651 41 21 den
770 651 60 22 hvari

76 686 26 21 de
124 693 28 14 nu
174 685 70 22 blifvit
262 685 140 28 föredragna,
426 685 36 22 vid
476 688 65 19 nästa
557 686 86 27 plenum
659 685 33 22 till
709 686 75 26 slutlig
800 686 30 21 åt-

75 719 54 28 gärd
153 722 118 26 upptagas,
296 720 91 21 emedan
410 720 75 27 frågan
510 727 34 14 om
565 719 155 28 näringsfrihet
738 719 92 28 troligen

76 755 86 21 komme
178 756 33 19 att
226 756 52 25 taga
294 754 6 21 i
317 754 96 28 anspråk
429 761 25 14 en
470 754 76 27 längre
562 753 38 22 tid.

144 789 106 21 Häremot
273 789 114 21 anmärkte
410 788 47 21 herr
479 788 148 27 talemannen,
649 789 32 20 att
701 787 29 21 då
744 795 50 13 man
811 788 18 27 ej

75 823 68 22 visste
167 823 53 21 huru
244 823 65 27 länge
328 822 133 28 landtdagen
480 823 87 20 komme
583 824 31 19 att
629 821 101 28 fortfara,
747 821 27 21 de
790 821 40 21 frå-

76 864 44 21 gor,
137 858 77 20 hvilka
230 857 253 21 talemanskonferensen
498 858 74 20 ansctt
587 856 114 27 vigtigast,
718 855 54 22 först
787 856 43 20 må-

76 894 32 20 ste
124 893 110 27 upptagas
250 892 33 20 till
298 891 141 27 behandling.

145 960 102 22 Härefter
258 960 96 27 företogs
366 959 32 21 till
409 958 164 27 handläggning
582 957 178 22 bankutskottets
769 956 63 22 bord-

76 994 82 28 laggda
179 994 141 21 betänkande
340 1000 34 14 n:o
396 994 18 26 1,
434 993 7 20 i
459 992 120 26 anledning
595 992 24 20 af
631 992 61 21 Hans
708 990 126 28 Kejserliga

76 1030 115 27 Majostäts
208 1028 82 27 nådiga
305 1027 133 29 proposition
454 1033 34 15 n:o
500 1027 34 27 32,
547 1025 114 28 angående
673 1025 108 28 styrelsen
792 1024 40 22 och

76 1063 163 27 förvaltningen
256 1062 24 21 af
293 1062 105 21 Finlands
414 1061 64 21 bank.

145 1098 57 20 Herr
217 1097 140 21 talemannen
374 1094 160 23 öfverlemnade
551 1094 31 21 till
598 1094 88 21 ståndet
702 1095 32 19 att
750 1092 83 28 afgöra,

76 1132 108 22 huruvida
199 1131 59 27 icke,
277 1130 28 22 då
320 1130 106 27 förslaget
442 1129 86 28 tycktes
540 1128 111 22 innehålla
663 1134 26 14 en
701 1127 82 21 allmän
794 1126 40 21 och

77 1173 27 14 en
120 1165 83 28 speciel
220 1165 44 27 del,
282 1164 87 22 ståndet
386 1163 96 22 önskade
498 1165 59 25 yttra
572 1162 34 27 sig
621 1168 34 14 om
669 1160 109 22 hvardera
790 1162 44 19 sär-

77 1200 78 28 skildt,
172 1202 58 19 samt
245 1199 91 27 frågade
352 1206 35 14 om
402 1197 85 23 ståndet
503 1197 52 21 ville
570 1197 67 26 lägga
652 1194 122 28 kejserliga
788 1200 47 22 pro-

77 1234 123 29 positionen
218 1234 54 21 celler
285 1233 119 22 utskottets
419 1231 141 23 betänkande
576 1230 32 22 till
624 1229 70 29 grund
705 1229 33 21 för
750 1228 85 22 diskus-

78 1270 84 21 sionen.

146 1302 129 22 Professorn
296 1301 155 22 Schauman
470 1300 71 26 ansåg
559 1299 117 21 utskottets
692 1296 144 23 betänkande

77 1338 54 21 böra
152 1337 79 27 läggas
252 1336 32 21 till
306 1335 69 28 grund
394 1335 32 21 för
445 1333 163 27 diskussionen,
633 1333 57 21 samt
706 1330 130 22 momentvis

78 1372 127 27 genomgäs,

148 1405 78 22 Häruti
241 1404 105 23 förenade
363 1405 33 26 sig
412 1403 98 22 ständets
527 1401 115 30 samteliga
661 1396 146 41 medlemmar,
