1006 1698
157 115 41 21 662

130 179 94 22 stånden
247 181 32 19 att
301 179 31 21 uti
356 179 119 28 petitionen
498 178 98 27 deltaga,
619 180 22 25 ty
660 177 165 29 ridderskapets
842 178 41 20 och

131 214 77 22 adelns
224 213 96 22 enskildt
336 212 85 22 fattade
436 212 71 22 beslut
520 212 39 21 har
573 212 18 27 ej
609 212 117 27 tillräcklig
741 212 140 28 betydenhet.

199 248 55 21 Herr
269 254 42 15 von
327 246 163 27 Weissenberg:
508 246 82 22 Såvida
603 246 151 28 ridderskapet
766 246 39 22 och
818 246 65 22 adeln

131 283 108 21 förkastat
254 282 42 20 den
313 282 81 26 nådiga
410 280 161 28 propositionen
588 281 27 27 på
630 280 42 21 den
686 280 81 28 grund,
777 282 32 20 att
825 281 58 21 stån-

132 316 37 22 det
184 316 38 21 vill
237 315 112 22 bibehålla
364 314 173 28 grundlagarnes
552 314 135 28 stadganden
704 314 6 22 i
722 316 83 26 ämnet,
818 321 65 21 synes

132 351 44 27 mig
198 350 110 28 sjelffallet
332 351 32 19 att
388 349 118 21 ständerna
529 348 57 22 både
607 349 51 21 böra
677 348 39 21 och
733 348 75 22 kunna
824 349 6 21 i
847 348 37 22 sitt

132 391 50 15 svar
204 384 46 21 låta
272 383 78 28 inflyta
370 383 42 21 den
433 382 83 22 önskan
539 385 31 19 att
590 382 181 28 författningarne
791 383 24 21 af
829 384 53 20 1841

132 418 40 22 och
197 418 53 22 1862
274 418 68 21 måtte
363 418 120 26 återtagas,
506 416 110 22 äfvensom
636 419 30 19 att
683 419 83 19 tromän
783 417 64 21 skola
862 417 22 21 få

132 452 85 28 åtnjuta
236 458 84 15 samma
340 451 102 28 trygghet
463 450 40 22 och
520 450 111 27 säkerhet,
648 458 44 14 som
709 450 68 28 öfrige
794 452 89 27 tjenste-

132 489 60 25 män,
209 486 30 21 uti
254 493 27 14 nu
297 485 169 27 ifrågavarande
482 485 110 21 afseende.
616 485 42 27 Jag
673 492 108 21 upprepar
797 486 87 21 således

132 520 44 22 min
192 520 6 21 i
215 520 61 22 detta
290 520 57 28 syfte
363 520 57 21 förut
435 519 137 21 framställda
588 519 107 21 anhållan.

201 554 55 21 Herr
276 554 146 22 Silfversvan:
442 553 64 21 Hvad
527 556 84 18 tromän
631 554 107 27 beträffar,
758 554 25 21 så
803 556 25 19 är
849 554 34 21 de-

133 595 35 14 ras
189 588 103 27 rättighet
312 588 7 20 i
340 588 138 21 omförmäldt
498 587 104 22 afseende
618 587 18 28 ej
652 588 7 20 i
674 588 163 27 grundlagarne
853 591 31 18 ut-

132 622 70 28 talad,
218 621 99 22 hvarföre
329 622 42 27 jag
386 629 64 14 anser
466 623 32 20 att
513 621 118 22 ständerna
647 621 50 22 böra
708 622 132 27 petitionera
851 629 34 14 om

133 656 64 22 deras
220 656 142 21 likställande
384 656 51 21 med
458 655 67 22 andre
547 656 141 27 embetsmän,
706 659 22 24 ty
745 656 61 21 detta
822 657 63 21 beror

132 691 29 28 på
176 690 131 21 monarkens
323 690 111 22 särskilda
450 690 49 21 nåd.
681 699 10 6 -

202 725 55 20 Herr
271 724 135 28 Furuhjelm,
420 725 27 20 H.
464 724 33 28 V.,
515 723 77 22 Sävidt
603 723 41 28 jag
659 724 73 28 fattat,
748 724 39 21 har
803 724 82 22 ridder-

134 759 78 26 skapet
236 758 40 21 och
298 758 64 21 adeln
378 758 70 27 jemte
467 758 70 26 öfriga
552 757 100 29 stånden,
669 765 44 14 som
728 758 107 22 förklarat
851 759 35 27 sig

134 792 18 27 ej
171 792 73 21 kunna
260 794 82 25 antaga
354 791 41 22 den
406 791 83 28 nådiga
499 791 171 28 propositionen,
682 793 55 20 varit
748 799 51 15 ense
812 793 73 22 derom

133 828 33 19 att
188 826 173 27 grundlagarnes
384 826 138 27 stadganden
543 826 32 21 för
593 825 166 28 ifrågavarande
778 827 39 21 fall
833 828 53 21 böra

133 860 67 21 lända
216 860 33 20 till
265 860 155 27 efterrättelse;
437 866 49 14 men
502 860 72 21 såsom
590 867 50 14 man
656 862 50 27 sett,
724 861 43 21 kan
783 868 26 14 en
825 862 60 21 olika

133 894 101 26 tolkning
254 894 24 21 af
295 894 91 22 berörda
402 894 138 27 stadganden
556 894 8 22 i
579 894 61 22 detta
655 895 102 22 afseende
774 898 43 25 äga
833 903 52 15 rum.

134 928 92 21 Således
248 928 43 22 kan
310 928 42 28 jag
375 928 19 27 ej
418 928 67 27 finna,
510 928 100 22 hvarföre
632 929 48 21 icke
700 930 6 20 i
727 930 160 28 sammanhang

132 962 51 21 med
206 962 129 22 ständernes
358 962 150 27 underdåniga
532 969 50 15 svar
603 963 13 21 å
634 963 161 27 propositionen
812 964 74 22 kunde

133 995 81 22 uttalas
237 995 41 22 den
302 996 94 27 önskan,
420 998 32 19 att
474 996 61 21 Hans
553 997 105 27 Majestät
673 998 66 20 måtte
755 998 88 22 utfärda
859 1006 26 14 en

133 1029 127 27 förordning
282 1030 6 20 i
311 1030 96 27 enlighet
427 1030 49 21 med
499 1030 27 21 de
544 1030 83 27 åsigter
643 1032 116 21 ständerna
775 1032 60 29 hylla
851 1040 34 15 om

132 1064 148 26 grundlagens
296 1065 58 20 rätta
369 1063 100 23 förstånd
485 1064 6 20 i
508 1064 60 22 detta
584 1064 44 22 fall.

200 1098 56 21 Herr
278 1098 90 21 Munck:
392 1098 43 28 Jag
457 1098 45 21 kan
526 1098 18 28 ej
569 1098 87 22 biträda
677 1099 48 22 herr
747 1101 138 27 Furubjelms

132 1131 58 27 äsigt
212 1132 6 20 i
242 1132 72 21 denna
335 1132 45 28 del,
400 1135 24 25 ty
444 1132 126 27 derigenom
586 1133 71 21 skulle
672 1134 36 21 det
724 1134 83 22 lemnas
824 1136 61 22 Hans

130 1166 104 26 Majestät
254 1168 66 26 öppet
338 1168 32 20 att
385 1166 97 22 förklara
498 1168 162 26 grundlagarne
675 1168 29 20 uti
716 1168 169 28 ifrägavarande

131 1202 69 18 ämne.
232 1200 43 26 Jag
291 1207 64 15 anser
370 1202 78 20 rättast
464 1208 53 14 vara
534 1204 31 18 att
581 1202 71 21 säsom
664 1202 48 21 herr
722 1210 41 14 von
776 1204 109 22 Weissen-

131 1234 53 26 berg
202 1236 75 20 senast
294 1234 123 28 föreslagit,
439 1236 79 20 endast
539 1236 89 22 anhålla
648 1236 38 22 hos
704 1237 61 22 Hans
781 1238 104 28 Majestiät

131 1269 32 19 att
184 1268 50 21 med
254 1268 154 28 upphäfvande
429 1269 25 22 af
472 1270 26 21 de
518 1272 74 20 senast
611 1271 7 20 i
638 1274 71 18 ämnet
724 1272 104 22 utkomne
844 1272 41 22 för-

130 1302 126 28 fattningar,
280 1303 162 27 grundlagarne
463 1304 63 21 skola
546 1304 46 22 häri
608 1305 60 27 tjena
683 1306 32 21 till
732 1306 153 22 efterrättelse.

130 1335 44 27 Jag
189 1343 65 14 anser
270 1336 60 22 detta
345 1344 54 14 vara
415 1338 37 21 det
466 1338 65 21 bästa
548 1339 39 20 och
603 1339 65 21 minst
683 1339 94 28 vädliga.

199 1370 56 21 Herr
274 1371 134 28 Furuhjelm,
429 1372 25 21 H.
474 1373 36 20 V.:
527 1373 42 20 För
584 1373 44 21 min
646 1373 34 22 del
694 1373 36 22 har
745 1374 40 27 jag
803 1375 19 27 ej
841 1377 44 20 satt

129 1403 7 21 i
152 1403 63 28 fräga
232 1406 31 20 att
283 1405 61 22 Hans
364 1405 104 28 Majestät
488 1406 70 22 skulle
575 1407 73 22 kunna
665 1415 72 14 ensam
754 1409 88 21 utfärda
859 1416 25 15 en
