<?xml version="1.0" encoding="UTF-8"?>
<alto xmlns="http://www.loc.gov/standards/alto/ns-v3#" xmlns:xlink="http://www.w3.org/1999/xlink" xmlns:xsi="http://www.w3.org/2001/XMLSchema-instance" xsi:schemaLocation="http://www.loc.gov/standards/alto/ns-v3# http://www.loc.gov/alto/v3/alto-3-0.xsd">
	<Description>
		<MeasurementUnit>pixel</MeasurementUnit>
		<sourceImageInformation>
			<fileName>/tmp/tess_fizhz9m8_input.PNG</fileName>
		</sourceImageInformation>
		<OCRProcessing ID="OCR_0">
			<ocrProcessingStep>
				<processingSoftware>
					<softwareName>tesseract 5.3.4</softwareName>
				</processingSoftware>
			</ocrProcessingStep>
		</OCRProcessing>
	</Description>
	<Layout>
		<Page WIDTH="989" HEIGHT="1784" PHYSICAL_IMG_NR="0" ID="page_0">
			<PrintSpace HPOS="0" VPOS="0" WIDTH="989" HEIGHT="1784">
				<ComposedBlock ID="cblock_0" HPOS="183" VPOS="155" WIDTH="40" HEIGHT="21">
					<TextBlock ID="block_0" HPOS="183" VPOS="155" WIDTH="40" HEIGHT="21">
						<TextLine ID="line_0" HPOS="183" VPOS="155" WIDTH="40" HEIGHT="21">
							<String ID="string_0" HPOS="183" VPOS="155" WIDTH="40" HEIGHT="21" WC="0.96" CONTENT="508"/>
						</TextLine>
					</TextBlock>
				</ComposedBlock>
				<ComposedBlock ID="cblock_1" HPOS="153" VPOS="214" WIDTH="760" HEIGHT="1264">
					<TextBlock ID="block_1" HPOS="153" VPOS="214" WIDTH="760" HEIGHT="1264">
						<TextLine ID="line_1" HPOS="154" VPOS="214" WIDTH="751" HEIGHT="32">
							<String ID="string_1" HPOS="154" VPOS="222" WIDTH="47" HEIGHT="20" WC="0.96" CONTENT="sten"/><SP WIDTH="17" VPOS="222" HPOS="201"/>
							<String ID="string_2" HPOS="218" VPOS="219" WIDTH="71" HEIGHT="27" WC="0.96" CONTENT="Bergh"/><SP WIDTH="20" VPOS="219" HPOS="289"/>
							<String ID="string_3" HPOS="309" VPOS="221" WIDTH="54" HEIGHT="19" WC="0.96" CONTENT="mest"/><SP WIDTH="19" VPOS="221" HPOS="363"/>
							<String ID="string_4" HPOS="382" VPOS="218" WIDTH="66" HEIGHT="21" WC="0.94" CONTENT="bland"/><SP WIDTH="18" VPOS="218" HPOS="448"/>
							<String ID="string_5" HPOS="466" VPOS="217" WIDTH="45" HEIGHT="21" WC="0.96" CONTENT="alla"/><SP WIDTH="18" VPOS="217" HPOS="511"/>
							<String ID="string_6" HPOS="529" VPOS="216" WIDTH="73" HEIGHT="22" WC="0.96" CONTENT="derom"/><SP WIDTH="21" VPOS="216" HPOS="602"/>
							<String ID="string_7" HPOS="623" VPOS="218" WIDTH="32" HEIGHT="19" WC="0.96" CONTENT="att"/><SP WIDTH="18" VPOS="218" HPOS="655"/>
							<String ID="string_8" HPOS="673" VPOS="216" WIDTH="48" HEIGHT="20" WC="0.96" CONTENT="icke"/><SP WIDTH="20" VPOS="216" HPOS="721"/>
							<String ID="string_9" HPOS="741" VPOS="215" WIDTH="39" HEIGHT="21" WC="0.93" CONTENT="allt"/><SP WIDTH="14" VPOS="215" HPOS="780"/>
							<String ID="string_10" HPOS="794" VPOS="214" WIDTH="111" HEIGHT="22" WC="0.92" CONTENT="teoretise-"/>
						</TextLine>
						<TextLine ID="line_2" HPOS="154" VPOS="249" WIDTH="752" HEIGHT="31">
							<String ID="string_11" HPOS="154" VPOS="254" WIDTH="68" HEIGHT="22" WC="0.96" CONTENT="rande"/><SP WIDTH="24" VPOS="254" HPOS="222"/>
							<String ID="string_12" HPOS="246" VPOS="252" WIDTH="168" HEIGHT="28" WC="0.96" CONTENT="nödvändigtvis"/><SP WIDTH="26" VPOS="252" HPOS="414"/>
							<String ID="string_13" HPOS="440" VPOS="254" WIDTH="23" HEIGHT="19" WC="0.96" CONTENT="är"/><SP WIDTH="20" VPOS="254" HPOS="463"/>
							<String ID="string_14" HPOS="483" VPOS="250" WIDTH="85" HEIGHT="28" WC="0.95" CONTENT="verklig"/><SP WIDTH="23" VPOS="250" HPOS="568"/>
							<String ID="string_15" HPOS="591" VPOS="250" WIDTH="133" HEIGHT="28" WC="0.96" CONTENT="behandling"/><SP WIDTH="22" VPOS="250" HPOS="724"/>
							<String ID="string_16" HPOS="746" VPOS="250" WIDTH="25" HEIGHT="20" WC="0.96" CONTENT="af"/><SP WIDTH="19" VPOS="250" HPOS="771"/>
							<String ID="string_17" HPOS="790" VPOS="249" WIDTH="116" HEIGHT="29" WC="0.96" CONTENT="principer."/>
						</TextLine>
						<TextLine ID="line_3" HPOS="155" VPOS="284" WIDTH="751" HEIGHT="31">
							<String ID="string_18" HPOS="155" VPOS="288" WIDTH="43" HEIGHT="22" WC="0.86" CONTENT="Till"/><SP WIDTH="15" VPOS="288" HPOS="198"/>
							<String ID="string_19" HPOS="213" VPOS="288" WIDTH="61" HEIGHT="23" WC="0.93" CONTENT="bevis"/><SP WIDTH="14" VPOS="288" HPOS="274"/>
							<String ID="string_20" HPOS="288" VPOS="287" WIDTH="77" HEIGHT="28" WC="0.91" CONTENT="derpå,"/><SP WIDTH="17" VPOS="287" HPOS="365"/>
							<String ID="string_21" HPOS="382" VPOS="286" WIDTH="39" HEIGHT="22" WC="0.96" CONTENT="och"/><SP WIDTH="11" VPOS="286" HPOS="421"/>
							<String ID="string_22" HPOS="432" VPOS="286" WIDTH="33" HEIGHT="21" WC="0.96" CONTENT="för"/><SP WIDTH="10" VPOS="286" HPOS="465"/>
							<String ID="string_23" HPOS="475" VPOS="287" WIDTH="32" HEIGHT="19" WC="0.92" CONTENT="att"/><SP WIDTH="10" VPOS="287" HPOS="507"/>
							<String ID="string_24" HPOS="517" VPOS="286" WIDTH="22" HEIGHT="20" WC="0.92" CONTENT="in"/><SP WIDTH="12" VPOS="286" HPOS="539"/>
							<String ID="string_25" HPOS="551" VPOS="292" WIDTH="51" HEIGHT="14" WC="0.92" CONTENT="casu"/><SP WIDTH="11" VPOS="292" HPOS="602"/>
							<String ID="string_26" HPOS="613" VPOS="284" WIDTH="114" HEIGHT="28" WC="0.92" CONTENT="öfvertyga"/><SP WIDTH="10" VPOS="284" HPOS="727"/>
							<String ID="string_27" HPOS="737" VPOS="286" WIDTH="87" HEIGHT="26" WC="0.96" CONTENT="prosten"/><SP WIDTH="10" VPOS="286" HPOS="824"/>
							<String ID="string_28" HPOS="834" VPOS="284" WIDTH="72" HEIGHT="27" WC="0.96" CONTENT="Bergh"/>
						</TextLine>
						<TextLine ID="line_4" HPOS="155" VPOS="318" WIDTH="749" HEIGHT="29">
							<String ID="string_29" HPOS="155" VPOS="325" WIDTH="32" HEIGHT="19" WC="0.96" CONTENT="att"/><SP WIDTH="23" VPOS="325" HPOS="187"/>
							<String ID="string_30" HPOS="210" VPOS="322" WIDTH="122" HEIGHT="23" WC="0.96" CONTENT="tänkandet"/><SP WIDTH="22" VPOS="322" HPOS="332"/>
							<String ID="string_31" HPOS="354" VPOS="321" WIDTH="57" HEIGHT="21" WC="0.93" CONTENT="inom"/><SP WIDTH="19" VPOS="321" HPOS="411"/>
							<String ID="string_32" HPOS="430" VPOS="319" WIDTH="217" HEIGHT="28" WC="0.90" CONTENT="rättsvetenskapens"/><SP WIDTH="19" VPOS="319" HPOS="647"/>
							<String ID="string_33" HPOS="666" VPOS="319" WIDTH="129" HEIGHT="28" WC="0.90" CONTENT="principiela"/><SP WIDTH="21" VPOS="319" HPOS="795"/>
							<String ID="string_34" HPOS="816" VPOS="318" WIDTH="88" HEIGHT="22" WC="0.95" CONTENT="område"/>
						</TextLine>
						<TextLine ID="line_5" HPOS="156" VPOS="352" WIDTH="750" HEIGHT="30">
							<String ID="string_35" HPOS="156" VPOS="358" WIDTH="48" HEIGHT="20" WC="0.96" CONTENT="icke"/><SP WIDTH="23" VPOS="358" HPOS="204"/>
							<String ID="string_36" HPOS="227" VPOS="359" WIDTH="24" HEIGHT="18" WC="0.96" CONTENT="är"/><SP WIDTH="22" VPOS="359" HPOS="251"/>
							<String ID="string_37" HPOS="273" VPOS="356" WIDTH="44" HEIGHT="26" WC="0.96" CONTENT="mig"/><SP WIDTH="24" VPOS="356" HPOS="317"/>
							<String ID="string_38" HPOS="341" VPOS="362" WIDTH="25" HEIGHT="14" WC="0.96" CONTENT="en"/><SP WIDTH="24" VPOS="362" HPOS="366"/>
							<String ID="string_39" HPOS="390" VPOS="355" WIDTH="25" HEIGHT="21" WC="0.96" CONTENT="så"/><SP WIDTH="19" VPOS="355" HPOS="415"/>
							<String ID="string_40" HPOS="434" VPOS="361" WIDTH="55" HEIGHT="15" WC="0.96" CONTENT="ovan"/><SP WIDTH="21" VPOS="361" HPOS="489"/>
							<String ID="string_41" HPOS="510" VPOS="353" WIDTH="40" HEIGHT="22" WC="0.96" CONTENT="och"/><SP WIDTH="18" VPOS="353" HPOS="550"/>
							<String ID="string_42" HPOS="568" VPOS="352" WIDTH="135" HEIGHT="22" WC="0.96" CONTENT="främmande"/><SP WIDTH="20" VPOS="352" HPOS="703"/>
							<String ID="string_43" HPOS="723" VPOS="353" WIDTH="49" HEIGHT="27" WC="0.96" CONTENT="sak,"/><SP WIDTH="20" VPOS="353" HPOS="772"/>
							<String ID="string_44" HPOS="792" VPOS="359" WIDTH="46" HEIGHT="15" WC="0.96" CONTENT="som"/><SP WIDTH="18" VPOS="359" HPOS="838"/>
							<String ID="string_45" HPOS="856" VPOS="352" WIDTH="50" HEIGHT="22" WC="0.96" CONTENT="herr"/>
						</TextLine>
						<TextLine ID="line_6" HPOS="156" VPOS="386" WIDTH="751" HEIGHT="32">
							<String ID="string_46" HPOS="156" VPOS="392" WIDTH="88" HEIGHT="26" WC="0.96" CONTENT="prosten"/><SP WIDTH="21" VPOS="392" HPOS="244"/>
							<String ID="string_47" HPOS="265" VPOS="396" WIDTH="67" HEIGHT="21" WC="0.96" CONTENT="gerna"/><SP WIDTH="20" VPOS="396" HPOS="332"/>
							<String ID="string_48" HPOS="352" VPOS="389" WIDTH="77" HEIGHT="28" WC="0.96" CONTENT="tyckes"/><SP WIDTH="18" VPOS="389" HPOS="429"/>
							<String ID="string_49" HPOS="447" VPOS="388" WIDTH="52" HEIGHT="28" WC="0.96" CONTENT="vilja"/><SP WIDTH="18" VPOS="388" HPOS="499"/>
							<String ID="string_50" HPOS="517" VPOS="388" WIDTH="125" HEIGHT="26" WC="0.96" CONTENT="förutsätta,"/><SP WIDTH="19" VPOS="388" HPOS="642"/>
							<String ID="string_51" HPOS="661" VPOS="387" WIDTH="37" HEIGHT="21" WC="0.95" CONTENT="vill"/><SP WIDTH="16" VPOS="387" HPOS="698"/>
							<String ID="string_52" HPOS="714" VPOS="387" WIDTH="42" HEIGHT="27" WC="0.96" CONTENT="jag"/><SP WIDTH="15" VPOS="387" HPOS="756"/>
							<String ID="string_53" HPOS="771" VPOS="387" WIDTH="72" HEIGHT="21" WC="0.96" CONTENT="erinra"/><SP WIDTH="14" VPOS="387" HPOS="843"/>
							<String ID="string_54" HPOS="857" VPOS="386" WIDTH="50" HEIGHT="22" WC="0.95" CONTENT="herr"/>
						</TextLine>
						<TextLine ID="line_7" HPOS="155" VPOS="421" WIDTH="751" HEIGHT="31">
							<String ID="string_55" HPOS="155" VPOS="426" WIDTH="88" HEIGHT="26" WC="0.96" CONTENT="prosten"/><SP WIDTH="15" VPOS="426" HPOS="243"/>
							<String ID="string_56" HPOS="258" VPOS="424" WIDTH="82" HEIGHT="27" WC="0.96" CONTENT="derom,"/><SP WIDTH="16" VPOS="424" HPOS="340"/>
							<String ID="string_57" HPOS="356" VPOS="425" WIDTH="42" HEIGHT="25" WC="0.96" CONTENT="att,"/><SP WIDTH="16" VPOS="425" HPOS="398"/>
							<String ID="string_58" HPOS="414" VPOS="422" WIDTH="29" HEIGHT="21" WC="0.96" CONTENT="då"/><SP WIDTH="15" VPOS="422" HPOS="443"/>
							<String ID="string_59" HPOS="458" VPOS="422" WIDTH="37" HEIGHT="21" WC="0.96" CONTENT="det"/><SP WIDTH="16" VPOS="422" HPOS="495"/>
							<String ID="string_60" HPOS="511" VPOS="422" WIDTH="68" HEIGHT="27" WC="0.96" CONTENT="gäller"/><SP WIDTH="12" VPOS="422" HPOS="579"/>
							<String ID="string_61" HPOS="591" VPOS="423" WIDTH="31" HEIGHT="19" WC="0.96" CONTENT="att"/><SP WIDTH="11" VPOS="423" HPOS="622"/>
							<String ID="string_62" HPOS="633" VPOS="421" WIDTH="44" HEIGHT="21" WC="0.96" CONTENT="tala"/><SP WIDTH="11" VPOS="421" HPOS="677"/>
							<String ID="string_63" HPOS="688" VPOS="428" WIDTH="34" HEIGHT="14" WC="0.96" CONTENT="om"/><SP WIDTH="11" VPOS="428" HPOS="722"/>
							<String ID="string_64" HPOS="733" VPOS="421" WIDTH="37" HEIGHT="21" WC="0.93" CONTENT="det"/><SP WIDTH="8" VPOS="421" HPOS="770"/>
							<String ID="string_65" HPOS="778" VPOS="421" WIDTH="128" HEIGHT="28" WC="0.90" CONTENT="principiela"/>
						</TextLine>
						<TextLine ID="line_8" HPOS="155" VPOS="455" WIDTH="751" HEIGHT="30">
							<String ID="string_66" HPOS="155" VPOS="459" WIDTH="7" HEIGHT="20" WC="0.95" CONTENT="i"/><SP WIDTH="23" VPOS="459" HPOS="162"/>
							<String ID="string_67" HPOS="185" VPOS="458" WIDTH="93" HEIGHT="27" WC="0.95" CONTENT="straffet,"/><SP WIDTH="24" VPOS="458" HPOS="278"/>
							<String ID="string_68" HPOS="302" VPOS="459" WIDTH="24" HEIGHT="18" WC="0.96" CONTENT="är"/><SP WIDTH="20" VPOS="459" HPOS="326"/>
							<String ID="string_69" HPOS="346" VPOS="456" WIDTH="37" HEIGHT="21" WC="0.96" CONTENT="det"/><SP WIDTH="18" VPOS="456" HPOS="383"/>
							<String ID="string_70" HPOS="401" VPOS="456" WIDTH="67" HEIGHT="27" WC="0.96" CONTENT="något"/><SP WIDTH="18" VPOS="456" HPOS="468"/>
							<String ID="string_71" HPOS="486" VPOS="455" WIDTH="64" HEIGHT="28" WC="0.96" CONTENT="högst"/><SP WIDTH="19" VPOS="455" HPOS="550"/>
							<String ID="string_72" HPOS="569" VPOS="455" WIDTH="97" HEIGHT="27" WC="0.95" CONTENT="oriktigt,"/><SP WIDTH="17" VPOS="455" HPOS="666"/>
							<String ID="string_73" HPOS="683" VPOS="456" WIDTH="32" HEIGHT="19" WC="0.96" CONTENT="att"/><SP WIDTH="16" VPOS="456" HPOS="715"/>
							<String ID="string_74" HPOS="731" VPOS="455" WIDTH="65" HEIGHT="27" WC="0.96" CONTENT="skilja"/><SP WIDTH="16" VPOS="455" HPOS="796"/>
							<String ID="string_75" HPOS="812" VPOS="455" WIDTH="94" HEIGHT="21" WC="0.96" CONTENT="emellan"/>
						</TextLine>
						<TextLine ID="line_9" HPOS="156" VPOS="489" WIDTH="750" HEIGHT="30">
							<String ID="string_76" HPOS="156" VPOS="492" WIDTH="95" HEIGHT="21" WC="0.95" CONTENT="straffets"/><SP WIDTH="18" VPOS="492" HPOS="251"/>
							<String ID="string_77" HPOS="269" VPOS="491" WIDTH="71" HEIGHT="28" WC="0.96" CONTENT="grund"/><SP WIDTH="15" VPOS="491" HPOS="340"/>
							<String ID="string_78" HPOS="355" VPOS="490" WIDTH="40" HEIGHT="21" WC="0.96" CONTENT="och"/><SP WIDTH="16" VPOS="490" HPOS="395"/>
							<String ID="string_79" HPOS="411" VPOS="490" WIDTH="111" HEIGHT="23" WC="0.96" CONTENT="ändamål,"/><SP WIDTH="14" VPOS="490" HPOS="522"/>
							<String ID="string_80" HPOS="536" VPOS="489" WIDTH="72" HEIGHT="22" WC="0.96" CONTENT="såsom"/><SP WIDTH="15" VPOS="489" HPOS="608"/>
							<String ID="string_81" HPOS="623" VPOS="489" WIDTH="50" HEIGHT="21" WC="0.96" CONTENT="herr"/><SP WIDTH="14" VPOS="489" HPOS="673"/>
							<String ID="string_82" HPOS="687" VPOS="491" WIDTH="88" HEIGHT="26" WC="0.96" CONTENT="prosten"/><SP WIDTH="16" VPOS="491" HPOS="775"/>
							<String ID="string_83" HPOS="791" VPOS="489" WIDTH="37" HEIGHT="21" WC="0.96" CONTENT="det"/><SP WIDTH="14" VPOS="489" HPOS="828"/>
							<String ID="string_84" HPOS="842" VPOS="489" WIDTH="64" HEIGHT="27" WC="0.96" CONTENT="gjort."/>
						</TextLine>
						<TextLine ID="line_10" HPOS="156" VPOS="523" WIDTH="751" HEIGHT="28">
							<String ID="string_85" HPOS="156" VPOS="527" WIDTH="34" HEIGHT="20" WC="0.96" CONTENT="De"/><SP WIDTH="23" VPOS="527" HPOS="190"/>
							<String ID="string_86" HPOS="213" VPOS="525" WIDTH="151" HEIGHT="22" WC="0.95" CONTENT="sammanfalla"/><SP WIDTH="21" VPOS="525" HPOS="364"/>
							<String ID="string_87" HPOS="385" VPOS="524" WIDTH="28" HEIGHT="21" WC="0.96" CONTENT="då"/><SP WIDTH="20" VPOS="524" HPOS="413"/>
							<String ID="string_88" HPOS="433" VPOS="524" WIDTH="7" HEIGHT="20" WC="0.97" CONTENT="i"/><SP WIDTH="21" VPOS="524" HPOS="440"/>
							<String ID="string_89" HPOS="461" VPOS="526" WIDTH="36" HEIGHT="19" WC="0.96" CONTENT="ett."/><SP WIDTH="31" VPOS="526" HPOS="497"/>
							<String ID="string_90" HPOS="528" VPOS="523" WIDTH="30" HEIGHT="22" WC="0.96" CONTENT="Så"/><SP WIDTH="20" VPOS="523" HPOS="558"/>
							<String ID="string_91" HPOS="578" VPOS="525" WIDTH="32" HEIGHT="19" WC="0.96" CONTENT="att"/><SP WIDTH="20" VPOS="525" HPOS="610"/>
							<String ID="string_92" HPOS="630" VPOS="529" WIDTH="34" HEIGHT="14" WC="0.96" CONTENT="om"/><SP WIDTH="19" VPOS="529" HPOS="664"/>
							<String ID="string_93" HPOS="683" VPOS="523" WIDTH="84" HEIGHT="21" WC="0.96" CONTENT="straffet"/><SP WIDTH="17" VPOS="523" HPOS="767"/>
							<String ID="string_94" HPOS="784" VPOS="523" WIDTH="51" HEIGHT="22" WC="0.95" CONTENT="icke"/><SP WIDTH="15" VPOS="523" HPOS="835"/>
							<String ID="string_95" HPOS="850" VPOS="523" WIDTH="8" HEIGHT="21" WC="0.96" CONTENT="i"/><SP WIDTH="15" VPOS="523" HPOS="858"/>
							<String ID="string_96" HPOS="873" VPOS="523" WIDTH="34" HEIGHT="28" WC="0.96" CONTENT="sig"/>
						</TextLine>
						<TextLine ID="line_11" HPOS="156" VPOS="557" WIDTH="750" HEIGHT="29">
							<String ID="string_97" HPOS="156" VPOS="561" WIDTH="39" HEIGHT="20" WC="0.95" CONTENT="har"/><SP WIDTH="20" VPOS="561" HPOS="195"/>
							<String ID="string_98" HPOS="215" VPOS="559" WIDTH="38" HEIGHT="24" WC="0.96" CONTENT="sitt"/><SP WIDTH="19" VPOS="559" HPOS="253"/>
							<String ID="string_99" HPOS="272" VPOS="558" WIDTH="111" HEIGHT="28" WC="0.95" CONTENT="ändamål,"/><SP WIDTH="17" VPOS="558" HPOS="383"/>
							<String ID="string_100" HPOS="400" VPOS="565" WIDTH="34" HEIGHT="14" WC="0.96" CONTENT="om"/><SP WIDTH="14" VPOS="565" HPOS="434"/>
							<String ID="string_101" HPOS="448" VPOS="557" WIDTH="82" HEIGHT="22" WC="0.96" CONTENT="hennes"/><SP WIDTH="16" VPOS="557" HPOS="530"/>
							<String ID="string_102" HPOS="546" VPOS="557" WIDTH="103" HEIGHT="22" WC="0.96" CONTENT="ändamål"/><SP WIDTH="15" VPOS="557" HPOS="649"/>
							<String ID="string_103" HPOS="664" VPOS="557" WIDTH="49" HEIGHT="21" WC="0.96" CONTENT="icke"/><SP WIDTH="16" VPOS="557" HPOS="713"/>
							<String ID="string_104" HPOS="729" VPOS="557" WIDTH="71" HEIGHT="21" WC="0.96" CONTENT="tillika"/><SP WIDTH="16" VPOS="557" HPOS="800"/>
							<String ID="string_105" HPOS="816" VPOS="560" WIDTH="24" HEIGHT="19" WC="0.93" CONTENT="är"/><SP WIDTH="15" VPOS="560" HPOS="840"/>
							<String ID="string_106" HPOS="855" VPOS="557" WIDTH="51" HEIGHT="22" WC="0.92" CONTENT="hen-"/>
						</TextLine>
						<TextLine ID="line_12" HPOS="156" VPOS="591" WIDTH="750" HEIGHT="31">
							<String ID="string_107" HPOS="156" VPOS="601" WIDTH="39" HEIGHT="15" WC="0.96" CONTENT="nes"/><SP WIDTH="22" VPOS="601" HPOS="195"/>
							<String ID="string_108" HPOS="217" VPOS="593" WIDTH="79" HEIGHT="29" WC="0.96" CONTENT="grund,"/><SP WIDTH="24" VPOS="593" HPOS="296"/>
							<String ID="string_109" HPOS="320" VPOS="595" WIDTH="24" HEIGHT="19" WC="0.96" CONTENT="är"/><SP WIDTH="22" VPOS="595" HPOS="344"/>
							<String ID="string_110" HPOS="366" VPOS="592" WIDTH="94" HEIGHT="22" WC="0.96" CONTENT="straffets"/><SP WIDTH="21" VPOS="592" HPOS="460"/>
							<String ID="string_111" HPOS="481" VPOS="591" WIDTH="152" HEIGHT="28" WC="0.96" CONTENT="berättigande"/><SP WIDTH="18" VPOS="591" HPOS="633"/>
							<String ID="string_112" HPOS="651" VPOS="591" WIDTH="29" HEIGHT="28" WC="0.96" CONTENT="på"/><SP WIDTH="20" VPOS="591" HPOS="680"/>
							<String ID="string_113" HPOS="700" VPOS="591" WIDTH="54" HEIGHT="22" WC="0.96" CONTENT="intet"/><SP WIDTH="19" VPOS="591" HPOS="754"/>
							<String ID="string_114" HPOS="773" VPOS="593" WIDTH="43" HEIGHT="20" WC="0.93" CONTENT="sätt"/><SP WIDTH="16" VPOS="593" HPOS="816"/>
							<String ID="string_115" HPOS="832" VPOS="591" WIDTH="74" HEIGHT="28" WC="0.91" CONTENT="gifvet."/>
						</TextLine>
						<TextLine ID="line_13" HPOS="157" VPOS="626" WIDTH="750" HEIGHT="28">
							<String ID="string_116" HPOS="157" VPOS="629" WIDTH="89" HEIGHT="22" WC="0.92" CONTENT="Derföre"/><SP WIDTH="21" VPOS="629" HPOS="246"/>
							<String ID="string_117" HPOS="267" VPOS="627" WIDTH="39" HEIGHT="22" WC="0.95" CONTENT="har"/><SP WIDTH="16" VPOS="627" HPOS="306"/>
							<String ID="string_118" HPOS="322" VPOS="627" WIDTH="41" HEIGHT="27" WC="0.93" CONTENT="jag"/><SP WIDTH="19" VPOS="627" HPOS="363"/>
							<String ID="string_119" HPOS="382" VPOS="627" WIDTH="79" HEIGHT="21" WC="0.91" CONTENT="erinrat"/><SP WIDTH="19" VPOS="627" HPOS="461"/>
							<String ID="string_120" HPOS="480" VPOS="626" WIDTH="40" HEIGHT="21" WC="0.96" CONTENT="och"/><SP WIDTH="16" VPOS="626" HPOS="520"/>
							<String ID="string_121" HPOS="536" VPOS="627" WIDTH="82" HEIGHT="20" WC="0.96" CONTENT="erinrar"/><SP WIDTH="16" VPOS="627" HPOS="618"/>
							<String ID="string_122" HPOS="634" VPOS="627" WIDTH="67" HEIGHT="26" WC="0.96" CONTENT="ännu,"/><SP WIDTH="15" VPOS="627" HPOS="701"/>
							<String ID="string_123" HPOS="716" VPOS="627" WIDTH="32" HEIGHT="20" WC="0.96" CONTENT="att"/><SP WIDTH="15" VPOS="627" HPOS="748"/>
							<String ID="string_124" HPOS="763" VPOS="626" WIDTH="91" HEIGHT="27" WC="0.96" CONTENT="sålänge"/><SP WIDTH="16" VPOS="626" HPOS="854"/>
							<String ID="string_125" HPOS="870" VPOS="626" WIDTH="37" HEIGHT="21" WC="0.96" CONTENT="det"/>
						</TextLine>
						<TextLine ID="line_14" HPOS="157" VPOS="659" WIDTH="749" HEIGHT="34">
							<String ID="string_126" HPOS="157" VPOS="666" WIDTH="24" HEIGHT="19" WC="0.96" CONTENT="är"/><SP WIDTH="15" VPOS="666" HPOS="181"/>
							<String ID="string_127" HPOS="196" VPOS="663" WIDTH="62" HEIGHT="30" WC="0.52" CONTENT="fråga"/><SP WIDTH="16" VPOS="663" HPOS="258"/>
							<String ID="string_128" HPOS="274" VPOS="669" WIDTH="34" HEIGHT="14" WC="0.96" CONTENT="om"/><SP WIDTH="16" VPOS="669" HPOS="308"/>
							<String ID="string_129" HPOS="324" VPOS="663" WIDTH="32" HEIGHT="19" WC="0.95" CONTENT="att"/><SP WIDTH="15" VPOS="663" HPOS="356"/>
							<String ID="string_130" HPOS="371" VPOS="661" WIDTH="56" HEIGHT="28" WC="0.96" CONTENT="inse,"/><SP WIDTH="16" VPOS="661" HPOS="427"/>
							<String ID="string_131" HPOS="443" VPOS="660" WIDTH="56" HEIGHT="21" WC="0.96" CONTENT="hvad"/><SP WIDTH="16" VPOS="660" HPOS="499"/>
							<String ID="string_132" HPOS="515" VPOS="660" WIDTH="84" HEIGHT="21" WC="0.96" CONTENT="straffet"/><SP WIDTH="14" VPOS="660" HPOS="599"/>
							<String ID="string_133" HPOS="613" VPOS="660" WIDTH="6" HEIGHT="21" WC="0.96" CONTENT="i"/><SP WIDTH="17" VPOS="660" HPOS="619"/>
							<String ID="string_134" HPOS="636" VPOS="660" WIDTH="34" HEIGHT="27" WC="0.96" CONTENT="sig"/><SP WIDTH="13" VPOS="660" HPOS="670"/>
							<String ID="string_135" HPOS="683" VPOS="662" WIDTH="30" HEIGHT="25" WC="0.96" CONTENT="är,"/><SP WIDTH="12" VPOS="662" HPOS="713"/>
							<String ID="string_136" HPOS="725" VPOS="662" WIDTH="24" HEIGHT="19" WC="0.96" CONTENT="är"/><SP WIDTH="11" VPOS="662" HPOS="749"/>
							<String ID="string_137" HPOS="760" VPOS="660" WIDTH="36" HEIGHT="21" WC="0.93" CONTENT="det"/><SP WIDTH="11" VPOS="660" HPOS="796"/>
							<String ID="string_138" HPOS="807" VPOS="659" WIDTH="99" HEIGHT="22" WC="0.50" CONTENT="fullkom-"/>
						</TextLine>
						<TextLine ID="line_15" HPOS="156" VPOS="694" WIDTH="751" HEIGHT="30">
							<String ID="string_139" HPOS="156" VPOS="697" WIDTH="59" HEIGHT="27" WC="0.93" CONTENT="ligen"/><SP WIDTH="16" VPOS="697" HPOS="215"/>
							<String ID="string_140" HPOS="231" VPOS="694" WIDTH="126" HEIGHT="29" WC="0.76" CONTENT="obefogadt,"/><SP WIDTH="19" VPOS="694" HPOS="357"/>
							<String ID="string_141" HPOS="376" VPOS="697" WIDTH="32" HEIGHT="19" WC="0.96" CONTENT="att"/><SP WIDTH="15" VPOS="697" HPOS="408"/>
							<String ID="string_142" HPOS="423" VPOS="695" WIDTH="45" HEIGHT="21" WC="0.96" CONTENT="tala"/><SP WIDTH="13" VPOS="695" HPOS="468"/>
							<String ID="string_143" HPOS="481" VPOS="702" WIDTH="35" HEIGHT="14" WC="0.93" CONTENT="om"/><SP WIDTH="15" VPOS="702" HPOS="516"/>
							<String ID="string_144" HPOS="531" VPOS="694" WIDTH="139" HEIGHT="27" WC="0.92" CONTENT="försoningen"/><SP WIDTH="17" VPOS="694" HPOS="670"/>
							<String ID="string_145" HPOS="687" VPOS="695" WIDTH="72" HEIGHT="21" WC="0.96" CONTENT="såsom"/><SP WIDTH="16" VPOS="695" HPOS="759"/>
							<String ID="string_146" HPOS="775" VPOS="694" WIDTH="50" HEIGHT="22" WC="0.93" CONTENT="dess"/><SP WIDTH="16" VPOS="694" HPOS="825"/>
							<String ID="string_147" HPOS="841" VPOS="694" WIDTH="66" HEIGHT="22" WC="0.92" CONTENT="ända-"/>
						</TextLine>
						<TextLine ID="line_16" HPOS="157" VPOS="727" WIDTH="751" HEIGHT="32">
							<String ID="string_148" HPOS="157" VPOS="731" WIDTH="52" HEIGHT="28" WC="0.93" CONTENT="mål,"/><SP WIDTH="17" VPOS="731" HPOS="209"/>
							<String ID="string_149" HPOS="226" VPOS="727" WIDTH="120" HEIGHT="32" WC="0.82" CONTENT="tylstraffet"/><SP WIDTH="16" VPOS="727" HPOS="346"/>
							<String ID="string_150" HPOS="362" VPOS="730" WIDTH="38" HEIGHT="20" WC="0.96" CONTENT="har"/><SP WIDTH="16" VPOS="730" HPOS="400"/>
							<String ID="string_151" HPOS="416" VPOS="729" WIDTH="53" HEIGHT="21" WC="0.96" CONTENT="intet"/><SP WIDTH="16" VPOS="729" HPOS="469"/>
							<String ID="string_152" HPOS="485" VPOS="731" WIDTH="67" HEIGHT="19" WC="0.96" CONTENT="annat"/><SP WIDTH="16" VPOS="731" HPOS="552"/>
							<String ID="string_153" HPOS="568" VPOS="728" WIDTH="103" HEIGHT="22" WC="0.95" CONTENT="ändamål"/><SP WIDTH="14" VPOS="728" HPOS="671"/>
							<String ID="string_154" HPOS="685" VPOS="729" WIDTH="7" HEIGHT="20" WC="0.96" CONTENT="i"/><SP WIDTH="14" VPOS="729" HPOS="692"/>
							<String ID="string_155" HPOS="706" VPOS="728" WIDTH="33" HEIGHT="27" WC="0.96" CONTENT="sig"/><SP WIDTH="11" VPOS="728" HPOS="739"/>
							<String ID="string_156" HPOS="750" VPOS="731" WIDTH="28" HEIGHT="18" WC="0.96" CONTENT="än"/><SP WIDTH="10" VPOS="731" HPOS="778"/>
							<String ID="string_157" HPOS="788" VPOS="728" WIDTH="120" HEIGHT="22" WC="0.96" CONTENT="rättvisans"/>
						</TextLine>
						<TextLine ID="line_17" HPOS="158" VPOS="759" WIDTH="750" HEIGHT="32">
							<String ID="string_158" HPOS="158" VPOS="759" WIDTH="166" HEIGHT="32" WC="0.95" CONTENT="återställande,"/><SP WIDTH="16" VPOS="759" HPOS="324"/>
							<String ID="string_159" HPOS="340" VPOS="763" WIDTH="84" HEIGHT="22" WC="0.96" CONTENT="hvilket"/><SP WIDTH="15" VPOS="763" HPOS="424"/>
							<String ID="string_160" HPOS="439" VPOS="763" WIDTH="102" HEIGHT="22" WC="0.96" CONTENT="ändamål"/><SP WIDTH="16" VPOS="763" HPOS="541"/>
							<String ID="string_161" HPOS="557" VPOS="763" WIDTH="68" HEIGHT="22" WC="0.96" CONTENT="också"/><SP WIDTH="13" VPOS="763" HPOS="625"/>
							<String ID="string_162" HPOS="638" VPOS="765" WIDTH="24" HEIGHT="19" WC="0.96" CONTENT="är"/><SP WIDTH="10" VPOS="765" HPOS="662"/>
							<String ID="string_163" HPOS="672" VPOS="762" WIDTH="82" HEIGHT="22" WC="0.96" CONTENT="hennes"/><SP WIDTH="9" VPOS="762" HPOS="754"/>
							<String ID="string_164" HPOS="763" VPOS="763" WIDTH="76" HEIGHT="28" WC="0.96" CONTENT="grund."/><SP WIDTH="25" VPOS="763" HPOS="839"/>
							<String ID="string_165" HPOS="864" VPOS="764" WIDTH="44" HEIGHT="21" WC="0.96" CONTENT="Det"/>
						</TextLine>
						<TextLine ID="line_18" HPOS="157" VPOS="797" WIDTH="750" HEIGHT="32">
							<String ID="string_166" HPOS="157" VPOS="799" WIDTH="132" HEIGHT="30" WC="0.91" CONTENT="försonande"/><SP WIDTH="16" VPOS="799" HPOS="289"/>
							<String ID="string_167" HPOS="305" VPOS="799" WIDTH="115" HEIGHT="21" WC="0.64" CONTENT="elementet"/><SP WIDTH="16" VPOS="799" HPOS="420"/>
							<String ID="string_168" HPOS="436" VPOS="799" WIDTH="76" HEIGHT="26" WC="0.96" CONTENT="upptar"/><SP WIDTH="15" VPOS="799" HPOS="512"/>
							<String ID="string_169" HPOS="527" VPOS="797" WIDTH="84" HEIGHT="22" WC="0.96" CONTENT="straffet"/><SP WIDTH="10" VPOS="797" HPOS="611"/>
							<String ID="string_170" HPOS="621" VPOS="797" WIDTH="6" HEIGHT="21" WC="0.96" CONTENT="i"/><SP WIDTH="12" VPOS="797" HPOS="627"/>
							<String ID="string_171" HPOS="639" VPOS="797" WIDTH="34" HEIGHT="27" WC="0.96" CONTENT="sig"/><SP WIDTH="11" VPOS="797" HPOS="673"/>
							<String ID="string_172" HPOS="684" VPOS="797" WIDTH="47" HEIGHT="21" WC="0.96" CONTENT="från"/><SP WIDTH="11" VPOS="797" HPOS="731"/>
							<String ID="string_173" HPOS="742" VPOS="804" WIDTH="26" HEIGHT="14" WC="0.96" CONTENT="en"/><SP WIDTH="11" VPOS="804" HPOS="768"/>
							<String ID="string_174" HPOS="779" VPOS="797" WIDTH="67" HEIGHT="28" WC="0.93" CONTENT="högre"/><SP WIDTH="11" VPOS="797" HPOS="846"/>
							<String ID="string_175" HPOS="857" VPOS="797" WIDTH="50" HEIGHT="28" WC="0.92" CONTENT="sfer,"/>
						</TextLine>
						<TextLine ID="line_19" HPOS="157" VPOS="831" WIDTH="751" HEIGHT="29">
							<String ID="string_176" HPOS="157" VPOS="833" WIDTH="39" HEIGHT="22" WC="0.96" CONTENT="och"/><SP WIDTH="21" VPOS="833" HPOS="196"/>
							<String ID="string_177" HPOS="217" VPOS="835" WIDTH="32" HEIGHT="20" WC="0.92" CONTENT="att:"/><SP WIDTH="19" VPOS="835" HPOS="249"/>
							<String ID="string_178" HPOS="268" VPOS="833" WIDTH="31" HEIGHT="21" WC="0.95" CONTENT="dit"/><SP WIDTH="18" VPOS="833" HPOS="299"/>
							<String ID="string_179" HPOS="317" VPOS="832" WIDTH="70" HEIGHT="21" WC="0.96" CONTENT="införa"/><SP WIDTH="19" VPOS="832" HPOS="387"/>
							<String ID="string_180" HPOS="406" VPOS="832" WIDTH="45" HEIGHT="28" WC="0.96" CONTENT="det,"/><SP WIDTH="16" VPOS="832" HPOS="451"/>
							<String ID="string_181" HPOS="467" VPOS="834" WIDTH="32" HEIGHT="19" WC="0.96" CONTENT="att"/><SP WIDTH="15" VPOS="834" HPOS="499"/>
							<String ID="string_182" HPOS="514" VPOS="831" WIDTH="68" HEIGHT="22" WC="0.93" CONTENT="fixera"/><SP WIDTH="15" VPOS="831" HPOS="582"/>
							<String ID="string_183" HPOS="597" VPOS="831" WIDTH="261" HEIGHT="28" WC="0.89" CONTENT="straffbestämningarne"/><SP WIDTH="16" VPOS="831" HPOS="858"/>
							<String ID="string_184" HPOS="874" VPOS="832" WIDTH="34" HEIGHT="28" WC="0.96" CONTENT="sä,"/>
						</TextLine>
						<TextLine ID="line_20" HPOS="157" VPOS="865" WIDTH="750" HEIGHT="30">
							<String ID="string_185" HPOS="157" VPOS="871" WIDTH="32" HEIGHT="19" WC="0.96" CONTENT="att"/><SP WIDTH="23" VPOS="871" HPOS="189"/>
							<String ID="string_186" HPOS="212" VPOS="868" WIDTH="26" HEIGHT="21" WC="0.96" CONTENT="de"/><SP WIDTH="21" VPOS="868" HPOS="238"/>
							<String ID="string_187" HPOS="259" VPOS="867" WIDTH="19" HEIGHT="28" WC="0.92" CONTENT="ej"/><SP WIDTH="22" VPOS="867" HPOS="278"/>
							<String ID="string_188" HPOS="300" VPOS="867" WIDTH="34" HEIGHT="22" WC="0.96" CONTENT="stå"/><SP WIDTH="19" VPOS="867" HPOS="334"/>
							<String ID="string_189" HPOS="353" VPOS="867" WIDTH="5" HEIGHT="20" WC="0.96" CONTENT="i"/><SP WIDTH="20" VPOS="867" HPOS="358"/>
							<String ID="string_190" HPOS="378" VPOS="866" WIDTH="53" HEIGHT="22" WC="0.96" CONTENT="strid"/><SP WIDTH="14" VPOS="866" HPOS="431"/>
							<String ID="string_191" HPOS="445" VPOS="868" WIDTH="57" HEIGHT="20" WC="0.96" CONTENT="emot"/><SP WIDTH="15" VPOS="868" HPOS="502"/>
							<String ID="string_192" HPOS="517" VPOS="865" WIDTH="177" HEIGHT="22" WC="0.96" CONTENT="kristendomens"/><SP WIDTH="16" VPOS="865" HPOS="694"/>
							<String ID="string_193" HPOS="710" VPOS="866" WIDTH="78" HEIGHT="27" WC="0.96" CONTENT="högsta"/><SP WIDTH="16" VPOS="866" HPOS="788"/>
							<String ID="string_194" HPOS="804" VPOS="866" WIDTH="103" HEIGHT="29" WC="0.96" CONTENT="sanning,"/>
						</TextLine>
						<TextLine ID="line_21" HPOS="158" VPOS="900" WIDTH="750" HEIGHT="28">
							<String ID="string_195" HPOS="158" VPOS="904" WIDTH="36" HEIGHT="20" WC="0.96" CONTENT="det"/><SP WIDTH="23" VPOS="904" HPOS="194"/>
							<String ID="string_196" HPOS="217" VPOS="905" WIDTH="24" HEIGHT="19" WC="0.96" CONTENT="är"/><SP WIDTH="14" VPOS="905" HPOS="241"/>
							<String ID="string_197" HPOS="255" VPOS="901" WIDTH="80" HEIGHT="27" WC="0.72" CONTENT="hvarje"/><SP WIDTH="20" VPOS="901" HPOS="335"/>
							<String ID="string_198" HPOS="355" VPOS="901" WIDTH="83" HEIGHT="21" WC="0.93" CONTENT="kristen"/><SP WIDTH="16" VPOS="901" HPOS="438"/>
							<String ID="string_199" HPOS="454" VPOS="900" WIDTH="209" HEIGHT="22" WC="0.92" CONTENT="samhällsmedlems"/><SP WIDTH="16" VPOS="900" HPOS="663"/>
							<String ID="string_200" HPOS="679" VPOS="900" WIDTH="63" HEIGHT="28" WC="0.92" CONTENT="pligt,"/><SP WIDTH="16" VPOS="900" HPOS="742"/>
							<String ID="string_201" HPOS="758" VPOS="900" WIDTH="38" HEIGHT="22" WC="0.96" CONTENT="det"/><SP WIDTH="15" VPOS="900" HPOS="796"/>
							<String ID="string_202" HPOS="811" VPOS="903" WIDTH="24" HEIGHT="19" WC="0.93" CONTENT="är"/><SP WIDTH="10" VPOS="903" HPOS="835"/>
							<String ID="string_203" HPOS="845" VPOS="901" WIDTH="63" HEIGHT="21" WC="0.92" CONTENT="fram-"/>
						</TextLine>
						<TextLine ID="line_22" HPOS="154" VPOS="935" WIDTH="756" HEIGHT="31">
							<String ID="string_204" HPOS="154" VPOS="937" WIDTH="72" HEIGHT="21" WC="0.90" CONTENT="förallt"/><SP WIDTH="23" VPOS="937" HPOS="226"/>
							<String ID="string_205" HPOS="249" VPOS="935" WIDTH="39" HEIGHT="31" WC="0.89" CONTENT="vår"/><SP WIDTH="21" VPOS="935" HPOS="288"/>
							<String ID="string_206" HPOS="309" VPOS="936" WIDTH="64" HEIGHT="28" WC="0.89" CONTENT="pligt,"/><SP WIDTH="24" VPOS="936" HPOS="373"/>
							<String ID="string_207" HPOS="397" VPOS="942" WIDTH="46" HEIGHT="14" WC="0.96" CONTENT="som"/><SP WIDTH="22" VPOS="942" HPOS="443"/>
							<String ID="string_208" HPOS="465" VPOS="942" WIDTH="28" HEIGHT="14" WC="0.93" CONTENT="nu"/><SP WIDTH="23" VPOS="942" HPOS="493"/>
							<String ID="string_209" HPOS="516" VPOS="938" WIDTH="37" HEIGHT="18" WC="0.93" CONTENT="äro"/><SP WIDTH="22" VPOS="938" HPOS="553"/>
							<String ID="string_210" HPOS="575" VPOS="935" WIDTH="132" HEIGHT="27" WC="0.89" CONTENT="förpligtade"/><SP WIDTH="20" VPOS="935" HPOS="707"/>
							<String ID="string_211" HPOS="727" VPOS="937" WIDTH="31" HEIGHT="19" WC="0.96" CONTENT="att"/><SP WIDTH="19" VPOS="937" HPOS="758"/>
							<String ID="string_212" HPOS="777" VPOS="936" WIDTH="71" HEIGHT="21" WC="0.96" CONTENT="uttala"/><SP WIDTH="22" VPOS="936" HPOS="848"/>
							<String ID="string_213" HPOS="870" VPOS="936" WIDTH="40" HEIGHT="21" WC="0.95" CONTENT="vår"/>
						</TextLine>
						<TextLine ID="line_23" HPOS="158" VPOS="969" WIDTH="750" HEIGHT="29">
							<String ID="string_214" HPOS="158" VPOS="970" WIDTH="144" HEIGHT="28" WC="0.91" CONTENT="öfvertygelse"/><SP WIDTH="24" VPOS="970" HPOS="302"/>
							<String ID="string_215" HPOS="326" VPOS="970" WIDTH="112" HEIGHT="26" WC="0.96" CONTENT="angående"/><SP WIDTH="22" VPOS="970" HPOS="438"/>
							<String ID="string_216" HPOS="460" VPOS="970" WIDTH="47" HEIGHT="21" WC="0.95" CONTENT="vårt"/><SP WIDTH="19" VPOS="970" HPOS="507"/>
							<String ID="string_217" HPOS="526" VPOS="969" WIDTH="64" HEIGHT="22" WC="0.96" CONTENT="lands"/><SP WIDTH="15" VPOS="969" HPOS="590"/>
							<String ID="string_218" HPOS="605" VPOS="969" WIDTH="147" HEIGHT="28" WC="0.96" CONTENT="lagstiftning,"/><SP WIDTH="19" VPOS="969" HPOS="752"/>
							<String ID="string_219" HPOS="771" VPOS="977" WIDTH="49" HEIGHT="14" WC="0.96" CONTENT="men"/><SP WIDTH="16" VPOS="977" HPOS="820"/>
							<String ID="string_220" HPOS="836" VPOS="970" WIDTH="6" HEIGHT="21" WC="0.96" CONTENT="i"/><SP WIDTH="16" VPOS="970" HPOS="842"/>
							<String ID="string_221" HPOS="858" VPOS="970" WIDTH="50" HEIGHT="21" WC="0.96" CONTENT="hela"/>
						</TextLine>
						<TextLine ID="line_24" HPOS="156" VPOS="1004" WIDTH="752" HEIGHT="27">
							<String ID="string_222" HPOS="156" VPOS="1006" WIDTH="49" HEIGHT="20" WC="0.95" CONTENT="vårt"/><SP WIDTH="14" VPOS="1006" HPOS="205"/>
							<String ID="string_223" HPOS="219" VPOS="1004" WIDTH="28" HEIGHT="22" WC="0.88" CONTENT="lif"/><SP WIDTH="9" VPOS="1004" HPOS="247"/>
							<String ID="string_224" HPOS="256" VPOS="1004" WIDTH="92" HEIGHT="26" WC="0.88" CONTENT="ikallade"/><SP WIDTH="16" VPOS="1004" HPOS="348"/>
							<String ID="string_225" HPOS="364" VPOS="1006" WIDTH="32" HEIGHT="19" WC="0.96" CONTENT="att"/><SP WIDTH="15" VPOS="1006" HPOS="396"/>
							<String ID="string_226" HPOS="411" VPOS="1004" WIDTH="91" HEIGHT="26" WC="0.96" CONTENT="predika"/><SP WIDTH="16" VPOS="1004" HPOS="502"/>
							<String ID="string_227" HPOS="518" VPOS="1004" WIDTH="37" HEIGHT="20" WC="0.96" CONTENT="det"/><SP WIDTH="15" VPOS="1004" HPOS="555"/>
							<String ID="string_228" HPOS="570" VPOS="1004" WIDTH="46" HEIGHT="27" WC="0.96" CONTENT="ord,"/><SP WIDTH="16" VPOS="1004" HPOS="616"/>
							<String ID="string_229" HPOS="632" VPOS="1010" WIDTH="46" HEIGHT="15" WC="0.96" CONTENT="som"/><SP WIDTH="15" VPOS="1010" HPOS="678"/>
							<String ID="string_230" HPOS="693" VPOS="1004" WIDTH="34" HEIGHT="27" WC="0.87" CONTENT="lif,"/><SP WIDTH="17" VPOS="1004" HPOS="727"/>
							<String ID="string_231" HPOS="744" VPOS="1010" WIDTH="49" HEIGHT="15" WC="0.96" CONTENT="men"/><SP WIDTH="11" VPOS="1010" HPOS="793"/>
							<String ID="string_232" HPOS="804" VPOS="1004" WIDTH="49" HEIGHT="22" WC="0.96" CONTENT="icke"/><SP WIDTH="12" VPOS="1004" HPOS="853"/>
							<String ID="string_233" HPOS="865" VPOS="1004" WIDTH="43" HEIGHT="22" WC="0.96" CONTENT="död"/>
						</TextLine>
						<TextLine ID="line_25" HPOS="158" VPOS="1031" WIDTH="749" HEIGHT="34">
							<String ID="string_234" HPOS="158" VPOS="1031" WIDTH="124" HEIGHT="33" WC="0.86" CONTENT="förkunnår."/><SP WIDTH="32" VPOS="1031" HPOS="282"/>
							<String ID="string_235" HPOS="314" VPOS="1038" WIDTH="10" HEIGHT="20" WC="0.93" CONTENT="I"/><SP WIDTH="22" VPOS="1038" HPOS="324"/>
							<String ID="string_236" HPOS="346" VPOS="1038" WIDTH="61" HEIGHT="20" WC="0.96" CONTENT="detta"/><SP WIDTH="20" VPOS="1038" HPOS="407"/>
							<String ID="string_237" HPOS="427" VPOS="1038" WIDTH="57" HEIGHT="27" WC="0.96" CONTENT="syfte"/><SP WIDTH="18" VPOS="1038" HPOS="484"/>
							<String ID="string_238" HPOS="502" VPOS="1038" WIDTH="41" HEIGHT="20" WC="0.96" CONTENT="har"/><SP WIDTH="14" VPOS="1038" HPOS="543"/>
							<String ID="string_239" HPOS="557" VPOS="1037" WIDTH="42" HEIGHT="27" WC="0.96" CONTENT="jag"/><SP WIDTH="15" VPOS="1037" HPOS="599"/>
							<String ID="string_240" HPOS="614" VPOS="1039" WIDTH="68" HEIGHT="26" WC="0.96" CONTENT="yttrat"/><SP WIDTH="15" VPOS="1039" HPOS="682"/>
							<String ID="string_241" HPOS="697" VPOS="1038" WIDTH="45" HEIGHT="27" WC="0.96" CONTENT="mig"/><SP WIDTH="15" VPOS="1038" HPOS="742"/>
							<String ID="string_242" HPOS="757" VPOS="1038" WIDTH="60" HEIGHT="21" WC="0.92" CONTENT="öfver"/><SP WIDTH="15" VPOS="1038" HPOS="817"/>
							<String ID="string_243" HPOS="832" VPOS="1038" WIDTH="75" HEIGHT="22" WC="0.91" CONTENT="betän-"/>
						</TextLine>
						<TextLine ID="line_26" HPOS="158" VPOS="1072" WIDTH="750" HEIGHT="28">
							<String ID="string_244" HPOS="158" VPOS="1073" WIDTH="37" HEIGHT="21" WC="0.96" CONTENT="det"/><SP WIDTH="15" VPOS="1073" HPOS="195"/>
							<String ID="string_245" HPOS="210" VPOS="1072" WIDTH="40" HEIGHT="21" WC="0.96" CONTENT="och"/><SP WIDTH="16" VPOS="1072" HPOS="250"/>
							<String ID="string_246" HPOS="266" VPOS="1072" WIDTH="48" HEIGHT="21" WC="0.96" CONTENT="icke"/><SP WIDTH="16" VPOS="1072" HPOS="314"/>
							<String ID="string_247" HPOS="330" VPOS="1072" WIDTH="84" HEIGHT="20" WC="0.96" CONTENT="kunnat"/><SP WIDTH="14" VPOS="1072" HPOS="414"/>
							<String ID="string_248" HPOS="428" VPOS="1072" WIDTH="115" HEIGHT="21" WC="0.96" CONTENT="underlåta"/><SP WIDTH="15" VPOS="1072" HPOS="543"/>
							<String ID="string_249" HPOS="558" VPOS="1074" WIDTH="32" HEIGHT="19" WC="0.96" CONTENT="att"/><SP WIDTH="15" VPOS="1074" HPOS="590"/>
							<String ID="string_250" HPOS="605" VPOS="1072" WIDTH="29" HEIGHT="28" WC="0.96" CONTENT="på"/><SP WIDTH="15" VPOS="1072" HPOS="634"/>
							<String ID="string_251" HPOS="649" VPOS="1072" WIDTH="38" HEIGHT="21" WC="0.96" CONTENT="det"/><SP WIDTH="14" VPOS="1072" HPOS="687"/>
							<String ID="string_252" HPOS="701" VPOS="1072" WIDTH="79" HEIGHT="27" WC="0.96" CONTENT="högsta"/><SP WIDTH="15" VPOS="1072" HPOS="780"/>
							<String ID="string_253" HPOS="795" VPOS="1072" WIDTH="53" HEIGHT="28" WC="0.96" CONTENT="gilla"/><SP WIDTH="12" VPOS="1072" HPOS="848"/>
							<String ID="string_254" HPOS="860" VPOS="1072" WIDTH="48" HEIGHT="28" WC="0.96" CONTENT="just"/>
						</TextLine>
						<TextLine ID="line_27" HPOS="157" VPOS="1106" WIDTH="751" HEIGHT="28">
							<String ID="string_255" HPOS="157" VPOS="1106" WIDTH="269" HEIGHT="28" WC="0.92" CONTENT="förbättringselementets"/><SP WIDTH="16" VPOS="1106" HPOS="426"/>
							<String ID="string_256" HPOS="442" VPOS="1106" WIDTH="114" HEIGHT="21" WC="0.96" CONTENT="införande"/><SP WIDTH="16" VPOS="1106" HPOS="556"/>
							<String ID="string_257" HPOS="572" VPOS="1106" WIDTH="7" HEIGHT="20" WC="0.93" CONTENT="i"/><SP WIDTH="16" VPOS="1106" HPOS="579"/>
							<String ID="string_258" HPOS="595" VPOS="1106" WIDTH="264" HEIGHT="28" WC="0.90" CONTENT="straffbestämningarna,"/><SP WIDTH="16" VPOS="1106" HPOS="859"/>
							<String ID="string_259" HPOS="875" VPOS="1106" WIDTH="33" HEIGHT="22" WC="0.91" CONTENT="så-"/>
						</TextLine>
						<TextLine ID="line_28" HPOS="157" VPOS="1140" WIDTH="751" HEIGHT="29">
							<String ID="string_260" HPOS="157" VPOS="1148" WIDTH="46" HEIGHT="14" WC="0.96" CONTENT="som"/><SP WIDTH="15" VPOS="1148" HPOS="203"/>
							<String ID="string_261" HPOS="218" VPOS="1140" WIDTH="121" HEIGHT="29" WC="0.95" CONTENT="utgörande"/><SP WIDTH="12" VPOS="1140" HPOS="339"/>
							<String ID="string_262" HPOS="351" VPOS="1140" WIDTH="47" HEIGHT="27" WC="0.93" CONTENT="just"/><SP WIDTH="15" VPOS="1140" HPOS="398"/>
							<String ID="string_263" HPOS="413" VPOS="1140" WIDTH="150" HEIGHT="21" WC="0.91" CONTENT="bufvudsaken"/><SP WIDTH="16" VPOS="1140" HPOS="563"/>
							<String ID="string_264" HPOS="579" VPOS="1140" WIDTH="7" HEIGHT="21" WC="0.96" CONTENT="i"/><SP WIDTH="16" VPOS="1140" HPOS="586"/>
							<String ID="string_265" HPOS="602" VPOS="1140" WIDTH="42" HEIGHT="21" WC="0.96" CONTENT="den"/><SP WIDTH="15" VPOS="1140" HPOS="644"/>
							<String ID="string_266" HPOS="659" VPOS="1140" WIDTH="77" HEIGHT="22" WC="0.96" CONTENT="reform"/><SP WIDTH="16" VPOS="1140" HPOS="736"/>
							<String ID="string_267" HPOS="752" VPOS="1140" WIDTH="54" HEIGHT="22" WC="0.93" CONTENT="våra"/><SP WIDTH="10" VPOS="1140" HPOS="806"/>
							<String ID="string_268" HPOS="816" VPOS="1141" WIDTH="92" HEIGHT="21" WC="0.91" CONTENT="straffla-"/>
						</TextLine>
						<TextLine ID="line_29" HPOS="157" VPOS="1173" WIDTH="751" HEIGHT="32">
							<String ID="string_269" HPOS="157" VPOS="1182" WIDTH="39" HEIGHT="20" WC="0.96" CONTENT="gar"/><SP WIDTH="22" VPOS="1182" HPOS="196"/>
							<String ID="string_270" HPOS="218" VPOS="1173" WIDTH="41" HEIGHT="32" WC="0.81" CONTENT="för!"/><SP WIDTH="13" VPOS="1173" HPOS="259"/>
							<String ID="string_271" HPOS="272" VPOS="1174" WIDTH="60" HEIGHT="21" WC="0.86" CONTENT="tiden"/><SP WIDTH="22" VPOS="1174" HPOS="332"/>
							<String ID="string_272" HPOS="354" VPOS="1174" WIDTH="97" HEIGHT="27" WC="0.93" CONTENT="påkalla."/><SP WIDTH="30" VPOS="1174" HPOS="451"/>
							<String ID="string_273" HPOS="481" VPOS="1174" WIDTH="49" HEIGHT="22" WC="0.96" CONTENT="Men"/><SP WIDTH="15" VPOS="1174" HPOS="530"/>
							<String ID="string_274" HPOS="545" VPOS="1174" WIDTH="42" HEIGHT="28" WC="0.96" CONTENT="jag"/><SP WIDTH="20" VPOS="1174" HPOS="587"/>
							<String ID="string_275" HPOS="607" VPOS="1174" WIDTH="35" HEIGHT="21" WC="0.96" CONTENT="må"/><SP WIDTH="19" VPOS="1174" HPOS="642"/>
							<String ID="string_276" HPOS="661" VPOS="1174" WIDTH="20" HEIGHT="28" WC="0.96" CONTENT="ej"/><SP WIDTH="20" VPOS="1174" HPOS="681"/>
							<String ID="string_277" HPOS="701" VPOS="1174" WIDTH="75" HEIGHT="27" WC="0.96" CONTENT="längre"/><SP WIDTH="14" VPOS="1174" HPOS="776"/>
							<String ID="string_278" HPOS="790" VPOS="1174" WIDTH="118" HEIGHT="28" WC="0.96" CONTENT="uppehålla"/>
						</TextLine>
						<TextLine ID="line_30" HPOS="158" VPOS="1206" WIDTH="750" HEIGHT="30">
							<String ID="string_279" HPOS="158" VPOS="1206" WIDTH="164" HEIGHT="27" WC="0.12" CONTENT="diskussionens"/><SP WIDTH="15" VPOS="1206" HPOS="322"/>
							<String ID="string_280" HPOS="337" VPOS="1208" WIDTH="65" HEIGHT="27" WC="0.95" CONTENT="gång."/><SP WIDTH="30" VPOS="1208" HPOS="402"/>
							<String ID="string_281" HPOS="432" VPOS="1208" WIDTH="63" HEIGHT="21" WC="0.63" CONTENT="Hvad"/><SP WIDTH="15" VPOS="1208" HPOS="495"/>
							<String ID="string_282" HPOS="510" VPOS="1208" WIDTH="25" HEIGHT="21" WC="0.96" CONTENT="af"/><SP WIDTH="12" VPOS="1208" HPOS="535"/>
							<String ID="string_283" HPOS="547" VPOS="1208" WIDTH="109" HEIGHT="28" WC="0.96" CONTENT="professor"/><SP WIDTH="16" VPOS="1208" HPOS="656"/>
							<String ID="string_284" HPOS="672" VPOS="1208" WIDTH="123" HEIGHT="21" WC="0.96" CONTENT="Schauman"/><SP WIDTH="10" VPOS="1208" HPOS="795"/>
							<String ID="string_285" HPOS="805" VPOS="1209" WIDTH="8" HEIGHT="20" WC="0.96" CONTENT="i"/><SP WIDTH="11" VPOS="1209" HPOS="813"/>
							<String ID="string_286" HPOS="824" VPOS="1215" WIDTH="84" HEIGHT="15" WC="0.96" CONTENT="samma"/>
						</TextLine>
						<TextLine ID="line_31" HPOS="157" VPOS="1242" WIDTH="750" HEIGHT="29">
							<String ID="string_287" HPOS="157" VPOS="1242" WIDTH="57" HEIGHT="28" WC="0.93" CONTENT="syfte"/><SP WIDTH="15" VPOS="1242" HPOS="214"/>
							<String ID="string_288" HPOS="229" VPOS="1242" WIDTH="71" HEIGHT="29" WC="0.93" CONTENT="blifvit"/><SP WIDTH="16" VPOS="1242" HPOS="300"/>
							<String ID="string_289" HPOS="316" VPOS="1242" WIDTH="86" HEIGHT="21" WC="0.89" CONTENT="anfördt"/><SP WIDTH="14" VPOS="1242" HPOS="402"/>
							<String ID="string_290" HPOS="416" VPOS="1242" WIDTH="53" HEIGHT="28" WC="0.96" CONTENT="står,"/><SP WIDTH="16" VPOS="1242" HPOS="469"/>
							<String ID="string_291" HPOS="485" VPOS="1242" WIDTH="47" HEIGHT="21" WC="0.96" CONTENT="lika"/><SP WIDTH="13" VPOS="1242" HPOS="532"/>
							<String ID="string_292" HPOS="545" VPOS="1242" WIDTH="50" HEIGHT="21" WC="0.96" CONTENT="med"/><SP WIDTH="16" VPOS="1242" HPOS="595"/>
							<String ID="string_293" HPOS="611" VPOS="1242" WIDTH="36" HEIGHT="22" WC="0.96" CONTENT="det"/><SP WIDTH="8" VPOS="1242" HPOS="647"/>
							<String ID="string_294" HPOS="655" VPOS="1238" WIDTH="54" HEIGHT="37" WC="0.96" CONTENT="lilla"/><SP WIDTH="11" VPOS="1238" HPOS="709"/>
							<String ID="string_295" HPOS="720" VPOS="1242" WIDTH="37" HEIGHT="28" WC="0.93" CONTENT="jag"/><SP WIDTH="10" VPOS="1242" HPOS="757"/>
							<String ID="string_296" HPOS="767" VPOS="1242" WIDTH="140" HEIGHT="22" WC="0.81" CONTENT="härförinnan"/>
						</TextLine>
						<TextLine ID="line_32" HPOS="156" VPOS="1276" WIDTH="757" HEIGHT="29">
							<String ID="string_297" HPOS="156" VPOS="1276" WIDTH="46" HEIGHT="22" WC="0.96" CONTENT="haft"/><SP WIDTH="15" VPOS="1276" HPOS="202"/>
							<String ID="string_298" HPOS="217" VPOS="1278" WIDTH="53" HEIGHT="21" WC="0.92" CONTENT="äran"/><SP WIDTH="16" VPOS="1278" HPOS="270"/>
							<String ID="string_299" HPOS="286" VPOS="1278" WIDTH="32" HEIGHT="19" WC="0.93" CONTENT="att"/><SP WIDTH="16" VPOS="1278" HPOS="318"/>
							<String ID="string_300" HPOS="334" VPOS="1276" WIDTH="106" HEIGHT="28" WC="0.90" CONTENT="andraga,"/><SP WIDTH="16" VPOS="1276" HPOS="440"/>
							<String ID="string_301" HPOS="456" VPOS="1277" WIDTH="39" HEIGHT="21" WC="0.96" CONTENT="allt"/><SP WIDTH="16" VPOS="1277" HPOS="495"/>
							<String ID="string_302" HPOS="511" VPOS="1279" WIDTH="57" HEIGHT="19" WC="0.93" CONTENT="ännu"/><SP WIDTH="11" VPOS="1279" HPOS="568"/>
							<String ID="string_303" HPOS="579" VPOS="1276" WIDTH="151" HEIGHT="29" WC="0.90" CONTENT="fullkomligen"/><SP WIDTH="13" VPOS="1276" HPOS="730"/>
							<String ID="string_304" HPOS="743" VPOS="1277" WIDTH="134" HEIGHT="28" WC="0.71" CONTENT="ovederlagdt"/><SP WIDTH="11" VPOS="1277" HPOS="877"/>
							<String ID="string_305" HPOS="888" VPOS="1277" WIDTH="25" HEIGHT="22" WC="0.97" CONTENT="af"/>
						</TextLine>
						<TextLine ID="line_33" HPOS="157" VPOS="1310" WIDTH="536" HEIGHT="30">
							<String ID="string_306" HPOS="157" VPOS="1310" WIDTH="156" HEIGHT="30" WC="0.59" CONTENT="dodsstraffens"/><SP WIDTH="16" VPOS="1310" HPOS="313"/>
							<String ID="string_307" HPOS="329" VPOS="1310" WIDTH="118" HEIGHT="21" WC="0.75" CONTENT="förfäktare"/><SP WIDTH="16" VPOS="1310" HPOS="447"/>
							<String ID="string_308" HPOS="463" VPOS="1311" WIDTH="7" HEIGHT="20" WC="0.96" CONTENT="i"/><SP WIDTH="16" VPOS="1311" HPOS="470"/>
							<String ID="string_309" HPOS="486" VPOS="1311" WIDTH="60" HEIGHT="21" WC="0.93" CONTENT="detta"/><SP WIDTH="15" VPOS="1311" HPOS="546"/>
							<String ID="string_310" HPOS="561" VPOS="1310" WIDTH="48" HEIGHT="22" WC="0.96" CONTENT="vårt"/><SP WIDTH="14" VPOS="1310" HPOS="609"/>
							<String ID="string_311" HPOS="623" VPOS="1310" WIDTH="70" HEIGHT="22" WC="0.96" CONTENT="stånd."/>
						</TextLine>
						<TextLine ID="line_34" HPOS="225" VPOS="1343" WIDTH="683" HEIGHT="27">
							<String ID="string_312" HPOS="225" VPOS="1343" WIDTH="208" HEIGHT="27" WC="0.18" CONTENT="Kopntraktsprosten"/><SP WIDTH="19" VPOS="1343" HPOS="433"/>
							<String ID="string_313" HPOS="452" VPOS="1343" WIDTH="111" HEIGHT="21" WC="0.91" CONTENT="Hellön:"/><SP WIDTH="19" VPOS="1343" HPOS="563"/>
							<String ID="string_314" HPOS="582" VPOS="1343" WIDTH="44" HEIGHT="27" WC="0.96" CONTENT="Jag"/><SP WIDTH="15" VPOS="1343" HPOS="626"/>
							<String ID="string_315" HPOS="641" VPOS="1343" WIDTH="39" HEIGHT="21" WC="0.93" CONTENT="har"/><SP WIDTH="15" VPOS="1343" HPOS="680"/>
							<String ID="string_316" HPOS="695" VPOS="1344" WIDTH="76" HEIGHT="26" WC="0.96" CONTENT="begärt"/><SP WIDTH="16" VPOS="1344" HPOS="771"/>
							<String ID="string_317" HPOS="787" VPOS="1343" WIDTH="72" HEIGHT="27" WC="0.95" CONTENT="ordet,"/><SP WIDTH="16" VPOS="1343" HPOS="859"/>
							<String ID="string_318" HPOS="875" VPOS="1343" WIDTH="33" HEIGHT="22" WC="0.96" CONTENT="för"/>
						</TextLine>
						<TextLine ID="line_35" HPOS="158" VPOS="1371" WIDTH="749" HEIGHT="34">
							<String ID="string_319" HPOS="158" VPOS="1378" WIDTH="31" HEIGHT="19" WC="0.94" CONTENT="att"/><SP WIDTH="15" VPOS="1378" HPOS="189"/>
							<String ID="string_320" HPOS="204" VPOS="1377" WIDTH="7" HEIGHT="20" WC="0.93" CONTENT="i"/><SP WIDTH="16" VPOS="1377" HPOS="211"/>
							<String ID="string_321" HPOS="227" VPOS="1371" WIDTH="85" HEIGHT="27" WC="0.96" CONTENT="korthet"/><SP WIDTH="17" VPOS="1371" HPOS="312"/>
							<String ID="string_322" HPOS="329" VPOS="1377" WIDTH="85" HEIGHT="21" WC="0.96" CONTENT="bemöta"/><SP WIDTH="12" VPOS="1377" HPOS="414"/>
							<String ID="string_323" HPOS="426" VPOS="1377" WIDTH="67" HEIGHT="27" WC="0.96" CONTENT="några"/><SP WIDTH="11" VPOS="1377" HPOS="493"/>
							<String ID="string_324" HPOS="504" VPOS="1376" WIDTH="61" HEIGHT="22" WC="0.96" CONTENT="delar"/><SP WIDTH="11" VPOS="1376" HPOS="565"/>
							<String ID="string_325" HPOS="576" VPOS="1377" WIDTH="25" HEIGHT="21" WC="0.93" CONTENT="af"/><SP WIDTH="7" VPOS="1377" HPOS="601"/>
							<String ID="string_326" HPOS="608" VPOS="1379" WIDTH="87" HEIGHT="26" WC="0.96" CONTENT="prosten"/><SP WIDTH="12" VPOS="1379" HPOS="695"/>
							<String ID="string_327" HPOS="707" VPOS="1377" WIDTH="70" HEIGHT="22" WC="0.96" CONTENT="Julius"/><SP WIDTH="10" VPOS="1377" HPOS="777"/>
							<String ID="string_328" HPOS="787" VPOS="1377" WIDTH="120" HEIGHT="22" WC="0.94" CONTENT="Immanuel"/>
						</TextLine>
						<TextLine ID="line_36" HPOS="153" VPOS="1411" WIDTH="755" HEIGHT="28">
							<String ID="string_329" HPOS="153" VPOS="1411" WIDTH="84" HEIGHT="27" WC="0.93" CONTENT="Berghs"/><SP WIDTH="23" VPOS="1411" HPOS="237"/>
							<String ID="string_330" HPOS="260" VPOS="1412" WIDTH="87" HEIGHT="23" WC="0.62" CONTENT="fenaste"/><SP WIDTH="18" VPOS="1412" HPOS="347"/>
							<String ID="string_331" HPOS="365" VPOS="1411" WIDTH="110" HEIGHT="28" WC="0.96" CONTENT="yttrande."/><SP WIDTH="31" VPOS="1411" HPOS="475"/>
							<String ID="string_332" HPOS="506" VPOS="1411" WIDTH="90" HEIGHT="22" WC="0.86" CONTENT="Prosten"/><SP WIDTH="18" VPOS="1411" HPOS="596"/>
							<String ID="string_333" HPOS="614" VPOS="1411" WIDTH="39" HEIGHT="22" WC="0.93" CONTENT="har"/><SP WIDTH="20" VPOS="1411" HPOS="653"/>
							<String ID="string_334" HPOS="673" VPOS="1414" WIDTH="50" HEIGHT="25" WC="0.96" CONTENT="sagt"/><SP WIDTH="16" VPOS="1414" HPOS="723"/>
							<String ID="string_335" HPOS="739" VPOS="1414" WIDTH="31" HEIGHT="19" WC="0.96" CONTENT="att"/><SP WIDTH="14" VPOS="1414" HPOS="770"/>
							<String ID="string_336" HPOS="784" VPOS="1412" WIDTH="69" HEIGHT="22" WC="0.93" CONTENT="Kristi"/><SP WIDTH="13" VPOS="1412" HPOS="853"/>
							<String ID="string_337" HPOS="866" VPOS="1411" WIDTH="42" HEIGHT="23" WC="0.92" CONTENT="för-"/>
						</TextLine>
						<TextLine ID="line_37" HPOS="157" VPOS="1445" WIDTH="752" HEIGHT="33">
							<String ID="string_338" HPOS="157" VPOS="1445" WIDTH="78" HEIGHT="28" WC="0.92" CONTENT="soning"/><SP WIDTH="19" VPOS="1445" HPOS="235"/>
							<String ID="string_339" HPOS="254" VPOS="1445" WIDTH="50" HEIGHT="22" WC="0.96" CONTENT="icke"/><SP WIDTH="20" VPOS="1445" HPOS="304"/>
							<String ID="string_340" HPOS="324" VPOS="1452" WIDTH="50" HEIGHT="15" WC="0.96" CONTENT="vore"/><SP WIDTH="22" VPOS="1452" HPOS="374"/>
							<String ID="string_341" HPOS="396" VPOS="1445" WIDTH="115" HEIGHT="33" WC="0.96" CONTENT="tillämplig"/><SP WIDTH="18" VPOS="1445" HPOS="511"/>
							<String ID="string_342" HPOS="529" VPOS="1446" WIDTH="58" HEIGHT="29" WC="0.92" CONTENT="uppå"/><SP WIDTH="18" VPOS="1446" HPOS="587"/>
							<String ID="string_343" HPOS="605" VPOS="1446" WIDTH="170" HEIGHT="29" WC="0.82" CONTENT="förbrytelserna"/><SP WIDTH="18" VPOS="1446" HPOS="775"/>
							<String ID="string_344" HPOS="793" VPOS="1449" WIDTH="44" HEIGHT="21" WC="0.92" CONTENT="mot"/><SP WIDTH="17" VPOS="1449" HPOS="837"/>
							<String ID="string_345" HPOS="854" VPOS="1453" WIDTH="55" HEIGHT="19" WC="0.92" CONTENT="sam-"/>
						</TextLine>
					</TextBlock>
				</ComposedBlock>
				<GraphicalElement ID="cblock_2" HPOS="984" VPOS="0" WIDTH="5" HEIGHT="524"></GraphicalElement >
			</PrintSpace>
		</Page>
	</Layout>
</alto>
