992 1792
179 137 40 20 752

149 201 53 22 fullo
225 200 103 30 skyddad
350 200 137 29 derigenom,
512 202 31 20 att
564 200 44 22 alla
622 200 100 22 bankens
738 200 121 23 direktörer
874 201 29 29 pä

149 235 210 28 bankfullmäktiges
375 235 84 27 förslag
473 236 87 21 komme
574 237 32 19 att
621 235 111 22 tillsättas.

217 270 210 28 Kontraktsprosten
442 270 95 22 Hellön
552 269 96 29 yttrade:
664 271 67 21 Detta
744 272 95 20 moment
850 270 51 22 lem-

149 312 40 14 nar
203 305 238 28 finansexpeditionens
457 304 51 22 chef
521 304 42 22 den
578 304 105 28 rättighet
698 304 43 22 han
755 305 46 21 haft
812 306 41 20 och
863 305 40 22 bör

149 340 66 21 hafva
225 340 8 21 i
245 340 103 21 afseende
359 340 14 20 ä
383 339 161 27 förvaltningen
555 338 24 22 af
587 340 83 21 statens
681 338 85 29 fonder;
776 346 49 15 men
834 340 29 21 dä
870 347 33 15 re-

149 374 105 28 geringen
270 374 94 27 erbjudit
379 374 119 21 ständerna
514 375 32 20 att
562 372 112 28 ofvertaga
690 374 109 27 primitiva
813 374 40 22 och
864 374 38 28 hy-

149 408 195 28 poteksfonderna,
360 408 40 22 har
415 408 105 22 utskottet
536 408 19 28 ej
571 407 84 22 kunnat
668 415 122 21 supponera
801 411 32 19 att
845 411 57 19 stän-

150 444 67 20 derna
237 443 7 21 i
265 442 104 22 afseende
390 443 13 21 &
424 443 65 21 dessa
508 442 77 22 fonder
605 442 79 22 önskat
704 450 26 14 en
745 443 97 22 blandad
859 446 43 26 sty-

150 478 62 22 relse.
242 478 59 22 Anse
324 478 118 22 ständerna
465 477 121 22 emellertid
609 479 32 20 att
663 478 141 28 regeringens
823 479 80 21 ombud

149 513 39 21 bör
210 512 67 22 hafva
299 515 48 19 säte
369 513 40 21 och
433 515 93 19 stämma
544 512 7 21 i
570 512 212 23 bankodirektionen
795 514 107 28 jemväl
890 508 15 38 i

149 547 72 27 frågor
241 547 114 27 angående
375 546 135 22 sistnämnde
526 546 82 27 fonder,
624 547 39 21 bör
679 547 49 22 hela
744 547 105 29 förslaget
865 555 36 15 un-

150 581 67 27 dergå
233 588 27 15 en
276 582 185 27 genomgripande
477 581 133 27 förändring.

217 616 92 21 Prosten
324 616 27 21 H.
366 616 103 21 Heikel
485 616 125 27 anmärkte,
626 618 32 19 att
673 616 51 22 hela
738 617 164 27 propositionen

150 650 63 27 afsäg
228 652 32 19 att
276 650 66 27 skilja
357 650 128 28 regeringen
501 650 48 21 från
565 650 29 21 all
609 650 123 28 befattning
747 652 50 21 med
813 652 40 22 och
864 659 37 15 an-

149 684 111 27 svarighet
275 684 33 22 för
318 684 109 27 primitiva
438 686 56 20 samt
504 684 221 29 hypoteksfonderna,
738 686 40 22 och
789 688 32 20 att
831 686 8 21 i
850 687 52 21 Sve-

148 718 47 27 rige
210 718 198 28 bankfullmäktige
423 719 70 21 under
507 719 52 27 inga
572 718 71 22 vilkor
657 719 57 28 finge
726 722 110 26 emottaga
847 720 54 22 före-

150 752 87 22 skrifter
258 752 25 22 af
298 753 71 27 någon
385 754 141 27 regeringens
541 753 131 28 tjensteman
688 754 7 22 i
711 755 103 22 afseende
831 756 13 21 å
859 756 42 21 till-

149 794 69 20 synen
234 787 60 21 öfver
309 788 94 21 banken.

217 822 32 21 Pä
271 822 54 21 härä
347 822 25 21 af
391 822 48 22 herr
459 823 140 21 talemannen
619 823 122 22 framställd
756 825 143 29 proposition,

149 856 129 27 godkändes
293 857 12 20 8
321 864 63 14 mom.
400 857 50 21 med
466 857 111 22 obestridd
593 858 117 28 pluralitet.

216 890 35 21 Då
267 889 88 22 ståndet
369 897 30 15 nu
415 891 111 28 öfvergick
542 892 32 21 till
590 893 136 28 granskning
741 893 25 22 af
774 893 26 22 de
812 895 49 21 utaf
869 897 31 20 ut-

149 925 82 22 skottet
251 924 125 27 föreslagna
394 924 152 29 förändringar
566 926 24 21 af
601 927 110 22 särskilda
727 928 103 27 gällande
845 929 55 22 förc-

149 959 87 22 skrifter
251 959 94 22 rörande
360 960 93 28 banken,
469 961 125 22 anmärktes
605 961 135 23 beträffande
751 970 63 15 mom.
827 965 11 20 1
850 971 49 21 pag.

149 995 27 20 20
192 994 23 21 af

216 1029 127 21 Professorn
360 1029 118 28 Geitlin,
494 1032 32 20 att
542 1031 28 21 dä
587 1031 105 22 utskottet
707 1032 7 21 i
726 1032 44 22 alla
782 1033 69 28 öfriga
861 1033 39 23 fall

148 1063 133 29 Ofverflyttat
301 1063 26 22 de
346 1063 8 21 i
372 1065 95 21 nämnda
487 1065 126 22 hänseende
629 1068 102 21 senatens
748 1067 151 24 ekonomiede-

148 1099 122 27 partement
285 1098 164 23 tillkommande
465 1099 129 28 rättigheter
609 1100 40 22 och
664 1101 132 28 äligganden
807 1103 13 21 &
831 1103 68 22 bank-

147 1133 146 28 fullmäktige,
311 1132 36 22 det
363 1134 36 21 väl
415 1133 62 23 äfven
493 1135 67 22 borde
576 1135 50 22 bero
642 1136 28 27 pä
682 1135 26 22 de
720 1137 137 23 sistnämnda
867 1141 33 20 att

147 1168 121 21 bestämma
285 1167 36 22 det
337 1168 75 28 värde,
429 1169 87 22 hvartill
531 1170 161 23 räntebärande
708 1172 145 27 obligationer
863 1174 36 21 mä

148 1202 71 21 säsom
235 1201 96 29 hypotek
347 1202 32 22 för
395 1203 36 20 län
447 1205 99 26 antagas.

214 1237 92 21 Prosten
321 1237 27 21 H.
364 1237 102 22 Heikel
481 1239 52 21 ville
548 1239 8 21 i
572 1239 118 28 anledning
705 1240 65 22 häraf
782 1241 57 23 fästa
850 1249 47 21 pro-

146 1271 95 22 fessorns
257 1271 193 28 uppmärksamhet
466 1272 76 29 derpä,
557 1276 31 19 att
604 1273 72 22 denna
691 1275 61 28 fråga
767 1277 74 26 gällde
856 1277 42 22 för-

146 1305 127 28 valtningen
289 1305 32 28 af,
337 1312 49 15 men
403 1306 18 27 cj
438 1306 114 23 inseendet
568 1307 60 22 öfver
642 1309 96 29 banken,
755 1310 84 22 hvilket
849 1312 48 21 sist-

145 1339 96 20 nämnda
257 1339 78 20 endast
350 1340 64 26 äläge
429 1340 204 28 bankfullmäktige.

215 1372 92 21 Ständet
324 1373 117 26 godkände
455 1374 62 29 härä,
533 1375 29 28 pä
578 1375 24 21 af
614 1375 49 22 herr
678 1377 140 23 talemannen
833 1378 64 23 fram-

145 1406 66 22 ställd
233 1406 146 28 proposition,
403 1409 11 20 1
438 1415 63 16 mom.
524 1416 50 22 pag.
599 1411 27 20 20
648 1411 50 22 med
718 1412 112 23 obestridd
850 1415 45 27 plu-

144 1441 79 21 ralitet.
