1700 1945
532 229 41 20 648

504 293 30 22 Så
548 294 23 19 at
585 291 67 28 ingen
667 291 98 20 Embets-
782 289 53 22 eller
849 288 158 26 Tienste-Man,
1023 287 25 21 så
1064 286 24 21 af
1100 286 95 22 Militair-
1209 291 45 16 som

506 326 63 22 Civil-
586 325 41 22 och
642 323 268 28 Ecclesiastigve-Staten,
926 321 39 28 får,
981 323 52 20 utan
1046 322 64 26 Laga
1119 320 137 27 ransakning

505 361 40 22 och
560 361 55 21 Dom
632 359 37 22 vid
683 358 92 27 behörig
789 357 108 28 Domstol,
913 357 47 21 från
975 356 100 21 Embetet
1089 355 53 22 eller
1152 355 104 22 Tiensten

506 395 103 27 afsättas;
632 394 45 21 The
693 393 31 22 uti
739 392 223 28 Regerings-Formen
977 391 90 21 särskilt
1081 390 109 27 stadgade
1204 390 52 21 För-

506 429 207 26 troende-Tienster,
736 427 153 27 Bestäloingar
912 425 39 22 och
975 425 167 22 Commissioner
1162 423 95 22 härifrån

508 463 150 26 undantagne;
674 456 69 27 Äfven
759 468 45 14 som
820 461 50 21 med
885 459 172 29 Upbörds-Mäns
1073 459 91 21 tienster
1178 458 79 22 förhål-

506 497 33 22 les
554 496 54 21 efter
623 495 59 21 hvad
696 495 104 21 särskildt
816 493 126 22 förordnadt
957 495 43 19 är."

575 530 44 28 3:0)
643 529 156 22 stadfästelsen
821 529 28 27 på
871 528 119 26 förenings-
1013 527 41 21 och
1075 527 183 22 säkerhetsakten

508 565 42 21 den
573 565 25 20 21
622 563 95 22 februari
740 563 40 22 och
800 564 12 20 3
833 563 55 28 april
908 562 60 27 1789,
985 568 45 15 som
1046 561 7 21 i
1069 563 73 20 ämnet
1158 561 100 27 stadgar:

510 616 8 9 ,
522 599 90 21 Thenne
628 597 133 22 föreskrefne
777 597 40 21 och
834 596 179 27 Säkerhets-Act,
1035 596 48 21 vele
1103 595 44 28 Wi,
1168 595 33 21 för
1218 595 41 22 Oss

508 633 40 21 och
570 633 65 20 Wäre
657 631 148 22 Efterträdare
826 632 28 27 pä
875 631 100 22 Svenska
991 630 82 27 Thron,
1090 632 81 29 antaga
1187 630 72 21 säsom

509 674 27 15 en
550 666 101 29 orygglig
665 665 39 22 och
720 665 147 28 oföränderlig
883 665 121 27 Grundlag,
1020 665 65 21 hvars
1097 664 163 27 bokstafveliga

508 701 97 22 innehåll
628 701 58 21 'skall
707 700 133 25 efterlefvas,
863 702 52 19 utan
936 699 100 28 ändring,
1060 699 127 28 förtydning
1207 699 53 21 eller

509 736 118 27 rubbning:
655 735 46 22 Och
721 734 66 28 bjude
807 734 39 22 och
861 734 80 22 befalle
956 733 89 22 härmed
1060 733 8 21 i
1082 733 81 28 Näder,
1180 734 22 20 at
1218 733 43 22 alle

510 770 46 28 the,
572 777 45 14 som
634 769 42 22 Oss
691 769 40 22 och
741 769 65 21 Wäre
817 768 157 28 Efterträdare,
987 770 56 19 samt
1053 768 74 28 Riket,
1140 767 48 22 med
1200 767 60 22 huld-

510 804 46 28 het,
573 804 66 27 lydno
656 803 39 22 och
711 803 124 22 hörsamhet
851 803 119 22 förbundne
987 805 47 25 äro;
1045 803 64 22 skola
1120 802 80 21 thenne
1211 803 50 21 För-

511 838 86 27 enings-
613 838 40 21 och
669 837 170 22 Säkerhets-Act
851 837 105 28 erkänna,
968 837 7 21 i
986 837 101 28 akttaga,
1099 837 41 21 och
1150 837 48 21 thes
1209 837 53 21 bok-

512 872 116 27 stafveliga
643 872 96 21 innehäll
755 872 112 21 efterlefva
883 872 40 21 och
939 871 129 22 hörsamma.
1098 871 102 22 Börande
1216 871 46 22 här-

511 907 37 21 vid
563 907 98 26 märkas,
679 908 22 19 at
717 906 44 21 alla
775 906 95 21 Domare
885 906 8 21 i
908 906 66 27 högre
991 906 40 21 och
1042 906 60 27 lägre
1113 906 81 28 Rätter,
1207 908 56 19 samt

512 941 45 21 alla
577 941 83 21 mindre
680 940 151 29 Embetsmän,
855 947 45 15 som
921 940 19 28 ej
961 940 118 22 innehafva
1094 941 106 21 Tromans
1216 942 46 19 vär-

512 974 85 28 dighet,
614 975 53 21 eller
682 976 53 26 taga
751 974 36 21 del
805 974 3 20 i
823 974 230 27 Landt-Regeringen,
1066 974 49 21 icke
1126 974 73 28 skola,
1211 976 51 19 utan

511 1010 63 26 Laga
589 1008 135 28 ransakning
739 1008 40 22 och
795 1008 64 26 Dom,
876 1009 68 27 enligt
959 1009 56 27 Lag-
1031 1008 40 22 och
1087 1008 175 29 Krigs-Articlar,

512 1043 47 23 sine
575 1044 106 21 Embeten
696 1043 113 27 förlustige
825 1043 88 21 varda.*

581 1078 71 21 Dessa
668 1077 137 27 stadganden
820 1077 120 28 innehälla,
957 1078 72 20 säsom
1044 1078 21 21 vi
1081 1078 43 21 alle
1139 1078 57 28 hört,
1214 1078 50 21 med

513 1112 60 21 vissa
588 1112 113 26 undantag
715 1112 8 20 i
734 1111 103 21 afseende
849 1112 12 20 å
873 1111 113 22 såkallade
998 1114 83 19 tromän
1093 1112 39 21 och
1144 1112 120 28 uppbörds-

513 1148 59 25 män,
593 1146 110 27 allvarligt
718 1146 77 21 förbud
811 1148 43 19 mot
869 1146 143 28 tjenstemäns
1028 1146 110 28 skiljande
1154 1146 48 22 frän
1217 1146 48 22 sina

512 1180 149 27 befattningar
676 1182 52 20 utan
738 1180 134 28 föregängen
883 1180 136 28 ransakning
1029 1181 40 21 och
1081 1180 58 29 dom;
1152 1181 39 21 och
1202 1181 66 21 häraf

514 1214 66 22 borde
598 1214 32 22 väl
648 1214 91 22 solklart
755 1214 38 22 och
810 1215 100 27 ostridigt
925 1214 53 28 följa
995 1216 38 26 att,
1050 1215 7 21 i
1072 1215 106 21 händelse
1194 1215 70 22 förän-

514 1248 67 22 drade
603 1248 152 22 förhällanden
775 1249 7 21 i
803 1248 216 28 statsförvaltningen
1038 1250 132 27 nägongäng
1188 1250 76 27 päkal-

513 1283 33 21 lar
561 1282 132 28 indragning
709 1283 24 21 af
746 1283 99 21 embeten
861 1283 39 21 och
915 1283 96 27 tjenster,
1022 1282 170 23 innehafvarene
1204 1284 64 21 deraf

514 1317 70 21 mäste
603 1316 33 22 för
655 1317 34 21 sin
709 1317 68 21 lifstid
793 1318 53 20 eller
859 1317 108 22 intilldess
983 1317 27 21 de
1025 1318 30 27 pä
1070 1324 55 21 egen
1141 1318 124 26 ansökning

514 1351 87 21 erhällit
615 1350 69 22 andra
697 1351 153 21 motsvarande
866 1352 97 27 tjenster,
979 1351 113 22 betraktas
1107 1352 73 21 säsom
1192 1358 34 15 om
1238 1352 27 20 de

512 1386 45 20 icke
579 1384 72 22 blifvit
672 1385 48 21 från
743 1386 48 21 sina
812 1385 147 27 befattningar
979 1385 89 27 skiljde,
1085 1386 20 20 d.
1120 1393 20 13 v.
1156 1392 17 15 s.
1190 1388 32 18 att
1238 1386 26 20 de

514 1418 53 20 böra
590 1418 102 27 uppföras
712 1420 13 19 &
745 1419 101 21 säkallad
865 1420 188 25 indragningsstat
1071 1419 50 21 med
1137 1418 128 28 åtnjutande

513 1450 25 21 af
556 1451 47 21 sina
624 1452 58 20 förra
701 1452 159 21 löneförmäner
878 1455 53 18 utan
945 1452 76 27 hvarje
1038 1452 112 27 undantag
1166 1452 53 21 eller
1234 1453 31 20 in-

514 1484 145 29 skränkning;
675 1488 24 26 ty
715 1485 26 22 de
755 1485 65 23 hafva
835 1486 49 21 icke
901 1485 54 23 efter
965 1487 136 27 ransakning
1111 1486 40 22 och
1163 1487 49 22 dom
1222 1487 43 21 för-

513 1519 78 23 verkat
609 1520 47 22 sina
669 1519 154 29 befattningar,
841 1520 79 23 hvaraf
933 1520 56 23 dock
1005 1521 64 22 deras
1084 1521 91 30 välfärd
1190 1524 24 20 är
1229 1521 36 23 be-
