989 1823
173 139 41 23 384

213 207 12 25 8
246 204 26 23 27
291 205 49 22 med
359 201 71 26 dertill
448 206 7 21 i
473 205 116 22 utskottets
608 203 140 24 betänkande
763 201 124 32 föreslagna

145 240 77 27 tillägg
247 239 128 28 godkändes
399 239 107 23 likaledes
529 240 58 28 uppå
611 240 120 23 framställd
754 239 132 29 proposition

146 270 110 36 enhälligt.
866 290 14 20 N

212 309 11 20 I
237 308 62 28 fråga
315 315 33 14 om
363 310 13 25 $
392 309 26 21 28
434 309 85 28 yttrade
868 320 5 6 .

213 343 143 28 Domprosten
370 344 72 27 Borg
457 345 32 20 att
503 344 92 22 orsaken
605 343 100 23 hvarföre
716 343 172 28 prestaståndets

146 378 92 21 likasom
255 377 190 28 borgareståndets
460 377 131 29 deputerade
606 378 7 21 i
625 379 220 21 ekonomieutskottet
854 385 34 22 yr-

145 412 40 21 kat
204 412 133 27 antagandet
357 412 24 21 af
399 412 71 22 denna
488 413 104 28 paragraf
607 413 69 21 sådan
691 413 42 22 den
749 413 7 21 i
771 413 119 27 kejserliga

146 446 160 28 propositionen
328 446 134 29 föreslagits,
483 447 39 22 och
543 447 18 28 ej
578 447 79 21 bifallit
673 447 42 22 den
731 447 159 28 omredigering

147 481 63 22 deraf
227 488 46 14 som
292 480 27 21 de
335 481 68 27 öfriga
419 481 92 22 stånden
525 481 105 28 förordat,
645 488 52 15 vore
713 481 48 28 den,
778 484 31 19 att
825 481 65 22 dessa

147 515 131 28 deputerade
298 515 25 21 af
340 515 121 22 erfarenhet
478 515 57 22 hade
555 516 33 27 sig
603 515 82 22 bekant
699 517 32 20 att
745 523 27 14 en
788 516 101 27 sjettedel

147 549 24 22 af
183 557 25 14 en
223 549 113 22 kommuns
351 549 49 22 hela
415 551 89 20 röstetal
515 550 109 28 knappast
635 550 106 27 någonsin
753 550 61 21 torde
824 551 66 22 hafva

146 584 37 21 vid
205 584 71 27 någon
299 586 91 20 stämma
412 584 69 22 blifvit
503 584 173 29 representerad,
700 584 40 22 och
761 587 27 19 än
807 585 83 22 mindre

147 619 72 21 kunde
237 619 67 21 blifva
323 618 36 22 det
373 625 34 14 om
423 621 104 20 stämman
544 619 47 22 kort
607 619 31 21 tid
653 618 57 22 förut
724 619 71 22 blefve
810 619 80 28 pälyst.

147 653 143 28 Domprosten
304 653 114 22 förordade
434 653 25 22 af
471 653 64 22 dessa
551 653 47 22 skäl
615 653 71 22 denna
701 653 113 28 paragrafs
830 656 60 19 anta-

147 687 71 28 gande
241 687 68 22 sådan
333 687 124 22 densamma
477 688 7 21 i
503 688 41 21 den
563 687 80 28 nådiga
659 688 161 27 propositionen
835 688 55 22 före-

147 721 83 28 slagits.

214 757 57 21 Utan
290 756 75 22 vidare
384 757 123 22 diskussion
525 756 128 28 godkändes
672 757 71 22 denna
759 758 22 26 8,
797 757 58 28 uppå
870 757 24 22 af

147 790 48 22 herr
217 791 137 22 talemannen
374 791 120 22 framställd
513 791 143 29 proposition,
678 791 104 28 enhälligt
801 792 7 21 i
824 791 67 29 enlig-

147 826 36 21 het
197 826 50 21 med
262 826 118 28 kejserliga
395 826 172 28 propositionens
582 826 88 28 förslag.

213 862 13 25 $
242 861 26 21 29
284 860 127 28 godkändes
426 861 107 22 likaledes
549 861 110 27 enhälligt.

213 895 60 22 Härå
288 895 121 28 öfvergicks
425 896 32 21 till

455 936 12 21 3
482 936 98 29 kapitlet.

359 970 39 22 Om
414 970 265 28 kommunalfullmäktige.

214 999 13 27 8
243 999 34 21 30.

213 1034 91 21 Prosten
320 1033 122 22 Saxbäek
457 1034 96 28 yttrade:
573 1033 41 22 Vid
631 1034 34 21 val
681 1033 26 22 af
719 1033 172 22 kommunalfull-

147 1068 104 28 mäktige,
268 1071 64 24 säger
347 1070 12 25 $
376 1069 32 27 30,
425 1069 38 21 bör
477 1069 65 22 minst
557 1069 82 21 hälften
655 1069 25 21 af
689 1069 141 21 kommunens
841 1069 50 21 hela

146 1103 123 28 röstbelopp
292 1103 69 22 finnas
383 1103 171 28 representerad.
584 1103 83 22 Sädant
690 1103 44 22 kan
756 1103 50 22 icke
824 1103 40 22 ske
884 1103 7 21 i

147 1137 134 22 vidsträckta
303 1137 196 29 landskommuner,
523 1138 120 21 allraminst
663 1138 38 21 der
721 1137 130 22 kommunen
868 1140 23 19 är

148 1174 141 20 sammansatt
310 1172 25 21 af
351 1172 50 22 flere
417 1173 125 28 kyrkogäll;
563 1172 98 22 hvarföre
677 1172 72 22 denna
765 1174 13 25 $
794 1173 96 27 omöjlig-

147 1209 39 25 gör
201 1207 49 22 hela
265 1207 307 28 kommunalorganisationen.
603 1208 95 21 Sockne-
715 1207 58 28 eller,
785 1214 45 15 som
841 1214 50 14 man

147 1248 88 15 numera
254 1242 37 21 vill
310 1243 107 21 benämna
433 1242 58 29 dem,
513 1242 261 27 kommunalfullmäktige
790 1244 37 19 äro
842 1242 50 21 icke

147 1276 25 21 så
191 1276 86 22 okända
292 1276 7 22 i
314 1277 84 28 landet,
418 1284 45 15 som
479 1277 104 22 utskottet
598 1277 77 28 tyckes
688 1276 103 22 förmena.
821 1277 11 20 I
846 1276 46 29 Hy-

147 1311 103 26 rynsalmi
265 1312 14 20 t.
296 1317 43 21 ex.,
358 1311 87 22 hvilken
461 1312 101 21 kommun
576 1311 73 22 består
665 1311 24 21 af
701 1311 49 28 fyra
764 1311 126 28 kyrkogäll,

148 1347 23 18 är
186 1344 33 21 för
233 1345 212 28 moderkyrkogället
460 1346 50 21 vald
526 1353 27 14 en
569 1345 87 28 ständig
667 1345 132 27 fullmäktig;
811 1345 6 20 i
828 1345 63 21 hvart

147 1378 73 27 kapell
240 1380 67 25 utses,
329 1379 175 27 befullmäktigas
519 1379 40 21 och
574 1379 119 21 instrueras
708 1379 112 26 söndagen
834 1378 58 21 förut

147 1418 27 14 en
197 1411 122 28 fullmäktig
342 1412 31 21 till
396 1413 41 21 den
456 1412 33 22 för
506 1413 71 27 någon
593 1412 44 28 dag
651 1413 7 21 i
674 1413 86 21 veckan
774 1412 117 22 beramade

147 1446 110 22 allmänna
272 1449 112 20 stämman.
414 1447 74 22 Andra
503 1447 131 28 röstägande
650 1450 37 19 äro
703 1448 36 21 väl
755 1447 137 28 berättigade
