1003 1700
171 121 40 22 632

142 187 183 27 väsendtligaste,
343 193 46 15 som
405 186 60 22 torde
483 186 72 21 kunna
569 185 97 27 anföras,
678 186 118 21 framstälts
807 186 24 20 af
838 186 53 20 kon-

143 221 160 28 traktsprosten
326 220 89 28 Hellén;
437 227 49 14 men
509 220 48 21 icke
579 226 37 15 ens
635 220 60 21 detta
711 226 64 21 synes
791 220 43 27 mig
849 227 44 20 nog

141 254 122 28 bindande,
288 255 93 21 cmedan
397 254 13 21 å
425 261 41 15 ena
481 254 73 27 sidan,
575 254 7 20 i
597 253 53 28 följd
666 254 26 21 af
704 254 189 28 parcelleringstil-

142 289 102 27 låtelsen,
266 288 80 28 jorden
369 288 8 21 i
400 288 43 21 alla
464 288 39 21 fall
526 288 44 20 kan
593 288 89 27 styckas
702 288 53 21 efter
773 288 70 27 behag
862 288 29 20 äf-

144 329 41 15 ven
208 322 69 22 under
299 322 50 22 icke
372 322 55 21 blott
447 322 12 21 5
483 324 52 19 utan
551 322 63 21 äfven
630 323 12 20 3
657 328 113 20 personers
784 322 108 21 besutten-

143 356 47 28 het,
214 356 40 22 och
277 357 13 21 å
313 356 43 22 den
380 356 68 22 andra
470 356 37 21 det
527 356 18 27 ej
563 356 43 20 kan
622 356 53 21 falla
691 356 71 27 någon
776 356 79 28 säljare
872 356 24 21 af

143 392 70 20 större
228 391 53 21 eller
296 390 85 22 mindre
396 390 105 28 pareeller
517 390 21 21 in
554 392 32 19 att
601 390 102 21 beskatta
717 390 134 28 parcellerna
862 397 31 14 re-

143 424 63 22 lativt
222 426 68 28 lägre,
305 426 53 20 utan
373 427 92 19 tvärtom
481 425 61 27 högre
558 427 28 18 än
599 424 187 28 stomhemmanet,
798 425 6 20 i
815 424 78 22 förhål-

143 458 67 21 lande
232 459 33 21 till
289 459 83 26 begges
395 458 101 22 inbördes
518 458 103 28 ägovidd,
644 465 33 14 om
697 459 40 20 ock
753 458 6 21 i
776 459 67 26 sagde
858 460 35 20 be-

143 493 114 27 skattning
273 493 83 21 dubbla
371 492 128 28 rökafgifter
514 492 138 22 inberäknas.
684 492 45 22 Och
740 492 28 21 då
779 493 114 21 skilnaden

144 527 80 21 mellan
248 527 27 21 de
298 533 80 21 genom
401 526 159 28 ägostyckning
583 527 124 27 uppkomna
729 527 100 21 besuttna
848 528 47 20 små

128 561 145 28 hemmanen
294 561 40 22 och
356 561 135 28 parcellerna
510 560 92 22 sålunda
618 561 6 20 i
640 561 60 22 detta
714 560 124 23 hänseende
854 561 41 22 blir

145 596 79 21 endast
244 596 52 27 den,
318 597 32 19 att
370 595 27 21 de
415 595 56 21 förra
486 595 69 21 måste
572 595 82 21 erhålla
669 595 52 21 flere
736 595 60 27 slags
811 595 32 21 för
858 594 37 22 od-

144 629 46 28 ling
205 629 91 28 lämplig
315 629 73 28 mark,
408 629 71 21 såsom
497 629 69 28 åker-,
581 632 63 24 ängs-
661 629 39 21 och
716 629 137 28 skogsmark,
870 629 25 22 så

144 663 45 21 kan
206 663 42 28 jag
268 663 19 27 ej
310 663 48 22 inse
374 665 76 24 annat,
468 666 28 19 än
512 665 31 19 att
559 663 145 28 styckningen
720 663 70 22 bättre
806 667 27 18 än
849 670 46 21 par-

145 697 133 28 celleringen
294 697 44 21 kan
354 697 101 21 befordra
466 697 142 28 jordbrukets
624 697 131 28 utveckling.
782 698 71 21 Också
865 698 30 21 in-

145 738 35 14 ser
195 738 50 14 man
260 732 50 26 lätt,
327 733 42 25 att,
387 733 51 19 enär
453 731 27 21 de
496 731 81 21 dubbla
592 731 157 27 rökafgifterna
760 731 135 22 kännbarare

145 765 44 21 öka
204 765 182 28 utgiftsbeloppet
401 765 28 28 på
444 768 80 18 smärre
539 765 111 26 hemman,
667 767 27 19 än
710 766 27 27 pä
750 768 75 25 större,
837 765 57 21 hem-

145 806 50 14 man
215 800 49 20 med
280 800 13 21 3
309 806 116 21 personers
443 799 138 25 besuttenhet
595 799 71 21 komma
690 791 40 38 att
744 799 83 22 erhålla
841 800 53 21 rela-

145 833 40 21 tivt
200 841 58 13 mera
274 833 128 27 odlingsbar
414 833 61 28 jord,
492 835 27 19 än
537 833 26 21 de
579 833 48 21 med
639 834 12 19 5
662 839 114 21 personers
787 833 107 22 besutten-

144 868 47 26 het,
211 867 39 22 och
267 867 88 21 således
373 867 63 21 äfven
451 867 40 20 lätt
508 867 72 20 kunna
596 867 94 20 afbörda
705 867 63 21 äfven
784 867 47 21 sina
847 868 48 20 rök-

145 901 93 26 afgifter.
269 901 43 21 Till
333 901 60 21 hvad
411 903 88 26 prosten
520 901 25 20 H.
563 901 78 20 Heikel
658 901 70 21 anfört
744 908 34 14 om
794 901 101 21 decimal-

145 937 117 26 systemets
282 935 133 28 företräden,
436 935 36 21 ber
484 935 41 27 jag
541 937 30 19 att
586 935 22 20 få
623 935 101 27 tillägga,
741 937 31 19 att
788 935 36 21 det
839 936 7 20 i
864 937 31 19 ut-

145 969 93 22 skottets
255 969 142 21 betänkande
411 975 48 22 pag.
477 970 10 19 7
504 968 91 21 anförda
610 969 80 27 skälet,
706 971 30 18 att
753 969 142 28 ,tillämpnin-

146 1011 41 20 gen
209 1003 65 22 deraf
290 1004 7 20 i
313 1004 81 26 många
410 1003 37 21 fall
463 1006 77 19 nästan
555 1003 70 21 blefve
642 1004 109 26 omöjlig",
768 1003 18 28 ej
803 1004 54 21 blott
873 1007 23 17 är

145 1038 73 21 alltför
244 1040 72 25 svagt,
343 1040 54 19 utan
419 1037 124 22 tillochmed
567 1037 120 22 innehåller
710 1044 25 15 en
760 1038 135 26 oberättigad

146 1073 39 20 och
201 1074 43 19 mot
260 1072 165 21 vederbörande
441 1072 130 27 tjenstemän
587 1071 39 22 och
637 1071 142 22 auktoriteter
790 1074 53 19 nära
853 1079 43 19 nog

145 1105 129 22 kränkande
290 1106 163 27 förutsättning.
483 1106 175 27 'Tillämpningen
673 1105 24 21 af
708 1106 95 27 besagde
815 1109 80 24 system

145 1141 44 21 kan
205 1140 109 27 nemligen
332 1140 18 27 ej
368 1140 68 22 blifva
452 1141 54 27 svår,
524 1143 52 18 enär
591 1140 160 21 landtmätaren
767 1140 39 21 har
817 1143 79 19 tvänne

145 1177 91 24 utvägar
252 1176 32 19 att
299 1174 79 28 anlita;
395 1174 43 21 han
454 1175 43 20 kan
514 1174 46 21 afse
577 1174 35 21 det
624 1174 66 21 redan
702 1174 37 21 vid
752 1174 41 21 den
804 1174 28 27 på
842 1176 53 20 mät-

145 1209 77 27 ningar
243 1209 113 26 grundade
378 1209 144 27 styckningen
544 1209 39 21 och
600 1209 110 21 dessutom
726 1208 101 22 använda
841 1209 55 21 bråk

144 1243 50 21 med
210 1242 48 22 icke
274 1243 56 21 blott
347 1244 47 27 två,
409 1245 51 19 utan
477 1243 63 21 äfven
555 1243 53 27 fem,
631 1243 53 21 eller
697 1243 33 21 till
745 1243 39 21 och
798 1243 49 21 med
863 1243 33 27 sju

145 1277 123 27 decimaler,
292 1276 34 22 för
346 1279 33 19 att
399 1277 100 28 uttrycka
519 1278 27 20 de
562 1277 72 21 skilda
650 1278 100 20 delarnes
766 1277 130 21 mantalsbe-

144 1311 60 27 lopp,
227 1311 74 21 hvilka
322 1311 62 27 slags
400 1312 54 20 bråk
470 1312 18 26 ej
505 1312 82 20 mindre
604 1311 90 27 erbjuda
710 1318 82 14 samma
808 1310 87 22 företrä-

145 1344 42 22 den
203 1344 88 22 framför
306 1345 90 27 vanliga
412 1346 65 28 bråk,
494 1348 27 19 än
538 1346 41 21 ock
595 1346 100 27 uttrycka
711 1344 76 22 värdet
797 1346 8 20 i
816 1347 79 19 största

145 1379 89 27 möjliga
250 1379 160 27 noggrannhet.
