998 1814
199 133 27 24 34

173 200 111 27 samtidigt
307 199 54 23 söka
382 199 37 22 två
440 197 53 24 eller
514 196 51 24 flere
584 196 144 29 skoltjenster,
745 196 52 23 eller
812 198 37 21 två
863 196 52 23 eller

172 234 51 22 flere
238 234 171 28 prestatjenster.

240 302 135 28 Föredrogos
397 302 40 22 och
457 302 115 22 bordlades
594 301 106 29 följande,
721 301 67 21 under
805 301 74 28 loppet
894 301 25 21 af

174 338 71 28 dagen
266 337 103 22 inkomna
392 337 257 27 utskottsbetänkanden;
672 336 108 28 nemligen
800 336 32 21 till
851 338 64 20 nästa

173 373 96 28 plenum:

242 408 22 28 a)
280 407 199 28 lagutskottets,
497 414 35 15 n:o
547 407 18 27 9,
581 406 7 21 i
604 405 117 27 anledning
736 405 25 21 af
773 404 81 28 nådiga
870 412 46 21 pro-

175 442 121 28 positionen
312 448 34 15 om
360 448 107 20 anonyma
478 441 52 22 eller
540 440 125 28 aktiebolag
676 440 39 22 och
726 442 58 26 tysta
795 440 52 21 eller
858 440 58 21 kom-

175 476 150 28 manditbolag
344 476 39 22 och
403 483 34 14 n:o
457 477 32 27 13,
505 476 7 21 i
528 475 117 27 anledning
658 475 25 21 af
695 474 81 28 nådiga
790 475 126 28 propositio-

175 518 43 15 nen
233 518 35 15 om
283 511 109 29 sjölagen;

244 546 23 29 b)
283 546 223 28 statsutskottets,
524 553 34 14 n:o
574 546 18 28 2,
608 545 7 21 i
630 544 118 28 anledning
762 544 25 21 af
798 542 119 30 kejserliga

176 581 160 28 propositionen
351 580 113 28 angående
479 581 93 21 revision
588 580 24 21 af
620 580 41 21 den
672 586 77 21 genom
759 579 81 29 nådiga
850 580 67 21 mani-

176 616 64 22 festet
262 616 42 21 den
325 616 11 20 9
357 616 54 28 april
433 616 54 21 1840
507 615 105 29 stadgade
628 614 130 28 omsättning
774 614 24 22 af
808 617 108 25 ränteper-

177 650 100 23 sedlarne
292 651 7 21 i
314 650 84 29 landet;

178 685 110 23 äfvensom
305 685 118 22 tillsvidare
438 685 116 23 bordlades

246 720 20 28 c)
282 720 284 22 ekonomieutskottets
584 720 139 22 betänkande
738 728 33 14 n:o
788 721 18 27 1,
822 720 8 21 i
845 719 73 22 anled-

178 755 52 27 ning
252 755 24 21 af
294 754 81 28 nädiga
396 754 160 29 propositionen
577 755 112 28 angäende
707 755 172 27 reorganisation
898 754 25 21 af

178 789 114 23 städernas
307 789 261 28 kommunalförvaltning.

246 859 125 21 Professorn
389 858 77 22 doktor
482 858 97 23 Granfelt
594 859 40 22 och
649 859 202 29 kontraktsprosten
868 858 52 22 dok-

180 896 33 20 tor
232 893 98 22 Granfelt
350 893 86 22 anhöllo
455 900 33 15 om
504 893 162 28 tjenstledighet
681 894 28 28 pä
724 896 31 19 tre
772 894 72 27 dagar,
862 894 5 21 i
884 900 35 14 an-

180 928 80 22 seende
275 928 34 21 till
325 935 26 15 en
366 928 208 28 arfsangelägenhet.
604 928 83 22 Bifölls.

249 962 92 22 Ständet
359 962 114 28 ätskiljdes
491 963 93 21 klockan
603 963 47 21 half
662 963 33 21 till
710 966 42 25 tre;
768 962 39 23 och
823 962 69 22 skulle
909 962 13 22 &

182 997 169 28 eftermiddagen
371 997 86 22 ständet
477 998 18 28 ej
518 997 160 23 sammanträda
693 998 6 20 i
715 998 95 28 plenum,
830 997 91 21 emedan

180 1032 54 22 intet
249 1032 63 22 fanns
327 1034 32 19 att
373 1032 121 28 föredraga.

687 1062 20 15 In
720 1061 58 17 fidem:

599 1088 49 20 And.
663 1088 55 20 John
735 1088 120 24 Hornborg.

242 1222 150 38 Fredagen
413 1222 54 29 den
489 1224 35 27 15
543 1223 109 39 januari
672 1222 40 29 kl.
736 1224 36 27 10
792 1222 18 29 £
831 1233 36 18 m.

250 1281 89 22 Plenum
359 1280 112 29 öppnades
487 1281 50 22 med
556 1281 24 22 af
591 1281 49 21 herr
656 1281 91 22 doktorn
763 1281 39 21 och
816 1280 106 28 biskopen

183 1314 112 23 Frosterus
310 1315 73 21 hållen
397 1315 50 22 bön.

250 1349 41 21 Vid
305 1349 53 20 härå
371 1349 64 20 skedt
451 1355 80 22 upprop
546 1348 104 23 befunnos
666 1349 112 26 samtelige
790 1349 134 21 ståndsmed-

183 1381 117 23 lemmarne
322 1383 143 27 närvarande,
485 1383 49 21 med
555 1383 110 27 undantag
683 1383 24 21 af
722 1383 106 27 biskopen
847 1382 78 22 doktor

185 1416 89 29 Ottelin,
297 1416 202 29 kontraktsprosten
520 1417 77 21 doktor
618 1417 106 28 Granfelt,
746 1419 86 26 prosten
853 1416 70 29 Sulin,

184 1450 135 29 vicepastorn
333 1457 42 16 von
385 1452 78 29 Essen,
475 1451 121 29 professorn
608 1451 76 22 doktor
696 1451 105 29 Granfelt,
813 1454 112 26 prostarne
