989 1786
764 136 42 23 647

85 195 67 22 raden
174 195 45 22 deri
238 196 86 22 komme
340 197 32 21 att
386 196 53 28 lyda
454 197 28 28 på
497 197 97 28 följande
610 200 53 21 sätt:
687 203 69 23 ,samt
772 205 60 19 ären-

85 230 37 21 det
143 231 103 26 antingen
267 230 135 22 omedelbart
420 232 52 21 eller
487 238 78 21 genom
579 232 163 25 vederbörande
757 243 75 20 guver-

85 267 39 18 nör
139 264 33 21 till
188 267 102 19 senatens
306 264 119 27 afgörande
441 265 164 22 öfverlemnas*:
621 279 26 4 —
663 271 56 19 samt
732 271 32 19 att
775 271 13 26 &
798 271 34 27 43,

85 298 13 21 å
113 297 63 22 sidan
191 298 33 28 40,
248 298 86 21 komme
353 300 41 26 att,
418 299 67 27 enligt
499 299 57 21 hvad
573 300 64 22 ofvan
652 301 36 21 vid
704 287 128 42 granskvin-

85 338 42 21 gen
143 332 24 21 af
179 332 120 22 motiverna
315 332 32 22 till
362 332 117 22 utskottets
489 334 140 22 betänkande
639 335 68 22 redan
718 336 114 30 bestämts,

84 366 147 27 omredigeras
254 366 24 22 så
301 368 32 20 att
355 366 168 28 ifrågavarande
543 368 126 28 förordning
683 369 67 23 borde
765 372 67 22 lända

84 400 33 22 till
133 400 143 22 efterrättelse
292 401 56 21 ifrån
363 401 43 21 den
422 403 10 21 1
445 402 88 28 januari
549 403 54 21 1865
619 403 56 22 intill
689 405 110 29 utgången
810 407 26 23 af

83 436 47 21 året
145 437 50 20 näst
210 436 55 21 efter
280 436 38 21 det
333 435 28 22 då
376 438 65 20 nästa
455 436 108 29 landtdag
578 439 191 23 sammanträder."

151 470 23 28 2)
190 470 24 21 af
227 470 42 22 den
285 471 26 20 29
324 466 97 46 januari,
442 471 25 21 sä
486 471 107 28 lydande:
617 490 6 8 ,
631 472 121 28 Föredrogs
768 477 64 20 stats-

83 504 116 22 utskottets
220 504 41 22 den
282 505 28 20 26
328 504 7 21 i
356 504 73 22 denna
444 505 80 21 månad
539 505 136 29 bordlaggda
691 508 140 24 betänkande

82 544 35 16 n:o
133 539 19 27 3,
168 538 7 21 i
191 538 118 28 anledning
324 538 25 22 af
361 539 83 27 nådiga
454 540 161 27 propositionen
627 547 34 14 n:o
671 542 34 26 37,
717 543 114 27 angående

81 555 175 45 bestämmande,
277 572 107 22 huruvida
404 573 40 21 och
459 574 32 20 till
507 574 88 21 hvilken
612 574 35 21 del
662 575 13 21 å
691 576 80 21 allmän
787 579 44 20 stat

82 607 104 28 uppförde
203 607 91 22 embets-
310 607 40 21 och
366 607 139 28 tjenstemän,
529 608 86 21 hvilkas
635 608 147 29 befattningar
800 612 31 21 in-

81 641 89 29 dragas,
195 644 42 25 äga
257 643 32 20 att
309 641 93 22 derefter
422 641 85 29 åtnjuta
526 642 48 22 sina
589 642 57 22 förra
662 643 168 30 löneförmåner;

81 676 90 22 hvarvid
187 676 97 28 följande
300 676 68 22 talare
384 676 86 28 yttrade
486 677 43 27 sig:

146 711 99 21 Friherre
266 710 118 29 Carpelan:
410 711 48 22 Den
476 711 147 29 lagstiftning,
643 718 45 16 som
707 714 49 21 med
775 712 54 24 före-

80 746 96 22 varande
191 746 63 27 fråga
269 748 53 25 äger
336 745 135 29 gemenskap
486 748 94 26 utgöres,
597 746 72 22 såvidt
679 747 43 28 jag
737 748 39 21 har
786 749 46 27 mig

79 781 92 28 bekant,
188 780 40 21 och
243 781 29 27 på
287 782 44 20 sätt
342 780 42 27 jag
400 779 63 23 äfven
478 780 87 28 yttrade
581 780 36 22 vid
633 780 41 23 den
691 782 81 28 nådiga
782 790 47 21 pro-

80 815 134 29 positionens
231 814 153 23 remitterande
398 814 33 21 till
447 815 152 28 lagutskottet,
617 814 25 22 af

149 850 43 28 1:0)
208 851 12 19 2
236 852 13 25 $
265 850 7 21 i
288 848 195 28 regeringsformen
499 849 42 22 den
557 850 26 20 21
595 850 86 27 augusti
693 851 53 21 1772
758 851 25 21 af
791 851 39 22 föl-

76 884 70 28 jande
161 884 94 28 lydelse:
278 884 134 26 ,Konungen
428 886 52 25 äger
495 886 61 25 styra
571 884 55 21 Rike
642 884 56 28 sino,
715 892 46 15 som
778 886 52 21 Sve-

80 919 58 28 riges
153 919 49 27 Lag
216 921 70 25 säger,
306 918 49 21 Han
372 917 40 22 och
427 918 65 27 ingen
508 924 81 22 annan,
609 918 52 21 Rätt
676 919 39 21 och
733 919 98 28 Sanning

81 953 85 29 styrka,
184 953 63 21 älska
258 951 39 23 och
308 955 96 25 gömma;
415 959 49 14 men
476 952 116 27 vrängvisa
603 953 39 21 och
654 955 57 20 orätt
721 953 109 28 förbinda,

80 988 94 22 afskaffa
189 987 39 22 och
244 986 156 28 nedertrycka;
421 987 68 27 Ingen
503 986 111 22 förderfva
629 987 32 21 till
676 987 39 22 Lif
727 987 39 22 och
782 990 48 25 ära,

80 1023 43 22 lem
139 1022 39 22 och
193 1021 96 28 välfärd,
311 1023 52 20 utan
379 1021 42 21 han
437 1021 97 28 lagligen
549 1021 119 22 förvunnen
685 1022 40 21 och
741 1021 91 23 dömder

80 1060 30 25 är,
127 1057 40 21 och
182 1057 67 27 ingan
265 1055 99 22 afhända
380 1055 53 22 eller
448 1055 99 22 afhända
562 1056 46 21 låta
623 1056 66 27 något
705 1056 64 29 gods,
788 1057 42 21 löst

81 1092 52 21 eller
148 1091 52 27 fast,
216 1093 52 19 utan
283 1091 52 26 laga
349 1091 57 20 Dom
422 1089 39 22 och
476 1090 152 28 Ransakning,
647 1093 57 19 samt
719 1093 60 26 styra
795 1090 35 22 Ri-

79 1126 39 21 ket
134 1125 54 22 efter
202 1124 212 28 Konunga-Balken,
433 1124 159 27 Lands-Lagen
609 1124 40 22 och
664 1124 81 22 thenna
760 1126 69 27 Rege-

80 1160 134 27 ringsform.
204 1156 12 35 *

148 1193 43 28 2:0)
207 1194 13 20 4
236 1194 12 26 8
263 1193 7 21 i
285 1192 69 22 rikets
369 1192 100 22 ständers
485 1192 70 22 beslut
571 1191 42 23 den
628 1192 26 21 23
665 1192 49 28 juni
731 1193 60 27 1786,
804 1193 24 22 sä

79 1228 106 28 lydande:
210 1228 22 26 ,I
247 1226 52 29 följe
315 1227 25 21 af
351 1226 52 22 then
419 1226 80 28 ömhet,
517 1226 105 22 hvarmed
638 1226 79 28 Kongl.
733 1227 37 21 M:t
786 1233 43 15 om-

80 1263 67 21 fattar
161 1262 51 21 Wär
227 1262 65 21 frihet
307 1261 40 21 och
362 1260 113 29 säkerhet,
491 1260 40 22 och
547 1260 66 22 söker
627 1261 44 21 alla
686 1260 101 22 tillfällen
798 1264 32 18 att

81 1297 51 21 then
155 1296 89 28 stadga,
267 1296 39 21 har
328 1296 79 26 Kongl.
430 1296 69 27 Maj:t,
521 1295 57 28 uppä
593 1295 93 22 Riksens
703 1295 127 22 Ständers
817 1291 16 37 i

80 1330 174 27 underdänighet
269 1329 58 28 gifne
344 1330 127 27 anledning,
488 1329 68 21 under
571 1328 50 22 then
638 1330 25 20 19
674 1329 7 21 i
693 1329 81 21 thenna
785 1330 45 21 Mä-

81 1365 44 21 nad
145 1364 74 22 tillåtit
240 1365 50 27 Oss,
312 1366 22 19 at
352 1364 8 20 i
379 1364 68 21 thetta
462 1364 61 21 Wärt
538 1363 75 21 Beslut
628 1363 80 27 införa;
724 1365 23 19 at
762 1363 68 22 under

81 1399 46 22 thet
142 1398 62 22 ordet
220 1398 96 28 Välfärd,
333 1404 46 15 som
390 1398 7 21 i
408 1397 68 22 andra
487 1399 12 25 &
511 1397 24 22 af
543 1397 220 27 Regerings-Formen
775 1396 55 23 förc-

81 1433 103 28 kommer,
200 1431 64 23 äfven
278 1431 102 29 begripes
395 1431 161 21 innehafvande
572 1430 91 23 Embete
679 1430 53 22 eller
744 1431 86 29 Tienst;
