1006 1700
768 78 41 22 595

84 142 72 22 rektiv
171 142 49 22 icke
236 142 101 28 begagna
350 142 117 21 enahanda
481 142 71 22 medel
567 149 46 15 som
626 142 33 22 för
674 142 165 28 behandlingen

85 176 25 22 af
122 176 77 28 grofva
212 176 136 22 missdädare
364 176 71 22 blifvit
450 176 126 27 godkända.
606 177 42 21 Vid
660 177 146 27 bestraffning
817 176 26 22 af

86 211 60 22 Guds
162 217 76 15 namns
254 210 166 22 missbrukande
436 210 40 22 och
490 210 101 22 hädande
608 210 24 22 af
642 211 61 22 Hans
713 210 76 28 heliga
799 210 40 22 ord

84 245 41 21 och
140 245 180 21 sakramenterna
334 244 68 22 borde
418 244 68 27 enligt
500 245 44 21 min
555 245 138 28 uppfattning
703 244 71 22 fästas
785 245 53 21 min-

86 279 36 21 dre
146 278 104 23 afseende
271 279 13 21 &
302 278 134 22 strafftidens
458 278 77 28 längd,
559 281 28 19 än
605 279 29 27 pä
648 278 79 28 sjelfva
742 279 97 21 straffets

84 313 110 22 intensitö.
224 314 38 20 Att
282 313 64 21 ställa
362 320 27 14 en
405 312 116 28 brottsling
536 312 25 22 af
574 320 28 14 nu
617 313 169 27 ifrågavarande
802 314 36 20 be-

85 347 123 22 skaffenhet
228 348 7 20 i
256 354 82 19 enrum,
358 347 76 21 främst
450 346 62 22 mörk
527 347 42 21 cell
585 347 41 21 och
641 347 68 21 sedan
725 354 27 14 en
768 347 71 21 sädan

85 382 39 21 der
138 382 56 20 hans
208 381 60 22 blick
283 382 19 26 ej
319 382 39 20 när
374 383 67 19 annat
456 383 29 19 än
500 381 42 21 den
554 379 104 29 oändliga
668 381 170 28 himlarymden,

84 422 27 14 en
132 416 42 21 cell
195 415 39 21 der
248 415 43 21 han
307 415 49 21 icke
371 415 45 21 kan
431 415 89 21 komma
535 416 7 20 i
558 415 96 27 ringaste
670 415 103 27 beröring
789 415 50 21 med

84 450 72 27 någon
178 456 72 14 annan
268 456 88 21 person,
381 451 27 19 än
428 456 27 14 en
471 449 24 21 af
508 449 37 21 sitt
560 450 84 27 vigtiga
659 450 45 20 kall
720 452 70 19 varmt
805 449 34 21 lif-

84 483 43 21 vad
148 483 134 28 själaherde,
304 485 44 19 tror
363 483 42 27 jag
422 483 93 22 förvisso
531 485 32 19 att
578 483 70 22 skulle
664 483 95 27 mäktigt
775 483 64 27 gripa

83 518 80 20 honom
179 517 40 21 och
234 518 58 20 inom
306 518 49 21 kort
366 517 31 21 tid
408 518 6 20 i
426 518 54 20 hans
496 518 72 26 hjerta
582 518 72 20 lemna
668 524 47 14 rum
731 518 33 21 för
778 518 61 22 Guds

85 551 69 22 andes
170 552 104 21 inverkan
288 551 33 22 till
332 558 27 15 en
370 552 112 27 uppriktig
492 552 122 28 syndasorg
626 551 38 22 och
675 558 55 15 sann
741 552 99 28 bättring

85 593 78 20 genom
179 586 70 27 ordet,
266 586 87 22 hvartill
368 586 79 22 honom
464 586 55 21 efter
534 586 68 21 behof
614 586 70 21 skulle
700 587 85 20 lemnas
796 587 43 20 till-

84 619 69 22 träde.
183 621 25 27 Ej
226 620 36 21 mä
276 627 50 14 man
342 620 98 21 häremot
455 620 96 21 invända
562 623 32 18 att
605 627 26 14 en
642 620 69 21 sädan
722 620 118 28 brottsling

85 655 87 26 ganska
187 655 40 20 lätt
242 655 72 20 kunde
330 655 81 27 hyckla
423 657 58 25 yttre
492 655 200 26 skengudaktighet
702 654 34 22 för
746 657 33 19 att
790 661 49 15 sna-

86 695 48 15 rare
154 689 86 21 komma
260 689 14 20 å
291 689 26 21 fri
333 689 40 26 fot;
397 690 23 26 ty
435 689 45 20 min
495 688 146 28 öfvertygelse
656 691 25 18 är
696 691 32 18 att
743 695 26 15 en
786 695 53 21 upp-

85 723 45 27 lyst
145 723 40 21 och
200 722 128 28 bepröfvad,
349 725 64 19 sannt
429 722 87 27 kristlig
532 722 148 28 själasörjare,
700 729 47 15 som
763 723 54 21 stått
833 723 7 20 i

86 756 76 27 daglig
181 757 102 26 beröring
298 757 49 21 med
362 756 154 28 brottslingen,
538 756 119 27 ingalunda
672 757 44 20 kan
732 757 109 27 misstaga

86 791 34 26 sig
142 791 30 26 pä
193 793 58 19 rätta
273 791 74 21 halten
371 791 24 20 af
416 791 82 21 dennes
519 790 135 22 inneboende
670 791 107 27 sinnelag.
808 791 32 20 Pä

86 824 93 21 anförda
200 825 47 20 skäl
268 825 44 20 kan
329 824 42 27 jag
388 824 57 28 förty
460 824 50 21 icke
526 824 54 27 gilla
595 826 32 19 att
642 831 49 14 man
706 824 81 21 fixerar
802 824 38 21 nä-

86 860 38 25 got
144 858 110 21 bestämdt
274 859 60 20 antal
356 859 29 27 är,
408 858 124 21 hvarunder
548 865 26 14 en
589 858 59 21 Guds
663 865 78 14 namns
756 858 85 21 hädare

86 892 136 27 nödvändigt
237 893 69 20 måste
322 892 126 27 gvarhällas
463 892 7 21 i
486 891 105 28 fängelse,
602 894 53 19 utan
664 892 70 21 håller
741 892 42 27 jag
794 892 46 21 före

86 929 32 19 att
134 927 43 21 den
190 927 74 27 heliga
279 926 69 22 andas
364 926 133 27 verkningar
511 926 50 21 icke
576 926 73 21 kunna
664 926 110 21 beräknas
786 926 55 21 efter

86 961 77 21 mättet
177 960 25 22 af
214 960 119 27 tidslängd,
348 960 41 21 och
400 962 32 19 att
443 959 87 22 säledes
541 959 144 28 frigifvelsens
696 959 66 22 stund
773 960 68 21 mätte

86 995 88 20 komma
194 996 33 19 att
246 994 46 21 helt
310 994 41 21 och
366 993 69 22 hället
450 994 52 21 bero
518 993 24 22 af
556 994 41 21 den
614 993 126 28 fängslades
756 993 85 22 sinnes-

87 1028 108 29 tillständ,
212 1028 88 22 hvarom
316 1027 117 28 utredning
447 1028 40 22 bör
502 1028 76 21 kunna
592 1027 84 22 hemtas
688 1027 24 22 af
721 1027 42 22 den
775 1029 66 26 prest,

86 1069 47 15 som
149 1062 47 21 haft
211 1063 35 26 sig
259 1062 93 27 fängens
367 1061 111 28 själavård
490 1068 74 15 ensam
575 1061 137 29 ombetrodd,
724 1061 41 22 och
775 1061 67 22 hvars

86 1097 29 27 pä
135 1096 147 27 öfvertygelse
297 1096 113 27 grundade
425 1096 74 21 förord
514 1096 40 21 här
568 1096 67 21 borde
650 1098 43 25 äga
709 1095 37 22 det
761 1095 81 28 högsta

87 1130 89 22 vitsord.
207 1130 108 28 Slutligen
336 1130 72 22 skulle
427 1129 42 29 jag
488 1130 50 21 med
559 1129 103 22 afseende
678 1129 13 21 ä
708 1129 61 22 Guds
785 1131 56 20 smä-

87 1164 72 22 dande
180 1164 39 27 ,af
235 1164 111 28 hastighet
366 1165 53 21 eller
434 1164 119 22 obetänkt*
568 1164 116 21 instämma
700 1164 51 21 med
767 1164 27 20 de
810 1165 33 19 ta-

86 1199 56 28 lare,
164 1206 46 15 som
228 1198 66 29 yrkat
312 1200 28 26 pä
354 1198 156 22 bibehällande
526 1198 26 22 af
564 1198 76 27 lagens
655 1198 166 27 bestämningar
835 1198 8 20 i

88 1229 73 25 denna
175 1233 75 27 punkt.

157 1267 210 28 Kontraktsprosten
389 1267 102 21 Hellön
514 1266 114 29 päyrkade
646 1266 77 22 främst
742 1266 43 21 den
801 1265 41 22 för-

88 1301 102 27 ändring,
214 1304 32 18 att
266 1301 77 22 orden:
368 1308 48 20 ,om
435 1301 37 21 det
488 1301 19 27 ej
526 1301 50 21 sker
592 1300 104 22 obetänkt
712 1300 40 22 och
769 1300 25 21 af
805 1300 38 21 ha-

88 1336 94 28 stighet*
203 1336 67 21 borde
290 1336 62 27 utgä;
372 1338 24 26 ty
414 1335 40 22 här
472 1342 51 14 vore
540 1335 78 22 endast
633 1335 62 27 fräga
711 1341 34 15 om
761 1340 83 22 uppen-

88 1370 40 22 bar
144 1369 118 29 smädelse,
279 1370 39 22 och
334 1370 36 22 det
386 1369 85 23 derföre
487 1369 109 27 stadgade
608 1368 153 24 dödsstraffets
771 1368 74 28 förby-
