998 1734
175 134 27 21 28

146 198 125 27 målsenlig;
294 199 24 26 ty
336 196 135 28 jordägaren
492 196 69 21 måste
581 195 129 21 underhålla
726 194 64 22 äfven
806 194 28 22 de
850 194 50 22 obe-

147 235 68 19 sutne.
246 230 194 23 Nämndemännen
456 230 70 21 måste
542 229 111 22 dessutom
668 228 46 23 ofta
729 228 107 22 anförtros
849 236 52 21 pen-

147 266 148 28 ningemedel;
318 265 27 21 de
368 264 74 22 kunde
465 264 63 22 äfven
549 264 65 21 fällas
633 264 33 20 till
682 263 171 28 penningeböter
868 263 33 21 för

147 300 120 29 tjenstefel:
283 300 40 21 och
339 300 39 20 allt
394 299 61 22 detta
470 298 115 22 förutsatte
601 300 32 20 att
649 298 27 22 de
691 298 68 22 borde
773 298 80 22 besitta
864 298 37 21 nå-

147 343 44 20 gon
205 334 87 23 enskild
307 334 155 27 förmögenhet.
493 334 94 20 Talaren
603 332 105 22 förenade
720 333 34 27 sig
765 332 65 22 alltså
840 332 8 22 i
859 332 43 22 den

148 370 57 27 åsigt
220 369 125 28 professorn
361 368 81 22 Geitlin
458 367 40 22 och
513 369 88 27 prosten
618 367 63 22 Sirén
692 367 88 27 uttalat,
793 368 55 20 samt
859 366 42 22 till-

148 404 84 29 styrkte
248 404 6 21 i
271 404 42 21 allo
329 402 258 22 utskottsbetänkandets
603 402 132 27 antagande.

216 437 209 28 Kontraktsprosten
442 437 75 21 Sirén
532 436 88 23 bestred
630 438 88 25 prosten
730 435 123 23 Stenbäcks
864 443 37 14 an-

148 473 116 27 märkning
285 474 32 19 att
339 471 84 22 talaren
447 471 70 22 skulle
536 471 59 22 velat
610 471 103 22 nedsätta
729 471 37 21 det
782 470 121 23 moraliska

148 507 120 23 anseendet
282 507 41 21 hos
337 506 72 27 någon
424 505 119 28 folkklass;
558 505 43 22 han
617 505 57 22 hade
690 506 7 21 i
710 505 90 22 främsta
810 507 92 20 rummet

147 544 90 20 motsatt
256 542 33 27 sig
310 541 42 21 den
367 539 289 28 obesutna-befolkningens
672 540 114 21 valbarhet
802 539 40 22 och
857 539 45 22 val-

148 576 153 27 berättigande
316 575 7 21 i
339 574 110 23 anseende
468 575 33 21 till
517 574 50 22 dess
583 575 81 21 osäkra
680 575 52 21 eller
747 574 103 27 ostadiga
865 573 36 22 bo-

149 611 103 26 sättning.
282 609 118 28 Föröfrigt,
418 616 32 14 om
466 616 26 14 en
505 610 86 27 torpare
601 608 74 22 kunde
685 608 100 29 päräkna
795 608 49 29 fyra
855 611 47 19 tun-

148 652 50 15 nors
218 645 37 22 lön
273 645 32 21 för
323 644 48 28 fyra
386 644 92 21 veckors
494 644 76 27 tjenst,
587 643 25 21 sä
628 643 61 22 torde
704 643 44 21 ban
763 643 49 22 icke
828 643 76 23 urakt-

147 680 47 21 läta
215 679 70 27 nägra
307 678 71 21 medel
401 679 31 20 att
455 678 72 28 uppnä
546 678 60 21 detta
620 677 108 22 lockande
743 677 49 22 mäl.
823 678 79 21 Denna

148 713 58 22 väda
221 712 78 22 endast
314 712 57 22 hade
388 712 84 22 talaren
489 712 104 28 påpekat.

216 747 35 22 Då
266 747 66 28 ingen
347 746 75 22 vidare
438 746 95 28 begärde
547 747 70 28 ordet,
634 746 136 23 framställde
785 747 49 21 herr
848 746 54 23 tale-

148 789 94 16 mannen
257 781 98 29 följande
370 781 145 28 proposition:

219 817 129 22 Godkänner
370 816 83 21 ståndet
474 816 15 21 3
511 815 16 30 $
547 816 29 28 af
594 816 232 22 utskottsbetänkandet
848 820 54 18 utan

144 852 139 30 förändring,
305 851 49 21 eller
376 851 51 21 böra
450 851 64 21 orden
536 853 65 27 ,äger
624 851 49 21 eller
694 851 82 21 besitter
792 851 110 22 hemman"

147 888 52 28 utgå
219 887 50 21 eller
289 888 90 19 ersättas
397 885 29 28 af
440 888 64 26 något
523 885 80 22 annat?
634 885 32 21 De
681 893 43 13 som
738 886 116 28 godkänna
869 890 32 17 ut-

149 920 206 22 skottsbetänkandet
369 921 9 19 i
393 920 69 21 denna
481 920 34 21 del
534 920 151 28 oförändradt,
708 928 67 13 svara
792 921 109 28 jakande;

148 956 25 21 de
193 963 42 14 som
255 956 68 20 önska
344 958 31 18 att
390 955 24 21 de
430 955 89 21 citerade
535 955 63 21 orden
615 954 51 22 böra
680 957 52 26 utgå
747 955 49 21 eller
811 958 90 19 ersättas

147 991 47 20 med
208 992 64 26 något
285 993 76 23 annat,
378 997 66 13 svara
456 990 103 20 nekande.

215 1024 139 22 Besvarades
370 1024 50 21 med
436 1025 25 20 12
478 1025 35 27 nej
529 1025 44 20 mot
589 1025 11 20 9
611 1025 36 27 ja.

217 1058 73 22 Sedan
306 1058 88 22 ståndet
409 1058 191 22 öfverenskommit
616 1060 32 20 att
662 1058 42 22 den
715 1059 25 21 af
747 1058 154 28 kyrkoherden

147 1094 127 27 Rosengren
287 1092 125 28 föreslagna
423 1093 115 22 redaktion
549 1093 71 22 skulle
632 1094 121 28 uppställas
764 1094 72 21 såsom
846 1096 54 20 mot-

147 1128 82 27 förslag
245 1129 57 20 emot
317 1127 248 23 utskottsbetänkandet
580 1128 50 21 med
645 1128 139 22 uteslutande
800 1128 24 22 af
834 1128 26 22 de
872 1129 28 21 ci-

147 1163 75 21 terade
239 1162 75 27 orden,
331 1162 135 21 framställde
482 1162 50 21 herr
547 1162 139 22 talemannen
701 1162 134 28 proposition
846 1162 7 22 i
865 1170 35 14 en-

147 1196 68 28 lighet
231 1196 98 26 härmed,
346 1196 25 22 så
386 1196 107 28 lydande:

217 1230 129 22 Godkänner
361 1231 83 21 ståndet
458 1230 14 21 3
487 1229 16 31 $
519 1231 29 28 af
559 1231 232 22 utskottsbetänkandet
800 1231 47 22 med
856 1236 43 17 ute-

147 1266 92 26 slutning
263 1264 29 28 af
311 1264 73 20 orden:
407 1267 64 25 ,äger
489 1265 50 21 eller
556 1265 82 21 besitter
652 1266 116 25 hemman",
784 1266 50 20 eller
849 1265 51 21 böra

147 1298 60 20 dessa
223 1297 38 21 ord
275 1296 85 28 utbytas
375 1301 42 16 mot
432 1297 72 22 orden:
523 1298 54 27 ,har
592 1301 27 17 ett
634 1298 146 29 sjelfständigt
793 1298 108 28 jordbruk

146 1331 49 22 eller
208 1331 79 28 yrke?"
314 1330 33 21 De
363 1338 43 14 som
420 1331 116 28 godkänna
550 1331 231 22 utskottsbetänkandet
795 1332 47 21 med
856 1336 43 17 ute-

146 1366 93 28 slutning
259 1365 30 28 af
305 1365 24 20 de
343 1365 60 28 först
421 1367 90 20 citerade
526 1367 73 27 orden,
615 1375 66 12 svara
691 1367 109 28 jakande;
816 1367 24 21 de
856 1375 44 13 som

146 1400 67 21 önska
229 1399 60 22 dessa
305 1400 39 21 ord
358 1403 80 18 ersatta
453 1401 29 28 af
494 1401 74 22 orden:
582 1401 54 28 ,har
646 1405 28 18 ett
684 1401 145 30 sjelfständigt
836 1402 63 29 jord-

146 1434 54 22 bruk
215 1434 49 21 eller
277 1434 72 29 yrke",
365 1443 66 13 svara
445 1435 101 22 nekande.
