986 1767
742 140 3 2 +
756 131 38 21 795

146 194 90 23 Prosten
259 196 130 21 Saxbäck
411 195 50 22 ville
484 198 42 18 mot
549 195 42 21 den
610 195 24 21 af
650 195 104 22 utskottet
769 196 54 21 före-

79 229 78 27 slagna
176 229 165 28 förvandlingen
361 229 25 21 af
403 229 60 22 böter
481 230 31 20 till
528 229 99 27 fängelse
642 229 36 21 vid
694 232 74 19 vatten
783 229 39 22 och

80 263 55 21 bröd
157 264 28 27 pä
207 264 25 21 sä
251 264 52 27 läng
320 263 40 28 tid,
385 270 45 15 som
445 263 69 22 skulle
529 265 109 20 motsvara
652 263 134 27 tredjedelen
802 263 25 21 af

80 297 37 21 det
132 297 94 22 ädömda
239 298 176 29 bötesbeloppet,
436 298 112 27 anmärka,
570 299 32 19 att
616 297 50 21 hela
681 298 83 21 straffet
778 297 46 21 ofta

80 338 43 21 nog
138 332 92 21 sålunda
245 332 85 21 komme
344 334 32 19 att
391 332 67 21 blifva
473 339 26 14 en
514 331 91 22 nullitet.
625 331 90 22 Prosten
726 331 97 22 önskade

81 365 83 22 derföre
179 366 90 28 föreslå,
288 373 34 15 om
336 366 50 21 icke
401 367 12 20 4
430 366 67 27 dagar
513 365 63 22 äfven
592 365 7 22 i
615 365 59 22 detta
689 365 38 22 fall
743 365 80 28 skulle,

80 401 73 21 såsom
168 401 68 21 redan
251 401 31 21 uti
298 401 68 21 andra
380 401 71 21 blifvit
465 400 117 28 bestämdt,
603 402 76 25 utgöra
694 400 42 21 den
752 400 71 21 korta-

81 437 32 19 ste
129 435 60 21 tiden
204 435 33 21 för
252 435 114 22 utstående
382 435 24 21 af
419 435 59 22 detta
493 435 67 21 straff.

147 469 35 21 Då
196 469 66 28 ingen
277 469 69 22 talare
361 469 75 22 vidare
452 469 72 22 anhöll
540 476 34 15 om
588 468 69 27 ordet,
677 468 147 23 framställdes

80 503 25 21 af
117 503 48 22 herr
180 503 139 22 talemannen
333 503 96 28 följande
445 503 142 29 proposition:

150 538 129 21 Godkänner
298 539 33 20 det
350 539 126 28 högvördiga
494 538 81 22 ståndet
588 538 9 20 i
612 537 41 21 allo
667 538 109 21 utskottets
792 537 31 21 be-

81 573 106 21 tänkande
202 573 109 28 angående
326 573 68 20 denna
404 573 84 28 fråga?

147 607 137 21 Besvarades
299 607 50 20 med
364 606 111 22 obestridd
489 606 109 28 pluralitet
608 606 104 27 jakande.

148 641 103 21 Ståndets
267 641 70 21 beslut
352 641 46 21 blef
410 641 145 27 följaktligen,
567 642 33 19 att
610 640 213 21 utskottsbetänkan-

80 675 38 21 det
132 675 7 20 i
155 674 42 22 allo
213 674 135 28 godkändes.
377 676 95 20 Hvarom
486 682 55 20 resp.
556 674 142 21 medstånden
710 673 39 22 och
761 680 63 21 expe-

80 708 187 23 ditionsutskottet
282 709 70 22 skulle
368 710 28 27 på
411 709 122 27 sedvanligt
547 708 33 22 vis
596 708 156 22 underrättelse
766 707 58 22 med-

81 743 69 22 delas.

149 778 92 22 Ståndet
257 778 114 27 åtskiljdes
386 778 29 21 kl.
431 779 19 20 2.

589 812 20 16 In
622 811 59 17 fidem:

502 845 50 19 And.
566 845 55 19 John
638 844 120 23 Hornborg.

122 997 112 27 Samma
255 996 58 38 dag
332 996 55 27 den
408 996 36 26 29
466 994 122 28 februari
607 994 40 27 kl.
670 995 16 25 5
709 1004 22 17 e.
753 1004 35 16 m.

150 1053 42 22 Vid
211 1052 65 23 skedt
295 1059 82 21 upprop
398 1052 104 22 befunnos
522 1051 98 21 ständets
638 1050 114 27 samteliga
768 1048 57 22 med-

82 1088 90 21 lemmar
187 1094 52 14 vara
254 1086 117 27 tillstädes,
388 1086 49 21 med
452 1086 111 26 undantag
578 1085 24 20 af
609 1087 87 25 prosten
706 1084 69 21 Lilius
787 1083 39 21 och

82 1121 153 28 kyrkoherden
257 1121 135 26 Rosengren,
416 1120 74 21 hvilka
510 1119 24 21 af
548 1119 57 22 förut
623 1117 123 23 anteeknad
762 1118 64 21 orsak

83 1163 51 14 voro
150 1155 153 28 frånvarande,
320 1157 55 20 samt
391 1154 106 28 biskopen
507 1154 121 26 Frosterus,
640 1159 46 15 som
695 1159 39 15 var
744 1152 82 21 illamå-

85 1191 64 27 ende,
170 1190 40 21 och
225 1190 137 27 vicepastorn
377 1189 119 26 Snellman,
516 1194 46 15 som
577 1187 25 22 af
614 1185 213 30 tjensteåligganden

84 1224 117 22 hindrades
217 1226 32 20 att
264 1225 79 21 bivista
358 1223 59 22 detta
432 1223 92 28 plenum.

152 1293 135 28 Föredrogos
308 1293 95 27 följande
425 1291 199 30 protokollsutdrag
643 1290 47 21 från
704 1289 122 21 ridderska-

85 1331 37 26 pet
137 1328 40 22 och
192 1328 75 21 adeln:

153 1362 22 29 a)
192 1363 24 20 af
229 1363 42 21 den
287 1364 25 19 12
328 1362 102 28 februari,
447 1362 24 21 så
486 1361 104 29 lydande:

154 1397 135 26 »Föredrogs
308 1399 156 18 sammansatta
481 1396 45 26 lag-
542 1395 40 20 och
598 1392 229 22 ekonomieutskottets

84 1431 139 22 betänkande
239 1438 34 14 n:o
289 1431 19 27 4,
328 1430 6 21 i
354 1429 118 27 anledning
486 1429 24 21 af
523 1428 80 26 nådiga
618 1425 160 30 propositionen
793 1431 34 14 n:e
