<?xml version="1.0" encoding="UTF-8"?>
<alto xmlns="http://www.loc.gov/standards/alto/ns-v3#" xmlns:xlink="http://www.w3.org/1999/xlink" xmlns:xsi="http://www.w3.org/2001/XMLSchema-instance" xsi:schemaLocation="http://www.loc.gov/standards/alto/ns-v3# http://www.loc.gov/alto/v3/alto-3-0.xsd">
	<Description>
		<MeasurementUnit>pixel</MeasurementUnit>
		<sourceImageInformation>
			<fileName>/tmp/tess_hugb9xxw_input.PNG</fileName>
		</sourceImageInformation>
		<OCRProcessing ID="OCR_0">
			<ocrProcessingStep>
				<processingSoftware>
					<softwareName>tesseract 5.3.4</softwareName>
				</processingSoftware>
			</ocrProcessingStep>
		</OCRProcessing>
	</Description>
	<Layout>
		<Page WIDTH="989" HEIGHT="1736" PHYSICAL_IMG_NR="0" ID="page_0">
			<PrintSpace HPOS="0" VPOS="0" WIDTH="989" HEIGHT="1736">
				<ComposedBlock ID="cblock_0" HPOS="169" VPOS="137" WIDTH="41" HEIGHT="20">
					<TextBlock ID="block_0" HPOS="169" VPOS="137" WIDTH="41" HEIGHT="20">
						<TextLine ID="line_0" HPOS="169" VPOS="137" WIDTH="41" HEIGHT="20">
							<String ID="string_0" HPOS="169" VPOS="137" WIDTH="41" HEIGHT="20" WC="0.96" CONTENT="494"/>
						</TextLine>
					</TextBlock>
				</ComposedBlock>
				<ComposedBlock ID="cblock_1" HPOS="141" VPOS="197" WIDTH="757" HEIGHT="1259">
					<TextBlock ID="block_1" HPOS="141" VPOS="197" WIDTH="756" HEIGHT="985">
						<TextLine ID="line_1" HPOS="210" VPOS="197" WIDTH="681" HEIGHT="29">
							<String ID="string_1" HPOS="210" VPOS="201" WIDTH="69" HEIGHT="21" WC="0.96" CONTENT="Innan"/><SP WIDTH="12" VPOS="201" HPOS="279"/>
							<String ID="string_2" HPOS="291" VPOS="199" WIDTH="42" HEIGHT="27" WC="0.93" CONTENT="jag"/><SP WIDTH="14" VPOS="199" HPOS="333"/>
							<String ID="string_3" HPOS="347" VPOS="199" WIDTH="83" HEIGHT="21" WC="0.93" CONTENT="lemnar"/><SP WIDTH="15" VPOS="199" HPOS="430"/>
							<String ID="string_4" HPOS="445" VPOS="198" WIDTH="76" HEIGHT="26" WC="0.96" CONTENT="frågan"/><SP WIDTH="16" VPOS="198" HPOS="521"/>
							<String ID="string_5" HPOS="537" VPOS="204" WIDTH="34" HEIGHT="14" WC="0.97" CONTENT="om"/><SP WIDTH="14" VPOS="204" HPOS="571"/>
							<String ID="string_6" HPOS="585" VPOS="199" WIDTH="87" HEIGHT="20" WC="0.95" CONTENT="senaste"/><SP WIDTH="11" VPOS="199" HPOS="672"/>
							<String ID="string_7" HPOS="683" VPOS="197" WIDTH="67" HEIGHT="21" WC="0.93" CONTENT="tiders"/><SP WIDTH="11" VPOS="197" HPOS="750"/>
							<String ID="string_8" HPOS="761" VPOS="197" WIDTH="130" HEIGHT="27" WC="0.92" CONTENT="vetenskap-"/>
						</TextLine>
						<TextLine ID="line_2" HPOS="141" VPOS="230" WIDTH="750" HEIGHT="32">
							<String ID="string_9" HPOS="141" VPOS="235" WIDTH="46" HEIGHT="27" WC="0.93" CONTENT="liga"/><SP WIDTH="15" VPOS="235" HPOS="187"/>
							<String ID="string_10" HPOS="202" VPOS="233" WIDTH="151" HEIGHT="23" WC="0.92" CONTENT="bedömanden"/><SP WIDTH="15" VPOS="233" HPOS="353"/>
							<String ID="string_11" HPOS="368" VPOS="232" WIDTH="26" HEIGHT="22" WC="0.96" CONTENT="af"/><SP WIDTH="12" VPOS="232" HPOS="394"/>
							<String ID="string_12" HPOS="406" VPOS="232" WIDTH="148" HEIGHT="27" WC="0.96" CONTENT="dödsstraffet,"/><SP WIDTH="14" VPOS="232" HPOS="554"/>
							<String ID="string_13" HPOS="568" VPOS="232" WIDTH="37" HEIGHT="21" WC="0.96" CONTENT="vill"/><SP WIDTH="8" VPOS="232" HPOS="605"/>
							<String ID="string_14" HPOS="613" VPOS="232" WIDTH="41" HEIGHT="27" WC="0.96" CONTENT="jag"/><SP WIDTH="10" VPOS="232" HPOS="654"/>
							<String ID="string_15" HPOS="664" VPOS="231" WIDTH="58" HEIGHT="21" WC="0.93" CONTENT="fästa"/><SP WIDTH="11" VPOS="231" HPOS="722"/>
							<String ID="string_16" HPOS="733" VPOS="230" WIDTH="95" HEIGHT="23" WC="0.92" CONTENT="särskild"/><SP WIDTH="11" VPOS="230" HPOS="828"/>
							<String ID="string_17" HPOS="839" VPOS="238" WIDTH="52" HEIGHT="20" WC="0.92" CONTENT="upp-"/>
						</TextLine>
						<TextLine ID="line_3" HPOS="142" VPOS="265" WIDTH="749" HEIGHT="29">
							<String ID="string_18" HPOS="142" VPOS="267" WIDTH="147" HEIGHT="27" WC="0.91" CONTENT="märksamhet"/><SP WIDTH="22" VPOS="267" HPOS="289"/>
							<String ID="string_19" HPOS="311" VPOS="267" WIDTH="75" HEIGHT="27" WC="0.91" CONTENT="derpå,"/><SP WIDTH="24" VPOS="267" HPOS="386"/>
							<String ID="string_20" HPOS="410" VPOS="268" WIDTH="32" HEIGHT="19" WC="0.96" CONTENT="att"/><SP WIDTH="20" VPOS="268" HPOS="442"/>
							<String ID="string_21" HPOS="462" VPOS="266" WIDTH="42" HEIGHT="21" WC="0.96" CONTENT="den"/><SP WIDTH="20" VPOS="266" HPOS="504"/>
							<String ID="string_22" HPOS="524" VPOS="266" WIDTH="103" HEIGHT="21" WC="0.96" CONTENT="berömde"/><SP WIDTH="20" VPOS="266" HPOS="627"/>
							<String ID="string_23" HPOS="647" VPOS="268" WIDTH="117" HEIGHT="19" WC="0.96" CONTENT="veteranen"/><SP WIDTH="18" VPOS="268" HPOS="764"/>
							<String ID="string_24" HPOS="782" VPOS="265" WIDTH="66" HEIGHT="22" WC="0.96" CONTENT="bland"/><SP WIDTH="15" VPOS="265" HPOS="848"/>
							<String ID="string_25" HPOS="863" VPOS="272" WIDTH="28" HEIGHT="14" WC="0.96" CONTENT="nu"/>
						</TextLine>
						<TextLine ID="line_4" HPOS="142" VPOS="299" WIDTH="749" HEIGHT="28">
							<String ID="string_26" HPOS="142" VPOS="302" WIDTH="101" HEIGHT="22" WC="0.84" CONTENT="lefvande."/><SP WIDTH="19" VPOS="302" HPOS="243"/>
							<String ID="string_27" HPOS="262" VPOS="300" WIDTH="161" HEIGHT="27" WC="0.91" CONTENT="kriminalister,"/><SP WIDTH="23" VPOS="300" HPOS="423"/>
							<String ID="string_28" HPOS="446" VPOS="299" WIDTH="109" HEIGHT="28" WC="0.93" CONTENT="professor"/><SP WIDTH="17" VPOS="299" HPOS="555"/>
							<String ID="string_29" HPOS="572" VPOS="299" WIDTH="140" HEIGHT="22" WC="0.91" CONTENT="Mittermaier"/><SP WIDTH="15" VPOS="299" HPOS="712"/>
							<String ID="string_30" HPOS="727" VPOS="299" WIDTH="7" HEIGHT="21" WC="0.96" CONTENT="i"/><SP WIDTH="16" VPOS="299" HPOS="734"/>
							<String ID="string_31" HPOS="750" VPOS="299" WIDTH="141" HEIGHT="28" WC="0.96" CONTENT="Heidelberg,"/>
						</TextLine>
						<TextLine ID="line_5" HPOS="143" VPOS="333" WIDTH="749" HEIGHT="29">
							<String ID="string_32" HPOS="143" VPOS="344" WIDTH="46" HEIGHT="14" WC="0.96" CONTENT="som"/><SP WIDTH="16" VPOS="344" HPOS="189"/>
							<String ID="string_33" HPOS="205" VPOS="335" WIDTH="85" HEIGHT="22" WC="0.96" CONTENT="skrifvit"/><SP WIDTH="15" VPOS="335" HPOS="290"/>
							<String ID="string_34" HPOS="305" VPOS="334" WIDTH="51" HEIGHT="21" WC="0.94" CONTENT="flere"/><SP WIDTH="13" VPOS="334" HPOS="356"/>
							<String ID="string_35" HPOS="369" VPOS="334" WIDTH="129" HEIGHT="21" WC="0.96" CONTENT="hithörande"/><SP WIDTH="17" VPOS="334" HPOS="498"/>
							<String ID="string_36" HPOS="515" VPOS="337" WIDTH="115" HEIGHT="25" WC="0.96" CONTENT="uppsatser"/><SP WIDTH="14" VPOS="337" HPOS="630"/>
							<String ID="string_37" HPOS="644" VPOS="334" WIDTH="7" HEIGHT="21" WC="0.96" CONTENT="i"/><SP WIDTH="16" VPOS="334" HPOS="651"/>
							<String ID="string_38" HPOS="667" VPOS="333" WIDTH="120" HEIGHT="22" WC="0.96" CONTENT="tidskrifter"/><SP WIDTH="13" VPOS="333" HPOS="787"/>
							<String ID="string_39" HPOS="800" VPOS="333" WIDTH="41" HEIGHT="22" WC="0.93" CONTENT="och"/><SP WIDTH="11" VPOS="333" HPOS="841"/>
							<String ID="string_40" HPOS="852" VPOS="333" WIDTH="40" HEIGHT="22" WC="0.92" CONTENT="tid-"/>
						</TextLine>
						<TextLine ID="line_6" HPOS="142" VPOS="367" WIDTH="750" HEIGHT="32">
							<String ID="string_41" HPOS="142" VPOS="371" WIDTH="84" HEIGHT="27" WC="0.95" CONTENT="ningar,"/><SP WIDTH="17" VPOS="371" HPOS="226"/>
							<String ID="string_42" HPOS="243" VPOS="369" WIDTH="38" HEIGHT="30" WC="0.96" CONTENT="och"/><SP WIDTH="18" VPOS="369" HPOS="281"/>
							<String ID="string_43" HPOS="299" VPOS="369" WIDTH="53" HEIGHT="21" WC="0.95" CONTENT="1862"/><SP WIDTH="17" VPOS="369" HPOS="352"/>
							<String ID="string_44" HPOS="369" VPOS="367" WIDTH="63" HEIGHT="29" WC="0.95" CONTENT="utgaf"/><SP WIDTH="12" VPOS="367" HPOS="432"/>
							<String ID="string_45" HPOS="444" VPOS="375" WIDTH="26" HEIGHT="14" WC="0.96" CONTENT="en"/><SP WIDTH="16" VPOS="375" HPOS="470"/>
							<String ID="string_46" HPOS="486" VPOS="369" WIDTH="58" HEIGHT="21" WC="0.96" CONTENT="skild"/><SP WIDTH="14" VPOS="369" HPOS="544"/>
							<String ID="string_47" HPOS="558" VPOS="368" WIDTH="43" HEIGHT="21" WC="0.96" CONTENT="bok"/><SP WIDTH="17" VPOS="368" HPOS="601"/>
							<String ID="string_48" HPOS="618" VPOS="375" WIDTH="34" HEIGHT="14" WC="0.96" CONTENT="om"/><SP WIDTH="12" VPOS="375" HPOS="652"/>
							<String ID="string_49" HPOS="664" VPOS="367" WIDTH="148" HEIGHT="29" WC="0.96" CONTENT="dödsstraffet,"/><SP WIDTH="12" VPOS="367" HPOS="812"/>
							<String ID="string_50" HPOS="824" VPOS="368" WIDTH="31" HEIGHT="21" WC="0.96" CONTENT="uti"/><SP WIDTH="11" VPOS="368" HPOS="855"/>
							<String ID="string_51" HPOS="866" VPOS="375" WIDTH="26" HEIGHT="14" WC="0.96" CONTENT="en"/>
						</TextLine>
						<TextLine ID="line_7" HPOS="143" VPOS="402" WIDTH="748" HEIGHT="28">
							<String ID="string_52" HPOS="143" VPOS="404" WIDTH="134" HEIGHT="23" WC="0.96" CONTENT="sistnämnde"/><SP WIDTH="16" VPOS="404" HPOS="277"/>
							<String ID="string_53" HPOS="293" VPOS="404" WIDTH="23" HEIGHT="20" WC="0.96" CONTENT="år"/><SP WIDTH="15" VPOS="404" HPOS="316"/>
							<String ID="string_54" HPOS="331" VPOS="403" WIDTH="7" HEIGHT="21" WC="0.93" CONTENT="i"/><SP WIDTH="17" VPOS="403" HPOS="338"/>
							<String ID="string_55" HPOS="355" VPOS="420" WIDTH="8" HEIGHT="9" WC="0.59" CONTENT=","/><SP WIDTH="5" VPOS="420" HPOS="363"/>
							<String ID="string_56" HPOS="368" VPOS="403" WIDTH="135" HEIGHT="27" WC="0.59" CONTENT="Allgemeine"/><SP WIDTH="15" VPOS="403" HPOS="503"/>
							<String ID="string_57" HPOS="518" VPOS="402" WIDTH="110" HEIGHT="22" WC="0.93" CONTENT="Deutsche"/><SP WIDTH="16" VPOS="402" HPOS="628"/>
							<String ID="string_58" HPOS="644" VPOS="402" WIDTH="247" HEIGHT="27" WC="0.87" CONTENT="Strafrechts-Zeitung*"/>
						</TextLine>
						<TextLine ID="line_8" HPOS="142" VPOS="436" WIDTH="751" HEIGHT="29">
							<String ID="string_59" HPOS="142" VPOS="439" WIDTH="71" HEIGHT="22" WC="0.92" CONTENT="införd"/><SP WIDTH="16" VPOS="439" HPOS="213"/>
							<String ID="string_60" HPOS="229" VPOS="438" WIDTH="79" HEIGHT="26" WC="0.95" CONTENT="artikel"/><SP WIDTH="16" VPOS="438" HPOS="308"/>
							<String ID="string_61" HPOS="324" VPOS="437" WIDTH="6" HEIGHT="21" WC="0.93" CONTENT="i"/><SP WIDTH="16" VPOS="437" HPOS="330"/>
							<String ID="string_62" HPOS="346" VPOS="437" WIDTH="85" HEIGHT="28" WC="0.90" CONTENT="frägan,"/><SP WIDTH="17" VPOS="437" HPOS="431"/>
							<String ID="string_63" HPOS="448" VPOS="439" WIDTH="69" HEIGHT="26" WC="0.96" CONTENT="säger,"/><SP WIDTH="15" VPOS="439" HPOS="517"/>
							<String ID="string_64" HPOS="532" VPOS="438" WIDTH="32" HEIGHT="20" WC="0.96" CONTENT="att"/><SP WIDTH="10" VPOS="438" HPOS="564"/>
							<String ID="string_65" HPOS="574" VPOS="436" WIDTH="43" HEIGHT="22" WC="0.95" CONTENT="han"/><SP WIDTH="11" VPOS="436" HPOS="617"/>
							<String ID="string_66" HPOS="628" VPOS="437" WIDTH="7" HEIGHT="20" WC="0.96" CONTENT="i"/><SP WIDTH="11" VPOS="437" HPOS="635"/>
							<String ID="string_67" HPOS="646" VPOS="437" WIDTH="27" HEIGHT="21" WC="0.96" CONTENT="50"/><SP WIDTH="11" VPOS="437" HPOS="673"/>
							<String ID="string_68" HPOS="684" VPOS="437" WIDTH="24" HEIGHT="21" WC="0.93" CONTENT="är"/><SP WIDTH="10" VPOS="437" HPOS="708"/>
							<String ID="string_69" HPOS="718" VPOS="438" WIDTH="175" HEIGHT="26" WC="0.92" CONTENT="samvetsgrannt"/>
						</TextLine>
						<TextLine ID="line_9" HPOS="145" VPOS="471" WIDTH="747" HEIGHT="28">
							<String ID="string_70" HPOS="145" VPOS="474" WIDTH="89" HEIGHT="21" WC="0.95" CONTENT="anställt"/><SP WIDTH="15" VPOS="474" HPOS="234"/>
							<String ID="string_71" HPOS="249" VPOS="472" WIDTH="138" HEIGHT="27" WC="0.96" CONTENT="forskningar"/><SP WIDTH="16" VPOS="472" HPOS="387"/>
							<String ID="string_72" HPOS="403" VPOS="471" WIDTH="39" HEIGHT="22" WC="0.93" CONTENT="och"/><SP WIDTH="15" VPOS="471" HPOS="442"/>
							<String ID="string_73" HPOS="457" VPOS="471" WIDTH="144" HEIGHT="28" WC="0.96" CONTENT="iakttagelser"/><SP WIDTH="15" VPOS="471" HPOS="601"/>
							<String ID="string_74" HPOS="616" VPOS="471" WIDTH="114" HEIGHT="28" WC="0.96" CONTENT="angående"/><SP WIDTH="14" VPOS="471" HPOS="730"/>
							<String ID="string_75" HPOS="744" VPOS="471" WIDTH="148" HEIGHT="27" WC="0.94" CONTENT="dödsstraffet,"/>
						</TextLine>
						<TextLine ID="line_10" HPOS="144" VPOS="505" WIDTH="749" HEIGHT="28">
							<String ID="string_76" HPOS="144" VPOS="510" WIDTH="32" HEIGHT="19" WC="0.95" CONTENT="att"/><SP WIDTH="15" VPOS="510" HPOS="176"/>
							<String ID="string_77" HPOS="191" VPOS="508" WIDTH="43" HEIGHT="20" WC="0.94" CONTENT="han"/><SP WIDTH="14" VPOS="508" HPOS="234"/>
							<String ID="string_78" HPOS="248" VPOS="507" WIDTH="69" HEIGHT="22" WC="0.96" CONTENT="under"/><SP WIDTH="16" VPOS="507" HPOS="317"/>
							<String ID="string_79" HPOS="333" VPOS="506" WIDTH="71" HEIGHT="21" WC="0.96" CONTENT="denna"/><SP WIDTH="15" VPOS="506" HPOS="404"/>
							<String ID="string_80" HPOS="419" VPOS="505" WIDTH="32" HEIGHT="22" WC="0.95" CONTENT="tid"/><SP WIDTH="11" VPOS="505" HPOS="451"/>
							<String ID="string_81" HPOS="462" VPOS="506" WIDTH="97" HEIGHT="27" WC="0.95" CONTENT="ständigt"/><SP WIDTH="9" VPOS="506" HPOS="559"/>
							<String ID="string_82" HPOS="568" VPOS="505" WIDTH="52" HEIGHT="28" WC="0.96" CONTENT="hyst"/><SP WIDTH="10" VPOS="505" HPOS="620"/>
							<String ID="string_83" HPOS="630" VPOS="505" WIDTH="42" HEIGHT="22" WC="0.96" CONTENT="den"/><SP WIDTH="12" VPOS="505" HPOS="672"/>
							<String ID="string_84" HPOS="684" VPOS="505" WIDTH="91" HEIGHT="27" WC="0.95" CONTENT="tanken,"/><SP WIDTH="11" VPOS="505" HPOS="775"/>
							<String ID="string_85" HPOS="786" VPOS="508" WIDTH="32" HEIGHT="19" WC="0.93" CONTENT="att"/><SP WIDTH="12" VPOS="508" HPOS="818"/>
							<String ID="string_86" HPOS="830" VPOS="505" WIDTH="63" HEIGHT="22" WC="0.91" CONTENT="döds-"/>
						</TextLine>
						<TextLine ID="line_11" HPOS="143" VPOS="539" WIDTH="749" HEIGHT="29">
							<String ID="string_87" HPOS="143" VPOS="542" WIDTH="83" HEIGHT="22" WC="0.96" CONTENT="straffet"/><SP WIDTH="15" VPOS="542" HPOS="226"/>
							<String ID="string_88" HPOS="241" VPOS="541" WIDTH="67" HEIGHT="22" WC="0.92" CONTENT="borde"/><SP WIDTH="16" VPOS="541" HPOS="308"/>
							<String ID="string_89" HPOS="324" VPOS="540" WIDTH="115" HEIGHT="28" WC="0.90" CONTENT="afskaffas,"/><SP WIDTH="15" VPOS="540" HPOS="439"/>
							<String ID="string_90" HPOS="454" VPOS="547" WIDTH="50" HEIGHT="14" WC="0.96" CONTENT="men"/><SP WIDTH="16" VPOS="547" HPOS="504"/>
							<String ID="string_91" HPOS="520" VPOS="542" WIDTH="32" HEIGHT="19" WC="0.96" CONTENT="att"/><SP WIDTH="15" VPOS="542" HPOS="552"/>
							<String ID="string_92" HPOS="567" VPOS="540" WIDTH="43" HEIGHT="21" WC="0.96" CONTENT="han"/><SP WIDTH="16" VPOS="540" HPOS="610"/>
							<String ID="string_93" HPOS="626" VPOS="542" WIDTH="58" HEIGHT="19" WC="0.96" CONTENT="ännu"/><SP WIDTH="15" VPOS="542" HPOS="684"/>
							<String ID="string_94" HPOS="699" VPOS="540" WIDTH="33" HEIGHT="22" WC="0.96" CONTENT="för"/><SP WIDTH="15" VPOS="540" HPOS="732"/>
							<String ID="string_95" HPOS="747" VPOS="541" WIDTH="27" HEIGHT="20" WC="0.96" CONTENT="20"/><SP WIDTH="16" VPOS="541" HPOS="774"/>
							<String ID="string_96" HPOS="790" VPOS="540" WIDTH="24" HEIGHT="21" WC="0.95" CONTENT="år"/><SP WIDTH="10" VPOS="540" HPOS="814"/>
							<String ID="string_97" HPOS="824" VPOS="539" WIDTH="68" HEIGHT="22" WC="0.96" CONTENT="sedan"/>
						</TextLine>
						<TextLine ID="line_12" HPOS="143" VPOS="574" WIDTH="750" HEIGHT="28">
							<String ID="string_98" HPOS="143" VPOS="577" WIDTH="6" HEIGHT="20" WC="0.96" CONTENT="i"/><SP WIDTH="16" VPOS="577" HPOS="149"/>
							<String ID="string_99" HPOS="165" VPOS="576" WIDTH="55" HEIGHT="26" WC="0.96" CONTENT="följd"/><SP WIDTH="19" VPOS="576" HPOS="220"/>
							<String ID="string_100" HPOS="239" VPOS="575" WIDTH="24" HEIGHT="21" WC="0.92" CONTENT="af"/><SP WIDTH="17" VPOS="575" HPOS="263"/>
							<String ID="string_101" HPOS="280" VPOS="575" WIDTH="37" HEIGHT="21" WC="0.96" CONTENT="det"/><SP WIDTH="16" VPOS="575" HPOS="317"/>
							<String ID="string_102" HPOS="333" VPOS="574" WIDTH="127" HEIGHT="28" WC="0.95" CONTENT="inflytande,"/><SP WIDTH="24" VPOS="574" HPOS="460"/>
							<String ID="string_103" HPOS="484" VPOS="580" WIDTH="26" HEIGHT="15" WC="0.95" CONTENT="en"/><SP WIDTH="16" VPOS="580" HPOS="510"/>
							<String ID="string_104" HPOS="526" VPOS="575" WIDTH="57" HEIGHT="21" WC="0.95" CONTENT="falsk"/><SP WIDTH="15" VPOS="575" HPOS="583"/>
							<String ID="string_105" HPOS="598" VPOS="574" WIDTH="53" HEIGHT="21" WC="0.96" CONTENT="teori"/><SP WIDTH="17" VPOS="574" HPOS="651"/>
							<String ID="string_106" HPOS="668" VPOS="581" WIDTH="34" HEIGHT="14" WC="0.96" CONTENT="om"/><SP WIDTH="16" VPOS="581" HPOS="702"/>
							<String ID="string_107" HPOS="718" VPOS="574" WIDTH="106" HEIGHT="21" WC="0.90" CONTENT="rättvisan"/><SP WIDTH="16" VPOS="574" HPOS="824"/>
							<String ID="string_108" HPOS="840" VPOS="574" WIDTH="53" HEIGHT="21" WC="0.90" CONTENT="utöf-"/>
						</TextLine>
						<TextLine ID="line_13" HPOS="144" VPOS="608" WIDTH="750" HEIGHT="29">
							<String ID="string_109" HPOS="144" VPOS="610" WIDTH="57" HEIGHT="21" WC="0.91" CONTENT="vade"/><SP WIDTH="15" VPOS="610" HPOS="201"/>
							<String ID="string_110" HPOS="216" VPOS="610" WIDTH="28" HEIGHT="27" WC="0.96" CONTENT="pä"/><SP WIDTH="10" VPOS="610" HPOS="244"/>
							<String ID="string_111" HPOS="254" VPOS="609" WIDTH="92" HEIGHT="27" WC="0.86" CONTENT=":honom,"/><SP WIDTH="21" VPOS="609" HPOS="346"/>
							<String ID="string_112" HPOS="367" VPOS="608" WIDTH="49" HEIGHT="22" WC="0.96" CONTENT="icke"/><SP WIDTH="15" VPOS="608" HPOS="416"/>
							<String ID="string_113" HPOS="431" VPOS="608" WIDTH="85" HEIGHT="27" WC="0.96" CONTENT="vågade"/><SP WIDTH="16" VPOS="608" HPOS="516"/>
							<String ID="string_114" HPOS="532" VPOS="609" WIDTH="92" HEIGHT="27" WC="0.96" CONTENT="angripa"/><SP WIDTH="16" VPOS="609" HPOS="624"/>
							<String ID="string_115" HPOS="640" VPOS="608" WIDTH="150" HEIGHT="22" WC="0.93" CONTENT="dödsstraffets"/><SP WIDTH="16" VPOS="608" HPOS="790"/>
							<String ID="string_116" HPOS="806" VPOS="610" WIDTH="88" HEIGHT="19" WC="0.92" CONTENT="rättmä-"/>
						</TextLine>
						<TextLine ID="line_14" HPOS="145" VPOS="642" WIDTH="748" HEIGHT="30">
							<String ID="string_117" HPOS="145" VPOS="644" WIDTH="77" HEIGHT="28" WC="0.90" CONTENT="tighet,"/><SP WIDTH="16" VPOS="644" HPOS="222"/>
							<String ID="string_118" HPOS="238" VPOS="643" WIDTH="39" HEIGHT="22" WC="0.96" CONTENT="och"/><SP WIDTH="17" VPOS="643" HPOS="277"/>
							<String ID="string_119" HPOS="294" VPOS="642" WIDTH="76" HEIGHT="22" WC="0.96" CONTENT="endast"/><SP WIDTH="16" VPOS="642" HPOS="370"/>
							<String ID="string_120" HPOS="386" VPOS="642" WIDTH="76" HEIGHT="22" WC="0.96" CONTENT="leddes"/><SP WIDTH="14" VPOS="642" HPOS="462"/>
							<String ID="string_121" HPOS="476" VPOS="642" WIDTH="26" HEIGHT="21" WC="0.96" CONTENT="af"/><SP WIDTH="12" VPOS="642" HPOS="502"/>
							<String ID="string_122" HPOS="514" VPOS="642" WIDTH="41" HEIGHT="22" WC="0.92" CONTENT="den"/><SP WIDTH="17" VPOS="642" HPOS="555"/>
							<String ID="string_123" HPOS="572" VPOS="643" WIDTH="86" HEIGHT="26" WC="0.91" CONTENT="åsigten"/><SP WIDTH="16" VPOS="643" HPOS="658"/>
							<String ID="string_124" HPOS="674" VPOS="644" WIDTH="32" HEIGHT="20" WC="0.95" CONTENT="att"/><SP WIDTH="10" VPOS="644" HPOS="706"/>
							<String ID="string_125" HPOS="716" VPOS="642" WIDTH="36" HEIGHT="22" WC="0.95" CONTENT="vid"/><SP WIDTH="12" VPOS="642" HPOS="752"/>
							<String ID="string_126" HPOS="764" VPOS="642" WIDTH="88" HEIGHT="28" WC="0.92" CONTENT="frågans"/><SP WIDTH="12" VPOS="642" HPOS="852"/>
							<String ID="string_127" HPOS="864" VPOS="642" WIDTH="29" HEIGHT="22" WC="0.92" CONTENT="af-"/>
						</TextLine>
						<TextLine ID="line_15" HPOS="144" VPOS="676" WIDTH="753" HEIGHT="30">
							<String ID="string_128" HPOS="144" VPOS="678" WIDTH="96" HEIGHT="28" WC="0.90" CONTENT="görande"/><SP WIDTH="21" VPOS="678" HPOS="240"/>
							<String ID="string_129" HPOS="261" VPOS="678" WIDTH="39" HEIGHT="20" WC="0.87" CONTENT="&#39;allt"/><SP WIDTH="15" VPOS="678" HPOS="300"/>
							<String ID="string_130" HPOS="315" VPOS="676" WIDTH="115" HEIGHT="22" WC="0.91" CONTENT="ankomme"/><SP WIDTH="16" VPOS="676" HPOS="430"/>
							<String ID="string_131" HPOS="446" VPOS="677" WIDTH="68" HEIGHT="27" WC="0.91" CONTENT="derpå"/><SP WIDTH="15" VPOS="677" HPOS="514"/>
							<String ID="string_132" HPOS="529" VPOS="679" WIDTH="32" HEIGHT="19" WC="0.93" CONTENT="att"/><SP WIDTH="15" VPOS="679" HPOS="561"/>
							<String ID="string_133" HPOS="576" VPOS="676" WIDTH="76" HEIGHT="29" WC="0.92" CONTENT="pröfva"/><SP WIDTH="14" VPOS="676" HPOS="652"/>
							<String ID="string_134" HPOS="666" VPOS="677" WIDTH="190" HEIGHT="27" WC="0.94" CONTENT="nödvändigheten"/><SP WIDTH="17" VPOS="677" HPOS="856"/>
							<String ID="string_135" HPOS="873" VPOS="676" WIDTH="24" HEIGHT="21" WC="0.96" CONTENT="af"/>
						</TextLine>
						<TextLine ID="line_16" HPOS="145" VPOS="710" WIDTH="749" HEIGHT="29">
							<String ID="string_136" HPOS="145" VPOS="713" WIDTH="50" HEIGHT="21" WC="0.96" CONTENT="dess"/><SP WIDTH="14" VPOS="713" HPOS="195"/>
							<String ID="string_137" HPOS="209" VPOS="710" WIDTH="155" HEIGHT="24" WC="0.96" CONTENT="bibehållande"/><SP WIDTH="15" VPOS="710" HPOS="364"/>
							<String ID="string_138" HPOS="379" VPOS="711" WIDTH="6" HEIGHT="20" WC="0.96" CONTENT="i"/><SP WIDTH="18" VPOS="711" HPOS="385"/>
							<String ID="string_139" HPOS="403" VPOS="718" WIDTH="25" HEIGHT="14" WC="0.95" CONTENT="en"/><SP WIDTH="16" VPOS="718" HPOS="428"/>
							<String ID="string_140" HPOS="444" VPOS="711" WIDTH="44" HEIGHT="21" WC="0.96" CONTENT="viss"/><SP WIDTH="12" VPOS="711" HPOS="488"/>
							<String ID="string_141" HPOS="500" VPOS="713" WIDTH="52" HEIGHT="26" WC="0.96" CONTENT="stat,"/><SP WIDTH="13" VPOS="713" HPOS="552"/>
							<String ID="string_142" HPOS="565" VPOS="711" WIDTH="40" HEIGHT="21" WC="0.96" CONTENT="och"/><SP WIDTH="11" VPOS="711" HPOS="605"/>
							<String ID="string_143" HPOS="616" VPOS="712" WIDTH="32" HEIGHT="20" WC="0.96" CONTENT="att"/><SP WIDTH="11" VPOS="712" HPOS="648"/>
							<String ID="string_144" HPOS="659" VPOS="712" WIDTH="32" HEIGHT="20" WC="0.96" CONTENT="till"/><SP WIDTH="12" VPOS="712" HPOS="691"/>
							<String ID="string_145" HPOS="703" VPOS="718" WIDTH="26" HEIGHT="14" WC="0.96" CONTENT="en"/><SP WIDTH="11" VPOS="718" HPOS="729"/>
							<String ID="string_146" HPOS="740" VPOS="712" WIDTH="75" HEIGHT="26" WC="0.96" CONTENT="början"/><SP WIDTH="12" VPOS="712" HPOS="815"/>
							<String ID="string_147" HPOS="827" VPOS="711" WIDTH="67" HEIGHT="21" WC="0.96" CONTENT="verka"/>
						</TextLine>
						<TextLine ID="line_17" HPOS="146" VPOS="745" WIDTH="748" HEIGHT="29">
							<String ID="string_148" HPOS="146" VPOS="746" WIDTH="90" HEIGHT="28" WC="0.91" CONTENT="derhän,"/><SP WIDTH="22" VPOS="746" HPOS="236"/>
							<String ID="string_149" HPOS="258" VPOS="747" WIDTH="32" HEIGHT="20" WC="0.96" CONTENT="att"/><SP WIDTH="15" VPOS="747" HPOS="290"/>
							<String ID="string_150" HPOS="305" VPOS="745" WIDTH="155" HEIGHT="21" WC="0.96" CONTENT="användandet"/><SP WIDTH="14" VPOS="745" HPOS="460"/>
							<String ID="string_151" HPOS="474" VPOS="745" WIDTH="24" HEIGHT="21" WC="0.95" CONTENT="af"/><SP WIDTH="13" VPOS="745" HPOS="498"/>
							<String ID="string_152" HPOS="511" VPOS="745" WIDTH="139" HEIGHT="21" WC="0.96" CONTENT="dödsstraffet"/><SP WIDTH="16" VPOS="745" HPOS="650"/>
							<String ID="string_153" HPOS="666" VPOS="746" WIDTH="70" HEIGHT="21" WC="0.93" CONTENT="skulle"/><SP WIDTH="16" VPOS="746" HPOS="736"/>
							<String ID="string_154" HPOS="752" VPOS="746" WIDTH="142" HEIGHT="27" WC="0.91" CONTENT="inskränkas;"/>
						</TextLine>
						<TextLine ID="line_18" HPOS="145" VPOS="779" WIDTH="750" HEIGHT="30">
							<String ID="string_155" HPOS="145" VPOS="784" WIDTH="32" HEIGHT="18" WC="0.96" CONTENT="att"/><SP WIDTH="14" VPOS="784" HPOS="177"/>
							<String ID="string_156" HPOS="191" VPOS="781" WIDTH="43" HEIGHT="21" WC="0.96" CONTENT="han"/><SP WIDTH="15" VPOS="781" HPOS="234"/>
							<String ID="string_157" HPOS="249" VPOS="786" WIDTH="28" HEIGHT="23" WC="0.88" CONTENT="mu"/><SP WIDTH="16" VPOS="786" HPOS="277"/>
							<String ID="string_158" HPOS="293" VPOS="780" WIDTH="7" HEIGHT="20" WC="0.96" CONTENT="i"/><SP WIDTH="15" VPOS="780" HPOS="300"/>
							<String ID="string_159" HPOS="315" VPOS="786" WIDTH="26" HEIGHT="15" WC="0.96" CONTENT="en"/><SP WIDTH="16" VPOS="786" HPOS="341"/>
							<String ID="string_160" HPOS="357" VPOS="779" WIDTH="60" HEIGHT="21" WC="0.96" CONTENT="ålder"/><SP WIDTH="15" VPOS="779" HPOS="417"/>
							<String ID="string_161" HPOS="432" VPOS="780" WIDTH="6" HEIGHT="20" WC="0.96" CONTENT="i"/><SP WIDTH="15" VPOS="780" HPOS="438"/>
							<String ID="string_162" HPOS="453" VPOS="779" WIDTH="89" HEIGHT="22" WC="0.96" CONTENT="hvilken"/><SP WIDTH="16" VPOS="779" HPOS="542"/>
							<String ID="string_163" HPOS="558" VPOS="780" WIDTH="39" HEIGHT="21" WC="0.93" CONTENT="allt"/><SP WIDTH="17" VPOS="780" HPOS="597"/>
							<String ID="string_164" HPOS="614" VPOS="780" WIDTH="182" HEIGHT="26" WC="0.65" CONTENT=",Rechthaberci*"/><SP WIDTH="18" VPOS="780" HPOS="796"/>
							<String ID="string_165" HPOS="814" VPOS="780" WIDTH="39" HEIGHT="21" WC="0.93" CONTENT="och"/><SP WIDTH="11" VPOS="780" HPOS="853"/>
							<String ID="string_166" HPOS="864" VPOS="780" WIDTH="31" HEIGHT="21" WC="0.93" CONTENT="få-"/>
						</TextLine>
						<TextLine ID="line_19" HPOS="144" VPOS="814" WIDTH="752" HEIGHT="28">
							<String ID="string_167" HPOS="144" VPOS="816" WIDTH="67" HEIGHT="26" WC="0.90" CONTENT="fänga"/><SP WIDTH="15" VPOS="816" HPOS="211"/>
							<String ID="string_168" HPOS="226" VPOS="814" WIDTH="129" HEIGHT="28" WC="0.96" CONTENT="försvunnit,"/><SP WIDTH="19" VPOS="814" HPOS="355"/>
							<String ID="string_169" HPOS="374" VPOS="814" WIDTH="3" HEIGHT="20" WC="0.96" CONTENT="i"/><SP WIDTH="17" VPOS="814" HPOS="377"/>
							<String ID="string_170" HPOS="394" VPOS="821" WIDTH="27" HEIGHT="14" WC="0.96" CONTENT="en"/><SP WIDTH="16" VPOS="821" HPOS="421"/>
							<String ID="string_171" HPOS="437" VPOS="814" WIDTH="66" HEIGHT="28" WC="0.95" CONTENT="ålder,"/><SP WIDTH="17" VPOS="814" HPOS="503"/>
							<String ID="string_172" HPOS="520" VPOS="814" WIDTH="6" HEIGHT="21" WC="0.96" CONTENT="i"/><SP WIDTH="16" VPOS="814" HPOS="526"/>
							<String ID="string_173" HPOS="542" VPOS="814" WIDTH="90" HEIGHT="22" WC="0.93" CONTENT="hvilken"/><SP WIDTH="15" VPOS="814" HPOS="632"/>
							<String ID="string_174" HPOS="647" VPOS="815" WIDTH="72" HEIGHT="21" WC="0.91" CONTENT="lifvets"/><SP WIDTH="17" VPOS="815" HPOS="719"/>
							<String ID="string_175" HPOS="736" VPOS="815" WIDTH="68" HEIGHT="21" WC="0.96" CONTENT="allvar"/><SP WIDTH="16" VPOS="815" HPOS="804"/>
							<String ID="string_176" HPOS="820" VPOS="822" WIDTH="76" HEIGHT="14" WC="0.96" CONTENT="manar"/>
						</TextLine>
						<TextLine ID="line_20" HPOS="145" VPOS="848" WIDTH="751" HEIGHT="28">
							<String ID="string_177" HPOS="145" VPOS="850" WIDTH="32" HEIGHT="20" WC="0.87" CONTENT="till"/><SP WIDTH="23" VPOS="850" HPOS="177"/>
							<String ID="string_178" HPOS="200" VPOS="849" WIDTH="41" HEIGHT="21" WC="0.93" CONTENT="den"/><SP WIDTH="24" VPOS="849" HPOS="241"/>
							<String ID="string_179" HPOS="265" VPOS="850" WIDTH="80" HEIGHT="20" WC="0.91" CONTENT=":största"/><SP WIDTH="23" VPOS="850" HPOS="345"/>
							<String ID="string_180" HPOS="368" VPOS="848" WIDTH="202" HEIGHT="27" WC="0.90" CONTENT="samvetsgrannhet"/><SP WIDTH="20" VPOS="848" HPOS="570"/>
							<String ID="string_181" HPOS="590" VPOS="849" WIDTH="39" HEIGHT="21" WC="0.96" CONTENT="och"/><SP WIDTH="20" VPOS="849" HPOS="629"/>
							<String ID="string_182" HPOS="649" VPOS="856" WIDTH="86" HEIGHT="20" WC="0.96" CONTENT="omsorg"/><SP WIDTH="15" VPOS="856" HPOS="735"/>
							<String ID="string_183" HPOS="750" VPOS="851" WIDTH="32" HEIGHT="19" WC="0.96" CONTENT="att"/><SP WIDTH="15" VPOS="851" HPOS="782"/>
							<String ID="string_184" HPOS="797" VPOS="849" WIDTH="99" HEIGHT="21" WC="0.96" CONTENT="utforska"/>
						</TextLine>
						<TextLine ID="line_21" HPOS="146" VPOS="882" WIDTH="750" HEIGHT="29">
							<String ID="string_185" HPOS="146" VPOS="884" WIDTH="130" HEIGHT="27" WC="0.96" CONTENT="sanningen,"/><SP WIDTH="21" VPOS="884" HPOS="276"/>
							<String ID="string_186" HPOS="297" VPOS="883" WIDTH="37" HEIGHT="20" WC="0.93" CONTENT="vid"/><SP WIDTH="21" VPOS="883" HPOS="334"/>
							<String ID="string_187" HPOS="355" VPOS="882" WIDTH="203" HEIGHT="28" WC="0.91" CONTENT="offentliggörandet"/><SP WIDTH="21" VPOS="882" HPOS="558"/>
							<String ID="string_188" HPOS="579" VPOS="883" WIDTH="24" HEIGHT="21" WC="0.96" CONTENT="af"/><SP WIDTH="17" VPOS="883" HPOS="603"/>
							<String ID="string_189" HPOS="620" VPOS="883" WIDTH="33" HEIGHT="22" WC="0.96" CONTENT="sin"/><SP WIDTH="14" VPOS="883" HPOS="653"/>
							<String ID="string_190" HPOS="667" VPOS="883" WIDTH="63" HEIGHT="21" WC="0.96" CONTENT="skrift"/><SP WIDTH="16" VPOS="883" HPOS="730"/>
							<String ID="string_191" HPOS="746" VPOS="883" WIDTH="78" HEIGHT="21" WC="0.96" CONTENT="endast"/><SP WIDTH="16" VPOS="883" HPOS="824"/>
							<String ID="string_192" HPOS="840" VPOS="883" WIDTH="56" HEIGHT="21" WC="0.96" CONTENT="varit"/>
						</TextLine>
						<TextLine ID="line_22" HPOS="145" VPOS="916" WIDTH="751" HEIGHT="29">
							<String ID="string_193" HPOS="145" VPOS="917" WIDTH="51" HEIGHT="22" WC="0.96" CONTENT="ledd"/><SP WIDTH="16" VPOS="917" HPOS="196"/>
							<String ID="string_194" HPOS="212" VPOS="917" WIDTH="25" HEIGHT="21" WC="0.90" CONTENT="af"/><SP WIDTH="12" VPOS="917" HPOS="237"/>
							<String ID="string_195" HPOS="249" VPOS="917" WIDTH="135" HEIGHT="22" WC="0.90" CONTENT="sträfvandet"/><SP WIDTH="17" VPOS="917" HPOS="384"/>
							<String ID="string_196" HPOS="401" VPOS="919" WIDTH="31" HEIGHT="18" WC="0.96" CONTENT="att"/><SP WIDTH="15" VPOS="919" HPOS="432"/>
							<String ID="string_197" HPOS="447" VPOS="917" WIDTH="53" HEIGHT="27" WC="0.96" CONTENT="följa"/><SP WIDTH="15" VPOS="917" HPOS="500"/>
							<String ID="string_198" HPOS="515" VPOS="916" WIDTH="41" HEIGHT="22" WC="0.96" CONTENT="den"/><SP WIDTH="16" VPOS="916" HPOS="556"/>
							<String ID="string_199" HPOS="572" VPOS="917" WIDTH="116" HEIGHT="28" WC="0.96" CONTENT="praktiska"/><SP WIDTH="18" VPOS="917" HPOS="688"/>
							<String ID="string_200" HPOS="706" VPOS="917" WIDTH="134" HEIGHT="28" WC="0.96" CONTENT="riktningen,"/><SP WIDTH="24" VPOS="917" HPOS="840"/>
							<String ID="string_201" HPOS="864" VPOS="919" WIDTH="32" HEIGHT="19" WC="0.96" CONTENT="att"/>
						</TextLine>
						<TextLine ID="line_23" HPOS="145" VPOS="947" WIDTH="751" HEIGHT="32">
							<String ID="string_202" HPOS="145" VPOS="952" WIDTH="43" HEIGHT="21" WC="0.96" CONTENT="han"/><SP WIDTH="23" VPOS="952" HPOS="188"/>
							<String ID="string_203" HPOS="211" VPOS="947" WIDTH="99" HEIGHT="26" WC="0.96" CONTENT="undvikit"/><SP WIDTH="23" VPOS="947" HPOS="310"/>
							<String ID="string_204" HPOS="333" VPOS="953" WIDTH="31" HEIGHT="19" WC="0.96" CONTENT="att"/><SP WIDTH="23" VPOS="953" HPOS="364"/>
							<String ID="string_205" HPOS="387" VPOS="951" WIDTH="37" HEIGHT="21" WC="0.96" CONTENT="vid"/><SP WIDTH="21" VPOS="951" HPOS="424"/>
							<String ID="string_206" HPOS="445" VPOS="951" WIDTH="189" HEIGHT="27" WC="0.96" CONTENT="framställningen"/><SP WIDTH="20" VPOS="951" HPOS="634"/>
							<String ID="string_207" HPOS="654" VPOS="951" WIDTH="25" HEIGHT="22" WC="0.96" CONTENT="af"/><SP WIDTH="13" VPOS="951" HPOS="679"/>
							<String ID="string_208" HPOS="692" VPOS="952" WIDTH="48" HEIGHT="21" WC="0.96" CONTENT="sina"/><SP WIDTH="15" VPOS="952" HPOS="740"/>
							<String ID="string_209" HPOS="755" VPOS="951" WIDTH="94" HEIGHT="28" WC="0.96" CONTENT="grunder"/><SP WIDTH="15" VPOS="951" HPOS="849"/>
							<String ID="string_210" HPOS="864" VPOS="951" WIDTH="32" HEIGHT="22" WC="0.95" CONTENT="för"/>
						</TextLine>
						<TextLine ID="line_24" HPOS="146" VPOS="985" WIDTH="749" HEIGHT="28">
							<String ID="string_211" HPOS="146" VPOS="985" WIDTH="151" HEIGHT="22" WC="0.93" CONTENT="dödsstraffets"/><SP WIDTH="16" VPOS="985" HPOS="297"/>
							<String ID="string_212" HPOS="313" VPOS="985" WIDTH="136" HEIGHT="22" WC="0.92" CONTENT="afskaffande"/><SP WIDTH="16" VPOS="985" HPOS="449"/>
							<String ID="string_213" HPOS="465" VPOS="985" WIDTH="73" HEIGHT="28" WC="0.96" CONTENT="bygga"/><SP WIDTH="14" VPOS="985" HPOS="538"/>
							<String ID="string_214" HPOS="552" VPOS="986" WIDTH="30" HEIGHT="27" WC="0.96" CONTENT="på"/><SP WIDTH="14" VPOS="986" HPOS="582"/>
							<String ID="string_215" HPOS="596" VPOS="986" WIDTH="72" HEIGHT="27" WC="0.96" CONTENT="någon"/><SP WIDTH="16" VPOS="986" HPOS="668"/>
							<String ID="string_216" HPOS="684" VPOS="986" WIDTH="59" HEIGHT="27" WC="0.93" CONTENT="slags"/><SP WIDTH="14" VPOS="986" HPOS="743"/>
							<String ID="string_217" HPOS="757" VPOS="985" WIDTH="138" HEIGHT="22" WC="0.92" CONTENT="sentimenta-"/>
						</TextLine>
						<TextLine ID="line_25" HPOS="145" VPOS="1019" WIDTH="750" HEIGHT="28">
							<String ID="string_218" HPOS="145" VPOS="1020" WIDTH="49" HEIGHT="21" WC="0.96" CONTENT="litet"/><SP WIDTH="15" VPOS="1020" HPOS="194"/>
							<String ID="string_219" HPOS="209" VPOS="1019" WIDTH="40" HEIGHT="22" WC="0.90" CONTENT="och"/><SP WIDTH="10" VPOS="1019" HPOS="249"/>
							<String ID="string_220" HPOS="259" VPOS="1021" WIDTH="38" HEIGHT="19" WC="0.10" CONTENT="att"/><SP WIDTH="16" VPOS="1021" HPOS="297"/>
							<String ID="string_221" HPOS="313" VPOS="1019" WIDTH="110" HEIGHT="27" WC="0.92" CONTENT="appellera"/><SP WIDTH="15" VPOS="1019" HPOS="423"/>
							<String ID="string_222" HPOS="438" VPOS="1019" WIDTH="31" HEIGHT="21" WC="0.93" CONTENT="till"/><SP WIDTH="17" VPOS="1019" HPOS="469"/>
							<String ID="string_223" HPOS="486" VPOS="1019" WIDTH="141" HEIGHT="22" WC="0.91" CONTENT="menniskans"/><SP WIDTH="16" VPOS="1019" HPOS="627"/>
							<String ID="string_224" HPOS="643" VPOS="1020" WIDTH="87" HEIGHT="26" WC="0.95" CONTENT="känsla,"/><SP WIDTH="24" VPOS="1020" HPOS="730"/>
							<String ID="string_225" HPOS="754" VPOS="1027" WIDTH="46" HEIGHT="14" WC="0.93" CONTENT="som"/><SP WIDTH="19" VPOS="1027" HPOS="800"/>
							<String ID="string_226" HPOS="819" VPOS="1026" WIDTH="76" HEIGHT="21" WC="0.92" CONTENT="uppre-"/>
						</TextLine>
						<TextLine ID="line_26" HPOS="146" VPOS="1053" WIDTH="749" HEIGHT="28">
							<String ID="string_227" HPOS="146" VPOS="1061" WIDTH="35" HEIGHT="14" WC="0.96" CONTENT="ser"/><SP WIDTH="16" VPOS="1061" HPOS="181"/>
							<String ID="string_228" HPOS="197" VPOS="1054" WIDTH="33" HEIGHT="27" WC="0.96" CONTENT="sig"/><SP WIDTH="15" VPOS="1054" HPOS="230"/>
							<String ID="string_229" HPOS="245" VPOS="1055" WIDTH="44" HEIGHT="19" WC="0.93" CONTENT="mot"/><SP WIDTH="15" VPOS="1055" HPOS="289"/>
							<String ID="string_230" HPOS="304" VPOS="1053" WIDTH="148" HEIGHT="27" WC="0.96" CONTENT="dödsstraffet;"/><SP WIDTH="16" VPOS="1053" HPOS="452"/>
							<String ID="string_231" HPOS="468" VPOS="1055" WIDTH="32" HEIGHT="20" WC="0.93" CONTENT="att"/><SP WIDTH="14" VPOS="1055" HPOS="500"/>
							<String ID="string_232" HPOS="514" VPOS="1053" WIDTH="126" HEIGHT="22" WC="0.96" CONTENT="ändamålet"/><SP WIDTH="15" VPOS="1053" HPOS="640"/>
							<String ID="string_233" HPOS="655" VPOS="1053" WIDTH="49" HEIGHT="22" WC="0.96" CONTENT="med"/><SP WIDTH="16" VPOS="1053" HPOS="704"/>
							<String ID="string_234" HPOS="720" VPOS="1054" WIDTH="55" HEIGHT="21" WC="0.93" CONTENT="hans"/><SP WIDTH="11" VPOS="1054" HPOS="775"/>
							<String ID="string_235" HPOS="786" VPOS="1054" WIDTH="63" HEIGHT="21" WC="0.91" CONTENT="skrift"/><SP WIDTH="10" VPOS="1054" HPOS="849"/>
							<String ID="string_236" HPOS="859" VPOS="1060" WIDTH="36" HEIGHT="15" WC="0.93" CONTENT="va-"/>
						</TextLine>
						<TextLine ID="line_27" HPOS="145" VPOS="1087" WIDTH="750" HEIGHT="28">
							<String ID="string_237" HPOS="145" VPOS="1088" WIDTH="28" HEIGHT="21" WC="0.96" CONTENT="rit"/><SP WIDTH="16" VPOS="1088" HPOS="173"/>
							<String ID="string_238" HPOS="189" VPOS="1089" WIDTH="31" HEIGHT="20" WC="0.93" CONTENT="att"/><SP WIDTH="16" VPOS="1089" HPOS="220"/>
							<String ID="string_239" HPOS="236" VPOS="1089" WIDTH="174" HEIGHT="25" WC="0.91" CONTENT="samvetsgrannt"/><SP WIDTH="16" VPOS="1089" HPOS="410"/>
							<String ID="string_240" HPOS="426" VPOS="1087" WIDTH="84" HEIGHT="28" WC="0.90" CONTENT="pröfva,"/><SP WIDTH="17" VPOS="1087" HPOS="510"/>
							<String ID="string_241" HPOS="527" VPOS="1088" WIDTH="105" HEIGHT="21" WC="0.93" CONTENT="huruvida"/><SP WIDTH="16" VPOS="1088" HPOS="632"/>
							<String ID="string_242" HPOS="648" VPOS="1088" WIDTH="145" HEIGHT="22" WC="0.91" CONTENT="statsmakten"/><SP WIDTH="16" VPOS="1088" HPOS="793"/>
							<String ID="string_243" HPOS="809" VPOS="1088" WIDTH="44" HEIGHT="21" WC="0.96" CONTENT="kan"/><SP WIDTH="14" VPOS="1088" HPOS="853"/>
							<String ID="string_244" HPOS="867" VPOS="1088" WIDTH="28" HEIGHT="21" WC="0.96" CONTENT="ha"/>
						</TextLine>
						<TextLine ID="line_28" HPOS="145" VPOS="1121" WIDTH="750" HEIGHT="28">
							<String ID="string_245" HPOS="145" VPOS="1121" WIDTH="104" HEIGHT="26" WC="0.93" CONTENT="rättighet"/><SP WIDTH="10" VPOS="1121" HPOS="249"/>
							<String ID="string_246" HPOS="259" VPOS="1123" WIDTH="38" HEIGHT="19" WC="0.59" CONTENT="att"/><SP WIDTH="16" VPOS="1123" HPOS="297"/>
							<String ID="string_247" HPOS="313" VPOS="1121" WIDTH="79" HEIGHT="21" WC="0.92" CONTENT="ädöma"/><SP WIDTH="16" VPOS="1121" HPOS="392"/>
							<String ID="string_248" HPOS="408" VPOS="1121" WIDTH="124" HEIGHT="28" WC="0.95" CONTENT="dödsstraff,"/><SP WIDTH="16" VPOS="1121" HPOS="532"/>
							<String ID="string_249" HPOS="548" VPOS="1121" WIDTH="40" HEIGHT="22" WC="0.96" CONTENT="och"/><SP WIDTH="16" VPOS="1121" HPOS="588"/>
							<String ID="string_250" HPOS="604" VPOS="1124" WIDTH="32" HEIGHT="19" WC="0.96" CONTENT="att"/><SP WIDTH="13" VPOS="1124" HPOS="636"/>
							<String ID="string_251" HPOS="649" VPOS="1122" WIDTH="55" HEIGHT="21" WC="0.96" CONTENT="hans"/><SP WIDTH="10" VPOS="1122" HPOS="704"/>
							<String ID="string_252" HPOS="714" VPOS="1122" WIDTH="92" HEIGHT="21" WC="0.93" CONTENT="resultat"/><SP WIDTH="10" VPOS="1122" HPOS="806"/>
							<String ID="string_253" HPOS="816" VPOS="1121" WIDTH="79" HEIGHT="28" WC="0.96" CONTENT="blifvit,"/>
						</TextLine>
						<TextLine ID="line_29" HPOS="147" VPOS="1155" WIDTH="749" HEIGHT="27">
							<String ID="string_254" HPOS="147" VPOS="1157" WIDTH="32" HEIGHT="19" WC="0.96" CONTENT="att"/><SP WIDTH="16" VPOS="1157" HPOS="179"/>
							<String ID="string_255" HPOS="195" VPOS="1161" WIDTH="26" HEIGHT="14" WC="0.93" CONTENT="en"/><SP WIDTH="16" VPOS="1161" HPOS="221"/>
							<String ID="string_256" HPOS="237" VPOS="1155" WIDTH="68" HEIGHT="21" WC="0.92" CONTENT="sädan"/><SP WIDTH="17" VPOS="1155" HPOS="305"/>
							<String ID="string_257" HPOS="322" VPOS="1155" WIDTH="103" HEIGHT="27" WC="0.92" CONTENT="rättighet"/><SP WIDTH="15" VPOS="1155" HPOS="425"/>
							<String ID="string_258" HPOS="440" VPOS="1155" WIDTH="49" HEIGHT="21" WC="0.92" CONTENT="icke"/><SP WIDTH="12" VPOS="1155" HPOS="489"/>
							<String ID="string_259" HPOS="501" VPOS="1156" WIDTH="42" HEIGHT="20" WC="0.96" CONTENT="kan"/><SP WIDTH="12" VPOS="1156" HPOS="543"/>
							<String ID="string_260" HPOS="555" VPOS="1162" WIDTH="65" HEIGHT="14" WC="0.93" CONTENT="anses"/><SP WIDTH="11" VPOS="1162" HPOS="620"/>
							<String ID="string_261" HPOS="631" VPOS="1156" WIDTH="121" HEIGHT="21" WC="0.91" CONTENT="tillkomma"/><SP WIDTH="11" VPOS="1156" HPOS="752"/>
							<String ID="string_262" HPOS="763" VPOS="1156" WIDTH="133" HEIGHT="21" WC="0.92" CONTENT="densamma."/>
						</TextLine>
					</TextBlock>
					<TextBlock ID="block_2" HPOS="145" VPOS="1188" WIDTH="753" HEIGHT="268">
						<TextLine ID="line_30" HPOS="213" VPOS="1188" WIDTH="683" HEIGHT="28">
							<String ID="string_263" HPOS="213" VPOS="1188" WIDTH="43" HEIGHT="21" WC="0.94" CONTENT="För"/><SP WIDTH="19" VPOS="1188" HPOS="256"/>
							<String ID="string_264" HPOS="275" VPOS="1190" WIDTH="31" HEIGHT="19" WC="0.94" CONTENT="att"/><SP WIDTH="16" VPOS="1190" HPOS="306"/>
							<String ID="string_265" HPOS="322" VPOS="1195" WIDTH="29" HEIGHT="14" WC="0.93" CONTENT="nu"/><SP WIDTH="15" VPOS="1195" HPOS="351"/>
							<String ID="string_266" HPOS="366" VPOS="1188" WIDTH="89" HEIGHT="28" WC="0.91" CONTENT="öfvergä"/><SP WIDTH="15" VPOS="1188" HPOS="455"/>
							<String ID="string_267" HPOS="470" VPOS="1189" WIDTH="31" HEIGHT="20" WC="0.96" CONTENT="till"/><SP WIDTH="16" VPOS="1189" HPOS="501"/>
							<String ID="string_268" HPOS="517" VPOS="1189" WIDTH="166" HEIGHT="27" WC="0.96" CONTENT="lagstiftningen"/><SP WIDTH="16" VPOS="1189" HPOS="683"/>
							<String ID="string_269" HPOS="699" VPOS="1188" WIDTH="49" HEIGHT="22" WC="0.93" CONTENT="med"/><SP WIDTH="15" VPOS="1188" HPOS="748"/>
							<String ID="string_270" HPOS="763" VPOS="1189" WIDTH="103" HEIGHT="21" WC="0.92" CONTENT="afseende"/><SP WIDTH="17" VPOS="1189" HPOS="866"/>
							<String ID="string_271" HPOS="883" VPOS="1190" WIDTH="13" HEIGHT="19" WC="0.91" CONTENT="ä"/>
						</TextLine>
						<TextLine ID="line_31" HPOS="146" VPOS="1221" WIDTH="750" HEIGHT="30">
							<String ID="string_272" HPOS="146" VPOS="1221" WIDTH="147" HEIGHT="28" WC="0.95" CONTENT="dödsstraffet,"/><SP WIDTH="16" VPOS="1221" HPOS="293"/>
							<String ID="string_273" HPOS="309" VPOS="1222" WIDTH="25" HEIGHT="21" WC="0.96" CONTENT="sä"/><SP WIDTH="14" VPOS="1222" HPOS="334"/>
							<String ID="string_274" HPOS="348" VPOS="1222" WIDTH="50" HEIGHT="21" WC="0.96" CONTENT="ville"/><SP WIDTH="13" VPOS="1222" HPOS="398"/>
							<String ID="string_275" HPOS="411" VPOS="1223" WIDTH="41" HEIGHT="26" WC="0.93" CONTENT="jag"/><SP WIDTH="15" VPOS="1223" HPOS="452"/>
							<String ID="string_276" HPOS="467" VPOS="1223" WIDTH="123" HEIGHT="28" WC="0.96" CONTENT="framhålla,"/><SP WIDTH="17" VPOS="1223" HPOS="590"/>
							<String ID="string_277" HPOS="607" VPOS="1225" WIDTH="32" HEIGHT="19" WC="0.96" CONTENT="att"/><SP WIDTH="16" VPOS="1225" HPOS="639"/>
							<String ID="string_278" HPOS="655" VPOS="1223" WIDTH="60" HEIGHT="21" WC="0.96" CONTENT="detta"/><SP WIDTH="15" VPOS="1223" HPOS="715"/>
							<String ID="string_279" HPOS="730" VPOS="1223" WIDTH="64" HEIGHT="21" WC="0.93" CONTENT="straff"/><SP WIDTH="12" VPOS="1223" HPOS="794"/>
							<String ID="string_280" HPOS="806" VPOS="1223" WIDTH="90" HEIGHT="28" WC="0.92" CONTENT="upphäf-"/>
						</TextLine>
						<TextLine ID="line_32" HPOS="146" VPOS="1256" WIDTH="749" HEIGHT="28">
							<String ID="string_281" HPOS="146" VPOS="1257" WIDTH="38" HEIGHT="21" WC="0.96" CONTENT="des"/><SP WIDTH="15" VPOS="1257" HPOS="184"/>
							<String ID="string_282" HPOS="199" VPOS="1256" WIDTH="6" HEIGHT="21" WC="0.93" CONTENT="i"/><SP WIDTH="16" VPOS="1256" HPOS="205"/>
							<String ID="string_283" HPOS="221" VPOS="1256" WIDTH="105" HEIGHT="21" WC="0.91" CONTENT="Toskana"/><SP WIDTH="15" VPOS="1256" HPOS="326"/>
							<String ID="string_284" HPOS="341" VPOS="1256" WIDTH="67" HEIGHT="21" WC="0.96" CONTENT="redan"/><SP WIDTH="18" VPOS="1256" HPOS="408"/>
							<String ID="string_285" HPOS="426" VPOS="1257" WIDTH="60" HEIGHT="26" WC="0.96" CONTENT="1786,"/><SP WIDTH="24" VPOS="1257" HPOS="486"/>
							<String ID="string_286" HPOS="510" VPOS="1257" WIDTH="68" HEIGHT="21" WC="0.93" CONTENT="sedan"/><SP WIDTH="16" VPOS="1257" HPOS="578"/>
							<String ID="string_287" HPOS="594" VPOS="1257" WIDTH="71" HEIGHT="27" WC="0.92" CONTENT="nägon"/><SP WIDTH="17" VPOS="1257" HPOS="665"/>
							<String ID="string_288" HPOS="682" VPOS="1257" WIDTH="120" HEIGHT="26" WC="0.91" CONTENT="afrättning"/><SP WIDTH="14" VPOS="1257" HPOS="802"/>
							<String ID="string_289" HPOS="816" VPOS="1257" WIDTH="79" HEIGHT="21" WC="0.91" CONTENT="derför-"/>
						</TextLine>
						<TextLine ID="line_33" HPOS="145" VPOS="1284" WIDTH="751" HEIGHT="37">
							<String ID="string_290" HPOS="145" VPOS="1291" WIDTH="67" HEIGHT="22" WC="0.88" CONTENT="innan"/><SP WIDTH="15" VPOS="1291" HPOS="212"/>
							<String ID="string_291" HPOS="227" VPOS="1284" WIDTH="49" HEIGHT="37" WC="0.88" CONTENT="icke"/><SP WIDTH="15" VPOS="1284" HPOS="276"/>
							<String ID="string_292" HPOS="291" VPOS="1290" WIDTH="29" HEIGHT="27" WC="0.92" CONTENT="pä"/><SP WIDTH="14" VPOS="1290" HPOS="320"/>
							<String ID="string_293" HPOS="334" VPOS="1289" WIDTH="42" HEIGHT="21" WC="0.92" CONTENT="tolf"/><SP WIDTH="12" VPOS="1289" HPOS="376"/>
							<String ID="string_294" HPOS="388" VPOS="1290" WIDTH="25" HEIGHT="20" WC="0.92" CONTENT="är"/><SP WIDTH="15" VPOS="1290" HPOS="413"/>
							<String ID="string_295" HPOS="428" VPOS="1292" WIDTH="37" HEIGHT="25" WC="0.95" CONTENT="ägt"/><SP WIDTH="15" VPOS="1292" HPOS="465"/>
							<String ID="string_296" HPOS="480" VPOS="1297" WIDTH="45" HEIGHT="14" WC="0.96" CONTENT="rum"/><SP WIDTH="15" VPOS="1297" HPOS="525"/>
							<String ID="string_297" HPOS="540" VPOS="1291" WIDTH="6" HEIGHT="20" WC="0.96" CONTENT="i"/><SP WIDTH="16" VPOS="1291" HPOS="546"/>
							<String ID="string_298" HPOS="562" VPOS="1291" WIDTH="81" HEIGHT="20" WC="0.95" CONTENT="landet."/><SP WIDTH="30" VPOS="1291" HPOS="643"/>
							<String ID="string_299" HPOS="673" VPOS="1291" WIDTH="10" HEIGHT="20" WC="0.95" CONTENT="I"/><SP WIDTH="16" VPOS="1291" HPOS="683"/>
							<String ID="string_300" HPOS="699" VPOS="1290" WIDTH="119" HEIGHT="27" WC="0.92" CONTENT="anledning"/><SP WIDTH="14" VPOS="1290" HPOS="818"/>
							<String ID="string_301" HPOS="832" VPOS="1291" WIDTH="25" HEIGHT="20" WC="0.31" CONTENT="af"/><SP WIDTH="7" VPOS="1291" HPOS="857"/>
							<String ID="string_302" HPOS="864" VPOS="1297" WIDTH="32" HEIGHT="14" WC="0.31" CONTENT="re-"/>
						</TextLine>
						<TextLine ID="line_34" HPOS="145" VPOS="1322" WIDTH="751" HEIGHT="23">
							<String ID="string_303" HPOS="145" VPOS="1322" WIDTH="136" HEIGHT="22" WC="0.54" CONTENT="volutionära"/><SP WIDTH="20" VPOS="1322" HPOS="281"/>
							<String ID="string_304" HPOS="301" VPOS="1323" WIDTH="91" HEIGHT="21" WC="0.96" CONTENT="rörelser"/><SP WIDTH="20" VPOS="1323" HPOS="392"/>
							<String ID="string_305" HPOS="412" VPOS="1323" WIDTH="96" HEIGHT="22" WC="0.96" CONTENT="infördes"/><SP WIDTH="21" VPOS="1323" HPOS="508"/>
							<String ID="string_306" HPOS="529" VPOS="1323" WIDTH="37" HEIGHT="21" WC="0.93" CONTENT="det"/><SP WIDTH="15" VPOS="1323" HPOS="566"/>
							<String ID="string_307" HPOS="581" VPOS="1325" WIDTH="47" HEIGHT="20" WC="0.95" CONTENT="åter"/><SP WIDTH="16" VPOS="1325" HPOS="628"/>
							<String ID="string_308" HPOS="644" VPOS="1325" WIDTH="61" HEIGHT="20" WC="0.94" CONTENT="1790."/><SP WIDTH="31" VPOS="1325" HPOS="705"/>
							<String ID="string_309" HPOS="736" VPOS="1324" WIDTH="60" HEIGHT="21" WC="0.95" CONTENT="Efter"/><SP WIDTH="16" VPOS="1324" HPOS="796"/>
							<String ID="string_310" HPOS="812" VPOS="1324" WIDTH="36" HEIGHT="21" WC="0.96" CONTENT="det"/><SP WIDTH="16" VPOS="1324" HPOS="848"/>
							<String ID="string_311" HPOS="864" VPOS="1326" WIDTH="32" HEIGHT="19" WC="0.96" CONTENT="att"/>
						</TextLine>
						<TextLine ID="line_35" HPOS="145" VPOS="1357" WIDTH="750" HEIGHT="28">
							<String ID="string_312" HPOS="145" VPOS="1357" WIDTH="68" HEIGHT="21" WC="0.93" CONTENT="under"/><SP WIDTH="22" VPOS="1357" HPOS="213"/>
							<String ID="string_313" HPOS="235" VPOS="1357" WIDTH="51" HEIGHT="23" WC="0.94" CONTENT="flere"/><SP WIDTH="23" VPOS="1357" HPOS="286"/>
							<String ID="string_314" HPOS="309" VPOS="1357" WIDTH="116" HEIGHT="22" WC="0.95" CONTENT="decennier"/><SP WIDTH="21" VPOS="1357" HPOS="425"/>
							<String ID="string_315" HPOS="446" VPOS="1359" WIDTH="67" HEIGHT="26" WC="0.96" CONTENT="något"/><SP WIDTH="23" VPOS="1359" HPOS="513"/>
							<String ID="string_316" HPOS="536" VPOS="1357" WIDTH="120" HEIGHT="23" WC="0.94" CONTENT="dödsstraff"/><SP WIDTH="17" VPOS="1357" HPOS="656"/>
							<String ID="string_317" HPOS="673" VPOS="1358" WIDTH="49" HEIGHT="22" WC="0.96" CONTENT="icke"/><SP WIDTH="21" VPOS="1358" HPOS="722"/>
							<String ID="string_318" HPOS="743" VPOS="1358" WIDTH="70" HEIGHT="21" WC="0.93" CONTENT="blifvit"/><SP WIDTH="21" VPOS="1358" HPOS="813"/>
							<String ID="string_319" HPOS="834" VPOS="1359" WIDTH="61" HEIGHT="21" WC="0.92" CONTENT="verk-"/>
						</TextLine>
						<TextLine ID="line_36" HPOS="147" VPOS="1391" WIDTH="749" HEIGHT="30">
							<String ID="string_320" HPOS="147" VPOS="1391" WIDTH="76" HEIGHT="28" WC="0.92" CONTENT="stäldt,"/><SP WIDTH="24" VPOS="1391" HPOS="223"/>
							<String ID="string_321" HPOS="247" VPOS="1391" WIDTH="84" HEIGHT="22" WC="0.96" CONTENT="skedde"/><SP WIDTH="17" VPOS="1391" HPOS="331"/>
							<String ID="string_322" HPOS="348" VPOS="1391" WIDTH="23" HEIGHT="21" WC="0.96" CONTENT="år"/><SP WIDTH="17" VPOS="1391" HPOS="371"/>
							<String ID="string_323" HPOS="388" VPOS="1392" WIDTH="54" HEIGHT="22" WC="0.96" CONTENT="1830"/><SP WIDTH="15" VPOS="1392" HPOS="442"/>
							<String ID="string_324" HPOS="457" VPOS="1394" WIDTH="79" HEIGHT="20" WC="0.93" CONTENT="tvänne"/><SP WIDTH="16" VPOS="1394" HPOS="536"/>
							<String ID="string_325" HPOS="552" VPOS="1392" WIDTH="150" HEIGHT="28" WC="0.92" CONTENT="afrättningar,"/><SP WIDTH="24" VPOS="1392" HPOS="702"/>
							<String ID="string_326" HPOS="726" VPOS="1393" WIDTH="74" HEIGHT="22" WC="0.96" CONTENT="hvilka"/><SP WIDTH="16" VPOS="1393" HPOS="800"/>
							<String ID="string_327" HPOS="816" VPOS="1393" WIDTH="28" HEIGHT="28" WC="0.96" CONTENT="på"/><SP WIDTH="16" VPOS="1393" HPOS="844"/>
							<String ID="string_328" HPOS="860" VPOS="1393" WIDTH="36" HEIGHT="22" WC="0.96" CONTENT="det"/>
						</TextLine>
						<TextLine ID="line_37" HPOS="145" VPOS="1426" WIDTH="753" HEIGHT="30">
							<String ID="string_329" HPOS="145" VPOS="1426" WIDTH="79" HEIGHT="27" WC="0.96" CONTENT="högsta"/><SP WIDTH="15" VPOS="1426" HPOS="224"/>
							<String ID="string_330" HPOS="239" VPOS="1426" WIDTH="120" HEIGHT="27" WC="0.95" CONTENT="uppretade"/><SP WIDTH="15" VPOS="1426" HPOS="359"/>
							<String ID="string_331" HPOS="374" VPOS="1426" WIDTH="75" HEIGHT="22" WC="0.95" CONTENT="folket."/><SP WIDTH="32" VPOS="1426" HPOS="449"/>
							<String ID="string_332" HPOS="481" VPOS="1427" WIDTH="73" HEIGHT="21" WC="0.96" CONTENT="Sedan"/><SP WIDTH="16" VPOS="1427" HPOS="554"/>
							<String ID="string_333" HPOS="570" VPOS="1427" WIDTH="51" HEIGHT="22" WC="0.96" CONTENT="dess"/><SP WIDTH="16" VPOS="1427" HPOS="621"/>
							<String ID="string_334" HPOS="637" VPOS="1427" WIDTH="39" HEIGHT="21" WC="0.96" CONTENT="har"/><SP WIDTH="14" VPOS="1427" HPOS="676"/>
							<String ID="string_335" HPOS="690" VPOS="1428" WIDTH="71" HEIGHT="27" WC="0.93" CONTENT="någon"/><SP WIDTH="17" VPOS="1428" HPOS="761"/>
							<String ID="string_336" HPOS="778" VPOS="1427" WIDTH="120" HEIGHT="29" WC="0.90" CONTENT="afrättning"/>
						</TextLine>
					</TextBlock>
				</ComposedBlock>
				<GraphicalElement ID="cblock_2" HPOS="986" VPOS="2" WIDTH="3" HEIGHT="309"></GraphicalElement >
			</PrintSpace>
		</Page>
	</Layout>
</alto>
