989 1784
189 145 40 21 768

161 210 110 22 allmänna
290 209 95 27 banken,
401 209 8 20 i
425 208 36 22 det
475 210 31 20 att
521 208 37 22 vid
573 215 27 15 en
615 208 130 22 inträffande
760 208 146 28 pätryckning

161 245 52 22 eller
228 243 156 27 ansträngdare
400 243 185 27 silfverutvexling
601 242 70 22 denna
687 243 70 21 skulle
773 243 83 21 fördela
872 243 34 27 sig

161 280 28 28 pä
208 278 53 22 flera
281 278 50 21 håll.
362 277 78 22 Vidare
455 278 39 20 har
509 277 122 28 professorn
647 277 68 22 också
729 279 76 27 yttrat,
822 280 32 19 att
869 284 36 21 ge-

160 321 50 15 nom
225 312 194 29 privatbankernas
434 312 102 28 möjligen
547 312 129 22 inträffande
687 312 167 22 fallissementer
865 312 41 22 för-

160 348 67 22 luster
249 347 73 22 kunde
344 346 131 28 tillskyndas
497 346 86 22 landets
604 346 143 29 innevänare;
767 354 48 14 men
829 346 78 22 härvid

160 383 38 21 vill
215 382 41 28 jag
275 382 91 21 hänvisa
381 382 28 27 pä
425 381 26 21 de
467 383 88 26 stränga
570 381 115 29 garantier,
702 388 46 15 som
764 384 37 19 äro
816 381 34 22 för
864 381 42 29 pri-

160 417 162 22 vatbankernas
345 416 168 28 sedelutgifning
534 416 133 28 föreslagna,
695 416 41 21 och
758 416 74 22 hvilka
854 416 53 22 böra

160 452 75 22 kunna
248 454 79 26 trygga
343 450 144 22 allmänheten
502 453 44 20 mot
562 450 44 22 alla
620 450 107 23 förluster.

228 486 208 28 Kontraktsprosten
455 485 100 22 Hellén
570 485 96 28 yttrade:
689 486 145 28 Domprosten
849 486 58 27 Borg

161 521 40 21 har
215 522 74 20 nämnt
305 522 32 19 att
349 520 142 22 statsbanken
503 526 73 16 ensam
588 520 18 28 ej
619 520 70 22 skulle
700 520 75 21 kunna
785 521 29 27 pä
824 522 31 20 ett
865 520 42 22 till-

161 554 167 23 fredsställande
344 556 43 20 sätt
402 554 88 28 betjena
505 554 152 22 allmänheten.
687 555 75 27 Härpä
775 554 37 22 vill
819 555 42 27 jag
872 562 35 15 en-

162 590 49 22 dast
227 596 74 21 svara,
317 591 32 19 att
363 596 50 14 man
429 596 64 14 anser
503 589 42 21 den
555 588 124 22 nuvarande
691 589 153 22 sedelstocken
854 592 54 19 nära

161 632 44 20 nog
219 624 127 28 tillräcklig,
366 624 39 21 och
421 625 31 20 att
468 623 126 22 densamma
609 623 140 23 tvifvelsutan
764 624 97 21 kommer
876 626 32 20 att

161 659 94 29 förökas,
269 658 68 22 sedan
353 658 86 22 banken
455 658 126 29 ytterligare
597 658 92 22 erhäller
704 659 37 21 tvä
756 658 100 28 miljoner
870 666 38 15 va-

161 694 54 28 luta,
239 694 118 28 hvarjemte
375 693 40 28 jag
433 693 33 21 fär
485 694 95 28 äberopa
596 693 36 21 det
647 693 7 21 i
669 694 44 21 min
728 694 133 22 reservation
878 694 30 21 in-

161 731 67 25 tagna
243 728 110 29 yttrandet
369 728 24 21 af
406 735 26 15 en
448 728 83 22 erfaren
547 728 116 22 affärsman
678 728 7 21 i
702 728 97 28 Sverige.

229 762 73 23 Sedan
314 762 152 22 diskussionen
475 762 117 22 förklarats
603 762 102 29 afslutad,
717 762 134 24 framställde
859 762 50 23 herr

161 798 139 22 talemannen
315 796 96 29 följande
426 797 167 29 propositioner:

230 832 24 29 1)
279 832 128 21 Godkänner
427 832 128 28 högvördiga
577 832 82 22 ständet
679 832 12 21 1
711 840 61 14 mom.
789 833 11 21 1
816 831 16 31 $
846 834 10 20 i
869 833 39 21 den

161 867 80 29 nådiga
257 867 157 28 propositionen
429 867 46 21 med
489 867 49 21 eller
553 870 52 18 utan
620 867 87 29 tillägg?
736 867 49 21 Den
801 876 43 12 som
858 868 51 29 god-

162 903 81 21 känner
257 905 107 18 momentet
378 901 47 21 med
439 901 79 30 tillägg,
535 909 76 14 svarar
621 902 110 28 jakande;
747 903 39 20 den
801 911 43 13 som
858 903 49 29 god-

163 938 80 21 känner
258 937 114 21 detsamma
387 936 150 29 oförändradt,
553 945 77 13 svarar
644 937 101 22 nekande.

228 971 137 22 Besvarades
378 971 50 21 med
443 973 26 20 17
480 972 29 28 ja
523 973 44 20 mot
584 971 26 22 10
625 973 41 27 nej.

229 1007 26 28 2)
282 1006 128 22 Godkänner
435 1007 126 29 högvördiga
584 1007 83 22 ståndet
690 1009 70 19 såsom
782 1007 74 29 tillägg
878 1007 32 22 till

161 1041 169 29 ifrågavarande
349 1045 96 23 moment,
467 1045 39 23 att,
523 1041 128 28 beträffande
666 1041 96 22 enskilda
777 1041 131 22 bankinrätt-

161 1077 78 28 ningar
260 1075 47 22 med
327 1075 113 22 solidarisk
459 1076 133 28 ansvarighet
604 1075 40 30 för
659 1076 134 29 delägarene,
810 1078 99 28 antingen

162 1112 60 28 tjugu
238 1111 49 21 eller
301 1111 38 20 ock
351 1111 63 20 minst
429 1111 81 28 hälften
525 1110 29 29 af
566 1110 57 22 desse
637 1114 86 25 utgöras
739 1111 25 29 af
772 1111 72 29 finske
853 1111 55 22 med-

163 1145 100 29 borgare?
285 1145 48 20 Den
347 1152 43 13 som
401 1145 123 28 godkänner
539 1145 107 22 utskottets
661 1145 129 29 bestämning
802 1146 29 29 af
838 1147 70 28 tjugu,

162 1187 77 14 svarar
248 1179 110 29 jakande;
373 1179 40 21 den
424 1187 43 14 som
475 1180 122 29 godkänner
608 1180 240 29 kontrapropositionen,
860 1188 47 14 sva-

162 1222 38 13 rar
215 1213 100 22 nekande,

230 1248 136 22 Besvarades
386 1248 50 21 med
457 1248 159 29 öfvervägande
635 1249 157 28 röstpluralitet
806 1249 102 22 nekande.

229 1283 28 26 3)
275 1282 128 23 Godkänner
418 1284 82 21 ståndet
514 1284 9 21 i
537 1284 64 28 öfrigt
615 1283 17 29 $
647 1283 11 21 1
675 1285 8 20 i
694 1284 81 29 nådiga
784 1284 124 29 propositio-

162 1325 49 19 nen,
227 1317 50 21 eller
291 1318 58 20 icke?

230 1350 136 22 Besvarades
381 1350 50 21 med
448 1352 25 19 17
484 1353 28 26 ja
528 1353 43 20 mot
588 1352 26 20 10
628 1353 42 26 nej.

230 1384 208 28 Kontraktsprosten
460 1385 100 22 Hellön
583 1386 69 27 ansåg
675 1385 152 22 diskussionen
843 1385 65 23 hafva

162 1419 47 22 ledt
224 1419 92 27 derhän,
333 1421 31 20 att
379 1419 87 22 ståndet
481 1419 7 22 i
499 1419 156 29 sammanhang
666 1420 50 22 med
727 1421 11 20 1
747 1415 10 38 $
774 1421 67 21 borde
851 1423 59 26 yttra

163 1453 34 28 sig
216 1453 135 23 beträffande
371 1454 60 21 tiden
451 1453 28 22 dä
494 1455 154 28 privatbanker
661 1455 58 28 finge
734 1455 102 29 inrättas,
853 1457 57 20 samt
