989 1750
266 148 9 7 N
756 132 40 20 557

79 192 121 29 förseelser,
217 193 83 21 hvilket
315 193 125 28 isynnerhet
455 194 93 27 plägade
564 202 52 14 vara
631 195 62 21 fallet
707 196 49 20 med
770 196 56 21 drin-

79 227 54 21 kare
148 227 41 21 och
204 227 65 21 deras
284 227 100 27 familjer.
414 228 90 21 Prosten
519 228 51 21 ville
586 228 93 28 derföre,
696 231 31 18 att
743 229 83 21 sädana

79 261 111 27 olyckliga
204 261 82 22 slafvar
301 261 68 21 under
384 261 33 22 sin
433 262 88 27 passion
535 261 54 22 först
605 262 114 21 straffades
734 263 50 20 med
794 269 32 14 ar-

78 297 53 25 rest,
148 295 40 21 och
202 295 82 27 hjelpte
301 295 18 26 ej
337 295 69 27 detta,
423 295 66 21 borde
505 295 27 21 de
547 295 121 22 behandlas
679 303 45 14 som
735 296 90 27 sjuklin-

78 335 40 20 gar
133 329 53 21 eller
201 328 73 28 därar;
298 329 39 20 och
356 329 77 21 trodde
448 331 88 25 prosten
551 329 156 22 kommunerna
721 337 52 14 vara
787 330 38 21 vil-

77 362 46 26 liga
139 364 31 19 att
186 362 75 22 arbeta
276 362 33 21 för
325 362 63 22 deras
403 363 144 27 upprättelse,
571 363 76 22 sävida
663 364 162 28 fängvärdssty-

78 397 71 20 relsen
172 397 19 27 ej
214 396 70 22 deruti
306 397 51 21 ville
380 399 52 25 taga
454 397 72 27 någon
550 397 42 22 del.
627 398 107 27 Slutligen
757 399 69 26 ansåg

77 432 88 26 prosten
181 430 61 22 detta
256 431 84 27 kapitel
354 431 20 27 ej
390 431 36 21 väl
441 431 192 22 öfverensstämma
648 431 50 22 med
712 433 13 25 $
741 433 32 20 18.

145 464 125 22 Professorn
292 465 123 21 Schauman
434 465 127 28 aflägsnade
577 465 34 28 sig
626 465 32 22 för
673 466 101 21 enskilda
788 473 36 14 an-

79 499 161 28 gelägenheter.

146 533 158 29 Kyrkoherden
326 534 24 21 A.
374 533 102 22 Heikel
498 534 113 21 anmärkte
633 536 40 26 att,
698 535 28 20 då
744 535 6 20 i
770 536 12 25 8
799 535 25 21 65

78 568 65 22 sades
166 570 32 20 att
219 568 79 28 högsta
318 569 78 27 belopp
417 568 25 21 af
453 568 67 28 böter,
536 568 103 22 hvarmed
655 568 119 28 förbrytare
790 569 35 21 må

78 603 115 27 beläggas,
216 609 52 15 vore
290 602 8 21 i
320 602 118 22 allmänhet
461 603 62 27 1,000
540 603 71 27 mark,
628 610 48 14 men
692 603 61 21 böter
768 603 57 21 dock

78 636 7 21 i
101 636 109 21 särskilda
225 636 38 21 fall
279 636 77 21 funnos
371 638 111 26 upptagna
498 636 57 21 ända
571 636 32 21 till
619 637 63 27 4,000
697 637 71 28 mark,
788 637 37 21 det

78 677 51 14 vore
145 670 99 25 enklare,
267 671 113 27 om'4,000
394 670 62 21 mark
471 672 78 25 genast
564 672 91 20 utsattes
671 671 72 21 såsom
758 671 67 20 maxi-

78 711 57 15 mum
155 704 33 22 för
208 705 61 21 böter
284 705 7 21 i
306 704 125 22 allmänhet.
460 704 80 22 Vidare
555 703 51 22 ville
622 704 152 29 kyrkoherden
789 705 35 21 be-

79 739 106 21 träffande
204 740 13 25 &
238 739 26 21 66
283 738 81 22 föreslå
380 739 42 20 den
437 738 134 28 förändring,
595 740 31 19 att
641 739 28 20 då
684 739 7 20 i
706 739 119 27 kejserliga

80 773 161 28 propositionen
259 773 91 21 böterna
369 772 120 27 föreslogos
505 774 32 19 att
552 773 28 26 gå
595 773 32 20 till
643 773 89 26 delning
746 773 80 20 mellan

80 807 83 21 kronan
179 807 39 21 och
230 807 42 21 den
283 806 49 22 stad
344 807 52 20 eller
406 806 134 27 församling,
556 806 38 21 der
604 806 142 28 förbrytelsen
758 807 66 25 skett,

80 841 112 22 desamma
214 841 64 21 äfven
298 841 8 21 i
326 841 58 21 vissa
404 840 39 21 fall
460 840 73 21 kunde
548 840 95 22 fördelas
658 841 80 21 mellan
754 842 72 20 ortens

80 875 76 28 fattige
172 875 40 22 och
228 875 126 27 åklagaren.

147 909 100 22 Härefter
262 909 146 21 framställdes
424 909 24 21 af
459 908 50 22 herr
523 909 137 21 talemannen
671 908 97 27 följande
778 915 47 20 pro-

80 944 129 27 positioner:
555 950 4 4 :

151 978 23 28 1)
186 978 128 21 Godkänner
322 977 33 21 det
362 977 127 28 högvördiga
497 977 82 22 ståndet
587 976 71 28 öfriga
665 974 33 30 $$
705 977 9 20 i
722 977 48 27 kap.
783 975 44 22 VI?

148 1011 136 23 Besvarades
300 1011 49 22 med
365 1011 110 22 obestridd
490 1011 110 28 pluralitet
610 1010 105 28 jakande.

148 1047 26 28 2)
196 1047 129 21 Godkänner
343 1046 33 21 det
391 1046 126 28 högvördiga
533 1045 81 21 ständet
629 1043 16 29 $
659 1044 28 21 68
701 1045 47 20 med
762 1044 24 21 de
801 1044 29 27 af

81 1081 98 21 utskottet
192 1081 78 27 gjorda
284 1079 181 28 modifikationer?

149 1114 136 22 Besvarades
301 1113 49 21 med
366 1112 110 23 obestridd
491 1112 110 29 pluralitet
611 1112 104 28 jakande.

149 1150 13 26 8
179 1150 33 21 69.

149 1182 159 29 Kyrkoherden
322 1183 163 26 Rosengren
501 1181 98 22 önskade
614 1179 134 23 beträffande
764 1187 62 14 mom.

82 1219 27 20 10
123 1218 7 21 i
145 1218 71 21 denna
232 1219 12 25 8
259 1219 58 26 yttra
332 1223 27 15 en
375 1217 66 27 äsigt,
455 1216 88 21 hvilken
559 1215 44 21 han
616 1215 68 21 redan
699 1214 7 21 i
721 1214 106 21 utskottet

81 1251 117 28 förfäktat,
214 1251 109 27 nemligen
338 1252 41 26 att,
396 1250 28 21 dä
439 1250 105 21 utskottet
554 1248 113 27 föreslagit
679 1247 101 22 säkallad
791 1247 36 21 be-

82 1286 101 27 grafning
197 1285 7 22 i
220 1285 91 28 stillhet,
327 1286 59 26 prest
402 1284 18 27 ej
437 1283 66 22 borde
519 1289 64 16 anses
599 1282 88 28 skyldig
701 1283 31 20 att
742 1281 86 22 biträda

82 1321 37 21 vid
142 1319 69 23 sådan
233 1319 129 28 begrafning
385 1318 24 21 af
429 1325 25 14 en
475 1317 148 28 sjelfspilling,
639 1319 52 18 enär
707 1315 69 22 denne
792 1321 36 21 ge-

83 1361 50 15 nom
154 1354 33 21 sin
209 1353 91 28 gerning
320 1353 58 22 visat
400 1353 34 26 sig
453 1352 65 21 hafva
533 1351 77 22 affallit
625 1350 48 21 från
688 1349 86 28 kyrkan
790 1349 39 20 och

84 1389 42 20 den
141 1387 84 21 kristna
240 1387 165 26 församlingen;
420 1388 24 25 ty
459 1387 87 25 presten
561 1391 50 14 vore
622 1383 174 26 församlingens,
809 1382 19 26 ej

84 1421 158 26 allmänhetens
257 1417 90 30 tjehare.
