989 1781
770 136 40 21 315

89 197 126 28 organisera
233 197 34 27 sig
282 198 29 27 på
327 197 86 28 kristlig
428 199 69 28 grund
512 199 42 22 och
569 199 47 21 låta
630 199 35 27 sig
680 199 25 21 af
717 200 123 22 kristendo-

89 238 61 14 mens
171 231 57 21 anda
243 234 178 25 genomträngas,
442 235 50 19 utan
510 234 33 20 att
558 233 42 20 hon
616 233 57 21 dock
690 233 101 27 erbjuder
806 235 34 26 sig

88 265 33 20 till
141 265 68 26 något
229 265 82 27 bihang
330 265 33 21 för
382 265 154 28 skriftskolan,
562 269 27 18 än
605 267 83 20 mindre
704 267 86 26 afsäger
806 268 34 26 sig

88 299 32 20 sin
135 298 98 22 rådande
249 299 104 21 karakter
368 299 25 21 af
405 300 160 27 medborgerlig
582 300 256 27 undervisningsanstalt.

87 333 35 20 Då
136 332 74 22 härtill
226 333 75 21 vidare
317 333 102 26 kommer,
436 336 32 18 att
484 333 26 22 de
526 341 36 14 oss
573 333 128 28 förelaggda
712 335 83 27 förslag
806 335 32 21 till

89 367 61 21 såväl
165 367 118 28 kyrkolag,
304 374 46 14 som
365 367 153 27 författningar
533 375 34 14 om
582 367 125 22 folkskolan
723 369 40 21 och
779 369 59 21 kom-

89 400 244 28 munalförvaltningen,
355 401 48 22 visa
424 402 33 27 sig
477 401 34 22 stå
525 402 7 21 i
548 401 173 28 omisskännelig
735 403 103 23 inbördes

88 435 108 27 harmoni,
212 435 171 28 respekterande
399 435 98 27 kyrkans
512 436 39 21 oeh
564 435 36 22 det
611 436 123 27 borgerliga
745 437 93 20 samhäl-

87 469 43 21 lets
153 475 140 21 gemensama
315 469 41 20 och
376 469 99 21 särkilda
491 469 107 22 intressen
613 471 56 20 samt
684 470 116 23 lemnande
816 471 22 20 åt

88 503 165 27 presterskapet
268 503 38 21 full
321 502 64 21 frihet
401 505 32 19 att
448 503 49 21 icke
513 504 94 21 allenast
622 503 6 20 i
644 503 142 22 skriftskolan
798 504 40 21 och

89 536 96 28 kyrkan,
199 539 51 18 utan
267 537 41 21 ock
323 537 7 20 i
347 536 103 29 hemmet,
467 537 49 21 med
532 537 86 26 kristlig
632 537 155 28 undervisning
798 537 39 22 och

89 570 112 28 själavård
221 571 89 26 betjena
330 571 47 21 sina
393 571 91 21 åhörare
498 571 56 22 ifrån
570 571 63 20 deras
650 571 68 27 tidiga
734 571 104 22 barndom

88 605 57 20 intill
168 605 63 21 deras
255 604 131 28 dödsstund,
409 605 25 21 så
455 611 65 21 synes
534 605 163 27 presterskapet
712 605 13 21 å
741 606 33 21 sin
790 605 48 23 sida

88 639 66 21 hafva
172 639 55 21 intet
242 639 49 22 skäl
307 642 31 19 att
354 639 54 21 söka
424 639 68 26 draga
508 639 68 21 under
591 639 38 20 sitt
644 639 40 20 och
700 639 137 28 kyrkostäm-

89 680 62 15 mans
167 673 64 22 välde
247 673 42 21 den
306 673 25 21 af
342 675 80 25 staten,
434 672 33 22 för
478 673 50 21 dess
539 672 111 27 välstånd,
662 672 126 22 anordnade
799 673 40 22 och

90 707 121 22 bekostade
226 707 132 22 folkskolan.
387 707 39 21 Ett
441 707 79 21 sädant
536 706 125 23 sträfvande
676 707 109 21 förefaller
795 708 44 27 mig

89 741 148 27 oberättigadt
258 741 40 21 och
312 741 83 21 mindre
410 741 129 24 välbetänkt
555 743 56 19 samt
626 740 33 22 för
673 743 31 19 ett
718 743 120 25 protestan-

89 775 54 21 tiskt
163 775 141 28 presterskap
323 775 52 27 föga
390 775 122 28 hedrande,
534 774 113 22 hvarutom
664 775 36 21 det
716 775 40 21 ock
772 776 45 20 står
832 775 6 21 i

89 809 113 28 uppenbar
217 809 131 28 motsägelse
364 809 49 21 med
428 809 176 28 presterskapets
619 809 168 27 allmänneligen
799 809 40 22 och

89 843 46 22 ofta
150 843 97 22 uttalade
263 843 125 27 rättmätiga
405 843 93 27 önskan,
515 844 31 20 att
562 843 54 20 ifrån
625 843 141 22 kommunala
778 845 61 19 ären-

90 878 49 22 ders
155 878 165 27 handläggning
335 877 36 21 vid
387 877 185 22 socknestämmor
588 876 86 23 befrias.

159 912 120 21 Oanmärkt
297 912 40 21 bör
357 911 76 22 härvid
451 912 49 21 icke
519 911 68 21 heller
603 911 25 21 af
640 911 44 26 mig
699 911 92 26 lemnas,
808 913 32 19 att

90 947 36 22 vid
145 947 96 21 svenska
259 945 287 28 folkskoleinspektorernes
560 945 25 21 af
597 945 44 27 mig
656 944 114 23 bevistade
784 952 55 17 sam-

90 981 115 21 manträde
220 981 7 20 i
243 980 135 27 Stockholm,
395 979 68 22 under
477 986 121 15 sommaren
610 980 60 26 1862,
682 978 51 25 flere
744 978 25 21 af
777 979 63 22 desse

91 1015 124 27 beklagade
239 1015 33 28 sig
295 1015 59 21 öfver
374 1014 27 21 de
416 1013 154 28 mångahanda
586 1013 133 27 svårigheter
735 1013 39 22 och
791 1013 49 21 obe-

90 1050 52 28 hag,
157 1056 46 15 som
218 1050 64 21 deras
298 1049 122 27 befattning
436 1048 49 22 med
500 1048 125 22 folkskolan
641 1048 48 20 dem
700 1047 140 27 tillskyndat,

91 1084 39 22 och
154 1086 33 19 att
203 1084 84 27 jemväl
307 1083 8 21 i
331 1083 65 21 :detta
417 1083 34 21 års
471 1082 94 23 svenska
584 1082 111 26 tidningar
710 1081 131 27 förklenliga

90 1118 116 28 yttranden
223 1130 26 3 —
266 1124 51 15 vare
333 1118 34 26 sig
382 1117 126 26 rättmätiga
524 1116 52 21 eller
596 1116 139 26 orättmätiga
752 1127 22 3 —
792 1115 48 21 blif-

90 1153 31 21 vit
136 1152 69 22 fällda
219 1152 60 21 öfver
294 1151 174 28 presterskapets
483 1150 161 23 försummelser
657 1149 36 21 vid
704 1149 136 21 folkskolans

91 1186 60 22 vård.
180 1186 122 22 Derstädes
322 1186 56 20 hade
397 1185 124 21 folkskolan
542 1184 55 21 dock
613 1183 71 24 blifvit
699 1182 142 28 organiserad

91 1221 41 21 och
147 1220 66 22 ställd
228 1220 69 22 under
311 1220 175 27 presterskapets
502 1219 72 27 tillsyn
591 1218 61 26 långt
662 1217 71 22 förrän
745 1217 95 21 kommu-

92 1254 197 28 nalförvaltningen:
313 1254 37 21 vid
372 1256 87 18 senaste
482 1252 90 27 riksdag
594 1252 109 21 ordnades
726 1252 40 20 och
785 1251 56 21 ifrån

91 1289 166 27 kyrkostämma
280 1288 126 27 afskiljdes;
430 1294 48 14 men
499 1288 29 20 då
547 1293 28 14 nu
595 1286 6 20 i
621 1286 47 20 vårt
684 1285 51 22 land
751 1292 29 20 ny
795 1285 45 26 lag-

92 1322 99 27 stiftning
212 1330 34 13 om
266 1322 125 21 folkskolan
412 1322 39 20 och
467 1320 285 26 kommunalförvaltningen
768 1319 73 21 samti-

92 1357 47 26 digt
153 1356 133 27 förehafves,
301 1356 67 21 borde
384 1356 48 20 vårt
446 1356 71 20 finska
532 1353 139 29 presterskap
687 1353 109 22 tacksamt
810 1352 31 21 åt-

92 1391 51 25 nöja
166 1390 33 26 sig
221 1390 50 21 med
293 1389 42 21 den
358 1389 48 21 dem
428 1390 6 20 i
454 1389 147 27 lagförslagen
622 1387 105 27 erbjudna
743 1386 98 28 lyckliga

93 1424 111 26 ställning,
222 1425 31 18 att
269 1422 53 21 efter
338 1422 97 26 förmåga
451 1422 20 20 få
485 1421 91 27 bidraga
587 1420 32 21 till
631 1419 135 21 folkskolans
778 1419 63 20 fram-
