992 1764
773 120 25 21 97

150 184 71 23 Anser”
231 186 92 22 ståndet
345 187 90 29 ändring
455 186 28 29 af
500 186 12 21 1
527 195 58 13 mom.
601 186 50 21 eller
665 186 73 28 tillägg
754 186 32 21 till
800 186 27 21 10

81 228 60 13 mom.
158 220 218 29 ändamälsenligare?
398 222 32 20 De
446 229 40 13 som
504 222 65 20 önska
584 221 90 28 ändring
688 220 29 28 af
728 220 12 21 1
756 229 69 17 mom.,

81 263 66 13 svara
163 255 109 28 jakande;
295 256 24 20 de
341 264 44 12 som
407 256 66 20 önska
495 256 71 28 tillägg
585 255 32 21 till
636 254 27 22 10
677 262 70 19 mom.,
763 262 64 14 svara

82 289 101 21 nekande.

150 324 137 22 Besvarades
302 324 49 21 med
368 325 25 20 18
409 326 34 27 nej
459 326 56 20 emot
529 326 12 20 8
552 326 34 27 ja.

150 358 35 21 Dä
206 357 74 23 vidare
300 358 93 28 uppstod
411 359 62 27 fräga
492 366 33 15 om
541 359 36 21 det
591 358 32 22 till
641 359 25 20 10
681 365 63 15 mom.
760 358 6 21 i
782 358 45 27 kej-

82 392 80 28 serliga
183 394 162 26 propositionen
365 394 99 21 beslutna
484 394 109 27 tilläggets
609 392 147 29 ordalydelse,
773 394 56 20 samt

81 426 107 22 huruvida
204 426 36 22 det
256 428 24 21 af
293 430 86 26 prosten
395 428 112 28 Grönberg
520 428 40 22 och
571 428 137 27 domprosten
718 428 59 26 Borg
786 426 42 22 för-

81 461 92 28 ordade,
195 464 56 20 samt
274 462 25 21 af
318 462 42 22 den
382 462 133 22 sistnämnde
534 470 29 14 nu
578 462 92 22 sälunda
685 461 143 22 formulerade

80 496 105 27 förslaget
202 496 81 22 dertill:
303 513 10 10 ,,
317 496 78 28 nödiga
410 497 66 21 medel
489 501 109 17 uttaxeras
614 496 28 28 af
654 498 74 26 hvarje
742 496 87 21 medlem

81 530 29 28 af
127 530 183 22 stadskommunen
331 531 36 21 och
386 531 29 28 af
426 532 79 21 enhvar
519 539 53 18 som,
588 531 64 21 ehuru
668 532 20 27 ej
702 531 86 21 medlem
803 530 29 28 af

82 566 132 25 kommunen,
229 566 52 21 dock
296 566 106 21 derstädes
415 570 50 24 äger
479 566 47 26 hus,
544 569 49 17 tomt
608 565 49 22 eller
664 566 62 28 jord,
738 566 49 20 eller
796 565 31 21 id-

82 600 40 20 kar
136 600 89 28 sjöfart,
241 600 76 21 handel
332 600 49 21 eller
395 608 74 14 annan
483 600 91 28 näring*
588 599 68 22 borde
667 600 71 22 säsom
750 599 79 22 sädant

81 634 77 27 tillägg
174 637 103 25 antagas,
296 634 113 22 anmärkte
425 634 122 28 professorn
562 634 98 21 Geitlin
676 636 32 19 att
723 634 33 21 för
771 634 57 21 kort-

80 667 78 23 hetens
179 668 58 22 skull
255 669 7 21 i
279 669 63 21 ställe
356 668 33 22 för
405 669 75 21 orden:
501 672 65 24 ,äger
580 668 50 28 hus,
647 670 53 19 tomt
715 668 53 23 eller
779 668 51 28 jord

81 702 53 21 eller
153 702 65 22 idkar
237 702 86 28 sjöfart,
339 702 80 23 handel
435 704 52 20 eller
502 710 72 14 annan
589 702 97 28 näring”,
703 702 73 22 kunde
792 709 37 15 an-

81 737 84 22 vändas
188 737 77 22 orden:
289 740 66 25 ,äger
376 738 104 28 fastighet
502 738 53 21 eller
572 737 65 22 idkar
655 737 97 28 näring";
767 736 62 22 hvar-

82 774 57 20 emot
155 772 98 22 ständets
269 772 70 27 öfriga
354 773 140 21 medlemmar
508 772 65 27 gäfvo
589 771 118 23 företrädet
722 772 23 20 ät
756 771 41 22 den
808 771 25 22 af

82 806 139 28 domprosten
235 807 57 27 Borg
307 806 124 28 föreslagna
446 807 176 27 formuleringen,
633 806 89 21 hvilken
733 806 95 27 säledes,

81 842 29 26 pä
132 841 73 21 derom
227 841 24 21 af
268 841 49 21 herr
332 842 137 20 talemannen
485 840 121 23 framställd
621 840 143 28 proposition,
781 840 49 22 med

81 875 112 22 obestridd
214 876 110 27 pluralitet
342 876 25 21 af
379 876 87 21 ståndet
481 877 77 26 antogs
574 876 72 21 såsom
662 875 78 27 tillägg
754 875 33 21 till
803 876 28 20 10

81 916 63 15 mom.
160 910 26 20 af
199 910 41 20 den
257 910 118 28 kejserliga
390 910 168 28 propositionen.

149 944 101 22 Rörande
275 946 24 20 11
323 951 63 15 mom.
407 944 25 22 af
448 945 170 27 propositionen,
638 944 83 21 hvilket
736 946 95 19 moment

82 979 222 22 ekonomieutskottet
324 982 72 19 ansett
417 980 53 21 böra
487 986 25 15 ur
528 979 42 22 den
585 978 111 22 blifvande
711 978 119 22 förordnin-

82 1021 41 21 gen
138 1021 35 14 om
189 1013 114 23 städernas
319 1013 257 28 kommunalförvaltning
591 1013 114 28 uteslutas,
716 1013 115 21 framställ-

82 1049 39 21 des
136 1048 54 21 härä
205 1048 24 21 af
241 1049 140 21 talemannen
397 1048 96 28 följande
509 1048 144 28 proposition:

152 1083 130 21 Godkänner
304 1084 82 21 ståndet
408 1084 107 21 utskottets
538 1082 139 26 betänkande,
699 1082 71 22 sävidt
789 1082 46 21 deri

78 1118 95 28 föreslås
193 1122 30 18 att
242 1119 25 21 11
283 1126 60 13 mom.
359 1119 9 20 i
382 1119 111 27 kejserliga
504 1118 159 28 propositionen
678 1120 35 19 mä
728 1119 60 26 utgå,
804 1117 28 21 el-

83 1153 29 21 ler
129 1153 67 28 yrkas
215 1153 136 21 vidhällande
366 1152 29 29 af
405 1153 90 21 nämnde
511 1155 88 18 moment
613 1152 9 20 i
636 1152 39 20 den
690 1152 79 28 nädiga
783 1159 49 20 pro-

79 1188 134 28 positionen?
241 1187 32 21 De
294 1195 43 13 som
357 1188 131 20 härutinnan
505 1187 114 28 godkänna
637 1187 108 21 utskottets
761 1185 70 21 betän-

84 1222 78 26 kande,
178 1230 66 16 svara
253 1222 110 29 jakande;
377 1221 24 22 de
416 1229 44 14 som
474 1222 68 21 önska
554 1220 134 23 vidhällande
700 1220 28 29 af
734 1228 60 13 mom.
807 1220 26 21 11

82 1258 9 19 i
106 1257 39 20 den
159 1257 81 28 nädiga
250 1257 170 28 propositionen,
436 1265 66 13 svara
516 1256 101 21 nekande.

151 1291 138 22 Besvarades
304 1291 50 21 med
370 1292 26 20 14
406 1292 29 27 ja
451 1293 56 19 emot
523 1291 25 21 13
564 1291 42 28 nej.

152 1325 108 28 Slutligen
275 1325 98 22 förelade
388 1325 139 22 talemannen
543 1324 87 23 ständet
645 1325 87 27 frägan:

154 1360 130 21 Godkänner
303 1359 83 22 ständet
405 1361 108 20 utskottets
528 1359 86 29 förslag
633 1359 64 28 äfven
712 1358 57 21 hvad
783 1358 50 21 slut-

84 1394 94 28 tillägget
193 1395 8 19 i
216 1394 45 20 dess
277 1393 131 20 betänkande
423 1394 140 19 vidkommer?

151 1427 138 21 Besvarades
305 1426 106 27 enhälligt
420 1427 106 28 jakande.

107 1469 55 23 Högv.
175 1470 133 17 Prestaståndets
320 1469 67 17 Protok.
411 1469 26 16 II.
757 1469 9 14 7
