1000 1756
788 122 39 19 303

115 187 32 20 att
163 183 164 29 ifrågavarande
344 185 137 22 betänkande
496 186 66 22 måtte
572 193 76 20 genom
660 186 142 22 cirkulärbref
809 194 46 20 pre-

114 220 123 27 sterskapet
257 220 31 21 till
305 220 122 21 kännedom
448 220 110 22 meddelas
574 223 55 19 samt
644 220 160 22 vederbörande
820 222 37 20 be-

114 254 197 28 talningsskyldige
333 254 104 22 anmodas
460 256 40 26 att,
524 256 24 20 så
566 254 41 22 fort
622 255 34 27 sig
670 258 53 23 göra
738 256 60 26 låter,
814 256 42 20 till-

114 288 132 22 handahälla
265 288 107 22 ombuden
391 288 63 22 deras
474 288 111 28 arfvoden,
605 288 83 28 hvilka,
710 289 38 21 der
762 289 94 22 särskild

114 322 217 22 ofverenskommelse
351 330 35 14 om
404 323 121 27 grunderna
545 323 33 21 för
597 322 122 22 desammas
734 323 123 28 fördelning

113 358 19 27 ej
156 357 70 21 blifvit
246 357 88 27 träffad,
354 357 124 27 lämpligast
496 357 67 21 borde
583 358 51 26 utgå
653 358 53 21 efter
721 358 42 21 den
778 357 78 22 fördel-

113 392 133 27 ningsgrund
268 392 7 21 i
297 391 104 28 förslaget
423 392 105 28 åberopas
551 392 41 21 och
611 398 46 15 som
677 392 70 22 blifvit
766 392 7 21 i
788 392 66 27 detalj

113 426 72 22 utförd
200 426 30 21 uti
246 426 41 21 den
304 426 138 21 härförinnan
456 426 161 21 vederbörande
633 426 96 27 delgifna
744 426 112 28 specifika-

113 461 74 21 tionen
203 460 59 22 öfver
277 459 115 28 afgifterna
406 459 33 22 för
454 460 96 21 ståndets
566 460 76 21 kansli.
666 460 45 22 Och
727 461 70 21 skulle
813 463 43 19 sär-

114 495 68 21 skildt
201 495 39 21 hos
259 494 143 28 domkapitlet
420 494 7 21 i
442 488 46 28 Åbo
504 494 99 22 anhällas
618 497 32 19 att
664 495 136 27 vicepastorn
816 502 41 14 von

113 530 81 21 Essens
214 529 97 28 arfvode,
330 529 64 21 hvars
414 528 121 28 fördelning
553 529 13 21 å
581 529 26 21 de
622 529 234 29 betalningsskyldige,

114 564 33 21 för
162 564 110 22 bristande
288 563 122 22 kännedom
426 570 34 14 om
475 563 27 21 de
517 563 108 27 sterbhus,
644 570 46 14 som
705 564 85 27 åtnjuta
805 564 52 21 nåd-

114 598 127 28 årsförmån,
257 598 48 21 icke
321 598 72 21 kunde
409 598 113 21 härstädes
536 598 140 27 verkställas,
697 598 66 21 måtte
780 605 78 20 genom

114 632 68 28 sagde
197 632 145 28 domkapitels
358 632 99 27 benägna
470 632 84 27 försorg
567 632 94 21 fördelas
673 632 12 21 å
696 632 162 22 vederbörande

114 668 97 21 betalare
227 669 55 19 samt
297 667 136 27 vicepastorn
448 666 182 22 tillhandahållas.

182 735 135 27 Föredrogos
343 734 40 21 och
409 734 114 22 bordlades
545 734 31 21 till
600 734 150 22 förstskeende
772 735 86 27 plenum

114 772 157 20 sammansatta
286 769 45 27 lag-
347 768 39 22 och
402 769 229 21 ekonomieutskottets
645 768 138 22 betänkande
794 776 34 14 n:o
839 770 19 27 5,

114 804 6 21 i
137 804 118 26 anledning
274 803 25 21 af
315 804 60 20 Hans
396 803 122 27 Kejserliga
536 803 112 27 Majestäts
667 803 81 27 nådiga
763 804 95 27 proposi-

114 839 46 21 tion
174 845 35 14 n:o
225 839 32 27 35,
274 837 114 27 angående
402 838 71 20 medel
488 840 32 18 att
533 837 132 22 förekomma
676 837 27 21 de
714 838 146 27 olägenheter,

114 880 46 15 som
180 872 123 22 förorsakas
322 872 118 28 jordägare
460 879 77 20 genom
557 872 91 21 landbos
668 872 90 22 tredska
778 874 31 19 att
829 872 30 22 af-

114 908 71 28 flytta,
202 908 110 21 äfvensom
327 914 84 14 samma
426 907 93 21 utskotts
534 906 139 22 betänkande
688 914 34 14 n:o
737 908 19 26 4,
768 906 6 21 i
786 907 73 21 anled-

113 943 54 27 ning
186 942 24 21 af
226 942 80 26 nådiga
325 941 161 28 propositionen
505 948 34 14 n:o
554 942 32 26 39,
602 940 113 28 angående
731 940 91 28 ändring
838 941 24 21 af

114 984 29 14 nu
157 976 102 28 gällande
274 975 174 28 lagstadganden
463 976 92 20 rörande
571 974 95 28 ägofred.

182 1045 122 27 Föredrogs
325 1044 230 22 ekonomieutskottets
570 1043 136 28 bordlaggda
721 1044 140 21 betänkande

114 1087 36 14 n:o
166 1081 18 27 5,
200 1080 7 20 i
223 1079 118 27 anledning
356 1079 24 21 af
392 1078 118 28 kejserliga
523 1078 161 28 propositionen
697 1084 34 15 n:o
747 1079 32 26 26,
794 1079 66 26 angå-

115 1114 55 21 ende
185 1113 283 27 kommunalförvaltningen
484 1113 28 28 på
527 1113 80 20 landet.

183 1149 55 21 Herr
257 1149 137 20 talemannen
415 1147 127 22 hemställde
562 1146 106 23 huruvida
687 1146 18 27 ej
726 1147 86 20 ståndet
828 1147 32 20 till

114 1183 110 22 vinnande
244 1183 24 20 af
285 1182 32 22 tid
337 1182 50 22 ville
402 1183 96 27 granska
514 1182 116 21 utskottets
647 1181 137 22 betänkande
800 1182 12 25 $
828 1181 33 21 för

115 1220 23 26 8;
154 1218 40 21 och
214 1217 29 21 då
265 1217 88 22 ståndet
376 1217 104 27 enhälligt
498 1217 72 21 härtill
590 1216 129 27 samtyckte,
739 1215 121 28 öfvergicks

115 1254 78 27 genast
208 1251 32 22 till
255 1251 161 28 granskningen
432 1251 24 21 af
470 1252 9 20 1
495 1251 103 27 kapitlets
615 1251 11 20 1
642 1251 20 26 &,
677 1249 89 22 hvilken
778 1249 83 22 utskot-

115 1289 31 19 tet
168 1286 112 27 föreslagit
303 1287 31 20 att
357 1288 92 25 antagas
472 1285 129 22 oförändrad
617 1284 7 21 i
640 1284 95 27 enlighet
754 1284 49 21 med
818 1283 42 22 den

115 1321 82 26 nådiga
211 1320 168 28 propositionen.

183 1355 89 20 Prosten
288 1354 48 21 Joh.
352 1354 34 21 Fr.
401 1354 83 27 Bergh
500 1353 96 29 yttrade:
619 1354 77 21 Denna
711 1354 13 25 $
739 1353 39 20 har
793 1353 25 20 af
829 1354 32 19 ut-

116 1388 81 21 skottet
212 1388 124 20 bibehållits
352 1388 139 26 oförändrad,
508 1388 68 21 sådan
592 1388 41 19 den
644 1387 143 20 förekommer
797 1387 7 19 i
814 1386 47 25 kej-

116 1421 80 27 serliga
216 1421 167 28 propositionen.
417 1421 33 20 De
471 1420 67 21 första
558 1421 65 20 orden
645 1420 38 21 der
697 1420 61 27 lyda:
776 1419 87 26 ,hvarje
