986 1773
746 137 39 21 785

141 200 145 27 Föredrogos:
310 201 21 28 1)
351 201 153 27 lagutskottets
522 201 139 21 betänkande
675 201 7 20 i
698 201 118 28 anledning

73 235 26 21 af
118 235 60 21 Hans
200 235 124 27 Kejserliga
345 235 112 27 Majestäts
480 235 80 27 nädiga
581 234 141 28 proposition,
750 236 65 27 angä-

72 269 56 22 ende
153 269 92 26 ändring
268 269 7 21 i
301 276 28 14 nu
350 269 102 28 gällande
475 269 135 27 stadganden
634 275 32 14 om
689 269 126 28 kyrkoplikt

72 303 41 22 och
127 303 162 28 upphäfvandet
305 303 25 21 af
341 303 43 21 den
400 303 32 21 för
447 303 57 21 vissa
520 304 57 20 brott
590 303 109 27 påbjudna
710 303 62 28 afgift
783 304 32 21 till

73 337 77 28 kyrka.

139 371 22 28 2)
185 373 157 20 sammansatta
364 371 45 28 lag-
432 371 40 22 och
492 371 231 22 ekonomieutskottets
741 372 73 21 betän-

71 405 73 22 kande
159 405 7 22 i
182 406 118 27 anledning
315 405 24 22 af
352 406 60 21 Hans
421 406 122 27 Kejserliga
553 405 113 28 Majestäts
676 406 82 27 nådiga
768 413 47 21 pro-

70 440 104 28 position,
191 440 113 27 angående
320 440 143 22 försvarslösa
473 447 112 21 personers
596 440 138 28 behandling.

138 474 121 22 Bordlades
274 475 70 26 begge
359 475 33 20 till
407 477 64 20 nästa
487 475 92 28 plenum.

138 543 123 27 Föredrogs
276 543 153 28 lagutskottets
443 543 135 28 bordlaggda
587 543 139 21 betänkande
736 551 34 14 n:o
782 544 34 26 19,

71 577 7 22 i
99 577 118 28 anledning
237 577 25 22 af
279 577 81 28 nådiga
377 577 159 29 propositionen
552 584 35 15 n:o
604 578 32 27 19,
651 577 113 28 angående
779 578 36 21 be-

71 612 73 22 hofvet
163 613 25 21 af
205 620 26 14 en
252 612 219 28 fridlysningsstadga
489 612 33 22 för
538 611 86 23 landets
636 612 124 29 jernvägar,
776 612 38 22 ka-

71 647 61 21 naler
147 647 40 22 och
202 647 239 28 telegrafinrättningar.

139 683 27 26 88
184 683 60 27 1—4,
263 681 75 22 hvilka
357 689 50 14 voro
427 681 24 22 af
463 688 82 15 samma
560 681 94 22 innehåll
671 687 46 16 som
733 681 79 28 kejser-

70 716 46 28 liga
130 716 171 28 propositionen,
317 716 128 27 godkändes
461 716 110 27 enhälligt.

138 752 13 25 8
166 751 19 21 5.

139 785 206 27 Kontraktsprosten
356 785 92 21 Hellön
459 785 103 28 föreslog,
574 786 32 20 att
617 784 26 21 de
654 785 7 20 i
672 784 71 22 denna
753 791 62 21 para-

71 820 51 27 graf
134 819 113 22 bestämda
262 819 169 28 bötesbeloppen
447 819 79 28 skulle,
543 820 7 20 i
562 818 69 22 likhet
641 818 49 22 med
700 818 57 22 hvad
768 819 46 22 bor-

71 853 142 29 gareständet
226 853 74 21 härom
316 854 95 27 beslutit,
428 853 112 22 nedsättas
555 853 33 21 till
603 853 98 21 20—200
716 853 68 21 mark.

139 889 90 20 Prosten
249 888 129 28 Alopeus
397 889 77 26 ansåg,
490 889 32 20 att
536 888 29 21 dä
579 887 143 22 förseelserna
737 887 7 22 i
760 887 55 22 afse-

72 923 56 21 ende
144 923 13 20 å
171 922 40 21 här
225 922 167 28 ifrågavarande
407 922 38 21 fall
460 923 72 20 kunde
543 929 52 14 vara
606 921 25 22 af
639 921 40 22 den
690 927 55 16 mest
756 922 59 21 olika

72 957 159 27 beskaffenhet,
249 957 36 21 det
301 957 63 21 äfven
379 964 50 14 vore
445 957 135 27 nödvändigt
593 958 32 19 att
638 963 26 14 en
678 956 25 21 sä
714 959 44 19 stor
767 956 48 22 lati-

73 991 38 22 tud
132 998 44 15 som
192 991 85 28 möjligt
292 991 76 22 funnes
384 991 6 21 i
406 991 102 22 afseende
524 992 13 20 å
552 990 263 28 straffbestämningarne,

72 1025 39 22 och
128 1025 117 28 tillstyrkte
260 1026 29 27 pä
304 1025 68 27 grund
386 1025 65 21 häraf
463 1025 134 28 antagandet
612 1025 25 20 af
648 1024 116 22 utskottets
780 1025 35 21 be-

72 1059 121 28 tänkande,
208 1059 57 22 helst
281 1060 7 21 i
303 1060 103 21 händelse
422 1060 82 21 straffet
519 1059 131 28 nägongäng
665 1059 85 27 tycktes
762 1059 54 21 obil-

72 1094 49 28 ligt,
138 1094 91 27 ändring
244 1101 78 20 genom
337 1094 128 21 leuteration
481 1094 71 21 kunde
568 1093 85 27 vinnas,
670 1093 83 22 hvilket
768 1100 47 21 pro-

72 1131 48 18 sten
140 1128 70 27 ansäg
229 1128 52 21 vida
300 1128 80 28 bättre,
398 1131 27 18 än
441 1130 31 19 att
487 1127 119 22 inskränka
621 1127 194 22 straffbestämnin-

71 1169 67 21 garne
153 1163 57 20 inom
226 1163 73 21 alltför
314 1163 77 26 tränga
406 1166 95 23 gränser.

140 1197 90 22 Prosten
245 1197 127 21 Borenius
388 1197 116 28 tillstyrkte
520 1196 64 21 äfven
600 1195 133 28 antagandet
748 1195 24 22 af
784 1197 32 20 ut-

72 1231 93 22 skottets
180 1231 148 28 betänkande,
346 1231 90 22 emedan
451 1231 51 28 han,
514 1231 7 21 i
531 1230 70 22 likhet
610 1230 49 21 med
669 1232 87 26 prosten
767 1230 49 21 Alo-

71 1272 68 22 peus,
156 1266 67 27 ansåg
240 1267 32 20 att
288 1265 41 22 den
345 1265 135 23 allrastörsta
495 1264 152 28 skiljaktighet
661 1265 8 20 i
684 1264 104 21 afseende
803 1264 13 20 ä

72 1300 144 22 förseelserna
231 1300 73 21 kunde
320 1300 30 21 uti
365 1300 166 27 ifrägavarande
546 1299 39 21 fall
601 1301 42 25 äga
658 1305 52 15 rum.

140 1334 32 22 Pä
187 1334 24 22 af
223 1334 49 21 herr
283 1334 137 22 talemannen
431 1334 120 22 framställd
561 1333 71 27 fräga,
643 1333 105 21 huruvida
758 1332 58 22 stän-

73 1368 37 22 det
125 1368 82 28 gillade
222 1369 117 21 utskottets
357 1368 3 22 i
377 1368 71 22 denna
463 1368 35 22 del
514 1367 82 27 afgifna
610 1366 148 28 betänkande,
769 1373 47 15 sva-

73 1402 63 21 rades
152 1402 48 21 med
217 1402 111 21 obestridd
342 1403 110 27 pluralitet
462 1402 103 28 jakande.

95 1444 53 22 Högv.
162 1444 131 16 Prestaständets
306 1444 64 16 Protok.
398 1444 22 16 II.
726 1445 21 13 50
