995 1767
190 161 26 23 68

161 226 119 29 begreppet
300 224 25 21 af
341 221 162 29 röstberättigad
519 220 85 21 medlem
623 219 28 28 af
663 217 166 28 stadskommun;
845 216 61 22 hvar-

162 263 56 21 emot
234 260 69 26 begge
319 257 27 21 de
362 262 76 16 senare
455 254 103 22 ståndens
568 255 185 26 representanters
764 247 144 35 formulerade

160 294 87 29 uttryck
262 292 33 23 för
308 291 119 27 begreppet
440 288 25 22 af
476 287 279 23 stadskommunalmedlem
767 285 141 23 öfverhufvud

160 330 42 22 blir
216 328 33 22 för
264 326 81 27 trångt,
361 324 33 21 för
410 321 278 24 stadskommunalmedlem
700 320 49 22 med
761 320 147 26 rösträttighet

162 364 96 22 deremot
273 360 32 22 för
319 359 52 22 vidt.
402 358 43 27 Jag
460 359 33 19 tar
507 356 43 27 mig
561 356 90 21 friheten
663 357 32 19 att
705 354 92 22 hänvisa
807 354 33 21 till
851 353 57 21 hvad

158 399 42 27 jag
213 397 7 21 i
235 395 45 22 min
295 394 32 21 till
343 391 150 23 betänkandet
507 390 117 27 vidfogade
640 389 133 21 reservation
788 388 67 22 redan
871 394 37 14 an-

162 430 81 28 dragit,
266 428 39 22 och
328 432 107 22 upprepar
456 428 57 19 ännu
534 431 26 14 en
580 424 67 27 gång,
664 426 32 18 att
711 423 36 21 det
763 422 32 22 för
809 424 32 19 att
856 429 53 14 vara

161 462 162 30 röstberättigad
341 460 92 22 medlem
448 460 6 20 i
471 459 56 21 finsk
542 458 49 22 stad
608 458 18 27 ej
644 458 54 20 blott
713 456 84 22 fordras
813 458 31 20 att
859 456 49 21 icke

162 499 87 23 tilihöra
268 497 67 27 något
355 496 67 20 annat
437 493 98 29 politiskt
551 492 99 22 samfund
666 494 27 18 än
708 490 201 22 storfurstendömet

161 532 104 28 Finland,
285 532 52 20 utan
358 528 42 22 ock
421 530 30 19 att
467 527 48 22 icke
531 526 86 22 tillhöra
632 526 72 27 någon
720 532 71 14 annan
807 525 102 21 kommun

162 570 29 20 än
202 567 48 27 just
264 564 42 22 den
321 562 174 28 ifrågavarande.
524 562 33 20 En
572 560 125 28 possession
711 560 52 20 eller
773 560 81 21 rörelse
865 559 44 21 kan

162 608 51 16 man
227 599 66 23 hafva
308 597 63 22 äfven
386 597 58 21 inom
461 602 71 15 annan
548 595 111 26 kommun,
676 596 27 19 än
719 593 42 22 den
776 600 50 14 man
837 594 71 21 såsom

162 631 170 28 röstberättigad
353 630 82 27 tillhör;
458 636 49 14 man
530 629 44 21 kan
594 628 37 21 der
650 628 83 27 åtnjuta
747 627 108 22 förmåner
869 628 40 20 och

162 672 88 19 taxeras
265 667 32 21 till
313 665 91 27 utlagor,
418 670 48 15 men
482 664 6 20 i
504 663 140 21 kommunens
660 662 183 27 angelägenheter
858 664 52 24 äger

162 709 50 16 man
228 701 19 28 ej
264 702 42 20 rätt
322 701 31 19 att
369 698 60 22 talan
445 698 52 21 föra.

230 733 208 27 Kontraktsprosten
460 732 77 21 Hellén
560 731 39 21 har
622 732 56 20 emot
701 730 116 22 utskottets
835 730 74 22 betän-

162 770 73 23 kande
250 768 103 29 uppträdt
367 767 49 21 från
431 773 25 15 en
472 766 45 21 helt
532 772 72 14 annan
620 765 54 21 sida.
700 764 209 28 Kontraktsprosten

162 806 46 27 har,
219 804 71 22 såsom
299 802 43 21 han
351 800 52 28 sjelf
409 800 94 28 behagat
512 802 62 24 säga,
584 798 62 22 hållit
656 799 32 27 sig
697 799 32 20 till
738 798 36 22 det
783 799 127 27 principiela

161 840 8 21 i
184 839 85 27 frågan,
284 836 39 22 och
339 835 62 28 tyckt
417 834 32 28 sig
463 834 110 27 verkligen
584 833 110 21 förmärka
704 834 6 20 i
722 833 149 21 betänkandet
883 840 25 14 en

161 874 34 22 till
210 871 97 29 grunden
323 868 85 29 gående
425 868 114 27 divergens
554 868 46 20 från
614 867 167 28 propositionen.
807 867 42 21 Till
860 867 50 22 stöd

161 908 33 22 för
216 906 72 22 denna
310 904 33 22 sin
365 902 113 23 förmodan
498 902 39 22 har
552 902 202 27 kontraktsprosten
770 902 90 28 beropat
876 902 34 27 sig

161 942 30 28 på
211 940 70 28 några
303 938 37 22 ord
360 938 7 20 i
387 936 150 22 betänkandet
551 942 49 22 pag.
617 936 19 27 5,
652 943 46 14 som
709 936 42 27 jag
765 942 29 15 nu
810 936 18 28 ej
846 942 64 16 anser

161 975 77 27 nödigt
260 975 32 20 att
312 972 127 28 ytterligare
461 977 106 21 upprepa,
589 970 110 22 äfvensom
714 970 29 27 på
759 970 41 21 den
815 972 93 20 omstän-

162 1009 112 27 digheten,
291 1008 32 20 att
337 1005 150 22 betänkandet
502 1006 128 20 utmönstrat
646 1012 62 13 mom.
721 1005 24 20 11
757 1004 7 21 i
775 1004 42 21 den
828 1004 81 28 nådiga

161 1042 168 30 propositionen.
359 1040 44 27 Jag
420 1040 37 20 ber
477 1041 30 19 att
523 1039 22 21 få
560 1039 28 27 gå
604 1038 92 22 tillbaka
711 1038 58 22 ända
783 1038 32 22 till
831 1038 78 28 sjelfva

160 1076 174 30 propositionens
356 1074 81 21 rubrik.
466 1074 45 21 Der
533 1074 45 21 står
601 1076 31 18 att
650 1074 69 25 läsas,
735 1075 32 19 att
782 1073 42 22 hon
840 1073 69 27 gäller

160 1110 168 30 reorganisation
351 1108 29 28 af
397 1108 110 21 städernas
530 1108 257 28 kommunalförvaltning,
812 1107 37 21 det
871 1107 37 21 vill

161 1147 55 25 säga
236 1142 169 28 omgestaltning
420 1141 25 21 af
458 1142 45 21 deri
518 1141 217 22 förhandenvarande
750 1141 157 22 förhållanden.

159 1178 81 28 Nåväl,
256 1176 75 22 hvilka
347 1178 37 19 äro
400 1175 27 21 de
442 1175 160 28 förhållanden,
622 1182 46 14 som
682 1175 53 21 böra
751 1176 156 26 omgestaltas?

160 1212 48 21 Just
223 1209 167 23 förhållandena
404 1209 57 21 inom
477 1209 138 27 kommunen,
631 1209 40 21 och
686 1209 75 21 främst
775 1209 24 21 af
807 1209 47 28 allt,
866 1209 40 21 för-

159 1244 113 22 hållandet
294 1243 93 22 emellan
410 1242 27 22 de
459 1245 32 19 tre
513 1242 114 22 såkallade
648 1243 59 21 olika
725 1242 114 22 klasserna
855 1243 53 21 eller

159 1284 123 22 grupperna
296 1276 25 22 af
333 1276 226 27 stadsbefolkningen:
570 1276 87 28 borgare
667 1276 46 20 med
723 1276 99 28 burskap,
832 1276 74 28 gårds-

158 1316 65 24 ägare
238 1311 41 21 och
294 1310 71 28 öfriga
380 1310 195 21 stadsinnevånare.
605 1310 31 20 På
647 1310 76 20 dessas
735 1310 171 20 sammansmält-

158 1346 52 26 ning
225 1344 33 22 till
274 1350 26 15 en
317 1342 66 28 enda,
400 1342 58 28 enig,
474 1342 43 22 fast
533 1342 39 22 och
588 1342 57 21 inom
660 1342 34 27 sig
707 1342 95 22 likartad
813 1343 92 21 samhäl-

157 1378 69 28 lighet
247 1378 63 21 beror
332 1376 151 22 hufvudsaken
503 1376 7 22 i
531 1376 41 22 den
591 1376 91 22 afsedda
697 1376 208 28 reorganisationen.

157 1413 49 21 Men
226 1411 61 23 såväl
306 1411 161 28 propositionen
485 1418 46 14 som
546 1410 149 22 betänkandet
711 1411 106 21 erkänner
834 1411 71 21 denna

152 1445 222 29 sammansmältning
389 1452 45 16 som
449 1447 30 19 ett
494 1445 53 29 mål,
564 1445 85 21 hvartill
664 1452 49 14 man
725 1445 47 28 vill,
783 1452 49 14 men
843 1445 61 22 hvar-
