989 1809
776 135 41 23 543

98 198 58 19 emot
175 195 151 30 dödsstraffet,
350 197 77 27 tyckas
446 196 65 23 hafva
529 197 91 29 ungefär
635 206 82 15 samma
733 200 57 22 kraft
805 202 40 21 och

97 230 107 27 giltighet.
233 230 122 28 Rädfrägar
370 238 50 14 man
436 232 97 22 deremot
547 233 85 22 bibelns
648 234 82 28 helhet,
750 234 41 22 den
807 243 37 19 gu-

98 264 96 28 domliga
215 265 185 27 uppenbarelsens
422 266 57 21 anda
501 266 150 29 öfverhufvud,
674 268 25 20 sä
716 268 77 22 tvekar
803 270 43 26 jag

97 298 49 21 icke
169 300 32 20 att
224 298 153 23 dödsstraffets
397 299 139 22 afskaffande
551 300 57 22 skall
624 301 65 21 hafva
703 302 32 21 för
750 302 33 27 sig
798 303 46 21 deri

97 332 36 22 det
149 332 51 22 vida
215 333 121 27 mäktigare
352 333 78 22 stödet.
460 334 43 21 Det
519 336 23 19 är
557 334 36 21 väl
608 337 73 25 sannt,
705 338 32 18 att
752 337 92 27 troligen

95 367 93 27 mången
211 367 75 21 ibland
310 375 35 14 oss
364 368 7 21 i
387 368 78 27 sjelfva
478 368 68 22 Kristi
562 368 167 28 försoningsdöd
743 370 33 21 för
791 372 53 20 våra

95 401 81 28 synder
198 402 75 27 tycker
293 402 33 26 sig
346 402 58 21 finna
424 408 27 15 en
471 402 132 22 bekräftelse
618 404 28 27 pä
661 403 42 21 den
719 404 125 28 gudomliga

94 436 118 21 rättvisans
229 436 115 26 oafvisliga
360 436 58 27 kraf,
435 438 32 19 att
481 436 64 26 ,blod
555 436 57 22 skall
623 436 78 28 gäldas
711 438 49 21 med
772 439 71 21 blod."

94 470 49 20 Men
157 469 83 22 hvilket
255 470 93 22 intresse
363 473 28 18 än
408 477 26 14 en
450 470 116 27 utredning
581 471 24 21 af
619 471 60 21 detta
694 474 63 18 ämne
770 473 72 21 kunde

95 504 99 28 erbjuda,
211 507 24 18 är
250 504 39 21 här
305 504 56 22 dock
376 504 49 22 icke
442 505 72 21 stället
530 507 32 19 att
577 505 51 27 ingä
643 506 7 20 i
662 505 138 28 dogmatiska
810 510 32 18 ut-

94 538 130 28 läggningar
246 539 24 21 af
288 538 26 22 de
334 539 60 21 olika
414 539 109 21 teorierna
537 539 93 22 rörande
645 539 196 28 försoningslärans

95 573 109 27 egentliga
227 573 113 28 betydelse
364 573 39 21 och
426 573 103 22 innehäll.
559 574 49 27 Nog
627 574 26 20 af
665 576 32 19 att
712 575 129 22 ätminstone

94 607 42 21 den
158 608 124 26 borgerliga
305 607 77 27 lagens
406 607 121 22 dödsstraff
547 607 49 22 icke
617 608 24 21 af
655 608 68 22 Kristi
739 609 43 21 död
797 610 45 21 kan

94 642 73 20 hemta
185 642 67 26 nägot
267 641 59 28 stöd;
348 644 22 25 ty
387 641 42 21 den
445 641 58 28 dom,
527 648 45 15 som
588 642 38 20 föll
641 642 60 21 öfver
716 642 124 29 Frälsaren,

94 675 158 22 förestafvades
268 676 120 26 ingalunda
402 676 24 20 af
439 676 109 26 mensklig
563 676 100 28 rättvisa,
687 678 52 19 utan
754 677 25 20 af
791 677 51 21 väld

94 709 40 21 och
149 709 61 27 väld,
227 709 25 21 af
265 710 136 21 menniskors
415 710 108 27 tygellösa
539 710 118 28 passioner,
673 716 46 15 som
735 712 50 20 utan
797 713 45 19 tve-

94 744 44 21 kan
161 743 91 27 frigäfvo
276 743 42 21 den
341 744 102 26 skyldige
463 743 32 21 för
516 746 31 18 att
562 744 7 20 i
585 744 73 21 stället
673 744 22 20 få
710 751 33 14 om
759 744 83 22 händer

95 778 41 20 den
156 777 111 22 skuldlöse
288 778 40 21 och
348 778 100 27 förnagla
466 777 78 22 honom
560 778 28 27 pä
603 778 80 21 korset.
714 778 61 22 Skall
791 786 50 14 man

93 812 55 21 ifrän
164 811 42 21 den
221 811 119 28 verldsliga
355 814 83 19 rättens
454 812 110 28 synpunkt
574 812 120 27 nägonting
704 812 46 21 lära
762 812 24 22 af
793 813 48 21 Kri-

94 846 27 21 sti
138 846 52 27 död,
210 846 24 22 sä
249 846 44 21 kan
310 846 36 21 det
361 846 55 21 blott
432 853 61 21 vara,
512 848 32 18 att
559 846 19 27 ej
594 846 46 21 läta
654 846 90 22 hänföra
760 847 33 27 sig
808 847 33 21 till

93 882 31 19 ett
146 880 140 22 förhastande
310 880 7 21 i
340 880 141 22 dödsdomars
500 880 150 22 afkunnande.
681 880 45 22 Och
742 880 55 22 ifrån
813 888 27 14 en

93 916 66 27 högre
183 915 110 29 synpunkt
314 916 52 27 äter,
391 915 56 21 hvad
466 916 32 20 lär
514 922 35 15 oss
565 915 162 22 kristendomen
742 922 35 14 om
792 916 48 21 icke

94 950 68 28 detta,
180 952 32 19 att
227 950 37 21 det
280 950 58 27 evigt
353 950 102 27 gällande
471 949 62 21 offret
549 949 67 21 redan
632 949 70 22 blifvit
720 950 120 28 hemburet,

93 992 46 14 som
154 986 40 25 gör
209 984 44 21 alla
268 984 70 22 andra
352 984 90 27 blodiga
457 984 54 21 offer
526 984 157 27 ofverflödiga?
712 984 48 28 Nya
775 986 65 20 testa-

93 1020 93 20 mentets
202 1018 120 22 hufvudord
337 1020 24 20 är
377 1018 56 22 dock
449 1018 60 22 ordet
524 1018 121 28 försoning;
668 1017 33 22 för
718 1018 122 22 hvarochen

92 1053 104 28 syndare,
214 1060 47 14 som
276 1052 89 22 troende
381 1059 111 15 anammar
507 1052 60 22 Guds
583 1052 52 27 näd,
654 1052 118 21 förkunnar
787 1053 52 20 Her-

93 1094 50 15 rans
164 1087 136 27 evangelium
320 1086 181 29 syndaförlätelse
522 1086 58 22 ända
593 1086 22 22 in
632 1086 7 20 i
655 1086 42 21 den
713 1086 62 28 elfte,
798 1086 42 22 den

93 1122 57 21 sistä
163 1122 101 27 stunden,
286 1121 38 22 och
342 1121 36 21 det
393 1121 88 27 slutliga
496 1122 98 26 stränga,
610 1120 153 28 skoningslösa
778 1120 62 22 straf-

93 1156 30 21 fet
143 1156 97 22 bebädas
262 1156 93 22 allenast
371 1155 60 22 öfver
446 1155 91 22 alldeles
553 1154 147 28 obotfärdiga,
724 1154 59 22 öfver
798 1154 42 22 den

93 1190 101 22 absoluta
208 1190 156 22 förhärdelsen.
395 1189 62 22 Skall
472 1196 29 14 nu
517 1189 42 21 den
573 1189 124 27 borgerliga
712 1189 64 27 lagen
782 1185 12 36 i
792 1189 49 21 ett

93 1224 96 28 kristligt
208 1224 106 22 samhälle
333 1224 24 22 sä
372 1224 87 28 mycket
475 1230 46 15 som
536 1223 85 27 möjligt
637 1223 71 21 bildas
723 1223 7 21 i
744 1222 96 28 enlighet

93 1258 50 22 med
163 1258 42 22 den
222 1258 73 28 heliga
314 1258 75 22 skrifts
405 1258 66 28 anda,
496 1258 25 22 sä
536 1258 87 20 rimmar
638 1256 36 22 det
689 1257 34 27 sig
737 1256 48 28 illa,
808 1258 32 20 att

93 1293 79 21 medan
195 1292 161 22 kristendomen
380 1292 70 27 aldrig
472 1294 91 20 tröttnar
587 1293 32 19 att
638 1291 47 21 frän
704 1297 86 21 vaggan
808 1290 33 21 till

93 1326 90 28 grafven
202 1327 60 21 kalla
282 1327 94 27 syndare
392 1326 33 22 till
440 1326 96 27 bättring
551 1326 40 21 och
607 1325 80 21 bereda
702 1324 49 22 dem
767 1324 74 22 städse

93 1361 105 28 förnyade
220 1361 101 21 tillfällen
344 1360 81 28 dertill,
448 1360 42 22 den
512 1360 119 26 verldsliga
653 1359 118 21 rättvisans
791 1358 49 22 dom

93 1398 92 20 tvärtom
208 1395 98 28 skyndar
328 1396 32 20 att
379 1394 33 22 för
433 1394 42 22 den
491 1394 75 28 grofva
581 1394 143 26 hrottslingen
739 1392 102 28 afklippa

92 1430 51 20 med
158 1436 48 20 ens,
222 1429 72 21 sävidt
308 1430 29 26 pä
353 1435 35 15 oss
402 1428 125 22 menniskor
543 1428 131 26 ankommer,
689 1427 28 20 all
729 1426 112 27 möjlighet
