989 1814
183 140 41 20 390

155 203 39 21 här
214 210 46 15 som
276 203 8 20 i
300 203 68 21 andra
387 202 49 27 fall,
459 201 27 21 de
507 200 146 23 närvarandes
669 200 81 27 beslut,
774 206 32 15 om
824 199 26 22 de
867 201 37 19 äro

155 237 51 22 flere
222 237 53 22 eller
289 237 67 27 färre,
373 236 57 22 skall
445 235 68 22 blifva
526 234 110 29 gällande.

224 272 59 21 Härå
298 270 147 22 framställdes
461 270 24 21 af
494 269 53 22 herr
561 269 139 22 talemannen
716 267 97 29 följande
828 274 77 21 propo-

157 304 74 23 sition:

226 339 130 21 Godkänner
375 338 128 29 högvördiga
523 337 82 22 ståndet
619 336 16 29 $
650 337 29 21 30
694 336 29 29 af
737 337 109 20 utskottets
860 336 48 21 med

157 380 81 14 samma
257 372 16 29 $
292 374 10 19 i
320 373 39 21 den
380 372 112 29 kejserliga
503 371 159 29 propositionen
678 370 230 29 öfverensstämmande

158 407 146 22 betänkande?

225 441 137 22 Besvarades
376 441 51 22 med
442 442 26 21 21
479 442 28 27 ja
523 442 57 20 emot
595 441 13 20 8
623 441 42 28 nej.

226 477 28 26 SS
270 477 33 27 31,
320 477 33 27 32,
370 477 26 20 33
412 475 40 22 och
468 476 27 21 34
510 475 8 21 i
531 475 118 22 utskottets
659 474 140 22 betänkande
810 474 98 27 godkän-

159 509 48 29 des,
223 511 29 27 på
267 510 137 22 framställda
418 509 165 29 propositioner,
599 509 114 27 enhälligt.

226 545 120 27 Angående
362 545 13 26 &
390 545 26 21 35
432 543 93 29 uppstod
541 543 134 27 diskussion,
692 542 76 23 dervid

226 579 143 28 Vicepastorn
389 585 52 15 von
460 579 89 21 Essen
567 577 96 29 yttrade:
681 577 12 22 I
707 577 77 28 början
800 577 24 21 af
838 577 72 22 denna

160 615 13 25 8
196 613 141 28 bestämmes,
363 615 32 20 att
418 620 33 14 om
472 611 145 23 ordföranden
640 612 53 21 eller
715 611 194 22 viceordföranden

159 647 50 23 icke
232 650 24 18 är
278 647 108 21 tillstädes
404 646 8 22 i
430 646 274 27 kommunalfullmäktiges
727 646 182 28 sammankomst,

160 682 36 20 må
218 681 55 21 intet
295 681 81 21 ärende
398 681 119 27 företagas,
537 680 65 22 alltså
616 680 171 22 sammanträdet
802 680 108 22 inställas.

160 715 107 27 Följande
291 717 95 19 moment
410 715 90 28 stadgar
524 715 62 21 böter
610 715 33 21 för
668 717 31 19 ett
722 714 79 22 sådant
825 714 86 22 uteblif-

161 750 80 27 vande,
251 750 110 21 äfvensom
372 750 34 21 för
416 749 134 28 fullmäktigs
561 749 162 22 uraktlåtenhet
734 751 32 19 att
777 749 33 28 sig
820 749 90 22 infinna.

161 784 109 27 Slutligen
289 784 62 21 heter
371 784 37 21 det
427 784 7 21 i
453 784 54 21 sista
525 786 127 19 momentet:
669 783 55 26 ,blir
739 783 172 22 sammanträdet

160 817 34 22 för
216 818 28 21 de
265 818 148 22 närvarandes
435 818 114 27 fåtalighet
572 818 100 27 instäldt,
693 817 127 22 fördubblas
845 818 67 22 dessa

161 852 81 22 böter.”
272 853 35 21 De
322 852 125 28 försumlige
461 852 23 22 få
499 852 28 22 då
543 852 52 22 böta
609 853 14 20 4
638 852 62 21 mark
711 852 32 21 för
754 852 41 21 den
806 852 105 27 tillfällig-

161 886 48 21 hets
224 886 68 28 skull,
308 888 32 19 att
355 894 25 13 en
394 886 34 22 för
440 886 87 28 mycket
538 886 25 21 af
571 886 26 21 de
608 886 137 27 fullmäktige
756 886 91 21 träffade
858 893 54 14 vara

161 920 68 22 borta.
246 920 49 22 Men
305 920 128 22 försummar
444 920 33 27 sig
488 920 144 22 ordföranden
644 920 53 21 eller
707 920 205 28 viceordföranden,

161 954 65 23 hvars
237 957 91 20 närvaro
340 955 62 21 alltid
414 957 23 19 är
447 954 68 28 nödig
525 955 39 21 och
575 954 65 22 hvars
651 957 89 19 utevaro
750 954 87 22 således
848 955 63 21 abso-

161 988 31 22 lut
203 988 39 22 har
252 988 50 22 hela
313 989 182 22 sammanträdets
505 989 132 28 upplösning
647 989 32 21 till
690 989 63 28 följd,
765 989 25 21 så
798 989 63 22 bötar
869 989 42 22 han

162 1023 78 21 endast
255 1023 12 21 5
284 1023 71 28 mark,
375 1023 86 22 således
477 1024 78 21 endast
571 1025 11 19 1
599 1024 62 21 mark
676 1030 45 15 mer
735 1027 27 18 än
778 1023 133 29 fullmäktig,

162 1057 92 21 oaktadt
267 1064 78 20 genom
356 1057 54 22 hans
421 1058 162 22 uraktlåtenhet
593 1060 32 19 att
636 1058 81 22 infinna
729 1058 33 27 sig
772 1058 46 22 hela
830 1059 82 21 antalet

162 1091 26 22 af
199 1090 120 23 ledamöter
334 1092 6 20 i
356 1094 107 20 stämman
478 1092 84 22 kunnat
576 1092 117 22 försumma
705 1093 32 22 sin
749 1092 49 28 dag.
824 1093 88 22 Utskot-

161 1128 32 20 tet
208 1126 39 21 har
262 1126 50 21 med
326 1128 58 20 rätta
399 1126 80 28 förhöjt
493 1127 91 21 böterna
598 1127 34 21 för
647 1127 153 27 ordföranden,
819 1134 49 14 men
885 1128 27 21 de

162 1160 66 21 borde
248 1167 54 14 vara
317 1162 57 20 ännu
390 1161 77 28 högre;
482 1161 9 21 i
505 1162 44 21 min
564 1162 67 20 tanke
647 1162 12 20 8
675 1162 62 21 mark
752 1162 20 21 d.
788 1164 18 19 ä.
823 1162 89 22 dubbelt

162 1196 44 19 mot
222 1194 36 21 det
273 1194 33 22 för
321 1194 124 28 fullmäktig
460 1196 132 26 stipulerade
607 1196 79 26 högsta
701 1195 173 28 bötesbeloppet.

229 1228 145 27 Domprosten
389 1229 68 27 Borg
471 1230 114 21 anmärkte
600 1231 31 19 att
642 1230 137 27 vicepastorn
790 1237 41 15 von
842 1230 69 22 Essen

161 1261 109 28 förbisett,
288 1262 36 21 det
340 1262 70 22 beslut
425 1263 72 21 kunde
513 1263 67 22 fattas
595 1270 34 15 om
640 1264 41 21 ock
693 1264 42 21 den
746 1270 50 22 ena,
808 1264 104 27 antingen

162 1295 145 23 ordföranden
324 1296 52 22 eller
392 1297 193 22 viceordföranden
599 1304 39 15 var
653 1298 154 29 frånvarande,
822 1298 90 22 såframt

161 1329 50 22 icke
230 1330 160 22 ledamöternes
405 1331 114 28 fätalighet
530 1332 49 21 lade
590 1332 77 21 hinder
677 1332 6 20 i
695 1331 77 28 vägen.
796 1332 116 22 Uteblefvo

162 1364 80 26 begge,
261 1364 57 21 både
334 1364 129 22 ordförande
479 1366 40 20 och
534 1365 189 28 viceordförande,
742 1372 52 15 vore
810 1368 102 19 ansvaret

162 1396 90 23 dubbelt
267 1397 67 27 högre
350 1397 20 21 d.
386 1404 19 14 v.
422 1405 16 15 s.
456 1399 26 20 10
498 1399 60 20 mark
574 1398 33 22 för
621 1398 114 23 hvardera,
