989 1775
772 134 40 20 353

87 194 66 27 yrkar
176 194 86 22 således
285 194 32 22 för
340 195 42 21 min
405 195 34 21 del
460 198 57 18 ännu
533 202 26 14 en
575 197 58 27 gång
648 197 29 27 på
692 198 145 26 petitionsför-

87 228 83 26 slagets
185 228 142 22 förkastande
343 229 25 20 af
381 229 36 20 det
433 229 136 27 högvördiga
584 231 168 26 prestaståndet.

156 262 126 21 Professorn
298 262 155 22 Schauman:
469 263 49 21 Med
534 263 119 27 anledning
666 264 26 20 af
699 264 140 28 domprosten

87 296 104 21 Renvalls
211 303 28 14 nu
260 295 83 28 afgifna
362 296 75 22 vidare
457 296 101 28 yttrande
576 298 7 20 i
599 297 69 21 saken
683 297 33 22 fär
727 299 43 26 jag
784 299 55 20 blott

87 336 106 21 upprepa,
211 332 32 18 att
258 330 62 27 fråga
336 330 49 20 icke
401 332 24 18 är
441 337 34 14 om
490 332 32 19 att
537 330 36 22 vid
589 331 69 20 denna
674 331 102 29 landtdag
786 339 53 20 upp-

87 366 54 24 göra
152 366 31 18 ett
193 364 138 27 fullständigt
341 364 82 27 förslag
434 364 32 21 till
478 364 169 27 omgestaltning
658 364 25 21 af
690 365 86 21 landets
786 366 53 26 hög-

87 399 35 19 sta
138 398 101 27 styrelse,
256 399 52 19 utan
324 398 78 21 endast
418 400 31 19 att
464 398 130 27 petitionera
608 398 81 28 derom,
702 401 32 19 att
745 399 94 27 regerin-

86 438 43 20 gen
144 432 33 21 till
193 434 64 19 nästa
272 432 107 26 landtdag
389 432 51 21 ville
451 432 45 20 låta
507 432 100 21 utarbeta
617 434 30 19 ett
658 432 79 22 sådant
748 432 89 28 förslag.

156 466 91 21 Prosten
267 466 42 21 Jul.
331 466 61 20 Imm.
413 466 83 26 Bergh
512 472 39 15 var
566 472 51 15 ense
633 466 50 21 med
698 466 139 28 domprosten

87 500 98 32 Renvall.

129 554 4 4 .
154 533 61 22 Efter
239 534 73 22 slutad
332 534 124 22 diskussion
475 533 135 23 framställde
630 534 49 22 herr
699 535 139 21 talemannen

86 568 98 28 följande
200 568 143 28 proposition:

154 602 95 29 Antager
269 603 32 20 det
321 603 128 28 högvördiga
469 603 82 21 ståndet
569 603 38 20 den
622 603 57 28 från
693 603 146 29 ridderskapet

86 638 37 20 och
138 637 63 21 adeln
215 638 110 28 ingångna
339 637 152 28 inbjudningen
508 638 33 20 till
555 637 131 29 underdånig
697 638 91 27 petition
804 645 30 13 om

86 672 168 28 reorganisation
270 671 29 28 af
310 671 81 21 landets
406 672 73 27 högsta
494 671 151 28 styrelseverk?

154 705 138 21 Besvarades
307 705 50 21 med
374 705 25 21 16
411 706 28 27 ja
455 708 43 18 mot
515 706 26 20 13
556 706 42 27 nej.

155 739 45 21 Och
220 747 46 14 som
281 738 158 28 inbjudningen
454 739 65 22 alltså
534 739 47 21 blef
594 739 25 21 af
630 739 87 22 ståndet
733 741 105 25 antagen,

86 774 82 21 beslöts
189 776 31 18 att
240 773 76 27 frågan
333 773 71 21 skulle
420 773 32 21 till
469 774 110 20 allmänna
593 773 198 22 besvärsutskottet
806 780 32 13 re-

86 808 108 27 mitteras;
212 808 89 21 hvarom
317 807 123 28 respektive
454 807 142 22 medstånden
613 808 86 21 komme
713 810 32 18 att
761 814 77 20 genom

86 842 128 27 deputation
229 841 41 22 och
284 841 240 28 protokollstranssumt
540 841 143 21 underrättas.

156 876 140 22 Omedelbart
314 875 95 22 härefter
427 875 73 29 afgick
520 882 26 15 en
564 875 137 29 deputation,
720 875 78 22 anförd
817 875 25 21 af

87 910 139 28 domprosten
241 911 66 26 Borg,
322 910 33 22 för
370 912 32 19 att
417 910 32 21 till
465 910 156 22 medståndens
635 910 123 21 kännedom
770 910 68 20 öfver-

87 946 77 26 bringa
187 945 61 21 såväl
269 944 60 22 detta
349 952 46 14 som
416 944 27 22 de
461 945 36 21 två
517 944 140 22 härförinnan
673 944 6 21 i
696 944 44 27 dag
755 943 83 21 fattade

86 980 81 27 beslut,
184 979 75 21 hvilka
275 980 83 20 ansetts
374 979 53 21 böra
442 978 143 22 medstånden
601 978 114 26 delgifvas.
741 978 97 26 Deputa-

87 1014 74 20 tionen
181 1012 118 22 återvände
320 1012 55 22 efter
395 1019 26 14 en
442 1012 73 28 stund,
537 1012 68 21 sedan
626 1012 127 21 densamma
774 1011 65 21 utfört

87 1048 38 21 sitt
141 1047 104 28 uppdrag.

157 1115 127 23 Emellertid
307 1115 86 27 vidtogs
414 1116 39 21 och
473 1115 111 21 fortsattes
605 1114 41 22 den
667 1114 36 21 vid
724 1114 116 21 sisthållna

87 1151 88 27 plenum
193 1150 90 27 började
299 1150 164 27 granskningen
478 1150 25 20 af
516 1148 232 22 ekonomieutskottets
764 1148 74 21 betän-

88 1184 73 22 kande
180 1184 6 21 i
203 1184 118 27 anledning
337 1184 24 21 af
373 1184 81 27 nådiga
469 1183 163 28 propositionen
648 1182 114 28 angående
778 1182 60 21 kom-

88 1219 235 27 munalförvaltningen
338 1219 28 27 pä
381 1218 84 28 landet,
481 1217 79 22 hvaraf
573 1219 27 24 $$
617 1218 68 20 1—10
699 1216 141 21 härförinnan

88 1253 71 21 blifvit
175 1253 173 27 genomgångna.

157 1289 13 24 8
188 1288 24 19 11
229 1287 130 26 godkändes
376 1287 111 26 enhälligt.

157 1321 11 20 I
183 1321 62 26 fråga
261 1327 33 15 om
311 1321 12 26 8
340 1321 25 20 12
381 1321 87 27 yttrade

158 1355 90 20 Prosten
264 1354 49 21 Joh.
326 1354 35 21 Fr.
376 1354 94 27 Bergh:
487 1354 28 21 Af
528 1359 82 16 samma
627 1352 64 21 orsak
708 1359 44 14 som
764 1352 78 21 doktor

89 1388 100 22 Granfelt
203 1388 6 20 i
226 1389 33 20 sin
275 1388 133 21 reservation
424 1387 80 28 anfört,
520 1387 108 26 nemligen
644 1386 28 27 på
688 1385 37 21 det
740 1385 102 21 röstvärf-

89 1423 54 26 ning
159 1421 66 22 måtte
238 1421 134 27 motverkas,
384 1427 64 14 anser
455 1421 40 27 jag
506 1421 45 26 mig
560 1419 77 21 härvid
648 1419 63 21 äfven
722 1419 54 20 böra
786 1418 54 20 före-

114 1464 56 21 Högv.
183 1463 130 18 Prestaståndets
327 1463 65 16 Protok.
411 1463 22 15 IL
751 1463 21 14 23
