1003 1700
169 121 41 21 570

140 193 49 15 man
206 186 47 21 från
269 185 135 22 barndomen
420 184 50 22 läsit
485 185 6 20 i
508 183 116 26 hustaflan,
641 185 32 19 att
689 182 136 27 ,öfverheten
842 181 47 21 icke

140 220 41 21 bär
189 220 87 22 svärdet
287 219 124 28 förgäfves*
423 218 40 21 och
475 218 4 21 i
489 218 131 21 katekesens
629 216 128 27 förklaring,
768 234 8 8 ,
781 218 32 19 att
821 216 68 20 verld-

141 254 42 27 slig
199 253 104 28 öfverhet,
322 260 44 15 som
384 252 47 22 Gud
446 252 75 21 hafver
535 252 63 26 gifvit
613 251 87 21 svärdet
716 250 6 22 i
738 250 92 27 handen,
847 250 43 20 må-

141 290 33 19 ste
191 288 31 20 till
237 288 63 20 lifvet
316 287 75 22 straffa
407 286 141 27 öfverdådiga
563 284 300 28 missgerningsmenniskor.*

208 322 44 27 Jag
274 322 45 20 kan
343 320 87 22 således
450 320 48 21 icke
518 319 117 28 godkänna
651 319 57 21 hvad
724 325 48 21 pag.
790 319 11 20 5
818 317 25 22 af
855 318 35 20 be-

141 356 122 21 tänkandet
285 355 96 27 anförer,
407 356 44 24 ,att
469 353 162 29 upphäfvandet
650 353 25 21 af
688 352 139 22 dödsstraffet
841 352 50 21 icke

142 389 70 22 skulle
235 389 107 21 innebära
366 388 71 27 någon
456 388 89 27 plötslig
564 388 51 20 eller
630 388 34 20 för
679 387 103 21 nationen
798 386 92 22 öfverra-

142 423 84 21 skande
242 423 146 27 tilldragelse,
404 424 51 19 utan
471 422 94 21 allenast
579 428 52 14 vara
642 428 26 14 en
679 420 132 22 bekräftelse
821 420 29 28 pä
861 422 30 19 ett

141 456 146 28 förhållande,
312 464 46 14 som
381 456 66 21 redan
471 456 74 20 vunnit
569 455 49 21 dess
641 454 60 22 bifall
723 454 39 22 och
782 456 31 19 att
831 454 60 21 detta

142 491 72 21 straffs
234 490 148 28 gvarstäende
401 490 70 21 kunde
488 489 113 22 föranleda
616 490 50 20 dess
682 488 208 28 äterupplifvande*,

141 525 93 21 likasom
252 525 36 21 det
304 531 52 14 vore
373 524 104 27 önskligt,
494 525 32 19 att
542 524 67 20 folket
625 523 70 21 skulle
711 523 77 27 vänjas
804 523 37 21 vid
851 522 40 22 lik-

142 558 101 28 giltighet
265 558 34 21 för
321 558 58 21 hvad
403 558 36 22 det
462 558 75 21 hittills
559 560 71 19 ansett
652 557 33 22 för
705 557 60 22 Guds
783 557 53 28 vilja
852 556 39 22 och

142 592 127 28 befallning.
300 593 57 20 Utan
382 591 73 22 tvifvel
475 592 71 21 skulle
567 594 56 19 ännu
643 594 79 19 största
739 591 62 21 delen
817 591 26 21 af
855 598 33 14 na-

141 627 73 21 tionen
235 627 92 26 sålänge
347 626 27 21 de
393 626 88 21 anförde
497 626 84 21 lärorne
598 626 32 20 stå
647 625 39 22 och
702 625 60 22 läsas
777 625 6 20 i
800 625 91 21 kateke-

142 667 48 21 sen,
214 661 89 21 hvilken
319 660 25 21 af
357 660 125 21 densamma
498 667 64 14 anses
578 659 32 22 för
626 660 83 20 kärnan
726 660 24 20 af
766 659 60 22 Guds
843 659 47 27 ord,

143 695 50 20 dela
215 695 42 20 min
282 694 156 28 öfvertygelse,
462 696 41 25 att,
527 701 34 14 om
585 693 140 22 dödsstraffet
745 701 27 14 nu
794 693 97 28 plötsligt

141 729 115 27 afskaffas,
272 731 31 18 ett
319 730 49 25 steg
383 731 24 18 är
422 730 59 25 taget
497 729 28 26 på
541 728 40 21 den
599 730 50 25 väg,
667 734 45 15 som
727 728 61 21 leder
802 727 32 20 till
850 727 41 21 för-

142 762 108 22 kastande
262 762 25 21 af
295 762 50 21 hela
356 762 82 27 bibeln,
450 762 52 21 eller
513 762 129 21 åtminstone
654 762 31 21 till
695 761 37 22 det
740 761 151 28 berättigande

141 798 32 19 att
192 796 85 21 bibelns
292 796 59 21 anda
366 796 33 21 får
414 796 131 21 bestämmas
561 796 24 21 af
598 796 128 27 godtycket,
744 803 50 14 vare
811 796 33 27 sig
859 802 32 15 se-

141 830 44 21 dan
199 831 6 20 i
216 830 195 28 pelagianismens,
423 830 166 27 kalvinismens,
601 830 187 27 anabaptismens,
800 830 91 21 socinia-

141 865 95 20 nismens
253 864 53 21 eller
321 863 84 22 hvilket
420 864 91 21 intresse
527 870 45 14 som
588 863 56 22 helst
660 864 38 21 och
716 864 67 21 sedan
800 864 5 21 i
820 863 72 22 denna

141 898 70 21 andas
232 897 146 28 skrufgängor
399 898 100 27 intränga
519 897 26 21 de
565 897 91 22 enstaka
673 898 154 27 bibelspräken
842 898 48 21 med

140 931 146 28 ignorerande
305 932 25 21 af
346 932 42 21 den
407 932 72 27 gamla
498 931 73 28 regeln
588 939 32 13 om
638 931 185 22 ordaförståndets
839 931 52 22 fast-

141 965 113 27 hållande,
274 965 74 22 såvidt
364 965 36 22 det
416 967 50 20 utan
482 965 124 28 kränkning
622 965 24 21 af
658 965 99 28 kyrkans
773 965 118 28 grundsan-

141 999 77 28 ningar
241 999 40 22 ske
302 1000 54 27 kan,
381 1000 52 21 eller
450 999 49 22 med
517 999 68 22 andra
604 999 50 21 ord:
674 1002 32 19 att
722 1002 53 25 göra
790 999 102 22 förnuftet

141 1033 41 22 och
197 1033 125 28 filantropin
339 1033 33 21 till
388 1033 163 22 herrskarinnor
566 1033 59 21 öfver
641 1033 171 28 uppenbarelsen
827 1036 65 19 tvärt-

141 1071 58 17 emot
214 1067 58 21 hvad
289 1067 20 21 vi
326 1067 79 28 sjunga
420 1067 5 21 i
442 1067 95 28 kyrkan:
554 1084 8 9 ,
567 1067 52 21 Vårt
628 1067 82 22 förnuft
720 1067 131 22 förblindadt
862 1070 29 25 är,

139 1101 87 21 Mörker
242 1101 30 21 all
288 1101 40 21 vår
341 1101 43 28 själ
400 1101 108 28 betäcker,
525 1101 40 22 Om
582 1102 41 20 Din
640 1101 56 22 ande
711 1102 18 27 ej
747 1105 24 18 är
782 1105 43 24 när,
841 1102 50 21 Som

140 1137 49 26 nytt
203 1136 43 27 ljus
260 1135 7 21 i
283 1135 71 22 henne
371 1136 98 21 väcker."

209 1169 49 27 Nog
277 1168 31 28 af,
328 1170 44 20 min
392 1169 144 29 öfvertygelse
555 1172 23 18 är
595 1172 30 18 att
641 1170 72 28 äfven,
726 1170 26 28 ja
768 1170 125 28 isynnerhet

141 1203 42 21 den
206 1209 60 15 mera
290 1203 90 21 bildade
402 1203 62 21 delen
487 1203 26 21 af
529 1204 41 21 vår
586 1204 103 28 allmoge,
709 1211 45 14 som
771 1206 57 19 ännu
843 1204 49 21 icke

139 1237 78 21 hunnit
239 1237 46 21 låta
310 1237 42 21 den
373 1237 172 28 bibelfiendtliga
560 1237 136 29 filantropien
713 1238 38 21 hos
768 1238 33 27 sig
815 1239 77 20 under-

139 1271 79 27 trycka
233 1270 127 22 vördnaden
378 1271 32 21 för
425 1272 131 27 bibelordet,
575 1272 50 21 icke
640 1272 44 21 kan
703 1272 52 27 gilla
774 1272 117 22 dödsstraf-

139 1304 42 22 fets
201 1304 69 21 totala
291 1304 148 28 afskaffande,
459 1308 56 19 samt
535 1308 32 18 att
587 1306 77 21 endast
680 1306 66 20 bland
762 1306 41 21 den
819 1307 72 21 råaste

141 1338 63 22 delen
220 1338 66 22 deraf
299 1338 74 22 kunna
388 1339 69 22 finnas
473 1340 78 27 några,
569 1346 44 15 som
630 1340 25 20 af
667 1340 88 21 fruktan
771 1342 32 19 att
815 1340 77 28 sjelfve

139 1374 93 20 utsättas
255 1372 35 22 för
313 1372 128 29 detsamma,
465 1373 103 28 möjligen
593 1374 68 21 önska
682 1374 85 21 sådant.
804 1374 43 21 Det
869 1378 24 17 är

139 1406 40 21 ock
200 1406 83 21 bekant
304 1409 32 18 att
358 1407 42 21 den
415 1407 103 28 ryktbara
534 1408 69 21 Johan
621 1408 132 22 Adamssons
770 1408 37 21 och
825 1410 67 26 några
