989 1773
195 152 42 25 404

169 219 113 28 angående
305 224 106 22 anonyrta
433 213 52 26 eller
506 214 125 29 aktiebolag
651 214 40 22 och
706 216 58 26 tysta
780 212 52 24 eller
847 211 59 24 kom-

168 253 155 27 manditbolag.

235 288 32 21 På
289 287 24 22 af
333 287 48 21 herr
400 286 136 21 talemannen
555 283 120 23 framställd
689 283 133 29 proposition
837 282 70 22 beslöt

169 322 86 23 ståndet
271 321 102 27 enhälligt
389 323 31 18 att
433 320 75 21 förena
523 320 33 27 sig
570 319 31 22 uti
617 318 26 22 de
658 318 71 22 beslut
740 317 116 28 höglofliga
866 316 41 22 rid-

170 357 115 28 derskapet
301 356 39 21 och
355 355 64 22 adeln
433 355 7 21 i
456 354 71 22 denna
539 354 62 27 fråga
615 353 74 22 fattat:
702 353 89 22 hvarom
800 351 108 22 medstån-

170 392 41 21 den
233 391 40 22 och
295 389 240 30 expeditionsutskottet
557 388 70 23 skulle
649 388 29 27 på
697 387 60 28 öfligt
775 389 43 20 sätt
832 386 76 22 under-

155 428 89 21 "rättas.
488 454 98 2 Hn

236 494 121 27 Föredrogs
373 496 30 19 ett
418 501 28 14 nu
459 493 118 22 inkommet
591 492 199 29 protokollsutdrag
800 491 47 22 frän
857 491 51 28 hög-

169 530 75 27 lofliga
265 529 150 27 ridderskapet
437 529 40 21 och
499 528 64 21 adeln
585 527 25 22 af
627 527 40 22 den
689 528 23 20 19
725 526 97 29 januari,
839 526 24 22 sä
878 526 30 29 ly-

171 564 80 22 dande:

239 615 8 10 n
251 597 120 28 Föredrogs
382 598 32 21 till
425 597 73 28 slutlig
508 596 133 29 behandling
651 598 155 21 sammansatta
816 596 45 28 lag-
870 596 40 22 och

171 632 228 23 ekonomieutskottets
415 631 136 22 betänkande
566 638 34 14 n:o
615 633 18 26 3,
649 632 7 21 i
667 631 119 27 anledning
796 631 24 21 af
830 631 80 28 nädiga

171 667 160 29 propositionen
345 673 34 15 n:o
395 667 18 28 9,
432 666 112 28 angäende
560 665 91 28 ändring
665 666 7 21 i
686 666 59 21 vissa
760 665 60 22 delar
836 665 24 22 af
872 666 38 21 all-

170 705 79 18 männa
264 702 76 27 lagens
355 700 120 28 stadgande
489 701 7 21 i
511 702 27 20 24
554 701 91 28 kapitlet
660 700 214 29 byggningabalken.

237 735 60 22 Efter
311 735 153 28 försiggängen
480 735 122 22 diskussion
617 736 90 21 beslöts:
727 737 32 19 att
775 736 10 20 1
802 737 13 25 $
831 736 25 20 af
868 735 42 22 den

171 770 110 22 blifvande
295 770 153 28 författningen
467 770 7 21 i
494 772 71 20 ämnet
584 770 69 22 skulle
673 770 82 21 erhålla
770 770 7 21 i
792 770 73 22 stället
878 770 33 22 för

172 804 41 22 den
235 804 31 22 uti
287 805 81 27 nädiga
389 804 159 28 propositionen
571 804 123 28 föreslagna
714 804 40 21 och
770 804 24 22 af
806 805 104 21 utskottet

171 839 30 21 uti
217 838 50 22 dess
282 838 137 22 betänkande
434 838 114 22 förordade
563 838 92 28 lydelse,
674 838 97 28 följande
786 838 124 22 redaktion:

174 891 7 9 n
186 872 265 29 Hemmansinnehafvare,
474 879 45 15 som
541 873 37 22 vill
600 872 46 21 från
665 872 101 23 häradets
782 874 52 21 eller
850 874 61 21 sock-

171 915 54 14 nens
247 907 226 28 brandstodsförening
495 907 68 22 varda
585 907 66 28 skiljd
670 907 39 22 och
728 908 78 21 sådant
820 908 38 22 hos
874 909 36 21 hä-

170 942 122 21 radsrätten
308 942 89 27 anmält,
413 947 51 16 vare
478 941 92 22 derefter
584 941 102 22 frikallad
699 941 47 22 frän
758 943 151 28 skyldigheten

171 979 30 19 att
213 976 87 29 jemlikt
315 977 13 20 4
342 976 38 21 och
397 976 12 21 5
425 977 27 26 $$
467 976 27 21 24
504 976 91 28 kapitlet
606 976 215 29 byggningabalken,
832 977 78 22 brand-

171 1011 49 22 stod
235 1011 58 22 inom
307 1011 90 21 häradet
413 1011 52 21 eller
479 1011 95 22 socknen
587 1011 83 28 betala,
687 1011 39 22 och
741 1011 60 28 njute
812 1012 18 27 ej
843 1012 67 22 heller

171 1047 42 20 rätt
228 1048 32 19 att
274 1045 118 22 brandstod
408 1045 92 22 derifrän
514 1045 70 28 utfä*;
595 1045 140 28 hvarigenom
745 1047 33 20 till
788 1047 122 27 lägenhets-

172 1080 149 22 innehafvares
341 1086 54 21 egen
415 1080 101 21 omtanka
534 1080 141 22 öfverlemnas
694 1083 33 19 att
741 1081 120 22 bestämma
876 1089 34 14 om

172 1115 39 21 och
226 1115 7 21 i
248 1114 57 22 hvad
320 1115 49 20 män
384 1116 55 19 samt
453 1115 28 28 pä
496 1114 57 22 hvad
569 1116 42 20 sätt
626 1114 41 22 han
681 1115 38 22 vill
729 1115 93 22 förvissa
833 1117 33 27 sig
877 1123 33 15 om

172 1149 119 27 ersättning
306 1148 33 22 för
352 1149 102 27 möjligen
469 1149 127 21 inträffande
612 1149 148 29 brandskada;

238 1185 31 19 att
283 1184 12 19 2
319 1183 5 26 $
339 1182 8 21 i
361 1182 41 21 den
418 1183 80 27 nådiga
512 1183 159 28 propositionen
687 1184 75 28 borde,
778 1185 28 27 pä
820 1187 43 19 sätt
878 1189 29 18 ut-

171 1216 81 22 skottet
267 1216 111 29 tillstyrkt,
395 1219 98 26 antagas,
510 1217 67 22 likväl
592 1217 49 22 med
657 1218 41 21 den
714 1218 92 28 ändring
821 1226 46 15 som
877 1221 32 20 till

171 1250 53 29 följd
240 1250 24 22 af
276 1250 42 21 den
331 1250 128 23 förändrade
469 1251 114 22 redaktion
594 1252 11 20 1
617 1253 12 26 $
641 1252 84 22 erhållit
735 1259 51 15 vore
797 1253 24 21 af
828 1254 81 28 nöden;

238 1287 31 19 att
283 1285 170 28 propositionens
469 1287 12 20 3
497 1287 22 26 $,
535 1285 62 22 hvars
609 1286 122 28 antagande
742 1287 104 22 utskottet
853 1288 55 28 jem-

171 1320 35 20 väl
227 1319 103 27 förordat,
353 1319 69 21 skulle
445 1320 124 21 äfvenledes
587 1321 136 27 godkännas,
746 1321 56 21 dock
817 1322 92 22 sålunda

171 1352 90 22 affattad
285 1359 45 15 som
353 1353 11 21 1
387 1352 139 28 paragrafens
546 1353 129 22 förändrade
693 1354 83 28 lydelse
791 1355 117 27 påkallade

171 1388 54 21 samt
240 1386 49 22 med
305 1386 36 22 det
354 1386 85 29 tillägg,
456 1388 31 20 att
502 1386 36 22 det
553 1388 61 22 stode
630 1388 27 22 de
667 1388 30 22 uti
708 1389 90 21 socken-
810 1390 52 22 eller
872 1390 36 22 hä-

170 1421 147 27 radsförening
332 1421 137 22 återstående
483 1421 253 28 lägenhetsinnehafvare
747 1426 64 26 öppet
822 1427 40 27 att,
874 1432 34 15 om

170 1456 27 24 de
212 1456 25 23 så
251 1456 76 28 önska,
343 1456 84 22 ansluta
442 1456 34 29 sig
490 1456 32 22 till
538 1458 149 30 angränsande
698 1458 92 24 sockens
800 1459 107 31 förening,
