986 1770
765 129 40 22 189

92 193 50 23 dess
157 200 28 16 nu
201 193 101 28 gällande
318 194 78 28 belopp
410 193 39 23 och
464 193 85 24 således
565 194 33 22 till
614 196 31 20 tre
657 194 61 23 rubel
733 195 32 21 för
780 195 52 21 hvar

92 228 97 22 termin."

159 263 22 29 3)
198 263 41 22 den
256 264 33 21 15:
313 281 7 9 ,
325 263 121 28 Föredrogs
461 263 77 28 utdrag
553 263 47 22 från
615 263 162 28 ridderskapets
793 263 39 22 och

91 297 76 22 adelns
188 297 107 28 protokoll
313 298 32 21 för
360 297 42 22 den
418 299 24 20 12
458 298 7 21 i
481 298 70 21 denna
566 298 88 27 månad,
677 298 60 21 hvari
753 298 78 21 bonde-

91 330 87 23 ståndet
193 331 100 28 inbjudes
308 333 41 27 att,
365 331 47 22 lika
426 331 49 23 med
490 331 151 29 ridderskapet
652 331 39 22 och
702 332 64 22 adeln
777 334 55 19 samt

91 366 170 28 prestaståndet,
285 367 109 21 remittera
409 366 80 28 nådiga
502 367 160 28 propositionen
678 374 34 15 n:o
729 368 18 27 7,
768 367 64 27 angå-

91 400 56 22 ende
161 400 189 29 vattenledningar
365 401 40 21 och
420 401 136 29 vattenverk,
579 401 32 22 till
632 403 141 20 sammansatt
787 401 45 28 lag-

90 435 40 21 och
153 435 206 29 ekonomieutskott,
380 435 7 21 i
407 436 63 21 ställe
486 435 32 22 för
533 436 151 28 lagutskottet,
708 436 31 21 dit
755 436 40 21 den
812 436 24 21 af

90 469 80 22 bonde-
186 470 39 22 och
240 469 185 29 borgarestånden
440 470 69 22 blifvit
524 470 137 27 hänskjuten.
692 470 94 22 Berörde
802 470 30 22 in-

91 504 105 28 bjudning
210 504 148 28 godkändes."

157 539 23 29 4)
197 539 42 22 den
250 540 33 22 19:
300 539 133 28 ,Föredrogs
448 540 154 27 lagutskottets
613 540 138 22 betänkande
761 546 34 16 n:o
808 540 24 21 13

90 574 7 20 i
111 573 118 28 anledning
243 574 25 22 af
280 574 60 22 Hans
354 574 123 28 Kejserliga
486 574 114 28 Majestäts
610 574 79 28 nädiga
699 574 133 28 proposition

90 615 35 15 n:o
140 609 33 27 25,
189 608 114 28 angående
319 608 105 28 sjölagen.
454 608 152 22 Godkändes.*

158 642 22 29 5)
196 643 42 21 den
254 644 33 20 19:
304 643 132 27 ,Föredrogs
452 643 230 22 ekonomieutskottets
695 642 138 23 betänkande

90 685 35 14 n:o
140 679 14 19 4
168 678 7 20 i
191 678 118 27 anledning
324 677 24 21 af
360 678 60 21 Hans
435 678 123 28 Kejserliga
572 678 113 27 Majestäts
695 677 82 27 nådiga
786 684 48 22 pro-

89 712 94 29 position
198 718 35 16 n:o
248 713 34 27 46,
299 712 113 28 angäende
427 712 108 22 särskilda
549 712 150 28 förändringar
715 711 24 23 af
749 712 84 22 landets

90 748 63 27 mått,
176 746 44 22 mål
242 746 40 23 och
304 747 52 27 vigt.
386 746 100 23 Nämnda
500 746 139 23 betänkande
654 746 102 29 gillades;
777 746 56 22 dock

91 781 92 23 sålunda
203 784 32 20 att
254 781 42 22 den
315 782 8 21 i
342 782 69 28 tredje
426 784 127 20 momentets
568 781 68 22 första
650 781 112 28 afdelning
777 782 57 21 inom

90 819 102 27 parentes
212 816 175 23 förekommande
406 816 95 29 mening,
525 816 63 27 ,med
602 815 135 23 afskaffande
753 816 26 21 af
791 816 43 21 alla

90 852 33 21 för
138 852 103 27 speciella
257 851 38 21 fall
310 850 130 23 föreskrifna
455 851 298 28 gvantitetsbestämningar*,
767 850 66 22 borde

91 886 60 28 utgå,
175 885 111 22 äfvensom
308 887 31 20 att
361 885 93 28 kröning
476 885 23 22 af
518 885 73 28 gamla
609 885 62 27 mått,
687 885 92 21 målkärl
794 884 39 21 och

91 920 70 27 vigter
182 919 70 22 skulle
275 919 95 29 upphöra
392 920 37 21 två
451 920 24 21 år
492 919 72 22 förrän
579 919 154 27 författningen
748 925 34 15 om
798 918 36 21 det

91 954 105 23 metriska
215 956 104 27 systemet
339 953 73 22 träder
431 953 7 22 i
454 953 173 28 verkställighet,
651 953 25 22 så
691 955 31 19 att
737 953 38 21 det
790 953 44 21 står

91 996 28 15 en
131 989 56 22 hvar
201 989 46 22 fritt
261 991 33 20 att
307 989 8 21 i
330 989 110 22 allmänna
454 989 95 22 rörelsen
563 988 100 27 begagna
674 987 27 22 de
712 995 43 21 nya
765 987 68 28 mått-,

92 1024 52 21 mäl-
160 1023 39 23 och
214 1023 142 28 vigtslagen."

160 1059 22 28 6)
198 1058 42 22 den
256 1058 37 22 15:
309 1058 132 29 ,Föredrogs
456 1057 229 23 ekonomieutskottets
696 1056 138 23 betänkande

92 1100 35 15 n:o
144 1095 10 20 1
170 1094 7 21 i
193 1093 118 28 anledning
326 1093 24 22 af
362 1093 60 22 Hans
437 1093 123 28 Kejserliga
574 1093 112 27 Majestäts
697 1092 80 27 nådiga
787 1099 47 20 pro-

92 1128 103 28 position,
218 1127 114 28 angående
350 1128 171 27 reorganisation
537 1127 25 22 af
574 1127 113 22 städernas
701 1126 133 22 kommuna]-

92 1162 138 27 förvaltning.
260 1161 138 23 Beträffande
413 1163 85 27 frägan,
514 1161 76 22 hvilka
604 1161 114 28 rätteligen
734 1161 52 21 böra
802 1161 32 21 sä-

93 1203 46 16 som
154 1197 140 22 medlemmar
309 1196 25 21 af
346 1203 26 15 en
387 1197 162 21 stadskommun
566 1202 74 21 anses,
655 1195 93 28 gillades
764 1195 36 21 det
814 1193 24 23 af

93 1231 27 22 de
143 1231 132 28 deputerade
297 1230 32 23 för
350 1231 98 28 borgare-
469 1230 39 22 och
527 1230 166 28 prestaständen
708 1229 7 21 i
730 1229 106 21 utskottet

92 1265 83 28 afgifna
185 1265 108 28 yttrande.
322 1265 100 22 Rörande
438 1265 75 28 frägan
528 1271 35 15 om
578 1263 149 23 medlemmars
744 1263 5 21 i
765 1263 69 22 stads-

93 1301 101 21 kommun
209 1299 151 28 berättigande
375 1302 32 19 att
420 1299 88 28 deltaga
518 1299 6 22 i
535 1298 159 28 behandlingen
706 1298 24 22 af
738 1298 27 21 de
776 1301 59 18 ären-

94 1334 39 22 der
152 1341 46 15 som
218 1334 77 22 staden
310 1334 66 28 angä,
399 1334 127 28 godkändes
541 1333 42 21 den
598 1333 95 27 mening,
717 1339 45 15 som
778 1332 58 22 dom-

93 1371 87 27 prosten
200 1369 57 27 Borg
275 1370 67 27 yttrat
356 1369 8 21 i
380 1368 50 22 dess
445 1368 147 22 betänkandet
606 1367 119 28 ätföljande
740 1373 96 15 reserva-

93 1403 53 21 tion.
175 1403 10 20 I
205 1403 64 27 öfrigt
289 1405 77 25 antogs
384 1403 116 22 utskottets
515 1402 139 21 betänkande
669 1403 52 19 utan
737 1401 98 20 anmärk-

95 1438 71 26 ning."
