1003 1700
177 128 41 21 634

148 194 31 20 ett
199 192 102 22 hemman
322 191 114 27 innebära,
459 193 31 19 att
510 190 64 22 minst
589 190 42 21 fem
647 190 113 22 fullvuxna
775 197 102 21 personer
894 191 6 21 i

148 226 90 28 vanliga
252 227 24 20 år
292 225 96 22 derifrån
403 225 72 21 kunna
489 224 100 28 påräkna
600 224 65 22 säker
676 224 114 28 bergning,
802 232 48 14 men
858 225 42 28 jag

147 261 38 21 vill
202 260 106 28 derjemte
325 259 114 28 anmärka,
455 261 31 19 att
504 259 71 21 denna
590 258 138 28 bestämning
744 259 6 21 i
765 259 77 27 sjelfva
853 266 46 14 ver-

148 295 38 21 ket
201 297 24 18 är
241 294 122 22 sväfvande
380 293 39 21 och
434 292 82 22 mindre
532 293 71 21 säker.
636 293 104 27 Onekligt
756 296 23 18 är
791 293 108 27 nemligen

148 331 32 19 att
200 330 31 20 ett
249 328 85 21 mindre
350 328 99 21 hemman
464 327 50 21 med
530 326 89 28 driftiga
634 327 40 21 och
691 327 97 27 kunniga
803 328 72 25 åboer,
893 328 7 20 i

149 362 104 22 afseende
270 363 13 21 å
299 362 77 22 desses
392 362 112 27 bergning,
528 361 44 21 kan
588 362 72 20 lemna
676 363 68 20 större
760 362 139 28 afkastning,

148 400 28 18 än
199 398 31 20 ett
253 397 102 21 hemman
379 396 48 21 med
448 398 68 19 större
533 395 114 28 jordvidd,
667 402 49 15 men
734 396 128 21 bearbetadt
878 396 25 21 af

149 431 110 27 okunnige
276 431 53 21 eller
344 430 90 27 håglöse
449 436 109 21 personer.
588 430 10 20 I
613 430 44 20 alla
667 430 39 20 fall
720 430 62 21 håller
794 430 36 26 jag
843 429 56 29 före,

148 467 32 19 att
195 464 102 22 hemman
314 464 25 21 af
351 464 26 21 så
391 464 61 27 ringa
467 463 133 28 betydenhet
612 464 36 21 och
657 464 115 27 jordvidd,
784 466 31 19 att
826 464 13 21 å
850 464 49 21 dem

147 499 64 27 högst
226 500 33 20 tre
275 498 114 22 fullvuxna
404 504 100 21 personer
519 497 75 21 kunna
609 497 66 21 hafva
691 497 33 21 sin
740 498 103 27 utkomst,
858 498 41 21 lät-

148 532 81 28 teligen
250 532 74 21 kunna
343 532 52 28 löpa
414 532 45 21 fara
476 533 31 19 att
522 531 31 21 bli
568 532 138 27 skattevrak,
731 532 55 21 helst
802 532 27 21 de
845 532 54 21 efter

149 567 38 21 rök
207 566 111 27 utgående
339 573 67 14 onera
422 565 32 22 för
468 566 25 21 så
507 565 47 22 små
567 565 128 28 lägenheter
710 568 38 19 äro
764 566 5 21 i
786 566 43 27 hög
843 566 55 27 grad

148 600 146 28 besvärande,
319 601 72 20 såsom
414 600 202 27 kontraktsprosten
636 600 78 21 Hellén
734 600 67 21 redan
819 600 80 28 tydligt

148 635 39 21 och
199 635 59 20 klart
268 634 126 22 framhållit.
418 634 63 21 Hvad
491 634 98 27 föröfrigt
600 634 103 21 beträffar
714 634 116 22 utskottets
841 634 58 27 åsigt

148 676 34 14 om
198 668 171 28 olämpligheten
385 668 25 21 af
419 670 30 19 att
459 669 7 20 i
477 668 65 22 slutet
553 668 25 21 af
585 668 144 21 förevarande
740 670 93 19 moment
843 668 57 21 förc-

149 703 81 21 skrifva
252 702 164 23 vederbörande
436 704 31 19 att
482 702 191 22 stomhemmanets
690 703 39 21 och
746 703 41 21 den
803 702 96 23 afskilda

148 737 74 21 delens
238 737 85 20 mantal
338 736 64 21 skola
418 753 8 9 ,
430 736 56 21 helst
504 736 3 21 i
524 736 157 21 hundradetal*
699 738 102 25 utsättas,
821 737 24 20 så
861 739 37 18 äro

149 770 26 21 de
196 771 24 20 af
237 771 108 21 utskottet
360 770 8 21 i
384 770 50 21 dess
451 770 140 21 betänkande
607 769 92 22 anförda
714 770 48 21 skäl
778 769 32 22 för
826 769 72 22 denna

148 805 57 26 åsigt
221 805 25 21 så
257 805 90 27 mycket
357 811 45 14 mer
412 803 213 29 tillfyllestgörande,
637 810 45 15 som
694 811 78 20 genom
783 803 41 22 den
835 810 62 21 qvar-

148 838 90 21 stående
258 838 177 28 bestämningen,
457 839 31 20 att
507 838 91 21 berörde
617 837 82 21 mantal
716 837 62 22 skola
794 837 6 20 i
817 838 80 27 ,lämp-

147 873 44 26 liga
207 873 68 20 bråk"
292 874 105 25 utsättas,
412 872 73 27 ingen,
502 879 46 14 som
564 875 24 17 är
603 872 67 21 nitisk
686 871 32 21 för
734 871 162 28 decimalsyste-

148 908 54 19 mets
222 906 158 28 användande,
401 905 145 28 någonstädes
567 912 78 20 genom
661 905 73 21 denna
748 905 110 21 föreskrift
874 907 24 19 är

148 940 92 21 hindrad
257 942 32 19 att
305 940 71 21 utföra
393 940 55 21 ända
464 940 32 20 till
513 939 33 28 sju
562 939 127 27 decimaler;
699 938 143 28 jordägarne,
855 941 43 19 tror

143 975 50 27 jag,
217 975 57 20 dock
295 974 33 21 till
345 974 52 27 föga
411 974 95 21 fromma.
536 973 218 28 Decimalsystemets
770 975 57 19 stora
842 973 54 21 före-

147 1008 77 21 träden
240 1009 6 20 i
263 1009 120 21 allmänhet
399 1008 38 21 har
451 1008 105 21 utskottet
572 1007 19 27 ej
608 1007 110 27 förnekat,
736 1007 77 21 endast
827 1009 71 19 ansett

147 1044 32 19 att
199 1042 6 21 i
226 1042 146 22 förevarande
391 1041 37 22 fall
447 1041 132 22 detsammas
594 1041 145 21 användande
755 1041 70 21 skulle
839 1041 59 21 med-

147 1076 47 21 föra
215 1076 188 27 oöfvervinneliga
424 1075 139 28 svårigheter.
594 1075 51 21 Man
668 1075 40 21 har
730 1075 71 21 anfört
820 1075 54 21 huru
891 1075 7 20 i

147 1111 133 21 astronomin
302 1111 40 21 och
363 1110 73 21 kemin
455 1109 27 22 de
502 1110 218 27 allranoggrannaste
736 1109 163 27 bestämningar

146 1152 78 20 genom
240 1145 120 22 decimaler
375 1145 73 21 kunna
462 1144 173 27 åstadkommas;
656 1143 80 22 sådant
750 1146 24 18 är
788 1144 110 27 odisputa-

146 1179 54 27 belt,
209 1186 49 14 men
270 1179 77 21 ibland
358 1178 114 22 utskottets
484 1178 140 22 medlemmar
635 1178 78 21 funnos
724 1178 97 21 hvarken
830 1180 67 19 astro-

146 1220 74 14 nomer
240 1213 54 21 eller
315 1213 110 27 kemister,
442 1212 56 22 dock
512 1212 70 22 likväl
598 1219 26 15 en
640 1212 25 21 af
677 1212 86 22 landets
780 1212 117 27 skickliga-

146 1249 33 20 ste
195 1247 39 21 och
250 1247 123 22 erfarnaste
389 1246 155 29 kameralister,
563 1247 90 21 hvilken
669 1247 29 21 ad
712 1254 88 21 unguem
816 1246 81 28 ådaga-

145 1282 71 26 laggt,
232 1282 33 20 att
280 1281 210 27 decimalsystemets
502 1280 141 28 användning
653 1280 40 22 här
704 1280 48 22 icke
764 1287 50 15 vore
825 1281 28 27 på
864 1280 33 22 sin

145 1316 66 26 plats,
228 1315 113 21 äfvensom
358 1317 33 19 att
406 1315 41 21 den
461 1315 7 21 i
485 1314 139 28 inledningen
639 1315 33 21 till
686 1314 161 28 propositionen
866 1316 31 19 ut-

145 1348 73 22 talade
242 1350 46 20 sats
312 1356 35 14 om
370 1349 181 21 mantalskattens
575 1349 107 21 decimala
701 1350 63 20 natur
783 1348 23 22 af
819 1348 79 22 honom

145 1382 113 29 bestridts,
280 1384 141 21 alldenstund
437 1383 59 22 detta
512 1383 69 27 gäller
597 1383 78 21 endast
691 1390 33 15 om
741 1383 156 21 rubelskatten.
