1003 1700
200 142 41 24 578

175 208 70 28 gande
269 209 32 22 till
323 210 64 20 nästa
407 206 105 30 landtdag
529 206 23 24 af
568 209 47 28 nytt
629 206 83 30 förslag
728 207 113 29 angäende
856 214 61 22 grun-

175 243 67 22 derna
261 243 33 22 för
314 243 41 21 den
376 242 109 22 blifvande
500 243 183 28 brottmälslagen,
700 245 51 19 utan
768 242 54 22 hade
838 243 80 28 profes-

175 284 51 15 sorn
239 280 74 19 menat
328 278 120 21 detsamma
463 284 44 15 som
522 280 87 25 prosten
620 277 80 28 Bergh,
712 278 108 26 nemligen
831 280 31 18 att
872 278 45 26 lag-

174 312 104 27 förslaget
293 312 67 21 borde
376 312 109 21 utarbetas
501 312 5 20 i
524 312 95 27 enlighet
634 312 49 21 med
698 312 128 21 ständernas
844 312 72 21 derom

174 353 28 14 nu
218 346 83 22 fattade
316 346 78 22 beslut.

241 381 207 27 Kontraktsprosten
464 380 76 22 Sirén
555 380 101 29 önskade,
673 380 78 22 liksom
767 383 86 25 prosten
869 380 48 22 Alo-

174 421 58 22 peus
248 415 40 21 och
303 414 122 29 professorn
441 415 131 28 Schauman,
593 417 32 19 att
638 415 116 27 förslagets
770 414 71 22 skilda
855 422 62 20 para-

174 449 77 28 grafer,
267 451 52 20 utan
335 449 75 22 vidare
424 449 122 22 diskussion
558 457 32 14 om
601 449 108 28 principer
719 449 112 27 angående
843 449 73 21 hvilka

174 484 87 21 ståndet
277 483 112 21 allaredan
405 484 77 21 uttalat
497 484 42 28 sig,
556 490 27 15 nu
599 484 66 21 måtte
680 484 114 26 granskas.
823 483 93 21 Talaren

173 518 120 21 förvånade
311 518 34 26 sig
361 518 102 28 deröfver,
487 520 31 19 att
534 518 26 21 de
576 518 85 28 funnos,
686 524 45 15 som
747 520 56 19 ännu
819 517 97 22 önskade

174 551 110 22 bibehålla
304 552 65 22 dessa
389 552 87 28 blodiga
491 552 63 22 straff
566 552 25 21 af
603 552 160 28 halshuggning
778 552 38 21 och
832 552 84 28 spöslit-

175 586 59 28 ning,
251 593 46 15 som
314 586 27 21 de
356 587 62 20 flesta
433 587 87 21 bildade
531 587 98 21 nationer
638 587 68 21 redan
717 586 112 22 förkastat.
854 586 63 21 Hvad

175 623 56 18 emot
247 621 41 21 den
304 620 124 28 föreslagna
443 621 89 21 mildare
548 621 168 26 bestraffningen
733 620 90 28 anförts,
841 622 31 19 att
888 620 29 22 öf-

174 655 125 27 vergången
315 661 50 15 vore
379 654 119 29 förmycket
508 655 72 27 hastig
590 655 39 22 och
641 662 26 15 en
679 655 154 28 antecipation,
845 654 72 21 kunde

174 689 84 22 talaren
278 689 49 22 icke
346 689 117 28 medgifva,
483 691 23 26 ty
522 690 175 27 anteciperingen
712 697 39 14 var
766 689 68 21 skedd
851 689 66 21 redan

174 723 33 21 för
227 724 27 21 40
275 724 24 21 år
317 723 68 22 sedan
401 723 39 21 och
455 723 145 28 öfvergången
615 723 87 22 således
717 723 49 22 icke
782 723 66 21 heller
862 723 55 27 plöt-

175 757 47 27 slig.
244 757 139 22 Beträffande
399 757 116 28 bekymren
531 760 31 19 att
577 757 135 27 fångvården
727 757 71 22 blefve
812 757 32 22 för
859 757 58 21 kost-

174 798 52 21 sam,
243 791 40 22 och
299 791 144 29 fängelserna,
461 792 83 21 sådana
560 792 26 21 de
601 799 28 14 nu
645 795 44 25 äro,
706 791 77 22 endast
799 791 72 22 skolor
886 791 32 21 för

173 825 68 29 brott;
257 826 25 21 så
297 826 67 21 borde
378 826 38 21 det
431 826 48 21 icke
494 825 105 29 betviflas,
621 828 32 19 att
666 827 128 26 regeringen
809 825 7 21 i
831 825 48 21 mån
897 824 24 22 af

173 859 67 22 behof
253 860 57 21 skall
326 860 122 28 ombesörja
462 860 123 21 inrättande
601 861 24 20 af
637 860 188 27 ändamålsenliga
835 859 81 28 fängel-

174 900 40 15 ser.
245 893 156 23 Dödsstraffets
417 894 135 21 afskaffande
568 894 96 21 verkade
680 894 48 21 icke
743 894 67 21 heller
825 894 32 21 till
871 893 45 22 fän-

173 928 245 27 gelseinrättningarnes
440 928 128 28 förökande,
595 931 22 25 ty
639 929 68 20 redan
728 935 29 14 nu
779 928 138 21 afkunnades

174 962 131 22 dödsdomar
321 962 78 23 endast
413 969 37 22 pro
466 963 74 21 forma.
570 957 69 27 Äfven
655 969 39 15 var
706 963 71 21 finska
787 963 68 20 folket
865 963 51 20 hun-

173 998 36 19 net
225 997 32 20 till
273 997 42 21 den
332 997 133 28 kulturgrad,
489 999 32 19 att
540 997 50 22 dess
603 996 198 22 rättsmedvetande
817 996 100 22 fordrade

173 1037 26 14 en
215 1030 120 28 öfvergång
348 1031 33 21 till
397 1031 88 22 mildare
501 1031 123 28 straffarter,
641 1031 40 21 och
697 1030 37 28 de,
750 1037 45 15 som
805 1031 112 28 påyrkade

173 1071 26 14 en
222 1065 114 27 återgång,
359 1065 51 22 ville
429 1065 7 21 i
456 1065 40 22 och
513 1065 49 22 med
579 1065 121 22 detsamma
715 1066 113 20 nationens
843 1065 74 28 uppfo-

173 1100 58 19 stran
254 1098 50 22 med
327 1099 69 28 stegel
418 1099 39 22 och
477 1099 141 28 råbråkning,
641 1099 84 22 hvilket
746 1106 50 15 vore
815 1106 26 15 en
861 1100 55 21 åter-

172 1133 58 27 gång
251 1132 48 22 från
321 1133 38 21 det
380 1134 70 21 bättre
468 1133 32 22 till
518 1136 31 19 ett
568 1137 76 19 sämre.
674 1134 37 21 Att
726 1133 68 22 folket
809 1134 48 21 med
873 1136 44 26 tyst

172 1167 61 21 bifall
253 1167 63 27 gillat
337 1168 149 22 dödsstraffets
506 1168 146 28 afskaffande,
674 1168 73 21 kunde
763 1168 67 21 slutas
846 1168 70 28 deraf,

172 1203 31 19 att
219 1201 97 21 hvarken
331 1201 7 21 i
355 1202 111 27 offentliga
480 1202 87 22 skrifter
582 1202 53 22 eller
651 1202 100 22 enskilda
767 1202 86 28 samtal,
864 1202 53 22 kon-

171 1236 158 27 traktsprosten
345 1236 127 28 veterligen,
489 1236 96 22 deremot
600 1237 68 27 gjorts
685 1237 172 27 anmärkningar.
883 1236 33 22 En

171 1269 131 27 föregående
317 1270 70 21 talare
402 1270 55 22 hade
473 1273 110 19 omnämnt
596 1273 30 19 att
642 1271 42 21 den
700 1273 58 19 stora
768 1271 147 21 missdådaren

171 1304 71 21 Johan
261 1304 135 22 Adamssons
416 1304 124 27 benådning
558 1305 48 21 från
621 1304 141 22 dödsstraffet
776 1305 65 21 väckt
856 1305 60 22 miss-

171 1338 57 27 nöje;
251 1338 203 28 kontraktsprosten
475 1338 75 22 trodde
571 1339 36 21 det
627 1339 58 21 dock
700 1339 56 21 icke.
786 1340 42 20 Det
843 1346 38 14 var
896 1339 19 28 ej

173 1371 248 29 benådningsprincipen
435 1380 44 15 som
496 1373 69 22 blifvit
578 1374 91 28 ogillad,
681 1376 52 19 utan
744 1374 50 21 dess
803 1373 114 22 framställ-

172 1406 53 28 ning
239 1406 32 22 till
288 1409 31 20 ett
335 1408 125 28 skådespel,
477 1408 89 29 gycklet
580 1408 49 22 med
645 1415 26 15 en
688 1408 101 28 allvarlig
803 1409 47 21 sak.
