1003 1700
776 81 39 21 619

102 144 156 31 vårdsstyrelse
280 144 69 22 blifvit
371 144 95 22 inrättad
489 137 55 38 samt
564 146 194 21 straffanstalterna
776 146 68 22 under

103 178 82 22 dennas
200 178 89 28 ledning
303 178 70 22 blifvit
389 179 60 21 såväl
464 179 7 21 i
488 170 101 32 afseende
605 180 13 21 å
633 180 150 29 inredningen,
798 188 46 15 som

103 212 41 22 ock
164 213 48 21 med
232 213 123 21 hänseende
370 213 32 21 till
418 204 133 51 fångvårdeh
566 214 24 21 så
605 214 191 33 iordningställda,
812 216 32 20 att

103 247 26 21 de
152 247 32 21 till
207 247 43 21 alla
274 247 59 21 delar
353 250 110 19 motsvara
478 241 114 35 systemets
607 248 64 22 anda.
700 243 70 27 Äfven
786 249 36 21 det
836 249 8 21 i

104 281 42 21 den
165 281 79 27 nådiga
262 281 172 28 propositionens
450 282 56 21 förra
522 280 111 33 afdelning
647 282 32 22 för
695 283 26 21 de
736 283 108 21 särskilda

101 316 85 20 brotten
201 315 124 28 föreslagna
339 316 85 28 utbytet
440 316 24 21 af
477 323 25 14 en
518 317 34 29 del
566 324 28 14 nu
605 317 101 27 gällande
717 318 63 20 straff
788 320 57 19 emot

103 350 26 21 de
149 356 28 14 nu
195 349 114 22 förordade
329 350 97 28 straffen,
444 351 66 21 borde
525 343 84 29 således
625 351 19 27 ej
660 351 68 22 heller
743 352 22 20 få
779 354 65 25 göras

101 384 111 27 gällande,
228 384 66 21 innan
309 368 148 44 nyssnämnda
472 385 70 21 vilkor
556 385 70 21 blifvit
641 386 107 28 uppfyldt,
761 386 82 27 jemväl

102 418 49 21 med
166 418 124 22 hänseende
306 418 81 28 dertill,
403 421 31 19 att
446 419 195 21 straffanstalterna
651 420 34 20 må
696 422 43 25 äga
749 420 95 21 tillräck-

102 452 40 27 ligt
163 454 105 26 utrymme
290 452 33 22 för
345 436 42 38 det
404 455 68 19 större
495 454 58 20 antal
574 453 81 29 fångar,
672 461 45 14 som
731 454 71 22 blefve
818 461 26 15 en

101 486 54 28 följd
171 486 25 22 af
207 486 176 23 fribetsstraffens
399 488 149 27 utsträckning
563 488 31 21 till
610 488 51 21 flera
679 488 63 22 brott.

169 522 89 20 Prosten
274 522 41 21 Jul.
331 522 60 20 Inm.
407 522 94 27 Bergh:
517 504 141 46 Åberopande
673 518 50 37 hvad
736 523 38 27 jag
789 523 56 21 förut

101 556 7 21 i
124 555 67 22 saken
206 557 76 26 yttrat,
298 556 37 21 vill
346 556 43 27 jag
403 556 86 28 endast,
502 556 47 21 med
561 556 101 22 afseende
673 557 13 21 å
696 556 58 23 hvad
765 557 79 28 kyrko-

101 589 81 22 herden
202 590 90 22 Castrén
312 591 39 21 och
369 591 206 27 kontraktsprosten
591 591 109 22 Stenbäck
715 591 80 28 anfört,
811 592 33 21 til-

102 625 66 26 lägga
187 624 35 21 det
237 625 41 27 jag
297 624 18 28 ej
333 625 94 21 allenast
443 625 48 21 med
507 625 83 28 hänsyn
605 625 32 21 till
653 625 36 22 det
704 633 28 14 nu
747 626 97 21 rådande

103 659 129 21 missbruket
246 659 36 21 vid
298 661 81 19 vatten-
397 659 39 21 och
452 659 137 22 brödstraffct
600 659 130 22 fortfarande
741 661 65 27 yrkar
817 661 29 26 pä

102 693 124 27 antagande
242 693 24 21 af
278 693 112 27 ingressen
406 693 33 21 till
453 693 115 22 utskottets
580 694 145 28 betänkande,
737 696 52 19 utan
799 694 46 21 huf-

102 727 150 27 vudsakligast
274 727 49 22 med
345 727 103 22 afseende
470 728 12 20 å
502 727 27 22 de
549 728 123 21 nuvarande
694 728 151 28 fängelsernas

103 761 39 21 och
165 761 194 28 fångstyrelsernas
382 761 128 29 inrättning,
536 769 45 14 som
602 762 127 27 omöjliggör
751 762 94 21 nämnda

103 795 70 22 straffs
196 795 136 28 tillämpning
354 796 6 21 i
384 796 106 27 lagenligt
512 796 62 27 syfte.
603 797 48 20 Men
670 796 71 21 skulle
759 797 86 21 ståndet

102 829 49 22 icke
167 829 132 22 dessmindre
314 829 98 22 förkasta
424 829 70 22 denna
506 829 82 28 ingress
600 830 38 21 och
648 830 75 22 förena
734 831 33 27 sig
777 831 7 20 i
795 837 49 14 ena-

102 863 73 22 handa
190 864 70 21 beslut
275 864 49 21 med
339 864 152 27 ridderskapet
505 864 39 21 och
555 864 64 21 adeln
630 867 54 18 samt
695 865 149 27 borgarestån-

102 898 45 27 det,
165 899 24 20 så
204 898 89 22 föreslår
304 898 41 27 jag
360 898 33 21 för
408 898 43 21 min
468 898 44 28 del,
526 900 31 19 att
568 898 29 22 då
606 899 160 27 prestaståndet
778 899 67 21 öfver-

102 933 83 20 lemnar
207 933 22 21 åt
251 933 106 28 styrelsen
379 935 31 18 att
429 933 121 21 bestämma
565 933 68 28 tiden,
649 933 28 21 då
691 933 155 28 förordningen

101 967 39 21 bör
155 966 63 21 träda
232 967 7 20 i
254 967 148 27 verksamhet,
418 966 75 22 dervid
508 967 68 21 fästes
592 967 35 21 det
637 967 75 28 vilkor,
725 969 31 19 att
767 967 79 21 sådant

102 1001 67 21 måtte
185 1000 39 22 ske
238 1001 5 20 i
259 1000 41 22 den
320 1001 60 28 mån,
404 1007 45 15 som
466 1001 36 21 det
517 1003 24 19 är
556 1001 79 28 görligt
649 1001 49 22 med
713 1001 84 28 hänsyn
814 1002 32 21 till

102 1035 133 21 inrättandet
248 1035 25 21 af
286 1042 25 14 en
327 1035 95 22 särskild
435 1035 218 29 fångvårdsstyrelse,
665 1038 56 19 samt
731 1038 116 26 utrymmet

102 1069 39 21 och
158 1069 141 27 inredningen
315 1069 24 21 af
352 1069 126 22 nuvarande
493 1070 164 21 straffanstalter
673 1070 37 21 det
720 1070 126 27 medgifver.

170 1103 124 21 Professorn
315 1103 156 21 Schauman
491 1103 96 28 yttrade:
610 1104 89 21 Tvänne
714 1104 132 27 föregående

102 1138 69 21 talare
186 1137 65 21 hafva
266 1138 78 20 uttalat
361 1137 40 21 den
418 1138 94 27 önskan,
537 1140 31 19 att
584 1138 165 28 ifrågavarande
765 1138 81 22 förord-

102 1172 52 27 ning
169 1172 67 21 måtte
250 1172 62 21 träda
327 1172 7 20 i
350 1172 138 22 verksamhet
504 1172 24 22 så
539 1172 41 21 fort
591 1179 44 15 som
646 1172 92 28 möjligt,
753 1180 48 14 men
813 1173 33 21 til-

101 1206 46 21 lika
163 1208 71 20 ansett
250 1206 36 21 det
301 1206 52 22 böra
369 1206 143 22 öfverlemnas
528 1207 22 21 åt
566 1207 104 27 styrelsen
684 1208 32 20 att
725 1205 122 23 bestämma

103 1240 59 21 tiden
181 1240 27 21 då
228 1240 60 21 detta
308 1240 73 21 kunde
396 1240 46 22 ske.
472 1241 44 27 Jag
530 1241 37 21 vill
583 1240 76 22 endast
674 1240 58 22 fästa
747 1241 100 21 ståndets

102 1274 192 28 uppmärksamhet
307 1274 77 28 derpå,
408 1276 32 20 att
455 1275 127 27 regeringen
596 1275 8 21 i
619 1275 40 21 den
674 1275 81 27 nådiga
770 1282 77 21 propo-

103 1309 94 21 sitionen
219 1309 108 21 bestämdt
347 1309 79 21 uttalat
448 1312 39 18 när
510 1309 125 22 densamma
657 1316 64 16 anser
741 1310 106 21 reformen

103 1344 74 20 kunna
192 1343 144 28 genomföras,
352 1343 109 28 nemligen
478 1344 41 21 den
535 1344 10 20 1
558 1344 87 27 januari
658 1344 60 22 1865.
743 1344 104 21 Likasom

103 1378 27 21 de
145 1378 131 28 föregående
292 1378 96 22 talarene
403 1378 59 23 inser
478 1378 40 22 ock
528 1378 50 29 jag,
595 1380 31 21 att
640 1378 139 28 fängelserna
794 1379 54 22 böra
