1003 1700
762 69 39 22 617

88 134 123 28 kännedom
227 142 43 20 om,
286 135 53 21 huru
355 135 59 21 detta
424 134 141 29 straffsystem
577 135 56 21 skall
644 134 135 28 genomföras
790 136 40 21 och

88 169 116 28 tillämpas.
235 169 86 22 Sädane
341 172 49 18 män
406 170 69 20 mäste
490 168 52 33 först
557 169 7 21 i
579 170 47 20 värt
641 170 51 21 land
706 169 73 22 bildas
795 177 35 20 ge-

89 210 49 15 nom
158 211 59 15 resor
237 205 6 20 i
263 204 104 21 utlandet.
397 204 37 20 Att
453 203 161 30 genastjinföra
629 204 163 28 tillämpningen
810 204 24 21 af

89 238 60 22 detta
164 240 80 26 system
260 238 6 21 i
282 238 52 22 vära
349 238 125 21 nuvarande
489 236 129 29 inskränkta
633 239 38 21 och
682 238 148 28 ofullkomliga

88 272 247 28 fängelseinrättningar,
353 273 38 20 der
406 272 76 27 fängar
498 273 24 21 af
534 265 26 68 i
577 274 54 20 mest
647 273 57 21 olika
716 274 47 27 slag
776 280 53 14 sam-

89 306 117 29 manföras,
223 310 24 18 är
261 307 64 27 högst
340 307 130 27 betänkligt,
487 307 40 21 och
546 306 56 31 leder
616 307 53 21 visst
684 308 49 21 icke
746 308 32 21 till
790 307 39 22 för-

89 342 93 27 bättring
205 344 51 19 utan
279 342 32 21 till
334 341 134 27 försämring.
498 342 34 21 Då
544 338 45 31 jag
608 342 38 21 sist
663 342 85 28 yttrade
764 342 65 28 mig
815 334 17 40 i

89 376 71 21 denna
183 376 49 27 sak,
255 376 96 21 uttalade
367 376 41 26 jag
426 376 35 20 väl
476 376 41 20 den
534 376 92 27 önskan,
642 378 31 18 att
688 376 86 22 säsnart
789 377 40 21 den

88 417 41 21 nya
145 410 153 27 författningen
314 410 75 21 vunnit
404 410 138 27 regeringens
558 410 146 28 stadfästelse,
720 411 28 21 de
759 412 72 26 gamla

88 445 104 21 affliktiva
208 448 47 24 spö-
272 445 39 21 och
326 444 119 22 risstraffen
459 444 48 21 icke
523 444 74 22 vidare
612 445 66 21 måtte
692 446 138 21 verkställas.

87 480 43 26 Jag
151 479 38 21 ber
211 481 31 19 att
264 479 39 21 här
325 479 22 21 fä
368 478 57 22 fästa
446 479 216 28 uppmärksämheten
682 479 44 28 vid,
747 482 31 19 att
795 480 36 21 det

89 514 66 20 också
177 514 28 20 dä
228 520 38 14 var
288 514 43 20 min
354 513 96 27 mening,
474 515 30 19 att
524 513 144 27 ofvergängen
687 514 33 20 till
736 514 36 21 det
788 522 43 20 nya

89 548 68 21 skulle
179 548 38 21 ske
238 548 144 27 smäningom,
406 548 25 20 sä
446 549 32 19 att
493 547 64 22 dessa
573 548 63 21 straff
647 547 52 22 först
715 548 70 21 skulle
801 548 30 22 af-

88 583 81 21 skaffas
192 582 31 21 för
246 582 82 21 mindre
347 582 139 28 förbrytelser
505 582 39 21 och
560 582 33 21 för
607 583 65 20 första
687 589 63 14 resan
767 583 63 21 stöld.

87 617 35 21 Nu
137 617 76 21 ställas
228 617 6 20 i
251 617 26 20 de
291 616 63 21 flesta
370 617 37 20 fall
423 616 145 28 brottslingar,
583 624 44 14 som
639 617 73 27 begått
724 618 55 20 stöld
791 617 40 22 för-

89 654 32 19 sta
138 651 94 27 gången,
252 653 77 24 genast
344 651 28 27 pä
388 651 24 20 fri
429 650 39 27 fot;
488 657 48 14 men
552 651 68 27 enligt
636 651 39 21 den
691 658 44 21 nya
749 651 82 22 författ-

88 686 79 27 ningen
191 685 65 21 borde
279 685 26 20 de
327 685 97 26 undergå
445 685 71 26 någon
540 685 42 21 tids
605 685 155 21 tukthusstraffi
792 686 39 21 Om

89 720 59 21 detta
171 727 27 14 nu
221 721 77 26 genast
321 719 87 27 bringas
427 719 6 21 i
452 719 174 28 verkställighet,
650 720 24 21 så
688 719 63 21 skola
767 720 64 21 dessa

87 754 120 27 förbrytare
231 755 85 20 komma
336 755 32 20 att
387 753 155 22 sammanföras
558 754 49 21 med
623 754 66 21 andra
705 754 70 27 gröfre
792 755 38 20 och

88 788 67 21 redan
171 787 130 22 förhärdade
311 788 192 27 olyckskamrater,
516 788 38 21 och
566 788 66 21 blifva
643 789 123 26 derigenom
778 789 54 21 blott

87 829 59 14 mera
169 822 191 27 demoraliserade,
384 829 47 14 men
455 821 118 28 ingalunda
593 822 137 21 förbättrade.
765 823 67 21 Detta

87 857 94 26 bevisar,
203 857 53 20 huru
278 856 135 27 nödvändigt
436 856 36 21 det
492 858 29 25 är,
537 858 32 19 att
585 857 26 20 de
627 864 41 20 nya
684 857 148 21 straffarterna

88 891 53 20 blott
158 891 133 27 småningom
307 890 90 27 införas,
413 891 39 20 och
469 891 67 20 sedan
552 897 101 20 personer
664 891 75 21 hunnit
750 891 80 28 bildas,

87 932 46 14 som
156 925 65 21 hafva
242 925 66 28 insigt
330 925 6 20 i
360 925 63 21 deras
444 927 55 18 rätta
518 925 142 28 tillämpning.
690 926 43 27 Jag
748 925 85 22 förenar

88 959 43 27 mig
148 959 133 22 fördenskull
301 959 49 21 med
365 961 87 25 prosten
467 959 78 21 Heikel
561 959 7 20 i
585 959 40 20 den
640 959 64 27 åsigt,
728 962 32 18 att
775 962 57 18 stän-

88 993 67 22 derna
176 993 53 22 böra
251 993 133 21 öfverlemna
402 993 173 21 bestämmandet
591 993 24 20 af
628 993 57 21 tiden
700 993 33 21 för
748 993 41 22 den
804 1001 28 13 nu

87 1027 102 22 voterade
210 1028 167 27 författningens
397 1027 167 28 genomförande
586 1027 22 21 åt
623 1028 84 21 landets
722 1028 109 27 regering,

86 1062 69 21 under
171 1063 93 26 önskan,
281 1065 31 18 att
328 1062 60 21 detta
404 1062 34 21 må
454 1062 38 21 ske
509 1063 24 20 så
548 1062 42 21 fort
606 1068 42 15 som
665 1063 90 26 möjligt.

155 1097 209 27 Kontraktsprosten
379 1097 141 20 Stenbäck:
536 1097 37 20 Att
589 1096 243 28 brottmålslagstiftnin-

87 1138 41 20 gen
149 1131 6 20 i
176 1131 73 21 landet
268 1134 86 18 närmar
370 1130 33 28 sig
418 1131 32 21 till
466 1131 68 21 likhet
550 1130 49 22 med
615 1130 67 22 andra
698 1131 135 21 civiliserade

86 1166 97 26 länders,
206 1165 76 27 gläder
301 1166 64 21 äfven
385 1165 43 27 mig
443 1165 102 27 innerligt
561 1165 39 21 och
616 1165 124 27 uppriktigt.
771 1166 62 20 Flere

86 1199 132 27 föregående
233 1200 69 20 talare
318 1200 66 22 hafva
399 1200 108 27 anmärkt,
524 1201 32 19 att
573 1200 59 20 detta
646 1199 38 21 bör
698 1199 39 21 ske
754 1202 24 19 så
786 1199 49 28 fort

86 1241 43 13 som
145 1234 90 28 möjligt,
252 1234 83 21 hvilket
349 1234 86 28 uttryck
451 1234 56 21 dock
523 1236 23 19 är
561 1234 88 28 prekärt
663 1233 40 21 och
718 1233 44 21 kan
774 1234 60 21 inne-

86 1268 55 21 fatta
163 1268 77 26 längre
259 1268 53 21 eller
332 1268 87 22 kortare
435 1268 37 21 tid.
503 1268 35 21 Då
551 1268 152 26 förändringen
718 1267 24 21 af
755 1268 79 26 ifråga-

87 1302 96 22 varande
200 1302 118 21 straffarter
333 1303 182 27 hufvudsakligen
529 1303 63 21 beror
603 1302 24 21 af
634 1302 149 26 fängelsernas
794 1302 39 21 och

87 1336 194 28 fängpersonalens
303 1337 157 27 beskaffenhet,
484 1338 25 20 sä
524 1337 39 21 har
574 1337 41 27 jag
630 1337 76 27 begärt
721 1336 62 21 ordet
799 1343 37 14 en-

87 1372 49 21 dast
151 1372 32 21 för
199 1373 32 21 att
245 1372 70 22 uttala
331 1372 43 22 den
390 1372 130 28 erfarenhet,
536 1372 21 21 vi
573 1372 29 29 pä
617 1372 50 21 vära
683 1371 75 22 orteri
768 1371 67 23 Wasa
