998 1828
797 129 26 22 31

171 189 121 31 Föredrogs
308 189 155 32 lagutskottets
475 191 136 31 bordlaggda
622 193 139 24 betänkande
772 203 34 14 n:o
818 198 33 27 11,

101 225 6 22 i
129 226 119 29 anledning
267 227 25 22 af
309 227 60 22 Hans
388 229 124 27 Kejserliga
530 229 113 28 Majestäts
659 231 82 27 nådiga
755 232 97 26 proposi-

101 260 45 22 tion
167 267 34 15 n:o
222 263 33 26 23,
277 269 34 14 om
330 262 154 28 upphäfvande
500 263 25 21 af
536 263 197 28 indigenatsrätten
748 264 34 22 för
796 265 56 22 läro-

101 295 88 21 ståndet
204 295 57 22 inom
277 296 82 21 landet.

168 329 209 29 Kontraktsprosten
393 330 81 22 Sirén
489 331 97 28 yttrade:
605 332 36 21 Uti
656 332 77 28 frågan
748 339 34 15 om
797 333 54 21 indi-

100 366 161 24 genatsrättens
277 365 152 27 upphäfvande
445 365 40 21 har
497 365 43 22 den
551 366 110 21 allmänna
671 367 116 27 opinionen
799 368 53 21 alla-

99 398 68 21 redan
188 398 25 22 sä
231 399 58 21 klart
305 399 78 21 uttalat
399 400 43 27 sig,
459 402 32 19 att
508 400 36 22 det
560 400 18 28 ej
596 400 67 22 heller
679 400 44 22 kan
739 401 53 23 falla
807 402 45 27 mig

99 433 22 20 in
146 435 31 18 att
200 433 97 22 bestrida
316 433 191 28 undanrödjandet
521 434 25 21 af
559 434 72 22 denna
645 435 128 22 institution.
802 436 50 21 Men

94 467 42 28 jag
152 466 67 23 fäster
234 467 45 27 mig
295 467 77 22 endast
387 468 37 22 vid
439 469 155 26 lagutskottets
609 469 140 22 betänkande
762 470 37 21 vid
810 470 42 21 för-

100 501 106 22 ordandet
228 502 25 21 af
273 502 94 28 ändring
386 503 32 21 uti
435 503 54 22 sista
505 510 63 15 mom.
584 503 24 22 af
621 503 118 28 kejserliga
754 505 97 28 proposi-

99 537 85 21 tionens
207 537 49 21 4:de
279 538 12 26 &
312 537 7 22 i
340 537 24 22 sä
383 538 68 21 mätto
472 540 32 19 att
524 538 129 28 skollärare,
672 539 91 21 emedan
777 539 38 22 det
830 540 19 27 ej

99 579 51 14 vore
170 571 97 28 lagligen
287 572 130 29 förmenadt,
433 573 67 22 borde
515 573 121 28 berättigas
652 575 31 20 att
699 573 84 23 ansöka
798 574 52 21 flere

99 606 111 22 särskilda
229 607 214 27 skolläraretjenster
461 608 29 27 pä
506 607 92 28 engäng.
628 608 48 21 Den
691 607 88 28 yttrade
793 608 57 28 prin-

99 641 63 28 eipen
177 641 44 21 kan
233 641 41 28 jag
290 641 18 28 ej
325 641 127 28 godkänna,
467 642 109 27 nemligen
587 643 33 20 att
630 641 51 22 flere
692 642 91 27 tjenster
793 643 58 27 finge

98 675 141 30 ansökas
207 671 33 38 pä
254 676 87 27 engång
357 675 84 22 derföre
457 679 32 19 att
504 676 141 29 uttryckeligt
660 676 78 22 förbud
754 677 97 22 deremot

98 710 7 21 i
121 709 180 28 författningarne
317 710 19 28 ej
353 711 126 28 förefinnes;
496 713 22 26 ty
530 710 137 28 stadganden
679 711 81 22 saknas
771 711 78 22 beträf-

99 744 65 22 fande
187 745 80 27 mänga
289 744 71 28 saker,
381 752 46 14 som
447 745 85 22 derföre
548 745 18 28 ej
583 744 22 22 fä
621 744 46 23 ske.
697 746 43 21 För
754 746 45 21 min
815 746 36 22 del

98 779 40 22 har
149 780 42 28 jag
204 779 125 28 tjenstgjort
345 780 58 21 inom
419 782 30 20 ett
465 780 54 28 stift,
536 780 38 22 der
589 780 130 21 alternativa
733 780 116 22 ansöknin-

98 822 40 20 gar
161 814 70 28 aldrig
253 814 74 22 kunde
350 817 73 25 göras,
445 815 92 21 emedan
554 814 26 22 de
596 816 83 20 ansetts
692 814 47 22 lika
753 815 97 27 olagliga

97 850 34 21 för
153 849 129 28 skollärare,
304 856 45 14 som
369 848 32 22 för
416 852 90 24 prester.
536 850 43 26 Jag
593 849 79 21 tillstär
685 850 7 20 i
708 850 95 26 sanning
818 852 32 19 att

94 884 42 28 jag
158 883 140 23 härförinnan
321 884 56 22 varit
399 884 92 22 alldeles
510 884 97 26 okunnig
623 884 82 26 derom,
722 886 32 19 att
770 886 30 19 ett
815 885 34 21 sä-

99 919 53 21 dant
168 918 64 29 bruk,
251 921 24 25 ty
290 918 103 28 rättighet
408 918 45 22 kan
465 918 41 28 jag
522 918 19 28 ej
558 918 61 22 kalla
635 918 45 28 det,
695 918 81 22 funnits
791 918 59 22 inom

98 953 68 28 nägot
180 955 66 19 annat
261 953 24 21 af
298 952 27 22 de
340 952 72 22 finska
427 953 81 21 stiften.
538 952 79 28 Kongl.
633 952 84 22 brefvet
730 953 32 21 till
773 953 76 21 Wexiö

98 987 154 23 konsistorium
268 987 42 21 den
326 988 27 20 23
368 988 117 20 november
501 988 61 27 1781,
579 987 73 27 kongl.
671 987 179 21 cirkulärbrefvet

99 1022 41 22 den
157 1024 11 19 2
183 1022 117 22 november
316 1022 53 21 1791
386 1025 57 18 samt
459 1022 73 28 kongl.
550 1020 82 23 brefvet
647 1022 33 20 till
696 1021 154 22 konsistorium

98 1057 7 21 i
125 1057 125 27 Linköping
271 1056 42 22 den
334 1057 25 21 13
375 1063 58 15 mars
449 1057 54 21 1799
520 1056 79 27 stadga
614 1056 6 21 i
636 1056 119 22 allmänhet
769 1062 34 15 om
819 1056 31 21 al-

98 1092 108 21 ternativa
221 1091 150 27 ansökningar
385 1091 41 21 och
440 1090 101 28 förbjuda
556 1090 49 21 dem
620 1091 72 20 säsom
707 1090 97 27 olagliga
818 1090 31 21 ät-

98 1127 107 21 minstone
227 1125 37 22 vid
286 1125 172 29 prestatjenster.
488 1125 34 22 Dä
543 1131 28 15 nu
593 1125 53 21 1781
662 1125 36 22 ärs
713 1125 74 27 kongl.
803 1124 50 22 bref

93 1161 48 27 just
156 1160 78 27 ogillar
249 1159 144 28 uppförandet
409 1159 25 22 af
447 1167 26 14 en
489 1159 123 22 skolrektor
622 1159 28 28 pä
661 1161 30 20 ett
702 1159 147 28 kyrkoherde-

97 1195 83 27 förslag
202 1195 67 21 innan
291 1194 43 21 han
357 1201 39 14 var
418 1193 49 22 fullt
488 1193 60 28 ledig
570 1193 48 22 frän
638 1195 29 20 ett
686 1195 67 20 annat
769 1193 80 28 dylikt,

99 1230 66 21 ehuru
187 1229 42 21 han
252 1229 69 21 likväl
343 1228 68 21 hörde
431 1229 32 20 till
483 1228 58 27 dem,
558 1234 46 15 som
619 1228 28 27 pä
663 1230 62 19 extra
740 1229 43 25 väg
798 1233 51 15 voro

98 1263 137 28 berättigade
258 1265 32 20 att
313 1262 85 22 ansöka
417 1261 252 30 kyrkoherdelägenhet,
688 1263 56 21 samt
760 1261 28 22 dä
803 1267 47 22 pre-

99 1301 44 19 ster
159 1298 40 21 och
215 1297 120 22 skollärare
350 1297 85 21 härtills
450 1296 94 23 ömsevis
560 1297 50 21 sökt
626 1296 40 21 och
681 1295 88 28 ätnjutit
780 1295 70 22 befor-

99 1333 53 21 dran
168 1333 29 27 pä
211 1332 117 26 hvardera,
344 1331 61 22 säväl
419 1333 82 26 presta-
512 1337 46 16 som
569 1330 206 28 skollärarebanan,
787 1336 64 15 anser

94 1367 42 28 jag
156 1367 37 22 det
210 1373 53 15 vara
278 1373 27 16 en
321 1366 49 21 klar
384 1365 56 28 följd
455 1368 32 19 att
502 1365 58 22 hvad
576 1372 46 15 som
637 1365 37 21 vid
689 1363 161 29 tjensteansök-

98 1402 78 27 ningar
191 1401 18 28 ej
227 1404 24 18 är
265 1401 80 22 tillåtet
360 1400 33 22 för
409 1407 26 14 en
450 1402 68 27 prest,
530 1399 65 22 äfven
605 1399 70 22 måste
685 1406 53 15 vara
748 1399 34 21 för
792 1397 59 23 skol-

98 1437 72 21 lärare
190 1436 102 27 otillätet,
313 1435 29 21 dä
362 1442 26 15 en
409 1434 160 23 vidsträektare
584 1436 44 19 rätt
643 1439 79 22 genom
737 1433 38 27 lag
791 1432 18 29 ej
828 1435 24 20 är
