995 1817
177 134 27 22 64

148 200 28 27 på
197 197 70 29 grund
282 198 25 21 af
319 205 28 14 nu
363 196 118 23 bestående
496 196 151 23 förhållanden
663 204 26 14 en
705 196 32 23 för
752 195 44 23 alla
811 195 85 23 klasser

149 233 25 21 af
190 232 194 21 stadsinnevånare
403 237 124 20 gemensam
546 230 258 28 kommunalförvaltning
819 231 76 21 anord-

148 268 59 20 nas.”
238 266 71 21 Dessa
324 265 7 21 i
346 265 37 27 lag
399 265 39 21 och
454 265 193 22 sakförhållanden
662 265 112 26 grundade
787 265 109 28 principer

147 300 66 22 hafva
229 300 42 21 ock
285 299 7 21 i
309 299 42 21 den
365 299 119 27 kejserliga
498 299 161 28 propositionen
675 299 69 21 blifvit
759 299 136 28 konseqvent

147 335 112 22 vidhållna
282 333 38 22 och
343 333 141 27 utvecklade;
504 333 77 22 endast
601 333 37 21 det
653 339 64 16 anser
728 333 41 28 jag
785 333 44 28 mig
843 334 53 21 böra

147 371 57 20 emot
220 369 42 21 den
277 368 82 27 nådiga
378 367 161 28 propositionen
555 368 6 21 i
577 367 143 28 förbigående
739 368 106 21 anmärka
863 370 33 19 att

146 404 6 21 i
176 403 45 22 alla
242 403 28 21 de
292 402 80 28 städer,
392 402 86 22 hvilkas
496 402 150 21 förhållanden
662 402 25 21 af
699 403 44 26 mig
759 405 35 19 äro
811 403 83 27 kända,

147 437 226 27 helsovårdsärender,
394 437 71 21 såsom
483 436 148 22 stadsläkares
647 437 125 27 antagande
788 437 39 22 och
844 437 50 22 aflö-

147 473 61 27 ning,
224 471 247 27 lasarettsinrättningar
485 477 28 15 m.
529 478 27 14 m.
573 479 23 19 s.,
613 471 126 28 handhafts,
758 471 49 22 icke
823 472 71 21 såsom

146 506 163 29 propositionen
331 512 50 21 pag.
402 507 11 19 2
435 505 113 28 uppgifver
565 505 37 22 vid
617 505 172 28 kyrkostämma,
806 508 52 19 utan
874 505 24 22 af

147 541 151 27 magistraten;
321 539 57 22 dock
399 546 65 21 synes
486 539 64 22 äfven
570 540 171 27 propositionen,
761 547 45 14 som
822 540 6 21 i
845 540 50 22 dess

147 576 64 26 sjette
234 576 94 20 moment
350 581 51 21 pag.
421 575 13 20 3
451 574 33 21 till
499 574 165 27 handläggning
679 574 37 21 vid
731 575 163 27 kyrkostämma

147 609 137 27 undantager
303 608 77 22 endast
401 609 26 20 de
446 608 97 27 ärender,
559 615 46 14 som
621 609 57 26 angä
691 609 86 27 kyrkan
793 609 39 22 och
847 617 47 20 pre-

147 644 133 27 sterskapet,
304 643 124 26 derigenom
451 642 91 29 antyda,
566 645 32 19 att
620 643 70 22 helso-
709 643 39 21 och
767 643 126 29 fattigvärd,

146 679 93 20 likasom
258 677 124 21 ekonomie-
400 677 40 21 och
453 677 168 27 politieärender
635 677 8 21 i
659 678 126 28 allmänhet,
802 679 91 21 framde-

145 713 33 21 les
192 711 77 28 borde,
286 712 28 27 pä
330 713 43 19 sätt
389 711 63 22 deras
467 712 151 21 beskaffenhet
628 712 41 21 ock
680 713 107 29 päkallar,
798 713 96 22 behand-

146 748 32 20 las
201 746 25 22 af
245 746 242 28 kommunalstyrelsen,
511 746 6 22 i
539 746 55 28 följd
615 746 80 22 hvaraf
713 747 63 22 äfven
799 748 42 22 den
862 748 32 22 för

146 781 147 27 fattigvärden
313 780 141 28 erforderliga
473 780 208 29 penningeuppbörd
700 782 38 21 och
755 782 140 29 redovisning

145 817 87 20 komme
248 818 41 25 att,
305 816 72 21 såsom
392 816 112 27 vederbör,
521 816 75 21 ställas
612 816 68 21 under
695 817 54 21 det
739 812 12 36 i
762 818 54 21 12:te
831 824 63 15 mom.

146 850 130 22 omnämnda
291 849 170 22 drätselverkets
475 850 61 22 vård.

214 884 64 22 Hvad
293 884 96 21 deremot
405 884 116 22 utskottets
534 884 139 22 betänkande
685 885 106 29 beträffar,
803 887 25 21 så
839 887 53 21 före-

145 919 97 21 kommer
265 918 30 21 uti
318 918 120 22 detsamma
458 925 50 21 pag.
529 919 12 21 5
562 918 104 29 följande,
683 919 55 22 ifrån
755 920 41 22 den
812 921 81 28 nådiga

144 953 173 28 propositionens
333 952 178 28 grundprinciper
527 953 117 22 afvikande
655 954 40 21 och
706 955 32 21 till
749 954 143 24 kommunism

144 987 90 22 lutande
256 987 111 29 yttrande:
393 988 54 25 ,För
466 987 72 22 denna
552 988 184 27 reorganisations
751 988 142 30 fullständiga

145 1021 169 28 genomförande
337 1020 67 23 borde
426 1022 35 21 väl
480 1022 44 21 alla
543 1022 26 22 de
585 1022 141 29 åtskilnader,
743 1024 7 21 i
765 1024 129 28 rättigheter

144 1057 40 21 och
207 1056 155 28 skyldigheter,
386 1062 46 15 som
454 1063 29 15 nu
503 1056 116 22 förefinnas
634 1058 92 21 emellan
741 1058 26 22 de
783 1060 109 21 särskilda

144 1090 115 22 klasserna
280 1090 25 21 af
324 1089 193 23 stadsinnevånare
540 1090 120 29 upphäfvas
683 1095 56 18 samt
759 1093 44 21 alla
821 1094 70 21 stads-

143 1125 142 20 kommunens
305 1124 141 21 medlemmar
464 1124 95 23 tilldelas
574 1125 46 21 lika
634 1126 128 27 rättigheter
777 1127 40 21 och
833 1128 57 28 skyl-

143 1158 104 27 digheter,
268 1157 39 22 och
326 1165 64 14 anser
405 1158 106 21 utskottet
526 1159 69 28 några
610 1159 183 29 oöfvervinneliga
809 1163 81 27 svårig-

142 1191 61 22 heter
219 1192 18 27 ej
254 1192 68 21 heller
337 1192 60 27 ligga
412 1192 6 21 i
434 1195 70 24 vägen
520 1193 32 22 för
567 1194 178 27 genomförandet
758 1196 25 21 af
791 1202 27 15 en
829 1196 60 27 dylik

142 1225 98 22 reform."
271 1226 48 21 Men
335 1225 14 21 å
364 1232 49 21 pag.
430 1227 11 19 7
457 1226 25 21 af
494 1227 149 22 betänkandet
653 1228 61 22 heter
725 1229 36 21 det
772 1229 51 28 åter,
835 1230 7 21 i
853 1237 37 21 up-

141 1260 83 27 penbar
242 1261 91 20 motsats
352 1259 33 22 till
401 1260 136 22 sistnämnda
552 1262 67 27 åsigt:
636 1264 31 19 att
682 1263 27 21 de
724 1263 31 21 till
772 1263 41 22 den
829 1264 60 27 lägre

141 1293 156 28 befolkningen
312 1294 96 21 hörande
424 1301 102 20 personer
542 1298 56 19 ännu
613 1296 49 22 icke
678 1304 50 14 vore
739 1297 108 28 skicklige
858 1301 32 19 att

140 1327 48 22 föra
203 1328 141 21 kommunens
360 1329 66 27 talan,
443 1329 39 21 och
500 1331 44 25 ,att
560 1330 27 21 de
602 1330 49 22 icke
667 1331 68 22 heller
745 1332 83 27 kunna,
840 1333 49 21 med

140 1362 133 27 någonslags
295 1363 83 20 förmån
401 1363 33 20 för
456 1363 139 28 kommunen,
619 1365 97 27 undergå
738 1367 100 26 taxering
856 1367 33 21 för

141 1395 110 21 allmänna
271 1396 111 27 ändamål,
404 1396 91 21 emedan
511 1397 154 22 utkräfvandet
680 1399 25 20 af
717 1399 27 20 de
760 1401 129 20 uttaxerade

140 1429 94 29 medlen,
257 1431 50 20 utan
329 1429 102 23 afseende
447 1430 52 22 derä
514 1433 32 20 att
562 1431 148 29 debiteringen
727 1433 70 22 blefve
813 1434 75 28 betyd-
