986 1742
762 128 39 21 181

91 188 92 28 kändes,
207 190 28 27 på
255 189 72 22 derom
346 190 24 21 af
385 190 48 21 herr
448 190 136 22 talemannen
599 190 120 23 framställd
734 192 96 28 proposi-

90 223 53 28 tion,
160 224 110 28 enhälligt.

157 257 42 23 Vid
213 258 62 28 fråga
289 266 34 14 om
334 258 140 28 borgarebref
482 263 54 18 samt
547 260 221 28 apoteksprivilegier,
780 261 48 21 åbe-

89 292 80 28 ropade

156 327 206 28 Kontraktsprosten
383 328 80 22 Sirén
483 328 39 22 och
542 330 87 26 prosten
646 328 127 29 Alopxus
793 330 35 21 de-

72 378 3 3 -
89 368 35 15 ras
140 363 56 20 emot
211 362 116 22 utskottets
342 362 138 22 betänkande
495 362 81 28 afgifne
591 364 162 21 reservationer.

155 396 207 28 Kontraktsprosten
377 397 92 21 Hellén
484 397 103 22 förenade
602 397 34 28 sig
646 397 62 23 äfven
720 398 30 22 uti
761 399 67 27 sagde

88 431 163 27 reservationer,
267 431 49 21 med
330 431 98 28 yrkande
444 433 31 19 att
489 431 41 22 den
541 431 117 28 kejserliga
668 433 160 27 propositionen

87 465 8 21 i
109 465 71 21 denna
196 465 35 22 del
247 465 69 22 skulle
332 465 129 22 oförändrad
477 466 125 21 bibehållas.

156 500 88 21 Prosten
267 500 101 21 Heikel
390 500 69 28 ansåg
481 500 113 22 städernas
616 500 111 28 indelning
744 502 7 20 i
771 502 58 21 olika

87 534 85 22 klasser
185 534 50 22 med
250 534 102 22 afseende
368 535 14 21 å
396 534 165 28 ifrågavarande
572 535 100 27 taxering
681 542 52 15 vara
743 537 85 27 prekär,

88 571 55 20 samt
159 569 116 29 tillstyrkte
291 568 82 23 derföre
389 569 133 28 antagandet
533 569 25 22 af
564 569 116 23 utskottets
691 570 137 22 betänkande

87 604 7 21 i
109 604 82 28 frågan.
765 613 2 2 :

155 639 144 27 Domprosten
313 638 119 22 Renvall
445 638 51 22 fann
511 638 36 22 vid
559 639 125 27 jemförelse
697 640 79 20 mellan
787 640 41 21 den

87 673 118 27 kejserliga
219 673 160 28 propositionen
396 672 40 22 och
451 673 115 21 utskottets
580 673 147 28 betänkande,
751 675 31 20 att
797 676 31 19 ut-

87 708 81 21 skottet
183 706 96 23 förordat
293 706 89 28 ungefär
398 714 82 14 samma
493 707 152 28 kartevalörer,
662 714 45 15 som
722 708 33 21 för
770 708 58 21 olika

87 741 73 22 städer
175 741 6 21 i
198 741 41 22 den
254 741 80 28 nädiga
347 742 160 27 propositionen
517 741 133 28 föreslagits,
661 742 98 21 hvarföre
771 742 57 21 dom-

87 778 95 26 prosten,
206 776 110 22 anseende
338 777 31 20 att
391 782 83 15 samma
495 782 34 15 om
548 776 49 21 icke
613 778 66 19 större
694 776 69 21 fördel
779 776 49 22 med

87 810 103 22 afseende
206 811 13 21 ä
234 810 141 22 statsverkets
390 810 118 22 inkomster
523 816 77 22 genom
616 810 116 22 utskottets
747 810 82 28 förslag

87 845 72 22 kunde
175 845 85 28 vinnas,
277 852 45 14 som
337 852 77 20 genom
430 844 26 22 de
472 845 58 22 olika
545 844 141 29 kartebelopp
702 845 125 28 propositio-

87 887 42 15 nen
145 880 131 28 uppräknat,
289 880 51 21 ville
355 880 129 21 härutinnan
497 879 87 22 förorda
599 879 60 22 bifall
670 879 32 22 till
713 879 117 23 utskottets

86 915 145 22 betänkande.

155 949 62 29 Uppä
235 950 25 21 af
275 949 49 22 herr
341 950 138 21 talemannen
493 949 120 22 framställd
628 949 141 28 proposition,
791 955 36 15 an-

87 987 37 25 tog
146 984 86 22 ständet
253 985 49 20 med
324 984 110 21 obestridd
454 984 154 27 röstpluralitet
623 984 116 21 utskottets
754 984 73 21 betän-

86 1018 73 22 kande
173 1019 7 21 i
195 1018 142 22 förevarande
352 1018 75 28 punkt.

155 1053 86 22 Samma
257 1053 150 22 betänkandes
422 1053 81 27 förslag
518 1059 34 15 om
567 1052 88 22 kartefri
671 1051 124 29 expedition
806 1052 25 21 af

86 1094 100 21 resepass
200 1087 32 22 för
246 1087 57 26 finsk
317 1087 141 28 medborgare
474 1087 31 22 till
521 1089 57 20 orter
588 1087 57 21 inom
655 1086 83 28 landet,
750 1088 77 25 antogs

87 1121 53 23 efter
155 1123 132 27 proposition
303 1121 110 28 enhälligt.

154 1157 81 22 Likasä
258 1157 136 28 godkändes,
417 1157 58 28 uppä
497 1157 24 21 af
540 1156 48 22 herr
610 1156 137 21 talemannen
765 1155 62 22 fram-

87 1191 65 23 ställd
172 1191 143 28 proposition,
337 1191 49 22 med
409 1191 109 22 obestridd
537 1191 154 28 röstpluralitet
709 1190 118 22 betänkan-

87 1226 47 22 dets
151 1225 150 28 efterföljande
320 1228 101 25 moment,
443 1225 112 28 angående
570 1225 111 28 kartering
696 1225 25 20 af
732 1224 95 22 förskrif-

87 1261 82 27 ningar,
185 1261 80 27 vexlar,
283 1260 138 28 anvisningar
436 1268 26 14 m.
479 1267 26 15 m.

154 1295 54 21 Herr
230 1295 149 21 talemannens
400 1295 125 28 ytterligare
547 1294 135 22 framställda
701 1293 126 28 propositio-

87 1336 43 20 ner,
153 1329 104 21 huruvida
277 1329 36 21 det
332 1329 134 28 högvördiga
481 1328 85 22 ständet
580 1328 116 27 godkände
712 1328 116 21 utskottets

86 1363 139 21 betänkande
245 1363 7 20 i
272 1363 61 26 fråga
353 1370 34 13 om
402 1363 19 26 ej
437 1363 92 21 allenast
544 1362 133 27 uteslutning
691 1362 24 20 af
727 1362 101 21 direktio-

87 1403 68 15 nerna
169 1395 32 22 för
216 1396 85 21 landets
317 1397 109 21 allmänna
441 1395 195 28 brandstodsbolag
649 1395 38 21 och
699 1395 25 21 af
731 1395 99 21 enskilde

87 1430 64 23 valde
170 1430 200 29 kompromissarier
388 1430 40 23 och
444 1430 54 29 gode
513 1433 57 26 män,
593 1430 46 21 frän
655 1429 82 22 antalet
751 1429 24 22 af
787 1436 42 15 em-
