986 1773
184 146 41 20 346

155 208 142 23 förevarande
312 210 104 20 moments
432 215 75 15 senare
524 208 115 24 alternativ
654 207 62 21 äfven
731 206 65 22 borde
808 206 23 22 af
840 209 53 19 stän-

157 244 36 21 det
215 243 136 27 godkännas,
374 242 32 21 till
429 242 82 22 hvilket
533 242 114 21 alternativ
670 242 137 28 domprosten
828 242 69 26 ansåg

155 278 53 21 böra
222 278 61 26 fogas
298 279 30 19 ett
343 277 76 27 tillägg
434 277 7 21 i
457 276 35 22 det
507 276 66 28 syfte,
590 278 31 19 att
636 276 18 28 ej
672 276 44 21 alla
727 276 56 28 gode
794 278 102 24 männen,

155 314 52 19 utan
223 312 78 20 endast
316 319 24 13 en
355 311 66 21 bland
437 312 57 26 dem,
506 311 83 27 jemväl
604 311 13 20 å
632 310 25 22 de
669 310 78 28 öfriges
758 313 88 25 vägnar,
860 310 37 21 vid

156 346 213 21 kommunalstämma
385 345 56 27 ägde
456 345 46 21 föra
517 345 67 21 talan.
609 344 138 22 Beträffande
763 344 36 22 det
815 345 24 21 af
850 351 46 21 pro-

156 380 83 21 fessorn
255 379 79 22 Geitlin
353 380 113 20 anmärkta
480 379 113 27 misstaget
611 379 6 21 i
636 379 148 21 betänkandet
798 386 49 20 pag.
864 380 33 26 11,

157 414 52 24 fann
224 414 62 21 äfven
306 414 136 27 domprosten
461 416 31 18 att
507 416 30 18 ett
553 414 90 26 misstag
657 413 6 21 i
679 413 101 21 anmärkt
795 412 103 22 afscende

157 448 69 22 blifvit
243 448 116 27 begånget,
377 454 48 15 men
440 448 73 28 tyckte
527 450 31 19 att
574 448 85 21 ståndet
674 448 19 27 ej
710 448 67 21 borde
792 447 58 22 fästa
865 448 33 27 sig

157 483 84 27 dervid,
258 482 90 22 emedan
364 482 35 21 det
415 483 77 20 endast
506 489 50 15 vore
573 485 30 18 ett
618 482 162 21 redaktionsfel.

224 518 142 27 Domprosten
386 517 72 27 Borg
472 517 77 28 påstod
565 519 32 19 att
612 517 67 27 något
694 517 91 26 misstag
798 517 7 21 i
821 516 77 28 antydt

158 551 102 22 afseende
274 551 18 28 ej
310 558 50 15 vore
375 551 114 28 begånget.

225 585 207 28 Kontraktsprosten
454 585 99 22 Hellén
575 585 51 22 ville
646 585 77 22 endast
737 585 113 27 anmärka,
867 587 31 19 att

159 621 35 20 det
210 620 24 21 af
245 620 136 27 domprosten
397 619 90 22 Renvall
502 620 123 26 föreslagna
640 620 77 27 tillägg
732 619 32 22 till
779 626 75 15 senare
868 619 30 21 al-

158 655 115 21 ternativet
289 654 18 28 ej
325 661 49 14 vore
389 653 112 29 behöfligt,
517 654 91 21 emedan
619 660 25 15 ur
654 653 131 28 stadgandet
795 655 7 20 i
822 654 3 20 3
836 661 62 14 mom.

158 697 26 14 ex
207 689 102 28 analogia
330 688 66 28 följde
420 691 31 18 att
471 688 62 22 äfven
553 687 66 22 bland
638 688 55 27 gode
713 691 93 19 männen
822 688 78 21 endast

158 723 50 25 den,
225 731 44 14 som
286 723 27 21 de
328 723 68 27 öfrige
412 723 70 21 dertill
497 723 85 27 utsåge,
601 723 55 28 ägde
671 725 66 19 rösta.

224 758 55 21 Herr
292 757 137 21 talemannen
444 757 133 22 framställde
592 763 28 15 nu
635 756 96 29 följande
746 757 152 28 omröstnings-

157 792 142 28 proposition:

227 826 127 21 Godkänner
372 826 81 21 ståndet
463 826 73 29 första
551 825 49 22 eller
614 826 69 21 andra
699 826 132 21 alternativet
845 827 9 20 i
868 831 30 16 ut-

157 862 84 21 skottets
264 861 142 20 betänkande?
427 861 33 20 De
482 868 43 13 som
543 860 114 29 godkänna
668 860 73 29 första
757 861 141 27 alternativet,

158 904 64 13 svara
237 896 106 28 jakande;
364 895 23 20 de
407 903 43 13 som
464 896 113 28 godkänna
592 895 69 21 andra
677 896 140 27 alternativet,
834 903 64 14 svara

158 930 99 22 nekande.

224 963 135 21 Besvarades
374 963 49 21 med
440 964 24 20 18
475 964 28 27 ja
518 965 45 19 mot
578 964 26 20 10
618 965 41 26 nej.

225 998 59 21 Härå
299 998 122 26 öfvergicks
436 998 32 20 till
484 998 160 27 granskningen
660 997 25 21 af
694 998 141 28 paragrafens
846 999 53 22 sista

157 1034 100 20 moment.

225 1067 140 27 Vicepastorn
382 1073 50 15 von
447 1067 86 21 Essen
549 1066 97 29 yttrade:
661 1067 134 21 Anslutande
810 1068 43 27 mig
868 1068 31 21 till

159 1102 136 27 domprosten
315 1101 67 27 Borgs
402 1100 147 28 välgrundade
570 1101 143 27 anmärkning
733 1108 33 14 om
783 1102 116 27 onödighe-

157 1138 37 19 ten
210 1135 25 21 af
247 1137 32 19 att
294 1135 36 21 vid
344 1135 73 27 hvarje
428 1135 98 27 kategori
538 1142 94 21 upprepa
644 1136 88 26 epitetet
745 1153 6 9 ,
756 1136 142 28 välfrejdad*,

141 1188 3 2 .
158 1176 63 15 anser
238 1170 41 26 jag
300 1176 25 14 ur
347 1169 59 21 detta
426 1172 93 18 moment
536 1170 52 20 böra
606 1170 52 26 utgå
673 1170 164 28 bestämningen
846 1165 11 37 ,
854 1171 45 26 för

158 1204 79 26 nesligt
259 1204 57 21 brott
335 1203 70 22 blifvit
425 1204 31 20 till
475 1210 78 15 ansvar
569 1204 84 27 dömd",
670 1204 76 21 såvida
761 1204 7 21 i
783 1205 13 26 8
813 1206 11 20 9
841 1205 58 21 stad-

157 1244 50 21 gas,
226 1240 31 19 att
277 1240 87 19 rösträtt
384 1238 36 20 vid
435 1238 216 21 kommunalstämma
665 1238 130 22 tillkommer
811 1256 6 9 ,
823 1239 75 27 hvarje

157 1271 121 28 välfrejdad
301 1271 91 21 medlem
415 1272 24 20 af
456 1272 148 26 kommunen”,
626 1274 55 19 samt
699 1272 34 21 för
747 1273 80 27 nesligt
842 1273 56 21 brott

158 1306 64 20 dömd
237 1312 77 20 person
330 1306 128 20 åtminstone
474 1305 18 27 ej
508 1306 33 20 lär
556 1312 52 14 vara
623 1306 127 26 välfrejdad.

224 1339 90 21 Prosten
332 1338 47 22 Joh.
398 1339 33 20 Fr.
447 1339 102 27 Bergh:
572 1339 48 20 Den
636 1338 67 28 anda,
720 1346 46 14 som
780 1340 66 21 borde
862 1347 36 20 ge-

158 1373 78 26 nomgå
258 1372 162 28 lagstiftningen
440 1372 7 20 i
467 1378 25 15 en
512 1372 86 27 kristlig
616 1375 51 25 stat,
685 1372 80 22 saknas
781 1374 44 20 här.
856 1374 42 28 Jag

157 1414 74 14 menar
251 1406 116 28 nemligen,
388 1408 32 20 att
438 1406 37 22 det
493 1409 63 19 sannt
572 1406 99 29 kristliga
687 1407 133 22 sträfvandet
835 1408 62 22 äfven

157 1442 66 21 borde
238 1444 58 26 yttra
312 1441 32 27 sig
360 1442 54 27 deri,
434 1443 31 19 att
484 1441 31 21 för
530 1442 6 21 i
553 1442 55 28 synd
624 1442 38 22 och
678 1442 67 22 laster
758 1442 67 22 fallna
840 1444 58 21 med-
