986 1775
189 134 41 27 226

160 204 34 22 för
214 202 201 23 storfurstendömet
434 200 94 23 Finland
547 198 131 30 öfverstyras
696 199 33 23 till
744 197 165 25 vederbörande

161 238 130 22 ministerier
313 237 33 21 för
365 236 92 22 inrikes-
478 237 56 21 samt
552 234 182 22 uirikesärender.
764 234 89 22 Hvilket
873 241 53 16 an-.

162 267 127 40 tecknades.
490 299 96 3 MN

228 340 122 27 Föredrogs
370 339 61 22 Hans
451 338 124 29 Kejserliga
589 337 113 28 Majestäts
718 337 82 28 nädiga
813 337 96 28 proposi-

162 375 44 22 tion
222 375 33 21 till
269 374 190 28 landtständerna,
476 373 114 28 angående
606 372 128 29 tryckfrihet
744 373 7 20 i
762 373 93 20 Finland
870 372 58 26 och
918 368 15 38 7

162 410 98 22 vilkoren
275 409 33 22 för
324 409 49 22 dess
388 408 154 29 begagnande,
564 407 72 28 gifven
652 408 6 21 i
674 407 32 22 S:t
721 407 132 28 Petersburg
868 407 42 21 den

162 445 27 21 23
205 443 116 22 december
336 443 54 22 1863
407 443 22 28 (4
441 443 89 28 januari
547 442 70 29 1864),
639 445 55 18 samt
710 442 24 21 af
746 442 21 21 h.
784 448 45 15 exe.
845 448 65 21 gene-

162 478 168 27 ralguvernören
342 477 69 28 jemte
427 477 115 22 skrifvelse
553 477 24 21 af
585 476 42 21 den
639 477 10 20 1
662 477 81 21 dennes
754 476 87 22 ständet
851 475 59 22 med-

163 512 76 27 delad;
255 512 40 21 och
310 511 82 22 beslöts
408 513 32 20 att
453 511 41 22 den
505 511 82 27 nädiga
597 511 162 28 propositionen
770 511 80 28 skulle,
861 511 8 20 i
880 509 31 22 af-

163 545 81 23 seende
255 547 14 20 &
279 545 128 29 beredning,
424 546 32 21 till
467 545 144 28 lagutskottet
621 546 129 21 remitteras.
775 544 136 23 Kommande

163 587 56 21 resp.
235 579 143 23 medstånden
393 580 103 28 derjemte
508 582 32 20 att
550 587 34 14 om
596 579 71 22 denna
678 579 78 28 åtgärd
766 579 144 22 underrättas.

232 614 140 22 Omedelbart
390 614 95 22 härefter
500 614 73 28 afgick
590 620 26 15 en
632 614 135 28 deputation,
790 614 69 21 under
874 620 37 14 an-

162 648 92 22 förande
269 648 25 22 af
306 648 202 28 kontraktsprosten
526 648 78 22 doktor
616 648 130 28 Hertzberg,
757 648 33 22 för
800 650 31 20 att
843 648 68 22 öfver-

164 683 77 28 bringa
251 683 149 28 nyssnämnda
409 682 153 28 meddelande,
578 682 112 22 hvarutom
700 682 210 29 protokollsutdrag,

164 718 25 21 så
204 717 43 22 fort
263 717 36 21 det
314 717 76 22 hunnit
400 717 96 28 justeras
512 717 40 22 och
568 717 126 28 utskrifvas,
711 718 85 21 komme
810 719 31 19 att
852 717 59 21 med-

164 751 92 23 stånden
279 751 113 27 delgifvas.
421 752 163 27 Deputationen
605 752 97 21 återkom
721 752 55 22 efter
794 759 26 14 en
837 751 72 29 stund,

164 788 56 20 samt
235 785 40 28 gaf
287 785 108 22 tillkänna
410 788 32 19 att
457 786 50 23 dess
523 786 100 29 uppdrag
639 786 70 22 blifvit
723 786 119 29 fullgjordt.

231 853 122 29 Föredrogs
374 856 30 20 ett
419 855 199 28 protokollsutdrag
633 855 47 22 från
695 855 119 28 höglofliga
828 855 82 22 ridder-

164 888 79 28 skapet
258 888 40 21 och
313 889 65 21 adeln
394 888 25 21 af
430 889 42 22 den
484 891 24 20 15
521 890 114 28 nyssvikne
649 890 95 28 januari,
756 890 154 21 innehållande

165 922 244 29 diskussionsprotokoll
429 926 56 19 samt
505 924 71 21 beslut
595 924 6 21 i
621 923 103 22 afseende
740 925 13 20 å
768 931 83 14 samma
867 924 44 27 dag

165 963 78 21 genom
266 956 125 29 deputation
414 958 161 27 prestaståndet
596 958 116 22 meddelad
732 958 129 29 inbjudning
879 961 32 19 att

164 991 33 22 till
212 991 144 28 lagutskottet
370 992 111 22 remittera
496 993 81 27 nådiga
592 993 161 28 propositionen
768 1000 35 14 n:o
818 994 33 28 37,
873 1000 37 15 an-

164 1025 85 28 gående
271 1025 164 22 bestämmande
458 1027 105 22 huruvida
582 1027 40 22 och
640 1027 33 22 till
687 1027 89 22 hvilken
792 1027 35 22 del
843 1028 14 21 å
871 1028 38 21 all-

163 1061 51 20 män
229 1061 44 20 stat
287 1059 105 28 uppförde
409 1061 90 22 embets-
515 1061 40 22 och
572 1061 140 29 tjenstemän,
732 1062 87 21 hvilkas
833 1062 77 22 befatt-

164 1093 77 28 ningar
261 1093 113 29 indragas,
398 1097 41 25 äga
459 1097 32 20 att
506 1095 94 23 derefter
615 1096 83 28 åtnjuta
714 1097 49 21 sina
778 1096 58 22 förra
852 1097 58 21 löne-

162 1127 115 28 förmåner,
301 1128 40 21 och
363 1128 88 23 hvilken
470 1129 138 29 inbjudning,
632 1131 28 27 på
678 1133 44 20 sätt
736 1131 173 28 prestaståndets

163 1161 108 28 protokoll
286 1161 33 22 för
334 1163 153 23 meranämnde
503 1164 44 28 dag
562 1165 25 21 af
600 1165 33 27 sig
648 1165 63 29 visar,
736 1165 86 22 ståndet
838 1168 71 20 ansett

163 1196 34 27 sig
212 1196 19 27 ej
248 1196 75 22 kunna
337 1196 82 23 bifalla.

229 1265 137 28 Föredrogos
388 1266 40 22 och
451 1266 115 24 bordlades
589 1268 33 21 till
643 1271 63 19 nästa
724 1268 96 29 plenum:
839 1269 23 29 a)
879 1271 30 19 ett

162 1299 200 28 protokollsutdrag
381 1300 47 22 från
447 1301 119 28 höglofliga
586 1302 152 28 ridderskapet
752 1304 40 21 och
808 1304 64 21 adeln
888 1303 25 22 af

163 1332 42 22 den
221 1333 26 21 15
263 1332 100 23 sistlidne
374 1334 99 28 januari,
488 1336 24 20 så
527 1335 106 28 lydande:

231 1383 8 10 n
243 1366 135 28 Föredrogos
399 1367 32 22 till
446 1368 75 22 vidare
537 1369 77 28 åtgärd
629 1370 88 22 friherre
734 1370 119 29 Carpelans
869 1371 40 22 och

162 1399 48 24 herr
232 1401 124 28 Törngrens
379 1401 41 22 den
442 1403 27 20 10
487 1403 153 29 nyssförvikne
660 1405 114 22 december
788 1405 120 28 bordlagde

160 1435 137 24 memorialer
312 1435 24 22 af
348 1435 97 30 följande
460 1437 94 29 lydelse:
