989 1731
784 135 41 21 523

104 198 76 28 tjenst,
196 198 48 22 icke
260 199 54 21 böra
329 198 65 22 dessa
404 198 149 22 funktionärer
564 198 188 30 tillgodokomma,
764 202 52 19 enär
827 199 27 23 de

104 232 98 28 uppbära
224 239 27 15 en
271 233 49 21 icke
341 234 25 20 så
386 233 112 27 obetydlig
518 233 55 27 årlig
591 234 96 27 aflöning
705 236 65 25 samt,
788 234 66 28 enligt

104 266 99 22 ståndets
220 267 66 27 åsigt,
306 267 50 21 med
371 266 103 22 afseende
490 268 13 20 å
517 267 168 27 ifrågavarande
701 267 74 27 afgifts
791 268 63 28 ringa

105 300 77 28 belopp
199 300 40 22 och
255 300 28 22 då
298 300 127 22 densamma
441 303 22 19 är
478 300 36 22 det
531 301 56 21 enda
603 300 78 28 bidrag
695 302 101 21 bemälde
806 308 48 21 per-

104 341 63 15 soner
183 335 90 27 erlägga
286 334 33 22 för
330 334 36 22 det
378 334 71 28 skydd
461 335 38 21 och
512 334 25 22 de
549 334 108 22 förmåner
668 335 27 21 de
707 335 24 21 af
739 336 115 21 samhället

104 368 93 29 åtnjuta,
215 369 111 27 undantag
341 368 55 22 ifrån
412 369 124 27 utskylders
553 369 132 27 erläggande
701 370 33 21 för
745 370 48 21 dem
804 370 50 21 icke

104 404 53 21 böra
175 406 75 26 göras,
266 404 37 21 vid
319 403 83 22 hvilket
417 402 135 22 förhållande
568 404 54 21 sista
637 406 117 19 momentet
769 404 7 20 i
791 411 63 21 para-

103 438 76 27 grafen
202 438 18 28 ej
243 438 68 21 heller
331 438 86 21 komme
436 440 31 19 att
486 438 13 21 å
514 438 48 21 dem
579 440 57 20 samt
651 437 64 22 deras
732 438 68 22 enkor
815 438 39 22 och

104 472 53 22 barn
172 472 132 28 tillämpas."

171 507 23 28 2)
218 507 24 21 af
262 506 42 22 den
328 508 11 20 9
362 506 103 28 februari,
487 507 49 21 med
554 506 159 22 underrättelse
733 506 73 22 derom
823 509 32 19 att

104 540 112 29 vällofliga
238 541 181 27 borgareståndet
442 541 83 28 antagit
548 540 119 28 höglofliga
690 541 164 28 ridderskapets

104 576 40 20 och
167 576 76 21 adelns
263 576 131 27 inbjudning
412 578 33 18 att
458 575 75 22 förena
547 575 34 28 sig
596 576 31 20 uti
643 582 27 14 en
685 575 24 21 af
721 575 133 22 förbemälde

104 609 64 22 stånd
190 610 99 21 besluten
312 610 137 27 underdånig
468 610 101 28 petition,
593 611 32 20 att
644 609 127 28 lägenheter
786 610 69 21 under

105 644 63 27 8,000
184 644 72 22 marks
270 644 68 22 värde
353 644 73 22 kunde
442 644 119 28 berättigas
578 645 31 20 att
621 644 64 22 vinna
696 644 86 22 inträde
792 644 6 21 i
809 644 46 21 lan-

105 678 48 22 dets
168 678 216 29 hypoteksförening.

175 748 120 22 Fortsattes
316 748 152 22 diskussionen
485 747 24 21 af
521 747 157 28 lagutskottets
695 747 139 22 betänkande
850 748 6 21 i

106 782 118 28 anledning
240 782 24 22 af
276 783 61 21 Hans
352 782 114 28 Majestäts
481 782 82 27 nådiga
578 782 135 28 proposition
728 789 34 14 n:o
777 783 32 27 14,
821 782 36 21 be-

106 817 106 22 träffande
233 818 111 20 allmänna
363 817 124 27 grunderna
504 817 33 21 för
553 824 26 14 en
595 824 28 20 ny
639 816 160 28 brottmålslag,
816 816 40 22 och

105 852 87 28 yttrade
208 852 76 21 dervid
300 851 53 22 först

174 887 90 21 Prosten
280 886 19 22 J.
315 887 17 20 I.
348 886 94 27 Bergh:
461 885 122 23 Resultatet
599 885 25 21 af
636 884 162 28 förmiddagens
815 885 41 22 dis-

106 921 90 22 kussion
211 921 73 21 kunde
300 921 19 27 ej
337 923 67 19 annat
420 923 26 19 än
463 920 158 22 tillfredsställa
636 920 43 27 mig
692 920 126 27 högeligen;
837 920 18 27 ej

106 956 83 22 mindre
211 956 139 28 domprosten
372 955 58 27 Borg
449 958 27 18 än
495 954 109 29 professor
623 954 122 22 Schauman
762 954 96 22 erkände

108 991 29 21 då
158 993 73 25 öppet,
256 992 31 20 att
307 990 120 27 ingendera
447 989 25 21 af
490 990 48 21 dem
553 989 38 21 vill
608 988 53 22 eller
676 989 58 21 velat
749 988 110 29 uppställa

107 1026 124 27 bättringen
247 1026 72 20 såsom
336 1024 94 22 straffets
445 1023 192 23 hufvudändamäl.
667 1023 56 21 Vare
735 1024 41 26 sig,
788 1025 32 19 att
832 1023 26 21 de

107 1060 69 22 värda
198 1060 98 21 talarene
319 1059 89 22 härmed
431 1060 66 20 rättat
520 1058 33 22 sin
573 1064 54 22 egen
643 1058 88 26 mening
746 1057 53 22 eller
814 1058 44 20 min

109 1094 137 29 uppfattning
260 1094 70 28 deraf,
350 1094 26 21 sä
390 1100 63 15 anser
465 1093 41 28 jag
521 1093 44 27 mig
580 1092 65 22 hafva
661 1092 75 22 vunnit
751 1092 107 27 grundva-

108 1130 35 21 len
165 1129 33 21 för
221 1129 39 21 allt
282 1128 58 22 hvad
356 1128 42 27 jag
418 1128 87 28 äsyftat.
535 1128 37 26 Ja,
593 1126 138 28 domprosten
746 1127 58 27 Borg
819 1126 40 21 har

109 1164 77 21 försatt
208 1163 94 21 straffets
325 1163 69 27 grund
415 1162 78 22 endast
511 1162 7 21 i
534 1162 117 21 rättvisans
667 1160 58 27 kraf,
741 1160 7 21 i
764 1162 95 26 upprätt-

109 1198 112 21 hållandet
237 1197 25 22 af
275 1198 37 20 det
327 1199 67 25 rätta;
417 1197 39 21 och
473 1196 88 22 dermed
577 1196 94 21 straffets
687 1195 101 21 ändamål
804 1195 6 20 i
826 1195 34 26 sig

109 1232 59 28 sjelf,
191 1230 50 23 icke
261 1234 59 18 utom
341 1231 129 27 detsamma,
494 1230 91 22 alldeles
600 1230 7 20 i
623 1229 96 27 enlighet
738 1229 48 21 med
802 1228 58 21 hvad

106 1266 41 28 jag
162 1266 70 28 yrkat.
263 1266 42 27 Jag
320 1265 114 28 förmodar,
451 1267 32 19 att
499 1264 60 22 detta
575 1263 129 28 oafvisligen
720 1263 96 28 innebär,
829 1264 32 20 att

110 1300 84 22 straffet
214 1302 24 19 är
258 1308 24 13 en
302 1300 122 27 nödvändig
440 1299 61 29 följd
518 1298 25 22 af
554 1298 86 22 brottet.
670 1298 49 20 Men
734 1297 7 21 i
757 1296 39 22 och
812 1297 48 21 här-

110 1334 49 22 med
175 1334 28 22 ha
218 1334 27 22 de
261 1334 68 21 värda
344 1334 97 21 talarene
457 1332 88 23 förlorat
561 1332 41 22 den
617 1331 168 27 vetenskapliga
797 1338 63 20 grun-

111 1367 42 22 den
172 1367 32 21 för
220 1367 150 22 dödsstraffets
387 1366 136 22 afskaffande
540 1366 39 21 och
595 1366 80 20 lemnat
690 1372 46 14 rum
751 1365 33 20 för
799 1364 61 22 straf-

110 1402 42 22 fets
175 1401 102 22 mätande
300 1401 54 21 efter
372 1401 81 21 brottet
470 1400 39 22 och
524 1400 65 21 borde
607 1399 86 21 således
709 1398 18 28 ej
744 1399 28 26 på
787 1400 73 19 veten-

111 1436 88 28 skaplig
214 1438 52 26 väg,
283 1436 37 22 det
336 1438 23 19 är
375 1435 18 28 ej
411 1437 51 20 utan
479 1435 46 21 inre
541 1433 139 28 motsägelse,
699 1432 74 22 kunna
788 1432 75 27 undgå
