989 1809
179 129 39 20 342

151 194 34 19 ten
203 193 93 20 bevarad
313 194 30 19 att
359 193 127 21 åtminstone
502 193 21 21 få
538 193 46 21 föra
600 193 58 20 talan
673 192 6 20 i
696 192 56 22 hvad
768 192 53 21 hans
837 199 54 19 egen

151 226 40 20 sak
207 226 52 21 eller
274 228 43 20 rätt
332 227 74 27 angår.

219 260 31 21 På
265 260 93 22 härefter
372 261 25 21 af
408 261 136 21 talemannen
560 260 121 22 framställd
695 260 133 28 proposition
841 259 53 28 god-

152 294 71 21 kände
239 295 86 21 ståndet
341 295 103 27 enhälligt
463 294 141 23 förevarande
620 298 93 18 moment
729 294 67 27 enligt
811 294 82 21 utskot-

152 331 42 18 tets
209 329 145 21 betänkande.

219 363 34 20 Då
269 363 58 21 tiden
343 363 106 21 härunder
464 363 133 22 framskridit
612 363 33 21 till
659 363 29 21 kl.
705 364 18 27 9,
736 363 104 28 uppsköts
852 362 41 21 den

153 396 73 21 vidare
247 397 161 27 granskningen
428 397 32 22 till
480 397 146 22 nästskeende
641 397 95 28 plenum,
752 397 40 22 och
808 397 86 22 ståndet

153 431 121 27 åtskiljdes.

659 467 19 16 In
692 465 59 18 fidem:

565 499 50 20 And.
633 500 56 19 John
707 499 121 24 Hornborg.

219 651 142 37 Tisdagen
382 652 53 26 den
457 653 16 25 9
494 651 121 28 februari
635 651 41 27 kl.
699 653 36 26 10
756 651 18 27 f.
795 661 36 17 m.

221 707 89 22 Plenum
325 707 110 28 öppnades
451 707 49 22 med
516 707 24 22 af
546 709 88 26 prosten
644 707 110 22 Helander
764 707 72 21 hällen
846 707 50 21 bön.

222 741 116 28 Upplästes
354 749 25 14 en
395 742 48 21 herr
458 742 137 21 talemannen
609 741 206 22 tillhandakommen
826 741 71 28 styrkt

155 775 84 22 afskrift
255 776 24 21 af
292 776 303 29 ecklesiastikexpeditionens
611 776 7 21 i
634 776 118 28 kejserliga
763 778 90 19 senaten
864 776 34 21 till

154 809 141 29 domkapitlet
314 810 3 22 i
332 811 72 27 Borgä
418 811 41 21 den
476 811 24 21 21
518 810 104 23 sistvikne
634 811 88 27 januari
738 810 80 22 aflätna
834 810 62 22 skrif-

154 844 69 28 velse,
246 844 25 21 af
283 844 95 22 innehäll
393 847 31 19 att
439 845 105 27 biskopen
560 844 78 22 doktor
654 845 90 27 Ottelin,
760 844 32 22 för
807 844 90 28 sjuklig-

155 877 45 29 het,
216 878 7 21 i
238 878 68 22 näder
320 879 100 28 beviljats
436 879 163 28 tjenstledighet
614 879 56 21 intill
686 879 42 21 den
744 880 11 20 1
766 880 131 20 nästinstun-

155 912 71 22 dande
246 913 43 28 maj
311 913 59 28 eller,
390 914 6 21 i
412 913 38 22 fall
466 913 212 28 omständigheterna
692 914 79 21 sådant
786 913 112 28 fordrade,

155 946 55 21 intill
225 946 42 22 den
283 948 10 20 1
311 947 163 28 derpäföljande
489 948 91 27 augusti.

221 981 41 22 Vid
282 981 53 22 härä
355 982 65 21 skedt
439 989 81 20 upprop
535 982 105 21 befunnos
656 983 98 21 ständets
770 983 44 21 alla
829 982 68 27 öfrige

155 1014 139 23 medlemmar
304 1022 51 15 vara
366 1016 112 27 tillstädes,
490 1016 90 22 förutom
590 1016 123 27 professorn
726 1016 78 22 doktor
816 1016 82 22 Schau-

155 1055 49 14 man
226 1049 39 22 och
286 1050 135 27 vieepastorn
444 1050 120 27 Snellman,
584 1050 75 21 hvilka
679 1050 25 21 af
720 1051 178 27 tjenstegöromäl

155 1089 50 15 voro
220 1083 106 22 hindrade
341 1086 31 19 att
388 1084 46 21 från
450 1084 180 22 sammanträdets
645 1084 77 27 början
737 1087 99 19 närvara.

221 1151 42 21 Till
275 1151 109 28 justering
398 1153 110 27 upplästes
527 1152 109 22 särskilda
650 1153 200 28 protokollsutdrag
865 1155 33 19 rö-

154 1184 68 21 rande
244 1185 28 22 de
293 1185 37 22 vid
352 1188 87 20 senaste
460 1187 85 27 plenum
566 1187 25 20 af
610 1187 87 21 ståndet
715 1187 84 21 fattade
817 1187 81 27 beslut,

155 1218 74 21 hvilka
249 1219 70 22 skulle
338 1219 142 22 medstånden
495 1220 116 28 delgifvas;
630 1220 111 22 äfvensom
752 1221 110 27 justering
876 1221 25 21 af

154 1253 130 26 protokollet
298 1253 33 22 för
346 1255 41 20 den
403 1256 12 19 2
431 1255 81 21 dennes
526 1254 103 28 företogs.

220 1287 138 28 Justeringen
374 1287 82 23 afbröts
471 1289 37 21 vid
523 1289 101 21 anmälan
640 1295 34 14 om
690 1289 128 21 ankomsten
834 1289 24 20 af
871 1295 26 15 en

155 1320 123 28 deputation
299 1321 47 22 från
366 1322 116 28 höglofliga
501 1323 152 28 ridderskapet
672 1323 40 21 och
730 1323 74 27 adeln,
821 1323 77 21 anförd

155 1354 24 20 af
196 1355 284 22 universitetssekreteraren
499 1356 129 28 Grotenfelt,
644 1362 46 16 som
706 1356 148 27 tillkännagaf
866 1359 32 19 att

155 1388 36 20 det
214 1388 115 28 höglofliga
351 1390 94 27 ståndet,
468 1390 6 20 i
498 1390 95 27 enlighet
613 1390 49 22 med
678 1390 219 22 talemanskonferen-

154 1429 49 15 sens
225 1422 90 29 förslag,
339 1424 86 22 beslutit
445 1424 75 23 föröka
542 1425 81 21 antalet
644 1424 24 22 af
684 1424 163 30 tjenstgörande
861 1424 38 23 vid
