992 1814
180 131 41 28 114

152 204 31 19 att
203 203 111 24 emottaga
334 199 151 28 befattningen
500 200 29 27 pä
546 193 40 28 den
602 195 79 31 grund,
698 200 32 19 att
745 197 42 22 han
803 195 34 24 för
851 195 54 23 feni-

151 237 37 19 ton
204 235 24 21 år
243 234 68 21 sedan
327 233 56 22 hade
399 233 127 22 undervisat
542 233 48 21 icke
607 233 6 20 i
629 232 51 28 tysk
696 231 140 28 grammatik,
852 234 53 18 utan

150 269 7 21 i
174 269 51 28 tysk
240 268 89 27 filologi.

219 303 35 21 Då
275 308 79 21 genom
376 301 91 22 berörde
487 301 118 28 gymnasii-
624 301 40 21 och
680 300 143 27 skolordning
838 300 68 27 ryska

152 336 234 29 spräkläraretjensten
409 335 39 22 vid
470 336 62 27 lägre
555 335 198 22 elementarskolan
772 335 7 20 i
797 334 109 21 Kexholm

152 371 47 22 blef
213 370 116 28 indragen,
349 369 110 28 uppdrogs
475 370 37 21 det
528 370 22 20 ät
565 369 153 28 spräkläraren
734 371 32 19 att
783 368 124 27 ombesörja

152 405 184 27 undervisningen
352 404 13 21 &
381 404 89 21 skolans
485 404 69 21 första
570 404 66 21 klass.
667 403 75 22 Under
761 402 145 23 förebärande

153 439 25 22 af
191 439 32 22 sin
239 438 153 28 obekantskap
407 438 50 21 med
473 438 87 22 finskan
576 438 63 21 sökte
655 437 41 22 och
711 445 57 14 vann
784 437 43 21 han
843 436 64 23 befri-

153 475 45 20 else
221 473 102 21 härifrän.
355 473 66 21 Snart
443 472 94 22 derefter
556 472 121 21 inrättades
696 471 66 28 högre
779 471 128 22 elementar-

154 507 77 23 skolan
252 507 7 22 i
277 506 132 29 Jyväskylä,
432 507 39 21 och
491 513 29 15 nu
539 513 39 14 var
594 513 81 15 samme
691 513 49 14 man
756 505 49 22 icke
821 512 39 15 sen
876 507 32 19 att

153 542 88 21 anmäla
257 541 34 28 sig
306 548 46 15 som
367 541 98 22 sökande
482 541 33 22 till
532 547 26 15 en
573 541 140 27 läraretjenst
729 541 37 21 vid
782 540 71 21 denna
869 540 38 21 fin-

153 577 42 22 ska
215 576 72 27 skola,
309 576 40 21 och
368 575 33 21 till
417 575 119 29 styrkande
552 575 25 21 af
590 576 32 21 sin
638 575 128 28 kompetens
782 574 125 22 inlemnade

153 611 44 21 han
217 611 33 21 till
271 610 144 28 domkapitlet
430 612 30 19 ett
476 609 25 22 af
512 609 124 29 professorn
651 610 8 21 i
673 609 73 22 finska
762 609 89 28 spräket
867 609 40 22 och

154 646 125 20 literaturen
295 644 113 22 utfärdadt
422 644 63 28 intyg
500 644 100 22 deröfver
615 646 31 20 att
662 644 43 21 han
722 643 56 28 ägde
796 644 111 28 derömliga

154 680 92 27 insigter
260 679 7 21 i
283 678 93 22 finskan.

224 714 83 21 Genom
323 713 119 28 kejserliga
458 713 146 28 kungörelsen
620 713 25 22 af
658 712 42 22 den
715 713 27 21 30
752 712 89 29 januari
854 713 53 21 1862

154 748 90 27 indrogs
259 748 136 28 gymnasium
412 748 6 20 i
433 748 98 28 Wiborg,
545 754 46 16 som
603 748 108 21 alltsedan
722 748 50 21 dess
784 748 124 21 inrättande

155 783 57 21 varit
227 782 78 22 besökt
321 782 26 21 af
362 784 31 20 ett
408 782 64 28 högst
488 783 62 27 ringa
566 783 61 20 antal
643 782 78 22 elever.
752 783 110 21 Lärarene
878 782 29 22 bi-

156 817 97 22 behöllos
274 816 37 22 vid
329 816 48 22 sina
394 816 160 22 löneförmäner
568 816 109 22 intilldess
694 816 26 22 de
736 816 73 22 kunde
825 816 84 22 erhälla

156 858 73 14 annan
245 850 66 28 tjenst
325 850 50 22 med
390 850 47 22 lika
453 851 52 21 eller
520 851 67 27 högre
602 851 46 27 lön,
664 850 40 22 och
715 851 150 27 berättigades
877 851 32 21 för

156 886 42 21 den
214 885 114 27 händelse,
345 887 32 19 att
393 884 27 22 de
436 885 70 21 skulle
522 887 159 25 transporteras
697 885 32 21 tili
746 884 36 22 det
796 886 113 26 samtidigt

156 920 50 21 med
221 922 32 18 tre
269 919 210 28 gymnasialklasser
494 918 102 22 försedda
614 919 124 21 läroverket
753 919 7 21 i
776 919 133 28 Jyväskylä,

156 954 33 21 till
205 956 30 19 ett
250 953 55 21 halft
320 954 35 20 års
370 954 36 21 lön
417 953 7 21 i
435 953 180 28 flyttningshjelp.
642 953 162 28 Domkapitlets
816 953 33 22 till
860 954 49 21 dem

156 988 81 21 ställda
256 987 62 27 fräga
339 994 34 14 om
389 987 27 21 de
432 988 57 26 ägde
506 987 41 22 den
562 988 33 21 för
610 988 195 26 undervisningens
821 988 88 22 medde-

156 1022 66 21 lande
238 1022 7 21 i
261 1021 122 29 Jyväskylä
400 1021 141 28 erforderliga
556 1022 123 22 kännedom
696 1022 24 20 af
727 1022 72 21 finska
810 1022 99 28 spräket,

156 1056 133 22 besvarades
305 1056 49 22 med
370 1056 42 28 nej.
444 1056 70 21 Sannt
529 1059 24 18 är
569 1056 36 22 det
620 1056 128 27 visserligen
764 1058 32 19 att
806 1056 52 22 flere
870 1057 39 21 och

156 1090 86 22 kanske
263 1090 27 21 de
310 1090 63 22 flesta
394 1091 25 20 af
431 1090 49 21 dem
495 1090 57 22 hade
568 1090 48 22 skäl
632 1092 31 19 att
677 1090 25 22 sä
718 1097 72 21 svara,
807 1098 49 14 men
869 1091 41 27 jag

157 1127 44 19 tror
217 1124 56 22 dock
289 1126 32 19 att
336 1124 69 28 några
420 1126 60 20 snart
495 1125 83 21 kunnat
594 1124 145 28 komplettera
756 1125 36 21 det
807 1125 47 21 häri
869 1125 40 21 bri-

157 1160 87 26 stande,
261 1165 34 15 om
311 1159 68 27 viljan
395 1159 56 21 varit
467 1159 60 21 stark
543 1159 40 21 och
599 1158 49 28 god.

225 1194 35 20 Dä
275 1193 29 27 pä
319 1193 69 27 grand
405 1193 24 21 af
442 1193 144 28 sistnämnda,
601 1193 50 21 med
661 1193 67 27 högre
740 1193 169 22 elementarsko-

156 1227 37 21 lan
212 1226 7 21 i
239 1227 124 27 Jyväskylä
378 1227 95 26 skedda,
488 1228 128 26 förändring
631 1227 226 28 konrektorstjensten
873 1228 36 21 vid

157 1262 72 20 denna
245 1261 64 21 skola
323 1261 98 28 indrogs,
439 1262 69 26 ansäg
524 1261 125 22 dävarande
664 1262 134 21 konrektorn
809 1262 37 21 det
857 1268 53 15 vara

155 1294 153 23 förnärmande
323 1295 34 21 för
371 1296 33 20 sin
421 1296 114 27 värdighet
551 1298 31 19 att
597 1295 50 21 med
663 1296 154 21 bibehällande
834 1296 25 21 af
866 1297 44 21 alla

156 1330 33 20 till
205 1329 226 28 konrektorstjensten
447 1330 96 22 hörande
554 1330 165 27 löneförmäner,
731 1330 122 27 tjenstgöra
863 1337 46 15 som

156 1364 97 27 kollega,
275 1363 99 22 hvarföre
395 1364 43 20 han
454 1364 76 27 gjorde
547 1364 94 27 anspråk
657 1364 29 27 pä
702 1365 32 19 att
748 1364 113 22 hefordras
877 1364 33 21 till

156 1397 71 23 lektor
247 1398 5 20 i
273 1398 90 27 teologi,
382 1397 69 21 likväl
469 1398 51 21 med
534 1397 106 22 förbehåll
658 1399 31 19 att
704 1397 19 28 ej
740 1398 29 27 pä
784 1398 67 27 något
867 1400 44 20 sätt
