992 1756
186 128 39 20 112

157 193 71 20 stämd
237 191 110 22 åtskilnad
355 192 87 27 gjordes
451 192 91 21 emellan
551 192 141 27 embetsmän,
702 192 75 22 hvilka
784 191 117 23 innehafva

156 226 219 28 tromansvärdighet,
392 228 55 20 samt
463 226 67 27 öfrige
546 226 90 21 embets-
652 226 40 21 och
707 226 137 28 tjenstemän.

224 261 207 27 Kontraktsprosten
445 261 142 20 Ehrström
597 261 95 27 yttrade:
703 261 35 20 Då
750 260 59 21 detta
820 260 81 22 ärende

156 295 38 21 vid
212 295 107 22 sisthållet
337 295 86 27 plenum
439 295 85 21 förevar
539 296 56 20 samt
610 294 51 22 flere
676 295 69 21 talare
762 295 81 26 ansågo
860 295 41 21 den

156 329 119 28 kejserliga
300 329 160 28 propositionen
486 328 111 22 innehålla
619 329 147 28 stadganden,
790 329 111 21 stridande

156 365 44 20 mot
217 363 102 28 gällande
338 363 137 28 grundlagar,
498 365 56 20 samt
574 363 56 28 förty
649 363 53 22 böra
718 363 127 28 obetingadt
861 363 40 21 för-

156 398 85 27 kastas,
253 400 37 25 tog
296 397 41 28 jag
348 397 44 28 mig
402 397 91 22 friheten
504 400 31 18 att
544 397 58 22 fästa
614 397 36 22 det
660 398 134 27 högvördiga
803 397 98 22 ståndets

156 431 191 30 uppmärksamhet
370 431 75 28 derpä,
469 434 31 19 att
519 433 82 20 statens
619 432 126 27 utveckling
764 431 44 22 ofta
828 432 73 21 kunde

156 466 73 22 fordra
246 466 131 28 indragning
396 466 25 21 af
432 467 72 27 gamla
518 469 56 19 samt
589 466 104 23 bildande
708 467 25 21 af
745 473 43 22 nya
804 467 96 28 tjenster,

156 501 111 22 äfvensom
282 503 33 18 att
330 501 117 21 ständerna
463 501 85 21 således
563 500 67 22 borde
644 508 23 15 se
683 501 33 22 till
732 503 40 27 att,
784 501 70 28 jemte
865 501 37 22 det

157 535 112 22 enskildas
283 535 96 28 lagligen
395 535 160 22 tillförsäkrade
569 537 43 20 rätt
626 535 117 29 värnades,
760 536 107 28 styrelsen
882 535 19 28 ej

156 569 128 22 beröfvades
295 569 139 28 möjligheten
446 572 31 19 att
487 570 75 22 härom
572 571 28 27 på
609 570 158 23 administrativ
776 573 42 25 väg
826 571 75 21 ordna.

155 604 64 22 Hvad
237 605 42 27 jag
301 605 28 20 då
351 604 86 29 yttrade
459 605 79 21 vidblir
553 604 42 28 jag
612 608 67 24 ännu,
698 607 57 20 samt
770 605 37 22 vill
824 605 78 21 endast

156 639 100 28 tillägga,
277 640 32 20 att
323 639 41 27 jag
381 639 34 21 för
432 639 43 21 min
496 639 35 21 del
546 639 19 27 ej
581 639 45 22 kan
641 639 119 28 godkänna
775 640 26 21 de
818 640 25 21 af
855 647 46 20 pro-

156 676 48 19 sten
218 673 101 28 Alopaeus
333 673 126 28 föreslagna
475 673 173 22 modifikationer
663 674 6 21 i
681 674 42 21 den
734 674 81 27 nådiga
825 681 77 21 propo-

157 708 102 27 sitionen,
280 709 52 20 utan
353 714 64 15 anser
436 708 127 27 lämpligare
583 711 32 18 att
630 708 117 22 utskottets
762 709 141 22 betänkande

155 743 29 27 på
199 742 96 28 följande
311 744 44 19 sätt
370 742 172 23 omformuleras:

224 778 13 26 8
256 779 10 19 1
288 777 77 29 (första
380 777 124 29 meningen)
522 778 22 26 ,I
559 777 104 23 händelse
679 780 83 20 statens
777 778 126 28 utveckling

155 812 84 22 fordrar
254 815 31 19 att
301 812 137 22 existerande
454 812 66 28 tjenst
535 812 111 29 indrages,
662 813 81 22 erhålle
754 814 28 20 då
793 814 52 26 den,
857 821 45 14 som

155 847 94 27 tjensten
264 847 108 28 innebaft,
388 847 91 28 pension
493 848 151 21 motsvarande
655 847 49 22 hela
715 848 101 28 beloppet
827 848 25 21 af
860 848 42 22 den

156 881 95 28 aflöning
270 882 39 21 och
325 881 27 22 de
368 881 159 29 emolumenter,
543 882 41 21 han
600 882 68 22 under
683 882 107 27 tjenstens
806 882 97 22 innehaf-

155 916 71 21 vande
245 916 106 27 ätnjutit.*
382 916 36 22 Uti
434 916 69 21 andra
518 916 123 28 meningen,
664 923 45 15 som
725 918 112 26 begynner
852 917 50 21 med

156 950 76 22 orden:
256 950 115 26 ,Deremot
394 950 95 28 upphör"
511 953 40 19 etc.
572 952 63 26 utgår
653 952 110 27 uttrycket
784 952 67 26 ,eller
869 952 34 21 för

155 984 65 22 dessa
243 984 68 23 hehof
334 985 98 28 uppbära
453 985 144 22 lönetillskott
618 985 68 22 under
709 988 30 19 ett
762 986 52 21 eller
835 989 68 19 annat

154 1024 86 17 namn."

224 1056 13 25 8
252 1055 20 21 2.
291 1054 78 22 Denna
379 1054 91 28 pension
481 1055 83 28 uppbär
574 1054 92 22 sålunda
677 1055 126 27 entledigad
814 1055 90 28 tjenste-

154 1095 50 15 man
220 1088 107 23 intilldess
343 1089 42 21 han
399 1089 80 21 ansökt
495 1089 38 21 och
550 1089 85 22 erhållit
649 1096 72 14 annan
736 1090 72 27 tjenst.
839 1090 10 21 I
864 1090 38 21 fall

154 1124 149 22 lönevilkoren
323 1123 37 22 vid
379 1123 41 22 den
441 1130 44 22 nya
503 1124 149 27 befattningen
670 1126 37 20 äro
722 1124 86 28 ringare
822 1127 29 19 än
865 1124 38 22 vid

155 1158 42 22 den
208 1158 65 28 förra,
285 1158 56 21 skall
352 1157 33 21 för
395 1158 115 21 skilnaden
521 1158 103 27 tilläggas
633 1158 121 28 ersättning
762 1158 24 21 af
792 1158 110 21 allmänna

154 1192 77 22 medel.

223 1228 13 25 8
259 1227 12 21 3
292 1226 73 22 förblir
386 1226 139 28 oförändrad,
546 1228 12 25 &
579 1228 13 20 4
607 1226 68 28 utgår,
692 1228 13 25 &
721 1227 12 21 5
749 1227 41 21 blir
806 1228 12 25 $
834 1228 13 20 4
862 1226 40 22 och

154 1262 13 25 $
183 1262 12 20 6
211 1260 118 22 betecknas
346 1262 13 25 $
374 1261 20 20 5.

222 1296 55 20 Herr
292 1295 137 20 talemannen
445 1295 89 21 anförde
550 1297 40 24 att,
607 1295 29 20 dä
650 1295 178 27 lektorstjensten
841 1296 7 20 i
860 1296 41 20 den

154 1328 73 27 heliga
243 1328 74 21 skrifts
331 1328 136 27 grundspräk
483 1328 37 21 vid
535 1322 47 27 Äbo
593 1328 135 28 gymnasium
740 1328 98 28 indrogs,
851 1329 50 21 dess

152 1362 141 22 innehafvare
315 1364 52 20 utan
389 1362 33 22 sin
445 1362 123 28 ansökning
589 1362 137 28 förflyttades
747 1363 32 21 till
802 1363 71 21 lektor
894 1363 7 22 i

154 1396 103 23 historien
268 1397 36 23 vid
315 1398 37 21 det
363 1398 111 27 samtidigt
484 1397 108 22 inrättade
603 1398 136 28 gymnasium
750 1398 7 21 i
765 1398 136 22 Tavastehus

153 1433 30 28 pä
202 1432 69 28 grund
291 1432 25 23 af
329 1432 57 23 förut
399 1432 125 23 förvärfvad
538 1433 128 28 kompetens
682 1433 63 23 äfven
761 1433 32 22 till
809 1433 91 23 lektors-
