992 1798
791 128 26 23 93

177 192 134 24 Besvarades
326 191 49 25 med
390 192 109 25 obestridd
514 192 154 31 röstpluralitet
677 194 104 30 jakande.

175 228 23 27 b)
220 228 127 22 Godkänner
365 230 81 20 ståndet
464 230 107 21 utskottets
590 230 129 21 betänkande
738 230 106 28 angående

107 262 19 26 8,
147 262 20 26 9,
193 262 24 21 10
238 263 36 20 och
296 263 29 21 12
342 268 112 16 momenten
470 265 8 19 i
492 264 38 20 den
545 264 109 28 kejserliga
667 265 156 28 propositionen
837 265 9 20 i

108 296 76 29 öfrigt?

174 331 134 22 Besvarades
324 332 103 28 enhälligt
436 333 103 29 jakande.

174 366 89 22 Prosten
282 366 26 22 H.
329 367 100 21 Heikel
450 368 94 28 yttrade:
567 368 34 20 Då
617 366 85 23 ståndet
716 374 29 15 nu
760 368 7 21 i
783 366 61 23 10:de

106 402 116 20 momentet
243 400 95 29 beslutit,
362 403 32 19 att
415 402 81 27 nödiga
517 401 70 23 medel
605 402 34 22 för
657 402 88 22 stadens
759 408 85 22 gemen-

106 442 61 15 sama
182 435 66 22 behof
260 435 63 23 skola
338 438 110 20 uttaxeras
463 436 25 22 af
499 436 74 28 hvarje
590 436 93 22 medlem
699 437 7 21 i
725 436 119 22 stadskom-

105 476 87 22 munen,
209 477 47 15 men
272 470 7 21 i
295 471 33 21 1:a
344 477 61 15 mom.
422 471 66 27 enligt
503 472 98 27 borgare-
618 471 39 22 och
667 471 177 28 prestaståndens

106 504 143 29 deputerades
267 505 7 21 i
293 505 218 23 ekonomieutskottet
525 506 90 28 förslag,
634 505 113 29 förklarat,
764 508 32 20 att
811 506 32 22 så-

106 546 46 15 som
172 540 138 22 medlemmar
330 540 25 22 af
371 547 25 15 en
412 540 162 22 stadskommun
589 542 35 20 må
639 548 64 15 anses
717 541 77 21 endast
808 540 35 29 de,

106 582 46 14 som
172 575 7 21 i
199 575 77 27 staden
296 575 66 22 hafva
382 576 37 21 sitt
438 578 56 19 rätta
512 576 92 22 hemvist
623 576 40 21 och
679 576 112 22 derstädes
807 578 36 19 äro

105 610 173 28 mantalskrifne,
300 610 39 22 och
358 610 123 28 derigenom
500 611 47 21 från
567 610 201 23 stadskommunens
786 610 58 22 med-

106 645 89 21 lemmar
216 645 98 22 uteslutit
336 645 44 21 alla
398 646 58 28 dem,
475 652 45 15 som
539 645 65 22 ehuru
620 646 85 27 ägande
720 645 124 28 fastighet
832 641 15 37 i

105 679 77 22 staden
197 679 67 22 likväl
280 680 48 21 icke
344 682 36 19 äro
396 680 111 22 derstädes
521 680 96 29 bosatta,
634 682 55 20 samt
703 680 72 22 tillika
788 682 56 20 utta-

105 714 31 22 lat
151 714 41 22 den
208 714 94 29 åsigten,
322 716 32 20 att
369 714 63 22 äfven
448 715 63 22 dessa
525 715 34 21 för
574 715 47 21 sina
636 715 127 27 fastigheter
777 715 67 22 borde

105 749 88 28 deltaga
208 749 6 21 i
230 749 88 22 stadens
334 751 76 27 tunga,
430 750 24 22 så
468 750 56 22 hade
539 750 87 22 ståndet
640 750 91 28 insnärjt
747 750 34 28 sig
794 750 7 21 i
817 757 26 14 en

104 784 140 28 motsägelse,
265 784 88 22 hvilken
372 784 118 22 detsamma
504 784 49 22 icke
568 784 67 22 borde
650 784 45 22 låta
711 784 85 22 komma
811 784 34 27 sig

105 818 31 22 till
155 819 49 21 last.
233 818 35 22 Då
286 819 86 21 ståndet
387 826 28 15 nu
430 819 50 22 ville
495 826 52 15 anse
563 819 64 22 dessa
642 819 103 28 fastighet
759 819 85 28 ägande

104 861 48 14 men
167 854 5 20 i
187 854 77 21 staden
279 854 49 22 icke
343 854 86 22 bosatta
439 861 101 21 personer
551 854 70 22 såsom
632 853 115 23 betalande
758 854 32 21 till
801 856 42 20 sta-

105 888 53 23 dens
176 888 110 23 allmänna
301 888 73 29 behof,
391 889 25 22 så
430 896 50 15 vore
493 889 36 22 väl
544 888 112 29 ingenting
670 888 131 29 naturligare
816 891 27 19 än

104 926 33 19 att
157 923 67 22 också
244 924 96 21 erkänna
358 923 49 22 dem
425 924 70 22 såsom
513 924 139 21 medlemmar
669 923 25 22 af
706 924 138 27 kommunen,

104 958 99 22 hvarföre
216 959 84 21 talaren
316 958 106 29 önskade,
438 961 31 19 att
484 958 86 22 ståndet
585 961 57 19 ännu
657 958 50 22 ville
720 958 77 28 frångå
807 958 37 22 sitt

104 993 71 22 beslut
190 993 7 21 i
212 994 33 21 1:a
259 995 117 20 momentet
390 993 40 22 och
444 993 74 22 förena
529 993 34 28 sig
572 993 50 22 med
632 993 161 28 ridderskapets
805 992 39 22 och

105 1027 76 22 adelns
197 1029 55 20 samt
267 1027 169 22 bondeståndets
452 1027 131 29 deputerade
598 1027 7 22 i
621 1027 70 22 denna
706 1027 75 29 punkt.

172 1063 143 28 Domprosten
329 1063 67 26 Borg
411 1063 67 27 ansåg
491 1062 41 22 den
543 1061 26 22 af
575 1064 86 26 prosten
672 1061 78 22 Heikel
760 1061 83 29 yrkade

105 1097 151 22 diskussionen
272 1104 33 15 om
320 1096 124 29 förändring
459 1097 25 21 af
497 1097 54 22 1:sta
565 1099 116 19 momentet
697 1096 19 29 ej
733 1096 52 22 böra
801 1099 42 25 äga

105 1139 55 21 rum,
184 1132 28 21 då
234 1132 68 21 saken
322 1131 110 22 allaredan
450 1131 71 22 blifvit
538 1138 77 21 genom
634 1132 98 27 votering
751 1131 91 28 afgjord.

104 1167 145 28 Motsägelsen
260 1167 94 21 berodde
365 1167 109 21 dessutom
485 1166 74 28 derpå,
569 1169 32 18 att
609 1169 87 26 prosten
705 1166 78 22 Heikel
794 1166 49 22 icke

104 1202 86 29 tycktes
205 1203 43 20 rätt
263 1202 70 21 erinra
348 1201 33 28 sig
396 1201 26 22 de
438 1201 82 22 fattade
535 1201 105 22 besluten.

170 1237 206 27 Kontraktsprosten
391 1236 100 22 Hellén
507 1243 38 15 var
559 1242 52 16 ense
625 1235 50 22 med
689 1237 87 27 prosten
793 1235 49 22 Hei-

102 1271 38 22 kel
156 1271 54 27 deri,
231 1273 31 19 att
282 1271 144 27 motsägelsen
445 1277 38 15 var
497 1271 110 28 uppenbar
623 1270 38 21 och
675 1271 30 27 på
719 1271 66 26 något
800 1272 43 19 sätt

103 1306 69 21 måste
192 1305 116 28 undvikas,
331 1307 55 20 samt
408 1305 103 28 föreslog,
533 1304 29 22 då
582 1305 67 21 saken
664 1304 7 21 i
687 1304 78 22 sådant
780 1304 62 22 skick

102 1340 50 22 icke
174 1340 66 21 borde
262 1340 33 21 till
317 1337 241 31 expeditionsutskottet
579 1339 111 28 afsändas,
711 1340 31 20 att
757 1338 85 23 ståndet

103 1375 67 21 måtte
185 1374 95 22 betänka
295 1374 34 28 sig
344 1374 39 22 och
398 1374 67 22 hellre
480 1375 28 27 på
522 1374 67 27 något
604 1375 43 20 sätt
657 1373 68 22 ändra
736 1374 53 21 1:sta
799 1380 43 15 mo-

103 1411 81 21 mentet
198 1410 7 20 i
220 1409 165 28 propositionen.
