992 1803
780 137 40 20 513

96 198 42 28 jag
153 198 53 22 stått
221 198 6 21 i
243 199 101 27 beröring
358 199 50 21 med
424 199 78 28 folket,
519 200 19 27 ej
555 199 87 22 förmått
657 200 66 23 vinna
736 201 70 22 bättre
818 209 31 14 er-

100 232 99 21 farenhet
221 233 40 21 och
284 232 145 29 öfvertygelse
452 234 134 21 beträffande
607 234 96 27 besagde
723 235 126 28 mogenhet,

99 268 27 19 än
141 268 34 19 att
191 266 42 21 den
247 269 73 25 tyvärr
331 269 24 18 är
365 267 124 21 diametralt
500 269 89 20 motsatt
599 268 117 21 utskottets
727 275 122 21 gynnsama

99 300 109 28 uppgifter
223 301 40 21 och
279 301 96 27 mening,
391 301 140 27 synnerligen
547 301 39 22 hos
600 302 41 21 den
653 302 79 21 talrika
743 303 105 20 obesutna

98 334 163 28 befolkningen.
290 335 44 21 Min
351 334 140 29 oförgripliga
506 335 88 27 mening
608 339 25 18 är
648 335 41 22 ock
705 338 32 19 att
751 337 98 26 oändligt

98 375 52 21 mer,
166 368 40 22 och
222 372 58 18 ännu
296 369 68 21 under
380 376 25 14 en
417 369 99 28 betydlig
526 369 38 27 tid,
575 369 67 22 borde
654 370 118 27 uppoffras,
784 373 64 25 göras

98 403 40 21 och
159 403 79 22 verkas
258 402 33 23 för
310 403 80 22 folkets
405 404 113 27 religiösa,
541 404 151 21 intellektuela
708 404 39 21 och
764 404 85 28 sedliga

99 438 126 28 utveckling
245 438 67 21 innan
332 445 26 14 en
379 438 118 22 förändrad
512 438 97 28 strafflag
624 438 40 22 och
679 438 129 22 framförallt
824 439 25 21 så

98 472 186 28 genomgripande
307 472 155 22 lenterationer
484 472 45 22 deri
549 472 73 22 kunde
642 479 63 15 anses
721 472 126 28 tidsenliga,

99 507 37 21 det
151 509 25 19 är
191 506 24 22 af
227 506 102 22 behofvet
342 506 39 22 och
393 506 79 22 folkets
483 506 85 28 sedliga
579 506 134 28 ståndpunkt
723 507 125 27 påkallade.

98 542 105 20 Deremot
223 547 64 15 anser
302 541 41 27 jag
360 540 216 28 fängelseväsendets
592 540 129 28 förbättring
736 541 40 21 och
792 541 58 21 tukt-

98 575 227 28 husinrättningarnes
348 575 51 22 vida
421 575 159 22 vidsträcktare
601 575 129 28 utvidgning
750 576 40 20 och
806 582 42 14 om-

97 609 148 28 organisation
266 609 7 22 i
293 609 119 28 kejserliga
432 609 173 29 propositionens
621 609 40 21 och
677 609 171 22 utskottsbetän-

100 644 93 22 kandets
209 644 56 28 syfte
282 644 51 22 böra
349 643 32 22 till
397 643 86 23 landets
500 643 148 28 oafvisligaste
664 643 71 22 behof.

167 678 158 29 Kyrkoherden
345 678 173 27 Rosengren:
538 678 43 21 Det
600 681 24 18 är
639 678 121 28 uppenbart
775 680 31 19 att
822 678 27 22 de

99 713 67 22 värde
177 713 74 21 herrar
262 713 78 27 talare,
357 719 46 15 som
414 719 28 14 nu
453 713 25 21 sä
489 711 85 23 absolut
584 712 60 21 velat
654 712 67 27 ogilla
732 711 118 23 dödsstraf-

99 748 39 28 fet,
154 748 61 22 ställt
231 747 34 29 sig
274 747 29 28 på
315 754 25 14 en
352 747 44 21 helt
407 754 71 14 annan
490 746 134 28 ståndpunkt
635 748 27 19 än
672 746 120 27 kejserliga
802 753 47 21 pro-

99 782 123 28 positionen
237 789 35 14 n:o
289 782 26 20 13
331 788 55 21 som,
401 780 6 22 i
419 780 59 22 vissa
489 780 48 28 fall,
549 780 27 21 ad
588 780 84 21 interim
683 780 92 22 föreslår
786 780 63 21 döds-

100 816 96 22 straffets
216 815 164 28 bibehållande;
396 817 23 25 ty
435 815 71 21 skulle
522 815 60 21 Hans
598 814 124 27 Kejserliga
736 814 113 27 Majestät,

100 852 6 20 i
128 851 70 21 likhet
221 850 49 21 med
292 849 65 21 dessa
377 848 66 22 värde
459 849 78 27 talare,
556 850 72 20 ansett
644 848 139 21 dödsstraffet
797 854 54 15 vara

100 885 57 21 både
172 891 25 15 ur
211 884 112 27 gudomlig
333 883 39 21 och
383 883 110 27 meusklig
502 882 112 28 synpunkt
624 882 108 27 orättvist,
744 882 25 21 sä
780 881 71 21 skulle

102 919 18 28 ej
138 926 39 14 ens
193 918 28 21 ad
236 917 84 22 interim
333 919 30 19 ett
374 916 79 22 sådant
463 917 83 21 kunnat
556 916 102 27 föreslås,
671 917 50 19 utan
734 915 36 21 det
781 914 70 22 skulle

101 952 136 28 nödvändigt
257 952 71 22 måsta
347 951 89 22 framstå
455 951 71 22 såsom
542 952 30 20 ett
584 950 105 28 juridiskt
705 949 67 21 mord.
801 948 49 22 Men

102 988 68 28 enligt
185 986 140 23 förenämnde
341 986 81 27 nådiga
432 986 135 28 proposition
581 991 64 15 anses
661 983 139 23 dödsstraffet
814 990 37 14 nu-

102 1030 60 14 mera
181 1022 18 28 ej
215 1021 100 29 lämpligt
329 1020 33 22 för
378 1020 36 22 det
430 1020 72 22 finska
516 1020 80 27 folket,
612 1019 39 21 och
668 1018 54 21 ifrån
740 1024 26 15 en
782 1017 69 21 sådan

103 1056 110 29 synpunkt
231 1056 62 22 torde
313 1055 51 22 dess
380 1054 137 22 afskaffande
532 1053 103 28 möjligen
650 1052 66 22 hafva
732 1052 33 21 sin
781 1052 71 26 giltig-

103 1092 43 21 het.
177 1091 48 21 Men
241 1092 40 25 att,
298 1090 7 21 i
320 1089 69 22 likhet
403 1089 49 21 med
468 1089 68 27 några
552 1086 132 29 föregående
695 1085 67 22 värda
774 1085 78 26 talare,

104 1132 53 15 anse
181 1127 70 19 staten
274 1124 49 21 ieke
343 1129 52 16 vare
410 1122 124 28 berättigad
548 1121 98 22 afhända
662 1119 142 27 brottslingen
820 1119 33 20 lif-

104 1162 44 25 vet,
164 1159 44 21 kan
220 1159 42 27 jag
277 1157 33 22 för
325 1157 43 22 min
385 1157 34 22 del
433 1156 120 28 ingalunda
566 1154 117 29 medgifva.
712 1154 33 27 Ty
756 1153 6 21 i
774 1153 80 26 många

105 1195 37 20 fall
166 1193 50 22 sker
239 1193 36 21 det
298 1192 49 21 icke
369 1191 66 28 förty,
458 1193 32 19 att
514 1191 34 21 för
569 1189 67 28 högre
659 1188 102 22 ändamål
784 1187 70 21 måste

105 1228 64 22 äfven
191 1226 128 30 oskyldigas
339 1225 28 21 lf
386 1224 179 29 tillspillogifvas,
589 1223 71 22 såsom
683 1225 15 18 t.
721 1229 33 14 ex.
778 1221 77 21 läkare

105 1266 53 24 göra
180 1262 37 22 vid
239 1260 195 27 barnförlossning:
457 1259 41 22 och
520 1258 32 22 för
574 1257 86 22 landets
682 1256 84 22 försvar
786 1256 69 21 måste

102 1298 26 27 ju
151 1296 106 22 tusentals
279 1294 143 28 medborgare
444 1294 54 21 offra
520 1292 37 22 sitt
579 1292 35 27 lif,
638 1290 66 22 ehuru
728 1290 26 21 de
778 1290 18 27 ej
818 1292 38 18 äro

106 1330 103 29 skyldige
231 1330 32 21 till
285 1330 68 26 något
374 1328 64 22 brott.
468 1328 50 21 Man
538 1326 38 22 har
595 1326 39 21 här
648 1326 60 21 velat
723 1324 62 22 anslå
801 1324 55 20 bätt-

107 1364 172 29 ringsprincipen
301 1364 7 20 i
331 1362 82 22 straffet
437 1362 73 21 alltför
529 1360 63 28 bögt;
610 1366 49 15 men
675 1366 35 14 om
725 1358 61 22 detta
799 1357 57 21 skall

107 1406 53 15 vara
181 1405 26 15 en
226 1398 96 26 bättring
340 1397 33 21 till
389 1396 57 28 Gud,
463 1396 24 21 så
503 1395 73 21 består
592 1394 72 21 denna
678 1392 97 27 bättring
790 1390 68 28 enligt

107 1434 39 19 vår
166 1432 83 27 kyrkas
267 1432 48 19 lära
333 1432 30 19 uti
381 1431 68 25 ånger
464 1430 42 22 och
520 1431 42 18 tro:
578 1434 49 14 men
643 1427 65 21 dessa
723 1426 79 21 verkas
818 1424 40 21 hos

131 1474 56 22 Högv.
199 1473 132 17 Prestaståndets
343 1471 66 17 Protok.
426 1471 24 16 IL
768 1469 22 14 33
