992 1781
761 115 40 21 T57

152 175 135 23 Kommande
307 183 55 22 resp.
382 177 141 22 medstånden
538 180 57 20 samt
610 179 217 28 expeditionsutskot-

85 210 31 20 tet
131 211 31 19 att
177 209 75 22 härom
266 211 7 20 i
289 211 113 28 sedvanlig
417 212 92 27 ordning
523 213 142 22 underrättas.

152 244 50 21 Som
223 244 60 22 tiden
303 245 107 22 härunder
430 246 132 22 framskridit
577 247 32 22 till
625 247 94 23 klockan
735 249 46 24 två,
797 250 30 21 åt-

84 277 91 28 skiljdes
191 278 92 22 ståndet.

589 317 20 15 In
622 315 59 19 fidem:

498 355 50 19 And.
565 355 56 20 John
639 356 120 25 Hornborg.

117 529 113 29 Samma
251 530 57 37 dag
329 530 54 28 den
404 531 36 26 26
462 531 122 27 februari
604 531 40 27 kl.
667 533 17 24 5
707 541 22 18 e.
751 542 36 17 m.

148 592 42 23 Vid
212 592 64 23 skedt
298 599 82 22 upprop
403 592 104 23 befunnos
530 593 99 27 samtlige
648 593 178 22 ständsmedlem-

80 634 74 15 marne
177 627 136 22 närvarande
333 630 57 19 utom
412 630 87 25 prosten
519 627 68 22 Lilius
603 630 56 19 samt
674 628 151 28 kyrkoherden

80 663 135 28 Rosengren,
231 662 75 22 hvilka
322 661 49 22 med
386 661 90 28 behörig
491 662 102 23 tillätelse
609 662 100 23 hemrest.

147 732 122 27 Föredrogs
294 731 40 22 och
358 731 116 22 bordlades
497 731 232 23 ekonomieutskottets
751 732 74 21 betän-

80 766 72 22 kande
168 773 34 14 n:o
219 767 17 27 6,
254 766 7 21 i
277 765 118 28 anledning
411 766 24 21 af
447 766 280 28 landtdagspropositionen
740 773 35 15 n:o
791 768 34 26 41,

80 801 114 28 angäende
214 800 191 27 fiskerinäringens
428 800 161 29 upphjelpande
609 803 55 20 samt
682 801 143 22 befordrande

80 836 24 21 af
117 836 81 22 fiskens
213 835 156 28 fortplantning
384 835 30 22 uti
428 835 83 28 insjöar
525 835 40 22 och
581 837 119 20 strömmar.

148 905 121 27 Föredrogs
289 904 31 22 till
342 904 78 27 ätgärd
438 905 177 22 bankutskottets
631 904 117 28 behörigen
763 905 62 21 bord-

79 939 82 29 laggda
177 939 138 22 betänkande
331 945 33 15 n:o
381 940 18 27 2,
416 939 6 21 i
438 939 119 28 anledning
572 939 24 21 af
607 939 81 27 nädiga
698 939 127 28 propositio-

80 982 42 14 nen
145 981 34 14 n:o
202 975 33 27 45,
259 981 34 14 om
313 975 76 26 nyttan
410 973 39 22 och
469 973 101 22 behofvet
590 973 25 22 af
628 973 100 22 enskilda
743 974 83 21 banker

79 1009 50 22 med
144 1008 234 28 sedelutgifningsrätt,
395 1010 55 19 samt
466 1008 113 28 angäende
595 1007 98 23 vilkoren
709 1008 32 22 för
761 1008 65 22 inrät-

80 1043 66 23 tande
162 1043 24 22 af
199 1043 100 22 enskilda
315 1043 83 21 banker
413 1043 7 21 i
436 1043 124 22 allmänhet.

148 1078 73 21 Sedan
237 1077 88 22 ständet
340 1077 110 28 enhälligt,
467 1078 27 27 pä
510 1078 25 21 af
547 1077 48 22 herr
610 1078 138 21 talemannen
763 1078 62 21 fram-

80 1112 66 22 ställd
166 1112 142 28 proposition,
330 1111 112 28 godkännt
456 1112 117 21 utskottets
588 1111 149 29 betänkande,
753 1112 73 22 sävidt

80 1147 124 27 derigenom
219 1148 77 26 nyttan
312 1146 40 21 och
367 1145 101 23 behofvet
483 1146 25 21 af
517 1145 94 23 nämnde
625 1146 99 22 banker
714 1141 10 37 i
735 1146 90 22 allmän-

80 1182 36 20 het
132 1180 117 29 erkändes,
265 1180 81 22 beslöts
362 1182 32 20 att
408 1180 105 28 paragraf
526 1180 33 22 för
570 1180 105 29 paragraf
683 1181 95 28 granska
789 1181 36 21 de-

80 1216 94 28 taljerna
189 1216 7 21 i
211 1214 155 23 betänkandet.

148 1250 139 21 Beträffande
302 1251 13 25 $
332 1251 11 20 1
360 1250 79 22 erhölls
455 1250 62 22 ordet
531 1249 53 23 först
599 1249 25 22 af

148 1284 208 28 Kontraktsprosten
378 1284 77 22 doktor
476 1284 161 28 Europeus,
661 1290 46 16 som
729 1284 96 29 yttrade:

80 1320 49 21 Den
151 1318 119 28 kejserliga
292 1319 160 28 propositionen
475 1318 120 22 innehåller
616 1318 50 22 icke
688 1318 71 28 någon
778 1321 47 19 när-

80 1360 59 15 mare
161 1354 138 27 bestämning
322 1353 81 28 derom,
426 1354 54 20 huru
500 1353 79 27 många
599 1352 71 22 finska
684 1352 142 28 medborgare

80 1388 64 21 skola
162 1388 70 20 finnas
251 1388 66 20 bland
336 1388 58 27 dem,
416 1388 74 21 hvilka
506 1395 34 14 om
555 1387 126 28 bankbolag
695 1388 34 26 sig
743 1386 82 22 förena.

81 1421 73 22 Också
172 1428 64 15 anser
250 1421 42 27 jag
308 1428 26 15 en
350 1422 42 21 slik
407 1422 137 27 bestämning
559 1421 136 27 öfverflödig,
718 1421 56 21 helst
789 1421 38 21 det
