1011 1700
788 122 38 21 671

103 185 64 29 tydes
189 193 78 20 genom
292 182 50 26 dess
366 184 131 29 benämning
519 184 25 23 af
561 184 77 30 vexel-,
656 185 145 29 depositions-
818 186 39 22 och

102 220 118 21 lånebank.
253 219 83 22 Genom
352 220 168 28 vexelrörelsen,
542 220 67 22 under
625 220 89 22 hvilken
731 221 125 27 sedelutgif-

101 254 81 28 ningen
199 254 64 21 äfven
280 254 44 21 kan
338 254 135 29 inbegripas,
485 254 111 22 befordrar
606 254 89 22 banken
707 254 150 22 affärsförbin-

102 288 75 21 delsen
202 288 39 21 och
265 288 220 28 myntcirkulationen
509 289 60 21 såväl
591 289 58 21 inom
670 291 51 25 eget
740 288 52 22 land
811 296 45 14 som

102 322 94 22 emellan
215 322 59 22 hem-
294 322 41 21 och
356 323 107 26 utlandet;
487 329 77 21 genom
581 322 144 28 depositions-
743 322 39 22 och
798 322 58 21 låne-

101 357 97 21 rörelsen
214 356 127 28 uppsamlas
357 356 28 22 de
398 356 88 28 spridda
497 357 137 27 kapitalerna
646 359 56 19 samt
713 360 66 24 göras
790 356 66 22 frukt-

102 391 97 21 bärande
215 390 40 22 och
272 390 143 22 användbara
430 390 32 22 för
477 391 113 21 industrin.
620 392 44 20 Det
677 393 24 19 är
713 391 65 21 dessa
790 390 66 22 ända-

102 425 43 21 mål
168 424 40 22 och
233 425 147 27 synnerligast
401 425 36 21 det
455 425 149 25 förstnämnda
620 432 45 14 som
682 425 89 21 banken
788 425 69 20 måste

102 459 56 27 afse,
175 458 40 22 och
231 458 86 22 derföre
333 459 70 21 måste
420 459 40 21 den
476 459 166 27 upprätthållas.
673 459 49 21 Men
739 459 29 21 då
780 459 21 21 vi
813 458 44 21 alla

101 495 51 19 veta
173 495 32 19 att
225 493 88 21 banken
329 492 34 22 för
379 492 37 22 det
431 493 135 22 närvarande
582 493 49 21 icke
647 493 45 21 kan
708 492 148 28 upprätthålla

102 528 49 21 sina
166 526 85 23 sedlars
266 526 67 22 värde
349 528 52 20 utan
418 527 92 22 tillskott
525 527 24 21 af
562 527 111 22 metallisk
689 527 84 27 valuta,
786 527 25 21 så
823 533 33 21 sy-

101 569 40 14 nes
164 562 55 21 intet
241 568 54 15 vara
316 560 100 29 billigare
433 562 39 21 och
488 562 132 27 naturligare
637 564 27 19 än
681 563 32 20 att
730 561 127 21 densamma

102 596 105 27 återfinge
230 595 49 22 sina
301 595 141 22 härförinnan
456 596 130 28 förskjutna
606 595 79 27 bidrag
704 595 33 21 till
754 597 102 20 statsver-

101 630 47 28 ket,
172 630 76 21 hvilka
268 629 51 22 med
339 636 27 15 en
386 636 151 21 noggrannare
553 630 130 27 beräkning,
708 629 72 22 såsom
793 629 62 28 jag
843 625 16 37 i

102 665 44 21 min
161 663 249 22 utskottsbetänkandet
420 664 105 27 bilaggda
536 664 133 21 reservation
681 663 87 28 antydt,
780 665 77 25 utgöra

102 699 48 21 fullt
166 699 91 27 750,000
273 698 45 21 rub.
335 705 35 14 s:r.
400 698 49 22 Man
465 698 73 22 kunde
554 699 35 21 väl
606 701 60 24 säga,
683 700 32 19 att
732 698 60 21 detta
807 697 49 21 icke

101 736 24 18 är
135 733 48 27 just
197 734 68 20 annat
282 735 27 18 än
326 734 31 19 att
371 732 64 29 flytta
449 733 148 28 penningarne
610 732 56 21 ifrån
677 732 42 21 den
732 738 41 15 ena
784 731 72 21 fickan

101 767 32 22 till
158 767 41 22 den
221 767 79 28 andra,
325 773 33 15 om
379 767 7 21 i
407 767 41 21 alla
468 767 117 22 händelser
600 766 118 23 ständerne
734 766 69 21 måste
820 772 36 15 an-

102 809 64 14 svara
181 801 33 22 för
227 801 114 28 beloppet;
357 808 48 15 men
422 801 145 22 förhållandet
583 804 23 18 är
622 803 76 24 annat,
713 807 34 14 om
760 807 49 14 man
821 800 35 21 be-

101 836 84 21 traktar
201 835 88 21 banken
305 835 73 22 såsom
393 841 26 15 en
436 835 136 28 sjelfständig
587 835 129 26 inrättning,
738 834 66 21 hvars
820 833 35 21 be-

101 869 66 22 stånd
182 872 52 19 utan
250 869 104 22 afseende
366 869 28 27 på
406 871 81 20 statens
498 869 67 21 behof
573 869 69 21 måste
654 868 127 27 betryggas.
799 867 56 21 Ban-

100 904 43 21 ken
155 903 73 22 tillhör
240 903 6 21 i
257 903 50 22 hela
319 903 38 22 sitt
367 903 100 28 syftemål
479 910 59 14 mera
549 903 68 20 folket
629 905 27 18 än
666 902 139 26 regeringen,
815 900 40 22 och

101 935 85 24 derföre
209 937 68 22 borde
298 938 41 20 ock
358 937 66 27 ingen
440 937 126 27 disposition
584 936 24 21 af
620 936 101 21 bankens
737 935 118 26 tillgångar

100 972 75 21 kunna
190 972 41 21 ske
247 973 53 20 utan
315 971 72 28 begge
398 971 180 21 statsmakternas
589 969 139 28 begifvande.
752 969 31 21 Sä
793 968 62 21 verk-

100 1007 91 21 ställdes
207 1007 42 21 ock
265 1006 69 21 första
349 1005 204 28 grundläggningen
570 1004 25 21 af
606 1003 87 22 banken
707 1010 79 20 genom
798 1005 57 19 stän-

100 1041 80 22 dernas
201 1040 104 22 anhållan
322 1039 40 22 och
377 1041 115 26 regentens
508 1039 78 22 beslut.
617 1037 140 22 Statsverkot
772 1036 84 21 försköt

99 1075 163 28 grundfonden,
280 1074 41 22 och
337 1074 73 21 denna
426 1076 24 19 är
464 1080 28 15 nu
507 1072 68 23 redan
591 1072 45 22 före
650 1072 61 21 detta
723 1069 131 28 återbetald,

100 1109 37 22 det
149 1112 23 18 är
184 1109 17 27 ej
214 1109 63 27 fråga
289 1115 34 14 om
335 1110 31 19 att
378 1108 70 21 återfå
458 1108 50 28 den,
523 1109 52 19 utan
587 1105 78 22 endast
677 1105 27 22 de
715 1105 84 26 fonder,
811 1111 45 14 som

100 1144 25 21 af
137 1144 130 27 regeringen
283 1150 76 14 ensam
370 1143 71 21 blifvit
451 1142 53 22 ifrån
517 1142 87 20 banken
616 1139 124 23 öfverförda
749 1139 32 21 till
793 1140 63 20 stats-

99 1178 83 21 verket.
214 1177 64 22 Hvad
295 1177 41 21 den
354 1176 69 22 andra
438 1176 96 28 punkten
550 1174 109 28 beträffar,
672 1176 24 19 är
707 1173 46 28 det,
767 1172 24 22 af
799 1172 57 21 hvad

95 1212 42 28 jag
153 1211 67 23 redan
237 1211 82 28 anfört,
340 1211 68 28 klart,
430 1212 30 20 att
475 1210 88 21 banken
580 1210 18 27 ej
614 1209 39 21 bör
669 1208 76 21 kunna
759 1207 98 21 belastas

99 1246 51 22 med
172 1246 69 28 några
261 1245 116 22 bestämda
394 1245 70 27 årliga
479 1244 78 27 bidrag
572 1243 33 21 till
621 1242 135 22 statsverket
771 1240 33 22 för
821 1242 35 19 än-

99 1280 83 28 damål,
201 1287 47 15 som
268 1282 37 19 äro
321 1279 34 22 för
371 1279 127 21 densamma
514 1278 91 21 alldeles
620 1276 147 27 fremmande,
784 1275 72 21 såsom

99 1314 134 28 dårvården,
253 1314 153 22 realskolorna
422 1313 39 21 och
476 1311 130 23 hästafveln.
637 1311 148 27 Domprosten
801 1308 55 21 Ren-

99 1349 44 22 vall
164 1349 40 21 har
219 1348 118 28 förmenat,
354 1350 32 20 att
403 1348 36 21 det
455 1347 18 27 ej
490 1346 121 22 tillkommo
626 1344 120 22 ständerne
763 1344 32 20 att
809 1341 48 22 häri

99 1383 111 28 uppställa
233 1384 70 26 några
321 1382 130 28 fordringar,
471 1388 49 14 men
537 1380 42 28 jag
598 1380 39 21 ber
654 1381 31 19 att
700 1377 23 22 få
739 1375 116 28 anmärka,

99 1421 32 19 att
147 1418 37 22 det
200 1417 36 23 vid
253 1418 66 22 slutet
336 1417 24 22 af
374 1416 41 22 den
427 1414 80 29 nädiga
518 1413 163 29 propositionen
692 1412 75 22 heter:
785 1410 74 28 ,Hans
