989 1756
772 133 40 21 681

91 195 71 28 mark,
179 195 64 22 hafva
259 196 110 28 anmärkt,
386 199 31 18 att
433 197 60 22 detta
503 197 170 29 uppenbarligen
685 205 50 15 vore
747 202 30 18 ett
788 199 52 20 min-

91 229 70 22 nesfel
177 230 24 21 af
214 232 87 25 prosten
316 230 107 28 Alopweus.

158 264 126 21 Professorn
306 264 119 22 Geitlin:
448 267 64 20 Emot
530 266 42 21 den
588 265 24 22 af
625 267 69 26 några
709 267 69 22 talare
794 267 45 28 hyl-

90 298 51 21 lade
164 298 66 27 åsigt,
253 300 32 20 att
307 299 110 22 slutorden
438 300 7 21 i
464 300 41 21 den
521 300 81 27 nådiga
617 301 171 28 propositionen,
806 309 34 14 om

89 333 62 22 Hans
173 333 114 28 Majestäts
311 333 65 28 afsigt
398 336 32 19 att
454 335 47 21 icke
524 335 66 21 binda
612 335 118 22 ständerna
745 336 7 21 i
768 336 72 21 denna

90 367 62 28 fråga
168 367 36 22 vid
219 368 39 21 bär
273 368 124 27 föreslagna
413 369 167 27 bestämningar,
599 369 83 26 ,skulle
698 369 91 23 hänföra
807 371 34 27 sig

90 402 32 21 till
147 403 49 21 hela
218 403 182 28 propositionen”,
427 403 32 22 får
477 404 50 27 jag,
551 404 138 28 åberopande
712 405 48 22 mitt
782 407 57 20 näst-

89 437 132 28 föregående
243 437 110 28 yttrande,
378 440 53 25 göra
454 438 41 21 den
519 438 153 28 anmärkning,
686 432 42 28 att
746 440 94 21 nämnde

89 472 58 27 åsigt
169 472 69 21 måste
261 472 89 21 bärröra
369 472 25 21 af
407 480 25 13 en
449 473 56 21 falsk
522 473 138 28 uppfattning
676 474 24 21 af
712 475 127 27 propositio-

90 513 53 14 nens
159 506 37 21 ord
213 506 40 21 och
270 506 101 21 innehåll.
402 507 34 20 Då
453 507 36 21 det
505 507 108 27 nemligen
630 514 49 21 pag.
696 509 12 20 3
725 507 68 22 heter:
818 510 22 24 ,I

89 541 226 22 ofverensstämmelse
331 540 48 22 med
394 541 64 21 ofvan
470 541 136 22 framställda
617 542 100 28 grunder,
729 542 39 22 har
779 543 59 21 Hans

89 575 124 28 Kejserliga
229 576 102 27 Majestät
347 575 57 22 velat
420 575 32 22 för
467 576 40 21 den
524 575 100 28 afsedda,
636 575 131 23 förändrade
779 585 60 21 orga-

89 610 118 21 nisationen
227 611 30 27 af
271 610 93 21 bankens
380 611 94 27 styrelse,
491 610 32 21 till
539 611 129 21 ständernas
683 611 101 28 pröfning
799 611 39 22 och

89 645 125 27 antagande
225 645 85 28 föreslå
325 644 97 28 följande
438 648 98 18 närmare
550 645 176 29 bestämningar",
747 646 39 21 och
803 646 36 21 vid

89 679 65 21 slutet
170 679 25 21 af
207 686 49 21 pag.
272 680 23 20 4:
318 679 73 27 ,Hans
410 679 113 28 Majestäts
538 679 66 28 afsigt
620 682 24 18 är
658 680 68 22 likväl
742 680 48 22 icke
806 683 32 19 att

88 714 67 21 binda
171 714 118 22 ständerna
305 713 35 23 vid
356 713 38 22 här
406 713 126 29 föreslagna
545 714 175 29 bestämningar",
732 716 24 20 sä
767 718 24 18 är
802 722 36 20 up-

88 749 100 28 penbart,
205 751 32 19 att
253 749 39 21 sist
307 748 91 22 anförda
414 749 38 21 ord
468 748 48 22 icke
532 749 73 21 kunna
620 748 66 22 hafva
697 749 103 22 afscende
811 750 28 27 pä

89 784 66 27 något
171 785 66 20 annat
253 786 27 19 än
293 783 47 28 just
356 782 65 22 dessa
437 783 161 29 bestämningar.
625 784 50 21 Helt
686 786 66 19 annat
764 786 24 19 är
798 784 40 22 för-

88 818 112 21 hällandet
223 818 49 22 med
296 818 27 21 de
344 818 13 20 &
376 824 50 21 pag.
446 820 11 18 2
474 818 130 21 omnämnda
620 818 134 29 nödvändiga
770 819 68 21 vilkor

88 854 36 20 och
135 852 113 29 förbehåll.
279 852 43 21 Det
337 854 24 18 är
377 852 125 28 otänkbart,
519 853 31 20 att
566 851 57 22 hvad
636 852 62 21 Hans
714 852 102 28 Majestät
832 852 5 21 i

88 894 26 15 en
138 887 132 28 proposition
293 886 105 22 förklarat
422 894 52 14 vara
494 904 8 9 ,
507 886 147 28 nödvändigt"
672 887 39 21 och
729 887 109 27 ,nödigt*,

88 922 49 21 kort
153 922 76 28 derpä,
252 922 7 20 i
275 928 83 15 samma
373 922 143 27 proposition,
540 920 70 22 skulle
626 921 108 21 förklaras
750 928 52 14 vara
817 922 25 21 af

89 956 69 22 sädan
175 956 160 28 beskaffenhet,
351 958 33 20 att
399 956 118 21 ständerna
533 955 44 22 deri
594 955 73 22 kunde
678 959 54 24 göra
743 956 39 22 och
793 956 45 21 läta

89 992 53 20 huru
158 990 56 22 helst
230 991 27 21 de
273 990 32 22 för
321 990 52 27 godt
388 990 63 22 finna.

157 1025 209 28 Kontraktsprosten
382 1025 100 21 Hellén
497 1024 87 29 yttrade
600 1026 32 20 att
647 1031 43 21 om,
707 1025 71 21 såsom
791 1032 47 20 pro-

89 1061 83 21 fossorn
189 1060 81 21 Geitlin
286 1059 108 28 uppfattat
416 1060 77 27 saken,
517 1059 37 21 det
568 1058 56 22 varit
640 1059 140 27 regeringens
796 1066 43 14 me-

89 1095 52 27 ning
163 1096 32 20 att
217 1094 118 22 ständerna
359 1093 77 22 endast
455 1094 57 27 finge
528 1093 80 22 föreslå
622 1093 152 26 förändringar
789 1093 6 21 i
812 1094 26 21 de

89 1129 24 21 af
125 1129 124 28 professorn
263 1128 80 22 Geitlin
355 1128 47 21 från
412 1128 118 28 kejserliga
542 1128 160 28 propositionen
715 1128 124 27 åberopade

90 1166 11 20 6
118 1171 91 21 momm.,
225 1170 49 15 men
290 1170 50 15 vore
357 1163 86 21 bundna
458 1163 24 21 af
494 1163 27 21 de
537 1163 12 21 å
566 1162 27 21 de
609 1162 36 21 två
655 1162 68 22 första
734 1162 105 22 sidorna
830 1158 13 38 i

89 1198 161 29 propositionen
267 1198 24 22 af
304 1198 126 27 regeringen
447 1198 77 27 gjorda
540 1197 115 27 förbehåll,
675 1197 25 21 så
715 1196 71 22 skulle
803 1197 36 21 det

89 1235 5 19 i
111 1240 84 15 samma
210 1232 133 29 proposition
359 1232 146 28 uttryckligen
521 1232 62 21 stått:
607 1233 31 19 att
654 1231 36 22 det
705 1232 68 20 likväl
789 1231 49 21 icke

89 1275 51 15 vore
163 1268 60 21 Hans
246 1267 114 28 Majestäts
384 1266 65 28 afsigt
472 1269 31 19 att
523 1266 67 22 binda
610 1266 119 21 ständerna
745 1266 5 21 i
768 1265 71 22 denna

89 1303 62 27 fråga
174 1303 36 21 vid
233 1302 27 22 de
280 1303 7 20 i
308 1301 156 22 ofvanstående
481 1303 11 20 6
509 1303 118 20 momenter
641 1300 90 27 intagna
746 1301 92 20 bestäm-

89 1337 88 28 ningar;
193 1344 48 14 men
257 1337 28 21 då
301 1336 60 22 detta
375 1343 28 15 nu
420 1336 18 27 cj
456 1343 38 14 var
509 1336 69 26 fallet,
596 1335 24 22 så
636 1335 69 21 måste
720 1334 120 22 ständerna

89 1379 65 14 anses
175 1379 52 14 vara
243 1371 136 27 berättigade
394 1373 33 18 att
440 1373 58 24 yttra
514 1370 34 27 sig
564 1369 59 22 öfver
638 1369 69 21 saken
722 1369 7 21 i
746 1369 32 21 sin
794 1368 45 21 hel-

89 1405 43 22 het.
163 1405 63 21 Hvad
249 1405 46 20 åter
318 1404 98 21 bankens
440 1404 24 20 af
483 1402 123 29 professorn
628 1402 80 21 Geitlin
730 1401 109 22 omtalade

89 1439 58 22 vinst
161 1438 90 29 angick,
268 1438 25 22 så
309 1438 50 22 ville
374 1437 204 28 kontraktsprosten
594 1436 114 27 anmärka,
725 1437 32 20 att
768 1434 71 23 denna
