989 1784
173 142 40 20 468

214 206 33 20 3:0
265 204 135 21 beträffande
416 203 201 27 fridlysningstiden
633 204 32 20 för
681 203 80 28 nyttigt
776 202 117 28 villebråd,

145 240 65 20 hafva
232 238 154 28 ridderskapet
408 238 38 21 och
470 238 64 22 adeln
553 238 69 27 jemte
641 238 161 27 prestaständet
821 239 73 20 ansett

145 274 99 26 bäfvern,
267 273 47 21 lika
336 272 49 22 med
407 272 57 21 hvad
483 272 32 22 för
535 272 63 27 elgen
618 272 133 27 föreslagits,
773 272 121 22 tillsvidare

146 308 52 22 böra
220 314 53 15 vara
294 307 46 21 helt
362 306 40 22 och
425 306 67 22 hållet
513 306 92 28 fridlyst.
639 306 80 28 Jagten
735 306 13 22 &
762 306 68 28 öfrige
846 306 48 28 djur

146 343 75 27 borde,
245 342 68 27 enligt
335 343 81 26 presta-
440 341 39 21 och
501 340 178 22 bondeståndens
699 341 57 28 äsigt
772 340 121 28 förbjudas,

145 377 33 22 för
197 376 109 28 rapphöns
326 376 48 21 frän
394 375 41 22 den
457 376 26 20 15
499 376 116 21 november
630 375 32 21 till
679 375 41 21 den
737 377 10 20 1
764 376 129 27 september,

145 411 33 21 för
193 410 105 28 gräsand,
314 416 53 16 svan
384 409 39 22 och
439 409 84 27 vildgäs
539 409 48 22 frän
602 410 42 20 den
661 410 26 20 15
702 416 57 15 mars
770 410 32 21 till
814 409 41 22 den
868 410 25 21 15

142 445 42 27 juli
204 447 58 19 samt
278 444 34 22 för
327 446 67 19 annat
409 444 80 27 nyttigt
503 444 107 22 villebräd
625 443 47 22 frän
689 444 41 21 den
747 445 25 21 15
788 451 58 15 mars
862 444 32 22 till

146 479 42 21 den
212 480 26 20 10
260 478 96 28 augusti,
379 478 112 21 hvaremot
510 478 181 27 borgareständet
709 478 58 22 velat
782 478 113 22 utsträcka

146 512 203 29 fridlysningstiden
364 511 34 22 för
413 511 125 27 skogsfägel
554 512 33 21 till
603 512 41 21 den
661 512 25 21 15
703 512 85 27 augusti
805 512 39 22 och
862 512 34 21 för

145 547 92 27 sjöfägel
253 547 33 21 till
302 546 42 22 den
361 547 10 20 1
386 546 96 28 augusti,
493 546 112 22 äfvensom
615 546 153 28 ridderskapet
778 546 40 22 och
830 546 64 22 adeln

147 582 93 21 bestämt
262 581 167 27 ifrågavarande
452 580 41 28 tid,
516 580 33 22 för
567 580 109 28 rapphöns
694 580 47 22 från
757 580 42 22 den
816 581 25 21 15
857 588 37 14 no-

146 616 87 22 vember
247 616 33 21 till
296 615 41 21 den
353 616 11 20 1
381 615 127 28 september,
524 615 33 21 för
570 615 117 28 morkulla,
699 614 195 29 dubbelbeckasin,

147 657 63 21 svan,
228 650 87 27 vildgäs
330 650 40 21 och
386 649 61 28 ejder
461 649 46 21 från
524 649 41 22 den
582 650 26 20 15
624 656 57 15 mars
697 649 32 22 till
745 650 41 21 den
803 650 26 21 15
841 650 54 28 juli,

147 687 55 19 samt
217 684 38 28 för!
265 684 93 28 vildren,
379 684 61 27 hare,
461 684 78 27 tjäder,
559 690 57 20 orre,
633 683 84 29 hjerpe,
733 684 47 28 ripa
795 684 40 22 och
851 684 44 22 alla

146 720 60 26 slags
221 718 68 22 änder
304 718 48 21 från
368 718 41 21 den
426 718 25 21 15
467 724 57 15 mars
539 718 33 21 till
588 718 42 21 den
647 719 26 20 10
689 719 95 27 augusti;

214 754 42 23 4:0'
267 748 84 36 böterne
368 752 32 21 för
416 752 41 22 den
473 759 45 15 som
531 752 66 28 jagar
611 752 37 28 elg
662 752 66 22 hafva
742 752 153 28 ridderskapet

147 787 39 22 och
206 786 66 25 adeln
292 788 57 20 samt
368 786 161 28 prestaständet
544 787 59 21 velat
618 786 85 28 förhöja
718 786 32 22 till
766 787 129 21 femhundra

146 822 71 27 mark,
233 815 112 29 hvaremot
360 820 27 22 de
403 821 69 27 öfriga
487 820 103 29 stånden,
605 820 8 21 i
629 820 60 22 detta
704 821 137 27 hänseende,
857 828 37 14 an-

147 858 41 20 sett
204 856 38 22 det
253 852 11 33 i
278 854 143 28 lagförslaget
437 855 106 27 stadgade
557 855 78 28 högsta
645 855 166 29 bötesbeloppet
822 856 24 21 af
854 858 39 19 ett-

147 890 83 22 hundra
244 888 63 25 mark
323 889 19 28 ej
358 889 52 22 böra
426 889 157 28 öfverskridas;

214 924 74 30 5:0;af
300 924 61 22 såväl
376 924 152 28 ridderskapet
543 924 40 22 och
599 924 65 22 adeln
676 931 45 15 som
733 925 162 28 prestaständet

147 963 23 19 är
190 959 102 28 slutligen
312 959 42 22 den
373 959 84 22 önskan
472 959 106 28 uttryckt,
600 961 33 20 att
647 959 7 22 i
670 959 37 22 det
722 959 111 22 blifvande
848 960 46 27 lag-

145 994 111 28 förslaget.
262 994 84 28 jemväl
361 994 67 21 måtte
443 994 52 27 ingå
509 996 30 19 ett
555 994 122 27 stadgande
693 994 88 28 derom,
791 996 32 20 att
834 1001 60 22 grop,

147 1036 49 21 sax,
211 1024 66 27 snata
292 1028 54 21 eller
360 1035 72 14 annan
447 1028 34 22 för
495 1029 125 21 menniskor
635 1029 39 21 och
689 1029 91 28 husdjur
794 1029 101 27 lifsfarlig

147 1063 81 22 anstalt
243 1062 33 23 till
288 1062 51 27 jagt
354 1062 39 21 och
410 1062 100 27 djurfång
525 1062 49 21 icke
589 1062 46 27 må,
651 1065 52 19 utan
715 1063 179 27 jordinnehafva-

147 1104 34 15 res
192 1096 108 28 tillstånd,
314 1097 112 26 begagnas
437 1097 13 20 å
461 1103 84 15 annans
555 1097 71 27 mark;
637 1103 49 15 men
697 1097 114 28 angående
823 1097 72 22 denna

147 1131 161 27 omständighet
322 1130 67 22 hafva
404 1130 28 22 de
447 1131 37 21 två
499 1131 70 27 öfriga
583 1131 92 22 stånden
692 1131 19 27 ej
727 1134 68 25 yttrat
810 1131 40 28 sig.

213 1165 11 21 I
244 1165 110 29 anseende
374 1165 33 20 till
425 1165 42 21 den
483 1165 92 21 sålunda
590 1165 92 21 stånden
699 1165 92 22 emellan
806 1166 88 27 yppade

147 1198 161 28 skiljaktighet,
322 1198 89 21 hvilken
427 1198 242 28 expeditionsutskottet
685 1205 63 16 anser
760 1201 76 25 utgöra
847 1200 46 21 hin-

147 1233 38 21 der
202 1233 33 22 för
252 1232 129 22 affattandet
396 1233 25 20 af
434 1235 30 19 ett
479 1235 135 25 gemensamt
629 1233 72 21 beslut
716 1233 6 21 i
738 1233 119 28 anledning
872 1234 26 21 af

146 1264 160 29 ofvannäninde
321 1266 81 27 nådiga
418 1267 140 28 proposition,
580 1267 33 21 får
627 1267 106 22 utskottet
748 1267 39 22 hos
802 1267 91 28 högvör-

147 1301 51 26 diga
212 1294 162 35 prestaståndet
388 1301 89 21 anhålla
491 1308 34 14 om
541 1301 42 22 den
601 1301 87 28 åtgärd,
705 1301 86 22 hvartill
807 1302 88 22 beskaf-

145 1334 102 21 fenheten
262 1334 44 20 ikan
321 1333 133 22 föranleda.”

145 1435 79 21 komne
240 1435 208 27 protokollsutdrag:
