989 1742
781 137 41 23 283

100 201 46 30 liga
160 202 92 28 'insigter
267 205 57 21 samt
339 203 139 29 grundligare
492 203 147 23 förberedelse
654 203 32 23 för
701 204 37 22 sitt
756 204 94 23 lefnads-

100 237 55 29 kall,
177 237 40 22 och
236 238 76 21 hvilka
327 238 7 21 i
350 238 69 28 grund
435 238 65 22 deraf
511 238 155 22 företrädesvis
681 238 65 22 vinna
762 240 88 21 anställ-

99 272 54 27 ning
167 271 38 21 vid
219 272 28 22 de
262 272 67 27 högre
344 272 190 28 lärareplatserna,
551 272 64 22 äfven
631 272 35 21 mä
681 272 33 22 för
726 273 66 21 dessa
803 274 49 20 sina

99 305 148 29 uppoffringar
263 305 153 29 tillgodonjuta
431 306 71 27 nägon
518 306 120 27 ersättning
654 306 40 21 och
707 308 144 26 uppmuntran

99 346 79 22 genom
199 347 26 14 en
246 340 7 21 i
273 340 44 22 viss
337 339 55 29 grad
410 340 68 28 högre
496 337 106 31 aflöning,
625 342 72 20 ansett
712 340 76 28 nödigt
803 341 7 21 i
827 341 25 21 sä

99 374 69 22 måtto
189 374 111 28 tillstyrka
322 374 126 28 förändring
471 374 25 22 af
515 374 27 22 de
562 374 7 22 i
588 374 119 29 petitionen
725 374 127 28 föreslagna

99 408 169 29 lönebeloppen,
292 411 32 19 att
339 408 27 22 de
381 409 70 23 skulle
467 410 52 27 utgå
534 409 7 21 i
557 410 31 21 tre
604 409 90 28 klasser,
711 409 33 22 för
758 409 71 22 lärare
844 409 8 21 i

99 443 147 29 vetenskaper
265 444 39 21 och
323 443 66 28 språk
405 444 37 21 vid
457 443 125 29 gymnasier
596 443 39 21 och
652 443 141 28 fullständiga
809 444 42 21 ele-

100 477 187 22 mentarläroverk
302 477 49 22 med
367 478 41 21 150
422 480 79 19 tunnor
514 478 8 22 i
537 479 31 20 ett
583 477 33 22 för
630 477 48 28 allt,
691 477 33 22 för
734 478 70 21 lärare
815 477 37 22 vid

101 512 67 28 högre
189 512 128 22 elementar-
336 512 40 22 och
394 512 220 22 fruntimmersskolor
629 511 108 22 likaledes
752 512 7 21 i
775 514 31 19 ett
820 512 33 21 för

101 546 39 22 allt
158 546 51 22 med
228 547 41 21 120
284 548 84 27 tunnor,
391 548 57 20 samt
462 546 34 22 för
510 546 70 22 lärare
596 546 37 21 vid
649 546 60 28 lägre
725 546 127 22 elementar-

101 581 79 28 skolor,
203 580 76 23 hvilka
297 580 88 23 framför
400 581 28 21 de
443 580 58 23 förra
516 580 64 22 hafva
595 580 112 22 förmånen
723 580 25 21 af
760 580 41 22 fria
816 580 38 22 bo-

101 615 111 27 ningsrum
231 615 53 22 eller
303 614 146 29 hyresmedel,
470 617 56 20 samt
542 615 54 21 efter
609 614 133 28 skicklighet
757 614 39 22 och
812 614 41 22 för-

101 649 68 29 tjenst
184 650 73 22 kunna
274 649 111 22 befordras
400 649 32 22 till
448 649 28 22 de
490 649 68 27 högre
573 649 139 27 läroverken,
733 650 27 20 80
776 651 78 19 tunnor

101 684 124 28 spannmål,
246 684 50 22 med
317 684 109 22 successiv
441 683 124 29 förhöjning
580 683 32 21 för
630 689 27 16 en
672 683 60 27 hvar,
753 683 7 21 i
775 683 79 21 förhål-

101 719 66 21 lande
190 718 32 22 till
245 718 150 29 tjenstetiden,
419 718 69 28 enligt
507 718 27 21 de
554 718 7 21 i
582 717 119 29 petitionen
718 717 137 22 framställda

102 754 101 28 grunder.

169 789 72 21 Jemte
264 788 38 22 det
324 788 114 28 utskottet,
462 787 49 22 med
530 786 196 30 nyssomförmälda
742 786 112 22 modifika-

102 823 55 28 tion,
180 822 33 22 får
235 823 28 28 på
286 822 37 22 det
345 822 130 28 kraftigaste
495 821 111 29 tillstyrka
622 823 32 20 att
669 820 37 22 det
720 820 135 28 högvördiga

103 857 88 22 ståndet
212 857 51 22 ville
285 857 86 22 besluta
394 856 32 22 till
450 864 26 13 en
496 855 137 28 underdånig
648 854 90 29 petition
755 855 6 20 i
778 854 78 28 antydt

103 891 66 28 syfte,
185 898 65 15 anser
266 891 105 22 utskottet
386 890 87 29 tjenligt
488 892 32 20 att
535 897 57 20 resp.
607 889 143 22 medstånden
767 888 32 21 till
811 888 44 21 del-

103 925 96 29 tagande
215 926 46 22 deri
277 925 109 29 inbjudas,
403 926 111 21 äfvensom
530 927 33 19 att
577 924 71 22 denna
658 923 34 22 för
702 922 154 23 fosterlandets

103 960 88 23 framtid
206 960 168 29 betydelsefulla
389 960 72 28 fråga,
478 960 7 21 i
500 959 104 22 afseende
620 959 13 21 å
648 958 75 22 vidare
736 957 120 28 handlägg-

104 996 61 27 ning,
182 995 32 22 till
230 995 104 22 ständens
350 995 111 22 allmänna
476 993 174 23 besvärsutskott
665 992 151 23 öfverlemnas.

173 1029 217 29 Remissprotokollet
406 1029 123 22 äterställes
545 1027 127 29 härjemte.*

174 1065 89 22 Hvilket
278 1065 39 21 allt
333 1064 32 22 till
380 1064 132 29 protokollet
527 1062 156 22 antecknades.

175 1099 92 22 Ständet
283 1098 115 29 ätskiljdes
414 1099 95 21 klockan
525 1097 48 22 half
586 1097 32 22 till
634 1096 36 22 nio
686 1103 34 14 om
734 1095 94 22 aftonen.

618 1132 19 16 In
651 1130 60 18 fidem:

531 1160 50 19 And.
596 1159 54 20 John
668 1158 121 24 Hornborg.

170 1289 150 38 Fredagen
341 1289 55 28 den
418 1290 17 25 5
456 1287 123 28 februari
599 1286 41 27 kl.
662 1281 38 32 10
721 1285 18 26 f£.
761 1295 36 17 m.

178 1341 90 21 Plenum
296 1339 112 28 öppnades
434 1338 50 23 med
510 1337 25 22 af
558 1336 153 29 kyrkoherden
734 1335 126 27 Rosengren

109 1375 73 20 hållen
199 1374 49 21 bön.

178 1407 42 22 Vid
240 1407 54 22 härä
314 1406 64 22 skedt
400 1413 83 21 upprop
508 1405 105 22 befunnos
638 1402 114 28 samtelige
775 1401 86 22 ständs-

113 1443 169 23 medlemmarne
302 1440 137 25 närvarande
458 1439 49 24 med
523 1439 112 28 undantag
650 1437 25 24 af
686 1436 107 31 biskopen
809 1434 53 24 dak-
