<?xml version="1.0" encoding="UTF-8"?>
<alto xmlns="http://www.loc.gov/standards/alto/ns-v3#" xmlns:xlink="http://www.w3.org/1999/xlink" xmlns:xsi="http://www.w3.org/2001/XMLSchema-instance" xsi:schemaLocation="http://www.loc.gov/standards/alto/ns-v3# http://www.loc.gov/alto/v3/alto-3-0.xsd">
	<Description>
		<MeasurementUnit>pixel</MeasurementUnit>
		<sourceImageInformation>
			<fileName>/tmp/tess_c73dzucn_input.PNG</fileName>
		</sourceImageInformation>
		<OCRProcessing ID="OCR_0">
			<ocrProcessingStep>
				<processingSoftware>
					<softwareName>tesseract 5.3.4</softwareName>
				</processingSoftware>
			</ocrProcessingStep>
		</OCRProcessing>
	</Description>
	<Layout>
		<Page WIDTH="986" HEIGHT="1781" PHYSICAL_IMG_NR="0" ID="page_0">
			<PrintSpace HPOS="0" VPOS="0" WIDTH="986" HEIGHT="1781">
				<ComposedBlock ID="cblock_0" HPOS="736" VPOS="145" WIDTH="40" HEIGHT="21">
					<TextBlock ID="block_0" HPOS="736" VPOS="145" WIDTH="40" HEIGHT="21">
						<TextLine ID="line_0" HPOS="736" VPOS="145" WIDTH="40" HEIGHT="21">
							<String ID="string_0" HPOS="736" VPOS="145" WIDTH="40" HEIGHT="21" WC="0.77" CONTENT="78%"/>
						</TextLine>
					</TextBlock>
				</ComposedBlock>
				<ComposedBlock ID="cblock_1" HPOS="62" VPOS="209" WIDTH="746" HEIGHT="1024">
					<TextBlock ID="block_1" HPOS="62" VPOS="209" WIDTH="743" HEIGHT="96">
						<TextLine ID="line_1" HPOS="130" VPOS="209" WIDTH="675" HEIGHT="29">
							<String ID="string_1" HPOS="130" VPOS="209" WIDTH="54" HEIGHT="22" WC="0.89" CONTENT="Herr"/><SP WIDTH="21" VPOS="209" HPOS="184"/>
							<String ID="string_2" HPOS="205" VPOS="210" WIDTH="137" HEIGHT="21" WC="0.91" CONTENT="talemannen"/><SP WIDTH="23" VPOS="210" HPOS="342"/>
							<String ID="string_3" HPOS="365" VPOS="210" WIDTH="50" HEIGHT="22" WC="0.93" CONTENT="ville"/><SP WIDTH="19" VPOS="210" HPOS="415"/>
							<String ID="string_4" HPOS="434" VPOS="210" WIDTH="69" HEIGHT="21" WC="0.93" CONTENT="erinra"/><SP WIDTH="19" VPOS="210" HPOS="503"/>
							<String ID="string_5" HPOS="522" VPOS="211" WIDTH="42" HEIGHT="27" WC="0.95" CONTENT="sig,"/><SP WIDTH="17" VPOS="211" HPOS="564"/>
							<String ID="string_6" HPOS="581" VPOS="212" WIDTH="31" HEIGHT="19" WC="0.93" CONTENT="att"/><SP WIDTH="15" VPOS="212" HPOS="612"/>
							<String ID="string_7" HPOS="627" VPOS="211" WIDTH="178" HEIGHT="27" WC="0.91" CONTENT="borgareständet"/>
						</TextLine>
						<TextLine ID="line_2" HPOS="62" VPOS="243" WIDTH="743" HEIGHT="29">
							<String ID="string_8" HPOS="62" VPOS="243" WIDTH="69" HEIGHT="21" WC="0.93" CONTENT="redan"/><SP WIDTH="15" VPOS="243" HPOS="131"/>
							<String ID="string_9" HPOS="146" VPOS="244" WIDTH="88" HEIGHT="21" WC="0.91" CONTENT="beslutit"/><SP WIDTH="16" VPOS="244" HPOS="234"/>
							<String ID="string_10" HPOS="250" VPOS="246" WIDTH="31" HEIGHT="19" WC="0.96" CONTENT="att"/><SP WIDTH="15" VPOS="246" HPOS="281"/>
							<String ID="string_11" HPOS="296" VPOS="244" WIDTH="49" HEIGHT="21" WC="0.93" CONTENT="med"/><SP WIDTH="13" VPOS="244" HPOS="345"/>
							<String ID="string_12" HPOS="358" VPOS="244" WIDTH="135" HEIGHT="28" WC="0.91" CONTENT="underdänig"/><SP WIDTH="15" VPOS="244" HPOS="493"/>
							<String ID="string_13" HPOS="508" VPOS="245" WIDTH="89" HEIGHT="27" WC="0.92" CONTENT="petition"/><SP WIDTH="17" VPOS="245" HPOS="597"/>
							<String ID="string_14" HPOS="614" VPOS="245" WIDTH="73" HEIGHT="22" WC="0.93" CONTENT="härom"/><SP WIDTH="16" VPOS="245" HPOS="687"/>
							<String ID="string_15" HPOS="703" VPOS="246" WIDTH="32" HEIGHT="21" WC="0.96" CONTENT="till"/><SP WIDTH="10" VPOS="246" HPOS="735"/>
							<String ID="string_16" HPOS="745" VPOS="247" WIDTH="60" HEIGHT="21" WC="0.96" CONTENT="Hans"/>
						</TextLine>
						<TextLine ID="line_3" HPOS="63" VPOS="277" WIDTH="312" HEIGHT="28">
							<String ID="string_17" HPOS="63" VPOS="277" WIDTH="124" HEIGHT="28" WC="0.92" CONTENT="Kejserliga"/><SP WIDTH="15" VPOS="277" HPOS="187"/>
							<String ID="string_18" HPOS="202" VPOS="278" WIDTH="102" HEIGHT="27" WC="0.92" CONTENT="Majestät"/><SP WIDTH="15" VPOS="278" HPOS="304"/>
							<String ID="string_19" HPOS="319" VPOS="279" WIDTH="56" HEIGHT="26" WC="0.92" CONTENT="ingä."/>
						</TextLine>
					</TextBlock>
					<TextBlock ID="block_2" HPOS="63" VPOS="312" WIDTH="742" HEIGHT="91">
						<TextLine ID="line_4" HPOS="128" VPOS="312" WIDTH="677" HEIGHT="29">
							<String ID="string_20" HPOS="128" VPOS="313" WIDTH="126" HEIGHT="20" WC="0.96" CONTENT="Professorn"/><SP WIDTH="16" VPOS="313" HPOS="254"/>
							<String ID="string_21" HPOS="270" VPOS="312" WIDTH="142" HEIGHT="22" WC="0.93" CONTENT="Schauman"/><SP WIDTH="16" VPOS="312" HPOS="412"/>
							<String ID="string_22" HPOS="428" VPOS="313" WIDTH="114" HEIGHT="27" WC="0.89" CONTENT="bejakade,"/><SP WIDTH="9" VPOS="313" HPOS="542"/>
							<String ID="string_23" HPOS="551" VPOS="315" WIDTH="32" HEIGHT="19" WC="0.93" CONTENT="att"/><SP WIDTH="11" VPOS="315" HPOS="583"/>
							<String ID="string_24" HPOS="594" VPOS="313" WIDTH="61" HEIGHT="28" WC="0.96" CONTENT="fråga"/><SP WIDTH="11" VPOS="313" HPOS="655"/>
							<String ID="string_25" HPOS="666" VPOS="314" WIDTH="74" HEIGHT="21" WC="0.93" CONTENT="härom"/><SP WIDTH="10" VPOS="314" HPOS="740"/>
							<String ID="string_26" HPOS="750" VPOS="314" WIDTH="55" HEIGHT="22" WC="0.0" CONTENT="före"/>
						</TextLine>
						<TextLine ID="line_5" HPOS="63" VPOS="346" WIDTH="742" HEIGHT="29">
							<String ID="string_27" HPOS="63" VPOS="346" WIDTH="56" HEIGHT="21" WC="0.96" CONTENT="varit"/><SP WIDTH="20" VPOS="346" HPOS="119"/>
							<String ID="string_28" HPOS="139" VPOS="347" WIDTH="7" HEIGHT="20" WC="0.93" CONTENT="i"/><SP WIDTH="20" VPOS="347" HPOS="146"/>
							<String ID="string_29" HPOS="166" VPOS="347" WIDTH="187" HEIGHT="27" WC="0.89" CONTENT="borgareständet,"/><SP WIDTH="23" VPOS="347" HPOS="353"/>
							<String ID="string_30" HPOS="376" VPOS="354" WIDTH="48" HEIGHT="14" WC="0.96" CONTENT="men"/><SP WIDTH="22" VPOS="354" HPOS="424"/>
							<String ID="string_31" HPOS="446" VPOS="347" WIDTH="55" HEIGHT="21" WC="0.96" CONTENT="hade"/><SP WIDTH="21" VPOS="347" HPOS="501"/>
							<String ID="string_32" HPOS="522" VPOS="347" WIDTH="34" HEIGHT="27" WC="0.93" CONTENT="sig"/><SP WIDTH="20" VPOS="347" HPOS="556"/>
							<String ID="string_33" HPOS="576" VPOS="347" WIDTH="19" HEIGHT="28" WC="0.96" CONTENT="ej"/><SP WIDTH="16" VPOS="347" HPOS="595"/>
							<String ID="string_34" HPOS="611" VPOS="347" WIDTH="82" HEIGHT="22" WC="0.96" CONTENT="bekant"/><SP WIDTH="14" VPOS="347" HPOS="693"/>
							<String ID="string_35" HPOS="707" VPOS="349" WIDTH="31" HEIGHT="20" WC="0.93" CONTENT="uti"/><SP WIDTH="14" VPOS="349" HPOS="738"/>
							<String ID="string_36" HPOS="752" VPOS="349" WIDTH="53" HEIGHT="21" WC="0.86" CONTENT="hvil-"/>
						</TextLine>
						<TextLine ID="line_6" HPOS="63" VPOS="380" WIDTH="689" HEIGHT="23">
							<String ID="string_37" HPOS="63" VPOS="380" WIDTH="42" HEIGHT="21" WC="0.96" CONTENT="ken"/><SP WIDTH="16" VPOS="380" HPOS="105"/>
							<String ID="string_38" HPOS="121" VPOS="380" WIDTH="53" HEIGHT="21" WC="0.93" CONTENT="form"/><SP WIDTH="16" VPOS="380" HPOS="174"/>
							<String ID="string_39" HPOS="190" VPOS="381" WIDTH="87" HEIGHT="21" WC="0.92" CONTENT="ständet"/><SP WIDTH="15" VPOS="381" HPOS="277"/>
							<String ID="string_40" HPOS="292" VPOS="381" WIDTH="86" HEIGHT="21" WC="0.89" CONTENT="heslutit"/><SP WIDTH="16" VPOS="381" HPOS="378"/>
							<String ID="string_41" HPOS="394" VPOS="383" WIDTH="31" HEIGHT="19" WC="0.93" CONTENT="att"/><SP WIDTH="16" VPOS="383" HPOS="425"/>
							<String ID="string_42" HPOS="441" VPOS="381" WIDTH="120" HEIGHT="21" WC="0.92" CONTENT="framställa"/><SP WIDTH="15" VPOS="381" HPOS="561"/>
							<String ID="string_43" HPOS="576" VPOS="381" WIDTH="71" HEIGHT="21" WC="0.93" CONTENT="denna"/><SP WIDTH="14" VPOS="381" HPOS="647"/>
							<String ID="string_44" HPOS="661" VPOS="382" WIDTH="91" HEIGHT="21" WC="0.90" CONTENT="önskan."/>
						</TextLine>
					</TextBlock>
					<TextBlock ID="block_3" HPOS="62" VPOS="415" WIDTH="744" HEIGHT="130">
						<TextLine ID="line_7" HPOS="128" VPOS="415" WIDTH="677" HEIGHT="28">
							<String ID="string_45" HPOS="128" VPOS="415" WIDTH="90" HEIGHT="21" WC="0.91" CONTENT="Prosten"/><SP WIDTH="20" VPOS="415" HPOS="218"/>
							<String ID="string_46" HPOS="238" VPOS="415" WIDTH="26" HEIGHT="21" WC="0.95" CONTENT="H."/><SP WIDTH="21" VPOS="415" HPOS="264"/>
							<String ID="string_47" HPOS="285" VPOS="415" WIDTH="100" HEIGHT="21" WC="0.93" CONTENT="Heikel"/><SP WIDTH="19" VPOS="415" HPOS="385"/>
							<String ID="string_48" HPOS="404" VPOS="416" WIDTH="78" HEIGHT="27" WC="0.96" CONTENT="ansåg,"/><SP WIDTH="16" VPOS="416" HPOS="482"/>
							<String ID="string_49" HPOS="498" VPOS="417" WIDTH="31" HEIGHT="19" WC="0.93" CONTENT="att"/><SP WIDTH="16" VPOS="417" HPOS="529"/>
							<String ID="string_50" HPOS="545" VPOS="415" WIDTH="83" HEIGHT="22" WC="0.96" CONTENT="önskan"/><SP WIDTH="16" VPOS="415" HPOS="628"/>
							<String ID="string_51" HPOS="644" VPOS="415" WIDTH="72" HEIGHT="22" WC="0.96" CONTENT="härom"/><SP WIDTH="16" VPOS="415" HPOS="716"/>
							<String ID="string_52" HPOS="732" VPOS="416" WIDTH="73" HEIGHT="21" WC="0.96" CONTENT="kunde"/>
						</TextLine>
						<TextLine ID="line_8" HPOS="62" VPOS="449" WIDTH="743" HEIGHT="28">
							<String ID="string_53" HPOS="62" VPOS="449" WIDTH="31" HEIGHT="21" WC="0.92" CONTENT="uti"/><SP WIDTH="21" VPOS="449" HPOS="93"/>
							<String ID="string_54" HPOS="114" VPOS="451" WIDTH="72" HEIGHT="19" WC="0.93" CONTENT="svaret"/><SP WIDTH="20" VPOS="451" HPOS="186"/>
							<String ID="string_55" HPOS="206" VPOS="449" WIDTH="13" HEIGHT="21" WC="0.92" CONTENT="&amp;"/><SP WIDTH="18" VPOS="449" HPOS="219"/>
							<String ID="string_56" HPOS="237" VPOS="449" WIDTH="118" HEIGHT="27" WC="0.92" CONTENT="kejserliga"/><SP WIDTH="19" VPOS="449" HPOS="355"/>
							<String ID="string_57" HPOS="374" VPOS="449" WIDTH="160" HEIGHT="28" WC="0.93" CONTENT="propositionen"/><SP WIDTH="16" VPOS="449" HPOS="534"/>
							<String ID="string_58" HPOS="550" VPOS="449" WIDTH="89" HEIGHT="27" WC="0.93" CONTENT="uttalas,"/><SP WIDTH="15" VPOS="449" HPOS="639"/>
							<String ID="string_59" HPOS="654" VPOS="451" WIDTH="73" HEIGHT="20" WC="0.92" CONTENT="säsom"/><SP WIDTH="15" VPOS="451" HPOS="727"/>
							<String ID="string_60" HPOS="742" VPOS="450" WIDTH="63" HEIGHT="22" WC="0.92" CONTENT="äfven"/>
						</TextLine>
						<TextLine ID="line_9" HPOS="63" VPOS="483" WIDTH="743" HEIGHT="28">
							<String ID="string_61" HPOS="63" VPOS="483" WIDTH="29" HEIGHT="21" WC="0.93" CONTENT="dä"/><SP WIDTH="19" VPOS="483" HPOS="92"/>
							<String ID="string_62" HPOS="111" VPOS="483" WIDTH="76" HEIGHT="27" WC="0.96" CONTENT="frågan"/><SP WIDTH="21" VPOS="483" HPOS="187"/>
							<String ID="string_63" HPOS="208" VPOS="490" WIDTH="33" HEIGHT="14" WC="0.93" CONTENT="om"/><SP WIDTH="16" VPOS="490" HPOS="241"/>
							<String ID="string_64" HPOS="257" VPOS="483" WIDTH="149" HEIGHT="27" WC="0.69" CONTENT="sirafflagarne"/><SP WIDTH="15" VPOS="483" HPOS="406"/>
							<String ID="string_65" HPOS="421" VPOS="484" WIDTH="8" HEIGHT="20" WC="0.93" CONTENT="i"/><SP WIDTH="15" VPOS="484" HPOS="429"/>
							<String ID="string_66" HPOS="444" VPOS="483" WIDTH="86" HEIGHT="22" WC="0.93" CONTENT="ståndet"/><SP WIDTH="15" VPOS="483" HPOS="530"/>
							<String ID="string_67" HPOS="545" VPOS="483" WIDTH="90" HEIGHT="28" WC="0.90" CONTENT="förevar,"/><SP WIDTH="16" VPOS="483" HPOS="635"/>
							<String ID="string_68" HPOS="651" VPOS="484" WIDTH="7" HEIGHT="21" WC="0.93" CONTENT="i"/><SP WIDTH="16" VPOS="484" HPOS="658"/>
							<String ID="string_69" HPOS="674" VPOS="484" WIDTH="102" HEIGHT="22" WC="0.93" CONTENT="afseende"/><SP WIDTH="17" VPOS="484" HPOS="776"/>
							<String ID="string_70" HPOS="793" VPOS="485" WIDTH="13" HEIGHT="20" WC="0.91" CONTENT="ä"/>
						</TextLine>
						<TextLine ID="line_10" HPOS="64" VPOS="517" WIDTH="649" HEIGHT="28">
							<String ID="string_71" HPOS="64" VPOS="518" WIDTH="121" HEIGHT="27" WC="0.96" CONTENT="ersättning"/><SP WIDTH="14" VPOS="518" HPOS="185"/>
							<String ID="string_72" HPOS="199" VPOS="517" WIDTH="33" HEIGHT="22" WC="0.93" CONTENT="för"/><SP WIDTH="14" VPOS="517" HPOS="232"/>
							<String ID="string_73" HPOS="246" VPOS="517" WIDTH="142" HEIGHT="28" WC="0.92" CONTENT="mälsägande"/><SP WIDTH="16" VPOS="517" HPOS="388"/>
							<String ID="string_74" HPOS="404" VPOS="518" WIDTH="39" HEIGHT="21" WC="0.93" CONTENT="och"/><SP WIDTH="15" VPOS="518" HPOS="443"/>
							<String ID="string_75" HPOS="458" VPOS="518" WIDTH="82" HEIGHT="21" WC="0.92" CONTENT="vittnen"/><SP WIDTH="15" VPOS="518" HPOS="540"/>
							<String ID="string_76" HPOS="555" VPOS="518" WIDTH="47" HEIGHT="21" WC="0.91" CONTENT="blef"/><SP WIDTH="12" VPOS="518" HPOS="602"/>
							<String ID="string_77" HPOS="614" VPOS="518" WIDTH="99" HEIGHT="22" WC="0.96" CONTENT="beslutet."/>
						</TextLine>
					</TextBlock>
					<TextBlock ID="block_4" HPOS="62" VPOS="552" WIDTH="745" HEIGHT="301">
						<TextLine ID="line_11" HPOS="128" VPOS="552" WIDTH="678" HEIGHT="29">
							<String ID="string_78" HPOS="128" VPOS="552" WIDTH="125" HEIGHT="22" WC="0.91" CONTENT="Professorn"/><SP WIDTH="17" VPOS="552" HPOS="253"/>
							<String ID="string_79" HPOS="270" VPOS="552" WIDTH="155" HEIGHT="21" WC="0.96" CONTENT="Schauman"/><SP WIDTH="15" VPOS="552" HPOS="425"/>
							<String ID="string_80" HPOS="440" VPOS="553" WIDTH="50" HEIGHT="20" WC="0.93" CONTENT="ville"/><SP WIDTH="15" VPOS="553" HPOS="490"/>
							<String ID="string_81" HPOS="505" VPOS="552" WIDTH="76" HEIGHT="21" WC="0.92" CONTENT="härvid"/><SP WIDTH="15" VPOS="552" HPOS="581"/>
							<String ID="string_82" HPOS="596" VPOS="553" WIDTH="114" HEIGHT="28" WC="0.92" CONTENT="anmärka,"/><SP WIDTH="17" VPOS="553" HPOS="710"/>
							<String ID="string_83" HPOS="727" VPOS="555" WIDTH="32" HEIGHT="19" WC="0.96" CONTENT="att"/><SP WIDTH="9" VPOS="555" HPOS="759"/>
							<String ID="string_84" HPOS="768" VPOS="553" WIDTH="38" HEIGHT="22" WC="0.96" CONTENT="det"/>
						</TextLine>
						<TextLine ID="line_12" HPOS="63" VPOS="586" WIDTH="743" HEIGHT="28">
							<String ID="string_85" HPOS="63" VPOS="587" WIDTH="25" HEIGHT="20" WC="0.96" CONTENT="af"/><SP WIDTH="13" VPOS="587" HPOS="88"/>
							<String ID="string_86" HPOS="101" VPOS="587" WIDTH="41" HEIGHT="21" WC="0.92" CONTENT="den"/><SP WIDTH="15" VPOS="587" HPOS="142"/>
							<String ID="string_87" HPOS="157" VPOS="586" WIDTH="132" HEIGHT="28" WC="0.90" CONTENT="föregäende"/><SP WIDTH="15" VPOS="586" HPOS="289"/>
							<String ID="string_88" HPOS="304" VPOS="587" WIDTH="66" HEIGHT="21" WC="0.93" CONTENT="värde"/><SP WIDTH="16" VPOS="587" HPOS="370"/>
							<String ID="string_89" HPOS="386" VPOS="587" WIDTH="84" HEIGHT="21" WC="0.91" CONTENT="talaren"/><SP WIDTH="16" VPOS="587" HPOS="470"/>
							<String ID="string_90" HPOS="486" VPOS="587" WIDTH="129" HEIGHT="21" WC="0.92" CONTENT="omnämnda"/><SP WIDTH="14" VPOS="587" HPOS="615"/>
							<String ID="string_91" HPOS="629" VPOS="587" WIDTH="38" HEIGHT="22" WC="0.96" CONTENT="fall"/><SP WIDTH="15" VPOS="587" HPOS="667"/>
							<String ID="string_92" HPOS="682" VPOS="588" WIDTH="48" HEIGHT="21" WC="0.96" CONTENT="stod"/><SP WIDTH="11" VPOS="588" HPOS="730"/>
							<String ID="string_93" HPOS="741" VPOS="588" WIDTH="6" HEIGHT="21" WC="0.93" CONTENT="i"/><SP WIDTH="11" VPOS="588" HPOS="747"/>
							<String ID="string_94" HPOS="758" VPOS="591" WIDTH="48" HEIGHT="18" WC="0.93" CONTENT="när-"/>
						</TextLine>
						<TextLine ID="line_13" HPOS="62" VPOS="621" WIDTH="743" HEIGHT="28">
							<String ID="string_95" HPOS="62" VPOS="623" WIDTH="69" HEIGHT="19" WC="0.91" CONTENT="maste"/><SP WIDTH="16" VPOS="623" HPOS="131"/>
							<String ID="string_96" HPOS="147" VPOS="621" WIDTH="133" HEIGHT="28" WC="0.92" CONTENT="gemenskap"/><SP WIDTH="14" VPOS="621" HPOS="280"/>
							<String ID="string_97" HPOS="294" VPOS="621" WIDTH="49" HEIGHT="21" WC="0.96" CONTENT="med"/><SP WIDTH="17" VPOS="621" HPOS="343"/>
							<String ID="string_98" HPOS="360" VPOS="621" WIDTH="40" HEIGHT="22" WC="0.96" CONTENT="den"/><SP WIDTH="17" VPOS="621" HPOS="400"/>
							<String ID="string_99" HPOS="417" VPOS="621" WIDTH="28" HEIGHT="21" WC="0.93" CONTENT="dä"/><SP WIDTH="13" VPOS="621" HPOS="445"/>
							<String ID="string_100" HPOS="458" VPOS="621" WIDTH="165" HEIGHT="28" WC="0.92" CONTENT="ifrägavarande"/><SP WIDTH="10" VPOS="621" HPOS="623"/>
							<String ID="string_101" HPOS="633" VPOS="622" WIDTH="172" HEIGHT="27" WC="0.92" CONTENT="propositionens"/>
						</TextLine>
						<TextLine ID="line_14" HPOS="63" VPOS="655" WIDTH="743" HEIGHT="28">
							<String ID="string_102" HPOS="63" VPOS="655" WIDTH="69" HEIGHT="28" WC="0.96" CONTENT="öfriga"/><SP WIDTH="15" VPOS="655" HPOS="132"/>
							<String ID="string_103" HPOS="147" VPOS="655" WIDTH="96" HEIGHT="21" WC="0.95" CONTENT="innehåll"/><SP WIDTH="16" VPOS="655" HPOS="243"/>
							<String ID="string_104" HPOS="259" VPOS="655" WIDTH="39" HEIGHT="22" WC="0.93" CONTENT="och"/><SP WIDTH="15" VPOS="655" HPOS="298"/>
							<String ID="string_105" HPOS="313" VPOS="655" WIDTH="171" HEIGHT="28" WC="0.96" CONTENT="bestämningar;"/><SP WIDTH="15" VPOS="655" HPOS="484"/>
							<String ID="string_106" HPOS="499" VPOS="663" WIDTH="48" HEIGHT="14" WC="0.96" CONTENT="men"/><SP WIDTH="16" VPOS="663" HPOS="547"/>
							<String ID="string_107" HPOS="563" VPOS="662" WIDTH="34" HEIGHT="15" WC="0.93" CONTENT="om"/><SP WIDTH="16" VPOS="662" HPOS="597"/>
							<String ID="string_108" HPOS="613" VPOS="655" WIDTH="86" HEIGHT="22" WC="0.93" CONTENT="ståndet"/><SP WIDTH="11" VPOS="655" HPOS="699"/>
							<String ID="string_109" HPOS="710" VPOS="656" WIDTH="96" HEIGHT="21" WC="0.92" CONTENT="deremot"/>
						</TextLine>
						<TextLine ID="line_15" HPOS="62" VPOS="689" WIDTH="744" HEIGHT="28">
							<String ID="string_110" HPOS="62" VPOS="689" WIDTH="107" HEIGHT="28" WC="0.92" CONTENT="föresloge"/><SP WIDTH="17" VPOS="689" HPOS="169"/>
							<String ID="string_111" HPOS="186" VPOS="689" WIDTH="129" HEIGHT="21" WC="0.92" CONTENT="omnämnda"/><SP WIDTH="15" VPOS="689" HPOS="315"/>
							<String ID="string_112" HPOS="330" VPOS="689" WIDTH="77" HEIGHT="27" WC="0.90" CONTENT="tillägg"/><SP WIDTH="15" VPOS="689" HPOS="407"/>
							<String ID="string_113" HPOS="422" VPOS="690" WIDTH="32" HEIGHT="20" WC="0.96" CONTENT="till"/><SP WIDTH="16" VPOS="690" HPOS="454"/>
							<String ID="string_114" HPOS="470" VPOS="689" WIDTH="41" HEIGHT="22" WC="0.96" CONTENT="den"/><SP WIDTH="15" VPOS="689" HPOS="511"/>
							<String ID="string_115" HPOS="526" VPOS="697" WIDTH="29" HEIGHT="13" WC="0.93" CONTENT="nu"/><SP WIDTH="15" VPOS="697" HPOS="555"/>
							<String ID="string_116" HPOS="570" VPOS="689" WIDTH="142" HEIGHT="22" WC="0.92" CONTENT="förevarande"/><SP WIDTH="12" VPOS="689" HPOS="712"/>
							<String ID="string_117" HPOS="724" VPOS="690" WIDTH="82" HEIGHT="27" WC="0.92" CONTENT="kejser-"/>
						</TextLine>
						<TextLine ID="line_16" HPOS="62" VPOS="723" WIDTH="745" HEIGHT="28">
							<String ID="string_118" HPOS="62" VPOS="724" WIDTH="45" HEIGHT="27" WC="0.96" CONTENT="liga"/><SP WIDTH="15" VPOS="724" HPOS="107"/>
							<String ID="string_119" HPOS="122" VPOS="724" WIDTH="169" HEIGHT="27" WC="0.96" CONTENT="propositionen,"/><SP WIDTH="17" VPOS="724" HPOS="291"/>
							<String ID="string_120" HPOS="308" VPOS="723" WIDTH="24" HEIGHT="21" WC="0.93" CONTENT="sä"/><SP WIDTH="16" VPOS="723" HPOS="332"/>
							<String ID="string_121" HPOS="348" VPOS="723" WIDTH="70" HEIGHT="21" WC="0.92" CONTENT="blefve"/><SP WIDTH="16" VPOS="723" HPOS="418"/>
							<String ID="string_122" HPOS="434" VPOS="724" WIDTH="59" HEIGHT="20" WC="0.96" CONTENT="detta"/><SP WIDTH="16" VPOS="724" HPOS="493"/>
							<String ID="string_123" HPOS="509" VPOS="731" WIDTH="26" HEIGHT="14" WC="0.96" CONTENT="en"/><SP WIDTH="15" VPOS="731" HPOS="535"/>
							<String ID="string_124" HPOS="550" VPOS="723" WIDTH="90" HEIGHT="28" WC="0.93" CONTENT="motion,"/><SP WIDTH="16" VPOS="723" HPOS="640"/>
							<String ID="string_125" HPOS="656" VPOS="723" WIDTH="86" HEIGHT="22" WC="0.92" CONTENT="hvartill"/><SP WIDTH="18" VPOS="723" HPOS="742"/>
							<String ID="string_126" HPOS="760" VPOS="724" WIDTH="47" HEIGHT="21" WC="0.92" CONTENT="äter"/>
						</TextLine>
						<TextLine ID="line_17" HPOS="63" VPOS="757" WIDTH="743" HEIGHT="28">
							<String ID="string_127" HPOS="63" VPOS="757" WIDTH="118" HEIGHT="22" WC="0.91" CONTENT="ständerna"/><SP WIDTH="21" VPOS="757" HPOS="181"/>
							<String ID="string_128" HPOS="202" VPOS="757" WIDTH="18" HEIGHT="27" WC="0.89" CONTENT="ej"/><SP WIDTH="17" VPOS="757" HPOS="220"/>
							<String ID="string_129" HPOS="237" VPOS="757" WIDTH="56" HEIGHT="21" WC="0.93" CONTENT="hade"/><SP WIDTH="16" VPOS="757" HPOS="293"/>
							<String ID="string_130" HPOS="309" VPOS="757" WIDTH="111" HEIGHT="28" WC="0.92" CONTENT="rättighet;"/><SP WIDTH="16" VPOS="757" HPOS="420"/>
							<String ID="string_131" HPOS="436" VPOS="760" WIDTH="52" HEIGHT="19" WC="0.93" CONTENT="utan"/><SP WIDTH="15" VPOS="760" HPOS="488"/>
							<String ID="string_132" HPOS="503" VPOS="758" WIDTH="69" HEIGHT="21" WC="0.92" CONTENT="mäste"/><SP WIDTH="16" VPOS="758" HPOS="572"/>
							<String ID="string_133" HPOS="588" VPOS="757" WIDTH="63" HEIGHT="22" WC="0.92" CONTENT="äfven"/><SP WIDTH="15" VPOS="757" HPOS="651"/>
							<String ID="string_134" HPOS="666" VPOS="757" WIDTH="140" HEIGHT="28" WC="0.92" CONTENT="härutinnan,"/>
						</TextLine>
						<TextLine ID="line_18" HPOS="63" VPOS="791" WIDTH="742" HEIGHT="29">
							<String ID="string_135" HPOS="63" VPOS="792" WIDTH="72" HEIGHT="21" WC="0.92" CONTENT="säsom"/><SP WIDTH="21" VPOS="792" HPOS="135"/>
							<String ID="string_136" HPOS="156" VPOS="792" WIDTH="6" HEIGHT="20" WC="0.93" CONTENT="i"/><SP WIDTH="20" VPOS="792" HPOS="162"/>
							<String ID="string_137" HPOS="182" VPOS="791" WIDTH="62" HEIGHT="28" WC="0.92" CONTENT="fräga"/><SP WIDTH="16" VPOS="791" HPOS="244"/>
							<String ID="string_138" HPOS="260" VPOS="799" WIDTH="33" HEIGHT="14" WC="0.96" CONTENT="om"/><SP WIDTH="16" VPOS="799" HPOS="293"/>
							<String ID="string_139" HPOS="309" VPOS="791" WIDTH="69" HEIGHT="21" WC="0.93" CONTENT="andra"/><SP WIDTH="14" VPOS="791" HPOS="378"/>
							<String ID="string_140" HPOS="392" VPOS="792" WIDTH="172" HEIGHT="27" WC="0.89" CONTENT="önskningsmäl,"/><SP WIDTH="17" VPOS="792" HPOS="564"/>
							<String ID="string_141" HPOS="581" VPOS="791" WIDTH="38" HEIGHT="22" WC="0.93" CONTENT="hos"/><SP WIDTH="15" VPOS="791" HPOS="619"/>
							<String ID="string_142" HPOS="634" VPOS="794" WIDTH="103" HEIGHT="25" WC="0.91" CONTENT="regenten"/><SP WIDTH="15" VPOS="794" HPOS="737"/>
							<String ID="string_143" HPOS="752" VPOS="793" WIDTH="53" HEIGHT="27" WC="0.91" CONTENT="peti-"/>
						</TextLine>
						<TextLine ID="line_19" HPOS="62" VPOS="825" WIDTH="406" HEIGHT="28">
							<String ID="string_144" HPOS="62" VPOS="826" WIDTH="96" HEIGHT="21" WC="0.92" CONTENT="tioneras"/><SP WIDTH="16" VPOS="826" HPOS="158"/>
							<String ID="string_145" HPOS="174" VPOS="833" WIDTH="34" HEIGHT="14" WC="0.93" CONTENT="om"/><SP WIDTH="16" VPOS="833" HPOS="208"/>
							<String ID="string_146" HPOS="224" VPOS="826" WIDTH="104" HEIGHT="21" WC="0.91" CONTENT="särskildt"/><SP WIDTH="15" VPOS="826" HPOS="328"/>
							<String ID="string_147" HPOS="343" VPOS="825" WIDTH="125" HEIGHT="28" WC="0.96" CONTENT="lagförslag."/>
						</TextLine>
					</TextBlock>
					<TextBlock ID="block_5" HPOS="64" VPOS="860" WIDTH="742" HEIGHT="63">
						<TextLine ID="line_20" HPOS="132" VPOS="860" WIDTH="674" HEIGHT="27">
							<String ID="string_148" HPOS="132" VPOS="860" WIDTH="92" HEIGHT="22" WC="0.92" CONTENT="Ständet"/><SP WIDTH="16" VPOS="860" HPOS="224"/>
							<String ID="string_149" HPOS="240" VPOS="860" WIDTH="70" HEIGHT="21" WC="0.93" CONTENT="beslöt"/><SP WIDTH="16" VPOS="860" HPOS="310"/>
							<String ID="string_150" HPOS="326" VPOS="860" WIDTH="104" HEIGHT="27" WC="0.91" CONTENT="enhälligt"/><SP WIDTH="15" VPOS="860" HPOS="430"/>
							<String ID="string_151" HPOS="445" VPOS="862" WIDTH="32" HEIGHT="19" WC="0.93" CONTENT="att"/><SP WIDTH="15" VPOS="862" HPOS="477"/>
							<String ID="string_152" HPOS="492" VPOS="860" WIDTH="115" HEIGHT="21" WC="0.92" CONTENT="framdeles"/><SP WIDTH="16" VPOS="860" HPOS="607"/>
							<String ID="string_153" HPOS="623" VPOS="862" WIDTH="51" HEIGHT="25" WC="0.91" CONTENT="taga"/><SP WIDTH="16" VPOS="862" HPOS="674"/>
							<String ID="string_154" HPOS="690" VPOS="861" WIDTH="60" HEIGHT="21" WC="0.93" CONTENT="detta"/><SP WIDTH="15" VPOS="861" HPOS="750"/>
							<String ID="string_155" HPOS="765" VPOS="860" WIDTH="41" HEIGHT="23" WC="0.92" CONTENT="för-"/>
						</TextLine>
						<TextLine ID="line_21" HPOS="64" VPOS="894" WIDTH="369" HEIGHT="29">
							<String ID="string_156" HPOS="64" VPOS="895" WIDTH="49" HEIGHT="28" WC="0.96" CONTENT="slag"/><SP WIDTH="14" VPOS="895" HPOS="113"/>
							<String ID="string_157" HPOS="127" VPOS="895" WIDTH="7" HEIGHT="21" WC="0.93" CONTENT="i"/><SP WIDTH="15" VPOS="895" HPOS="134"/>
							<String ID="string_158" HPOS="149" VPOS="895" WIDTH="104" HEIGHT="21" WC="0.93" CONTENT="särskildt"/><SP WIDTH="15" VPOS="895" HPOS="253"/>
							<String ID="string_159" HPOS="268" VPOS="894" WIDTH="165" HEIGHT="28" WC="0.61" CONTENT="öfvervägande."/>
						</TextLine>
					</TextBlock>
					<TextBlock ID="block_6" HPOS="62" VPOS="929" WIDTH="746" HEIGHT="304">
						<TextLine ID="line_22" HPOS="131" VPOS="929" WIDTH="676" HEIGHT="22">
							<String ID="string_160" HPOS="131" VPOS="929" WIDTH="103" HEIGHT="22" WC="0.92" CONTENT="Ständets"/><SP WIDTH="17" VPOS="929" HPOS="234"/>
							<String ID="string_161" HPOS="251" VPOS="929" WIDTH="69" HEIGHT="22" WC="0.96" CONTENT="beslut"/><SP WIDTH="13" VPOS="929" HPOS="320"/>
							<String ID="string_162" HPOS="333" VPOS="929" WIDTH="7" HEIGHT="20" WC="0.96" CONTENT="i"/><SP WIDTH="16" VPOS="929" HPOS="340"/>
							<String ID="string_163" HPOS="356" VPOS="929" WIDTH="32" HEIGHT="21" WC="0.93" CONTENT="sin"/><SP WIDTH="16" VPOS="929" HPOS="388"/>
							<String ID="string_164" HPOS="404" VPOS="929" WIDTH="72" HEIGHT="22" WC="0.92" CONTENT="helhet"/><SP WIDTH="11" VPOS="929" HPOS="476"/>
							<String ID="string_165" HPOS="487" VPOS="929" WIDTH="46" HEIGHT="22" WC="0.92" CONTENT="blef"/><SP WIDTH="8" VPOS="929" HPOS="533"/>
							<String ID="string_166" HPOS="541" VPOS="929" WIDTH="64" HEIGHT="21" WC="0.92" CONTENT="alltsä"/><SP WIDTH="12" VPOS="929" HPOS="605"/>
							<String ID="string_167" HPOS="617" VPOS="931" WIDTH="31" HEIGHT="18" WC="0.93" CONTENT="att"/><SP WIDTH="10" VPOS="931" HPOS="648"/>
							<String ID="string_168" HPOS="658" VPOS="929" WIDTH="149" HEIGHT="22" WC="0.92" CONTENT="betänkandet"/>
						</TextLine>
						<TextLine ID="line_23" HPOS="63" VPOS="963" WIDTH="744" HEIGHT="28">
							<String ID="string_169" HPOS="63" VPOS="963" WIDTH="137" HEIGHT="28" WC="0.92" CONTENT="godkändes,"/><SP WIDTH="24" VPOS="963" HPOS="200"/>
							<String ID="string_170" HPOS="224" VPOS="963" WIDTH="49" HEIGHT="21" WC="0.96" CONTENT="med"/><SP WIDTH="23" VPOS="963" HPOS="273"/>
							<String ID="string_171" HPOS="296" VPOS="963" WIDTH="41" HEIGHT="21" WC="0.93" CONTENT="den"/><SP WIDTH="20" VPOS="963" HPOS="337"/>
							<String ID="string_172" HPOS="357" VPOS="963" WIDTH="148" HEIGHT="22" WC="0.91" CONTENT="modifikation"/><SP WIDTH="20" VPOS="963" HPOS="505"/>
							<String ID="string_173" HPOS="525" VPOS="965" WIDTH="32" HEIGHT="19" WC="0.96" CONTENT="att"/><SP WIDTH="14" VPOS="965" HPOS="557"/>
							<String ID="string_174" HPOS="571" VPOS="963" WIDTH="69" HEIGHT="27" WC="0.93" CONTENT="tiden,"/><SP WIDTH="17" VPOS="963" HPOS="640"/>
							<String ID="string_175" HPOS="657" VPOS="963" WIDTH="45" HEIGHT="21" WC="0.91" CONTENT="frän"/><SP WIDTH="16" VPOS="963" HPOS="702"/>
							<String ID="string_176" HPOS="718" VPOS="963" WIDTH="89" HEIGHT="22" WC="0.92" CONTENT="hvilken"/>
						</TextLine>
						<TextLine ID="line_24" HPOS="62" VPOS="997" WIDTH="744" HEIGHT="28">
							<String ID="string_177" HPOS="62" VPOS="997" WIDTH="155" HEIGHT="28" WC="0.93" CONTENT="författningen"/><SP WIDTH="15" VPOS="997" HPOS="217"/>
							<String ID="string_178" HPOS="232" VPOS="997" WIDTH="67" HEIGHT="22" WC="0.93" CONTENT="borde"/><SP WIDTH="16" VPOS="997" HPOS="299"/>
							<String ID="string_179" HPOS="315" VPOS="997" WIDTH="62" HEIGHT="21" WC="0.93" CONTENT="träda"/><SP WIDTH="15" VPOS="997" HPOS="377"/>
							<String ID="string_180" HPOS="392" VPOS="997" WIDTH="7" HEIGHT="21" WC="0.96" CONTENT="i"/><SP WIDTH="16" VPOS="997" HPOS="399"/>
							<String ID="string_181" HPOS="415" VPOS="997" WIDTH="146" HEIGHT="28" WC="0.96" CONTENT="verksamhet,"/><SP WIDTH="16" VPOS="997" HPOS="561"/>
							<String ID="string_182" HPOS="577" VPOS="997" WIDTH="7" HEIGHT="21" WC="0.96" CONTENT="i"/><SP WIDTH="16" VPOS="997" HPOS="584"/>
							<String ID="string_183" HPOS="600" VPOS="997" WIDTH="94" HEIGHT="27" WC="0.96" CONTENT="enlighet"/><SP WIDTH="10" VPOS="997" HPOS="694"/>
							<String ID="string_184" HPOS="704" VPOS="997" WIDTH="50" HEIGHT="21" WC="0.96" CONTENT="med"/><SP WIDTH="11" VPOS="997" HPOS="754"/>
							<String ID="string_185" HPOS="765" VPOS="997" WIDTH="41" HEIGHT="22" WC="0.96" CONTENT="den"/>
						</TextLine>
						<TextLine ID="line_25" HPOS="62" VPOS="1031" WIDTH="745" HEIGHT="29">
							<String ID="string_186" HPOS="62" VPOS="1032" WIDTH="120" HEIGHT="28" WC="0.95" CONTENT="kejserliga"/><SP WIDTH="15" VPOS="1032" HPOS="182"/>
							<String ID="string_187" HPOS="197" VPOS="1031" WIDTH="161" HEIGHT="28" WC="0.93" CONTENT="propositionen"/><SP WIDTH="14" VPOS="1031" HPOS="358"/>
							<String ID="string_188" HPOS="372" VPOS="1031" WIDTH="125" HEIGHT="22" WC="0.95" CONTENT="bestämdes"/><SP WIDTH="15" VPOS="1031" HPOS="497"/>
							<String ID="string_189" HPOS="512" VPOS="1032" WIDTH="32" HEIGHT="21" WC="0.96" CONTENT="till"/><SP WIDTH="17" VPOS="1032" HPOS="544"/>
							<String ID="string_190" HPOS="561" VPOS="1032" WIDTH="10" HEIGHT="20" WC="0.96" CONTENT="1"/><SP WIDTH="12" VPOS="1032" HPOS="571"/>
							<String ID="string_191" HPOS="583" VPOS="1031" WIDTH="88" HEIGHT="28" WC="0.87" CONTENT="januari"/><SP WIDTH="16" VPOS="1031" HPOS="671"/>
							<String ID="string_192" HPOS="687" VPOS="1032" WIDTH="61" HEIGHT="28" WC="0.95" CONTENT="1865,"/><SP WIDTH="11" VPOS="1032" HPOS="748"/>
							<String ID="string_193" HPOS="759" VPOS="1032" WIDTH="7" HEIGHT="21" WC="0.93" CONTENT="i"/><SP WIDTH="12" VPOS="1032" HPOS="766"/>
							<String ID="string_194" HPOS="778" VPOS="1031" WIDTH="29" HEIGHT="22" WC="0.67" CONTENT="öf-"/>
						</TextLine>
						<TextLine ID="line_26" HPOS="63" VPOS="1066" WIDTH="744" HEIGHT="28">
							<String ID="string_195" HPOS="63" VPOS="1066" WIDTH="203" HEIGHT="22" WC="0.91" CONTENT="verensstämmelse"/><SP WIDTH="15" VPOS="1066" HPOS="266"/>
							<String ID="string_196" HPOS="281" VPOS="1066" WIDTH="102" HEIGHT="21" WC="0.89" CONTENT="hvarmed"/><SP WIDTH="10" VPOS="1066" HPOS="383"/>
							<String ID="string_197" HPOS="393" VPOS="1066" WIDTH="83" HEIGHT="28" WC="0.90" CONTENT="jemväl"/><SP WIDTH="10" VPOS="1066" HPOS="476"/>
							<String ID="string_198" HPOS="486" VPOS="1066" WIDTH="112" HEIGHT="28" WC="0.91" CONTENT="ingressen"/><SP WIDTH="10" VPOS="1066" HPOS="598"/>
							<String ID="string_199" HPOS="608" VPOS="1066" WIDTH="67" HEIGHT="21" WC="0.93" CONTENT="borde"/><SP WIDTH="11" VPOS="1066" HPOS="675"/>
							<String ID="string_200" HPOS="686" VPOS="1066" WIDTH="121" HEIGHT="27" WC="0.90" CONTENT="omställas;"/>
						</TextLine>
						<TextLine ID="line_27" HPOS="64" VPOS="1100" WIDTH="744" HEIGHT="28">
							<String ID="string_201" HPOS="64" VPOS="1101" WIDTH="40" HEIGHT="21" WC="0.96" CONTENT="och"/><SP WIDTH="16" VPOS="1101" HPOS="104"/>
							<String ID="string_202" HPOS="120" VPOS="1101" WIDTH="70" HEIGHT="21" WC="0.93" CONTENT="skulle"/><SP WIDTH="15" VPOS="1101" HPOS="190"/>
							<String ID="string_203" HPOS="205" VPOS="1100" WIDTH="115" HEIGHT="22" WC="0.92" CONTENT="framdeles"/><SP WIDTH="15" VPOS="1100" HPOS="320"/>
							<String ID="string_204" HPOS="335" VPOS="1100" WIDTH="6" HEIGHT="21" WC="0.93" CONTENT="i"/><SP WIDTH="14" VPOS="1100" HPOS="341"/>
							<String ID="string_205" HPOS="355" VPOS="1100" WIDTH="160" HEIGHT="28" WC="0.90" CONTENT="öfvervägande"/><SP WIDTH="10" VPOS="1100" HPOS="515"/>
							<String ID="string_206" HPOS="525" VPOS="1103" WIDTH="64" HEIGHT="25" WC="0.92" CONTENT="tagas"/><SP WIDTH="10" VPOS="1103" HPOS="589"/>
							<String ID="string_207" HPOS="599" VPOS="1100" WIDTH="117" HEIGHT="22" WC="0.91" CONTENT="utskottets"/><SP WIDTH="10" VPOS="1100" HPOS="716"/>
							<String ID="string_208" HPOS="726" VPOS="1100" WIDTH="82" HEIGHT="27" WC="0.95" CONTENT="förslag"/>
						</TextLine>
						<TextLine ID="line_28" HPOS="64" VPOS="1134" WIDTH="744" HEIGHT="28">
							<String ID="string_209" HPOS="64" VPOS="1143" WIDTH="34" HEIGHT="14" WC="0.93" CONTENT="om"/><SP WIDTH="16" VPOS="1143" HPOS="98"/>
							<String ID="string_210" HPOS="114" VPOS="1135" WIDTH="78" HEIGHT="27" WC="0.93" CONTENT="åtgärd"/><SP WIDTH="15" VPOS="1135" HPOS="192"/>
							<String ID="string_211" HPOS="207" VPOS="1135" WIDTH="90" HEIGHT="27" WC="0.92" CONTENT="derhän,"/><SP WIDTH="17" VPOS="1135" HPOS="297"/>
							<String ID="string_212" HPOS="314" VPOS="1136" WIDTH="31" HEIGHT="20" WC="0.96" CONTENT="att"/><SP WIDTH="15" VPOS="1136" HPOS="345"/>
							<String ID="string_213" HPOS="360" VPOS="1134" WIDTH="152" HEIGHT="28" WC="0.93" CONTENT="förordningen"/><SP WIDTH="16" VPOS="1134" HPOS="512"/>
							<String ID="string_214" HPOS="528" VPOS="1135" WIDTH="63" HEIGHT="21" WC="0.96" CONTENT="äfven"/><SP WIDTH="14" VPOS="1135" HPOS="591"/>
							<String ID="string_215" HPOS="605" VPOS="1135" WIDTH="69" HEIGHT="21" WC="0.93" CONTENT="skulle"/><SP WIDTH="12" VPOS="1135" HPOS="674"/>
							<String ID="string_216" HPOS="686" VPOS="1135" WIDTH="122" HEIGHT="21" WC="0.85" CONTENT="utsträekas"/>
						</TextLine>
						<TextLine ID="line_29" HPOS="64" VPOS="1169" WIDTH="744" HEIGHT="28">
							<String ID="string_217" HPOS="64" VPOS="1170" WIDTH="32" HEIGHT="21" WC="0.93" CONTENT="till"/><SP WIDTH="16" VPOS="1170" HPOS="96"/>
							<String ID="string_218" HPOS="112" VPOS="1177" WIDTH="48" HEIGHT="20" WC="0.93" CONTENT="gas-"/><SP WIDTH="17" VPOS="1177" HPOS="160"/>
							<String ID="string_219" HPOS="177" VPOS="1170" WIDTH="39" HEIGHT="21" WC="0.93" CONTENT="och"/><SP WIDTH="11" VPOS="1170" HPOS="216"/>
							<String ID="string_220" HPOS="227" VPOS="1169" WIDTH="195" HEIGHT="28" WC="0.90" CONTENT="vattenledningar."/><SP WIDTH="22" VPOS="1169" HPOS="422"/>
							<String ID="string_221" HPOS="444" VPOS="1170" WIDTH="94" HEIGHT="21" WC="0.93" CONTENT="Hvarom"/><SP WIDTH="10" VPOS="1170" HPOS="538"/>
							<String ID="string_222" HPOS="548" VPOS="1176" WIDTH="55" HEIGHT="21" WC="0.92" CONTENT="resp."/><SP WIDTH="12" VPOS="1176" HPOS="603"/>
							<String ID="string_223" HPOS="615" VPOS="1169" WIDTH="143" HEIGHT="22" WC="0.92" CONTENT="medständen"/><SP WIDTH="10" VPOS="1169" HPOS="758"/>
							<String ID="string_224" HPOS="768" VPOS="1169" WIDTH="40" HEIGHT="22" WC="0.96" CONTENT="och"/>
						</TextLine>
						<TextLine ID="line_30" HPOS="65" VPOS="1204" WIDTH="544" HEIGHT="29">
							<String ID="string_225" HPOS="65" VPOS="1204" WIDTH="241" HEIGHT="29" WC="0.92" CONTENT="expeditionsutskottet"/><SP WIDTH="14" VPOS="1204" HPOS="306"/>
							<String ID="string_226" HPOS="320" VPOS="1204" WIDTH="85" HEIGHT="21" WC="0.92" CONTENT="komme"/><SP WIDTH="16" VPOS="1204" HPOS="405"/>
							<String ID="string_227" HPOS="421" VPOS="1206" WIDTH="31" HEIGHT="19" WC="0.93" CONTENT="att"/><SP WIDTH="15" VPOS="1206" HPOS="452"/>
							<String ID="string_228" HPOS="467" VPOS="1204" WIDTH="142" HEIGHT="22" WC="0.92" CONTENT="underrättas."/>
						</TextLine>
					</TextBlock>
				</ComposedBlock>
				<GraphicalElement ID="cblock_2" HPOS="406" VPOS="1246" WIDTH="71" HEIGHT="2"></GraphicalElement >
				<ComposedBlock ID="cblock_3" HPOS="65" VPOS="1272" WIDTH="745" HEIGHT="198">
					<TextBlock ID="block_7" HPOS="65" VPOS="1272" WIDTH="743" HEIGHT="63">
						<TextLine ID="line_31" HPOS="133" VPOS="1272" WIDTH="675" HEIGHT="28">
							<String ID="string_229" HPOS="133" VPOS="1273" WIDTH="121" HEIGHT="27" WC="0.91" CONTENT="Föredrogs"/><SP WIDTH="16" VPOS="1273" HPOS="254"/>
							<String ID="string_230" HPOS="270" VPOS="1273" WIDTH="153" HEIGHT="27" WC="0.91" CONTENT="lagutskottets"/><SP WIDTH="10" VPOS="1273" HPOS="423"/>
							<String ID="string_231" HPOS="433" VPOS="1273" WIDTH="140" HEIGHT="21" WC="0.92" CONTENT="betänkande"/><SP WIDTH="9" VPOS="1273" HPOS="573"/>
							<String ID="string_232" HPOS="582" VPOS="1279" WIDTH="35" HEIGHT="15" WC="0.93" CONTENT="n:o"/><SP WIDTH="12" VPOS="1279" HPOS="617"/>
							<String ID="string_233" HPOS="629" VPOS="1274" WIDTH="32" HEIGHT="26" WC="0.96" CONTENT="18,"/><SP WIDTH="11" VPOS="1274" HPOS="661"/>
							<String ID="string_234" HPOS="672" VPOS="1272" WIDTH="8" HEIGHT="22" WC="0.93" CONTENT="i"/><SP WIDTH="11" VPOS="1272" HPOS="680"/>
							<String ID="string_235" HPOS="691" VPOS="1272" WIDTH="117" HEIGHT="27" WC="0.91" CONTENT="anledning"/>
						</TextLine>
						<TextLine ID="line_32" HPOS="65" VPOS="1306" WIDTH="607" HEIGHT="29">
							<String ID="string_236" HPOS="65" VPOS="1307" WIDTH="25" HEIGHT="21" WC="0.92" CONTENT="af"/><SP WIDTH="12" VPOS="1307" HPOS="90"/>
							<String ID="string_237" HPOS="102" VPOS="1308" WIDTH="81" HEIGHT="26" WC="0.92" CONTENT="nädiga"/><SP WIDTH="15" VPOS="1308" HPOS="183"/>
							<String ID="string_238" HPOS="198" VPOS="1307" WIDTH="160" HEIGHT="28" WC="0.96" CONTENT="propositionen"/><SP WIDTH="17" VPOS="1307" HPOS="358"/>
							<String ID="string_239" HPOS="375" VPOS="1314" WIDTH="34" HEIGHT="14" WC="0.94" CONTENT="n:o"/><SP WIDTH="17" VPOS="1314" HPOS="409"/>
							<String ID="string_240" HPOS="426" VPOS="1309" WIDTH="32" HEIGHT="26" WC="0.93" CONTENT="17,"/><SP WIDTH="16" VPOS="1309" HPOS="458"/>
							<String ID="string_241" HPOS="474" VPOS="1307" WIDTH="113" HEIGHT="27" WC="0.92" CONTENT="angäende"/><SP WIDTH="16" VPOS="1307" HPOS="587"/>
							<String ID="string_242" HPOS="603" VPOS="1306" WIDTH="69" HEIGHT="28" WC="0.92" CONTENT="envig."/>
						</TextLine>
					</TextBlock>
					<TextBlock ID="block_8" HPOS="65" VPOS="1340" WIDTH="745" HEIGHT="130">
						<TextLine ID="line_33" HPOS="132" VPOS="1340" WIDTH="677" HEIGHT="29">
							<String ID="string_243" HPOS="132" VPOS="1342" WIDTH="89" HEIGHT="20" WC="0.93" CONTENT="Prosten"/><SP WIDTH="26" VPOS="1342" HPOS="221"/>
							<String ID="string_244" HPOS="247" VPOS="1342" WIDTH="127" HEIGHT="26" WC="0.68" CONTENT="Alopeus"/><SP WIDTH="22" VPOS="1342" HPOS="374"/>
							<String ID="string_245" HPOS="396" VPOS="1342" WIDTH="96" HEIGHT="27" WC="0.96" CONTENT="yttrade,"/><SP WIDTH="23" VPOS="1342" HPOS="492"/>
							<String ID="string_246" HPOS="515" VPOS="1342" WIDTH="37" HEIGHT="20" WC="0.96" CONTENT="det"/><SP WIDTH="22" VPOS="1342" HPOS="552"/>
							<String ID="string_247" HPOS="574" VPOS="1341" WIDTH="43" HEIGHT="21" WC="0.93" CONTENT="han"/><SP WIDTH="22" VPOS="1341" HPOS="617"/>
							<String ID="string_248" HPOS="639" VPOS="1340" WIDTH="48" HEIGHT="21" WC="0.90" CONTENT="med"/><SP WIDTH="24" VPOS="1340" HPOS="687"/>
							<String ID="string_249" HPOS="711" VPOS="1340" WIDTH="98" HEIGHT="22" WC="0.96" CONTENT="särdeles"/>
						</TextLine>
						<TextLine ID="line_34" HPOS="65" VPOS="1374" WIDTH="744" HEIGHT="28">
							<String ID="string_250" HPOS="65" VPOS="1376" WIDTH="191" HEIGHT="21" WC="0.42" CONTENT="tillfredsställelse"/><SP WIDTH="20" VPOS="1376" HPOS="256"/>
							<String ID="string_251" HPOS="276" VPOS="1376" WIDTH="43" HEIGHT="20" WC="0.96" CONTENT="läst"/><SP WIDTH="19" VPOS="1376" HPOS="319"/>
							<String ID="string_252" HPOS="338" VPOS="1376" WIDTH="117" HEIGHT="21" WC="0.96" CONTENT="utskottets"/><SP WIDTH="18" VPOS="1376" HPOS="455"/>
							<String ID="string_253" HPOS="473" VPOS="1374" WIDTH="139" HEIGHT="23" WC="0.96" CONTENT="betänkande"/><SP WIDTH="18" VPOS="1374" HPOS="612"/>
							<String ID="string_254" HPOS="630" VPOS="1375" WIDTH="7" HEIGHT="20" WC="0.96" CONTENT="i"/><SP WIDTH="15" VPOS="1375" HPOS="637"/>
							<String ID="string_255" HPOS="652" VPOS="1374" WIDTH="71" HEIGHT="22" WC="0.93" CONTENT="denna"/><SP WIDTH="15" VPOS="1374" HPOS="723"/>
							<String ID="string_256" HPOS="738" VPOS="1374" WIDTH="71" HEIGHT="28" WC="0.96" CONTENT="fråga,"/>
						</TextLine>
						<TextLine ID="line_35" HPOS="68" VPOS="1408" WIDTH="742" HEIGHT="29">
							<String ID="string_257" HPOS="68" VPOS="1410" WIDTH="124" HEIGHT="27" WC="0.92" CONTENT="isynnerhet"/><SP WIDTH="16" VPOS="1410" HPOS="192"/>
							<String ID="string_258" HPOS="208" VPOS="1416" WIDTH="64" HEIGHT="20" WC="0.92" CONTENT="pagg."/><SP WIDTH="17" VPOS="1416" HPOS="272"/>
							<String ID="string_259" HPOS="289" VPOS="1410" WIDTH="12" HEIGHT="20" WC="0.96" CONTENT="3"/><SP WIDTH="16" VPOS="1410" HPOS="301"/>
							<String ID="string_260" HPOS="317" VPOS="1410" WIDTH="38" HEIGHT="20" WC="0.96" CONTENT="och"/><SP WIDTH="17" VPOS="1410" HPOS="355"/>
							<String ID="string_261" HPOS="372" VPOS="1411" WIDTH="19" HEIGHT="25" WC="0.96" CONTENT="4,"/><SP WIDTH="17" VPOS="1411" HPOS="391"/>
							<String ID="string_262" HPOS="408" VPOS="1410" WIDTH="38" HEIGHT="20" WC="0.96" CONTENT="der"/><SP WIDTH="13" VPOS="1410" HPOS="446"/>
							<String ID="string_263" HPOS="459" VPOS="1410" WIDTH="36" HEIGHT="20" WC="0.93" CONTENT="det"/><SP WIDTH="11" VPOS="1410" HPOS="495"/>
							<String ID="string_264" HPOS="506" VPOS="1412" WIDTH="124" HEIGHT="18" WC="0.90" CONTENT="omnämnes"/><SP WIDTH="11" VPOS="1412" HPOS="630"/>
							<String ID="string_265" HPOS="641" VPOS="1411" WIDTH="31" HEIGHT="18" WC="0.96" CONTENT="att"/><SP WIDTH="11" VPOS="1411" HPOS="672"/>
							<String ID="string_266" HPOS="683" VPOS="1408" WIDTH="60" HEIGHT="21" WC="0.96" CONTENT="detta"/><SP WIDTH="10" VPOS="1408" HPOS="743"/>
							<String ID="string_267" HPOS="753" VPOS="1409" WIDTH="57" HEIGHT="20" WC="0.96" CONTENT="brott"/>
						</TextLine>
						<TextLine ID="line_36" HPOS="67" VPOS="1442" WIDTH="743" HEIGHT="28">
							<String ID="string_268" HPOS="67" VPOS="1443" WIDTH="126" HEIGHT="27" WC="0.96" CONTENT="lyckligtvis"/><SP WIDTH="23" VPOS="1443" HPOS="193"/>
							<String ID="string_269" HPOS="216" VPOS="1450" WIDTH="50" HEIGHT="14" WC="0.96" CONTENT="vore"/><SP WIDTH="20" VPOS="1450" HPOS="266"/>
							<String ID="string_270" HPOS="286" VPOS="1444" WIDTH="25" HEIGHT="20" WC="0.93" CONTENT="sä"/><SP WIDTH="21" VPOS="1444" HPOS="311"/>
							<String ID="string_271" HPOS="332" VPOS="1443" WIDTH="92" HEIGHT="27" WC="0.96" CONTENT="sällsynt"/><SP WIDTH="18" VPOS="1443" HPOS="424"/>
							<String ID="string_272" HPOS="442" VPOS="1444" WIDTH="7" HEIGHT="20" WC="0.93" CONTENT="i"/><SP WIDTH="15" VPOS="1444" HPOS="449"/>
							<String ID="string_273" HPOS="464" VPOS="1443" WIDTH="47" HEIGHT="21" WC="0.96" CONTENT="vårt"/><SP WIDTH="14" VPOS="1443" HPOS="511"/>
							<String ID="string_274" HPOS="525" VPOS="1442" WIDTH="62" HEIGHT="27" WC="0.96" CONTENT="land,"/><SP WIDTH="16" VPOS="1442" HPOS="587"/>
							<String ID="string_275" HPOS="603" VPOS="1444" WIDTH="32" HEIGHT="18" WC="0.96" CONTENT="att"/><SP WIDTH="16" VPOS="1444" HPOS="635"/>
							<String ID="string_276" HPOS="651" VPOS="1442" WIDTH="36" HEIGHT="21" WC="0.93" CONTENT="det"/><SP WIDTH="15" VPOS="1442" HPOS="687"/>
							<String ID="string_277" HPOS="702" VPOS="1442" WIDTH="108" HEIGHT="27" WC="0.96" CONTENT="knappast"/>
						</TextLine>
					</TextBlock>
				</ComposedBlock>
			</PrintSpace>
		</Page>
	</Layout>
</alto>
