989 1784
761 147 41 24 507

77 210 87 22 Kristus
187 210 28 22 då
238 211 19 27 ej
281 213 44 20 satt
344 212 29 27 på
388 212 147 22 domaresätet
552 213 39 22 och
608 214 86 22 således
710 215 48 21 icke
774 214 54 23 utöf-

78 244 57 21 vade
153 245 23 20 in
195 253 52 13 casu
267 251 27 15 en
309 245 99 22 domares
424 246 53 22 värf.
506 247 88 28 Mycket
609 249 52 20 rätt!
677 255 49 14 men
742 248 86 22 Kristus

78 277 70 22 afhöll
169 278 56 22 dock
246 279 59 28 dem,
329 286 45 15 som
396 280 68 27 enligt
483 281 65 26 lagen
564 280 100 23 fordrade
680 282 149 27 synderskans

79 311 108 23 dömande
203 313 32 21 till
251 313 78 22 döden.
359 314 49 21 Han
424 314 53 21 sade
492 314 33 21 till
541 314 69 22 henne
620 317 89 26 ytterst:
725 316 49 21 icke
785 317 44 20 hel-

77 346 32 22 ler
132 347 75 22 dömer
225 347 51 28 jag:
299 347 58 28 gack
378 348 48 21 bort
448 349 40 21 och
510 349 70 28 synda
600 349 49 22 icke
669 350 103 27 härefter;
789 351 39 20 och

79 380 78 23 dömde
173 381 70 22 henne
259 382 34 27 sä,
315 384 56 19 emot
386 383 74 28 lagen,
481 383 49 22 icke
545 383 32 21 till
594 383 71 22 döden
680 387 53 18 utan
748 384 33 22 till
796 384 33 22 lif-

78 417 44 26 vet;
139 422 49 15 men
204 416 33 21 till
253 418 30 19 ett
298 415 28 22 lif
338 417 25 20 af
374 416 44 22 idel
434 417 72 28 änger,
524 419 32 20 tro
572 418 40 21 och
628 418 101 27 bättring.
760 419 68 21 Hvem

77 451 36 20 vet
129 449 18 28 ej
166 449 40 22 och
221 457 35 14 ser
271 450 30 28 ej,
318 452 32 20 att
365 451 86 22 Kristus
466 452 73 27 Jesus,
556 452 38 21 vär
610 452 52 28 dyre
678 453 110 28 Frälsare,
800 453 29 21 dä

77 484 43 21 han
135 484 51 21 kom
200 484 8 21 i
224 484 80 25 köttet,
320 485 97 21 hvarken
432 485 51 21 kom
498 486 72 21 såsom
586 486 122 27 lagstiftare
720 487 53 21 eller
783 487 45 27 lag-

77 518 98 28 skipare,
191 525 49 14 men
255 521 33 19 att
303 519 43 21 han
361 519 51 21 kom
428 519 66 28 dock,
511 520 70 21 säsom
599 521 42 20 han
657 520 37 22 det
709 521 118 28 betygade,

77 551 33 22 för
125 553 32 20 att
171 552 110 22 fullborda
296 553 74 27 lagen,
387 554 109 27 nemligen
510 554 7 21 i
534 554 37 21 sitt
586 554 98 28 lidande,
700 555 7 20 i
724 555 36 20 sitt
776 555 33 26 lif,
822 555 6 20 i

77 586 28 21 all
122 586 93 27 evighet.
245 587 91 22 Derföre
351 587 137 22 fullbordade
503 587 43 22 han
561 588 49 22 icke
626 588 68 21 heller
709 589 64 26 lagen
792 595 35 20 ge-

77 627 50 15 nom
142 627 44 22 nya
200 621 91 28 lagbud,
315 621 42 21 han
378 621 132 22 omstörtade
527 621 18 28 ej
563 622 27 22 de
606 622 5 21 i
629 623 123 27 borgerliga
767 623 61 22 lifvet

77 655 103 27 gällande
195 656 265 28 straffbestämningarna;
476 663 46 14 mer
536 659 28 18 än
580 657 76 27 lagens
672 657 40 21 och
728 657 100 21 straffens

77 689 66 22 vrede
159 690 97 27 borttogs
272 690 57 21 dock
345 690 85 27 igenom
446 690 86 28 honom,
547 690 77 28 lagens
639 690 44 22 bud
694 691 70 21 skulle
776 698 51 21 upp-

77 723 65 28 fyllas
157 724 7 20 i
180 723 54 23 hans
249 724 88 28 kärlek,
353 724 88 22 straffen
457 724 66 22 hinna
538 724 38 22 sitt
590 726 93 27 yttersta
698 725 43 21 mål
755 726 6 20 i
774 725 54 22 hans

76 757 119 27 försoning.
225 757 90 22 Derföre
336 760 24 19 är
380 758 37 22 det
438 758 67 22 också
519 758 47 22 lika
581 758 93 28 fåfängt,
698 761 31 19 att
745 766 25 14 ur
785 766 43 20 nya

77 794 150 20 testamentets
243 794 89 26 utsagor
347 792 55 22 söka
417 793 69 27 några
502 792 137 28 stadganden
655 793 114 27 angående
784 800 43 14 om-

77 826 134 28 gestaltning
231 826 25 22 af
272 827 254 28 straffbestämningarne
545 827 84 22 sådana
648 827 27 21 de
690 827 40 22 hos
745 828 83 20 israeli-

76 860 59 22 tiska
150 860 69 22 folket
234 860 134 28 förefunnos,
384 862 46 20 lika
445 861 93 28 fåfängt,
554 868 46 15 som
616 864 31 18 att
663 861 38 21 der
716 862 44 21 leta
774 861 53 22 efter

77 903 27 14 en
120 903 28 21 ny
164 895 104 28 dekalog;
284 903 49 14 men
349 896 49 21 hela
414 896 67 21 Kristi
498 895 32 28 lif,
550 896 54 21 hans
620 896 43 21 död
674 896 39 21 och
725 897 101 27 uppstån-

77 930 71 29 delse,
172 930 75 28 hvarje
269 930 40 22 ord
331 930 39 21 och
393 931 87 27 uttryck
500 931 7 20 i
523 930 54 22 hans
593 931 41 21 och
648 930 55 21 hans
719 930 108 28 apostlars

77 965 107 28 predikan
200 965 80 21 vittnar
295 967 32 20 att
343 965 72 21 andan
432 967 24 20 är
472 972 81 20 annan,
569 967 28 19 än
613 965 42 22 den
670 965 68 22 under
750 965 77 27 lagens

77 999 128 22 herravälde
221 1007 48 21 var;
285 999 40 22 och
336 999 42 28 jag
393 1006 119 21 uppmanar
528 999 87 28 enhvar,
632 1001 32 20 att
674 1006 24 14 ur
709 999 68 22 Kristi
788 999 40 22 och

77 1034 55 22 hans
152 1034 108 28 apostlars
279 1035 31 20 tal
326 1035 91 27 uppvisa
433 1036 31 20 ett
478 1033 56 22 enda
550 1033 47 28 ord,
622 1041 45 14 som
683 1034 70 21 skulle
768 1034 59 22 inne-

77 1069 60 21 hålla
159 1071 31 19 ett
211 1068 94 28 verkligt
326 1068 161 27 godkännande
507 1069 26 21 af
550 1068 154 28 dödsstraffen,
721 1070 31 19 ett
767 1068 60 21 bifall

77 1103 72 21 dertill
172 1105 31 19 att
226 1103 109 27 syndaren
358 1103 57 21 skall
436 1103 36 27 dö,
489 1104 31 20 att
535 1103 154 26 brottslingens
704 1102 50 20 blod
770 1102 57 22 skall

77 1137 96 27 utgjutet
188 1136 75 22 varda.

145 1171 44 27 Jag
210 1171 40 21 har
273 1170 24 22 af
316 1172 88 26 prosten
426 1171 20 21 J.
470 1170 16 22 I.
505 1170 71 27 Bergh
597 1170 71 22 blifvit
686 1170 94 21 tillvitad
796 1169 32 22 för

77 1205 154 28 mångahanda
247 1205 41 21 och
303 1204 75 22 ibland
394 1208 67 18 annat
473 1204 93 28 derföre,
578 1206 32 19 att
617 1204 41 27 jag
668 1204 7 21 i
686 1204 141 27 lagutskotts-

78 1240 161 22 betänkandets
262 1239 138 28 uppfattning
422 1239 26 21 af
461 1239 95 21 straffets
571 1238 97 22 väsende
684 1238 70 22 skulle
769 1238 59 21 velat

77 1275 91 27 inlägga
183 1276 30 19 ett
229 1274 62 28 djup,
307 1280 46 14 som
369 1273 45 21 deri
430 1273 112 27 verkligen
558 1272 18 28 ej
593 1272 87 28 funnes,
696 1272 39 21 och
746 1272 33 21 till
791 1279 37 14 un-

79 1308 147 28 dandöljande
250 1308 25 21 af
292 1307 71 22 denna
383 1307 54 21 brist
456 1307 66 21 hafva
540 1307 29 28 på
588 1308 30 20 ett
636 1313 44 21 nog
698 1306 72 21 oklart
785 1307 43 20 sätt

79 1342 61 28 skiljt
161 1342 92 22 emellan
271 1341 117 29 yttranden
408 1341 60 22 öfver
487 1341 108 28 principer
613 1340 7 21 i
635 1340 62 22 lifvet
716 1340 40 22 och
771 1340 58 21 hvad

78 1384 51 15 man
149 1376 72 22 kallar
241 1376 79 22 teorier
339 1376 8 20 i
363 1376 127 28 vetenskap.
524 1376 36 20 Må
583 1382 62 20 vara,
664 1376 31 20 att
711 1374 41 28 jag
767 1374 7 21 i
790 1373 39 22 ord

79 1410 40 22 och
134 1410 87 27 uttryck
235 1410 49 20 icke
300 1410 63 20 alltid
377 1410 87 26 lyckats
480 1416 52 14 vara
547 1409 49 21 klar
611 1415 49 19 nog.
685 1409 49 19 Men
746 1408 82 26 dagens

79 1444 40 21 och
142 1443 105 23 stundens
266 1442 140 28 obestridliga
424 1442 122 23 erfarenhet
565 1441 68 24 borde
652 1441 113 29 öfvertyga
780 1447 48 21 pro-
