1003 1825
784 148 39 20 703

171 211 210 29 Kontraktsprosten
401 212 101 22 Hellén
521 212 96 28 yttrade,
639 214 33 20 att
687 212 28 22 då
731 212 37 22 det
783 212 70 22 blifvit

104 246 73 28 sagdt,
195 248 31 19 att
242 247 80 27 många
337 246 185 28 omständigheter
537 247 39 21 här
587 247 73 21 kunna
671 247 95 27 inträffa,
779 247 75 21 hvilka

104 281 19 27 ej
144 288 51 14 vore
213 281 55 21 lätta
283 283 32 19 att
331 281 89 27 förutse,
438 282 49 27 och,
504 282 28 20 då
548 282 25 20 så
588 281 113 27 verkligen
715 288 51 15 vore
782 282 70 26 fallet,

103 316 106 21 utskottet
225 318 72 19 ansett
313 315 36 22 det
365 316 133 28 lämpligast,
514 318 32 19 att
560 316 192 27 bestämningarne
763 317 7 20 i
782 316 72 21 denna

103 350 84 28 vigtiga
206 350 63 28 fråga
289 350 71 22 skulle
376 351 84 21 lemnas
476 350 22 21 åt
513 350 140 27 regeringens
668 351 40 21 och
724 351 129 21 ständernas

103 385 90 27 ombud;
217 386 40 20 och
279 385 76 21 trodde
376 385 213 28 kontraktsprosten,
609 388 32 18 att
656 392 50 14 man
722 386 131 26 svårligen
841 381 15 37 i

104 419 60 21 detta
187 420 104 21 afseende
315 419 72 22 kunde
410 420 58 21 finna
490 420 72 27 någon
584 420 211 27 ändamålsenligare
815 426 37 15 an-

103 454 99 27 ordning.

171 489 54 21 Herr
241 489 138 21 talemannen
395 488 135 22 framställde
546 489 97 27 följande
659 489 143 28 proposition:

174 523 129 22 Godkänner
321 524 32 20 det
369 524 127 28 högvördiga
510 524 83 21 ståndet
603 524 147 28 förevarande
764 528 89 17 moment

103 558 64 28 enligt
181 559 109 20 utskottets
306 558 140 26 betänkande,
458 559 49 20 eller
516 559 10 20 i
534 558 162 28 hufvudsakligt
706 566 81 13 samma
798 558 55 28 syfte

102 600 44 14 som
166 593 47 21 herr
233 593 148 28 Björkenheim
396 594 9 20 i
419 594 32 20 sin
468 594 128 20 reservation
607 593 111 28 föreslår?
747 593 47 20 Den
809 600 44 14 som

101 628 123 28 godkänner
239 628 108 21 utskottets
363 627 140 28 betänkande,
520 635 77 14 svarar
604 629 41 27 ja;
656 627 39 22 den
706 635 43 14 som
758 627 93 29 godkän-

101 670 38 13 ner
154 663 48 21 herr
216 663 160 28 Björkenheims
391 663 137 26 reservation,
545 670 78 13 svarar
637 663 41 28 nej.

170 697 137 22 Besvarades
322 697 50 21 med
389 698 25 20 16
425 698 29 27 ja
468 699 44 20 mot
529 697 26 21 10
571 698 41 27 nej.

170 732 63 21 Mom.
250 732 33 21 13.

170 766 144 27 Domprosten
335 765 119 22 Renvall
470 765 96 28 yttrade:
590 765 36 21 Uti
641 765 151 22 betänkandet
806 764 45 22 vid-

102 800 79 28 fogade
202 800 159 22 reservationer
380 800 65 21 hafva
461 803 75 18 trenne
551 799 121 22 ledamöter
687 800 7 21 i
710 799 143 22 bankutskot-

103 838 39 26 tet,
168 837 28 27 på
221 835 49 22 skäl
295 842 46 15 som
360 835 42 28 jag
424 835 6 21 i
454 835 43 22 allo
519 835 92 27 bifaller,
638 835 94 28 afstyrkt
755 835 97 26 godkän-

102 871 72 21 nande
197 870 25 21 af
242 871 61 20 detta
325 872 94 19 moment
441 871 7 20 i
471 869 155 22 betänkandet.
659 870 51 21 Man
732 869 69 21 måste
824 869 29 28 på

102 906 37 21 det
162 906 78 27 högsta
262 905 111 28 förvånas,
397 905 52 21 huru
469 905 106 21 utskottet
590 905 84 21 kunnat
688 903 33 22 för
736 903 64 22 äfven
816 903 37 22 det

101 942 56 20 mest
183 940 121 28 trängande
329 939 83 22 nödfall
436 940 88 21 förorda
548 946 27 14 en
598 939 25 21 så
644 938 109 22 förtviflad
776 941 75 25 utväg,

103 982 45 15 som
174 974 226 27 silfverutvexlingens
429 973 139 22 inställande.
608 974 32 27 Ty
666 973 58 21 hvad
748 973 104 21 innebure

103 1012 30 19 ett
158 1010 79 21 sådant
263 1009 132 22 inställande
422 1010 66 20 annat
514 1011 27 19 än
568 1015 26 14 en
620 1008 125 26 kränkning
768 1007 24 21 af
811 1007 42 21 den

103 1044 170 28 äganderättens
298 1044 75 27 helgd,
400 1043 71 22 såsom
497 1044 65 20 hvars
583 1042 142 27 grundvilkor
747 1042 106 21 utskottet

103 1079 58 27 sjelft
184 1078 59 28 (pag.
265 1078 22 29 6)
312 1078 111 21 betraktar
443 1080 31 18 ett
489 1077 93 22 ordnadt
597 1076 155 22 rättstillstånd
767 1076 40 21 och
823 1078 31 19 ett

103 1113 103 28 stadgadt
230 1112 143 29 myntvärde?
404 1112 48 22 Kan
474 1112 177 22 rättstillståndet
671 1118 65 14 anses
750 1117 52 15 vara
818 1110 35 22 väl

103 1148 101 27 ordnadt,
230 1155 34 15 om
287 1148 129 21 ständernas
440 1153 54 21 egen
513 1146 60 22 bank
590 1145 110 22 befriades
716 1145 48 21 från
779 1145 74 27 lagen-

102 1184 41 27 ligt
164 1182 136 28 fullgörande
323 1182 25 21 af
368 1182 48 21 sina
433 1181 145 23 förbindelser
591 1180 33 21 till
639 1180 214 27 fordringsägarene,

103 1219 40 21 och
159 1218 146 27 befrämjades
321 1217 149 29 myntvärdets
486 1216 78 28 stadga
580 1222 78 21 genom
670 1215 41 21 den
723 1215 28 27 på
762 1214 91 22 förhand

103 1253 49 22 icke
172 1253 143 26 beräkneliga
335 1252 85 28 förlust,
444 1259 45 14 som
506 1258 78 21 genom
600 1252 31 20 ett
646 1250 71 27 dylikt
732 1249 122 27 stadgande

102 1288 7 21 i
133 1287 99 22 bankens
255 1287 132 27 reglemente
407 1286 80 21 hotade
506 1285 87 27 enhvar,
610 1291 46 15 som
672 1285 6 20 i
694 1284 88 21 banken
798 1283 56 27 ägde

103 1322 122 27 fordringar
237 1321 52 22 eller
299 1321 50 22 med
363 1321 126 21 densamma
501 1320 66 21 inläte
578 1319 34 27 sig
622 1319 7 20 i
641 1317 214 22 affärsförbindelse?

103 1357 34 20 En
151 1358 121 25 reservant,
289 1355 193 28 juriskandidaten
498 1353 164 28 Montgomerie,
678 1352 40 21 har
732 1351 50 22 med
798 1353 57 20 rätta

104 1391 7 21 i
127 1390 67 28 ryska
209 1389 162 23 sedelmassans
387 1389 116 28 tryckning
518 1389 28 28 pä
562 1387 71 22 finska
648 1386 100 22 bankens
764 1385 91 22 metalli-

105 1425 41 22 ska
166 1423 51 22 fond
238 1424 51 21 sökt
306 1424 148 27 förklaringen
470 1423 32 22 till
520 1423 42 21 den
578 1421 126 22 nuvarande
720 1419 135 23 inställelsen

105 1458 25 21 af
143 1458 187 27 silfverutvexling
343 1464 25 15 ur
383 1457 96 27 banken,
501 1463 27 15 en
547 1455 129 26 inställelse,
698 1461 45 14 som
760 1454 97 21 emeller-
