<?xml version="1.0" encoding="UTF-8"?>
<alto xmlns="http://www.loc.gov/standards/alto/ns-v3#" xmlns:xlink="http://www.w3.org/1999/xlink" xmlns:xsi="http://www.w3.org/2001/XMLSchema-instance" xsi:schemaLocation="http://www.loc.gov/standards/alto/ns-v3# http://www.loc.gov/alto/v3/alto-3-0.xsd">
	<Description>
		<MeasurementUnit>pixel</MeasurementUnit>
		<sourceImageInformation>
			<fileName>/tmp/tess_o5ib_muh_input.PNG</fileName>
		</sourceImageInformation>
		<OCRProcessing ID="OCR_0">
			<ocrProcessingStep>
				<processingSoftware>
					<softwareName>tesseract 5.3.4</softwareName>
				</processingSoftware>
			</ocrProcessingStep>
		</OCRProcessing>
	</Description>
	<Layout>
		<Page WIDTH="992" HEIGHT="1823" PHYSICAL_IMG_NR="0" ID="page_0">
			<PrintSpace HPOS="0" VPOS="0" WIDTH="992" HEIGHT="1823">
				<ComposedBlock ID="cblock_0" HPOS="174" VPOS="130" WIDTH="41" HEIGHT="26">
					<TextBlock ID="block_0" HPOS="174" VPOS="130" WIDTH="41" HEIGHT="26">
						<TextLine ID="line_0" HPOS="174" VPOS="130" WIDTH="41" HEIGHT="26">
							<String ID="string_0" HPOS="174" VPOS="130" WIDTH="41" HEIGHT="26" WC="0.90" CONTENT="116"/>
						</TextLine>
					</TextBlock>
				</ComposedBlock>
				<ComposedBlock ID="cblock_1" HPOS="145" VPOS="188" WIDTH="764" HEIGHT="1271">
					<TextBlock ID="block_1" HPOS="145" VPOS="188" WIDTH="764" HEIGHT="1271">
						<TextLine ID="line_1" HPOS="146" VPOS="188" WIDTH="752" HEIGHT="38">
							<String ID="string_1" HPOS="146" VPOS="199" WIDTH="94" HEIGHT="22" WC="0.92" CONTENT="nämnde"/><SP WIDTH="21" VPOS="199" HPOS="240"/>
							<String ID="string_2" HPOS="261" VPOS="199" WIDTH="131" HEIGHT="27" WC="0.92" CONTENT="tjenstemän"/><SP WIDTH="23" VPOS="199" HPOS="392"/>
							<String ID="string_3" HPOS="415" VPOS="197" WIDTH="67" HEIGHT="22" WC="0.96" CONTENT="borde"/><SP WIDTH="22" VPOS="197" HPOS="482"/>
							<String ID="string_4" HPOS="504" VPOS="195" WIDTH="50" HEIGHT="23" WC="0.93" CONTENT="med"/><SP WIDTH="22" VPOS="195" HPOS="554"/>
							<String ID="string_5" HPOS="576" VPOS="193" WIDTH="141" HEIGHT="24" WC="0.92" CONTENT="förmänsrätt"/><SP WIDTH="19" VPOS="193" HPOS="717"/>
							<String ID="string_6" HPOS="736" VPOS="193" WIDTH="114" HEIGHT="23" WC="0.92" CONTENT="befordras"/><SP WIDTH="16" VPOS="193" HPOS="850"/>
							<String ID="string_7" HPOS="866" VPOS="188" WIDTH="32" HEIGHT="26" WC="0.94" CONTENT="till"/>
						</TextLine>
						<TextLine ID="line_2" HPOS="146" VPOS="228" WIDTH="752" HEIGHT="32">
							<String ID="string_8" HPOS="146" VPOS="240" WIDTH="73" HEIGHT="14" WC="0.93" CONTENT="annan"/><SP WIDTH="15" VPOS="240" HPOS="219"/>
							<String ID="string_9" HPOS="234" VPOS="232" WIDTH="213" HEIGHT="28" WC="0.90" CONTENT="tjenstebefattning,"/><SP WIDTH="18" VPOS="232" HPOS="447"/>
							<String ID="string_10" HPOS="465" VPOS="233" WIDTH="12" HEIGHT="25" WC="0.72" CONTENT="$"/><SP WIDTH="16" VPOS="233" HPOS="477"/>
							<String ID="string_11" HPOS="493" VPOS="232" WIDTH="14" HEIGHT="20" WC="0.96" CONTENT="4"/><SP WIDTH="14" VPOS="232" HPOS="507"/>
							<String ID="string_12" HPOS="521" VPOS="230" WIDTH="83" HEIGHT="22" WC="0.96" CONTENT="erhålla"/><SP WIDTH="16" VPOS="230" HPOS="604"/>
							<String ID="string_13" HPOS="620" VPOS="230" WIDTH="36" HEIGHT="21" WC="0.96" CONTENT="det"/><SP WIDTH="15" VPOS="230" HPOS="656"/>
							<String ID="string_14" HPOS="671" VPOS="230" WIDTH="86" HEIGHT="26" WC="0.96" CONTENT="tillägg,"/><SP WIDTH="13" VPOS="230" HPOS="757"/>
							<String ID="string_15" HPOS="770" VPOS="231" WIDTH="32" HEIGHT="19" WC="0.96" CONTENT="att"/><SP WIDTH="11" VPOS="231" HPOS="802"/>
							<String ID="string_16" HPOS="813" VPOS="228" WIDTH="41" HEIGHT="21" WC="0.93" CONTENT="den"/><SP WIDTH="13" VPOS="228" HPOS="854"/>
							<String ID="string_17" HPOS="867" VPOS="234" WIDTH="31" HEIGHT="14" WC="0.93" CONTENT="er-"/>
						</TextLine>
						<TextLine ID="line_3" HPOS="148" VPOS="262" WIDTH="750" HEIGHT="33">
							<String ID="string_18" HPOS="148" VPOS="267" WIDTH="81" HEIGHT="28" WC="0.95" CONTENT="bjudna"/><SP WIDTH="20" VPOS="267" HPOS="229"/>
							<String ID="string_19" HPOS="249" VPOS="266" WIDTH="151" HEIGHT="27" WC="0.93" CONTENT="befattningen"/><SP WIDTH="15" VPOS="266" HPOS="400"/>
							<String ID="string_20" HPOS="415" VPOS="265" WIDTH="84" HEIGHT="29" WC="0.90" CONTENT="jemväl"/><SP WIDTH="15" VPOS="265" HPOS="499"/>
							<String ID="string_21" HPOS="514" VPOS="264" WIDTH="68" HEIGHT="22" WC="0.96" CONTENT="borde"/><SP WIDTH="16" VPOS="264" HPOS="582"/>
							<String ID="string_22" HPOS="598" VPOS="271" WIDTH="52" HEIGHT="15" WC="0.95" CONTENT="vara"/><SP WIDTH="15" VPOS="271" HPOS="650"/>
							<String ID="string_23" HPOS="665" VPOS="264" WIDTH="7" HEIGHT="21" WC="0.95" CONTENT="i"/><SP WIDTH="15" VPOS="264" HPOS="672"/>
							<String ID="string_24" HPOS="687" VPOS="264" WIDTH="71" HEIGHT="21" WC="0.96" CONTENT="lokalt"/><SP WIDTH="15" VPOS="264" HPOS="758"/>
							<String ID="string_25" HPOS="773" VPOS="262" WIDTH="125" HEIGHT="22" WC="0.96" CONTENT="hänseende"/>
						</TextLine>
						<TextLine ID="line_4" HPOS="145" VPOS="296" WIDTH="754" HEIGHT="33">
							<String ID="string_26" HPOS="145" VPOS="302" WIDTH="100" HEIGHT="27" WC="0.96" CONTENT="lämplig,"/><SP WIDTH="22" VPOS="302" HPOS="245"/>
							<String ID="string_27" HPOS="267" VPOS="301" WIDTH="24" HEIGHT="22" WC="0.96" CONTENT="sä"/><SP WIDTH="20" VPOS="301" HPOS="291"/>
							<String ID="string_28" HPOS="311" VPOS="302" WIDTH="32" HEIGHT="20" WC="0.93" CONTENT="att"/><SP WIDTH="20" VPOS="302" HPOS="343"/>
							<String ID="string_29" HPOS="363" VPOS="302" WIDTH="14" HEIGHT="20" WC="0.89" CONTENT="t."/><SP WIDTH="20" VPOS="302" HPOS="377"/>
							<String ID="string_30" HPOS="397" VPOS="307" WIDTH="33" HEIGHT="15" WC="0.96" CONTENT="ex."/><SP WIDTH="21" VPOS="307" HPOS="430"/>
							<String ID="string_31" HPOS="451" VPOS="306" WIDTH="27" HEIGHT="15" WC="0.93" CONTENT="en"/><SP WIDTH="18" VPOS="306" HPOS="478"/>
							<String ID="string_32" HPOS="496" VPOS="299" WIDTH="132" HEIGHT="27" WC="0.92" CONTENT="tjensteman"/><SP WIDTH="19" VPOS="299" HPOS="628"/>
							<String ID="string_33" HPOS="647" VPOS="298" WIDTH="19" HEIGHT="28" WC="0.96" CONTENT="ej"/><SP WIDTH="17" VPOS="298" HPOS="666"/>
							<String ID="string_34" HPOS="683" VPOS="298" WIDTH="74" HEIGHT="21" WC="0.96" CONTENT="kunde"/><SP WIDTH="15" VPOS="298" HPOS="757"/>
							<String ID="string_35" HPOS="772" VPOS="297" WIDTH="47" HEIGHT="21" WC="0.96" CONTENT="från"/><SP WIDTH="15" VPOS="297" HPOS="819"/>
							<String ID="string_36" HPOS="834" VPOS="296" WIDTH="65" HEIGHT="22" WC="0.96" CONTENT="södra"/>
						</TextLine>
						<TextLine ID="line_5" HPOS="146" VPOS="332" WIDTH="689" HEIGHT="30">
							<String ID="string_37" HPOS="146" VPOS="335" WIDTH="95" HEIGHT="22" WC="0.96" CONTENT="Finland"/><SP WIDTH="14" VPOS="335" HPOS="241"/>
							<String ID="string_38" HPOS="255" VPOS="337" WIDTH="159" HEIGHT="25" WC="0.96" CONTENT="transporteras"/><SP WIDTH="16" VPOS="337" HPOS="414"/>
							<String ID="string_39" HPOS="430" VPOS="334" WIDTH="33" HEIGHT="21" WC="0.96" CONTENT="till"/><SP WIDTH="15" VPOS="334" HPOS="463"/>
							<String ID="string_40" HPOS="478" VPOS="333" WIDTH="153" HEIGHT="28" WC="0.96" CONTENT="lappmarken;"/><SP WIDTH="16" VPOS="333" HPOS="631"/>
							<String ID="string_41" HPOS="647" VPOS="334" WIDTH="56" HEIGHT="20" WC="0.93" CONTENT="samt"/><SP WIDTH="16" VPOS="334" HPOS="703"/>
							<String ID="string_42" HPOS="719" VPOS="333" WIDTH="13" HEIGHT="26" WC="0.85" CONTENT="$"/><SP WIDTH="15" VPOS="333" HPOS="732"/>
							<String ID="string_43" HPOS="747" VPOS="332" WIDTH="11" HEIGHT="21" WC="0.96" CONTENT="5"/><SP WIDTH="17" VPOS="332" HPOS="758"/>
							<String ID="string_44" HPOS="775" VPOS="332" WIDTH="60" HEIGHT="26" WC="0.96" CONTENT="utgå."/>
						</TextLine>
						<TextLine ID="line_6" HPOS="215" VPOS="365" WIDTH="684" HEIGHT="33">
							<String ID="string_45" HPOS="215" VPOS="369" WIDTH="159" HEIGHT="29" WC="0.96" CONTENT="Kyrkoherden"/><SP WIDTH="20" VPOS="369" HPOS="374"/>
							<String ID="string_46" HPOS="394" VPOS="369" WIDTH="132" HEIGHT="21" WC="0.95" CONTENT="Castrén:"/><SP WIDTH="22" VPOS="369" HPOS="526"/>
							<String ID="string_47" HPOS="548" VPOS="368" WIDTH="44" HEIGHT="26" WC="0.96" CONTENT="Jag"/><SP WIDTH="15" VPOS="368" HPOS="592"/>
							<String ID="string_48" HPOS="607" VPOS="367" WIDTH="86" HEIGHT="21" WC="0.96" CONTENT="förenar"/><SP WIDTH="15" VPOS="367" HPOS="693"/>
							<String ID="string_49" HPOS="708" VPOS="366" WIDTH="45" HEIGHT="27" WC="0.96" CONTENT="mig"/><SP WIDTH="15" VPOS="366" HPOS="753"/>
							<String ID="string_50" HPOS="768" VPOS="367" WIDTH="6" HEIGHT="21" WC="0.93" CONTENT="i"/><SP WIDTH="16" VPOS="367" HPOS="774"/>
							<String ID="string_51" HPOS="790" VPOS="366" WIDTH="44" HEIGHT="20" WC="0.92" CONTENT="allo"/><SP WIDTH="16" VPOS="366" HPOS="834"/>
							<String ID="string_52" HPOS="850" VPOS="365" WIDTH="49" HEIGHT="21" WC="0.96" CONTENT="med"/>
						</TextLine>
						<TextLine ID="line_7" HPOS="146" VPOS="399" WIDTH="754" HEIGHT="33">
							<String ID="string_53" HPOS="146" VPOS="406" WIDTH="89" HEIGHT="26" WC="0.93" CONTENT="prosten"/><SP WIDTH="20" VPOS="406" HPOS="235"/>
							<String ID="string_54" HPOS="255" VPOS="404" WIDTH="106" HEIGHT="21" WC="0.91" CONTENT="Borenius"/><SP WIDTH="16" VPOS="404" HPOS="361"/>
							<String ID="string_55" HPOS="377" VPOS="403" WIDTH="39" HEIGHT="21" WC="0.96" CONTENT="och"/><SP WIDTH="17" VPOS="403" HPOS="416"/>
							<String ID="string_56" HPOS="433" VPOS="409" WIDTH="65" HEIGHT="15" WC="0.95" CONTENT="anser"/><SP WIDTH="14" VPOS="409" HPOS="498"/>
							<String ID="string_57" HPOS="512" VPOS="402" WIDTH="45" HEIGHT="26" WC="0.95" CONTENT="mig"/><SP WIDTH="14" VPOS="402" HPOS="557"/>
							<String ID="string_58" HPOS="571" VPOS="402" WIDTH="67" HEIGHT="21" WC="0.95" CONTENT="hafva"/><SP WIDTH="14" VPOS="402" HPOS="638"/>
							<String ID="string_59" HPOS="652" VPOS="401" WIDTH="132" HEIGHT="27" WC="0.95" CONTENT="fullkomligt"/><SP WIDTH="16" VPOS="401" HPOS="784"/>
							<String ID="string_60" HPOS="800" VPOS="399" WIDTH="100" HEIGHT="28" WC="0.96" CONTENT="grundad"/>
						</TextLine>
						<TextLine ID="line_8" HPOS="148" VPOS="433" WIDTH="752" HEIGHT="32">
							<String ID="string_61" HPOS="148" VPOS="438" WIDTH="119" HEIGHT="27" WC="0.90" CONTENT="anledning"/><SP WIDTH="22" VPOS="438" HPOS="267"/>
							<String ID="string_62" HPOS="289" VPOS="437" WIDTH="81" HEIGHT="28" WC="0.90" CONTENT="dertill,"/><SP WIDTH="25" VPOS="437" HPOS="370"/>
							<String ID="string_63" HPOS="395" VPOS="436" WIDTH="91" HEIGHT="22" WC="0.96" CONTENT="emedan"/><SP WIDTH="21" VPOS="436" HPOS="486"/>
							<String ID="string_64" HPOS="507" VPOS="436" WIDTH="49" HEIGHT="21" WC="0.96" CONTENT="herr"/><SP WIDTH="18" VPOS="436" HPOS="556"/>
							<String ID="string_65" HPOS="574" VPOS="437" WIDTH="87" HEIGHT="26" WC="0.96" CONTENT="prosten"/><SP WIDTH="19" VPOS="437" HPOS="661"/>
							<String ID="string_66" HPOS="680" VPOS="435" WIDTH="7" HEIGHT="21" WC="0.96" CONTENT="i"/><SP WIDTH="19" VPOS="435" HPOS="687"/>
							<String ID="string_67" HPOS="706" VPOS="435" WIDTH="38" HEIGHT="21" WC="0.93" CONTENT="sitt"/><SP WIDTH="13" VPOS="435" HPOS="744"/>
							<String ID="string_68" HPOS="757" VPOS="433" WIDTH="143" HEIGHT="28" WC="0.91" CONTENT="andragande"/>
						</TextLine>
						<TextLine ID="line_9" HPOS="147" VPOS="468" WIDTH="754" HEIGHT="29">
							<String ID="string_69" HPOS="147" VPOS="472" WIDTH="92" HEIGHT="22" WC="0.92" CONTENT="förbiser"/><SP WIDTH="20" VPOS="472" HPOS="239"/>
							<String ID="string_70" HPOS="259" VPOS="471" WIDTH="98" HEIGHT="22" WC="0.90" CONTENT="hvarken"/><SP WIDTH="21" VPOS="471" HPOS="357"/>
							<String ID="string_71" HPOS="378" VPOS="473" WIDTH="83" HEIGHT="19" WC="0.96" CONTENT="statens"/><SP WIDTH="20" VPOS="473" HPOS="461"/>
							<String ID="string_72" HPOS="481" VPOS="470" WIDTH="53" HEIGHT="22" WC="0.96" CONTENT="eller"/><SP WIDTH="15" VPOS="470" HPOS="534"/>
							<String ID="string_73" HPOS="549" VPOS="470" WIDTH="50" HEIGHT="21" WC="0.93" CONTENT="dess"/><SP WIDTH="15" VPOS="470" HPOS="599"/>
							<String ID="string_74" HPOS="614" VPOS="470" WIDTH="143" HEIGHT="27" WC="0.92" CONTENT="tjenstemäns"/><SP WIDTH="16" VPOS="470" HPOS="757"/>
							<String ID="string_75" HPOS="773" VPOS="468" WIDTH="128" HEIGHT="28" WC="0.96" CONTENT="rättigheter"/>
						</TextLine>
						<TextLine ID="line_10" HPOS="148" VPOS="503" WIDTH="753" HEIGHT="31">
							<String ID="string_76" HPOS="148" VPOS="507" WIDTH="40" HEIGHT="21" WC="0.93" CONTENT="och"/><SP WIDTH="19" VPOS="507" HPOS="188"/>
							<String ID="string_77" HPOS="207" VPOS="506" WIDTH="152" HEIGHT="28" WC="0.92" CONTENT="förpligtelser."/><SP WIDTH="37" VPOS="506" HPOS="359"/>
							<String ID="string_78" HPOS="396" VPOS="505" WIDTH="41" HEIGHT="22" WC="0.84" CONTENT="Vid"/><SP WIDTH="20" VPOS="505" HPOS="437"/>
							<String ID="string_79" HPOS="457" VPOS="504" WIDTH="139" HEIGHT="28" WC="0.96" CONTENT="lagstiftning"/><SP WIDTH="16" VPOS="504" HPOS="596"/>
							<String ID="string_80" HPOS="612" VPOS="504" WIDTH="69" HEIGHT="22" WC="0.95" CONTENT="måste"/><SP WIDTH="17" VPOS="504" HPOS="681"/>
							<String ID="string_81" HPOS="698" VPOS="511" WIDTH="51" HEIGHT="14" WC="0.95" CONTENT="man"/><SP WIDTH="19" VPOS="511" HPOS="749"/>
							<String ID="string_82" HPOS="768" VPOS="509" WIDTH="57" HEIGHT="21" WC="0.95" CONTENT="noga"/><SP WIDTH="18" VPOS="509" HPOS="825"/>
							<String ID="string_83" HPOS="843" VPOS="503" WIDTH="58" HEIGHT="20" WC="0.96" CONTENT="vaka"/>
						</TextLine>
						<TextLine ID="line_11" HPOS="149" VPOS="537" WIDTH="752" HEIGHT="32">
							<String ID="string_84" HPOS="149" VPOS="540" WIDTH="106" HEIGHT="29" WC="0.91" CONTENT="deröfver,"/><SP WIDTH="16" VPOS="540" HPOS="255"/>
							<String ID="string_85" HPOS="271" VPOS="541" WIDTH="32" HEIGHT="20" WC="0.96" CONTENT="att"/><SP WIDTH="16" VPOS="541" HPOS="303"/>
							<String ID="string_86" HPOS="319" VPOS="541" WIDTH="83" HEIGHT="21" WC="0.96" CONTENT="statens"/><SP WIDTH="16" VPOS="541" HPOS="402"/>
							<String ID="string_87" HPOS="418" VPOS="539" WIDTH="69" HEIGHT="22" WC="0.96" CONTENT="fördel"/><SP WIDTH="15" VPOS="539" HPOS="487"/>
							<String ID="string_88" HPOS="502" VPOS="539" WIDTH="50" HEIGHT="21" WC="0.96" CONTENT="icke"/><SP WIDTH="10" VPOS="539" HPOS="552"/>
							<String ID="string_89" HPOS="562" VPOS="539" WIDTH="68" HEIGHT="21" WC="0.93" CONTENT="heller"/><SP WIDTH="10" VPOS="539" HPOS="630"/>
							<String ID="string_90" HPOS="640" VPOS="538" WIDTH="164" HEIGHT="21" WC="0.92" CONTENT="tillbakasättes"/><SP WIDTH="10" VPOS="538" HPOS="804"/>
							<String ID="string_91" HPOS="814" VPOS="537" WIDTH="35" HEIGHT="22" WC="0.96" CONTENT="för"/><SP WIDTH="10" VPOS="537" HPOS="849"/>
							<String ID="string_92" HPOS="859" VPOS="537" WIDTH="42" HEIGHT="21" WC="0.96" CONTENT="den"/>
						</TextLine>
						<TextLine ID="line_12" HPOS="149" VPOS="572" WIDTH="751" HEIGHT="31">
							<String ID="string_93" HPOS="149" VPOS="575" WIDTH="123" HEIGHT="28" WC="0.93" CONTENT="enskildas;"/><SP WIDTH="13" VPOS="575" HPOS="272"/>
							<String ID="string_94" HPOS="285" VPOS="577" WIDTH="33" HEIGHT="25" WC="0.52" CONTENT=":ty"/><SP WIDTH="22" VPOS="577" HPOS="318"/>
							<String ID="string_95" HPOS="340" VPOS="574" WIDTH="49" HEIGHT="21" WC="0.96" CONTENT="icke"/><SP WIDTH="24" VPOS="574" HPOS="389"/>
							<String ID="string_96" HPOS="413" VPOS="577" WIDTH="24" HEIGHT="18" WC="0.96" CONTENT="är"/><SP WIDTH="22" VPOS="577" HPOS="437"/>
							<String ID="string_97" HPOS="459" VPOS="576" WIDTH="72" HEIGHT="19" WC="0.96" CONTENT="staten"/><SP WIDTH="21" VPOS="576" HPOS="531"/>
							<String ID="string_98" HPOS="552" VPOS="573" WIDTH="32" HEIGHT="22" WC="0.96" CONTENT="till"/><SP WIDTH="15" VPOS="573" HPOS="584"/>
							<String ID="string_99" HPOS="599" VPOS="573" WIDTH="33" HEIGHT="22" WC="0.93" CONTENT="för"/><SP WIDTH="16" VPOS="573" HPOS="632"/>
							<String ID="string_100" HPOS="648" VPOS="573" WIDTH="92" HEIGHT="22" WC="0.91" CONTENT="embets-"/><SP WIDTH="16" VPOS="573" HPOS="740"/>
							<String ID="string_101" HPOS="756" VPOS="572" WIDTH="39" HEIGHT="22" WC="0.93" CONTENT="och"/><SP WIDTH="16" VPOS="572" HPOS="795"/>
							<String ID="string_102" HPOS="811" VPOS="572" WIDTH="89" HEIGHT="27" WC="0.92" CONTENT="tjenste-"/>
						</TextLine>
						<TextLine ID="line_13" HPOS="148" VPOS="606" WIDTH="754" HEIGHT="31">
							<String ID="string_103" HPOS="148" VPOS="612" WIDTH="107" HEIGHT="19" WC="0.95" CONTENT="männens"/><SP WIDTH="20" VPOS="612" HPOS="255"/>
							<String ID="string_104" HPOS="275" VPOS="609" WIDTH="68" HEIGHT="28" WC="0.95" CONTENT="skull,"/><SP WIDTH="20" VPOS="609" HPOS="343"/>
							<String ID="string_105" HPOS="363" VPOS="615" WIDTH="49" HEIGHT="15" WC="0.95" CONTENT="men"/><SP WIDTH="16" VPOS="615" HPOS="412"/>
							<String ID="string_106" HPOS="428" VPOS="608" WIDTH="36" HEIGHT="22" WC="0.96" CONTENT="väl"/><SP WIDTH="15" VPOS="608" HPOS="464"/>
							<String ID="string_107" HPOS="479" VPOS="610" WIDTH="99" HEIGHT="20" WC="0.96" CONTENT="tvärtom."/><SP WIDTH="30" VPOS="610" HPOS="578"/>
							<String ID="string_108" HPOS="608" VPOS="607" WIDTH="100" HEIGHT="22" WC="0.96" CONTENT="Rättvisa"/><SP WIDTH="14" VPOS="607" HPOS="708"/>
							<String ID="string_109" HPOS="722" VPOS="607" WIDTH="40" HEIGHT="22" WC="0.93" CONTENT="bör"/><SP WIDTH="14" VPOS="607" HPOS="762"/>
							<String ID="string_110" HPOS="776" VPOS="606" WIDTH="126" HEIGHT="23" WC="0.92" CONTENT="vederfaras"/>
						</TextLine>
						<TextLine ID="line_14" HPOS="150" VPOS="641" WIDTH="752" HEIGHT="30">
							<String ID="string_111" HPOS="150" VPOS="643" WIDTH="49" HEIGHT="22" WC="0.95" CONTENT="dem"/><SP WIDTH="22" VPOS="643" HPOS="199"/>
							<String ID="string_112" HPOS="221" VPOS="643" WIDTH="117" HEIGHT="28" WC="0.95" CONTENT="hvardera,"/><SP WIDTH="23" VPOS="643" HPOS="338"/>
							<String ID="string_113" HPOS="361" VPOS="642" WIDTH="84" HEIGHT="22" WC="0.96" CONTENT="hvilket"/><SP WIDTH="19" VPOS="642" HPOS="445"/>
							<String ID="string_114" HPOS="464" VPOS="642" WIDTH="64" HEIGHT="22" WC="0.96" CONTENT="äfven"/><SP WIDTH="19" VPOS="642" HPOS="528"/>
							<String ID="string_115" HPOS="547" VPOS="641" WIDTH="41" HEIGHT="22" WC="0.96" CONTENT="den"/><SP WIDTH="17" VPOS="641" HPOS="588"/>
							<String ID="string_116" HPOS="605" VPOS="641" WIDTH="119" HEIGHT="28" WC="0.96" CONTENT="kejserliga"/><SP WIDTH="16" VPOS="641" HPOS="724"/>
							<String ID="string_117" HPOS="740" VPOS="641" WIDTH="162" HEIGHT="28" WC="0.96" CONTENT="propositionen"/>
						</TextLine>
						<TextLine ID="line_15" HPOS="150" VPOS="675" WIDTH="753" HEIGHT="29">
							<String ID="string_118" HPOS="150" VPOS="678" WIDTH="41" HEIGHT="22" WC="0.91" CONTENT="och"/><SP WIDTH="23" VPOS="678" HPOS="191"/>
							<String ID="string_119" HPOS="214" VPOS="677" WIDTH="173" HEIGHT="22" WC="0.91" CONTENT="statsutskottets"/><SP WIDTH="21" VPOS="677" HPOS="387"/>
							<String ID="string_120" HPOS="408" VPOS="676" WIDTH="140" HEIGHT="22" WC="0.96" CONTENT="betänkande"/><SP WIDTH="22" VPOS="676" HPOS="548"/>
							<String ID="string_121" HPOS="570" VPOS="676" WIDTH="78" HEIGHT="28" WC="0.95" CONTENT="åsyfta."/><SP WIDTH="31" VPOS="676" HPOS="648"/>
							<String ID="string_122" HPOS="679" VPOS="676" WIDTH="33" HEIGHT="21" WC="0.96" CONTENT="De"/><SP WIDTH="20" VPOS="676" HPOS="712"/>
							<String ID="string_123" HPOS="732" VPOS="675" WIDTH="25" HEIGHT="22" WC="0.96" CONTENT="af"/><SP WIDTH="13" VPOS="675" HPOS="757"/>
							<String ID="string_124" HPOS="770" VPOS="675" WIDTH="133" HEIGHT="27" WC="0.96" CONTENT="föregående"/>
						</TextLine>
						<TextLine ID="line_16" HPOS="150" VPOS="709" WIDTH="751" HEIGHT="29">
							<String ID="string_125" HPOS="150" VPOS="712" WIDTH="68" HEIGHT="22" WC="0.96" CONTENT="värda"/><SP WIDTH="23" VPOS="712" HPOS="218"/>
							<String ID="string_126" HPOS="241" VPOS="711" WIDTH="70" HEIGHT="22" WC="0.92" CONTENT="talare"/><SP WIDTH="22" VPOS="711" HPOS="311"/>
							<String ID="string_127" HPOS="333" VPOS="711" WIDTH="130" HEIGHT="22" WC="0.92" CONTENT="framhållna"/><SP WIDTH="21" VPOS="711" HPOS="463"/>
							<String ID="string_128" HPOS="484" VPOS="711" WIDTH="97" HEIGHT="27" WC="0.95" CONTENT="exempel"/><SP WIDTH="21" VPOS="711" HPOS="581"/>
							<String ID="string_129" HPOS="602" VPOS="711" WIDTH="28" HEIGHT="27" WC="0.96" CONTENT="på"/><SP WIDTH="15" VPOS="711" HPOS="630"/>
							<String ID="string_130" HPOS="645" VPOS="710" WIDTH="27" HEIGHT="21" WC="0.96" CONTENT="de"/><SP WIDTH="16" VPOS="710" HPOS="672"/>
							<String ID="string_131" HPOS="688" VPOS="710" WIDTH="80" HEIGHT="27" WC="0.96" CONTENT="många"/><SP WIDTH="15" VPOS="710" HPOS="768"/>
							<String ID="string_132" HPOS="783" VPOS="709" WIDTH="118" HEIGHT="28" WC="0.96" CONTENT="missbruk,"/>
						</TextLine>
						<TextLine ID="line_17" HPOS="150" VPOS="744" WIDTH="753" HEIGHT="29">
							<String ID="string_133" HPOS="150" VPOS="753" WIDTH="46" HEIGHT="16" WC="0.95" CONTENT="som"/><SP WIDTH="23" VPOS="753" HPOS="196"/>
							<String ID="string_134" HPOS="219" VPOS="745" WIDTH="52" HEIGHT="23" WC="0.93" CONTENT="flere"/><SP WIDTH="22" VPOS="745" HPOS="271"/>
							<String ID="string_135" HPOS="293" VPOS="746" WIDTH="92" HEIGHT="21" WC="0.91" CONTENT="embets-"/><SP WIDTH="23" VPOS="746" HPOS="385"/>
							<String ID="string_136" HPOS="408" VPOS="745" WIDTH="40" HEIGHT="22" WC="0.93" CONTENT="och"/><SP WIDTH="21" VPOS="745" HPOS="448"/>
							<String ID="string_137" HPOS="469" VPOS="745" WIDTH="141" HEIGHT="28" WC="0.91" CONTENT="tjenstemän,"/><SP WIDTH="22" VPOS="745" HPOS="610"/>
							<String ID="string_138" HPOS="632" VPOS="744" WIDTH="87" HEIGHT="22" WC="0.92" CONTENT="hvilkas"/><SP WIDTH="23" VPOS="744" HPOS="719"/>
							<String ID="string_139" HPOS="742" VPOS="744" WIDTH="92" HEIGHT="28" WC="0.92" CONTENT="tjenster"/><SP WIDTH="21" VPOS="744" HPOS="834"/>
							<String ID="string_140" HPOS="855" VPOS="744" WIDTH="48" HEIGHT="21" WC="0.88" CONTENT="blif-"/>
						</TextLine>
						<TextLine ID="line_18" HPOS="150" VPOS="779" WIDTH="752" HEIGHT="29">
							<String ID="string_141" HPOS="150" VPOS="781" WIDTH="32" HEIGHT="22" WC="0.96" CONTENT="vit"/><SP WIDTH="24" VPOS="781" HPOS="182"/>
							<String ID="string_142" HPOS="206" VPOS="780" WIDTH="117" HEIGHT="28" WC="0.95" CONTENT="indragna,"/><SP WIDTH="29" VPOS="780" HPOS="323"/>
							<String ID="string_143" HPOS="352" VPOS="780" WIDTH="75" HEIGHT="21" WC="0.94" CONTENT="tillåtit"/><SP WIDTH="23" VPOS="780" HPOS="427"/>
							<String ID="string_144" HPOS="450" VPOS="779" WIDTH="34" HEIGHT="28" WC="0.96" CONTENT="sig"/><SP WIDTH="22" VPOS="779" HPOS="484"/>
							<String ID="string_145" HPOS="506" VPOS="780" WIDTH="29" HEIGHT="28" WC="0.95" CONTENT="på"/><SP WIDTH="25" VPOS="780" HPOS="535"/>
							<String ID="string_146" HPOS="560" VPOS="779" WIDTH="36" HEIGHT="21" WC="0.96" CONTENT="det"/><SP WIDTH="26" VPOS="779" HPOS="596"/>
							<String ID="string_147" HPOS="622" VPOS="779" WIDTH="122" HEIGHT="22" WC="0.96" CONTENT="allmännas"/><SP WIDTH="24" VPOS="779" HPOS="744"/>
							<String ID="string_148" HPOS="768" VPOS="779" WIDTH="134" HEIGHT="28" WC="0.96" CONTENT="bekostnad,"/>
						</TextLine>
						<TextLine ID="line_19" HPOS="150" VPOS="813" WIDTH="753" HEIGHT="30">
							<String ID="string_149" HPOS="150" VPOS="815" WIDTH="67" HEIGHT="28" WC="0.96" CONTENT="lägga"/><SP WIDTH="15" VPOS="815" HPOS="217"/>
							<String ID="string_150" HPOS="232" VPOS="815" WIDTH="7" HEIGHT="21" WC="0.96" CONTENT="i"/><SP WIDTH="15" VPOS="815" HPOS="239"/>
							<String ID="string_151" HPOS="254" VPOS="815" WIDTH="49" HEIGHT="21" WC="0.95" CONTENT="klar"/><SP WIDTH="16" VPOS="815" HPOS="303"/>
							<String ID="string_152" HPOS="319" VPOS="814" WIDTH="68" HEIGHT="28" WC="0.96" CONTENT="dager"/><SP WIDTH="15" VPOS="814" HPOS="387"/>
							<String ID="string_153" HPOS="402" VPOS="815" WIDTH="53" HEIGHT="20" WC="0.95" CONTENT="huru"/><SP WIDTH="18" VPOS="815" HPOS="455"/>
							<String ID="string_154" HPOS="473" VPOS="814" WIDTH="65" HEIGHT="27" WC="0.96" CONTENT="högst"/><SP WIDTH="18" VPOS="814" HPOS="538"/>
							<String ID="string_155" HPOS="556" VPOS="813" WIDTH="25" HEIGHT="22" WC="0.93" CONTENT="af"/><SP WIDTH="12" VPOS="813" HPOS="581"/>
							<String ID="string_156" HPOS="593" VPOS="813" WIDTH="101" HEIGHT="22" WC="0.93" CONTENT="behofvet"/><SP WIDTH="17" VPOS="813" HPOS="694"/>
							<String ID="string_157" HPOS="711" VPOS="813" WIDTH="105" HEIGHT="28" WC="0.96" CONTENT="påkallad"/><SP WIDTH="16" VPOS="813" HPOS="816"/>
							<String ID="string_158" HPOS="832" VPOS="821" WIDTH="26" HEIGHT="13" WC="0.96" CONTENT="en"/><SP WIDTH="16" VPOS="821" HPOS="858"/>
							<String ID="string_159" HPOS="874" VPOS="820" WIDTH="29" HEIGHT="21" WC="0.96" CONTENT="ny"/>
						</TextLine>
						<TextLine ID="line_20" HPOS="151" VPOS="847" WIDTH="752" HEIGHT="30">
							<String ID="string_160" HPOS="151" VPOS="849" WIDTH="128" HEIGHT="28" WC="0.95" CONTENT="författning"/><SP WIDTH="22" VPOS="849" HPOS="279"/>
							<String ID="string_161" HPOS="301" VPOS="849" WIDTH="7" HEIGHT="21" WC="0.92" CONTENT="i"/><SP WIDTH="22" VPOS="849" HPOS="308"/>
							<String ID="string_162" HPOS="330" VPOS="848" WIDTH="122" HEIGHT="22" WC="0.90" CONTENT="förberördt"/><SP WIDTH="23" VPOS="848" HPOS="452"/>
							<String ID="string_163" HPOS="475" VPOS="847" WIDTH="103" HEIGHT="23" WC="0.96" CONTENT="afseende"/><SP WIDTH="22" VPOS="847" HPOS="578"/>
							<String ID="string_164" HPOS="600" VPOS="851" WIDTH="29" HEIGHT="24" WC="0.96" CONTENT="är,"/><SP WIDTH="20" VPOS="851" HPOS="629"/>
							<String ID="string_165" HPOS="649" VPOS="855" WIDTH="45" HEIGHT="15" WC="0.96" CONTENT="som"/><SP WIDTH="20" VPOS="855" HPOS="694"/>
							<String ID="string_166" HPOS="714" VPOS="847" WIDTH="73" HEIGHT="22" WC="0.96" CONTENT="kunde"/><SP WIDTH="16" VPOS="847" HPOS="787"/>
							<String ID="string_167" HPOS="803" VPOS="850" WIDTH="58" HEIGHT="19" WC="0.96" CONTENT="sätta"/><SP WIDTH="16" VPOS="850" HPOS="861"/>
							<String ID="string_168" HPOS="877" VPOS="855" WIDTH="26" HEIGHT="14" WC="0.94" CONTENT="en"/>
						</TextLine>
						<TextLine ID="line_21" HPOS="151" VPOS="882" WIDTH="753" HEIGHT="30">
							<String ID="string_169" HPOS="151" VPOS="886" WIDTH="66" HEIGHT="26" WC="0.95" CONTENT="gräns"/><SP WIDTH="22" VPOS="886" HPOS="217"/>
							<String ID="string_170" HPOS="239" VPOS="883" WIDTH="34" HEIGHT="22" WC="0.93" CONTENT="för"/><SP WIDTH="21" VPOS="883" HPOS="273"/>
							<String ID="string_171" HPOS="294" VPOS="883" WIDTH="142" HEIGHT="22" WC="0.92" CONTENT="omförmälde"/><SP WIDTH="23" VPOS="883" HPOS="436"/>
							<String ID="string_172" HPOS="459" VPOS="883" WIDTH="115" HEIGHT="22" WC="0.93" CONTENT="missbruk."/><SP WIDTH="31" VPOS="883" HPOS="574"/>
							<String ID="string_173" HPOS="605" VPOS="883" WIDTH="73" HEIGHT="21" WC="0.80" CONTENT="Ehuru"/><SP WIDTH="19" VPOS="883" HPOS="678"/>
							<String ID="string_174" HPOS="697" VPOS="882" WIDTH="89" HEIGHT="22" WC="0.96" CONTENT="talande"/><SP WIDTH="19" VPOS="882" HPOS="786"/>
							<String ID="string_175" HPOS="805" VPOS="883" WIDTH="99" HEIGHT="27" WC="0.95" CONTENT="exempel"/>
						</TextLine>
						<TextLine ID="line_22" HPOS="152" VPOS="917" WIDTH="752" HEIGHT="29">
							<String ID="string_176" HPOS="152" VPOS="918" WIDTH="69" HEIGHT="22" WC="0.95" CONTENT="redan"/><SP WIDTH="21" VPOS="918" HPOS="221"/>
							<String ID="string_177" HPOS="242" VPOS="917" WIDTH="72" HEIGHT="22" WC="0.93" CONTENT="blifvit"/><SP WIDTH="23" VPOS="917" HPOS="314"/>
							<String ID="string_178" HPOS="337" VPOS="918" WIDTH="100" HEIGHT="27" WC="0.92" CONTENT="antörda,"/><SP WIDTH="23" VPOS="918" HPOS="437"/>
							<String ID="string_179" HPOS="460" VPOS="917" WIDTH="39" HEIGHT="22" WC="0.96" CONTENT="vill"/><SP WIDTH="18" VPOS="917" HPOS="499"/>
							<String ID="string_180" HPOS="517" VPOS="918" WIDTH="42" HEIGHT="28" WC="0.95" CONTENT="jag"/><SP WIDTH="20" VPOS="918" HPOS="559"/>
							<String ID="string_181" HPOS="579" VPOS="917" WIDTH="56" HEIGHT="21" WC="0.96" CONTENT="dock"/><SP WIDTH="20" VPOS="917" HPOS="635"/>
							<String ID="string_182" HPOS="655" VPOS="917" WIDTH="33" HEIGHT="21" WC="0.96" CONTENT="till"/><SP WIDTH="13" VPOS="917" HPOS="688"/>
							<String ID="string_183" HPOS="701" VPOS="917" WIDTH="128" HEIGHT="29" WC="0.93" CONTENT="ytterligare"/><SP WIDTH="15" VPOS="917" HPOS="829"/>
							<String ID="string_184" HPOS="844" VPOS="917" WIDTH="60" HEIGHT="28" WC="0.93" CONTENT="bely-"/>
						</TextLine>
						<TextLine ID="line_23" HPOS="152" VPOS="952" WIDTH="751" HEIGHT="27">
							<String ID="string_185" HPOS="152" VPOS="952" WIDTH="69" HEIGHT="22" WC="0.89" CONTENT="sande"/><SP WIDTH="16" VPOS="952" HPOS="221"/>
							<String ID="string_186" HPOS="237" VPOS="952" WIDTH="25" HEIGHT="21" WC="0.96" CONTENT="af"/><SP WIDTH="12" VPOS="952" HPOS="262"/>
							<String ID="string_187" HPOS="274" VPOS="952" WIDTH="70" HEIGHT="22" WC="0.96" CONTENT="saken"/><SP WIDTH="15" VPOS="952" HPOS="344"/>
							<String ID="string_188" HPOS="359" VPOS="952" WIDTH="123" HEIGHT="27" WC="0.95" CONTENT="framlägga"/><SP WIDTH="16" VPOS="952" HPOS="482"/>
							<String ID="string_189" HPOS="498" VPOS="954" WIDTH="29" HEIGHT="20" WC="0.96" CONTENT="ett"/><SP WIDTH="16" VPOS="954" HPOS="527"/>
							<String ID="string_190" HPOS="543" VPOS="952" WIDTH="67" HEIGHT="21" WC="0.95" CONTENT="enda:"/><SP WIDTH="29" VPOS="952" HPOS="610"/>
							<String ID="string_191" HPOS="639" VPOS="952" WIDTH="26" HEIGHT="21" WC="0.95" CONTENT="Vi"/><SP WIDTH="15" VPOS="952" HPOS="665"/>
							<String ID="string_192" HPOS="680" VPOS="952" WIDTH="66" HEIGHT="21" WC="0.96" CONTENT="hafva"/><SP WIDTH="15" VPOS="952" HPOS="746"/>
							<String ID="string_193" HPOS="761" VPOS="958" WIDTH="35" HEIGHT="15" WC="0.96" CONTENT="oss"/><SP WIDTH="16" VPOS="958" HPOS="796"/>
							<String ID="string_194" HPOS="812" VPOS="952" WIDTH="91" HEIGHT="26" WC="0.96" CONTENT="bekant,"/>
						</TextLine>
						<TextLine ID="line_24" HPOS="153" VPOS="985" WIDTH="751" HEIGHT="29">
							<String ID="string_195" HPOS="153" VPOS="989" WIDTH="32" HEIGHT="18" WC="0.96" CONTENT="att"/><SP WIDTH="20" VPOS="989" HPOS="185"/>
							<String ID="string_196" HPOS="205" VPOS="986" WIDTH="107" HEIGHT="28" WC="0.96" CONTENT="styrelsen"/><SP WIDTH="19" VPOS="986" HPOS="312"/>
							<String ID="string_197" HPOS="331" VPOS="985" WIDTH="34" HEIGHT="22" WC="0.96" CONTENT="för"/><SP WIDTH="14" VPOS="985" HPOS="365"/>
							<String ID="string_198" HPOS="379" VPOS="986" WIDTH="69" HEIGHT="27" WC="0.96" CONTENT="några"/><SP WIDTH="16" VPOS="986" HPOS="448"/>
							<String ID="string_199" HPOS="464" VPOS="986" WIDTH="24" HEIGHT="21" WC="0.96" CONTENT="år"/><SP WIDTH="16" VPOS="986" HPOS="488"/>
							<String ID="string_200" HPOS="504" VPOS="986" WIDTH="68" HEIGHT="21" WC="0.96" CONTENT="sedan"/><SP WIDTH="15" VPOS="986" HPOS="572"/>
							<String ID="string_201" HPOS="587" VPOS="986" WIDTH="110" HEIGHT="21" WC="0.95" CONTENT="inrättade"/><SP WIDTH="16" VPOS="986" HPOS="697"/>
							<String ID="string_202" HPOS="713" VPOS="992" WIDTH="26" HEIGHT="15" WC="0.93" CONTENT="en"/><SP WIDTH="15" VPOS="992" HPOS="739"/>
							<String ID="string_203" HPOS="754" VPOS="986" WIDTH="150" HEIGHT="27" WC="0.91" CONTENT="skarpskytte-"/>
						</TextLine>
						<TextLine ID="line_25" HPOS="153" VPOS="1019" WIDTH="752" HEIGHT="29">
							<String ID="string_204" HPOS="153" VPOS="1021" WIDTH="64" HEIGHT="21" WC="0.96" CONTENT="skola"/><SP WIDTH="22" VPOS="1021" HPOS="217"/>
							<String ID="string_205" HPOS="239" VPOS="1020" WIDTH="33" HEIGHT="21" WC="0.96" CONTENT="för"/><SP WIDTH="21" VPOS="1020" HPOS="272"/>
							<String ID="string_206" HPOS="293" VPOS="1020" WIDTH="82" HEIGHT="21" WC="0.96" CONTENT="indelta"/><SP WIDTH="23" VPOS="1020" HPOS="375"/>
							<String ID="string_207" HPOS="398" VPOS="1020" WIDTH="118" HEIGHT="28" WC="0.96" CONTENT="militären,"/><SP WIDTH="24" VPOS="1020" HPOS="516"/>
							<String ID="string_208" HPOS="540" VPOS="1020" WIDTH="30" HEIGHT="21" WC="0.96" CONTENT="uti"/><SP WIDTH="23" VPOS="1020" HPOS="570"/>
							<String ID="string_209" HPOS="593" VPOS="1027" WIDTH="26" HEIGHT="14" WC="0.96" CONTENT="en"/><SP WIDTH="19" VPOS="1027" HPOS="619"/>
							<String ID="string_210" HPOS="638" VPOS="1020" WIDTH="26" HEIGHT="21" WC="0.96" CONTENT="af"/><SP WIDTH="14" VPOS="1020" HPOS="664"/>
							<String ID="string_211" HPOS="678" VPOS="1019" WIDTH="86" HEIGHT="22" WC="0.92" CONTENT="landets"/><SP WIDTH="15" VPOS="1019" HPOS="764"/>
							<String ID="string_212" HPOS="779" VPOS="1020" WIDTH="126" HEIGHT="27" WC="0.91" CONTENT="uppstäder."/>
						</TextLine>
						<TextLine ID="line_26" HPOS="152" VPOS="1054" WIDTH="752" HEIGHT="27">
							<String ID="string_213" HPOS="152" VPOS="1055" WIDTH="34" HEIGHT="21" WC="0.93" CONTENT="En"/><SP WIDTH="15" VPOS="1055" HPOS="186"/>
							<String ID="string_214" HPOS="201" VPOS="1054" WIDTH="201" HEIGHT="27" WC="0.90" CONTENT="läkarebefattning"/><SP WIDTH="14" VPOS="1054" HPOS="402"/>
							<String ID="string_215" HPOS="416" VPOS="1054" WIDTH="68" HEIGHT="21" WC="0.96" CONTENT="hörde"/><SP WIDTH="17" VPOS="1054" HPOS="484"/>
							<String ID="string_216" HPOS="501" VPOS="1054" WIDTH="63" HEIGHT="21" WC="0.96" CONTENT="äfven"/><SP WIDTH="16" VPOS="1054" HPOS="564"/>
							<String ID="string_217" HPOS="580" VPOS="1054" WIDTH="32" HEIGHT="21" WC="0.93" CONTENT="till"/><SP WIDTH="16" VPOS="1054" HPOS="612"/>
							<String ID="string_218" HPOS="628" VPOS="1054" WIDTH="153" HEIGHT="27" WC="0.88" CONTENT="inrättningen."/><SP WIDTH="25" VPOS="1054" HPOS="781"/>
							<String ID="string_219" HPOS="806" VPOS="1054" WIDTH="62" HEIGHT="21" WC="0.96" CONTENT="Efter"/><SP WIDTH="11" VPOS="1054" HPOS="868"/>
							<String ID="string_220" HPOS="879" VPOS="1061" WIDTH="25" HEIGHT="14" WC="0.96" CONTENT="en"/>
						</TextLine>
						<TextLine ID="line_27" HPOS="153" VPOS="1088" WIDTH="752" HEIGHT="28">
							<String ID="string_221" HPOS="153" VPOS="1088" WIDTH="88" HEIGHT="22" WC="0.96" CONTENT="kortare"/><SP WIDTH="21" VPOS="1088" HPOS="241"/>
							<String ID="string_222" HPOS="262" VPOS="1088" WIDTH="43" HEIGHT="22" WC="0.92" CONTENT="tids"/><SP WIDTH="19" VPOS="1088" HPOS="305"/>
							<String ID="string_223" HPOS="324" VPOS="1088" WIDTH="86" HEIGHT="22" WC="0.96" CONTENT="tillvaro"/><SP WIDTH="19" VPOS="1088" HPOS="410"/>
							<String ID="string_224" HPOS="429" VPOS="1089" WIDTH="26" HEIGHT="21" WC="0.96" CONTENT="af"/><SP WIDTH="15" VPOS="1089" HPOS="455"/>
							<String ID="string_225" HPOS="470" VPOS="1089" WIDTH="91" HEIGHT="21" WC="0.96" CONTENT="berörde"/><SP WIDTH="15" VPOS="1089" HPOS="561"/>
							<String ID="string_226" HPOS="576" VPOS="1088" WIDTH="72" HEIGHT="28" WC="0.96" CONTENT="skola,"/><SP WIDTH="17" VPOS="1088" HPOS="648"/>
							<String ID="string_227" HPOS="665" VPOS="1089" WIDTH="63" HEIGHT="27" WC="0.96" CONTENT="insåg"/><SP WIDTH="15" VPOS="1089" HPOS="728"/>
							<String ID="string_228" HPOS="743" VPOS="1095" WIDTH="50" HEIGHT="15" WC="0.93" CONTENT="man"/><SP WIDTH="16" VPOS="1095" HPOS="793"/>
							<String ID="string_229" HPOS="809" VPOS="1089" WIDTH="96" HEIGHT="21" WC="0.90" CONTENT="nödvän-"/>
						</TextLine>
						<TextLine ID="line_28" HPOS="154" VPOS="1122" WIDTH="752" HEIGHT="29">
							<String ID="string_230" HPOS="154" VPOS="1123" WIDTH="103" HEIGHT="28" WC="0.92" CONTENT="digheten"/><SP WIDTH="16" VPOS="1123" HPOS="257"/>
							<String ID="string_231" HPOS="273" VPOS="1123" WIDTH="25" HEIGHT="21" WC="0.96" CONTENT="af"/><SP WIDTH="11" VPOS="1123" HPOS="298"/>
							<String ID="string_232" HPOS="309" VPOS="1125" WIDTH="32" HEIGHT="19" WC="0.93" CONTENT="att"/><SP WIDTH="12" VPOS="1125" HPOS="341"/>
							<String ID="string_233" HPOS="353" VPOS="1123" WIDTH="96" HEIGHT="27" WC="0.91" CONTENT="indraga"/><SP WIDTH="16" VPOS="1123" HPOS="449"/>
							<String ID="string_234" HPOS="465" VPOS="1123" WIDTH="126" HEIGHT="22" WC="0.96" CONTENT="densamma"/><SP WIDTH="14" VPOS="1123" HPOS="591"/>
							<String ID="string_235" HPOS="605" VPOS="1123" WIDTH="50" HEIGHT="22" WC="0.96" CONTENT="med"/><SP WIDTH="15" VPOS="1123" HPOS="655"/>
							<String ID="string_236" HPOS="670" VPOS="1123" WIDTH="45" HEIGHT="21" WC="0.93" CONTENT="alla"/><SP WIDTH="11" VPOS="1123" HPOS="715"/>
							<String ID="string_237" HPOS="726" VPOS="1122" WIDTH="72" HEIGHT="22" WC="0.92" CONTENT="dertill"/><SP WIDTH="10" VPOS="1122" HPOS="798"/>
							<String ID="string_238" HPOS="808" VPOS="1123" WIDTH="98" HEIGHT="22" WC="0.96" CONTENT="hörande"/>
						</TextLine>
						<TextLine ID="line_29" HPOS="153" VPOS="1157" WIDTH="753" HEIGHT="29">
							<String ID="string_239" HPOS="153" VPOS="1157" WIDTH="98" HEIGHT="28" WC="0.91" CONTENT="tjenster."/><SP WIDTH="30" VPOS="1157" HPOS="251"/>
							<String ID="string_240" HPOS="281" VPOS="1157" WIDTH="101" HEIGHT="22" WC="0.95" CONTENT="Läkaren"/><SP WIDTH="24" VPOS="1157" HPOS="382"/>
							<String ID="string_241" HPOS="406" VPOS="1158" WIDTH="67" HEIGHT="21" WC="0.95" CONTENT="erhöll"/><SP WIDTH="23" VPOS="1158" HPOS="473"/>
							<String ID="string_242" HPOS="496" VPOS="1164" WIDTH="28" HEIGHT="15" WC="0.96" CONTENT="nu"/><SP WIDTH="21" VPOS="1164" HPOS="524"/>
							<String ID="string_243" HPOS="545" VPOS="1158" WIDTH="63" HEIGHT="21" WC="0.96" CONTENT="äfven"/><SP WIDTH="22" VPOS="1158" HPOS="608"/>
							<String ID="string_244" HPOS="630" VPOS="1157" WIDTH="86" HEIGHT="29" WC="0.96" CONTENT="afsked,"/><SP WIDTH="18" VPOS="1157" HPOS="716"/>
							<String ID="string_245" HPOS="734" VPOS="1165" WIDTH="48" HEIGHT="14" WC="0.96" CONTENT="men"/><SP WIDTH="17" VPOS="1165" HPOS="782"/>
							<String ID="string_246" HPOS="799" VPOS="1157" WIDTH="107" HEIGHT="23" WC="0.96" CONTENT="bibehölls"/>
						</TextLine>
						<TextLine ID="line_30" HPOS="153" VPOS="1191" WIDTH="752" HEIGHT="30">
							<String ID="string_247" HPOS="153" VPOS="1192" WIDTH="138" HEIGHT="27" WC="0.95" CONTENT="naturligtvis"/><SP WIDTH="20" VPOS="1192" HPOS="291"/>
							<String ID="string_248" HPOS="311" VPOS="1192" WIDTH="37" HEIGHT="21" WC="0.96" CONTENT="vid"/><SP WIDTH="20" VPOS="1192" HPOS="348"/>
							<String ID="string_249" HPOS="368" VPOS="1192" WIDTH="34" HEIGHT="21" WC="0.96" CONTENT="sin"/><SP WIDTH="18" VPOS="1192" HPOS="402"/>
							<String ID="string_250" HPOS="420" VPOS="1192" WIDTH="60" HEIGHT="27" WC="0.96" CONTENT="hela,"/><SP WIDTH="16" VPOS="1192" HPOS="480"/>
							<String ID="string_251" HPOS="496" VPOS="1192" WIDTH="50" HEIGHT="21" WC="0.96" CONTENT="icke"/><SP WIDTH="16" VPOS="1192" HPOS="546"/>
							<String ID="string_252" HPOS="562" VPOS="1191" WIDTH="135" HEIGHT="29" WC="0.96" CONTENT="obetydliga,"/><SP WIDTH="17" VPOS="1191" HPOS="697"/>
							<String ID="string_253" HPOS="714" VPOS="1193" WIDTH="42" HEIGHT="21" WC="0.96" CONTENT="lön."/><SP WIDTH="32" VPOS="1193" HPOS="756"/>
							<String ID="string_254" HPOS="788" VPOS="1193" WIDTH="65" HEIGHT="21" WC="0.60" CONTENT="Snart"/><SP WIDTH="14" VPOS="1193" HPOS="853"/>
							<String ID="string_255" HPOS="867" VPOS="1199" WIDTH="38" HEIGHT="22" WC="0.93" CONTENT="yp-"/>
						</TextLine>
						<TextLine ID="line_31" HPOS="153" VPOS="1225" WIDTH="753" HEIGHT="29">
							<String ID="string_256" HPOS="153" VPOS="1226" WIDTH="70" HEIGHT="27" WC="0.92" CONTENT="pades"/><SP WIDTH="16" VPOS="1226" HPOS="223"/>
							<String ID="string_257" HPOS="239" VPOS="1226" WIDTH="46" HEIGHT="21" WC="0.93" CONTENT="åter"/><SP WIDTH="15" VPOS="1226" HPOS="285"/>
							<String ID="string_258" HPOS="300" VPOS="1225" WIDTH="69" HEIGHT="22" WC="0.91" CONTENT="behof"/><SP WIDTH="11" VPOS="1225" HPOS="369"/>
							<String ID="string_259" HPOS="380" VPOS="1225" WIDTH="25" HEIGHT="22" WC="0.96" CONTENT="af"/><SP WIDTH="12" VPOS="1225" HPOS="405"/>
							<String ID="string_260" HPOS="417" VPOS="1226" WIDTH="76" HEIGHT="21" WC="0.96" CONTENT="läkare"/><SP WIDTH="15" VPOS="1226" HPOS="493"/>
							<String ID="string_261" HPOS="508" VPOS="1225" WIDTH="33" HEIGHT="22" WC="0.96" CONTENT="för"/><SP WIDTH="14" VPOS="1225" HPOS="541"/>
							<String ID="string_262" HPOS="555" VPOS="1226" WIDTH="118" HEIGHT="28" WC="0.95" CONTENT="militären,"/><SP WIDTH="19" VPOS="1226" HPOS="673"/>
							<String ID="string_263" HPOS="692" VPOS="1233" WIDTH="34" HEIGHT="14" WC="0.96" CONTENT="om"/><SP WIDTH="12" VPOS="1233" HPOS="726"/>
							<String ID="string_264" HPOS="738" VPOS="1226" WIDTH="42" HEIGHT="28" WC="0.96" CONTENT="jag"/><SP WIDTH="14" VPOS="1226" HPOS="780"/>
							<String ID="string_265" HPOS="794" VPOS="1229" WIDTH="44" HEIGHT="19" WC="0.93" CONTENT="rätt"/><SP WIDTH="15" VPOS="1229" HPOS="838"/>
							<String ID="string_266" HPOS="853" VPOS="1227" WIDTH="53" HEIGHT="21" WC="0.89" CONTENT="min-"/>
						</TextLine>
						<TextLine ID="line_32" HPOS="154" VPOS="1259" WIDTH="753" HEIGHT="28">
							<String ID="string_267" HPOS="154" VPOS="1266" WIDTH="49" HEIGHT="21" WC="0.95" CONTENT="nes,"/><SP WIDTH="16" VPOS="1266" HPOS="203"/>
							<String ID="string_268" HPOS="219" VPOS="1259" WIDTH="38" HEIGHT="22" WC="0.93" CONTENT="vid"/><SP WIDTH="15" VPOS="1259" HPOS="257"/>
							<String ID="string_269" HPOS="272" VPOS="1259" WIDTH="145" HEIGHT="28" WC="0.91" CONTENT="sjöekipaget."/><SP WIDTH="32" VPOS="1259" HPOS="417"/>
							<String ID="string_270" HPOS="449" VPOS="1260" WIDTH="112" HEIGHT="27" WC="0.87" CONTENT="Styrelsen"/><SP WIDTH="15" VPOS="1260" HPOS="561"/>
							<String ID="string_271" HPOS="576" VPOS="1260" WIDTH="77" HEIGHT="27" WC="0.96" CONTENT="erbjöd"/><SP WIDTH="13" VPOS="1260" HPOS="653"/>
							<String ID="string_272" HPOS="666" VPOS="1267" WIDTH="28" HEIGHT="14" WC="0.96" CONTENT="nu"/><SP WIDTH="15" VPOS="1267" HPOS="694"/>
							<String ID="string_273" HPOS="709" VPOS="1260" WIDTH="42" HEIGHT="22" WC="0.96" CONTENT="den"/><SP WIDTH="16" VPOS="1260" HPOS="751"/>
							<String ID="string_274" HPOS="767" VPOS="1260" WIDTH="74" HEIGHT="27" WC="0.93" CONTENT="lediga"/><SP WIDTH="11" VPOS="1260" HPOS="841"/>
							<String ID="string_275" HPOS="852" VPOS="1261" WIDTH="55" HEIGHT="26" WC="0.92" CONTENT="tjen-"/>
						</TextLine>
						<TextLine ID="line_33" HPOS="154" VPOS="1293" WIDTH="753" HEIGHT="29">
							<String ID="string_276" HPOS="154" VPOS="1295" WIDTH="48" HEIGHT="20" WC="0.96" CONTENT="sten"/><SP WIDTH="17" VPOS="1295" HPOS="202"/>
							<String ID="string_277" HPOS="219" VPOS="1293" WIDTH="22" HEIGHT="22" WC="0.93" CONTENT="åt"/><SP WIDTH="15" VPOS="1293" HPOS="241"/>
							<String ID="string_278" HPOS="256" VPOS="1293" WIDTH="125" HEIGHT="22" WC="0.91" CONTENT="förberörde"/><SP WIDTH="15" VPOS="1293" HPOS="381"/>
							<String ID="string_279" HPOS="396" VPOS="1293" WIDTH="48" HEIGHT="22" WC="0.96" CONTENT="från"/><SP WIDTH="16" VPOS="1293" HPOS="444"/>
							<String ID="string_280" HPOS="460" VPOS="1295" WIDTH="33" HEIGHT="20" WC="0.95" CONTENT="sin"/><SP WIDTH="14" VPOS="1295" HPOS="493"/>
							<String ID="string_281" HPOS="507" VPOS="1294" WIDTH="123" HEIGHT="27" WC="0.93" CONTENT="befattning"/><SP WIDTH="16" VPOS="1294" HPOS="630"/>
							<String ID="string_282" HPOS="646" VPOS="1294" WIDTH="139" HEIGHT="28" WC="0.92" CONTENT="entledigade"/><SP WIDTH="15" VPOS="1294" HPOS="785"/>
							<String ID="string_283" HPOS="800" VPOS="1294" WIDTH="85" HEIGHT="28" WC="0.96" CONTENT="läkare,"/><SP WIDTH="15" VPOS="1294" HPOS="885"/>
							<String ID="string_284" HPOS="900" VPOS="1294" WIDTH="7" HEIGHT="21" WC="0.97" CONTENT="i"/>
						</TextLine>
						<TextLine ID="line_34" HPOS="154" VPOS="1327" WIDTH="753" HEIGHT="30">
							<String ID="string_285" HPOS="154" VPOS="1327" WIDTH="123" HEIGHT="29" WC="0.96" CONTENT="förmodan,"/><SP WIDTH="22" VPOS="1327" HPOS="277"/>
							<String ID="string_286" HPOS="299" VPOS="1330" WIDTH="32" HEIGHT="19" WC="0.96" CONTENT="att"/><SP WIDTH="20" VPOS="1330" HPOS="331"/>
							<String ID="string_287" HPOS="351" VPOS="1328" WIDTH="61" HEIGHT="21" WC="0.96" CONTENT="detta"/><SP WIDTH="20" VPOS="1328" HPOS="412"/>
							<String ID="string_288" HPOS="432" VPOS="1328" WIDTH="74" HEIGHT="22" WC="0.95" CONTENT="anbud"/><SP WIDTH="15" VPOS="1328" HPOS="506"/>
							<String ID="string_289" HPOS="521" VPOS="1328" WIDTH="71" HEIGHT="22" WC="0.96" CONTENT="skulle"/><SP WIDTH="16" VPOS="1328" HPOS="592"/>
							<String ID="string_290" HPOS="608" VPOS="1328" WIDTH="24" HEIGHT="21" WC="0.96" CONTENT="af"/><SP WIDTH="12" VPOS="1328" HPOS="632"/>
							<String ID="string_291" HPOS="644" VPOS="1329" WIDTH="78" HEIGHT="22" WC="0.96" CONTENT="honom"/><SP WIDTH="17" VPOS="1329" HPOS="722"/>
							<String ID="string_292" HPOS="739" VPOS="1329" WIDTH="49" HEIGHT="21" WC="0.96" CONTENT="med"/><SP WIDTH="16" VPOS="1329" HPOS="788"/>
							<String ID="string_293" HPOS="804" VPOS="1329" WIDTH="50" HEIGHT="28" WC="0.93" CONTENT="nöje"/><SP WIDTH="16" VPOS="1329" HPOS="854"/>
							<String ID="string_294" HPOS="870" VPOS="1336" WIDTH="37" HEIGHT="14" WC="0.92" CONTENT="an-"/>
						</TextLine>
						<TextLine ID="line_35" HPOS="154" VPOS="1362" WIDTH="753" HEIGHT="27">
							<String ID="string_295" HPOS="154" VPOS="1365" WIDTH="74" HEIGHT="23" WC="0.95" CONTENT="tagas,"/><SP WIDTH="24" VPOS="1365" HPOS="228"/>
							<String ID="string_296" HPOS="252" VPOS="1363" WIDTH="25" HEIGHT="20" WC="0.96" CONTENT="så"/><SP WIDTH="22" VPOS="1363" HPOS="277"/>
							<String ID="string_297" HPOS="299" VPOS="1363" WIDTH="87" HEIGHT="26" WC="0.96" CONTENT="mycket"/><SP WIDTH="21" VPOS="1363" HPOS="386"/>
							<String ID="string_298" HPOS="407" VPOS="1362" WIDTH="68" HEIGHT="21" WC="0.96" CONTENT="hellre"/><SP WIDTH="23" VPOS="1362" HPOS="475"/>
							<String ID="string_299" HPOS="498" VPOS="1369" WIDTH="46" HEIGHT="14" WC="0.95" CONTENT="som"/><SP WIDTH="22" VPOS="1369" HPOS="544"/>
							<String ID="string_300" HPOS="566" VPOS="1363" WIDTH="42" HEIGHT="20" WC="0.95" CONTENT="han"/><SP WIDTH="20" VPOS="1363" HPOS="608"/>
							<String ID="string_301" HPOS="628" VPOS="1363" WIDTH="102" HEIGHT="21" WC="0.95" CONTENT="försattes"/><SP WIDTH="16" VPOS="1363" HPOS="730"/>
							<String ID="string_302" HPOS="746" VPOS="1363" WIDTH="7" HEIGHT="20" WC="0.95" CONTENT="i"/><SP WIDTH="15" VPOS="1363" HPOS="753"/>
							<String ID="string_303" HPOS="768" VPOS="1363" WIDTH="86" HEIGHT="21" WC="0.95" CONTENT="tillfälle"/><SP WIDTH="21" VPOS="1363" HPOS="854"/>
							<String ID="string_304" HPOS="875" VPOS="1365" WIDTH="32" HEIGHT="19" WC="0.96" CONTENT="att"/>
						</TextLine>
						<TextLine ID="line_36" HPOS="154" VPOS="1395" WIDTH="753" HEIGHT="30">
							<String ID="string_305" HPOS="154" VPOS="1395" WIDTH="45" HEIGHT="22" WC="0.96" CONTENT="öka"/><SP WIDTH="21" VPOS="1395" HPOS="199"/>
							<String ID="string_306" HPOS="220" VPOS="1395" WIDTH="48" HEIGHT="22" WC="0.96" CONTENT="sina"/><SP WIDTH="22" VPOS="1395" HPOS="268"/>
							<String ID="string_307" HPOS="290" VPOS="1395" WIDTH="120" HEIGHT="22" WC="0.96" CONTENT="inkomster"/><SP WIDTH="23" VPOS="1395" HPOS="410"/>
							<String ID="string_308" HPOS="433" VPOS="1403" WIDTH="78" HEIGHT="20" WC="0.96" CONTENT="genom"/><SP WIDTH="22" VPOS="1403" HPOS="511"/>
							<String ID="string_309" HPOS="533" VPOS="1396" WIDTH="89" HEIGHT="28" WC="0.95" CONTENT="praktik"/><SP WIDTH="18" VPOS="1396" HPOS="622"/>
							<String ID="string_310" HPOS="640" VPOS="1397" WIDTH="8" HEIGHT="20" WC="0.95" CONTENT="i"/><SP WIDTH="14" VPOS="1397" HPOS="648"/>
							<String ID="string_311" HPOS="662" VPOS="1396" WIDTH="87" HEIGHT="22" WC="0.91" CONTENT="landets"/><SP WIDTH="15" VPOS="1396" HPOS="749"/>
							<String ID="string_312" HPOS="764" VPOS="1395" WIDTH="143" HEIGHT="30" WC="0.91" CONTENT="hufvudstad;"/>
						</TextLine>
						<TextLine ID="line_37" HPOS="154" VPOS="1430" WIDTH="755" HEIGHT="29">
							<String ID="string_313" HPOS="154" VPOS="1436" WIDTH="50" HEIGHT="16" WC="0.96" CONTENT="men"/><SP WIDTH="21" VPOS="1436" HPOS="204"/>
							<String ID="string_314" HPOS="225" VPOS="1430" WIDTH="79" HEIGHT="22" WC="0.96" CONTENT="sådant"/><SP WIDTH="19" VPOS="1430" HPOS="304"/>
							<String ID="string_315" HPOS="323" VPOS="1430" WIDTH="47" HEIGHT="22" WC="0.96" CONTENT="blef"/><SP WIDTH="15" VPOS="1430" HPOS="370"/>
							<String ID="string_316" HPOS="385" VPOS="1430" WIDTH="18" HEIGHT="28" WC="0.96" CONTENT="ej"/><SP WIDTH="16" VPOS="1430" HPOS="403"/>
							<String ID="string_317" HPOS="419" VPOS="1430" WIDTH="70" HEIGHT="29" WC="0.95" CONTENT="fallet,"/><SP WIDTH="17" VPOS="1430" HPOS="489"/>
							<String ID="string_318" HPOS="506" VPOS="1432" WIDTH="23" HEIGHT="27" WC="0.96" CONTENT="ty"/><SP WIDTH="16" VPOS="1432" HPOS="529"/>
							<String ID="string_319" HPOS="545" VPOS="1430" WIDTH="96" HEIGHT="23" WC="0.92" CONTENT="anbudet"/><SP WIDTH="16" VPOS="1430" HPOS="641"/>
							<String ID="string_320" HPOS="657" VPOS="1433" WIDTH="107" HEIGHT="26" WC="0.89" CONTENT="emottogs"/><SP WIDTH="15" VPOS="1433" HPOS="764"/>
							<String ID="string_321" HPOS="779" VPOS="1431" WIDTH="56" HEIGHT="22" WC="0.95" CONTENT="icke."/><SP WIDTH="30" VPOS="1431" HPOS="835"/>
							<String ID="string_322" HPOS="865" VPOS="1432" WIDTH="44" HEIGHT="22" WC="0.95" CONTENT="Det"/>
						</TextLine>
					</TextBlock>
				</ComposedBlock>
				<GraphicalElement ID="cblock_2" HPOS="985" VPOS="0" WIDTH="7" HEIGHT="533"></GraphicalElement >
			</PrintSpace>
		</Page>
	</Layout>
</alto>
