986 1773
763 127 40 23 217

92 194 285 29 uppteckningsinstrument
397 194 116 29 stämpladt
531 201 81 22 papper
630 194 65 23 borde
710 195 121 28 begagnas,

92 229 23 22 få
133 235 111 16 reservera
266 229 42 28 sig,
332 229 90 22 emedan
443 229 136 28 domprosten
597 230 69 27 ansåg
681 229 71 22 denna
766 232 65 25 gräns

93 263 52 21 böra
159 263 131 22 bestämmas
305 263 32 22 till
352 264 41 21 500
408 264 70 27 mark,
493 264 93 22 likasom
596 263 7 22 i
613 263 42 23 den
666 263 80 28 nådiga
756 270 75 22 propo-

93 297 99 22 sitionen.

159 332 90 21 Prosten
264 333 42 21 Jul.
321 333 59 21 Imm.
396 333 82 27 Bergh
492 334 55 20 samt
560 332 151 29 kyrkoherden
722 333 108 22 Castrén

91 365 93 23 nedlade
199 367 132 21 reservation
346 367 8 22 i
369 373 83 16 samma
466 367 62 28 syfte.

158 400 80 23 Vidare
260 401 133 22 framställde
415 401 49 22 herr
481 401 137 22 talemannen
633 401 95 28 följande
744 404 87 19 omröst-

91 435 229 29 ningspropositioner:

159 471 22 26 1)
197 470 68 22 Anser
280 471 33 21 det
327 471 126 29 högvördiga
468 471 89 28 ståndet,
573 471 9 21 i
593 471 87 28 enlighet
688 471 48 21 med
745 471 39 21 den
794 473 37 20 nå-

90 505 50 29 diga
151 506 167 28 propositionen,
340 506 61 28 högre
416 505 133 30 kartebelopp
559 505 40 29 för
613 505 77 29 diplom
706 507 13 20 å
733 506 98 21 honorär-

90 540 84 21 doktors
192 539 117 30 värdighet,
329 543 28 18 än
373 540 33 21 det
420 540 28 29 af
460 541 97 21 utskottet
566 539 39 29 för
621 540 137 29 doktorsgrad
772 541 8 20 i
793 540 38 21 all-

89 575 83 20 mänhet
182 575 135 28 föreslagna,
333 575 51 21 böra
399 578 41 25 äga
450 583 55 18 rum,
517 575 48 21 eller
574 575 59 21 icke?
649 575 33 21 De
692 582 43 14 som
745 576 9 20 i
763 575 69 21 denna

89 609 34 21 del
135 609 114 29 godkänna
264 610 39 21 den
315 610 79 28 nådiga
400 610 157 28 propositionen
567 617 65 13 svara
637 609 107 28 jakande;
754 609 25 22 de
789 617 44 14 som

88 644 115 28 godkänna
218 644 235 28 utskottsbetänkandet,
470 652 65 14 svara
548 644 100 21 nekande.

157 679 136 21 Besvarades
307 679 50 21 med
372 679 26 21 18
408 680 28 27 ja
452 681 43 19 mot
509 679 12 20 9
537 679 41 28 nej.

156 713 26 28 2)
206 713 128 21 Godkänner
353 713 82 22 ståndet
454 713 154 28 bestämningen
623 713 9 21 i
644 713 80 28 nådiga
737 714 94 27 proposi-

90 749 68 20 tionen
179 749 36 20 och
234 748 228 21 utskottsbetänkandet
479 750 59 27 (pag.
555 747 25 21 11
596 747 49 22 Litt.
662 747 26 29 a)
704 747 128 29 beträffande

90 784 105 28 kartering
216 783 28 28 af
256 783 132 28 fullmakter,
408 783 49 21 eller
471 784 78 20 önskar
564 782 81 22 ständet
660 786 31 18 att
706 783 125 28 karterings-

89 818 93 28 beloppet
197 820 13 20 å
224 818 168 28 ifrågavarande
402 818 127 28 fullmakter
544 816 109 23 bibehälles
667 817 37 21 vid
718 817 57 21 hvad
783 818 47 20 här-

89 853 42 21 tills
147 856 35 26 ägt
197 860 55 20 rum,
266 854 29 27 pä
310 855 42 19 sätt
367 852 65 29 äfven
446 856 143 23 reservanten,
604 852 98 28 magister
711 852 120 21 Schauman

84 887 128 30 föreslagit?
241 888 33 20 De
294 895 42 14 som
354 888 114 28 godkänna
486 887 79 28 nådiga
578 888 155 27 propositionen
749 888 35 20 och
798 891 33 17 ut-

89 922 213 28 skottsbetänkandet,
318 930 64 13 svara
392 922 108 29 jakande;
516 922 25 21 de
555 929 43 14 som
613 923 66 20 önska
690 922 143 29 förhöjning
825 918 13 37 i

89 957 86 29 enlighet
190 957 46 21 med
249 957 90 21 nämnde
353 958 138 27 reservation,
507 965 65 14 svara
586 956 100 21 nekande.

156 991 137 22 Besvarades
308 991 48 22 med
373 991 25 22 15
415 993 35 27 nej
465 993 43 20 mot
525 991 26 21 13
560 993 37 27 ja.

156 1027 10 21 I
186 1026 66 28 öfrigt
269 1026 128 29 godkändes
416 1027 28 28 pä
459 1026 25 21 af
495 1027 49 20 herr
559 1026 137 21 talemannen
711 1026 120 21 framställd

89 1062 132 28 proposition
236 1068 65 21 pagg.
318 1061 81 22 12—15
415 1061 7 22 i
437 1061 116 22 utskottets
569 1061 138 22 betänkande
721 1061 49 22 med
783 1061 48 22 obe-

89 1097 69 22 stridd
173 1097 117 27 pluralitet.

156 1131 31 21 På
209 1131 49 22 herr
280 1131 149 22 talemannens
452 1130 72 23 derom
545 1129 135 23 framställda
700 1130 132 29 proposition

89 1165 127 29 godkändes
237 1165 63 22 äfven
319 1173 49 20 pag.
384 1166 26 21 16
427 1165 112 28 enhälligt,
563 1165 67 22 likväl
644 1165 48 21 med
706 1165 125 28 förändring

89 1201 25 21 af
131 1208 61 14 mom.
214 1202 12 19 2
246 1208 49 20 pag.
318 1201 24 21 16
360 1200 50 28 kap.
427 1202 11 19 2
455 1201 32 20 till
503 1201 24 20 så
542 1200 104 27 lydande:
671 1200 54 26 ,För
741 1200 90 21 embets-

90 1235 39 22 och
145 1235 130 28 tjenstemän
290 1234 37 22 vid
340 1235 169 28 prestaståndet,
521 1234 86 22 hvilkas
618 1234 99 21 embeten
728 1234 38 21 och
777 1234 54 27 tjen-

91 1272 43 20 ster
152 1269 48 22 icke
218 1269 70 22 finnas
303 1269 7 20 i
325 1268 174 29 rangordningen
515 1270 110 27 upptagna
641 1268 52 21 eller
708 1268 124 22 sedermera

90 1307 37 19 äro
145 1304 33 21 till
197 1304 126 21 densamma
337 1303 125 28 hänförde*,
482 1303 7 21 i
504 1303 55 28 följd
573 1302 78 22 hvaraf
664 1302 63 22 äfven
742 1303 47 20 från
805 1303 26 21 de

90 1338 112 22 derstädes
224 1337 141 28 uppräknade
387 1337 119 28 tjensterna
527 1337 84 26 ,lektor
628 1337 36 21 vid
682 1337 148 28 gymnasium”

89 1373 40 21 och
147 1372 233 26 ,konsistoriinotarie*
396 1371 68 22 borde
478 1372 58 27 utgå.

158 1406 81 26 Sedan,
260 1406 28 27 på
306 1405 48 22 herr
372 1405 149 21 talemannens
536 1405 142 27 proposition,
694 1405 87 20 ståndet
796 1412 35 13 en-

89 1440 77 28 hälligt
186 1439 88 23 beslutit
294 1441 40 27 att,
353 1439 7 22 i
379 1438 95 28 enlighet
489 1439 48 22 med
552 1438 58 22 hvad
625 1438 24 22 af
661 1441 87 26 prosten
764 1438 67 22 Grön-
