989 1753
759 155 38 21 481

78 214 34 25 las
133 217 83 22 utöfver
237 218 52 21 eller
309 218 36 21 vid
365 218 63 22 sidan
446 218 26 22 af
487 217 41 23 den
546 218 64 28 enda,
628 221 66 26 rätta,
711 219 117 28 fullgiltiga

79 252 192 27 syndaförsoning,
295 259 45 14 som
363 253 5 20 i
389 253 52 21 Jesu
461 253 74 22 Kristo
554 253 71 21 skedd
644 256 30 18 är.
706 253 45 22 Och
770 254 58 21 hvad

78 286 105 21 särskildt
206 286 140 22 dödsstraffet
366 287 112 27 beträffar,
500 287 24 21 så
545 287 68 22 finnes
634 287 69 21 deruti
722 287 49 22 icke
789 295 38 14 ens

78 321 66 26 något
161 321 53 21 sken
229 321 25 20 af
262 320 118 29 försoning,
392 323 51 20 utan
455 321 117 22 innefattar
584 322 129 28 detsamma,
725 321 103 23 bedömdt

78 354 6 21 i
105 354 174 22 kristendomens
298 355 51 27 ljus,
370 362 26 14 en
412 356 112 27 uppenbar
539 355 99 27 utöfning
654 356 24 21 af
690 355 90 28 hämnd,
797 358 30 19 ett

77 388 148 29 försyndande
247 391 57 19 emot
325 389 57 28 Gud,
404 396 45 15 som
468 390 101 22 förunnat
587 390 153 22 menniskorne
755 390 72 22 lifvets

78 423 95 28 dyrbara
188 423 74 28 gåfva,
278 423 65 22 hvars
360 424 68 27 dagar
444 424 38 21 och
499 423 89 22 stunder
600 424 49 21 Han
649 419 13 37 i
677 424 38 22 sitt
726 424 38 22 ord
774 424 53 22 kun-

77 458 58 27 gjort
157 464 52 15 vara
233 458 24 20 af
276 457 78 22 honom
375 457 53 29 sjelf
444 458 98 22 räknade
559 458 39 21 och
614 458 156 28 öfvervakade,
788 459 39 21 och

77 492 50 21 dem
143 492 155 22 menniskorna
312 492 57 28 förty
384 499 51 15 vore
451 493 91 27 pligtige
558 494 40 26 att,
615 492 61 22 såväl
692 496 135 24 gemensamt

78 533 46 15 som
139 527 54 21 hvar
208 527 33 21 för
257 527 41 27 sig,
319 526 122 29 sorgfälligt
456 528 81 21 bevara
553 527 40 22 och
608 527 33 23 för
657 527 35 22 det
708 528 25 20 af
744 528 83 21 Herren

78 561 89 21 dermed
183 561 110 28 åsyftade,
310 562 58 20 öfver
384 562 37 21 det
432 561 101 28 jordiska
549 561 177 23 samhällslifvets
737 564 91 26 gränser

78 596 111 27 upphöjda
205 596 125 21 ändamålet
345 596 108 22 använda.

146 631 33 21 De
199 630 7 22 i
227 630 43 22 den
289 630 119 28 kejserliga
426 630 162 29 propositionen
607 631 97 22 uttalade
719 631 109 28 principer

78 672 66 21 synas
164 664 7 22 i
192 665 34 27 sig
241 665 76 27 sjelfve
334 672 52 14 vara
401 665 25 21 så
441 665 81 28 riktiga
538 666 39 20 och
589 665 83 27 jemväl
688 665 6 21 i
710 666 117 21 utskottets

77 699 141 25 betänkande
238 699 23 21 så
283 699 35 21 väl
337 699 142 28 motiverade,
499 701 32 20 att
547 700 152 21 diskussionen
715 706 28 15 nu
759 699 68 22 redan

77 733 62 22 torde
154 733 74 22 kunna
243 733 119 22 öfverföras
377 733 33 22 till
426 733 174 28 propositionens
611 733 73 22 skilda
694 733 132 28 paragrafer.

146 768 91 21 Prosten
257 768 20 21 J.
298 768 23 21 F.
341 768 101 27 Bergh:
465 769 43 26 Jag
523 768 50 21 ville
589 767 89 28 föreslå,
695 770 32 19 att
742 768 84 21 diskus-

79 803 75 21 sionen
176 803 67 20 måtte
266 802 71 28 fortgå
356 803 7 20 i
382 802 92 27 ordning
493 804 13 25 $
521 801 33 22 för
570 803 12 26 &
599 802 40 21 och
654 804 32 20 att
701 803 76 26 frågan
793 809 34 14 om

79 837 151 22 dödsstraffets
253 837 137 21 afskaffande
413 837 63 21 äfven
499 837 67 21 måtte
587 837 132 28 diskuteras,
744 837 28 21 då
786 837 42 21 den

78 872 7 21 i
110 872 117 21 utskottets
250 871 140 22 betänkande
412 874 24 18 är
456 874 119 25 upptagen;
599 878 48 15 men
668 871 91 22 emedan
776 871 52 26 hög-

78 906 92 27 vördiga
186 906 87 22 ståndet
287 905 106 22 förklarat
409 905 134 28 densamma,
564 906 72 21 såsom
651 905 177 22 förekommande

79 941 66 21 bland
161 941 146 27 principerna,
323 947 29 14 nu
367 940 53 22 böra
435 940 127 27 ventileras,
578 939 39 22 vill
628 939 42 28 jag
685 939 72 23 derom
769 939 59 28 gifva

78 975 44 22 min
137 975 89 27 mening
241 974 114 22 tillkänna.

147 1010 42 27 Jag
211 1009 40 21 har
273 1009 68 22 redan
363 1009 36 21 vid
421 1009 106 22 utskottet
546 1008 42 22 den
604 1009 27 21 30
642 1009 98 28 januari,
756 1008 72 22 såsom

79 1044 37 22 det
132 1043 76 22 dervid
221 1044 62 21 förda
299 1044 131 27 protokollet
445 1044 87 27 utvisar,
549 1045 89 19 motsatt
653 1043 45 26 mig
709 1042 118 22 dödsstraf-

78 1079 43 21 fets
137 1078 68 21 totala
220 1078 144 21 afskaffande.
395 1077 45 22 Och
452 1078 41 27 jag
508 1077 84 27 nödgas
607 1080 53 24 göra
676 1076 36 22 det
727 1080 56 18 ännu
799 1076 29 28 på

80 1119 83 15 samma
187 1112 75 22 dervid
285 1112 90 22 anförda
398 1112 98 28 grunder,
520 1111 108 27 nemligen
649 1111 96 28 följande
760 1110 68 21 bibel-

81 1147 75 28 språk,
172 1146 75 22 hvilka
258 1146 68 28 enligt
336 1146 43 22 min
391 1146 145 28 öfvertygelse
547 1146 99 27 tydligen
656 1145 98 22 försvara
765 1144 63 22 döds-

80 1182 93 26 straffet,
189 1182 72 20 såsom
274 1181 33 21 för
323 1181 43 21 alla
381 1180 56 22 tider
452 1180 112 27 gällande:
582 1180 32 21 1:0
632 1179 54 26 ,den
702 1186 46 14 som
759 1178 70 28 utgju-

80 1218 32 19 ter
133 1215 174 26 menniskoblod,
330 1214 54 22 hans
408 1214 51 22 blod
481 1214 57 22 skall
559 1213 24 21 af
596 1214 125 21 menniskor
736 1212 94 28 utgjutet

79 1249 89 27 varda*,
184 1249 75 21 hvilka
275 1248 39 22 ord
329 1249 82 21 Herren
427 1248 48 21 Gud
491 1248 52 27 sjelf
550 1247 98 22 uttalade
658 1247 62 27 längt
730 1246 45 22 före
787 1246 42 21 den

80 1283 112 23 mosaiska
207 1283 76 27 lagens
297 1282 127 29 utgifvande
440 1282 20 28 (1
477 1283 53 21 Mos.
546 1282 20 21 9:
583 1281 28 29 6),
628 1283 33 20 2:0
674 1282 26 26 ,J
710 1281 77 21 skolen
797 1280 33 21 in-

81 1325 42 21 gen
138 1318 112 26 försoning
265 1321 52 24 taga
332 1317 33 22 för
380 1324 27 14 en
422 1317 156 27 mandräpares
594 1316 52 27 själ:
662 1318 24 26 ty
700 1316 44 20 han
760 1318 23 18 är
796 1321 34 15 sa-

81 1354 40 20 ker
142 1352 33 22 till
199 1352 84 22 döden"
305 1351 22 26 (4
347 1352 53 21 Mos.
421 1352 34 21 35:
476 1352 47 28 31);
544 1350 40 22 och
600 1350 7 21 i
623 1357 43 22 nya
682 1351 148 21 testamentet:

81 1387 128 20 Frälsarens
225 1386 38 20 ord
278 1386 32 20 till
326 1386 86 20 Petrus:
435 1402 7 9 ,
448 1386 57 19 stick
520 1385 40 20 ditt
576 1385 65 20 svärd
656 1384 7 19 i
679 1384 37 20 sitt
731 1390 57 19 rum;
809 1384 22 24 ty

82 1420 44 21 alla
149 1420 36 27 de,
209 1426 46 15 som
277 1421 52 25 taga
351 1419 33 20 till
407 1417 75 28 svärd,
506 1417 63 22 skola
589 1417 73 27 förgäs
682 1416 50 21 med
753 1415 77 22 svärd*

83 1454 85 30 (Matth.
188 1454 34 21 26:
243 1453 44 29 52),
311 1452 54 28 ,den
386 1452 38 22 der
445 1451 78 29 dräper
542 1451 50 22 med
608 1450 74 28 svärd,
704 1451 42 21 han
762 1449 70 22 måste

106 1498 55 23 Högv.
176 1497 131 18 Prestaständets
321 1496 64 17 Protok.
410 1495 25 18 11.
744 1495 18 15 31
