989 1750
174 147 41 21 198

146 214 12 20 3
174 211 71 28 mark,
261 210 8 22 i
284 210 64 22 ställe
358 209 32 22 för
401 208 42 22 den
454 208 72 27 gamla
537 206 90 28 afgiften
638 207 27 20 80
676 206 56 27 kop.,
744 206 25 20 så
780 208 24 18 är
814 204 80 22 minsk-

145 246 81 28 ningen
242 244 77 22 endast
335 244 27 20 20
377 242 74 29 penni,
467 242 89 21 hvilken
571 240 106 22 utskottet
692 241 72 20 ansett
777 240 34 26 sig
821 238 75 22 kunna

145 280 82 22 föreslå
247 279 18 28 ej
287 278 56 22 blott
363 276 84 22 derföre
462 278 32 20 att
509 274 83 23 sådane
606 280 104 22 personer
724 273 103 27 vanligen
842 273 54 21 höra

146 314 33 21 till
199 313 42 22 den
257 312 82 22 mindre
353 311 114 27 förmögna
482 310 137 22 folkklassen
635 308 39 22 och
690 308 33 22 för
738 310 32 19 att
785 307 65 22 hafva
865 309 31 20 ett

143 348 71 27 jemnt
235 347 41 28 tal,
299 348 52 20 utan
374 346 64 21 äfven
458 344 49 22 med
523 343 103 23 afseende
642 342 53 22 derå
710 344 32 20 att
758 342 90 28 afgiften
864 342 33 21 för

147 381 130 22 rusthållare
299 380 50 22 med
371 380 51 21 flere
444 378 71 22 blifvit
535 377 87 28 förhöjd
639 376 51 22 med
705 378 11 20 1
733 377 62 21 mark
813 376 84 22 utöfver

146 416 60 21 hvad
227 415 28 22 de
273 414 76 22 hittills
368 414 91 26 erlaggt.
489 412 118 22 Likaledes
623 412 81 21 saknar
720 412 36 20 det
772 411 25 21 af
809 415 87 24 prosten

147 450 72 27 Bergh
233 449 8 22 i
257 448 102 23 afseehde
375 449 13 20 å
404 448 124 21 adelsmäns
544 447 40 22 och
600 447 130 27 apotekares
748 445 150 29 lysningskar-

147 486 33 19 tor
194 483 79 29 gjorda
288 482 150 27 andragandet
454 482 29 21 all
499 481 75 28 grund.
604 480 162 22 Adelsmännen
782 482 36 19 äro
829 479 69 22 under

148 518 72 21 denna
238 517 48 22 titel
301 517 50 21 med
365 518 73 25 moget
454 515 161 28 öfvervägande
631 514 24 21 af
667 514 107 22 utskottet
790 514 107 22 uteslutne

147 554 58 20 samt
219 551 61 22 förde
295 551 68 21 under
376 550 103 21 rubriken
494 549 180 28 ståndspersoner
687 549 7 20 i
708 548 48 22 9:de
767 555 63 15 mom.
842 555 55 14 eme-

149 586 42 22 dan
215 592 49 15 man
288 585 69 27 ansåg
379 584 37 22 det
439 584 84 28 obilligt
542 585 33 20 att
590 583 113 22 adelsman
716 583 56 21 blott
787 583 6 21 i
810 582 40 22 och
866 582 32 22 för

149 620 72 22 denna
236 619 35 22 sin
286 618 218 29 samhällsställning,
524 618 67 22 ehuru
606 618 86 27 ganska
707 617 45 21 ofta
767 617 131 22 befinnande

149 655 34 27 sig
204 654 8 21 i
233 655 79 27 ytterst
334 652 88 28 torftiga
440 652 192 28 omständigheter,
651 652 71 22 skulle
737 652 97 22 belastas
849 652 50 21 med

149 688 64 27 afgift
233 688 34 22 för
289 688 34 21 sin
346 687 223 29 äktenskapslysning
591 686 57 22 ända
671 686 32 22 till
722 687 26 21 35
765 686 71 28 mark,
853 693 46 15 som

149 723 94 27 mången
259 729 50 15 vore
324 721 135 23 urståndsatt
474 724 32 19 att
522 722 98 26 erlägga,
636 727 49 15 men
700 720 90 22 hvilken
800 720 7 22 i
818 720 81 28 kejser-

149 757 46 27 liga
214 756 162 28 propositionen
397 758 24 19 är
439 755 123 27 föreslagen
578 757 56 20 samt
648 754 86 23 således
750 754 85 28 förhöjd
850 755 51 21 med

150 792 13 20 3
181 790 63 22 mark
261 790 85 22 utöfver
364 790 42 22 den
421 790 73 27 gamla
508 789 168 27 bestämningen
692 789 24 21 af
729 790 12 20 8
757 790 45 21 rub.
819 789 80 22 silfver.

149 825 154 28 Apotekarene
325 827 38 19 äro
385 824 73 28 äfven,
481 824 61 22 såväl
564 824 33 22 för
616 824 174 28 lysningskartor
806 830 45 16 som
867 824 33 22 för

150 860 49 21 sina
220 859 165 28 privilegiebref
404 859 128 27 tillräckligt
551 858 105 22 taxerade
674 858 39 22 och
729 858 40 22 har
784 858 114 29 utskottet,

151 894 68 26 enligt
240 893 45 22 min
308 893 155 29 öfvertygelse,
487 893 90 22 handlat
592 893 127 22 välbetänkt
735 893 28 21 då
779 894 122 21 detsamma

151 928 7 22 i
177 928 149 22 förstnämnde
347 927 103 22 afseende
465 928 114 21 bibehållit
593 927 119 28 kejserliga
728 927 172 29 propositionens

151 962 138 28 bestämning
308 964 55 20 samt
382 962 50 21 med
447 961 103 23 afseende
566 962 14 22 å
594 962 203 28 privilegiebrefven
812 962 89 22 nedsatt

150 997 173 27 kartabeloppet.
353 996 49 22 Man
418 1003 66 21 synes
500 994 139 24 öfverskatta
648 997 158 27 apotekarenes
817 997 83 21 inkom-

151 1033 50 26 ster,
224 1030 67 22 ehuru
314 1031 27 21 de
363 1037 97 21 numera,
485 1030 28 22 då
534 1030 52 22 flere
609 1030 25 22 af
651 1030 49 22 dem
720 1034 37 19 äro
774 1031 126 22 etablerade

150 1066 7 21 i
179 1065 153 22 landsorterna
354 1064 39 22 och
416 1065 80 27 många
512 1065 154 27 församlingar
684 1065 28 29 på
727 1065 84 29 landet,
835 1065 66 23 hafva

151 1106 28 15 en
201 1100 74 27 torftig
297 1099 95 21 utkomst
415 1099 40 21 och
474 1099 74 22 kunde
570 1100 92 26 troligen
681 1100 50 21 med
750 1100 33 21 sin
799 1100 102 28 apoteks-

151 1134 80 21 rörelse
251 1133 19 27 ej
293 1133 33 21 slå
344 1133 34 27 sig
396 1136 32 22 ut,
452 1140 33 14 om
502 1134 26 21 de
544 1133 19 28 ej
580 1134 72 21 skulle
667 1134 72 20 tillika
752 1134 66 21 hafva
832 1134 69 22 andra

150 1167 126 28 binäringar
292 1167 40 21 och
347 1167 199 28 sysselsättningar.
576 1168 42 27 Jag
634 1167 44 22 kan
693 1166 85 23 derföre
792 1169 18 27 ej
824 1175 28 14 nu
863 1175 37 15 un-

151 1201 85 22 derlåta
254 1203 33 20 att
300 1203 59 26 yttra
374 1208 83 15 samma
471 1202 57 27 åsigt
544 1208 46 16 som
605 1202 7 21 i
627 1202 115 28 utskottet,
767 1205 32 18 att
815 1209 26 15 en
857 1202 44 28 hög

151 1236 100 27 taxering
265 1237 30 27 på
309 1236 147 27 apotekarene
472 1236 50 22 sker
535 1237 30 27 på
580 1236 27 21 de
617 1236 77 27 fattige
706 1236 39 21 och
757 1236 64 28 sjuka
832 1236 68 28 hjelp-

151 1270 148 22 behöfvandes
319 1269 131 28 bekostnad,
473 1270 92 22 emedan
585 1270 65 21 deras
665 1270 78 27 droger
758 1271 69 21 måste
843 1271 58 26 stiga

150 1304 7 20 i
173 1304 45 26 pris
232 1303 8 21 i
254 1303 136 22 förhållande
411 1303 32 21 till
458 1303 63 21 deras
537 1309 56 21 egna
608 1303 102 27 stegrade
725 1303 175 22 lefnadskostna-

151 1336 48 28 der;
215 1336 40 22 och
270 1336 135 28 handköpet,
422 1337 68 21 hvarå
503 1338 53 20 taxa
571 1336 19 28 ej
607 1337 79 27 finnes,
701 1339 64 25 utgör
780 1337 68 22 likväl
864 1338 36 21 de-

150 1377 36 15 ras
207 1373 80 20 största
306 1370 86 23 handel.
423 1371 63 22 Hvad
506 1372 84 21 talaren
608 1372 62 21 ordat
685 1372 74 22 derom
775 1374 32 20 att
822 1372 80 22 kartan

150 1404 33 22 för
199 1404 116 28 skiljobref
327 1404 67 22 borde
409 1405 105 28 förhöjas,
530 1412 66 21 synes
611 1406 45 28 mig
667 1406 61 22 detta
738 1407 100 27 yrkande
848 1414 53 15 vara

151 1441 58 19 ännu
223 1445 60 16 mera
299 1438 105 23 skälelöst
420 1442 28 19 än
463 1439 57 22 hvad
536 1440 7 21 i
559 1440 65 27 öfrigt
639 1440 69 22 blifvit
724 1440 25 22 af
761 1441 84 21 talaren
863 1448 38 15 an-
