992 1798
782 133 25 24 95

100 201 144 23 stämmandet
264 199 25 24 af
305 201 134 30 taxeringen,
459 205 54 20 samt
528 205 31 20 att
574 205 30 20 ett
618 201 70 24 beslut
702 209 46 16 som
764 203 18 28 ej
798 210 39 15 var

95 235 110 28 justeradt
226 236 35 22 väl
284 236 67 22 borde
372 237 22 21 få
412 237 78 22 ändras
509 245 33 14 om
556 237 188 28 nödvändigheten
759 237 78 22 sådant

98 271 125 28 päkallade.

165 306 90 22 Prosten
270 306 26 22 H.
312 307 101 21 Heikel
427 307 85 28 yttrade
528 307 101 22 härefter:
649 307 35 22 Dä
698 307 86 23 ständet
799 315 37 20 up-

98 341 92 28 penbart
205 343 94 26 motsagt
314 341 34 28 sig
362 341 59 28 sjelft
435 342 7 22 i
458 344 54 21 1:sta
526 343 39 22 och
582 342 60 23 10:de
661 344 120 21 momenten
797 342 40 22 och

99 376 84 22 ettdera
205 377 92 22 beslutet
320 377 85 22 säledes
426 378 67 22 mäste
512 377 127 29 upphäfvas,
655 378 24 21 sä
694 380 32 19 tar
738 377 40 28 jag
792 377 45 28 mig

98 413 58 20 ännu
171 411 91 22 friheten
277 419 96 22 upprepa
387 412 47 22 mitt
447 413 106 28 yrkande,
573 414 31 20 att
619 413 53 28 alla,
688 420 45 15 som
748 413 90 27 erlägga

98 446 113 28 utskylder
231 447 31 21 till
282 447 85 29 staden,
387 447 66 22 måtte
467 447 107 23 förklaras
589 447 32 23 för
636 447 201 23 stadskommunens

98 481 139 23 medlemmar
253 482 39 22 och
307 485 32 19 att
355 483 59 22 detta
429 483 83 27 intages
528 483 6 22 i
559 483 1 21 I
576 490 61 15 mom.
648 483 25 22 sä
683 483 86 29 mycket
778 489 60 16 mera

98 524 46 15 som
167 518 44 22 alla
233 517 116 30 husägare,
372 525 34 15 om
425 519 7 21 i
448 519 76 22 staden
538 519 86 22 bosatta
640 519 52 22 eller
706 519 58 28 icke,
781 518 57 22 dock

98 553 68 22 måste
187 553 7 21 i
213 553 44 22 alla
277 554 138 22 kommunala
430 554 89 28 längder
533 556 113 26 upptagas.
675 554 111 22 Hvardera
802 554 35 21 be-

98 588 65 22 slutet
183 591 24 19 är
224 596 76 20 genom
319 589 98 28 votering
432 589 92 28 afgjordt
539 596 49 15 men
601 590 119 27 ingendera
734 591 57 19 ännu
802 589 35 28 ju-

98 624 91 28 steradt,
206 624 155 22 hvarföre:ock
375 624 106 22 hvardera
495 624 81 22 likaväl
588 625 43 21 kan
642 624 88 28 ändras;
742 632 48 14 men
800 624 37 22 det

98 665 50 15 vore
164 666 59 14 mera
237 660 135 27 konsegvent
387 662 32 20 att
433 659 101 22 förändra
549 660 35 21 1:a
598 666 62 16 mom.

165 694 141 28 Vicepastorn
325 701 50 15 von
394 696 97 20 Essen:
511 695 90 21 Prosten
615 694 77 22 Heikel
707 694 39 22 har
761 694 76 22 allare-

98 728 42 22 dan
156 729 107 28 klarligen
279 730 56 21 visat
350 732 31 18 att
396 730 130 28 motsägelse
541 729 128 22 härutinnan
680 732 52 25 äger
742 736 44 15 rum
798 730 39 21 och

98 764 69 22 måste
189 763 83 23 häfvas.
301 765 43 27 Jag
366 767 23 19 är
411 765 35 22 väl
468 764 48 22 icke
538 766 42 20 vän
599 764 25 22 af
638 764 104 28 vidtagna
757 763 81 23 besluts

97 798 164 29 fränträdande;
277 806 48 15 men
340 799 28 21 dä
383 799 96 23 ständets
494 799 119 28 ätgörande
628 802 57 20 ännu
701 799 18 28 ej
736 802 24 19 är
769 799 69 28 juste-

98 834 57 28 radt,
179 834 44 22 kan
246 834 119 22 detsamma
385 835 62 22 äfven
466 834 84 23 ändras.
581 834 133 22 Tillochmed
725 834 113 28 justerade

99 868 70 24 beslut
184 870 65 22 hafva
263 869 25 22 af
297 869 88 23 ståndet
400 869 94 23 ändrats.

166 906 143 28 Domprosten
328 905 77 22 doktor
423 906 82 27 Borg:
528 905 42 28 Jag
589 905 69 22 skulle
673 905 114 28 högeligen
802 908 35 19 ön-

98 941 41 21 ska
157 942 32 19 att
209 941 71 21 denna
299 940 58 28 gång
375 947 52 15 vara
441 939 48 23 kort
503 939 40 22 och
556 940 115 29 begriplig,
687 940 39 22 och
741 939 98 22 anhåller

98 974 39 23 hos
156 975 98 22 ståndets
269 975 148 28 högtvördade
433 975 93 23 taleman
542 975 109 22 äfvensom
666 975 39 23 hos
719 975 57 21 mina
791 978 46 19 vör-

99 1011 57 21 dade
172 1011 153 22 ständsbröder
340 1013 31 19 att
386 1010 66 22 blifva
467 1010 100 22 afbruten
583 1010 39 22 och
636 1010 88 22 rättad
718 1006 11 38 i
735 1010 103 22 händelse

94 1045 42 29 jag
150 1046 70 21 skulle
236 1045 100 29 uttrycka
351 1046 44 27 mig
409 1045 70 22 oklart
495 1045 52 22 eller
562 1044 154 28 ofallständigt.

166 1080 74 22 Sedan
259 1081 21 21 vi
300 1087 77 21 genom
397 1080 131 27 omröstning
543 1080 83 28 antagit
640 1082 82 26 presta-
738 1079 39 22 och
792 1080 46 21 bor-

99 1115 157 29 gareständens
271 1115 137 28 uppfattning
423 1115 24 22 af
459 1114 58 23 hvad
531 1114 49 22 med
595 1114 91 22 medlem
700 1115 7 21 i
718 1114 120 23 stadskom-

98 1158 50 15 mun
171 1154 24 18 är
217 1152 31 20 att
269 1150 88 29 förstäs,
378 1150 91 22 äterstär
489 1149 18 28 ej
524 1151 67 20 annat
606 1152 28 19 än
649 1151 32 20 att
696 1150 22 20 ät
733 1156 62 15 mom.
812 1149 27 21 10

99 1186 59 28 gifva
180 1186 42 22 den
243 1185 84 29 fyllnad
349 1185 119 22 detsamma
489 1184 7 22 i
518 1184 78 23 sädant
616 1184 38 22 fall
672 1184 167 28 nödvändigtvis

98 1220 93 22 kräfver.
221 1221 67 21 Detta
301 1220 77 28 tillägg
393 1222 32 20 är:
439 1220 123 29 ,äfvensom
577 1220 29 28 af
617 1228 24 13 en
655 1220 58 27 hvar,
729 1227 43 13 som
786 1223 52 18 utan

100 1260 30 16 att
144 1264 55 12 vara
213 1255 169 28 röstberättigad,
397 1256 55 20 inom
467 1255 120 21 densamma
596 1254 62 28 jord,
674 1258 50 18 tomt
738 1254 48 22 eller
800 1254 39 21 hus

99 1293 55 25 äger,
179 1289 48 21 eller
246 1289 78 29 sjöfart
343 1289 48 21 eller
410 1297 72 13 annan
496 1290 76 27 näring
586 1288 83 22 idkar."
698 1288 42 27 Jag
755 1288 38 22 ber
808 1290 31 19 att

99 1324 22 21 få
143 1324 101 28 upplysa,
268 1325 31 19 att
321 1323 118 28 ordalagen
457 1323 7 21 i
480 1324 58 20 detta
552 1322 78 28 tillägg
645 1325 36 19 äro
696 1322 142 22 formulerade

100 1358 54 22 efter
173 1358 58 22 förra
249 1357 63 22 delen
329 1358 8 21 i
351 1364 62 15 mom.
431 1361 9 17 1
455 1357 25 22 af
491 1357 118 29 kejserliga
624 1357 160 28 propositionen
799 1357 40 21 och

100 1392 49 22 med
171 1392 89 28 ledning
279 1392 25 21 af
321 1392 42 22 den
378 1392 25 22 af
414 1392 45 27 mig
473 1392 66 22 redan
555 1391 140 22 omförmälda
710 1391 72 27 kongl.
798 1391 41 21 för-

100 1427 119 26 ordningen
235 1427 24 21 af
271 1427 41 21 den
326 1429 25 18 21
367 1433 57 15 mars
441 1428 53 20 1862
510 1426 6 21 i
531 1427 123 27 möjligaste
669 1426 66 21 mätto
751 1426 47 21 kort
809 1425 30 22 af-

100 1461 89 22 fattade.
220 1461 75 22 Skulle
310 1460 133 29 högvördiga
459 1459 85 24 ständet
557 1460 67 22 hellre
639 1460 53 28 vilja
710 1459 131 29 ordagrannt
