989 1748
781 134 41 21 677

101 198 92 23 anförda
212 198 66 23 orden
299 198 66 23 hafva
380 198 91 23 alldeles
485 199 50 23 icke
551 199 103 23 afseende
669 199 28 29 på
712 200 46 22 hela
773 207 76 22 propo-

101 234 102 27 sitionen,
225 235 51 20 utan
295 233 55 22 blott
368 234 29 27 på
412 234 27 21 de
454 234 182 29 nästföregående
654 237 131 26 momenten,
804 242 46 15 som

101 268 58 27 angå
179 269 171 28 organisationen
370 268 24 21 af
410 268 108 23 bankens'
527 264 112 38 styrelse.
655 269 119 27 Angående
790 270 59 22 inne-

101 303 68 22 hållet
192 302 24 22 af
236 302 54 22 sista
312 302 93 22 raderna
425 303 6 20 i
451 310 29 15 nu
499 303 140 22 diskuterade
655 306 93 20 moment
764 303 86 23 förenar

97 338 41 28 jag
153 337 45 28 mig
212 337 50 22 med
278 337 117 22 utskottets
410 337 147 23 betänkande.

168 373 90 21 Prosten
274 372 26 22 H.
316 372 102 22 Heikel
434 373 122 28 anmärkte,
573 375 30 20 att
614 373 105 22 utskottet
729 373 121 28 ingalunda

101 407 104 29 uppställt
214 407 64 22 dessa
289 407 82 28 förslag
382 408 71 21 såsom
464 407 71 22 vilkor
545 408 32 22 för
585 408 99 22 bankens
693 408 156 29 öfvertagande

101 442 24 22 af
145 441 127 29 ständerna,
296 441 83 22 hvilket
402 443 105 21 utskottet
529 442 68 22 redan
616 442 7 21 i
643 442 68 23 första
731 445 117 20 momentet

99 476 129 28 obetingadt
247 476 106 28 förordat,
373 479 53 20 utan
444 477 77 22 endast
537 477 72 22 såsom
624 477 147 29 underdåniga
786 479 60 20 önsk-

100 512 114 29 ningsmål,
230 511 77 22 dervid
322 511 116 22 ständerne
453 511 52 22 ville
520 511 7 22 i
542 511 175 28 underdånighet
727 511 121 23 förbehålla

99 547 34 27 sig
153 547 31 20 att
203 546 7 21 i
226 545 114 22 framtiden
356 548 99 19 närmare
472 546 120 22 bestämma
607 545 28 23 de
650 546 110 22 blifvande
776 547 70 21 bidra-

99 588 50 22 gen,
166 581 29 22 då
210 583 58 20 ännu
284 581 88 22 osäkert
385 588 61 21 vore,
458 581 53 22 huru
521 583 60 21 stora
591 581 84 22 sådana
685 581 78 28 bidrag
773 581 73 23 kunde

99 623 53 15 vara
167 616 107 28 förenliga
289 616 49 21 med
353 616 99 22 bankens
468 616 107 22 säkerhet.

166 651 209 28 Kontraktsprosten
397 651 99 22 Hellén
519 651 104 22 förenade
645 651 35 28 sig
701 651 7 21 i
731 651 43 22 allo
797 652 50 21 med

98 687 87 26 prosten
206 685 88 28 Heikel,
321 692 48 15 men
393 685 51 22 ville
467 685 109 22 dessutom
599 685 100 28 tillägga,
726 687 32 20 att
782 686 64 22 äfven

97 721 6 20 i
128 721 102 21 utskottet
253 719 42 22 den
315 720 88 27 mening
423 720 38 21 hos
477 721 93 27 mången
591 719 76 29 gjorde
686 720 34 27 sig
735 721 110 26 gällande,

99 757 32 20 att
151 762 34 14 om
204 755 42 21 ock
265 754 88 22 banken
372 761 50 15 vore
441 754 123 28 berättigad
580 756 32 20 att
627 754 71 21 återfå
713 754 26 22 de
756 755 89 26 747,451

97 790 46 21 rub.
158 790 56 26 483/,
230 789 50 29 kop.
297 796 34 21 s:r,
348 795 46 16 som
409 789 42 22 den
467 789 24 22 af
503 789 34 22 sin
553 789 57 22 vinst
621 789 107 22 utbetalat
738 789 33 21 till
782 791 63 20 stats-

97 824 85 29 verket,
206 824 38 21 det
266 823 57 22 dock
344 824 19 27 ej
383 830 51 15 vore
453 823 48 22 skäl
517 825 31 20 att
563 823 130 27 återbegära
709 823 58 28 dem,
779 823 28 22 då
818 823 27 22 de

97 859 71 22 blifvit
184 858 102 23 använda
301 858 33 22 till
349 857 33 23 för
395 857 75 24 landet
485 858 86 29 nyttiga
586 857 109 23 ändamål.

165 894 11 21 I
191 892 104 23 afseende
310 893 14 21 å
339 892 57 22 hvad
410 892 138 29 domprosten
559 892 91 22 Renvall
660 894 69 26 yttrat
739 894 32 20 att
782 895 63 19 stats-

96 929 88 22 banken
200 928 41 22 och
256 927 130 23 ständernas
402 928 59 21 bank
476 935 51 14 voro
543 927 33 22 till
591 927 33 22 för
639 934 83 15 samma
737 927 67 28 syfte,
821 928 25 21 så

97 964 51 22 ville
171 962 204 28 kontraktsprosten
398 962 115 28 anmärka,
536 964 32 20 att
588 962 37 21 det
645 968 50 16 vore
715 968 26 15 en
760 962 86 27 ganska

97 1001 45 20 stor
164 996 88 24 skilnad
272 997 50 21 dem
342 996 102 29 emellan,
465 996 29 22 då
514 996 42 22 den
575 1003 77 15 senare
667 996 58 22 hade
740 996 33 22 sin
789 1004 57 20 egna

97 1034 25 22 af
141 1034 88 28 prosten
251 1032 79 22 Heikel
352 1031 66 22 redan
438 1030 141 28 omständligt
598 1030 101 29 utredda,
718 1030 47 22 från
781 1033 64 20 stats-

97 1068 87 23 banken
207 1067 74 23 skilda
301 1066 162 28 bestämmelse,
485 1066 40 22 och
540 1065 67 23 borde
623 1065 42 22 den
681 1065 84 22 derföre
780 1068 65 25 göras

98 1102 122 23 oberoende
244 1101 24 23 af
288 1102 83 22 statens
389 1100 154 30 påtryckning,
562 1100 33 22 för
613 1102 32 20 att
664 1100 92 22 sålunda
771 1100 75 22 kunna

97 1137 81 23 befrias
188 1137 47 22 från
247 1136 84 23 sådana
342 1136 32 22 för
385 1136 126 22 densamma
522 1134 133 23 fremmande
665 1134 94 28 utgifter,
770 1134 76 22 hvilka

97 1180 51 16 vore
164 1171 135 24 förlamande
313 1171 33 22 för
361 1171 51 23 dess
427 1171 111 29 egentliga
553 1170 108 22 ändamål.
691 1170 43 21 För
744 1176 54 21 egen
810 1169 35 22 del

98 1208 50 23 ville
174 1207 206 28 kontraktsprosten
405 1206 49 23 icke
480 1205 110 30 tillstyrka
616 1204 182 29 återbegärandet
823 1205 25 21 af

98 1243 68 28 sagde
185 1249 91 21 summa,
295 1248 49 15 men
362 1241 69 28 ansåg
449 1241 66 28 dock,
532 1241 32 21 att
579 1240 88 21 banken
681 1239 34 22 för
729 1239 117 22 framtiden

97 1277 67 23 borde
179 1276 82 22 befrias
275 1277 48 21 från
338 1275 58 23 slika
410 1276 77 27 bidrag
503 1275 32 22 till
551 1274 141 27 statsverket,
709 1274 28 21 då
748 1273 36 22 det
794 1281 52 14 vore

97 1312 79 28 vigtigt
191 1313 32 20 att
238 1311 97 27 banken,
352 1317 46 15 som
413 1311 67 21 redan
496 1312 23 19 är
534 1309 100 22 belastad
649 1308 50 22 med
714 1308 75 28 skuld,
806 1307 40 23 och

97 1346 127 29 ytterligare
244 1344 93 23 hehöfde
358 1345 46 22 åtta
421 1345 99 27 miljoner
535 1343 62 22 mark
612 1350 34 15 om
661 1342 186 27 silfverutvexling

99 1381 57 21 skall
171 1380 74 21 kunna
261 1380 48 26 ske,
329 1379 73 20 kunde
417 1379 68 20 blifva
499 1377 115 22 försäkrad
630 1384 34 13 om
680 1378 32 19 att
726 1376 73 21 ostörd
813 1376 33 21 för

99 1421 53 19 egen
177 1413 35 21 del
235 1413 22 21 få
280 1413 116 27 disponera
417 1411 59 22 öfver
491 1411 48 22 sina
554 1411 123 26 tillgångar.
707 1409 139 22 Beträffande

99 1450 67 26 tiden,
191 1447 47 22 från
260 1447 89 22 hvilken
372 1446 66 23 dessa
458 1445 161 28 utbetalningar
638 1444 33 22 till
689 1445 71 21 staten
775 1443 72 22 skulle
