992 1795
765 135 39 20 707

91 200 37 22 det
142 200 32 22 till
188 200 99 22 bankens
303 200 95 23 soliditet
414 201 38 21 och
468 200 97 28 förmåga
581 202 32 20 att
627 202 56 20 ännu
697 200 70 22 inlösa
783 200 51 21 den-

92 242 88 15 samma.

158 269 157 28 Kyrkoherden
330 269 24 21 A.
370 269 93 22 Heikel
478 269 102 22 förenade
594 269 34 27 sig
644 269 47 22 med
703 269 131 27 föregående

91 303 69 22 talare
177 303 29 21 uti
223 304 54 21 hans
293 303 96 22 uttalade
406 304 85 27 åsigter.

158 337 126 22 Professorn
300 337 154 22 Schauman
468 337 103 23 förenade
587 338 34 27 sig
636 338 6 21 i
658 338 43 21 allo
717 337 49 22 med
777 337 58 22 dom-

90 374 88 26 prosten
192 373 98 21 Renvall.

159 407 208 29 Kontraktsprosten
390 407 100 23 Hellén
510 407 86 29 trodde,
616 409 32 20 att
662 407 36 22 det
713 414 50 15 vore
780 409 56 20 orätt

90 444 32 18 att
139 449 25 14 ur
182 444 117 19 momentet
314 442 100 26 utstryka
429 442 65 21 orden
511 442 133 27 ,trängande
660 442 103 27 nödfall",
780 449 54 14 eme-

92 475 42 22 dan
150 476 78 23 sådant
242 476 82 22 nödfall
340 476 72 22 kunde
427 477 95 27 inträffa,
539 477 39 21 och
594 479 32 18 att
642 476 84 22 derföre
742 477 41 21 den
797 476 39 22 här

90 510 124 28 föreslagna
230 511 164 27 bestämningen
410 511 32 22 för
458 511 141 22 säkerhetens
615 511 56 21 skull
691 511 66 22 borde
773 518 63 20 qvar-

92 545 40 21 stå.
162 545 51 22 Ofta
227 545 114 22 inträffade
357 546 118 27 nemligen,
492 547 31 20 att
539 553 48 13 man
604 545 36 21 vid
656 552 25 14 en
697 545 138 27 lagstiftning

90 579 119 28 bestämde,
221 582 32 18 att
264 580 37 21 det
312 579 39 22 och
362 579 36 22 det
408 579 17 28 ej
438 579 56 28 finge
506 579 45 28 ske,
563 586 48 14 men
623 579 212 27 omständigheterna

90 613 128 22 föranledde
238 614 56 21 dock
315 613 71 22 dertill
407 616 31 19 att
454 615 36 20 det
505 614 90 21 skedde.
626 613 54 22 Ville
697 620 48 15 man
761 613 30 22 uti
806 621 29 14 nu

91 647 167 28 ifrågavarande
278 648 104 22 afseende
405 648 54 22 söka
480 647 97 29 exempel
597 655 24 14 ur
636 648 158 27 erfarenheten,
812 649 24 21 så

91 683 73 21 kunde
179 690 49 14 man
245 683 19 28 ej
279 682 73 28 undgå
368 685 31 19 att
415 683 57 21 finna
490 683 37 21 det
542 683 6 21 i
565 682 41 21 den
621 683 24 20 år
664 683 53 21 1855
733 683 103 21 inställda

91 717 223 28 silfverutvexlingen,
334 724 45 15 som
400 717 138 22 föranleddes
556 717 49 22 icke
622 717 24 21 af
658 717 178 22 bankaffärernes

92 753 115 27 obestånd,
231 755 51 19 utan
303 753 25 21 af
346 753 99 21 turkiska
465 753 82 27 krigets
568 753 96 27 menliga
683 752 103 22 inverkan
809 752 28 28 på

92 789 156 26 varuexporten
264 787 112 22 äfvensom
392 787 24 22 af
429 787 36 22 det
481 787 117 28 beroende,
610 787 59 22 hvari
681 787 86 22 landets
777 787 58 21 bank

92 822 29 21 då
143 822 79 22 befann
245 823 33 26 sig
300 822 40 21 och
361 825 56 18 ännu
436 822 97 22 befinner
552 822 35 27 sig
602 822 31 21 till
649 821 130 29 Rysslands,
796 822 41 21 och

91 856 83 22 hvilket
197 856 116 29 beroende,
338 863 34 14 om
392 857 40 21 ock
449 857 37 21 det
500 857 33 21 för
549 863 26 15 en
591 856 31 21 tid
638 856 85 22 komme
739 859 31 18 att
785 864 52 20 upp-

92 891 62 28 höra,
171 892 46 20 åter
232 890 72 23 kunde
319 897 26 15 en
361 898 71 14 annan
448 892 59 27 gång
517 891 95 28 inträffa,
624 894 52 18 enär
686 891 97 22 hvarken
795 891 41 21 den

93 925 99 22 enskilde
213 925 128 22 menniskan
366 926 52 21 eller
438 926 127 27 regeringen
585 925 101 22 mäktade
705 926 54 20 råda
778 925 59 22 öfver

92 960 156 22 händelsernas
264 960 64 27 gång.
358 961 9 20 I
383 960 103 22 afseende
499 961 14 20 å
528 960 136 27 domprosten
679 960 103 21 Renvalls
795 962 43 26 ytt-

92 995 77 28 rande,
193 997 31 20 att
244 1001 50 15 man
314 995 68 21 borde
402 995 25 21 så
446 995 87 27 mycket
554 1001 45 15 som
618 994 93 28 möjligt,
728 994 35 27 ja,
780 995 57 21 ända

93 1030 33 21 till
142 1030 36 21 det
193 1031 92 27 yttersta
299 1029 55 22 ifrån
370 1029 85 22 banken
467 1029 82 28 utgifva
561 1029 78 28 silfver,
652 1029 50 21 ville
714 1029 123 21 kontrakts-

92 1067 88 25 prosten
206 1065 72 26 fråga,
305 1064 63 21 hvart
390 1064 78 21 sådant
490 1063 71 22 skulle
584 1063 64 22 leda?
672 1063 165 28 Otvifvelaktigt

94 1099 91 28 derhän,
208 1101 32 20 att
260 1099 44 22 alla
324 1099 72 21 sedlar
416 1099 73 23 skulle,
505 1098 103 27 indragas
624 1098 45 21 från
686 1098 95 21 rörelsen
797 1099 39 20 och

94 1133 25 21 så
141 1133 75 22 kallad
238 1133 114 29 strypning
374 1134 87 27 uppstå,
485 1133 40 21 och
542 1139 51 15 vore
612 1133 36 21 det
659 1133 47 27 just
720 1133 80 28 följden
817 1133 21 21 af

94 1167 84 22 sådana
193 1167 89 27 vådliga
296 1167 121 28 händelser,
434 1167 74 22 hvilka
523 1167 95 22 berodde
633 1167 24 21 af
665 1168 38 20 vår
713 1167 125 21 nuvarande

94 1202 104 27 politiska
213 1202 39 21 och
267 1202 116 21 financiela
399 1201 112 28 ställning,
527 1201 105 22 utskottet
647 1202 58 21 velat
718 1201 120 28 förebygga

95 1236 134 28 derigenom,
252 1239 32 19 att
304 1236 36 22 det
358 1237 7 20 i
384 1236 120 27 trängande
522 1236 81 22 nödfall
623 1236 70 21 skulle
709 1235 82 22 tillåtas
807 1243 31 14 re-

94 1271 104 27 geringen
221 1273 32 19 att
274 1271 89 21 inställa
387 1270 219 27 silfverutvexlingen.
644 1270 115 21 Dessutom
782 1270 57 21 hade

96 1305 86 22 ständet
204 1305 67 22 redan
294 1311 77 22 genom
396 1305 134 28 antagandet
549 1305 25 20 af
588 1312 62 14 mom.
665 1305 12 20 9
693 1305 97 26 beslutit,
807 1306 32 19 att

95 1340 39 21 hos
150 1340 60 21 Hans
226 1339 123 28 Kejserliga
364 1339 102 28 Majestät
480 1339 89 27 föreslä,
586 1340 37 20 det
637 1338 50 22 ville
702 1339 59 21 Hans
772 1339 67 26 Maje-

96 1376 53 25 stät,
169 1373 8 22 i
196 1373 104 22 händelse
320 1374 72 27 nägon
412 1373 126 28 förändring
553 1372 24 22 af
588 1372 103 29 gällande
705 1372 135 22 föreskrifter

96 1409 94 21 emellan
207 1408 160 27 landtdagarne
380 1408 106 22 befunnes
501 1408 75 26 nödig,
597 1407 101 22 meddela
712 1407 77 26 nädigt
803 1407 37 27 pä-

97 1441 44 22 bud
156 1441 83 27 derom,
256 1443 32 19 att
303 1441 32 22 till
350 1441 146 27 nästföljande
512 1440 107 27 landtdag
633 1439 67 28 gälla;
715 1440 39 21 och
765 1440 77 21 trodde
