989 1745
185 131 40 22 170

155 197 7 21 i
178 196 83 28 landet,
278 197 67 21 sedan
361 196 107 22 särskilda
478 196 154 29 förberedande
643 197 99 28 åtgärder
751 197 33 22 för
794 196 103 22 ändamå-

154 231 31 22 let
206 231 75 21 hunnit
301 231 25 21 af
342 231 106 28 styrelsen
466 231 109 28 vidtagas,
596 230 48 22 med
660 230 106 22 förbehåll
781 231 68 22 likväl
865 232 32 20 att

154 273 34 14 om
204 265 41 22 den
261 265 113 22 bestämda
389 265 128 28 tidpunkten
532 265 32 22 för
580 273 26 14 en
620 265 69 22 sådan
699 265 120 28 förklaring
829 265 67 22 borde

154 301 50 21 med
228 300 182 21 finansministern
436 300 34 21 för
494 300 159 28 kejsaredömet
676 299 218 23 öfverenskommas.*

154 334 153 29 Nyssnämnda
328 334 157 22 förberedande
508 335 100 27 åtgärder
630 341 60 15 voro:
715 336 32 20 1:o
769 335 85 22 inlösen
874 335 25 21 af

154 369 142 22 statsverkets
311 370 137 27 uppsägbara
463 369 113 22 inhemska
590 369 194 28 låneobligationer
800 369 46 29 (det
856 370 40 21 har

153 405 122 21 sedermera
298 404 32 21 till
351 411 25 15 en
397 404 35 22 del
450 404 67 22 redan
536 405 58 21 skett
614 412 76 20 genom
709 405 149 27 upptagandet
874 405 25 21 af

153 441 30 20 ett
205 438 146 29 ouppsägbart
373 439 113 22 utländskt
506 439 46 28 län;
576 440 33 20 2:0
624 439 153 22 anskaffandet
796 439 25 22 af
837 439 58 22 ökad

152 473 166 28 silfvertillgång
338 473 7 21 i
363 473 105 22 Finlands
488 473 58 22 bank
565 473 70 29 (detta
652 474 40 21 har
710 473 19 29 ej
746 474 84 21 kunnat
845 475 47 28 ske,

151 509 91 20 emedan
256 507 142 23 öfverskottet
414 507 24 22 af
450 508 37 21 det
500 507 117 22 utländska
630 508 59 21 lånet
700 508 74 29 utgick
784 515 25 15 ur
819 509 75 22 landet

150 543 34 22 för
197 542 230 29 spannmälsimporten
442 543 53 22 efter
505 542 131 23 missvexten
647 543 71 30 1862),
730 543 40 22 och
780 545 34 20 3:0
825 546 69 27 mynt-

151 578 86 21 verkets
255 577 139 23 fulländande
410 577 40 22 och
464 577 128 29 präglingen
608 577 24 22 af
643 579 31 20 ett
688 577 33 23 för
736 578 68 22 första
819 580 74 20 utvex-

150 613 73 28 lingen
238 612 127 28 tillräckligt
379 612 72 21 förräd
466 612 119 22 metalliskt
600 614 60 26 mynt
676 613 6 20 i
696 613 62 22 mark
774 613 39 21 och
828 614 65 27 penni

150 647 166 29 (förberedelser
332 647 71 21 härtill
414 649 36 19 äro
462 647 121 28 vidtagna).
613 647 119 28 Angäende
743 648 151 29 uppfyllandet

149 683 25 21 af
187 683 36 21 det
238 682 68 21 andra
321 682 93 21 vilkoret
428 681 61 22 heter
500 682 36 22 det
546 683 14 20 å
569 689 50 20 pag.
632 683 11 20 6
659 682 2 21 i
672 689 83 15 samma
765 683 127 22 berättelse:

150 735 8 8 »
163 717 40 21 Väl
225 717 44 21 kan
289 724 50 14 man
357 717 94 27 hoppas,
474 719 32 19 att
521 717 7 21 i
546 717 54 27 följd
615 717 25 20 af
652 717 41 21 den
709 718 97 27 ovanligt
821 718 71 21 ökade

149 753 103 26 exporten
275 751 60 22 detta
355 751 29 28 är,
405 751 86 21 banken
510 751 55 22 skall
586 751 73 21 kunna
677 751 93 29 bespara
788 752 67 27 nägot
870 753 26 21 af

149 786 26 21 de
191 786 75 21 vexlar
280 787 29 27 pä
324 785 106 28 utlandet,
447 792 45 15 som
508 786 125 21 densamma
648 786 33 21 till
697 786 151 28 diskontering
861 794 31 15 er-

148 821 87 28 bjudas,
252 823 31 19 att
299 823 44 19 mot
356 821 47 21 sina
414 821 127 21 utestäende
551 820 121 28 fordringar
683 821 7 21 i
700 821 99 22 utlandet
809 821 83 28 utgifva

149 855 76 23 endast
249 855 62 22 deras
334 856 64 20 enkla
419 855 77 28 belopp
514 855 7 21 i
540 855 80 22 sedlar.
649 856 49 21 Men
716 856 29 28 pä
761 857 71 21 denna
848 859 43 26 väg

148 891 69 22 skulle
233 890 57 22 dock
305 890 49 22 dess
370 890 74 22 valuta
455 889 77 22 endast
547 890 68 21 under
631 897 26 14 en
667 890 55 28 följd
733 891 25 21 af
765 891 47 22 lika
822 898 68 22 gynn-

147 933 61 14 sama
230 925 24 21 år
276 925 73 22 kunna
372 925 7 21 i
401 924 136 28 betydligare
560 925 50 21 män
632 925 61 22 ökas.
729 926 44 21 Det
798 927 94 21 återstår

147 959 83 23 derföre
245 960 55 21 intet
315 962 66 19 annat
396 959 71 22 medel
482 961 32 20 att
528 960 120 27 uppbringa
664 959 126 23 densamma
805 961 33 21 till
854 961 37 22 det

145 995 33 21 för
198 994 166 27 ifrågavarande
384 993 101 22 ändamål
506 994 139 27 erforderliga
664 994 91 29 belopp"
773 995 57 28 (åtta
844 996 47 21 mil-

142 1029 65 28 joner
222 1028 71 28 mark)
310 1031 41 24 ,än
367 1030 30 19 ett
410 1029 109 20 utländskt
535 1029 57 21 lån."

213 1063 35 21 Då
263 1069 28 15 nu
306 1062 64 21 häraf
382 1063 106 27 framstår,
504 1064 32 19 att
552 1063 60 21 Hans
627 1063 114 28 Majestäts
757 1063 67 22 redan
836 1066 53 20 1862

145 1098 86 27 engång
250 1096 60 28 gifna
327 1097 51 21 löfte
397 1097 49 21 icke
464 1097 95 27 grundar
574 1097 34 27 sig
622 1097 28 28 på
665 1098 72 27 någon
752 1099 137 21 transaktion

144 1132 49 21 med
207 1131 245 29 hypoteksföreningen,
467 1132 88 21 hvarom
571 1131 123 22 sedermera
709 1132 63 27 fråga
782 1134 106 27 uppstått,

144 1169 51 19 utan
205 1166 45 21 helt
261 1165 74 22 enkelt
344 1166 29 27 på
384 1166 98 22 bankens
492 1165 113 22 förseende
616 1167 49 21 med
676 1167 127 28 tillräckligt
816 1168 74 21 silfver

143 1201 32 21 för
190 1200 67 28 nödig
272 1200 120 28 utvexling,
408 1200 40 21 och
464 1200 60 22 detta
537 1200 149 28 förmånligast
698 1201 33 22 för
741 1201 86 22 banken
839 1202 51 21 sker

143 1242 78 21 genom
237 1237 30 19 ett
283 1234 112 22 utländskt
409 1235 46 28 lån;
472 1235 24 22 så
511 1241 64 15 anser
586 1235 42 27 jag
642 1235 60 22 detta
718 1243 53 14 vara
785 1236 37 21 det
832 1239 58 19 rätta

143 1269 80 22 medlet
238 1269 33 22 för
285 1271 32 19 att
333 1269 67 27 enligt
415 1270 60 21 Hans
490 1269 112 28 Majestäts
616 1269 53 22 löfte
683 1270 126 27 genomföra
819 1273 69 25 mynt-

143 1303 111 20 reformen.
285 1303 42 27 Ty,
345 1302 64 21 ehuru
425 1309 49 14 man
489 1303 39 20 har
539 1304 48 25 sagt
598 1304 32 19 att
640 1303 248 27 hypoteksföreningens

141 1336 96 28 välgång
255 1339 24 18 är
294 1336 45 21 lika
354 1336 49 21 med
418 1336 86 22 landets
519 1336 104 28 välgång,
640 1336 25 22 så
680 1337 51 22 ville
742 1337 42 28 jag
799 1337 89 22 fastmer

141 1372 71 27 påstå,
228 1373 32 19 att
275 1371 92 21 bankens
382 1371 36 21 väl
434 1373 23 19 är
472 1371 85 22 landets
572 1371 42 21 väl.
644 1371 83 22 Genom
741 1372 42 23 den
793 1379 29 14 nu
832 1372 55 22 före-

141 1406 80 27 laggda
243 1405 161 29 propositionen
425 1409 24 18 är
468 1405 146 28 omsorgsfullt
632 1406 69 28 sörjdt
720 1407 33 21 för
768 1407 118 29 hypoteks-

141 1441 138 28 föreningens
298 1441 71 29 bästa,
388 1441 49 22 icke
456 1441 25 22 så
495 1441 32 23 för
543 1441 105 22 bankens.
678 1441 41 23 Om
735 1441 151 30 hypoteksför-
