989 1775
158 138 41 20 314

129 201 53 27 ning
202 202 55 20 samt
277 203 60 25 ytors
357 199 40 22 och
415 199 98 27 rymders
532 198 106 28 mätning;
662 197 22 29 5)
701 197 178 22 naturvetenska-

129 242 45 21 per,
190 237 56 19 samt
260 234 21 28 6)
293 234 112 26 teckning,
416 233 56 27 sång
483 232 38 22 och
533 232 134 28 gymnastik,
679 232 119 27 hvarjemte
810 231 70 21 deruti

130 269 71 21 skulle
223 268 179 22 tillhandahållas
425 266 156 27 undervisning
594 266 84 27 jemväl
697 266 7 20 i
720 265 159 28 handarbeten,

129 302 83 28 slöjder
227 302 40 22 och
279 302 117 27 jordbruk,
413 300 111 22 äfvensom
541 300 28 27 (p.
586 300 37 28 37)
638 299 59 22 lokal
707 299 34 21 för
751 300 77 21 skolan
840 299 40 21 och

129 337 34 21 för
185 336 50 22 dess
257 336 151 21 föreståndare
431 334 150 28 boningsrum,
602 335 12 19 2
631 336 12 18 å
659 335 12 20 3
688 334 118 21 tunneland
818 333 62 27 jord,

129 371 88 21 bränsle
237 378 27 14 m.
285 377 27 13 m.
334 369 65 21 borde
419 368 24 22 af
455 368 131 22 kommunen
603 368 118 21 anskaffas.
751 368 50 21 Alla
816 367 65 21 dessa

130 404 137 28 stadganden
286 411 34 14 om
337 403 136 22 folkskolans
488 403 125 21 läroämnen
627 402 40 22 och
684 402 70 28 öfriga
770 402 110 28 organisa-

129 440 46 21 tion
190 439 71 21 utvisa
277 445 43 20 nog
335 438 88 28 tydligt,
435 439 32 19 att
482 437 125 22 folkskolan
623 437 48 21 icke
687 436 44 22 kan
743 436 136 22 annorlunda

130 480 73 20 anses,
220 475 28 19 än
263 473 73 22 såsom
352 479 27 14 en
394 472 120 21 institution
527 471 33 21 för
571 470 152 28 bibringandet
734 470 25 21 af
767 470 42 22 den
820 470 58 22 med-

129 506 125 28 borgerliga
276 506 182 26 undervisningen
482 506 39 20 och
542 504 135 28 uppfostran,
701 511 47 15 som
764 504 115 22 samhället

131 542 32 20 för
179 541 32 21 sin
227 540 102 21 framtida
345 539 126 27 utveckling
486 539 67 21 finner
569 539 33 26 sig
617 539 54 21 böra
685 538 94 22 bekosta
794 538 40 22 och
846 538 33 22 så-

130 575 62 21 ledes
206 574 83 28 jemväl
305 576 24 19 är
345 573 124 28 berättigad
484 575 31 19 att
530 580 78 20 genom
624 573 47 21 sina
689 572 191 22 kommunalstäm-

130 616 46 14 mor
199 608 39 21 och
261 608 70 27 öfriga
353 607 236 27 förvaltningsorganer
609 607 68 20 ordna
697 606 40 21 och
753 607 125 20 öfvervaka.

130 643 104 21 Deremot
252 641 64 22 söker
335 641 41 21 den
392 648 28 14 nu
435 641 114 28 pågående
563 641 165 27 lagstiftningen
743 640 137 27 rättvisligen

130 677 22 21 åt
174 676 178 28 kyrkostämman
375 675 33 21 för
430 675 115 21 framtiden
568 675 113 27 uppdraga
701 674 179 22 handhafvandet

129 711 78 22 endast
221 710 25 21 af
259 710 84 21 sådana
356 709 192 27 angelägenheter,
564 716 46 14 som
626 709 34 21 stä
675 709 7 21 i
697 709 114 26 otvingadt
824 715 55 16 sam-

129 745 110 26 manhang
260 743 49 23 med
332 743 98 28 kyrkans
454 743 111 22 ändamäl:
588 745 32 20 att
641 750 79 21 genom
743 743 73 22 ordets
839 743 40 22 och

129 779 192 22 sakramenternas
336 777 131 28 förvaltning
483 777 76 28 bringa
575 777 154 22 menniskorna
745 777 33 22 till
792 777 40 22 och
843 778 36 21 be-

129 813 58 22 fästa
203 813 49 21 dem
266 812 30 21 uti
311 811 199 28 lifsgemenskapen
525 812 50 21 med
591 811 58 28 Gud;
664 812 8 20 i
687 811 54 28 följd
755 812 79 21 hvaraf
842 811 36 22 det

129 854 51 15 vore
196 846 174 29 principvidrigt,
386 847 32 20 att
434 846 13 21 ä
458 845 178 28 kyrkostämman
648 846 65 21 ställa
725 846 37 21 det
772 846 106 28 anspråk,

129 883 32 19 att
184 881 42 21 hon
248 880 77 28 borde,
348 880 73 21 kunde
443 881 52 20 eller
513 886 38 15 ens
565 880 51 21 ville
631 880 90 27 vidtaga
736 881 45 20 alla
796 880 82 27 nödiga

129 914 103 28 åtgärder
251 914 34 21 för
304 914 155 28 bekostandet,
479 914 120 21 ordnandet
614 914 39 21 och
669 914 173 21 öfvervakandet
857 914 25 21 af

129 948 138 22 folkskolans
283 948 160 22 ofvannämnda
458 948 145 28 vidsträckta,
623 948 175 28 medborgerliga
816 948 62 21 verk-

129 982 84 22 samhet
228 982 40 22 och
283 982 50 23 dess
343 982 150 28 mångfaldiga
504 982 175 28 adpertinentier.
698 983 32 21 På
740 982 58 22 hvad
808 983 70 27 grund

128 1017 38 22 vill
189 1024 49 14 man
261 1017 37 21 väl
315 1017 32 21 dä
362 1016 123 28 ofverflytta
500 1017 231 21 folkskoleärenderna
747 1017 55 21 ifrån
818 1017 59 21 kom-

128 1051 168 22 munalstämma
316 1052 32 20 till
368 1051 179 28 kyrkostämma?
575 1052 76 27 Någon
671 1059 71 14 annan
760 1051 118 28 anledning

129 1086 72 21 härtill
221 1086 44 21 kan
284 1086 49 21 icke
349 1086 88 27 tänkas,
461 1088 27 19 än
505 1089 31 19 att
551 1093 49 14 man
617 1086 110 22 måhända
742 1086 84 22 fruktar
841 1086 37 22 det

128 1120 125 21 folkskolan
269 1120 68 21 under
350 1120 245 22 kommunalstämmans
611 1121 53 21 vård
681 1120 57 22 skall
756 1120 122 22 åsidosätta

128 1153 276 28 kristendomskunskapen
425 1154 39 20 och
483 1154 37 22 det
536 1154 100 27 kristliga
651 1155 66 21 lifvet.
748 1155 49 21 Men
813 1154 63 22 äfven

127 1187 74 22 denna
215 1187 87 21 fruktan
318 1190 24 18 är
357 1187 122 29 ogrundad;
499 1191 23 25 ty
537 1189 124 21 folkskolan
677 1189 75 21 ställer
764 1189 26 27 ju
805 1189 7 20 i
828 1189 49 21 sina

127 1221 91 27 stadgar
239 1221 163 22 kristendomen
422 1223 30 20 uti
473 1222 90 23 främsta
577 1225 92 19 rummet
685 1223 24 20 af
722 1223 48 21 sina
785 1223 91 21 läroäm-

127 1262 52 20 nen;
203 1255 41 21 den
265 1258 39 24 gör
324 1262 26 14 en
370 1255 7 21 i
397 1256 94 21 hemmet
507 1257 52 21 eller
574 1257 107 27 byskolan
698 1257 77 26 börjad
789 1257 87 26 kristlig

127 1289 156 28 undervisning
297 1289 31 29 (p.
344 1289 36 29 36)
397 1290 31 21 till
444 1290 71 22 vilkor
529 1291 33 22 för
577 1291 112 22 elevernas
710 1291 164 28 emottagande;

125 1323 43 20 den
184 1323 58 20 visar
257 1323 6 20 i
279 1323 48 20 sina
343 1323 140 27 disciplinära
498 1324 134 21 föreskrifter
647 1331 27 14 en
689 1325 96 26 kristligt
804 1325 72 26 sedlig

125 1355 101 26 tendens,
243 1356 40 21 och
299 1356 244 23 utskottsbetänkandet
554 1359 13 25 $
578 1358 26 21 45
619 1358 124 27 uppdrager
754 1358 22 21 åt
786 1360 88 25 pastorn

126 1391 47 19 säte
197 1389 38 20 och
257 1392 92 19 stämma
367 1390 6 21 i
392 1390 236 23 kommunalnämnden
644 1392 29 21 då
688 1392 136 22 folkskolans
838 1399 37 14 an-

125 1423 156 28 gelägenheter
301 1424 38 21 der
358 1424 130 29 behandlas;
509 1425 48 22 med
578 1429 30 18 ett
624 1426 47 21 ord:
695 1426 125 22 folkskolan
836 1427 37 20 vill
