986 1784
755 68 41 22 241

152 134 89 21 Prosten
264 133 79 22 Sulin
366 140 38 15 var
423 134 25 21 af
464 141 81 15 samma
561 134 65 22 tanke
641 134 49 22 med
705 134 26 22 de
747 137 77 19 tvenne

83 168 182 28 nästföregående
284 168 96 22 talarene
396 168 132 22 beträffande
543 168 122 28 professorn
681 168 91 22 Geitlins
787 176 37 14 an-

83 203 122 28 märkning,
221 210 49 14 men
285 203 70 27 ansåg
369 202 47 21 lika
430 203 49 22 med
494 202 77 22 doktor
583 203 118 27 Hertzberg
711 206 32 18 att
753 203 71 28 skrift,

83 244 46 15 som
152 237 86 28 engång
257 237 56 21 varit
335 237 49 21 med
402 237 63 22 karta
482 237 164 27 vederbörligen
660 237 95 28 belaggd
771 240 54 19 samt

83 271 49 22 med
148 271 131 27 anteckning
293 271 71 22 derom
380 271 96 28 försedd,
492 271 122 22 sedermera
625 271 48 21 icke
684 271 67 22 borde
761 274 64 25 ytter-

81 305 69 28 ligare
166 305 89 22 dermed
269 305 113 28 beläggas.

150 339 124 23 Professorn
296 340 120 27 Geitlin,
440 347 45 15 som
505 339 89 28 medgaf
607 342 31 19 att
653 340 66 27 något
732 340 92 22 missför-

83 374 63 22 stånd
166 374 25 22 af
207 375 149 27 betänkligare
377 377 33 18 art
425 375 7 21 i
447 375 37 22 det
498 374 103 22 afseende
616 375 121 28 professorn
753 375 73 22 ofvan-

83 409 46 22 före
144 409 95 28 påpekat
253 409 6 21 i
276 409 77 28 sjelfva
368 409 76 22 verket
458 409 49 22 icke
522 409 72 22 kunde
604 409 87 29 uppstå,
706 410 70 27 ansåg
786 410 40 21 lik-

81 444 36 21 väl
140 447 32 18 att
194 444 65 22 dessa
281 443 136 29 stadganden
439 444 50 22 ledo
507 444 25 21 af
547 444 54 22 brist
615 444 28 27 på
658 444 116 28 tydlighet,
797 445 28 21 dä

82 481 15 19 t.
113 485 34 16 ex.
163 479 67 28 enligt
245 479 26 21 32
287 480 117 21 momentet
418 479 7 21 i
442 480 26 20 14
483 479 22 27 $,
521 478 141 29 tjenstemäns
679 479 147 27 ansökningar

82 520 35 15 om
139 513 165 28 handräckning
326 513 36 22 vid
384 513 111 22 utfåendet
514 514 25 21 af
557 513 63 22 deras
636 513 123 22 resterande
775 513 50 22 aflö-

82 548 53 28 ning
154 548 115 22 förklarats
289 548 47 21 från
356 548 111 27 kartering
481 547 108 28 befriade,
611 555 48 14 men
675 548 58 22 slika
748 549 77 22 ansök-

81 582 83 29 ningar,
188 582 73 23 derest
276 583 27 21 de
318 582 134 22 inlemnades
468 582 31 21 till
515 583 220 27 guvernörsembetet,
759 583 67 28 enligt

82 618 13 26 8
112 617 25 22 15
152 617 67 22 borde
233 617 108 28 karteras,
364 617 91 22 emedan
468 617 130 28 tjensteman
613 617 48 22 icke
676 619 24 19 är
715 623 26 16 en
757 617 69 22 sådan

81 659 88 21 person,
184 651 34 22 för
232 651 89 22 hvilken
336 651 99 22 befrielse
451 651 46 21 från
513 651 276 29 stämpelpappersafgiften
803 655 24 17 är

83 686 129 28 medgifven.

149 720 209 28 Kontraktsprosten
368 720 93 22 Hellén
472 720 95 28 yttrade:
581 720 48 22 Den
637 720 25 22 af
667 720 77 22 doktor
752 720 73 22 Hertz-

82 755 53 28 berg
151 756 56 20 emot
222 756 13 26 $
251 756 27 20 24
293 754 24 22 af
325 755 116 22 utskottets
452 754 81 28 förslag
543 754 77 28 gjorda
630 754 143 28 anmärkning
783 755 43 21 kan

79 790 41 28 jag
141 789 33 22 för
196 790 43 21 min
259 790 35 20 del
312 789 48 22 icke
376 790 61 27 gilla,
458 792 51 19 utan
525 792 71 18 röstar
610 789 32 22 för
657 789 133 27 antagandet
805 789 25 21 af

83 831 83 15 samma
180 824 111 28 paragraf,
313 824 55 22 dock
383 824 49 21 med
448 824 76 27 tillägg
539 824 25 20 af
576 824 41 21 den
632 824 7 20 i
654 824 82 27 nådiga
750 830 76 22 propo-

83 859 92 21 sitionen
190 858 185 28 förekommande,
395 865 48 15 men
459 866 24 14 ur
497 858 116 22 utskottets
628 858 139 22 betänkande
782 861 44 19 ute-

83 894 72 22 slutna
169 894 125 27 meningen:
312 893 137 29 ,Hyresvärd
464 900 91 15 ansvare
570 893 7 21 i
592 893 75 28 hvarje
683 892 38 22 fall
735 893 33 22 för
779 893 47 21 kar-

83 931 37 19 tan
141 928 39 22 och
200 929 56 21 skall
273 928 45 27 det,
341 928 37 22 vid
394 927 168 29 ofvanstadgadt
576 935 85 20 ansvar,
685 927 142 28 ovilkorligen

83 963 74 28 åligga
179 963 75 28 hvarje
275 965 65 26 ägare
363 963 53 21 eller
436 963 113 28 disponent
564 962 25 22 af
600 962 40 22 hus
655 962 39 21 och
710 969 71 14 annan
797 963 31 20 lä-

83 998 80 28 genhet
177 998 7 21 i
201 997 58 28 stad,
276 1005 45 14 som
336 997 88 29 uthyres
438 998 34 21 för
485 997 54 22 halft
554 997 24 22 år
594 997 52 21 eller
657 997 76 28 längre
743 997 40 28 tid,
796 999 31 19 att

84 1033 73 21 derom
179 1035 101 26 upprätta
299 1032 103 27 skriftligt
422 1032 112 27 kontrakt,
558 1031 88 22 såframt
665 1031 162 28 hyressumman

84 1067 33 22 för
131 1067 55 22 halft
202 1067 23 21 år
241 1069 62 25 utgör
319 1068 39 21 100
373 1067 61 21 mark
450 1067 52 22 eller
517 1066 144 28 derutöfver*;
681 1066 88 22 hvilken
784 1073 43 14 me-

84 1102 53 27 ning
147 1102 42 27 jag
203 1109 64 14 anser
281 1102 25 20 af
318 1102 44 27 vigt
378 1104 31 18 att
425 1101 114 22 bibehålla.

152 1136 207 28 Kontraktsprosten
376 1136 77 22 doktor
468 1136 153 27 Hertzberg:
637 1136 87 22 Tvenne
739 1136 88 21 invänd-

85 1171 77 28 ningar
179 1170 66 22 hafva
262 1171 69 21 blifvit
346 1170 77 28 gjorda
440 1172 55 20 emot
511 1171 42 21 min
569 1170 143 28 anmärkning
727 1178 33 14 om
777 1170 51 22 obil-

84 1206 95 26 ligheten
194 1204 24 22 af
231 1205 202 29 hyreskontrakters
448 1205 69 27 årliga
533 1205 119 27 kartering,
669 1205 41 21 den
725 1204 67 22 första
808 1204 24 22 af

85 1242 87 26 prosten
195 1239 112 28 Grönberg
330 1240 80 22 derhän
433 1242 31 19 att
484 1246 76 21 genom
578 1239 68 22 sådan
661 1240 112 26 kartering
788 1240 41 20 den

85 1274 89 22 dermed
189 1274 90 22 afsedda
296 1274 108 22 indirekta
420 1274 166 27 beskattningen
601 1273 70 22 blefve
679 1274 98 27 jemnare
788 1274 40 21 för-

86 1308 75 27 delad,
184 1308 39 21 och
240 1309 41 21 den
297 1308 68 22 andra
380 1309 25 21 af
416 1308 203 28 kontraktsprosten
635 1308 70 28 Sirén,
726 1314 46 15 som
786 1314 42 14 me-

86 1345 46 25 nat,
149 1344 31 20 att
195 1342 139 28 karteringen
349 1343 99 28 utgjorde
464 1349 26 15 en
504 1342 118 27 bevillning
632 1342 25 21 af
664 1342 55 27 årlig
729 1342 100 21 inkomst.

86 1378 49 21 Den
154 1376 57 22 förra
231 1376 160 29 invändningen
410 1377 40 21 har
468 1376 18 28 ej
503 1377 48 22 skäl
567 1376 33 22 för
618 1377 41 27 sig,
681 1378 24 26 ty
721 1376 28 21 då
763 1375 67 22 borde

110 1419 54 21 Högv.
177 1418 132 18 Prestaståndets
323 1418 63 18 Protok.
404 1419 26 15 II.
741 1420 20 14 16

336 1454 6 18 Y
