992 1775
192 139 40 21 410

163 203 37 23 sitt
214 203 56 22 förut
285 203 90 28 fattade,
396 206 56 19 ännu
470 203 49 22 icke
533 203 112 28 justerade
660 203 79 28 beslut,
754 203 115 27 godkänna
885 205 12 25 $

162 238 27 22 49
204 238 7 22 i
227 238 49 21 dess
292 238 77 22 helhet.

229 272 205 28 Kontraktsprosten
449 272 78 22 doktor
540 273 149 27 Europus
701 272 95 29 yttrade:
811 272 40 22 Om
857 272 42 28 jag

163 306 18 28 ej
198 306 82 22 minnes
296 308 55 19 orätt
366 307 70 22 beslöt
449 307 94 28 ständet,
559 307 134 22 beträffande
707 309 13 25 $
735 308 36 27 49,
783 309 30 20 att
823 307 74 28 hvarje

162 342 100 21 kommun
282 341 141 28 ovilkorligen
442 348 50 15 vore
511 341 78 28 pligtig
607 343 31 20 att
656 342 92 21 bekosta
763 349 26 14 en
805 341 92 22 särskild

161 375 205 29 protokollförande,
378 378 55 19 samt
448 377 31 20 att
494 376 37 21 det
545 376 86 22 således
647 376 18 28 ej
683 377 113 21 ankomme
809 376 14 21 å
837 376 59 22 kom-

161 410 163 22 munalstämma
339 412 31 19 att
385 411 118 21 bestämma
518 411 105 21 huruvida
637 411 132 28 antagandet
783 411 22 22 af
818 418 26 14 en
855 411 42 22 slik

161 452 77 21 person
253 452 50 15 vore
319 444 25 22 af
355 445 99 22 behofvet
469 445 113 28 päkalladt
598 446 52 21 eller
665 446 27 27 ej.

227 479 206 28 Kontraktsprosten
448 479 93 22 Hellön
556 480 118 28 anmärkte,
686 482 32 20 att
729 480 99 22 ehuruväl
839 481 56 21 stän-

162 513 36 22 det
219 513 36 22 vid
277 515 85 20 senaste
384 514 86 27 plenum
489 514 88 22 beslutit
594 514 42 22 den
654 515 25 21 af
691 515 78 21 doktor
781 515 115 28 Europxus

161 548 128 21 omnämnda
309 547 125 28 förändring
455 548 37 21 vid
511 550 14 26 $
543 549 33 28 49,
595 549 25 22 sä
633 556 50 15 vore
699 549 126 28 protokallet
840 549 57 22 dock

161 583 18 27 ej
197 585 56 19 ännu
264 582 115 29 justeradt,
394 582 86 22 hvadan
491 583 37 22 det
539 583 60 23 stode
610 583 86 23 ständet
707 586 64 27 öppet
778 586 31 20 att
819 584 77 28 bringa

160 617 92 22 nämnde
272 619 13 25 $
305 618 7 20 i
330 617 221 23 öfverensstämmelse
570 618 49 22 med
637 618 138 23 förevarande
791 620 25 21 76
832 621 19 27 &,
868 620 29 28 pä

160 654 43 20 sätt
217 652 135 28 vicepastorn
367 659 42 15 von
424 653 69 21 Essen
508 653 117 27 föreslagit.

226 687 143 28 Domprosten
380 686 78 22 doktor
467 688 76 27 Borg:
559 688 54 21 Herr
623 688 133 28 vicepastorr
764 696 41 14 von
813 690 81 22 Essens

159 721 89 28 förslag,
272 724 31 19 att
325 722 133 27 högvördiga
480 722 86 22 ståndet
587 723 65 21 måtte
668 724 82 27 justera
768 724 37 21 sitt
824 724 71 22 beslut

160 756 112 28 angående
291 757 13 25 $
322 757 26 20 49
369 756 90 28 derhän,
476 759 31 19 att
521 757 71 22 denna
607 759 12 25 S
633 758 71 22 blefve
720 760 89 26 artagen
825 759 69 22 sådan

159 790 42 22 den
215 790 7 22 i
237 790 80 28 nådiga
333 791 158 27 propositionen
506 791 115 23 förefinnes
637 792 39 22 och
687 792 79 28 jemräl
780 793 25 21 af
812 794 81 21 utskot-

158 826 31 20 tet
207 825 7 21 i
232 825 50 21 dess
301 825 137 21 betänkande
456 825 71 23 blifvit
546 828 51 20 utan
613 827 92 28 ändring
719 827 128 29 bbehällen,
863 829 31 21 bi-

158 860 72 21 träder
240 860 42 27 jag
296 860 25 21 sä
334 860 86 27 mycket
434 860 76 28 hellre,
527 868 45 14 som
584 861 41 27 jag
639 862 7 20 i
661 862 69 22 likhet
740 862 49 22 med
808 863 85 28 vicepa-

158 896 58 19 storn
232 900 62 15 anser
310 895 12 26 $
340 895 24 20 76
380 894 109 22 innehälla
505 902 26 14 en
546 896 125 27 ytterligare
686 896 127 23 bekräftelse
827 898 67 28 derpä

158 930 32 19 att
210 929 128 21 kommunen
359 929 66 27 enligt
443 931 13 25 $
471 930 27 21 49
514 932 24 19 är
553 930 116 28 förpligtad
685 933 32 20 att
725 930 57 23 förse
797 932 96 23 kommu-

157 963 156 22 nalnämndens
334 963 127 22 ordförande
481 965 49 20 med
552 965 97 26 ,biträde
667 966 36 21 vid
719 966 174 30 »otokollföring

158 997 59 28 och”,
242 997 81 29 (såsom
346 997 35 22 det
403 999 145 28 uttryckligen
570 999 69 29 heter)
664 1001 49 26 ,vid
728 1001 68 22 andra
814 1002 7 21 i
837 1003 12 26 $
865 1004 26 20 49

156 1031 94 22 nämnda
268 1032 84 21 behof.*
381 1033 35 21 Då
435 1033 68 22 saken
518 1034 65 22 alltså
598 1037 23 18 är
637 1035 48 21 klar
700 1035 34 22 och
749 1035 72 28 gifven
837 1037 6 21 i
859 1038 34 27 sig

157 1066 59 28 sjelf,
238 1068 36 20 vet
289 1066 41 28 jag
348 1066 57 29 icke,
425 1067 52 22 hvar
495 1068 101 22 behofvet
611 1069 69 28 ligger
696 1072 25 19 at
736 1070 53 28 byta
804 1078 34 15 om
854 1072 37 21 ord

156 1101 40 21 och
218 1101 91 28 uttryck.
341 1101 147 22 Föreskrifves
507 1103 151 28 skyldigheten
674 1104 32 22 för
715 1105 129 22 kommunen
860 1109 31 19 att

155 1134 57 23 förse
225 1135 241 29 kommunalstämman,
477 1136 256 31 kommunalfullmäktga
745 1140 39 21 och
795 1141 95 21 kommu-

155 1169 144 22 nalnämnden
315 1169 48 22 med
378 1171 146 28 protokollist,
545 1172 103 28 antingen
663 1173 44 22 met
723 1174 99 29 ordalag,
842 1175 49 22 dem

159 1204 201 28 kontraktsprosten
370 1205 116 28 Europaeus
497 1205 120 30 föreslagit,
632 1208 52 21 eller
694 1208 44 22 ned
749 1209 90 29 ordalag
849 1217 46 15 som

155 1239 33 21 stä
204 1238 82 22 skrifna
299 1239 7 21 i
322 1240 27 26 $$
364 1240 26 21 49
407 1240 39 21 och
463 1241 25 21 76
504 1241 24 21 af
540 1242 163 29 propositionen,
721 1244 24 21 sä
758 1244 41 22 blir
809 1245 82 22 verkan

154 1272 130 28 fullkomligt
299 1274 134 29 densamma;
448 1275 129 23 kommunen
597 1277 45 21 kan
659 1278 102 27 nenligen
773 1278 117 30 förpligtas

155 1308 32 20 till
204 1308 70 20 saken.
304 1308 206 28 Omformuleringen
529 1310 38 21 har
585 1312 77 20 endast
678 1319 20 13 ex
713 1313 112 26 möjlighet
840 1315 50 19 med

154 1340 42 28 sig,
213 1347 45 15 som
273 1341 49 21 icke
338 1344 23 18 är
376 1344 32 18 att
423 1342 75 22 befara
511 1344 36 20 vid
557 1344 156 22 bibehällanet
723 1345 26 21 af
755 1347 134 27 paragrafer-

153 1381 39 15 nas
212 1375 150 28 uttryckssätt,
379 1376 40 22 den
435 1378 108 28 nemligen
559 1380 31 20 att
606 1380 155 26 prestasändet
776 1381 27 27 pä
819 1381 71 23 denna

153 1412 43 25 väg
210 1410 74 22 lättast
300 1410 95 23 kommer
410 1414 31 19 att
457 1413 33 21 stä
507 1415 82 20 ensamt
605 1421 33 14 om
655 1414 36 25 sitt
700 1415 79 24 beslut,
