<?xml version="1.0" encoding="UTF-8"?>
<alto xmlns="http://www.loc.gov/standards/alto/ns-v3#" xmlns:xlink="http://www.w3.org/1999/xlink" xmlns:xsi="http://www.w3.org/2001/XMLSchema-instance" xsi:schemaLocation="http://www.loc.gov/standards/alto/ns-v3# http://www.loc.gov/alto/v3/alto-3-0.xsd">
	<Description>
		<MeasurementUnit>pixel</MeasurementUnit>
		<sourceImageInformation>
			<fileName>/tmp/tess_hlnqvloz_input.PNG</fileName>
		</sourceImageInformation>
		<OCRProcessing ID="OCR_0">
			<ocrProcessingStep>
				<processingSoftware>
					<softwareName>tesseract 5.3.4</softwareName>
				</processingSoftware>
			</ocrProcessingStep>
		</OCRProcessing>
	</Description>
	<Layout>
		<Page WIDTH="989" HEIGHT="1728" PHYSICAL_IMG_NR="0" ID="page_0">
			<PrintSpace HPOS="0" VPOS="0" WIDTH="989" HEIGHT="1728">
				<ComposedBlock ID="cblock_0" HPOS="171" VPOS="122" WIDTH="40" HEIGHT="21">
					<TextBlock ID="block_0" HPOS="171" VPOS="122" WIDTH="40" HEIGHT="21">
						<TextLine ID="line_0" HPOS="171" VPOS="122" WIDTH="40" HEIGHT="21">
							<String ID="string_0" HPOS="171" VPOS="122" WIDTH="40" HEIGHT="21" WC="0.93" CONTENT="376"/>
						</TextLine>
					</TextBlock>
				</ComposedBlock>
				<ComposedBlock ID="cblock_1" HPOS="147" VPOS="185" WIDTH="750" HEIGHT="1269">
					<TextBlock ID="block_1" HPOS="147" VPOS="185" WIDTH="750" HEIGHT="1269">
						<TextLine ID="line_1" HPOS="213" VPOS="185" WIDTH="675" HEIGHT="29">
							<String ID="string_1" HPOS="213" VPOS="188" WIDTH="144" HEIGHT="26" WC="0.92" CONTENT="Domprosten"/><SP WIDTH="17" VPOS="188" HPOS="357"/>
							<String ID="string_2" HPOS="374" VPOS="187" WIDTH="82" HEIGHT="26" WC="0.96" CONTENT="Borg:"/><SP WIDTH="23" VPOS="187" HPOS="456"/>
							<String ID="string_3" HPOS="479" VPOS="186" WIDTH="42" HEIGHT="21" WC="0.84" CONTENT="Till"/><SP WIDTH="19" VPOS="186" HPOS="521"/>
							<String ID="string_4" HPOS="540" VPOS="185" WIDTH="56" HEIGHT="21" WC="0.96" CONTENT="hvad"/><SP WIDTH="16" VPOS="185" HPOS="596"/>
							<String ID="string_5" HPOS="612" VPOS="185" WIDTH="25" HEIGHT="21" WC="0.97" CONTENT="af"/><SP WIDTH="12" VPOS="185" HPOS="637"/>
							<String ID="string_6" HPOS="649" VPOS="185" WIDTH="109" HEIGHT="21" WC="0.96" CONTENT="särskilda"/><SP WIDTH="15" VPOS="185" HPOS="758"/>
							<String ID="string_7" HPOS="773" VPOS="185" WIDTH="69" HEIGHT="21" WC="0.93" CONTENT="talare"/><SP WIDTH="16" VPOS="185" HPOS="842"/>
							<String ID="string_8" HPOS="858" VPOS="191" WIDTH="30" HEIGHT="15" WC="0.64" CONTENT="rc-"/>
						</TextLine>
						<TextLine ID="line_2" HPOS="147" VPOS="219" WIDTH="742" HEIGHT="28">
							<String ID="string_9" HPOS="147" VPOS="221" WIDTH="43" HEIGHT="21" WC="0.96" CONTENT="dan"/><SP WIDTH="15" VPOS="221" HPOS="190"/>
							<String ID="string_10" HPOS="205" VPOS="221" WIDTH="70" HEIGHT="21" WC="0.93" CONTENT="blifvit"/><SP WIDTH="15" VPOS="221" HPOS="275"/>
							<String ID="string_11" HPOS="290" VPOS="220" WIDTH="84" HEIGHT="22" WC="0.91" CONTENT="anfördt"/><SP WIDTH="15" VPOS="220" HPOS="374"/>
							<String ID="string_12" HPOS="389" VPOS="220" WIDTH="33" HEIGHT="21" WC="0.96" CONTENT="för"/><SP WIDTH="14" VPOS="220" HPOS="422"/>
							<String ID="string_13" HPOS="436" VPOS="220" WIDTH="87" HEIGHT="27" WC="0.95" CONTENT="frågans"/><SP WIDTH="16" VPOS="220" HPOS="523"/>
							<String ID="string_14" HPOS="539" VPOS="219" WIDTH="123" HEIGHT="28" WC="0.95" CONTENT="belysning,"/><SP WIDTH="16" VPOS="219" HPOS="662"/>
							<String ID="string_15" HPOS="678" VPOS="219" WIDTH="97" HEIGHT="22" WC="0.96" CONTENT="önskade"/><SP WIDTH="10" VPOS="219" HPOS="775"/>
							<String ID="string_16" HPOS="785" VPOS="219" WIDTH="41" HEIGHT="28" WC="0.96" CONTENT="jag"/><SP WIDTH="10" VPOS="219" HPOS="826"/>
							<String ID="string_17" HPOS="836" VPOS="221" WIDTH="53" HEIGHT="25" WC="0.96" CONTENT="göra"/>
						</TextLine>
						<TextLine ID="line_3" HPOS="147" VPOS="253" WIDTH="742" HEIGHT="29">
							<String ID="string_18" HPOS="147" VPOS="257" WIDTH="31" HEIGHT="19" WC="0.96" CONTENT="ett"/><SP WIDTH="19" VPOS="257" HPOS="178"/>
							<String ID="string_19" HPOS="197" VPOS="262" WIDTH="39" HEIGHT="20" WC="0.96" CONTENT="par"/><SP WIDTH="20" VPOS="262" HPOS="236"/>
							<String ID="string_20" HPOS="256" VPOS="255" WIDTH="47" HEIGHT="21" WC="0.96" CONTENT="små"/><SP WIDTH="17" VPOS="255" HPOS="303"/>
							<String ID="string_21" HPOS="320" VPOS="254" WIDTH="82" HEIGHT="28" WC="0.96" CONTENT="tillägg."/><SP WIDTH="31" VPOS="254" HPOS="402"/>
							<String ID="string_22" HPOS="433" VPOS="253" WIDTH="22" HEIGHT="28" WC="0.87" CONTENT="1)"/><SP WIDTH="15" VPOS="253" HPOS="455"/>
							<String ID="string_23" HPOS="470" VPOS="254" WIDTH="50" HEIGHT="21" WC="0.96" CONTENT="Man"/><SP WIDTH="15" VPOS="254" HPOS="520"/>
							<String ID="string_24" HPOS="535" VPOS="253" WIDTH="39" HEIGHT="22" WC="0.96" CONTENT="hör"/><SP WIDTH="15" VPOS="253" HPOS="574"/>
							<String ID="string_25" HPOS="589" VPOS="255" WIDTH="57" HEIGHT="20" WC="0.93" CONTENT="emot"/><SP WIDTH="14" VPOS="255" HPOS="646"/>
							<String ID="string_26" HPOS="660" VPOS="253" WIDTH="173" HEIGHT="28" WC="0.91" CONTENT="presterskapets"/><SP WIDTH="16" VPOS="253" HPOS="833"/>
							<String ID="string_27" HPOS="849" VPOS="253" WIDTH="40" HEIGHT="22" WC="0.96" CONTENT="och"/>
						</TextLine>
						<TextLine ID="line_4" HPOS="147" VPOS="287" WIDTH="742" HEIGHT="29">
							<String ID="string_28" HPOS="147" VPOS="289" WIDTH="68" HEIGHT="22" WC="0.96" CONTENT="andra"/><SP WIDTH="16" VPOS="289" HPOS="215"/>
							<String ID="string_29" HPOS="231" VPOS="289" WIDTH="64" HEIGHT="22" WC="0.96" CONTENT="civila"/><SP WIDTH="16" VPOS="289" HPOS="295"/>
							<String ID="string_30" HPOS="311" VPOS="291" WIDTH="55" HEIGHT="20" WC="0.96" CONTENT="samt"/><SP WIDTH="14" VPOS="291" HPOS="366"/>
							<String ID="string_31" HPOS="380" VPOS="289" WIDTH="95" HEIGHT="21" WC="0.92" CONTENT="militära"/><SP WIDTH="13" VPOS="289" HPOS="475"/>
							<String ID="string_32" HPOS="488" VPOS="289" WIDTH="140" HEIGHT="27" WC="0.91" CONTENT="tjenstemäns"/><SP WIDTH="11" VPOS="289" HPOS="628"/>
							<String ID="string_33" HPOS="639" VPOS="288" WIDTH="123" HEIGHT="27" WC="0.91" CONTENT="fritagande"/><SP WIDTH="11" VPOS="288" HPOS="762"/>
							<String ID="string_34" HPOS="773" VPOS="287" WIDTH="46" HEIGHT="22" WC="0.93" CONTENT="från"/><SP WIDTH="11" VPOS="287" HPOS="819"/>
							<String ID="string_35" HPOS="830" VPOS="287" WIDTH="59" HEIGHT="28" WC="0.92" CONTENT="skyl-"/>
						</TextLine>
						<TextLine ID="line_5" HPOS="148" VPOS="322" WIDTH="741" HEIGHT="29">
							<String ID="string_36" HPOS="148" VPOS="324" WIDTH="101" HEIGHT="27" WC="0.93" CONTENT="digheten"/><SP WIDTH="16" VPOS="324" HPOS="249"/>
							<String ID="string_37" HPOS="265" VPOS="325" WIDTH="31" HEIGHT="20" WC="0.96" CONTENT="att"/><SP WIDTH="15" VPOS="325" HPOS="296"/>
							<String ID="string_38" HPOS="311" VPOS="325" WIDTH="57" HEIGHT="20" WC="0.96" CONTENT="emot"/><SP WIDTH="15" VPOS="325" HPOS="368"/>
							<String ID="string_39" HPOS="383" VPOS="324" WIDTH="33" HEIGHT="21" WC="0.97" CONTENT="sin"/><SP WIDTH="15" VPOS="324" HPOS="416"/>
							<String ID="string_40" HPOS="431" VPOS="323" WIDTH="53" HEIGHT="28" WC="0.93" CONTENT="vilja"/><SP WIDTH="13" VPOS="323" HPOS="484"/>
							<String ID="string_41" HPOS="497" VPOS="325" WIDTH="108" HEIGHT="25" WC="0.71" CONTENT="cmottaga"/><SP WIDTH="11" VPOS="325" HPOS="605"/>
							<String ID="string_42" HPOS="616" VPOS="322" WIDTH="186" HEIGHT="28" WC="0.96" CONTENT="ordförandeskap"/><SP WIDTH="11" VPOS="322" HPOS="802"/>
							<String ID="string_43" HPOS="813" VPOS="323" WIDTH="6" HEIGHT="20" WC="0.93" CONTENT="i"/><SP WIDTH="11" VPOS="323" HPOS="819"/>
							<String ID="string_44" HPOS="830" VPOS="323" WIDTH="59" HEIGHT="21" WC="0.92" CONTENT="kom-"/>
						</TextLine>
						<TextLine ID="line_6" HPOS="148" VPOS="357" WIDTH="741" HEIGHT="29">
							<String ID="string_45" HPOS="148" VPOS="358" WIDTH="171" HEIGHT="26" WC="0.90" CONTENT="munalstämma,"/><SP WIDTH="16" VPOS="358" HPOS="319"/>
							<String ID="string_46" HPOS="335" VPOS="358" WIDTH="80" HEIGHT="28" WC="0.96" CONTENT="påstås,"/><SP WIDTH="17" VPOS="358" HPOS="415"/>
							<String ID="string_47" HPOS="432" VPOS="359" WIDTH="31" HEIGHT="19" WC="0.95" CONTENT="att"/><SP WIDTH="15" VPOS="359" HPOS="463"/>
							<String ID="string_48" HPOS="478" VPOS="357" WIDTH="78" HEIGHT="21" WC="0.93" CONTENT="sådant"/><SP WIDTH="14" VPOS="357" HPOS="556"/>
							<String ID="string_49" HPOS="570" VPOS="357" WIDTH="123" HEIGHT="27" WC="0.91" CONTENT="fritagande"/><SP WIDTH="13" VPOS="357" HPOS="693"/>
							<String ID="string_50" HPOS="706" VPOS="357" WIDTH="24" HEIGHT="21" WC="0.96" CONTENT="så"/><SP WIDTH="10" VPOS="357" HPOS="730"/>
							<String ID="string_51" HPOS="740" VPOS="357" WIDTH="87" HEIGHT="28" WC="0.93" CONTENT="mycket"/><SP WIDTH="11" VPOS="357" HPOS="827"/>
							<String ID="string_52" HPOS="838" VPOS="357" WIDTH="51" HEIGHT="21" WC="0.92" CONTENT="min-"/>
						</TextLine>
						<TextLine ID="line_7" HPOS="149" VPOS="391" WIDTH="741" HEIGHT="28">
							<String ID="string_53" HPOS="149" VPOS="393" WIDTH="36" HEIGHT="21" WC="0.96" CONTENT="dre"/><SP WIDTH="15" VPOS="393" HPOS="185"/>
							<String ID="string_54" HPOS="200" VPOS="399" WIDTH="50" HEIGHT="15" WC="0.93" CONTENT="vore"/><SP WIDTH="14" VPOS="399" HPOS="250"/>
							<String ID="string_55" HPOS="264" VPOS="392" WIDTH="107" HEIGHT="27" WC="0.91" CONTENT="befogadt,"/><SP WIDTH="13" VPOS="392" HPOS="371"/>
							<String ID="string_56" HPOS="384" VPOS="399" WIDTH="45" HEIGHT="15" WC="0.96" CONTENT="som"/><SP WIDTH="11" VPOS="399" HPOS="429"/>
							<String ID="string_57" HPOS="440" VPOS="392" WIDTH="116" HEIGHT="27" WC="0.96" CONTENT="ledningen"/><SP WIDTH="11" VPOS="392" HPOS="556"/>
							<String ID="string_58" HPOS="567" VPOS="392" WIDTH="24" HEIGHT="20" WC="0.93" CONTENT="af"/><SP WIDTH="7" VPOS="392" HPOS="591"/>
							<String ID="string_59" HPOS="598" VPOS="392" WIDTH="232" HEIGHT="21" WC="0.91" CONTENT="kommunalstämman"/><SP WIDTH="12" VPOS="392" HPOS="830"/>
							<String ID="string_60" HPOS="842" VPOS="391" WIDTH="48" HEIGHT="21" WC="0.96" CONTENT="icke"/>
						</TextLine>
						<TextLine ID="line_8" HPOS="147" VPOS="425" WIDTH="744" HEIGHT="29">
							<String ID="string_61" HPOS="147" VPOS="427" WIDTH="73" HEIGHT="21" WC="0.93" CONTENT="kunde"/><SP WIDTH="16" VPOS="427" HPOS="220"/>
							<String ID="string_62" HPOS="236" VPOS="430" WIDTH="95" HEIGHT="24" WC="0.91" CONTENT="upptaga"/><SP WIDTH="16" VPOS="430" HPOS="331"/>
							<String ID="string_63" HPOS="347" VPOS="427" WIDTH="90" HEIGHT="27" WC="0.96" CONTENT="mycken"/><SP WIDTH="17" VPOS="427" HPOS="437"/>
							<String ID="string_64" HPOS="454" VPOS="426" WIDTH="31" HEIGHT="21" WC="0.96" CONTENT="tid"/><SP WIDTH="15" VPOS="426" HPOS="485"/>
							<String ID="string_65" HPOS="500" VPOS="425" WIDTH="39" HEIGHT="22" WC="0.96" CONTENT="och"/><SP WIDTH="13" VPOS="425" HPOS="539"/>
							<String ID="string_66" HPOS="552" VPOS="425" WIDTH="46" HEIGHT="22" WC="0.96" CONTENT="lika"/><SP WIDTH="15" VPOS="425" HPOS="598"/>
							<String ID="string_67" HPOS="613" VPOS="426" WIDTH="47" HEIGHT="21" WC="0.96" CONTENT="litet"/><SP WIDTH="15" VPOS="426" HPOS="660"/>
							<String ID="string_68" HPOS="675" VPOS="433" WIDTH="53" HEIGHT="14" WC="0.96" CONTENT="vara"/><SP WIDTH="13" VPOS="433" HPOS="728"/>
							<String ID="string_69" HPOS="741" VPOS="425" WIDTH="91" HEIGHT="22" WC="0.96" CONTENT="förenad"/><SP WIDTH="10" VPOS="425" HPOS="832"/>
							<String ID="string_70" HPOS="842" VPOS="425" WIDTH="49" HEIGHT="22" WC="0.96" CONTENT="med"/>
						</TextLine>
						<TextLine ID="line_9" HPOS="149" VPOS="460" WIDTH="742" HEIGHT="29">
							<String ID="string_71" HPOS="149" VPOS="461" WIDTH="132" HEIGHT="22" WC="0.95" CONTENT="omfattande"/><SP WIDTH="22" VPOS="461" HPOS="281"/>
							<String ID="string_72" HPOS="303" VPOS="461" WIDTH="74" HEIGHT="28" WC="0.95" CONTENT="bestyr"/><SP WIDTH="22" VPOS="461" HPOS="377"/>
							<String ID="string_73" HPOS="399" VPOS="461" WIDTH="40" HEIGHT="21" WC="0.96" CONTENT="och"/><SP WIDTH="23" VPOS="461" HPOS="439"/>
							<String ID="string_74" HPOS="462" VPOS="467" WIDTH="114" HEIGHT="20" WC="0.95" CONTENT="omsorger."/><SP WIDTH="30" VPOS="467" HPOS="576"/>
							<String ID="string_75" HPOS="606" VPOS="460" WIDTH="48" HEIGHT="21" WC="0.89" CONTENT="Men"/><SP WIDTH="20" VPOS="460" HPOS="654"/>
							<String ID="string_76" HPOS="674" VPOS="460" WIDTH="130" HEIGHT="28" WC="0.92" CONTENT="påståendet"/><SP WIDTH="17" VPOS="460" HPOS="804"/>
							<String ID="string_77" HPOS="821" VPOS="460" WIDTH="70" HEIGHT="22" WC="0.89" CONTENT="hvilar"/>
						</TextLine>
						<TextLine ID="line_10" HPOS="149" VPOS="495" WIDTH="743" HEIGHT="28">
							<String ID="string_78" HPOS="149" VPOS="495" WIDTH="28" HEIGHT="28" WC="0.96" CONTENT="på"/><SP WIDTH="15" VPOS="495" HPOS="177"/>
							<String ID="string_79" HPOS="192" VPOS="502" WIDTH="27" HEIGHT="14" WC="0.96" CONTENT="en"/><SP WIDTH="15" VPOS="502" HPOS="219"/>
							<String ID="string_80" HPOS="234" VPOS="495" WIDTH="78" HEIGHT="22" WC="0.97" CONTENT="osäker"/><SP WIDTH="15" VPOS="495" HPOS="312"/>
							<String ID="string_81" HPOS="327" VPOS="495" WIDTH="75" HEIGHT="27" WC="0.96" CONTENT="grund."/><SP WIDTH="30" VPOS="495" HPOS="402"/>
							<String ID="string_82" HPOS="432" VPOS="495" WIDTH="10" HEIGHT="21" WC="0.93" CONTENT="I"/><SP WIDTH="16" VPOS="495" HPOS="442"/>
							<String ID="string_83" HPOS="458" VPOS="501" WIDTH="26" HEIGHT="15" WC="0.96" CONTENT="en"/><SP WIDTH="16" VPOS="501" HPOS="484"/>
							<String ID="string_84" HPOS="500" VPOS="495" WIDTH="109" HEIGHT="28" WC="0.96" CONTENT="kommun,"/><SP WIDTH="21" VPOS="495" HPOS="609"/>
							<String ID="string_85" HPOS="630" VPOS="495" WIDTH="38" HEIGHT="21" WC="0.96" CONTENT="der"/><SP WIDTH="15" VPOS="495" HPOS="668"/>
							<String ID="string_86" HPOS="683" VPOS="495" WIDTH="105" HEIGHT="27" WC="0.96" CONTENT="styrelsen"/><SP WIDTH="16" VPOS="495" HPOS="788"/>
							<String ID="string_87" HPOS="804" VPOS="496" WIDTH="88" HEIGHT="26" WC="0.96" CONTENT="utgöres"/>
						</TextLine>
						<TextLine ID="line_11" HPOS="149" VPOS="529" WIDTH="742" HEIGHT="28">
							<String ID="string_88" HPOS="149" VPOS="530" WIDTH="24" HEIGHT="21" WC="0.93" CONTENT="af"/><SP WIDTH="5" VPOS="530" HPOS="173"/>
							<String ID="string_89" HPOS="178" VPOS="529" WIDTH="267" HEIGHT="28" WC="0.90" CONTENT="kommunalfullmäktiga,"/><SP WIDTH="9" VPOS="529" HPOS="445"/>
							<String ID="string_90" HPOS="454" VPOS="529" WIDTH="96" HEIGHT="21" WC="0.96" CONTENT="kommer"/><SP WIDTH="8" VPOS="529" HPOS="550"/>
							<String ID="string_91" HPOS="558" VPOS="529" WIDTH="136" HEIGHT="27" WC="0.95" CONTENT="naturligtvis"/><SP WIDTH="10" VPOS="529" HPOS="694"/>
							<String ID="string_92" HPOS="704" VPOS="531" WIDTH="117" HEIGHT="20" WC="0.92" CONTENT="stämmans"/><SP WIDTH="9" VPOS="531" HPOS="821"/>
							<String ID="string_93" HPOS="830" VPOS="529" WIDTH="61" HEIGHT="21" WC="0.91" CONTENT="verk-"/>
						</TextLine>
						<TextLine ID="line_12" HPOS="149" VPOS="563" WIDTH="741" HEIGHT="28">
							<String ID="string_94" HPOS="149" VPOS="564" WIDTH="83" HEIGHT="21" WC="0.96" CONTENT="samhet"/><SP WIDTH="16" VPOS="564" HPOS="232"/>
							<String ID="string_95" HPOS="248" VPOS="563" WIDTH="77" HEIGHT="22" WC="0.96" CONTENT="endast"/><SP WIDTH="15" VPOS="563" HPOS="325"/>
							<String ID="string_96" HPOS="340" VPOS="563" WIDTH="6" HEIGHT="21" WC="0.96" CONTENT="i"/><SP WIDTH="15" VPOS="563" HPOS="346"/>
							<String ID="string_97" HPOS="361" VPOS="565" WIDTH="78" HEIGHT="26" WC="0.96" CONTENT="ytterst"/><SP WIDTH="15" VPOS="565" HPOS="439"/>
							<String ID="string_98" HPOS="454" VPOS="564" WIDTH="106" HEIGHT="27" WC="0.95" CONTENT="sällsynta"/><SP WIDTH="12" VPOS="564" HPOS="560"/>
							<String ID="string_99" HPOS="572" VPOS="563" WIDTH="38" HEIGHT="21" WC="0.96" CONTENT="fall"/><SP WIDTH="12" VPOS="563" HPOS="610"/>
							<String ID="string_100" HPOS="622" VPOS="563" WIDTH="5" HEIGHT="21" WC="0.96" CONTENT="i"/><SP WIDTH="11" VPOS="563" HPOS="627"/>
							<String ID="string_101" HPOS="638" VPOS="563" WIDTH="72" HEIGHT="28" WC="0.96" CONTENT="fråga;"/><SP WIDTH="11" VPOS="563" HPOS="710"/>
							<String ID="string_102" HPOS="721" VPOS="570" WIDTH="49" HEIGHT="14" WC="0.93" CONTENT="men"/><SP WIDTH="12" VPOS="570" HPOS="770"/>
							<String ID="string_103" HPOS="782" VPOS="563" WIDTH="108" HEIGHT="22" WC="0.92" CONTENT="ordföran-"/>
						</TextLine>
						<TextLine ID="line_13" HPOS="150" VPOS="597" WIDTH="742" HEIGHT="28">
							<String ID="string_104" HPOS="150" VPOS="599" WIDTH="41" HEIGHT="21" WC="0.96" CONTENT="den"/><SP WIDTH="15" VPOS="599" HPOS="191"/>
							<String ID="string_105" HPOS="206" VPOS="599" WIDTH="7" HEIGHT="20" WC="0.96" CONTENT="i"/><SP WIDTH="16" VPOS="599" HPOS="213"/>
							<String ID="string_106" HPOS="229" VPOS="600" WIDTH="104" HEIGHT="19" WC="0.96" CONTENT="stämman"/><SP WIDTH="17" VPOS="600" HPOS="333"/>
							<String ID="string_107" HPOS="350" VPOS="601" WIDTH="24" HEIGHT="18" WC="0.96" CONTENT="är"/><SP WIDTH="14" VPOS="601" HPOS="374"/>
							<String ID="string_108" HPOS="388" VPOS="598" WIDTH="28" HEIGHT="21" WC="0.97" CONTENT="då"/><SP WIDTH="15" VPOS="598" HPOS="416"/>
							<String ID="string_109" HPOS="431" VPOS="598" WIDTH="64" HEIGHT="22" WC="0.96" CONTENT="äfven"/><SP WIDTH="15" VPOS="598" HPOS="495"/>
							<String ID="string_110" HPOS="510" VPOS="597" WIDTH="128" HEIGHT="23" WC="0.96" CONTENT="ordförande"/><SP WIDTH="16" VPOS="597" HPOS="638"/>
							<String ID="string_111" HPOS="654" VPOS="598" WIDTH="7" HEIGHT="21" WC="0.96" CONTENT="i"/><SP WIDTH="13" VPOS="598" HPOS="661"/>
							<String ID="string_112" HPOS="674" VPOS="597" WIDTH="148" HEIGHT="28" WC="0.93" CONTENT="fullmäktiges"/><SP WIDTH="14" VPOS="597" HPOS="822"/>
							<String ID="string_113" HPOS="836" VPOS="605" WIDTH="56" HEIGHT="14" WC="0.91" CONTENT="sam-"/>
						</TextLine>
						<TextLine ID="line_14" HPOS="149" VPOS="632" WIDTH="742" HEIGHT="27">
							<String ID="string_114" HPOS="149" VPOS="633" WIDTH="133" HEIGHT="22" WC="0.87" CONTENT="manträden."/><SP WIDTH="31" VPOS="633" HPOS="282"/>
							<String ID="string_115" HPOS="313" VPOS="632" WIDTH="159" HEIGHT="22" WC="0.93" CONTENT="Ordförandens"/><SP WIDTH="16" VPOS="632" HPOS="472"/>
							<String ID="string_116" HPOS="488" VPOS="632" WIDTH="140" HEIGHT="27" WC="0.92" CONTENT="ansvarighet"/><SP WIDTH="12" VPOS="632" HPOS="628"/>
							<String ID="string_117" HPOS="640" VPOS="633" WIDTH="33" HEIGHT="21" WC="0.93" CONTENT="för"/><SP WIDTH="11" VPOS="633" HPOS="673"/>
							<String ID="string_118" HPOS="684" VPOS="632" WIDTH="132" HEIGHT="22" WC="0.91" CONTENT="ärendernas"/><SP WIDTH="11" VPOS="632" HPOS="816"/>
							<String ID="string_119" HPOS="827" VPOS="633" WIDTH="64" HEIGHT="21" WC="0.91" CONTENT="beva-"/>
						</TextLine>
						<TextLine ID="line_15" HPOS="150" VPOS="667" WIDTH="742" HEIGHT="28">
							<String ID="string_120" HPOS="150" VPOS="667" WIDTH="73" HEIGHT="22" WC="0.96" CONTENT="kande"/><SP WIDTH="16" VPOS="667" HPOS="223"/>
							<String ID="string_121" HPOS="239" VPOS="667" WIDTH="39" HEIGHT="22" WC="0.96" CONTENT="och"/><SP WIDTH="15" VPOS="667" HPOS="278"/>
							<String ID="string_122" HPOS="293" VPOS="667" WIDTH="160" HEIGHT="22" WC="0.92" CONTENT="verkställande"/><SP WIDTH="16" VPOS="667" HPOS="453"/>
							<String ID="string_123" HPOS="469" VPOS="669" WIDTH="24" HEIGHT="19" WC="0.96" CONTENT="är"/><SP WIDTH="15" VPOS="669" HPOS="493"/>
							<String ID="string_124" HPOS="508" VPOS="667" WIDTH="56" HEIGHT="22" WC="0.96" CONTENT="dock"/><SP WIDTH="14" VPOS="667" HPOS="564"/>
							<String ID="string_125" HPOS="578" VPOS="667" WIDTH="6" HEIGHT="21" WC="0.96" CONTENT="i"/><SP WIDTH="16" VPOS="667" HPOS="584"/>
							<String ID="string_126" HPOS="600" VPOS="667" WIDTH="25" HEIGHT="21" WC="0.96" CONTENT="så"/><SP WIDTH="13" VPOS="667" HPOS="625"/>
							<String ID="string_127" HPOS="638" VPOS="667" WIDTH="37" HEIGHT="21" WC="0.96" CONTENT="fall"/><SP WIDTH="17" VPOS="667" HPOS="675"/>
							<String ID="string_128" HPOS="692" VPOS="670" WIDTH="53" HEIGHT="19" WC="0.96" CONTENT="nära"/><SP WIDTH="15" VPOS="670" HPOS="745"/>
							<String ID="string_129" HPOS="760" VPOS="673" WIDTH="43" HEIGHT="21" WC="0.96" CONTENT="nog"/><SP WIDTH="14" VPOS="673" HPOS="803"/>
							<String ID="string_130" HPOS="817" VPOS="667" WIDTH="75" HEIGHT="28" WC="0.96" CONTENT="ingen,"/>
						</TextLine>
						<TextLine ID="line_16" HPOS="150" VPOS="700" WIDTH="742" HEIGHT="29">
							<String ID="string_131" HPOS="150" VPOS="701" WIDTH="89" HEIGHT="21" WC="0.93" CONTENT="såframt"/><SP WIDTH="22" VPOS="701" HPOS="239"/>
							<String ID="string_132" HPOS="261" VPOS="700" WIDTH="102" HEIGHT="29" WC="0.92" CONTENT="derjemte"/><SP WIDTH="22" VPOS="700" HPOS="363"/>
							<String ID="string_133" HPOS="385" VPOS="708" WIDTH="26" HEIGHT="14" WC="0.93" CONTENT="en"/><SP WIDTH="20" VPOS="708" HPOS="411"/>
							<String ID="string_134" HPOS="431" VPOS="701" WIDTH="206" HEIGHT="22" WC="0.90" CONTENT="kommunalnämnd"/><SP WIDTH="19" VPOS="701" HPOS="637"/>
							<String ID="string_135" HPOS="656" VPOS="702" WIDTH="44" HEIGHT="21" WC="0.96" CONTENT="står"/><SP WIDTH="16" VPOS="702" HPOS="700"/>
							<String ID="string_136" HPOS="716" VPOS="701" WIDTH="35" HEIGHT="21" WC="0.96" CONTENT="vid"/><SP WIDTH="16" VPOS="701" HPOS="751"/>
							<String ID="string_137" HPOS="767" VPOS="701" WIDTH="55" HEIGHT="21" WC="0.96" CONTENT="hans"/><SP WIDTH="15" VPOS="701" HPOS="822"/>
							<String ID="string_138" HPOS="837" VPOS="701" WIDTH="55" HEIGHT="22" WC="0.96" CONTENT="sida."/>
						</TextLine>
						<TextLine ID="line_17" HPOS="148" VPOS="736" WIDTH="745" HEIGHT="28">
							<String ID="string_139" HPOS="148" VPOS="736" WIDTH="50" HEIGHT="21" WC="0.91" CONTENT="Men"/><SP WIDTH="21" VPOS="736" HPOS="198"/>
							<String ID="string_140" HPOS="219" VPOS="736" WIDTH="66" HEIGHT="21" WC="0.91" CONTENT="lätom"/><SP WIDTH="23" VPOS="736" HPOS="285"/>
							<String ID="string_141" HPOS="308" VPOS="742" WIDTH="35" HEIGHT="15" WC="0.93" CONTENT="oss"/><SP WIDTH="22" VPOS="742" HPOS="343"/>
							<String ID="string_142" HPOS="365" VPOS="738" WIDTH="81" HEIGHT="25" WC="0.96" CONTENT="antaga"/><SP WIDTH="19" VPOS="738" HPOS="446"/>
							<String ID="string_143" HPOS="465" VPOS="737" WIDTH="127" HEIGHT="26" WC="0.92" CONTENT="motsatsen,"/><SP WIDTH="24" VPOS="737" HPOS="592"/>
							<String ID="string_144" HPOS="616" VPOS="736" WIDTH="65" HEIGHT="21" WC="0.92" CONTENT="lätom"/><SP WIDTH="21" VPOS="736" HPOS="681"/>
							<String ID="string_145" HPOS="702" VPOS="742" WIDTH="36" HEIGHT="15" WC="0.93" CONTENT="oss"/><SP WIDTH="16" VPOS="742" HPOS="738"/>
							<String ID="string_146" HPOS="754" VPOS="738" WIDTH="90" HEIGHT="26" WC="0.96" CONTENT="antaga,"/><SP WIDTH="16" VPOS="738" HPOS="844"/>
							<String ID="string_147" HPOS="860" VPOS="738" WIDTH="33" HEIGHT="19" WC="0.97" CONTENT="att"/>
						</TextLine>
						<TextLine ID="line_18" HPOS="149" VPOS="769" WIDTH="743" HEIGHT="28">
							<String ID="string_148" HPOS="149" VPOS="770" WIDTH="138" HEIGHT="27" WC="0.96" CONTENT="kommunen,"/><SP WIDTH="16" VPOS="770" HPOS="287"/>
							<String ID="string_149" HPOS="303" VPOS="770" WIDTH="71" HEIGHT="21" WC="0.96" CONTENT="såsom"/><SP WIDTH="12" VPOS="770" HPOS="374"/>
							<String ID="string_150" HPOS="386" VPOS="770" WIDTH="41" HEIGHT="27" WC="0.93" CONTENT="jag"/><SP WIDTH="14" VPOS="770" HPOS="427"/>
							<String ID="string_151" HPOS="441" VPOS="770" WIDTH="86" HEIGHT="22" WC="0.95" CONTENT="befarar"/><SP WIDTH="10" VPOS="770" HPOS="527"/>
							<String ID="string_152" HPOS="537" VPOS="770" WIDTH="7" HEIGHT="21" WC="0.94" CONTENT="i"/><SP WIDTH="11" VPOS="770" HPOS="544"/>
							<String ID="string_153" HPOS="555" VPOS="770" WIDTH="27" HEIGHT="21" WC="0.94" CONTENT="de"/><SP WIDTH="14" VPOS="770" HPOS="582"/>
							<String ID="string_154" HPOS="596" VPOS="769" WIDTH="62" HEIGHT="22" WC="0.95" CONTENT="flesta"/><SP WIDTH="12" VPOS="769" HPOS="658"/>
							<String ID="string_155" HPOS="670" VPOS="770" WIDTH="60" HEIGHT="21" WC="0.96" CONTENT="delar"/><SP WIDTH="11" VPOS="770" HPOS="730"/>
							<String ID="string_156" HPOS="741" VPOS="770" WIDTH="24" HEIGHT="21" WC="0.93" CONTENT="af"/><SP WIDTH="8" VPOS="770" HPOS="765"/>
							<String ID="string_157" HPOS="773" VPOS="770" WIDTH="47" HEIGHT="21" WC="0.96" CONTENT="vårt"/><SP WIDTH="10" VPOS="770" HPOS="820"/>
							<String ID="string_158" HPOS="830" VPOS="770" WIDTH="62" HEIGHT="26" WC="0.96" CONTENT="land,"/>
						</TextLine>
						<TextLine ID="line_19" HPOS="150" VPOS="804" WIDTH="744" HEIGHT="28">
							<String ID="string_159" HPOS="150" VPOS="804" WIDTH="30" HEIGHT="21" WC="0.96" CONTENT="till"/><SP WIDTH="17" VPOS="804" HPOS="180"/>
							<String ID="string_160" HPOS="197" VPOS="810" WIDTH="26" HEIGHT="15" WC="0.96" CONTENT="en"/><SP WIDTH="16" VPOS="810" HPOS="223"/>
							<String ID="string_161" HPOS="239" VPOS="804" WIDTH="76" HEIGHT="27" WC="0.93" CONTENT="början"/><SP WIDTH="16" VPOS="804" HPOS="315"/>
							<String ID="string_162" HPOS="331" VPOS="804" WIDTH="135" HEIGHT="28" WC="0.92" CONTENT="ätminstone,"/><SP WIDTH="16" VPOS="804" HPOS="466"/>
							<String ID="string_163" HPOS="482" VPOS="804" WIDTH="97" HEIGHT="21" WC="0.96" CONTENT="kommer"/><SP WIDTH="15" VPOS="804" HPOS="579"/>
							<String ID="string_164" HPOS="594" VPOS="806" WIDTH="31" HEIGHT="19" WC="0.93" CONTENT="att"/><SP WIDTH="14" VPOS="806" HPOS="625"/>
							<String ID="string_165" HPOS="639" VPOS="804" WIDTH="67" HEIGHT="21" WC="0.92" CONTENT="blifva"/><SP WIDTH="15" VPOS="804" HPOS="706"/>
							<String ID="string_166" HPOS="721" VPOS="804" WIDTH="66" HEIGHT="28" WC="0.89" CONTENT="fallet,"/><SP WIDTH="18" VPOS="804" HPOS="787"/>
							<String ID="string_167" HPOS="805" VPOS="806" WIDTH="89" HEIGHT="20" WC="0.92" CONTENT="stannar"/>
						</TextLine>
						<TextLine ID="line_20" HPOS="149" VPOS="838" WIDTH="744" HEIGHT="28">
							<String ID="string_168" HPOS="149" VPOS="839" WIDTH="28" HEIGHT="27" WC="0.96" CONTENT="pä"/><SP WIDTH="15" VPOS="839" HPOS="177"/>
							<String ID="string_169" HPOS="192" VPOS="838" WIDTH="41" HEIGHT="22" WC="0.92" CONTENT="den"/><SP WIDTH="16" VPOS="838" HPOS="233"/>
							<String ID="string_170" HPOS="249" VPOS="839" WIDTH="71" HEIGHT="26" WC="0.91" CONTENT="lägsta"/><SP WIDTH="15" VPOS="839" HPOS="320"/>
							<String ID="string_171" HPOS="335" VPOS="839" WIDTH="82" HEIGHT="27" WC="0.92" CONTENT="graden"/><SP WIDTH="15" VPOS="839" HPOS="417"/>
							<String ID="string_172" HPOS="432" VPOS="838" WIDTH="25" HEIGHT="22" WC="0.93" CONTENT="af"/><SP WIDTH="13" VPOS="838" HPOS="457"/>
							<String ID="string_173" HPOS="470" VPOS="838" WIDTH="156" HEIGHT="28" WC="0.92" CONTENT="styrelseform,"/><SP WIDTH="13" VPOS="838" HPOS="626"/>
							<String ID="string_174" HPOS="639" VPOS="838" WIDTH="41" HEIGHT="28" WC="0.93" CONTENT="jag"/><SP WIDTH="16" VPOS="838" HPOS="680"/>
							<String ID="string_175" HPOS="696" VPOS="845" WIDTH="75" HEIGHT="15" WC="0.91" CONTENT="menar"/><SP WIDTH="14" VPOS="845" HPOS="771"/>
							<String ID="string_176" HPOS="785" VPOS="840" WIDTH="28" HEIGHT="26" WC="0.93" CONTENT="pä"/><SP WIDTH="16" VPOS="840" HPOS="813"/>
							<String ID="string_177" HPOS="829" VPOS="841" WIDTH="64" HEIGHT="19" WC="0.91" CONTENT="stäm-"/>
						</TextLine>
						<TextLine ID="line_21" HPOS="150" VPOS="872" WIDTH="742" HEIGHT="29">
							<String ID="string_178" HPOS="150" VPOS="880" WIDTH="60" HEIGHT="14" WC="0.95" CONTENT="mans"/><SP WIDTH="16" VPOS="880" HPOS="210"/>
							<String ID="string_179" HPOS="226" VPOS="872" WIDTH="67" HEIGHT="22" WC="0.96" CONTENT="breda"/><SP WIDTH="15" VPOS="872" HPOS="293"/>
							<String ID="string_180" HPOS="308" VPOS="872" WIDTH="78" HEIGHT="29" WC="0.96" CONTENT="grund;"/><SP WIDTH="16" VPOS="872" HPOS="386"/>
							<String ID="string_181" HPOS="402" VPOS="873" WIDTH="53" HEIGHT="21" WC="0.93" CONTENT="huru"/><SP WIDTH="15" VPOS="873" HPOS="455"/>
							<String ID="string_182" HPOS="470" VPOS="873" WIDTH="105" HEIGHT="27" WC="0.96" CONTENT="gestaltar"/><SP WIDTH="15" VPOS="873" HPOS="575"/>
							<String ID="string_183" HPOS="590" VPOS="873" WIDTH="34" HEIGHT="27" WC="0.93" CONTENT="sig"/><SP WIDTH="10" VPOS="873" HPOS="624"/>
							<String ID="string_184" HPOS="634" VPOS="872" WIDTH="145" HEIGHT="22" WC="0.84" CONTENT="förhällandet"/><SP WIDTH="11" VPOS="872" HPOS="779"/>
							<String ID="string_185" HPOS="790" VPOS="873" WIDTH="42" HEIGHT="21" WC="0.96" CONTENT="dä?"/><SP WIDTH="23" VPOS="873" HPOS="832"/>
							<String ID="string_186" HPOS="855" VPOS="874" WIDTH="37" HEIGHT="21" WC="0.94" CONTENT="Jo!"/>
						</TextLine>
						<TextLine ID="line_22" HPOS="150" VPOS="906" WIDTH="743" HEIGHT="29">
							<String ID="string_187" HPOS="150" VPOS="906" WIDTH="143" HEIGHT="22" WC="0.88" CONTENT="ordföranden"/><SP WIDTH="20" VPOS="906" HPOS="293"/>
							<String ID="string_188" HPOS="313" VPOS="907" WIDTH="33" HEIGHT="21" WC="0.93" CONTENT="fär"/><SP WIDTH="20" VPOS="907" HPOS="346"/>
							<String ID="string_189" HPOS="366" VPOS="907" WIDTH="27" HEIGHT="21" WC="0.96" CONTENT="dä"/><SP WIDTH="20" VPOS="907" HPOS="393"/>
							<String ID="string_190" HPOS="413" VPOS="908" WIDTH="28" HEIGHT="27" WC="0.96" CONTENT="pä"/><SP WIDTH="20" VPOS="908" HPOS="441"/>
							<String ID="string_191" HPOS="461" VPOS="908" WIDTH="32" HEIGHT="21" WC="0.93" CONTENT="sin"/><SP WIDTH="16" VPOS="908" HPOS="493"/>
							<String ID="string_192" HPOS="509" VPOS="908" WIDTH="47" HEIGHT="21" WC="0.92" CONTENT="hals"/><SP WIDTH="16" VPOS="908" HPOS="556"/>
							<String ID="string_193" HPOS="572" VPOS="908" WIDTH="60" HEIGHT="20" WC="0.92" CONTENT="säväl"/><SP WIDTH="14" VPOS="908" HPOS="632"/>
							<String ID="string_194" HPOS="646" VPOS="908" WIDTH="247" HEIGHT="21" WC="0.89" CONTENT="kommunalnämndens"/>
						</TextLine>
						<TextLine ID="line_23" HPOS="149" VPOS="942" WIDTH="744" HEIGHT="28">
							<String ID="string_195" HPOS="149" VPOS="948" WIDTH="46" HEIGHT="15" WC="0.93" CONTENT="som"/><SP WIDTH="15" VPOS="948" HPOS="195"/>
							<String ID="string_196" HPOS="210" VPOS="942" WIDTH="272" HEIGHT="27" WC="0.87" CONTENT="kommunalfullmäktigas"/><SP WIDTH="14" VPOS="942" HPOS="482"/>
							<String ID="string_197" HPOS="496" VPOS="942" WIDTH="125" HEIGHT="28" WC="0.96" CONTENT="bekymmer"/><SP WIDTH="15" VPOS="942" HPOS="621"/>
							<String ID="string_198" HPOS="636" VPOS="942" WIDTH="40" HEIGHT="21" WC="0.93" CONTENT="och"/><SP WIDTH="11" VPOS="942" HPOS="676"/>
							<String ID="string_199" HPOS="687" VPOS="942" WIDTH="138" HEIGHT="27" WC="0.93" CONTENT="åligganden."/><SP WIDTH="22" VPOS="942" HPOS="825"/>
							<String ID="string_200" HPOS="847" VPOS="942" WIDTH="46" HEIGHT="22" WC="0.96" CONTENT="Och"/>
						</TextLine>
						<TextLine ID="line_24" HPOS="150" VPOS="976" WIDTH="743" HEIGHT="28">
							<String ID="string_201" HPOS="150" VPOS="978" WIDTH="31" HEIGHT="19" WC="0.95" CONTENT="att"/><SP WIDTH="16" VPOS="978" HPOS="181"/>
							<String ID="string_202" HPOS="197" VPOS="976" WIDTH="65" HEIGHT="22" WC="0.93" CONTENT="dessa"/><SP WIDTH="15" VPOS="976" HPOS="262"/>
							<String ID="string_203" HPOS="277" VPOS="976" WIDTH="18" HEIGHT="27" WC="0.96" CONTENT="ej"/><SP WIDTH="18" VPOS="976" HPOS="295"/>
							<String ID="string_204" HPOS="313" VPOS="979" WIDTH="36" HEIGHT="19" WC="0.96" CONTENT="äro"/><SP WIDTH="16" VPOS="979" HPOS="349"/>
							<String ID="string_205" HPOS="365" VPOS="977" WIDTH="70" HEIGHT="27" WC="0.96" CONTENT="ringa,"/><SP WIDTH="24" VPOS="977" HPOS="435"/>
							<String ID="string_206" HPOS="459" VPOS="976" WIDTH="36" HEIGHT="22" WC="0.93" CONTENT="det"/><SP WIDTH="15" VPOS="976" HPOS="495"/>
							<String ID="string_207" HPOS="510" VPOS="977" WIDTH="64" HEIGHT="21" WC="0.88" CONTENT="hafva"/><SP WIDTH="16" VPOS="977" HPOS="574"/>
							<String ID="string_208" HPOS="590" VPOS="976" WIDTH="29" HEIGHT="28" WC="0.96" CONTENT="vi,"/><SP WIDTH="21" VPOS="976" HPOS="619"/>
							<String ID="string_209" HPOS="640" VPOS="976" WIDTH="140" HEIGHT="22" WC="0.96" CONTENT="medlemmar"/><SP WIDTH="15" VPOS="976" HPOS="780"/>
							<String ID="string_210" HPOS="795" VPOS="977" WIDTH="25" HEIGHT="21" WC="0.96" CONTENT="af"/><SP WIDTH="13" VPOS="977" HPOS="820"/>
							<String ID="string_211" HPOS="833" VPOS="976" WIDTH="60" HEIGHT="22" WC="0.96" CONTENT="detta"/>
						</TextLine>
						<TextLine ID="line_25" HPOS="150" VPOS="1010" WIDTH="744" HEIGHT="28">
							<String ID="string_212" HPOS="150" VPOS="1010" WIDTH="72" HEIGHT="28" WC="0.96" CONTENT="stånd,"/><SP WIDTH="20" VPOS="1010" HPOS="222"/>
							<String ID="string_213" HPOS="242" VPOS="1010" WIDTH="64" HEIGHT="21" WC="0.93" CONTENT="bästa"/><SP WIDTH="15" VPOS="1010" HPOS="306"/>
							<String ID="string_214" HPOS="321" VPOS="1010" WIDTH="121" HEIGHT="21" WC="0.89" CONTENT="erfarenhet"/><SP WIDTH="15" VPOS="1010" HPOS="442"/>
							<String ID="string_215" HPOS="457" VPOS="1010" WIDTH="28" HEIGHT="21" WC="0.85" CONTENT="af."/><SP WIDTH="29" VPOS="1010" HPOS="485"/>
							<String ID="string_216" HPOS="514" VPOS="1010" WIDTH="138" HEIGHT="21" WC="0.96" CONTENT="Beträffande"/><SP WIDTH="16" VPOS="1010" HPOS="652"/>
							<String ID="string_217" HPOS="668" VPOS="1010" WIDTH="86" HEIGHT="22" WC="0.95" CONTENT="således"/><SP WIDTH="16" VPOS="1010" HPOS="754"/>
							<String ID="string_218" HPOS="770" VPOS="1011" WIDTH="60" HEIGHT="21" WC="0.96" CONTENT="såväl"/><SP WIDTH="16" VPOS="1011" HPOS="830"/>
							<String ID="string_219" HPOS="846" VPOS="1011" WIDTH="48" HEIGHT="21" WC="0.96" CONTENT="vårt"/>
						</TextLine>
						<TextLine ID="line_26" HPOS="150" VPOS="1043" WIDTH="743" HEIGHT="28">
							<String ID="string_220" HPOS="150" VPOS="1051" WIDTH="45" HEIGHT="14" WC="0.96" CONTENT="som"/><SP WIDTH="23" VPOS="1051" HPOS="195"/>
							<String ID="string_221" HPOS="218" VPOS="1043" WIDTH="69" HEIGHT="22" WC="0.91" CONTENT="andra"/><SP WIDTH="22" VPOS="1043" HPOS="287"/>
							<String ID="string_222" HPOS="309" VPOS="1044" WIDTH="90" HEIGHT="21" WC="0.91" CONTENT="embets-"/><SP WIDTH="23" VPOS="1044" HPOS="399"/>
							<String ID="string_223" HPOS="422" VPOS="1044" WIDTH="40" HEIGHT="21" WC="0.93" CONTENT="och"/><SP WIDTH="22" VPOS="1044" HPOS="462"/>
							<String ID="string_224" HPOS="484" VPOS="1044" WIDTH="142" HEIGHT="27" WC="0.90" CONTENT="tjenstemäns"/><SP WIDTH="20" VPOS="1044" HPOS="626"/>
							<String ID="string_225" HPOS="646" VPOS="1044" WIDTH="122" HEIGHT="27" WC="0.92" CONTENT="fritagande"/><SP WIDTH="20" VPOS="1044" HPOS="768"/>
							<String ID="string_226" HPOS="788" VPOS="1045" WIDTH="46" HEIGHT="20" WC="0.96" CONTENT="från"/><SP WIDTH="17" VPOS="1045" HPOS="834"/>
							<String ID="string_227" HPOS="851" VPOS="1045" WIDTH="42" HEIGHT="20" WC="0.96" CONTENT="den"/>
						</TextLine>
						<TextLine ID="line_27" HPOS="150" VPOS="1077" WIDTH="742" HEIGHT="30">
							<String ID="string_228" HPOS="150" VPOS="1077" WIDTH="165" HEIGHT="28" WC="0.93" CONTENT="ifrågavarande"/><SP WIDTH="16" VPOS="1077" HPOS="315"/>
							<String ID="string_229" HPOS="331" VPOS="1077" WIDTH="148" HEIGHT="28" WC="0.91" CONTENT="förpligtelsen"/><SP WIDTH="15" VPOS="1077" HPOS="479"/>
							<String ID="string_230" HPOS="494" VPOS="1079" WIDTH="32" HEIGHT="20" WC="0.96" CONTENT="till"/><SP WIDTH="14" VPOS="1079" HPOS="526"/>
							<String ID="string_231" HPOS="540" VPOS="1078" WIDTH="187" HEIGHT="29" WC="0.96" CONTENT="ordförandeskap"/><SP WIDTH="15" VPOS="1078" HPOS="727"/>
							<String ID="string_232" HPOS="742" VPOS="1079" WIDTH="6" HEIGHT="20" WC="0.92" CONTENT="i"/><SP WIDTH="11" VPOS="1079" HPOS="748"/>
							<String ID="string_233" HPOS="759" VPOS="1079" WIDTH="133" HEIGHT="21" WC="0.90" CONTENT="kommunal-"/>
						</TextLine>
						<TextLine ID="line_28" HPOS="150" VPOS="1113" WIDTH="743" HEIGHT="28">
							<String ID="string_234" HPOS="150" VPOS="1114" WIDTH="101" HEIGHT="25" WC="0.95" CONTENT="stämma,"/><SP WIDTH="23" VPOS="1114" HPOS="251"/>
							<String ID="string_235" HPOS="274" VPOS="1113" WIDTH="43" HEIGHT="27" WC="0.96" CONTENT="stå,"/><SP WIDTH="24" VPOS="1113" HPOS="317"/>
							<String ID="string_236" HPOS="341" VPOS="1113" WIDTH="66" HEIGHT="26" WC="0.95" CONTENT="enligt"/><SP WIDTH="20" VPOS="1113" HPOS="407"/>
							<String ID="string_237" HPOS="427" VPOS="1113" WIDTH="43" HEIGHT="20" WC="0.93" CONTENT="min"/><SP WIDTH="16" VPOS="1113" HPOS="470"/>
							<String ID="string_238" HPOS="486" VPOS="1113" WIDTH="152" HEIGHT="28" WC="0.91" CONTENT="öfvertygelse,"/><SP WIDTH="24" VPOS="1113" HPOS="638"/>
							<String ID="string_239" HPOS="662" VPOS="1113" WIDTH="28" HEIGHT="21" WC="0.96" CONTENT="de"/><SP WIDTH="16" VPOS="1113" HPOS="690"/>
							<String ID="string_240" HPOS="706" VPOS="1113" WIDTH="24" HEIGHT="21" WC="0.96" CONTENT="af"/><SP WIDTH="12" VPOS="1113" HPOS="730"/>
							<String ID="string_241" HPOS="742" VPOS="1113" WIDTH="44" HEIGHT="26" WC="0.96" CONTENT="mig"/><SP WIDTH="16" VPOS="1113" HPOS="786"/>
							<String ID="string_242" HPOS="802" VPOS="1113" WIDTH="91" HEIGHT="22" WC="0.96" CONTENT="anförda"/>
						</TextLine>
						<TextLine ID="line_29" HPOS="150" VPOS="1146" WIDTH="744" HEIGHT="28">
							<String ID="string_243" HPOS="150" VPOS="1147" WIDTH="76" HEIGHT="20" WC="0.96" CONTENT="skälen"/><SP WIDTH="19" VPOS="1147" HPOS="226"/>
							<String ID="string_244" HPOS="245" VPOS="1146" WIDTH="7" HEIGHT="21" WC="0.96" CONTENT="i"/><SP WIDTH="21" VPOS="1146" HPOS="252"/>
							<String ID="string_245" HPOS="273" VPOS="1147" WIDTH="43" HEIGHT="20" WC="0.96" CONTENT="min"/><SP WIDTH="20" VPOS="1147" HPOS="316"/>
							<String ID="string_246" HPOS="336" VPOS="1147" WIDTH="32" HEIGHT="20" WC="0.95" CONTENT="till"/><SP WIDTH="20" VPOS="1147" HPOS="368"/>
							<String ID="string_247" HPOS="388" VPOS="1147" WIDTH="146" HEIGHT="21" WC="0.93" CONTENT="betänkandet"/><SP WIDTH="20" VPOS="1147" HPOS="534"/>
							<String ID="string_248" HPOS="554" VPOS="1147" WIDTH="116" HEIGHT="27" WC="0.92" CONTENT="vidfogade"/><SP WIDTH="19" VPOS="1147" HPOS="670"/>
							<String ID="string_249" HPOS="689" VPOS="1147" WIDTH="133" HEIGHT="22" WC="0.96" CONTENT="reservation"/><SP WIDTH="15" VPOS="1147" HPOS="822"/>
							<String ID="string_250" HPOS="837" VPOS="1148" WIDTH="8" HEIGHT="21" WC="0.96" CONTENT="i"/><SP WIDTH="15" VPOS="1148" HPOS="845"/>
							<String ID="string_251" HPOS="860" VPOS="1148" WIDTH="34" HEIGHT="21" WC="0.96" CONTENT="sin"/>
						</TextLine>
						<TextLine ID="line_30" HPOS="149" VPOS="1181" WIDTH="745" HEIGHT="27">
							<String ID="string_252" HPOS="149" VPOS="1181" WIDTH="54" HEIGHT="20" WC="0.96" CONTENT="fulla"/><SP WIDTH="21" VPOS="1181" HPOS="203"/>
							<String ID="string_253" HPOS="224" VPOS="1181" WIDTH="57" HEIGHT="20" WC="0.93" CONTENT="kraft"/><SP WIDTH="23" VPOS="1181" HPOS="281"/>
							<String ID="string_254" HPOS="304" VPOS="1181" WIDTH="62" HEIGHT="21" WC="0.96" CONTENT="äfven"/><SP WIDTH="22" VPOS="1181" HPOS="366"/>
							<String ID="string_255" HPOS="388" VPOS="1184" WIDTH="56" HEIGHT="18" WC="0.96" CONTENT="emot"/><SP WIDTH="19" VPOS="1184" HPOS="444"/>
							<String ID="string_256" HPOS="463" VPOS="1181" WIDTH="158" HEIGHT="27" WC="0.96" CONTENT="invändningar"/><SP WIDTH="15" VPOS="1181" HPOS="621"/>
							<String ID="string_257" HPOS="636" VPOS="1181" WIDTH="25" HEIGHT="22" WC="0.97" CONTENT="af"/><SP WIDTH="12" VPOS="1181" HPOS="661"/>
							<String ID="string_258" HPOS="673" VPOS="1188" WIDTH="27" HEIGHT="15" WC="0.93" CONTENT="nu"/><SP WIDTH="17" VPOS="1188" HPOS="700"/>
							<String ID="string_259" HPOS="717" VPOS="1182" WIDTH="127" HEIGHT="21" WC="0.87" CONTENT="omförmäld"/><SP WIDTH="16" VPOS="1182" HPOS="844"/>
							<String ID="string_260" HPOS="860" VPOS="1185" WIDTH="34" HEIGHT="18" WC="0.96" CONTENT="art"/>
						</TextLine>
						<TextLine ID="line_31" HPOS="151" VPOS="1215" WIDTH="743" HEIGHT="30">
							<String ID="string_261" HPOS="151" VPOS="1215" WIDTH="38" HEIGHT="21" WC="0.95" CONTENT="och"/><SP WIDTH="16" VPOS="1215" HPOS="189"/>
							<String ID="string_262" HPOS="205" VPOS="1215" WIDTH="155" HEIGHT="21" WC="0.92" CONTENT="beskaffenhet."/><SP WIDTH="30" VPOS="1215" HPOS="360"/>
							<String ID="string_263" HPOS="390" VPOS="1216" WIDTH="22" HEIGHT="28" WC="0.94" CONTENT="2)"/><SP WIDTH="16" VPOS="1216" HPOS="412"/>
							<String ID="string_264" HPOS="428" VPOS="1217" WIDTH="42" HEIGHT="20" WC="0.96" CONTENT="För"/><SP WIDTH="16" VPOS="1217" HPOS="470"/>
							<String ID="string_265" HPOS="486" VPOS="1215" WIDTH="35" HEIGHT="22" WC="0.96" CONTENT="det"/><SP WIDTH="16" VPOS="1215" HPOS="521"/>
							<String ID="string_266" HPOS="537" VPOS="1215" WIDTH="68" HEIGHT="22" WC="0.96" CONTENT="andra"/><SP WIDTH="14" VPOS="1215" HPOS="605"/>
							<String ID="string_267" HPOS="619" VPOS="1223" WIDTH="63" HEIGHT="14" WC="0.96" CONTENT="anser"/><SP WIDTH="10" VPOS="1223" HPOS="682"/>
							<String ID="string_268" HPOS="692" VPOS="1216" WIDTH="41" HEIGHT="27" WC="0.96" CONTENT="jag"/><SP WIDTH="14" VPOS="1216" HPOS="733"/>
							<String ID="string_269" HPOS="747" VPOS="1217" WIDTH="43" HEIGHT="26" WC="0.96" CONTENT="mig"/><SP WIDTH="14" VPOS="1217" HPOS="790"/>
							<String ID="string_270" HPOS="804" VPOS="1216" WIDTH="90" HEIGHT="29" WC="0.96" CONTENT="skyldig"/>
						</TextLine>
						<TextLine ID="line_32" HPOS="151" VPOS="1249" WIDTH="743" HEIGHT="28">
							<String ID="string_271" HPOS="151" VPOS="1251" WIDTH="31" HEIGHT="18" WC="0.96" CONTENT="att"/><SP WIDTH="22" VPOS="1251" HPOS="182"/>
							<String ID="string_272" HPOS="204" VPOS="1249" WIDTH="55" HEIGHT="21" WC="0.94" CONTENT="inför"/><SP WIDTH="22" VPOS="1249" HPOS="259"/>
							<String ID="string_273" HPOS="281" VPOS="1249" WIDTH="60" HEIGHT="21" WC="0.93" CONTENT="detta"/><SP WIDTH="22" VPOS="1249" HPOS="341"/>
							<String ID="string_274" HPOS="363" VPOS="1250" WIDTH="133" HEIGHT="26" WC="0.91" CONTENT="högvördiga"/><SP WIDTH="19" VPOS="1250" HPOS="496"/>
							<String ID="string_275" HPOS="515" VPOS="1250" WIDTH="63" HEIGHT="21" WC="0.96" CONTENT="stånd"/><SP WIDTH="18" VPOS="1250" HPOS="578"/>
							<String ID="string_276" HPOS="596" VPOS="1251" WIDTH="48" HEIGHT="20" WC="0.96" CONTENT="med"/><SP WIDTH="16" VPOS="1251" HPOS="644"/>
							<String ID="string_277" HPOS="660" VPOS="1251" WIDTH="68" HEIGHT="26" WC="0.96" CONTENT="några"/><SP WIDTH="16" VPOS="1251" HPOS="728"/>
							<String ID="string_278" HPOS="744" VPOS="1250" WIDTH="38" HEIGHT="21" WC="0.96" CONTENT="ord"/><SP WIDTH="15" VPOS="1250" HPOS="782"/>
							<String ID="string_279" HPOS="797" VPOS="1251" WIDTH="97" HEIGHT="21" WC="0.96" CONTENT="förklara"/>
						</TextLine>
						<TextLine ID="line_33" HPOS="150" VPOS="1282" WIDTH="744" HEIGHT="28">
							<String ID="string_280" HPOS="150" VPOS="1282" WIDTH="49" HEIGHT="27" WC="0.93" CONTENT="mig,"/><SP WIDTH="17" VPOS="1282" HPOS="199"/>
							<String ID="string_281" HPOS="216" VPOS="1282" WIDTH="99" HEIGHT="22" WC="0.92" CONTENT="hvarföre"/><SP WIDTH="12" VPOS="1282" HPOS="315"/>
							<String ID="string_282" HPOS="327" VPOS="1283" WIDTH="41" HEIGHT="27" WC="0.96" CONTENT="jag"/><SP WIDTH="13" VPOS="1283" HPOS="368"/>
							<String ID="string_283" HPOS="381" VPOS="1283" WIDTH="19" HEIGHT="27" WC="0.96" CONTENT="ej"/><SP WIDTH="17" VPOS="1283" HPOS="400"/>
							<String ID="string_284" HPOS="417" VPOS="1284" WIDTH="29" HEIGHT="26" WC="0.96" CONTENT="pä"/><SP WIDTH="14" VPOS="1284" HPOS="446"/>
							<String ID="string_285" HPOS="460" VPOS="1290" WIDTH="58" HEIGHT="14" WC="0.96" CONTENT="mera"/><SP WIDTH="16" VPOS="1290" HPOS="518"/>
							<String ID="string_286" HPOS="534" VPOS="1283" WIDTH="146" HEIGHT="22" WC="0.95" CONTENT="framstående"/><SP WIDTH="16" VPOS="1283" HPOS="680"/>
							<String ID="string_287" HPOS="696" VPOS="1286" WIDTH="43" HEIGHT="19" WC="0.96" CONTENT="sätt"/><SP WIDTH="15" VPOS="1286" HPOS="739"/>
							<String ID="string_288" HPOS="754" VPOS="1284" WIDTH="7" HEIGHT="21" WC="0.96" CONTENT="i"/><SP WIDTH="11" VPOS="1284" HPOS="761"/>
							<String ID="string_289" HPOS="772" VPOS="1284" WIDTH="43" HEIGHT="21" WC="0.93" CONTENT="min"/><SP WIDTH="11" VPOS="1284" HPOS="815"/>
							<String ID="string_290" HPOS="826" VPOS="1291" WIDTH="68" HEIGHT="15" WC="0.91" CONTENT="reser-"/>
						</TextLine>
						<TextLine ID="line_34" HPOS="151" VPOS="1317" WIDTH="743" HEIGHT="28">
							<String ID="string_291" HPOS="151" VPOS="1317" WIDTH="71" HEIGHT="20" WC="0.92" CONTENT="vation"/><SP WIDTH="23" VPOS="1317" HPOS="222"/>
							<String ID="string_292" HPOS="245" VPOS="1317" WIDTH="105" HEIGHT="21" WC="0.91" CONTENT="releverat"/><SP WIDTH="22" VPOS="1317" HPOS="350"/>
							<String ID="string_293" HPOS="372" VPOS="1317" WIDTH="42" HEIGHT="21" WC="0.92" CONTENT="den"/><SP WIDTH="22" VPOS="1317" HPOS="414"/>
							<String ID="string_294" HPOS="436" VPOS="1317" WIDTH="172" HEIGHT="28" WC="0.70" CONTENT="koniradiktion,"/><SP WIDTH="24" VPOS="1317" HPOS="608"/>
							<String ID="string_295" HPOS="632" VPOS="1319" WIDTH="22" HEIGHT="20" WC="0.93" CONTENT="ät"/><SP WIDTH="18" VPOS="1319" HPOS="654"/>
							<String ID="string_296" HPOS="672" VPOS="1318" WIDTH="89" HEIGHT="21" WC="0.96" CONTENT="hvilken"/><SP WIDTH="15" VPOS="1318" HPOS="761"/>
							<String ID="string_297" HPOS="776" VPOS="1319" WIDTH="118" HEIGHT="21" WC="0.95" CONTENT="utskottets"/>
						</TextLine>
						<TextLine ID="line_35" HPOS="150" VPOS="1351" WIDTH="743" HEIGHT="31">
							<String ID="string_298" HPOS="150" VPOS="1351" WIDTH="138" HEIGHT="21" WC="0.95" CONTENT="betänkande"/><SP WIDTH="24" VPOS="1351" HPOS="288"/>
							<String ID="string_299" HPOS="312" VPOS="1351" WIDTH="31" HEIGHT="22" WC="0.95" CONTENT="till"/><SP WIDTH="22" VPOS="1351" HPOS="343"/>
							<String ID="string_300" HPOS="365" VPOS="1351" WIDTH="50" HEIGHT="22" WC="0.94" CONTENT="hela"/><SP WIDTH="23" VPOS="1351" HPOS="415"/>
							<String ID="string_301" HPOS="438" VPOS="1353" WIDTH="31" HEIGHT="20" WC="0.96" CONTENT="sin"/><SP WIDTH="20" VPOS="1353" HPOS="469"/>
							<String ID="string_302" HPOS="489" VPOS="1352" WIDTH="81" HEIGHT="28" WC="0.96" CONTENT="princip"/><SP WIDTH="17" VPOS="1352" HPOS="570"/>
							<String ID="string_303" HPOS="587" VPOS="1355" WIDTH="23" HEIGHT="18" WC="0.93" CONTENT="är"/><SP WIDTH="15" VPOS="1355" HPOS="610"/>
							<String ID="string_304" HPOS="625" VPOS="1352" WIDTH="111" HEIGHT="22" WC="0.91" CONTENT="hemfallet"/><SP WIDTH="12" VPOS="1352" HPOS="736"/>
							<String ID="string_305" HPOS="748" VPOS="1353" WIDTH="47" HEIGHT="27" WC="0.93" CONTENT="just"/><SP WIDTH="15" VPOS="1353" HPOS="795"/>
							<String ID="string_306" HPOS="810" VPOS="1353" WIDTH="83" HEIGHT="29" WC="0.91" CONTENT="derige-"/>
						</TextLine>
						<TextLine ID="line_36" HPOS="149" VPOS="1386" WIDTH="748" HEIGHT="29">
							<String ID="string_307" HPOS="149" VPOS="1392" WIDTH="58" HEIGHT="21" WC="0.95" CONTENT="nom,"/><SP WIDTH="24" VPOS="1392" HPOS="207"/>
							<String ID="string_308" HPOS="231" VPOS="1388" WIDTH="32" HEIGHT="19" WC="0.96" CONTENT="att"/><SP WIDTH="20" VPOS="1388" HPOS="263"/>
							<String ID="string_309" HPOS="283" VPOS="1386" WIDTH="36" HEIGHT="21" WC="0.95" CONTENT="det"/><SP WIDTH="20" VPOS="1386" HPOS="319"/>
							<String ID="string_310" HPOS="339" VPOS="1386" WIDTH="5" HEIGHT="21" WC="0.92" CONTENT="i"/><SP WIDTH="22" VPOS="1386" HPOS="344"/>
							<String ID="string_311" HPOS="366" VPOS="1386" WIDTH="42" HEIGHT="22" WC="0.91" CONTENT="allo"/><SP WIDTH="22" VPOS="1386" HPOS="408"/>
							<String ID="string_312" HPOS="430" VPOS="1387" WIDTH="105" HEIGHT="21" WC="0.92" CONTENT="erkänner"/><SP WIDTH="15" VPOS="1387" HPOS="535"/>
							<String ID="string_313" HPOS="550" VPOS="1386" WIDTH="58" HEIGHT="29" WC="0.92" CONTENT="(pag."/><SP WIDTH="17" VPOS="1386" HPOS="608"/>
							<String ID="string_314" HPOS="625" VPOS="1386" WIDTH="22" HEIGHT="28" WC="0.93" CONTENT="5)"/><SP WIDTH="17" VPOS="1386" HPOS="647"/>
							<String ID="string_315" HPOS="664" VPOS="1386" WIDTH="193" HEIGHT="29" WC="0.91" CONTENT="nödvändigheten"/><SP WIDTH="15" VPOS="1386" HPOS="857"/>
							<String ID="string_316" HPOS="872" VPOS="1388" WIDTH="25" HEIGHT="22" WC="0.96" CONTENT="af"/>
						</TextLine>
						<TextLine ID="line_37" HPOS="148" VPOS="1420" WIDTH="747" HEIGHT="34">
							<String ID="string_317" HPOS="148" VPOS="1420" WIDTH="166" HEIGHT="30" WC="0.95" CONTENT="församlingens"/><SP WIDTH="17" VPOS="1420" HPOS="314"/>
							<String ID="string_318" HPOS="331" VPOS="1420" WIDTH="38" HEIGHT="23" WC="0.96" CONTENT="och"/><SP WIDTH="15" VPOS="1420" HPOS="369"/>
							<String ID="string_319" HPOS="384" VPOS="1421" WIDTH="141" HEIGHT="23" WC="0.93" CONTENT="kommunens"/><SP WIDTH="14" VPOS="1421" HPOS="525"/>
							<String ID="string_320" HPOS="539" VPOS="1421" WIDTH="138" HEIGHT="30" WC="0.92" CONTENT="afskiljande,"/><SP WIDTH="12" VPOS="1421" HPOS="677"/>
							<String ID="string_321" HPOS="689" VPOS="1422" WIDTH="40" HEIGHT="23" WC="0.93" CONTENT="och"/><SP WIDTH="10" VPOS="1422" HPOS="729"/>
							<String ID="string_322" HPOS="739" VPOS="1422" WIDTH="69" HEIGHT="24" WC="0.93" CONTENT="likväl"/><SP WIDTH="12" VPOS="1422" HPOS="808"/>
							<String ID="string_323" HPOS="820" VPOS="1422" WIDTH="75" HEIGHT="32" WC="0.88" CONTENT="(pagg."/>
						</TextLine>
					</TextBlock>
				</ComposedBlock>
				<GraphicalElement ID="cblock_2" HPOS="978" VPOS="2" WIDTH="11" HEIGHT="664"></GraphicalElement >
			</PrintSpace>
		</Page>
	</Layout>
</alto>
