989 1695
771 125 39 24 121

89 195 32 21 att
141 200 53 16 vara
214 193 25 22 af
254 193 244 29 ålderdomssjuklighet
514 194 53 22 eller
581 193 70 23 andra
666 195 125 28 synnerliga
807 202 32 15 or-

88 228 65 22 saker
176 228 136 28 förhindrad,
336 229 96 27 vägrade
455 231 109 25 emottaga
586 229 79 21 honom
685 229 104 27 erbjuden
805 230 34 21 så-

88 262 115 22 beskaffad
226 263 76 27 tjenst,
326 269 45 15 som
391 263 8 20 i
418 263 142 28 paragrafens
580 263 57 21 förra
653 263 36 21 del
705 265 134 26 omnämnes,

88 296 80 22 sådant
190 296 84 22 skedde
297 296 104 27 antingen
422 297 24 20 af
458 297 74 27 kapris
547 297 53 21 eller
615 296 74 28 lättja,
705 297 49 21 icke
770 298 70 27 ansåg

89 337 26 15 en
131 330 43 22 slik
189 330 131 27 tjensteman
336 330 123 28 berättigad
475 331 32 21 till
523 333 68 19 större
606 331 101 28 pension,
723 333 28 19 än
761 331 79 21 honom

87 365 8 20 i
111 364 136 22 förhållande
268 364 32 21 till
316 364 60 22 ålder
392 364 40 22 och
447 364 112 28 tjenstetid
574 364 208 28 författningsenligt
797 365 42 21 till-

87 399 97 27 komme,
206 398 57 21 helst
284 398 44 21 han
346 399 70 27 jemte
438 398 164 22 hibehällandet
625 398 25 21 af
667 398 72 22 denna
756 399 83 21 förmån

88 431 74 22 kunde
175 432 29 27 pä
220 439 83 14 samma
318 432 59 27 gäng
392 431 74 22 utöfva
481 433 67 20 annat
562 431 152 28 näringsfäng,
731 432 109 22 mähända

88 466 68 22 redan
170 465 34 23 för
218 466 34 27 sig
267 473 60 14 mera
341 465 144 28 inbringande
501 469 28 18 än
541 465 42 22 den
594 465 57 22 förra
662 465 104 29 tjensten;
778 467 62 21 hvar-

88 501 46 22 före
150 501 138 28 domprosten
302 500 34 22 för
346 501 33 22 sin
391 500 35 22 del
437 500 116 28 godkände
564 500 117 22 utskottets
692 500 147 23 betänkande.

156 535 90 22 Prosten
266 535 27 21 H.
314 535 102 22 Heikel
438 535 96 28 yttrade:
557 535 35 20 Då
612 534 141 22 innehafvare
773 535 25 21 af
814 542 26 15 en

89 570 76 27 tjenst,
187 576 45 15 som
251 569 71 22 blifvit
338 569 115 28 indragen,
469 569 103 28 möjligen
588 571 79 25 vägrar
683 571 32 19 att
731 566 110 31 emottaga

89 611 27 15 en
132 611 72 14 annan
218 604 80 21 honom
314 604 103 27 erbjuden
434 603 53 22 eller
497 603 92 22 anvisad
600 603 131 28 befattning,
742 603 44 22 kan
797 604 44 21 han

89 641 54 25 göra
163 638 37 22 det
220 638 24 22 af
257 638 58 28 skäl,
332 645 45 14 som
392 638 66 27 ingen
474 644 72 15 annan
561 640 29 19 än
605 637 42 21 han
663 637 54 28 sjelf
728 637 45 22 kan
788 638 54 21 eller

89 675 53 25 äger
157 673 102 28 bedöma,
276 673 36 21 det
327 672 104 22 behöfver
440 672 54 22 visst
504 672 49 21 icke
565 671 63 22 alltid
638 678 53 15 vara
701 672 55 21 blott
767 672 75 28 kapris

91 707 52 21 eller
158 707 74 28 lättja;
244 707 42 27 jag
300 707 67 28 yrkar
382 706 85 22 derföre
481 708 33 20 att
529 706 78 21 honom
618 705 8 22 i
637 705 78 22 sädant
726 706 37 21 fall
774 707 68 21 mätte

90 741 143 22 tillerkännas
249 741 38 22 full
303 741 91 28 pension
410 741 67 27 enligt
493 741 26 21 de
534 741 7 20 i
557 740 181 28 författningarne
754 747 34 14 om
799 747 43 15 em-

90 776 57 21 bets-
164 775 40 22 och
219 776 143 27 tjenstemäns
377 775 154 28 pensionering
546 774 124 23 fastställde
685 775 100 28 grunder,
802 775 41 22 och

91 811 38 21 ber
145 812 31 20 att
191 810 76 22 dervid
281 810 23 21 fä
320 810 80 28 erinra,
416 811 32 20 att
463 809 53 22 fulla
531 809 120 28 pensionen
665 809 45 22 ofta
725 809 83 28 knappt
819 812 24 19 är

91 852 60 14 mera
171 847 28 19 än
221 845 53 21 eller
292 851 39 15 ens
346 845 46 21 lika
407 844 50 22 med
472 844 82 21 hälften
570 843 25 22 af
607 844 55 21 hans
677 843 58 22 förra
750 843 92 21 löneför-

91 880 80 28 mäner,
196 880 28 21 dä
246 879 187 28 taffelpenningar,
453 878 138 29 hyresmede]
608 878 40 21 och
663 878 70 22 andra
748 878 94 28 tjensten

92 914 120 28 åtföljande
227 914 96 22 fördelar
338 914 40 21 och
394 914 142 21 biinkomster
551 912 58 28 afgä.

160 948 126 22 Professorn
303 948 98 21 Geitlin
418 947 73 22 anhöll
507 948 41 26 att,
565 946 33 22 för
613 953 26 15 en
656 946 86 22 enskild
756 947 88 27 angelä-

92 982 89 29 genhet,
198 982 22 22 få
235 982 99 28 aflägsna
350 982 34 27 sig
398 982 29 28 pä
442 988 27 15 en
485 981 71 22 stund.
587 980 83 22 Bifölls.

160 1018 146 26 Domprosten
326 1016 120 21 Renvall
465 1016 50 21 ville
532 1015 25 21 sä
571 1015 88 28 mycket
675 1014 67 22 hellre
758 1015 86 21 biträda

93 1052 42 21 den
158 1051 24 21 af
201 1052 89 27 prosten
309 1050 80 21 Heikel
404 1050 97 21 uttalade
517 1049 96 27 mening,
631 1056 45 14 som
692 1050 130 25 tjensteman
837 1049 8 21 i

91 1085 144 22 förevarande
255 1085 39 21 fall
315 1084 19 28 ej
350 1084 76 28 längre
442 1084 57 27 finge
515 1084 99 20 beräkna
629 1083 112 27 tjensteär.
771 1082 73 22 Föröf-

93 1120 42 27 rigt
156 1120 69 26 ansåg
245 1119 139 27 domprosten
400 1118 77 22 orden:
497 1119 66 25 ,utan
578 1118 33 20 att
625 1123 53 15 vara
693 1117 34 21 till
742 1116 50 22 dess
808 1117 37 21 be-

93 1154 112 22 stridande
228 1153 24 22 af
272 1152 122 28 älderdom,
418 1152 119 28 sjuklighet
557 1152 54 21 eller
631 1150 68 22 andra
721 1151 125 27 synnerliga

94 1189 90 21 orsaker
199 1188 147 22 urständsatt*
363 1188 62 27 böra,
442 1187 71 21 säsom
529 1186 92 20 alldeles
637 1185 131 27 obehöfliga,
783 1186 62 26 utgä,

94 1223 77 21 sävida
186 1223 28 27 pä
228 1222 188 27 indragningsstat
430 1220 97 22 varande
543 1220 140 27 tjensteman,
701 1226 34 14 om
750 1219 43 21 han
804 1219 42 21 ock

95 1257 24 21 af
132 1256 88 22 hvilken
236 1256 66 21 orsak
318 1263 45 14 som
378 1255 57 22 helst
449 1254 97 27 vägrade
563 1255 110 25 emottaga
686 1253 77 21 honom
776 1253 70 26 erhju-

95 1291 42 21 den
153 1290 75 28 tjenst,
244 1291 8 20 i
268 1290 44 21 alla
328 1289 38 22 fall
381 1295 51 15 vore
447 1287 125 28 berättigad
588 1287 33 21 till
636 1287 35 21 hel
687 1286 97 28 pension.

163 1324 127 21 Professorn
313 1323 156 21 Schauman
493 1321 78 21 delade
593 1323 88 24 prosten
701 1320 90 20 Heikels
807 1320 41 20 och

96 1358 140 27 domprosten
257 1357 104 21 Renvalls
384 1356 57 27 äsigt
462 1357 56 20 samt
540 1355 70 26 ansäg
628 1360 27 15 en
670 1353 132 28 tjensteman
816 1353 32 20 uti

96 1391 168 29 ifrägavarande
284 1391 39 21 fäll
339 1397 43 21 nog
397 1389 58 22 ändä
470 1389 80 22 förlora
565 1387 108 29 betydligt
689 1387 24 22 af
726 1387 48 22 sina
788 1387 60 23 löne-

97 1427 113 28 förmäner,
228 1433 34 15 om
277 1425 79 22 honom
372 1425 41 22 ock
428 1423 121 29 beviljades
564 1423 36 22 hel
614 1422 98 29 pension.
