989 1806
768 130 42 22 355

92 191 33 21 att
139 189 82 23 infinna
237 191 34 27 sig
286 190 73 29 äfven;
378 198 48 15 men
442 191 70 23 sällan
528 192 86 22 komma
630 194 68 27 några
714 195 77 28 andra,
812 198 26 18 än

92 225 92 27 sädane,
201 232 46 14 som
263 226 102 26 möjligen
381 226 65 21 hafva
462 227 100 21 enskilda
577 228 106 21 intressen
699 229 40 20 och
754 230 84 26 petitio-

91 266 39 14 ner
145 259 76 21 dervid
235 261 33 19 att
282 260 92 20 bevaka.
405 260 69 22 Desse
489 260 137 28 fullmäktige
640 262 94 27 rådgöra
750 263 39 21 och
804 263 35 21 be-

91 293 58 22 sluta
163 300 34 14 om
213 293 44 21 alla
273 293 141 22 kommunens
430 294 110 21 allmänna
550 295 184 27 angelägenheter
745 297 39 21 och
796 298 43 20 års-

91 324 98 31 utgifter;
203 327 69 21 likväl
287 327 39 21 har
342 330 57 19 ännu
414 328 68 22 under
494 328 44 21 min
548 328 91 22 dervaro
650 329 130 23 åtminstone
791 331 49 21 icke

91 362 84 22 anförts
197 362 67 26 något
286 362 79 21 besvär
387 362 59 22 öfver
469 362 63 22 deras
553 362 110 28 enhälliga
681 364 77 22 beslut.
789 366 51 20 Som

92 396 117 22 skilnaden
229 396 94 21 emellan
338 404 28 13 nu
381 396 94 22 nämnde
491 396 40 22 och
546 397 8 21 i
568 397 117 22 utskottets
700 397 140 23 betänkande

92 430 115 22 förordade
228 430 262 28 kommunalfullmäktige
510 431 73 21 består
602 438 60 14 mera
676 432 8 21 i
700 433 82 21 antalet
800 433 41 21 och

92 466 89 20 namnet
197 467 28 18 än
240 464 7 21 i
261 466 91 26 gagnet,
369 471 64 15 anser
444 465 42 27 jag
501 465 44 27 mig
559 465 53 21 böra
627 465 80 22 föreslå
722 466 33 21 till
768 466 73 22 denna

91 500 14 26 $
121 498 96 28 följande
233 498 87 28 tillägg:
336 498 36 21 der
387 499 254 29 kommunalfullmäktige
656 500 66 21 redan
737 504 38 17 äro
788 509 53 13 van-

93 534 48 28 lige,
162 535 35 19 må
212 532 83 22 dermed
309 533 38 20 vid
359 537 91 25 antagen
463 534 77 27 praxis
550 533 118 29 förblifva,
683 534 87 28 sålänge
786 536 54 20 kom-

92 575 77 14 munen
185 567 69 21 derom
269 570 26 18 är
309 575 54 13 ense.
392 566 50 22 Med
458 567 60 22 detta
533 567 77 28 tillägg
625 568 73 22 kunde
711 568 130 28 paragrafen

93 609 53 15 vara
171 602 108 27 antaglig;
302 608 48 15 men
369 602 28 21 då
413 602 67 21 också
496 602 78 21 endast
588 602 8 20 i
611 602 82 22 sådane
709 603 132 22 kommuner.

161 637 90 21 Prosten
266 636 140 28 Alopeus:
422 636 10 21 I
447 636 69 22 likhet
531 636 49 22 med
595 636 58 22 hvad
669 644 26 14 en
709 637 133 27 föregående

94 672 69 21 talare
176 671 7 21 i
199 670 104 22 afseende
319 670 13 21 å
347 677 77 15 senare
443 670 138 22 alternativet
596 670 7 21 i
618 672 13 25 8
646 672 27 20 28
689 671 25 21 af
725 672 117 21 utskottets

93 705 141 23 betänkande
255 706 78 26 yttrat,
357 712 64 14 anser
439 705 42 27 jag
500 704 64 22 äfven
579 704 8 22 i
603 706 13 26 $
631 706 27 20 30
674 705 48 22 icke
738 706 52 21 böra
807 706 35 22 be-

94 743 104 20 stämmas
218 740 67 27 något
303 740 54 21 visst
372 740 99 28 röstetal,
488 742 51 19 utan
554 739 83 22 hvilket
652 742 104 20 stämmas
772 740 71 22 beslut

95 782 34 15 om
150 774 125 28 antagande
295 774 26 21 af
337 774 262 27 kommunalfullmäktige
618 781 51 14 vore
684 774 92 28 ogiltigt.
806 775 38 21 Att

95 810 23 22 få
133 809 83 21 hälften
231 808 26 22 af
269 808 141 22 kommunens
425 808 133 27 röstägande
568 808 140 21 medlemmar
718 809 29 27 på
756 809 88 27 engång

95 843 108 28 samlade,
227 845 24 19 är
270 843 7 21 i
298 843 53 21 våra
370 845 68 19 större
459 842 40 22 och
517 842 159 22 vidsträcktare
691 842 153 28 församlingar

96 881 54 19 nära
170 885 43 20 nog
232 877 104 27 omöjligt.
366 870 134 28 Åtminstone
516 876 40 22 har
570 876 69 28 enligt
654 876 44 21 min
712 876 63 27 ringa
789 876 54 22 erfa-

96 913 77 22 renhet
192 912 79 22 sådant
290 911 49 21 icke
359 911 56 21 varit
430 911 69 25 fallet,
524 917 38 15 ens
576 910 37 22 vid
628 910 27 22 de
671 910 173 28 allravigtigaste

97 948 191 26 socknestämmor,
311 946 73 21 såsom
399 948 14 19 t.
430 953 33 14 ex.
479 946 36 21 vid
534 947 108 25 stämmor,
666 944 38 22 der
718 945 72 21 beslut
804 945 41 21 fat-

98 985 44 19 tais
163 988 33 15 om
216 988 30 21 ny
261 980 40 22 och
317 980 40 28 dyr
372 979 181 29 kyrkobyggnad.
583 980 11 20 1
608 979 44 21 min
666 978 127 28 församling
808 979 38 21 fin-

99 1024 38 15 nes
161 1016 100 26 omkring
283 1015 76 27 12,000
382 1021 109 21 personer.
521 1014 75 26 Enligt
618 1012 229 28 kommunalförslaget

98 1051 62 22 torde
183 1050 27 21 de
233 1048 193 28 röstberättigades
445 1048 60 22 antal
526 1048 38 21 der
579 1048 87 20 komma
680 1049 32 19 att
728 1048 72 26 uppgå
814 1047 33 21 till

99 1086 70 27 några
190 1086 70 20 tusen.
289 1084 38 20 Att
349 1083 21 21 få
392 1082 83 22 hälften
497 1082 25 21 af
539 1084 31 19 ett
590 1082 26 21 så
631 1083 53 19 stort
700 1081 90 21 röstetal
806 1081 41 21 till-

100 1125 110 16 sammans
225 1118 29 27 på
269 1117 86 27 engång
370 1117 42 20 blir
426 1116 67 27 enligt
508 1116 37 21 det
558 1122 44 21 nya
612 1114 104 28 förslaget
726 1118 58 18 ännu
795 1115 53 21 min-

101 1153 38 21 dre
154 1153 57 27 bopp
227 1159 44 20 om,
289 1153 27 19 än
332 1157 36 21 nu,
386 1150 28 22 då
429 1151 55 20 blott
495 1149 134 28 jordägarne
644 1149 56 21 varit
714 1149 134 21 röstberätti-

101 1187 63 28 gade.
194 1186 75 21 Bättre
290 1191 51 14 vore
363 1185 67 27 enligt
453 1185 43 20 min
520 1184 57 27 åsigt
596 1183 42 21 den
654 1185 104 24 utvägen,
774 1184 32 19 att
821 1182 29 21 dä

101 1221 85 22 sådana
201 1219 83 28 vigtiga
299 1219 72 27 frågor
386 1219 7 21 i
410 1218 217 22 kommunalstämma
642 1217 142 27 förekomma,
798 1216 51 22 defi-

101 1256 64 22 nitivt
187 1255 72 21 beslut
278 1255 7 20 i
306 1253 68 22 saken
394 1253 50 22 icke
462 1253 57 27 finge
534 1252 66 21 fattas
616 1252 14 20 å
645 1251 42 21 den
702 1251 69 22 första
786 1253 64 19 stäm-

102 1297 60 20 man,
185 1291 52 19 utan
261 1290 31 19 att
313 1287 68 22 saken
400 1287 71 22 blefve
486 1285 102 23 hvilande
604 1285 33 21 till
652 1292 30 21 ny
697 1287 101 25 stämma,
813 1284 39 21 der

104 1324 84 27 slutligt
203 1321 119 29 afgörande
337 1321 54 22 först
406 1321 71 22 skulle
493 1321 48 27 ske,
556 1320 54 21 efter
624 1319 52 22 flere
692 1319 83 27 gånger
788 1319 64 20 emel-

104 1360 37 20 lan
159 1359 70 26 begge
249 1359 131 19 stämmorna
396 1356 70 21 skedd
481 1355 138 27 kungörelse.
650 1353 30 22 Så
695 1353 73 21 kunde
784 1353 69 21 saken

105 1393 47 21 lika
174 1392 35 21 väl
232 1389 146 29 genomföras,
401 1392 52 19 utan
470 1391 31 20 att
516 1389 83 26 någons
615 1389 42 19 rätt
673 1393 77 21 genom
767 1388 30 19 ett
812 1385 41 22 för-

107 1426 89 22 hastadt
211 1425 71 21 beslut
297 1423 71 22 blefve
383 1423 87 21 kränkt.

128 1469 55 20 Högv.
198 1466 132 17 Prestaståndets
344 1465 63 15 Protok.
434 1465 24 15 IT.
766 1463 20 13 25
