992 1745
781 123 39 20 727

100 187 49 28 ring
163 187 92 27 skedde,
276 189 79 21 uttalat
370 188 32 22 sin
419 189 67 27 åsigt,
507 188 123 22 sedermera
645 189 49 21 icke
710 188 67 22 borde
792 187 56 22 tillå-

101 224 33 19 tas
150 229 110 14 reservera
276 223 33 26 sig
325 225 56 19 cmot
397 222 37 21 det
449 229 77 20 genom
542 223 125 26 voteringen
684 223 112 21 tillkomna
812 223 35 22 be-

100 255 71 22 slutet.

168 290 54 21 Herr
238 291 147 26 talemannen,
401 297 46 14 som
462 291 70 26 ansåg
546 291 77 26 nödigt
638 293 32 18 att
686 291 96 26 ståndet,
793 292 7 20 i
812 298 36 14 an-

100 324 80 21 scende
197 323 31 22 till
244 323 88 28 frågans
348 325 54 27 vigt,
419 324 45 21 deri
481 326 99 19 närmare
596 325 104 22 betänkte
713 325 44 28 sig,
768 325 80 22 förkla-

100 358 52 21 rade
173 358 55 29 förty
245 359 101 22 ärendets
362 358 133 27 behandling
510 359 102 21 hvilande
628 359 32 21 till
676 361 64 20 nästa
754 360 94 27 plenum.

167 428 105 27 Företogs
287 428 32 21 till
331 428 76 27 åtgärd
419 428 117 27 höglofliga
546 428 164 27 ridderskapets
722 428 39 21 och
772 428 76 22 adelns

100 463 136 27 bordlaggda
257 462 202 28 protokollsutdrag
481 463 24 20 af
525 462 42 22 den
587 463 26 20 29
633 463 106 21 sistvikne
750 463 98 28 januari,

99 497 155 22 innehällande
274 497 130 27 inbjudning
424 499 33 19 att
476 497 88 28 deltaga
579 497 7 21 i
602 497 93 22 beslutet
711 497 83 28 derom,
818 500 31 19 att

100 532 30 21 uti
146 531 130 22 ständernas
293 531 149 27 underdåniga
457 539 49 14 svar
522 532 13 21 å
548 531 80 27 nådiga
639 531 161 28 propositionen
812 539 36 14 an-

100 565 85 28 gående
208 566 164 21 bestämmande
395 565 106 22 huruvida
519 566 39 21 och
578 565 32 22 till
626 565 88 22 hvilken
730 565 36 22 del
782 566 13 21 å
810 567 38 20 all-

100 603 49 19 män
165 603 44 19 stat
224 600 106 29 uppförda
347 600 92 22 embets-
455 600 40 21 och
511 600 139 28 tjenstemän,
669 600 87 21 hvilkas
772 600 76 22 befatt-

99 635 78 28 ningar
199 635 112 28 indragas,
335 637 44 26 äga
398 637 32 19 att
446 635 94 22 derefter
555 635 85 28 åtnjuta
655 635 48 21 sina
718 634 58 22 förra
791 635 58 21 löne-

99 670 114 28 förmåner,
237 670 71 21 skulle
331 669 113 28 uttryckas
467 669 42 22 den
531 669 151 28 underdäniga
702 669 94 28 önskan,
818 671 32 20 att

101 705 60 22 Hans
181 705 125 28 Kejserliga
325 704 103 28 Majestät
447 703 85 23 täcktes
548 704 13 21 å
576 703 185 22 förstkommande
780 703 69 22 landt-

101 740 44 27 dag
167 739 113 28 förelägga
299 739 119 22 ständerna
437 738 82 29 förslag
535 739 32 21 till
582 738 128 28 författning
725 739 31 21 uti
771 738 78 28 ifråga-

101 774 96 22 varande
212 777 64 19 ämne
292 774 30 21 uti
339 774 36 21 det
390 773 57 28 syfte
461 774 57 21 inom
534 773 88 22 ståndet
636 773 97 21 uttalats.

169 809 73 22 Sedan
258 808 173 28 prestaståndets
447 808 115 28 angående
578 807 41 22 den
634 806 168 29 ifrågavarande
814 807 36 21 nå-

101 844 52 27 diga
168 843 161 28 propositionen
345 842 83 22 fattade
442 843 71 21 beslut
528 842 33 21 för
576 841 42 22 den
634 842 27 21 22
672 843 74 20 senast
757 840 94 23 förlidna

98 878 88 29 januari
202 877 71 22 blifvit
288 878 97 27 uppläst,
401 876 87 30 yttrade

170 913 91 20 Prosten
277 912 26 21 H.
319 911 113 27 Heikel,
449 913 31 19 att
496 911 28 21 då
539 910 163 28 ridderskapets
719 909 39 22 och
775 909 76 22 adelns

102 947 58 27 åsigt
180 947 29 21 uti
228 945 143 22 förevarande
387 945 62 28 fråga
464 946 7 20 i
486 945 51 22 flere
553 945 85 27 ganska
654 944 139 27 väsendtliga
809 951 42 14 om-

102 981 151 28 ständigheter
273 980 80 28 skiljde
373 980 34 28 sig
421 979 48 22 från
485 979 37 22 det
534 979 84 28 beslut,
642 979 61 22 hvari
718 979 134 28 prestastån-

103 1017 38 22 det
160 1015 53 22 efter
233 1017 73 26 moget
321 1014 161 28 öfvervägande
498 1016 97 26 stannat,
612 1013 157 28 inbjudningen
785 1013 68 27 enligt

103 1053 99 27 prostens
222 1050 88 27 mening
329 1050 18 27 ej
368 1049 73 22 kunde
457 1051 93 25 antagas
566 1048 68 22 under
648 1048 70 22 andra
732 1047 76 29 vilkor,
825 1050 28 19 än

104 1085 174 26 omformulering
301 1085 6 20 i
331 1084 36 21 det
389 1083 56 29 syfte
463 1083 174 29 prestaståndets
652 1081 149 29 nyssnämnda
816 1081 36 22 be-

104 1121 43 22 slut
162 1119 126 22 innehåller.

173 1155 34 21 Då
221 1155 66 26 ingen
302 1153 75 21 vidare
393 1153 96 27 begärde
504 1152 71 28 ordet,
592 1149 135 23 framställde
740 1150 49 21 herr
800 1150 53 21 tale-

105 1196 93 15 mannen
213 1187 98 29 följande
326 1187 145 28 proposition:

173 1223 94 28 Antager
290 1221 127 29 högvördiga
440 1221 82 22 ståndet
544 1220 156 28 ridderskapets
723 1220 36 20 och
781 1219 73 20 adelns

104 1258 135 29 inbjudning,
255 1257 47 21 med
316 1256 49 21 eller
379 1259 53 18 utan
447 1255 181 28 modifikationer?
656 1254 48 21 Den
719 1261 53 19 som,
788 1253 67 21 under

105 1293 94 21 nämnda
209 1291 168 29 förutsättning,
393 1295 89 23 antager
491 1290 161 28 inbjudningen,
664 1296 77 14 svarar
746 1288 109 28 jakande;

105 1328 39 21 den
160 1334 42 14 som
217 1326 44 21 icke
277 1329 88 25 antager
379 1325 131 26 densamma,
526 1331 78 14 svarar
617 1322 101 22 nekande.

172 1360 139 22 Besvarades
326 1359 49 21 med
392 1359 25 21 15
433 1361 35 26 »ej
483 1361 45 19 mot
542 1360 27 19 14
578 1359 36 27 ja.

173 1395 10 20 I
203 1393 120 26 anledning
342 1392 79 22 hvaraf
434 1393 64 20 alltså
513 1391 118 28 höglofliga
647 1390 152 27 ridderskapet
815 1390 40 21 och

106 1429 65 22 adeln
196 1428 71 23 skulle
289 1433 78 22 genom
391 1426 125 29 deputation
539 1426 40 22 och
601 1424 199 29 protokollsutdrag
823 1423 33 22 till
