992 1773
185 123 27 20 78

158 187 50 21 med
227 186 88 27 hänsigt
335 186 33 21 till
389 185 72 22 tidens
482 185 116 28 dyrbarhet
619 185 45 21 kan
684 185 89 21 inställa
789 185 29 21 all
834 184 75 22 vidare

159 220 118 21 deduktion
293 219 56 22 inför
363 219 36 22 det
414 219 136 26 högvördiga
566 219 93 21 ståndet.

225 253 210 28 Kontraktsprosten
452 253 92 21 Sirén:
561 253 35 21 Då
611 253 77 27 frågan
703 260 29 14 nu
747 253 70 27 gäller
833 253 26 21 de
871 252 38 21 all-

157 291 80 19 männa
252 287 115 28 principer,
382 287 82 27 hvarpå
476 286 114 23 städernas
601 287 260 27 kommunalförvaltning
871 286 39 22 bör

158 323 34 27 sig
212 321 93 28 grunda,
327 324 24 19 är
371 321 36 22 det
423 323 52 20 utan
490 321 75 22 tvifvel
580 321 76 27 nödigt
673 323 31 19 att
720 321 54 21 först
789 321 122 22 bestämma

159 357 25 20 af
196 355 75 23 hvilka
284 362 103 21 personer
400 355 130 22 kommunen
546 355 58 21 skall
619 355 69 22 bestå.
714 355 8 21 I
734 355 61 21 detta
807 354 104 23 afseende

159 391 40 21 har
221 390 222 22 ekonomieutskottet
466 389 84 27 afgifvit
570 390 37 21 två
626 389 59 22 olika
700 389 92 28 förslag,
809 396 48 15 men
869 389 42 28 jag

159 431 64 16 anser
245 424 108 21 intetdera
376 424 25 21 af
421 424 66 22 dessa
508 423 84 28 förslag
617 431 53 14 vara
696 423 214 28 tillfredsställande;

160 459 111 22 hvaremot
283 458 41 28 jag
339 458 68 22 finner
421 458 27 21 de
464 458 170 28 bestämmelser,
651 465 46 15 som
714 459 34 20 1:a
763 465 62 14 mom.
842 458 7 21 i
865 457 46 28 kej-

159 493 80 27 serliga
254 492 162 29 propositionen
431 491 127 29 innebäller,
572 499 53 14 vara
636 491 129 28 tillräckligt
776 491 83 28 tydliga
871 491 40 22 och

158 527 33 22 för
213 527 126 21 ändamålet
362 526 211 28 tillfyllestgörande.
604 526 42 21 Till
667 526 54 28 följd
736 526 65 21 häraf
813 525 98 22 förordar

155 561 43 28 jag
220 561 63 22 äfven
307 560 108 28 sistsagde
436 563 104 24 moment,
558 560 77 22 endast
649 561 50 21 med
715 561 42 21 den
772 559 92 28 ändring
880 563 32 18 att

160 595 27 22 de
209 595 7 21 i
239 595 65 22 slutet
327 594 25 21 af
371 597 117 19 momentet
506 594 177 23 förekommande
700 595 77 21 orden:
797 595 62 27 ,eller
875 595 37 20 ock

160 630 59 28 eljest
233 630 36 21 sitt
285 630 49 28 laga
349 628 24 22 bo
389 630 36 21 och
440 630 86 21 hemvist
540 630 9 20 i
564 629 74 22 staden
652 630 63 28 äga",
730 629 67 22 borde
808 629 53 27 utgå
871 629 40 21 och

159 664 8 21 i
183 664 63 21 deras
262 664 64 21 ställe
341 663 82 22 införas
439 664 76 21 orden:
531 667 70 24 ,samt
618 664 185 28 mantalskrifne*,
820 663 91 22 emedan

160 706 51 14 man
225 698 70 22 mäste
311 704 64 16 anses
391 698 66 21 hafva
473 698 37 22 sitt
525 698 51 28 laga
591 698 93 22 hemvist
699 698 43 28 der,
761 698 87 22 hvarest
861 705 50 15 man

160 735 24 19 är
204 732 179 22 mantalskrifven
404 735 56 19 samt
479 733 38 21 der
533 739 49 15 man
601 732 87 22 säledes
704 733 57 21 skall
777 733 47 21 sina
839 739 72 21 perso-

160 767 50 21 nela
232 767 114 28 utskylder
369 766 96 28 erlägga.
502 768 49 20 Den
574 766 69 22 andra
666 767 111 21 allmänna
799 766 111 29 principen

161 801 68 27 angär
251 801 141 28 utskylderne
415 801 32 21 till
468 801 130 22 kommunen
614 801 40 21 och
669 800 75 22 hvilka
760 802 6 20 i
783 801 49 22 dem
849 801 63 21 skola

161 835 98 28 deltaga,
275 835 89 21 hvarom
380 842 62 14 mom.
463 836 24 20 11
504 836 6 20 i
526 835 119 28 kejserliga
660 836 162 27 propositionen
837 835 33 21 till
885 842 26 14 en

160 869 35 22 del
218 869 95 28 stadgar,
337 876 49 15 men
408 869 84 22 hvilket
514 872 94 19 moment
627 869 106 22 utskottet
751 869 113 28 föreslagit
880 872 31 19 att

160 903 155 22 heltochhället
337 904 59 27 utgå.
434 903 74 22 Saken
532 907 24 18 är
576 904 24 21 af
618 904 85 27 ganska
719 904 90 27 ömtålig
824 904 87 22 beskaf-

160 937 83 28 fenhet,
262 937 40 22 och
318 937 37 22 det
369 940 24 19 är
409 937 70 22 kändt
494 940 32 19 att
542 938 92 21 emellan
650 938 113 22 städernes
777 939 134 27 borgerskap

160 971 40 22 och
216 971 69 22 andra
301 971 113 22 derstädes
429 972 86 21 bosatte
530 979 109 22 personer,
659 979 45 15 som
721 973 18 27 ej
756 973 53 21 idka
825 973 86 27 borger-

159 1006 32 27 lig
212 1006 87 28 näring,
323 1007 141 27 oupphörliga
483 1007 75 21 tvister
578 1007 102 22 förefallit
696 1013 33 15 om
748 1007 27 21 de
790 1007 120 28 utskylder,

161 1047 45 14 som
222 1039 27 22 de
265 1040 134 22 sistnämnde
414 1040 68 22 borde
497 1041 32 20 till
540 1041 193 21 stadskommunen
744 1041 96 28 erlägga.
867 1042 44 21 Min

161 1075 57 26 äsigt
233 1076 24 19 är
273 1073 41 22 den
330 1076 32 19 att
377 1075 115 21 städernas
508 1075 133 28 borgerskap
656 1075 61 22 bilda
732 1077 31 19 ett
779 1075 74 28 bolag,
865 1083 46 14 som

160 1108 7 21 i
183 1107 49 22 stöd
247 1107 26 20 af
285 1107 114 22 bestämda
415 1107 137 28 stadganden
567 1108 54 21 eller
635 1108 125 28 privilegier
772 1109 87 22 nedsatt
877 1110 34 27 sig

159 1142 29 27 pä
211 1148 26 15 en
259 1141 45 21 viss
327 1143 41 26 ort,
391 1141 33 22 för
442 1144 32 19 att
490 1142 98 21 bedrifva
603 1143 66 26 nägot
684 1143 54 28 yrke
755 1143 53 21 eller
823 1144 87 27 näring,

159 1175 80 21 hvaraf
251 1174 27 22 de
294 1175 63 20 skola
372 1175 67 22 hafva
454 1176 32 21 sin
502 1175 104 28 utkomst,
624 1176 38 21 och
679 1176 61 22 hvari
757 1177 18 27 ej
788 1177 122 22 hvarochen

159 1215 72 15 annan
247 1209 7 21 i
270 1209 79 21 staden
370 1209 72 22 bosatt
458 1213 24 18 är
496 1210 124 27 berättigad
636 1213 31 18 att
683 1211 95 26 deltaga.
808 1211 102 22 Tvärtom

159 1249 65 15 anser
235 1242 42 28 jag
292 1243 37 20 det
344 1250 53 15 vara
412 1244 38 21 det
464 1244 110 27 egentliga
584 1244 187 28 näringsidkande
782 1245 129 28 borgerska-

159 1279 48 26 pets
222 1276 69 27 fördel
307 1278 32 20 att
354 1277 6 21 i
377 1284 26 14 en
419 1278 50 21 stad
484 1278 70 22 finnas
568 1279 101 21 läroverk
685 1279 40 21 och
738 1279 70 22 andra
819 1279 91 22 embets-

159 1311 63 27 verk,
243 1310 86 22 hvilkas
349 1311 131 27 tjenstemän
496 1314 28 26 pä
540 1313 73 20 stället
627 1312 83 22 förtära
725 1314 48 20 sina
788 1314 67 27 löner,
870 1313 40 21 och

160 1346 32 19 att
213 1344 7 20 i
243 1344 102 21 städerne
365 1344 88 22 bosätta
468 1346 33 27 sig
516 1346 144 28 kapitalister,
677 1346 25 22 af
714 1346 86 22 hvilkas
815 1347 94 21 lefnads-

159 1377 120 22 kostnader
300 1378 27 21 de
349 1378 188 28 näringsidkande
560 1379 68 28 draga
646 1382 63 26 nytta
724 1380 40 22 och
779 1380 64 22 vinst.
873 1381 38 21 Att

160 1411 63 24 desse
239 1412 33 22 till
288 1412 72 22 denna
375 1412 100 30 kategori
486 1414 96 22 hörande
592 1421 103 21 personer
706 1415 123 23 derutöfver
839 1416 70 22 skulle
