989 1784
186 81 41 22 256

159 147 85 27 stycke,
268 153 45 15 som
335 146 82 21 lemnar
439 146 77 21 honom
535 152 26 15 en
577 145 78 21 osäker
669 145 102 21 utkomst.
800 145 103 21 Deremot

158 181 39 21 har
219 180 196 22 fabriksarbetaren
430 180 7 20 i
452 179 143 22 Tammerfors
618 179 32 23 sin
673 179 115 22 bestämda
806 178 40 22 och
862 179 41 20 till-

157 215 99 27 räekliga
271 214 159 27 dagspenning,
446 213 102 22 hvarmed
563 214 42 20 han
621 214 35 20 väl
672 213 44 21 kan
732 213 33 21 slå
776 213 33 27 sig
819 215 29 19 ut.
870 213 33 21 En

158 256 72 14 annan
252 248 69 22 talare
343 248 38 21 har
400 247 62 22 äfven
478 247 112 28 medgifvit
605 249 32 19 att
653 246 41 22 den
709 248 47 21 lika
772 247 131 27 betalnings-

158 283 97 27 grunden
277 290 51 14 vore
348 282 7 21 i
374 282 111 28 principen
505 282 41 23 den
561 283 56 20 rätta
632 282 7 20 i
655 282 114 28 personela
784 282 118 28 utskylder,
919 301 4 5 ,

159 324 47 15 men
227 316 71 23 tillika
313 317 81 27 påstått
409 318 32 20 att
457 316 70 22 denna
542 316 62 28 afgift
619 316 18 28 ej
655 323 51 15 vore
721 316 45 22 helt
782 316 39 22 och
837 316 67 22 hållet

158 352 107 28 personel,
281 353 56 20 samt
352 353 31 19 att
399 351 86 22 således
499 350 101 22 afseende
611 350 66 22 borde
688 350 69 22 fästas
768 351 28 27 pä
807 350 26 22 de
844 350 60 22 olika
914 359 6 11 <

157 386 163 22 förvärfskällor
343 385 80 22 enhvar
445 385 48 27 har;
517 385 110 22 äfvensom
647 388 31 18 att
697 386 115 27 utskottet,
835 392 47 15 som
897 382 10 24 i

158 421 50 21 dess
223 419 138 23 betänkande
376 422 67 25 yttrat
459 419 41 22 den
515 419 66 28 äsigt,
597 419 37 21 det
647 420 179 27 skattebidragen
837 415 66 27 borde

157 455 51 21 bero
224 455 24 21 af
260 453 185 28 förmögenheten,
461 453 66 22 likväl
543 453 64 22 infört
622 453 7 21 i
645 453 60 22 detta
720 453 39 22 fall
774 453 46 22 lika
835 453 67 22 betal-

158 489 52 27 ning
231 489 33 21 för
284 488 44 21 alla
347 487 39 23 och
406 487 91 22 sälunda
512 487 90 22 handlat
617 487 166 28 inkonsegvent.
812 483 49 26 Men
876 487 28 21 dä

158 523 84 22 talaren
257 522 53 29 sjelf
321 523 92 21 erkännt
429 522 122 28 principens
566 522 103 27 riktighet
685 524 56 21 samt
754 524 32 20 att
797 522 42 22 den
849 522 55 22 före-

158 558 76 27 slagne
255 557 148 27 debiteringen
423 563 50 15 vore
489 557 64 21 enkel
568 557 40 21 och
623 556 78 28 sjelfva
716 557 92 27 afgiften
823 556 19 28 ej
859 556 44 22 hel-

158 592 32 22 ler
209 591 32 22 för
261 591 52 28 hög,
336 591 25 22 sä
378 597 65 22 synes
458 591 44 28 mig
515 591 84 22 talaren
613 591 67 22 hafva
695 591 57 28 gjort
768 591 33 28 sig
816 590 88 29 skyldig

157 627 33 21 till
213 633 83 15 samma
318 626 168 27 inkonsegvens,
510 625 28 22 dä
557 625 43 22 han
620 625 67 22 likväl
703 625 97 23 förordat
815 625 42 22 den
872 626 31 21 in-

158 660 105 23 vecklade
278 659 207 29 klassindelningen.
515 661 48 21 Den
578 667 29 14 nu
621 660 124 29 föreslagne
758 661 145 28 mantalspen-

158 695 156 28 ningeafgiften
337 697 23 19 är
383 694 18 28 ej
425 695 68 21 heller
514 695 71 28 någon
601 695 230 28 förmögenhetsskaftt,
851 697 52 20 utan

157 729 68 22 hellre
246 737 26 15 en
293 729 99 29 personel
408 730 58 21 skatt
482 729 32 23 för
529 730 36 22 det
581 730 71 29 skydd
668 731 81 21 enhvar
762 731 8 21 i
785 732 71 21 staten
872 731 31 21 ät-

157 765 76 27 njuter.
263 764 142 27 Betungande
421 764 43 21 kan
481 764 125 23 densamma
621 765 19 28 ej
657 772 75 21 anses,
754 765 28 22 dä
797 765 41 22 den
854 765 49 22 icke

157 801 24 19 är
203 799 66 27 högre
292 802 28 18 än
341 798 58 23 hvad
419 805 27 15 en
464 799 53 22 frisk
533 799 39 22 och
588 799 106 22 arbetsför
708 806 79 21 person
802 800 44 21 kan
861 799 41 22 för-

157 833 60 28 tjena
236 833 7 22 i
263 833 150 28 dagspenning
428 833 52 22 eller
501 835 4 19 2
522 833 61 22 mark
598 833 33 22 för
646 834 48 22 karl
711 834 39 22 och
767 836 10 19 1
793 834 62 22 mark
870 835 33 21 för

157 868 86 28 gvinna.
273 868 43 21 Det
335 870 23 19 är
373 867 57 22 bäde
444 867 71 29 billigt
531 869 39 21 och
585 869 86 22 rättvist
686 871 31 19 att
733 876 27 15 en
775 869 54 22 frisk
844 876 58 14 men-

157 903 64 21 niska
237 909 25 15 en
279 902 44 28 dag
337 909 34 15 om
387 903 46 21 äret
447 903 86 22 arbetar
548 904 32 21 för
595 905 83 20 statens
693 904 102 28 räkning,
818 906 24 26 ty
861 904 41 21 den

157 937 135 28 förmögnare
313 936 39 22 och
372 938 71 21 säsom
462 938 37 21 det
516 937 61 22 heter
591 938 70 22 bättre
677 938 83 22 lottade
776 938 39 22 har
829 938 73 28 mäng-

156 972 83 28 faldiga
260 972 68 21 andra
348 972 87 27 utgifter
451 972 32 22 till
502 974 71 20 staten
588 972 40 21 och
642 972 97 22 befinner
754 973 34 27 sig
802 973 45 21 ofta
860 975 42 19 tör-

157 1006 73 22 hända
250 1006 7 22 i
275 1006 82 22 mindre
376 1007 43 27 god
433 1006 130 29 belägenhet
578 1009 27 20 än
621 1007 42 21 den
679 1009 57 20 emot
752 1007 151 29 dagspenning

157 1040 127 29 arbetande,
307 1041 64 21 hvars
393 1041 77 29 dyrare
490 1042 79 27 daglön
585 1042 109 22 äterfaller
709 1042 8 21 i
731 1042 54 22 sista
801 1042 58 22 hand
874 1042 28 28 pä

157 1076 52 26 den,
225 1083 46 15 som
285 1076 84 27 nödgas
380 1076 100 28 begagna
491 1077 33 27 sig
534 1077 25 21 af
566 1077 53 21 hans
631 1077 80 21 arbete.
733 1078 78 26 Nägon
822 1077 80 21 minsk-

156 1110 61 28 ning,
233 1111 72 21 såsom
320 1110 101 29 påståtts,
438 1110 39 22 har
493 1112 18 27 ej
523 1111 68 22 heller
601 1111 95 22 inträffat
710 1111 3 21 i
725 1111 27 22 de
763 1112 69 21 bättre
844 1111 57 22 klas-

157 1152 74 14 sernas
249 1144 258 30 betalningsskyldighet,
531 1146 90 21 emedan
638 1146 62 21 deras
716 1146 184 28 mantalspennin-

156 1185 39 21 gar
211 1179 70 27 jemte
303 1179 67 27 öfrige
392 1179 45 22 deri
457 1186 28 15 nu
504 1180 107 27 ingående
627 1180 87 28 afgifter
728 1180 81 28 utgjort
824 1180 76 22 hittills

156 1213 99 27 omkring
269 1214 28 20 40
309 1213 82 28 kopek,
408 1221 45 15 som
468 1221 28 15 nu
512 1217 23 19 är
550 1214 95 28 förhöjdt
659 1215 33 21 till
713 1216 6 20 2
735 1214 69 22 mark.

224 1247 157 29 Kyrkoherden
397 1248 117 22 Castrén
530 1248 59 28 ville,
607 1248 65 22 ehuru
688 1248 211 28 klassindelningen,

156 1283 29 27 på
198 1284 43 19 sätt
251 1282 42 21 den
304 1282 117 28 kejserliga
431 1283 161 27 propositionen
603 1282 120 28 föreslagit,
735 1284 74 26 syntes
820 1283 79 28 kyrko-

156 1316 81 21 herden
259 1316 136 27 lämpligare,
418 1317 67 20 likväl
507 1317 33 20 för
563 1316 41 21 den
626 1316 105 21 händelse
748 1319 32 18 att
795 1317 37 20 det
847 1318 52 25 hög-

156 1348 91 27 vördiga
265 1349 86 21 ståndet
371 1349 112 27 föredroge
503 1349 172 22 statsutskottets
697 1350 150 27 betänkande,
866 1351 34 20 för

155 1383 34 22 sin
212 1382 35 22 del
268 1382 80 23 föreslå
370 1385 31 20 att
424 1383 241 29 mantalspenningarne
687 1383 125 23 bestämdes
832 1384 33 22 till
885 1385 13 22 3
