989 1775
175 147 41 19 480

149 211 82 27 hjertas
250 210 97 23 innersta
365 208 79 21 tankar
460 207 38 21 och
514 206 95 22 känslor.
640 204 118 22 Likaledes
773 204 125 21 instämmer

146 245 41 27 jag
206 244 7 21 i
233 244 87 27 prosten
336 240 91 23 Heikels
441 240 112 28 yttrande,
577 238 72 22 såvidt
664 238 121 21 detsamma
800 236 98 23 förordar

151 278 159 26 dödsstraffets,
334 275 111 22 äfvensom
465 274 89 27 kropps-
576 272 39 21 och
635 272 163 22 skamstraffens
817 270 81 23 afskaf-

150 312 75 26 fande;
248 312 111 20 hvaremot
377 309 51 27 jag,
450 309 8 20 i
479 310 91 19 motsats
592 307 34 21 till
648 306 57 22 hvad
724 306 100 22 bemälde
840 307 60 26 prost

150 345 115 28 angående
285 343 100 22 straffens
405 342 103 21 ändamål
528 342 72 26 ordat,
624 347 64 15 anser
703 340 159 27 befrämjandet
878 339 24 21 af

150 379 155 32 brottslingens
322 377 84 27 sedliga
418 376 40 22 och
469 376 82 21 sociala
561 375 130 27 förbättring
701 377 77 25 utgöra
789 374 37 21 det
836 374 64 21 främ-

151 416 35 19 sta
207 412 49 22 och'
269 412 79 26 högsta
370 410 134 26 ändamålet,
528 416 46 15 som
590 408 235 28 strafflagstiftningen,
841 408 7 21 i
864 408 36 21 be-

151 446 146 25 stämmaridet
312 444 40 22 och
367 444 122 22 ordnandet
504 443 25 22 af
541 442 100 23 straffens
656 445 34 19 art
706 442 40 22 och
758 442 63 28 mått,
833 442 66 22 borde

152 481 82 22 sträfva
249 480 33 22 till
297 481 32 19 att
345 478 77 28 uppnå.
454 478 42 21 Det
512 480 23 18 är
549 478 41 21 ock
601 476 42 22 den
654 476 94 28 syndiga
758 476 142 22 menniskans

152 515 104 27 bättring,
273 520 45 16 som
334 513 78 27 sjelfva
428 512 41 21 den
485 512 126 27 gudomliga
625 511 106 21 kärleken
743 511 40 21 och
793 511 106 21 rättvisan

152 550 83 28 åsyftar
254 548 50 27 med
325 547 27 21 de
370 547 71 21 henne
462 546 141 22 tillskickade
619 545 83 28 timliga
718 546 69 27 straff,
811 545 89 21 hvarom

153 584 37 21 det
209 584 7 21 i
232 578 91 27 skriften
339 581 68 22 heter:
431 580 63 22 Hvar
508 580 19 22 J
539 588 30 13 nu
585 579 55 22 liden
656 588 66 20 agan,
740 582 26 20 så
781 580 74 29 bjuder
870 580 31 29 sig

154 618 51 21 Gud
218 617 37 21 till:
265 617 53 26 eder,
341 618 68 19 såsom
425 615 32 20 till
472 615 59 20 barn.
561 614 37 21 AN
612 621 42 21 aga
669 621 61 21 synes
745 622 29 13 nu
788 614 44 21 icke
846 622 55 13 vara

153 652 33 21 till
203 651 72 28 fröjd,
298 653 53 18 utan
374 649 32 21 till
427 651 80 26 ångest,
530 656 47 13 men
596 648 64 21 sedan
676 648 128 28 vedergäller
819 648 42 21 han
876 656 25 13 en

149 686 95 28 fridsam
254 683 190 29 'rättfärdighetens
458 683 66 28 frukt
542 683 55 25 dem,
620 689 44 14 som
679 683 69 20 deruti
763 682 78 28 öfvade
856 685 44 18 äro.

154 719 46 23 Och
221 724 46 24 som
289 718 37 21 det
345 717 7 21 i
372 717 42 21 den
434 717 82 27 nådiga
536 715 161 29 propositionen
718 715 125 29 föreslagna
858 723 44 21 nya

153 752 178 29 straffsystemet,
353 751 83 22 hvilket
452 754 38 25 gör
506 758 26 15 en
548 750 108 27 rättvislig
672 751 120 28 skärpning
807 751 39 22 och
863 751 39 21 lin-

154 788 64 27 dring
239 787 25 23 af
284 787 42 20 den
344 788 57 27 yttre
419 785 103 22 frihetens
538 785 77 22 förlust
628 785 34 21 till
677 787 31 19 ett
724 785 54 22 efter
794 785 108 22 brottslin-

155 829 53 21 gens
223 820 99 24 tillstånd
337 820 137 21 modifieradt
489 820 95 21 substrat
599 819 33 22 för
647 819 55 22 hans
715 819 100 28 kristliga
826 819 76 22 under-

154 856 88 27 visning
254 855 50 21 och
327 855 74 26 öfning
420 855 7 20 i
448 854 83 24 arbete,
555 853 93 22 sålunda
663 853 201 28 omisskänneligen
880 856 23 19 är

154 890 82 28 rigtadt
251 889 33 23 till
299 889 142 21 förenämnda
456 888 58 28 höga
529 889 113 27 ändamål,
658 888 25 21 så
698 895 65 22 synes
775 888 47 28 just
832 889 71 21 häruti

155 926 104 27 systemet
275 926 51 24 äga,
342 930 24 14 ur
381 923 105 21 teoretisk
501 922 119 29 synpunkt,
642 923 37 21 sitt
694 923 124 27 egenteliga
833 924 70 20 berät-

155 958 100 28 tigande,
278 957 87 21 hvartill
388 957 102 27 kommer,
514 959 32 19 att
560 957 8 21 i
582 956 27 22 de
628 956 82 28 länder,
734 957 39 21 der
788 956 117 22 enahanda

155 992 143 28 straffsystem
311 991 67 21 redan
393 991 7 21 i
415 991 75 27 längre
506 990 32 22 tid
552 990 56 22 varit
618 990 90 28 utfördt,
720 991 122 22 detsamma
848 992 56 27 jem-

155 1026 36 22 väl
206 1025 75 26 vunhit
296 1025 33 21 för
344 1025 33 27 sig
393 1024 161 22 erfarenhetens
569 1024 58 28 goda
642 1025 89 21 vitsord.

223 1060 91 21 Prosten
329 1059 70 21 Julius
414 1060 60 20 Imm.
488 1059 72 27 Bergh
574 1060 40 20 har
629 1058 74 22 ibland
719 1059 27 21 de
762 1059 68 22 under
845 1059 59 22 med-

155 1094 110 28 borgerlig
279 1093 136 27 lagstiftning
428 1093 101 21 hörande
540 1093 101 22 straffens
656 1093 103 21 ändamål
774 1093 62 22 äfven
852 1100 51 22 upp-

155 1128 62 28 gifvit
235 1128 93 21 brottets
345 1127 121 28 försoning,
482 1127 39 22 och
538 1128 67 27 derpå
620 1128 93 26 grundat
729 1128 37 20 sitt
781 1128 122 28 påstående

156 1170 35 14 om
209 1161 163 28 bibehållandet
391 1160 25 22 af
428 1161 148 28 dödsstraffet,
591 1162 71 20 såsom
679 1162 92 21 stående
785 1162 7 21 i
809 1162 95 27 adeqvat

155 1195 136 23 förhållande
310 1195 33 21 till
359 1195 26 21 de
400 1195 76 27 grofva
491 1195 178 28 missgerningar,
685 1196 83 27 hvarpå
784 1196 120 21 detsamma

155 1229 89 22 hitintill
253 1229 125 26 tillämpats.
402 1229 41 20 Till
452 1229 176 27 vederläggande
636 1229 64 21 häraf
706 1229 33 21 fär
742 1229 42 27 jag
792 1230 112 27 anmärka,

157 1265 32 20 att
205 1265 52 33 enär
272 1263 79 20 brottet
366 1262 117 21 innefattar
498 1269 26 16 en
538 1263 156 21 öfverträdelse
709 1263 50 21 icke
774 1263 94 21 allenast
884 1263 24 21 af

157 1296 126 26 samhällets
303 1296 46 27 lag,
373 1298 51 19 utan
445 1297 42 20 ock
507 1296 24 22 af
553 1296 60 22 Guds
632 1296 83 28 heliga,
739 1297 59 27 evigt
820 1297 84 21 oförän-

157 1329 84 27 derliga
253 1324 70 31 ivilja,
344 1329 24 20 sä
385 1329 40 21 bör
440 1329 37 21 det
492 1336 52 14 vara
558 1329 88 28 tydligt,
663 1332 31 19 att
710 1330 71 26 någon
797 1330 109 27 mensklig

157 1362 138 27 lagstiftning
315 1361 50 22 icke
384 1362 80 21 förmår
483 1363 95 28 påbjuda
599 1363 79 21 sådant
697 1363 71 28 straff,
788 1370 45 15 som
850 1363 56 22 inför

158 1397 50 21 Gud
227 1391 40 26 och
287 1396 7 21 i
314 1396 155 27 brottslingens
485 1399 50 25 eget
550 1397 144 22 medvetande
710 1397 72 22 kunde
798 1398 60 27 gälla
872 1399 34 20 så-

157 1437 47 15 som
223 1430 203 28 försoningsmedel,
444 1431 18 26 ej
480 1431 68 22 heller
562 1431 102 22 behöfver
679 1432 67 27 något
760 1432 78 22 sådant
854 1433 50 21 stäl-
