989 1753
770 129 37 24 191

163 198 90 22 Hvilket
268 197 39 22 allt
323 197 32 22 till
369 197 130 29 protokollet
515 197 154 22 antecknades.

161 267 121 27 Föredrogs
293 267 32 21 till
336 267 73 21 vidare
421 267 132 27 behandling
561 269 156 19 sammansatta
725 269 63 19 stats-
796 267 40 21 och

95 301 248 27 bevillningsutskottets
359 301 138 21 betänkande
515 301 6 20 i
542 301 117 26 anledning
674 301 25 20 af
710 301 60 20 Hans
786 301 51 26 Kej-

95 335 80 27 serliga
189 335 112 27 Majestäts
317 335 81 27 nädiga
412 335 132 27 proposition
559 341 35 14 n:o
609 335 33 25 30,
658 341 34 14 om
707 335 93 21 revision
816 334 24 21 af

93 369 182 27 författningarne
291 369 113 27 angäende
420 368 260 28 kartasigillataafgiften,
697 368 76 22 dervid

161 404 125 21 Professorn
306 404 118 26 Geitlin,
445 410 46 15 som
505 404 54 21 först
575 403 66 22 erhöll
655 404 69 27 ordet,
740 403 96 28 yttrade:

95 438 72 23 Sedan
189 438 134 28 högvördiga
347 438 86 22 ständet
451 438 36 21 vid
505 440 87 20 senaste
607 438 86 28 plenum
708 440 77 20 nästan
802 445 36 14 en-

93 473 78 27 hälligt
191 473 113 27 godkännt
319 473 44 21 alla
379 473 26 21 de
421 473 25 21 af
459 474 155 20 sammansatta
628 474 63 20 stats-
708 472 39 22 och
764 473 74 21 bevill-

93 508 170 27 ningsutskottet
284 508 7 21 i
314 508 76 27 början
412 508 25 21 af
457 507 48 23 dess
525 507 139 22 betänkande
683 508 59 21 öfver
757 507 81 27 nädiga

93 543 161 29 propositionen
277 549 34 15 om
333 542 252 28 kartasigillataafgiften
606 542 98 22 uttalade
723 542 113 28 principer,

93 578 111 22 äfvensom
219 578 44 21 alla
279 577 27 21 de
322 577 55 21 ifrän
393 576 41 22 den
449 576 80 28 nädiga
544 576 161 29 propositionen
720 576 117 23 afvikande

93 612 109 23 särskilda
220 612 237 28 detaljbestämningar,
480 611 73 22 hvilka
569 612 13 20 ä
597 611 55 22 sidd.
668 612 13 20 3
697 611 39 21 och
752 614 13 18 4
780 611 7 21 i
802 612 36 21 be-

93 647 121 22 tänkandet
233 650 37 19 äro
285 649 121 26 upptagna,
430 647 24 21 sä
469 649 29 26 är,
515 646 67 28 enligt
596 646 43 21 min
655 646 65 28 äsigt,
744 653 27 15 en
786 653 52 21 nog-

93 689 68 21 grann
178 681 134 28 granskning
327 681 25 22 af
364 681 115 22 utskottets
494 681 115 27 vidlyftiga
623 681 139 22 betänkande
777 681 60 28 kapi-

93 716 30 22 tel
138 717 33 21 för
185 716 92 28 kapitel,
293 716 105 28 paragraf
409 716 33 22 för
456 715 104 29 paragraf
573 716 39 21 och
626 718 49 25 post
689 715 33 21 för
731 717 58 27 post,
800 722 38 15 nu-

92 759 59 14 mera
166 751 133 27 öfverflödig.
329 751 33 27 Ty
378 751 28 21 dä
420 751 135 28 principerna
571 750 39 22 och
626 750 43 22 alla
684 750 47 22 från
742 751 95 27 proposi-

94 786 73 22 tionen
189 786 117 22 afvikande
329 786 231 28 detaljbestämningar
579 784 67 23 redan
662 785 25 21 af
699 785 87 21 ståndet
801 787 36 20 äro

93 821 91 27 gillade,
206 824 24 18 är
245 820 42 22 den
303 820 116 28 sjelffallna
433 820 82 28 följden
529 820 72 28 häraf,
619 822 31 20 att
665 820 64 22 äfven
743 820 94 22 utföran-

94 855 37 22 det
146 856 25 21 af
183 855 64 23 dessa
262 855 107 29 principer
384 856 69 20 måste
467 855 136 28 godkännas.

160 890 45 22 Här
225 890 84 22 afbröts
329 890 84 22 talaren
433 897 76 20 genom
528 890 128 22 ankomsten
671 890 26 21 af
708 897 26 15 en
750 889 88 28 deputa-

93 925 46 21 tion
153 924 48 22 frän
215 924 110 28 vällofliga
339 924 187 28 borgareständet,
547 924 76 22 anförd
639 924 24 21 af
675 924 163 28 borgmästaren

93 960 138 28 Tengström,
247 966 46 15 som
308 959 148 27 tillkännagaf
468 961 31 19 att
513 958 180 28 borgareständet
707 961 51 19 utan
768 958 70 22 vilkor

93 994 86 28 antagit
201 994 81 28 nädiga
304 994 160 28 propositionen
487 1001 34 15 om
539 994 86 28 garanti
642 993 33 22 för
688 993 149 29 hypoteksför-

94 1029 105 27 eningens
214 1029 43 21 län.

163 1063 73 22 Sedan
259 1063 154 28 deputationen
436 1062 88 29 afträdt,
547 1063 98 22 fortsatte
662 1063 122 28 professorn
802 1063 36 22 sitt

94 1098 141 28 andragande
250 1098 103 22 sälunda:

163 1133 74 22 Skulle
259 1133 95 22 deremot
373 1133 113 22 resultatet
503 1132 25 22 af
540 1131 134 29 högvördiga
689 1131 97 23 ständets
802 1131 36 22 de-

93 1166 176 29 taljoranskning
283 1168 8 21 i
307 1169 30 20 ett
357 1168 52 21 eller
428 1169 65 20 annat
508 1167 103 22 afseende
626 1167 77 22 utfalla
719 1167 118 27 ogillande,

94 1203 25 21 sä
138 1203 69 20 måste
227 1204 31 19 ett
278 1201 25 22 af
320 1202 65 21 dessa
401 1203 36 20 två
452 1202 95 27 inträffa,
564 1202 109 27 antingen
689 1203 30 19 att
733 1201 106 22 utskottet

93 1236 92 21 handlat
205 1239 56 18 emot
280 1236 27 21 de
321 1236 113 28 principer,
458 1236 36 22 det
508 1236 59 28 sjelft
582 1236 113 27 uppställt,
716 1235 84 22 hvilket
816 1237 23 20 är

93 1270 51 28 föga
159 1270 112 29 tänkbart,
288 1270 53 22 eller
355 1273 32 18 att
402 1270 87 22 ständet
503 1270 70 22 skulle
588 1270 85 21 besluta
687 1269 32 22 till
731 1268 107 29 ätgärder,

95 1305 111 22 stridande
222 1307 57 20 emot
294 1305 27 22 de
337 1305 24 21 af
374 1304 119 23 detsamma
503 1305 118 28 godkända
631 1304 113 28 principer,
757 1304 82 21 hvilket

94 1341 25 20 är
137 1338 104 29 omöjligt.
272 1339 39 22 Om
327 1339 32 22 för
374 1339 74 28 hvarje
465 1339 102 22 särskildt
582 1339 39 21 fall
636 1338 86 23 ständet
736 1339 23 20 in
774 1338 64 28 pleno

94 1379 28 15 nu
138 1375 143 25 genomginge
296 1374 114 21 kartornas
423 1375 124 25 föreslagna
557 1374 60 21 valör
627 1373 7 21 i
645 1373 61 21 mark
717 1373 39 21 och
766 1373 72 27 penni,

94 1407 69 22 mäste
180 1407 78 22 sädant
272 1407 51 22 leda
338 1406 32 22 till
387 1415 26 14 en
428 1407 50 22 med
492 1407 125 21 nuvarande
627 1406 150 23 förhällanden
788 1405 52 28 föga

95 1440 234 24 Ofverensstämmande
345 1440 131 29 tidsutdrägt
491 1441 40 22 och
545 1440 144 29 vidlyftighet.
712 1440 10 21 I
733 1440 105 23 samman-
