989 1820
764 132 40 25 381

157 194 67 27 Detta
239 194 82 33 förslag
333 199 130 32 godkändes
479 199 24 22 af
515 198 86 23 ståndet
617 199 112 29 enhälligt,
746 200 40 22 och
796 201 34 21 be-

90 232 53 22 slöts
164 235 32 19 att
216 233 75 22 orden:
316 234 41 25 ,Ar
377 233 215 22 kommunalstämma
611 236 67 19 utsatt
697 235 33 20 till
746 235 44 27 dag
803 235 29 20 dä

89 266 123 28 gudstjenst
233 267 79 28 hålles,
334 267 38 22 bör
391 267 144 28 kungörelsen
555 268 42 21 den
617 268 71 27 dagen
708 269 56 28 ånyo
780 275 51 21 upp-

89 301 72 21 läsas"
179 301 69 21 skulle
264 308 25 15 ur
303 303 13 25 $
333 302 25 20 17
374 302 52 26 utgå
441 301 39 22 och
496 302 77 27 tillägg
588 308 34 15 om
637 302 143 27 nyssberörde
790 303 41 20 för-

90 335 53 28 bud,
159 335 82 22 hvilket
256 335 134 22 beträffande
407 336 106 21 ordinarie
527 335 217 22 kommunalstämma
760 337 18 27 ej
793 343 39 15 var

90 369 113 28 behöfligt,
219 372 52 19 enär
287 369 68 22 sådan
371 372 91 20 stämma
477 370 66 28 enligt
559 372 12 25 8
587 371 26 20 18
629 370 77 22 endast
718 371 57 27 finge
786 371 44 21 hål-

89 404 34 21 las
143 405 14 20 å
175 404 134 27 söcknedag,
333 405 36 21 vid
389 406 13 25 $
424 405 24 21 19
469 404 133 23 beträffande
623 407 61 19 extra
698 405 133 22 kommunal-

90 441 92 19 stämma
197 439 64 21 afses.

156 473 119 27 Angående
291 474 12 26 $
320 474 25 21 18
361 474 86 28 yttrade
461 474 34 28 sig

156 508 91 21 Prosten
261 508 129 28 Alopzxcus:
404 509 37 21 Att
456 508 88 28 stadga,
561 509 70 21 såsom
646 509 7 21 i
669 510 12 25 $
698 510 25 20 18
739 512 24 18 är
776 509 54 22 före-

89 542 78 28 slaget,
185 542 36 22 det
237 542 107 22 ordinarie
359 543 216 21 kommunalstämma
590 543 57 22 skall
662 543 7 21 i
684 544 44 21 alla
739 544 60 21 delar
810 544 24 21 af

89 576 74 22 landet
178 576 71 22 hållas
264 577 57 21 inom
337 584 82 15 samma
434 578 88 27 månad,
538 584 63 15 anser
612 577 44 28 jag,
668 577 49 22 med
727 578 103 21 afseende

89 612 13 21 å
121 612 26 20 de
169 614 57 19 stora
247 612 133 22 olikheterne
397 612 7 20 i
422 613 47 21 vårt
483 612 61 27 land,
560 618 53 15 vara
627 612 82 22 mindre
725 613 105 27 lämpligt.

88 646 10 21 I
114 646 121 27 september
250 648 14 20 t.
281 652 33 16 ex.
331 649 23 19 är
365 646 36 22 det
411 646 8 22 i
429 646 27 22 de
466 646 99 28 nordliga
575 645 179 29 församlingarne
765 647 65 27 omöj-

87 681 41 28 ligt
143 683 32 20 att
189 681 73 22 kunna
278 688 37 15 ens
331 681 148 28 ungefärligen
494 682 29 27 på
535 681 92 22 förhand
640 682 120 21 bestämma
770 682 60 21 kom-

88 722 89 15 munens
197 715 72 28 utgift-
285 715 40 22 och
340 716 145 22 inkomststat.
514 717 77 20 Denna
605 716 42 21 blir
662 716 28 21 då
705 717 25 21 så
744 717 84 27 osäker,

88 752 32 20 att
135 750 42 22 den
193 750 86 22 ändock
295 757 75 15 senare
385 751 69 21 måste
470 753 63 24 göras
549 757 42 22 om,
614 751 71 21 såsom
703 751 125 27 landtdags-

88 792 93 15 mannen
196 785 100 28 Hagman
311 785 75 28 riktigt
402 785 105 22 anmärkt.
537 785 126 28 Isynnerhet
678 785 74 21 kunna
767 785 63 28 utgif-

88 821 60 20 terne
164 819 32 22 för
211 819 145 27 fattigvården
372 819 70 22 sällan
457 819 25 22 så
497 819 63 27 tidigt
575 819 49 21 med
640 819 134 27 någorlunda
788 819 41 21 till-

87 853 126 28 förlitlighet
228 854 116 21 beräknas.
375 853 39 22 Om
430 854 43 21 viss
489 853 79 21 månad
583 853 57 22 skall
655 855 102 25 utsättas,
775 853 54 22 före-

87 888 44 21 slår
149 888 41 27 jag
213 890 31 19 att
264 888 7 21 i
291 888 63 21 ställe
373 887 33 22 för
424 887 126 28 september,
567 887 128 22 åtminstone
710 887 35 22 må
761 889 68 20 sättas

88 922 91 21 oktober
194 921 85 22 månad.

155 956 90 22 Prosten
260 956 19 22 J.
295 956 24 21 F.
335 956 92 27 Bergh:
443 955 82 22 Härvid
538 955 104 28 förtjenar
652 955 177 28 landtdagsman-

87 998 42 14 nen
144 991 111 27 Hagmans
271 990 133 22 reservation
419 990 29 22 all
463 990 76 28 möjlig
554 990 195 28 uppmärksamhet.
771 990 58 22 Kan-

87 1026 40 22 ske
142 1032 51 15 vore
209 1025 36 21 det
262 1025 56 21 dock
333 1025 49 21 bäst
398 1024 39 22 och
453 1024 207 28 ändamålsenligast
675 1026 32 20 att
721 1024 45 22 låta
777 1024 51 22 tids-

87 1060 190 27 bestämningarne
295 1059 49 21 bero
360 1059 25 21 af
397 1060 164 21 kommunernes
576 1065 54 21 egen
645 1059 106 28 pröfning.

155 1094 141 27 Vieepastorn
315 1100 51 15 von
385 1094 99 21 Essen:
506 1087 69 28 Äfven
591 1092 41 28 jag
646 1100 63 14 anser
723 1093 59 21 tiden
796 1092 33 22 för

87 1129 28 21 de
135 1128 107 22 ordinarie
262 1128 255 22 kommunalstämmorna
537 1128 100 27 skäligen
651 1128 74 21 kunna
740 1127 22 21 få
777 1128 51 20 bero

88 1164 28 27 på
131 1164 166 20 kommunernas
313 1164 49 25 eget
377 1162 168 22 bestämmande.
575 1162 33 21 En
618 1162 53 21 hvar
681 1162 101 21 kommun
794 1164 35 18 vet

87 1198 49 21 bäst
151 1196 52 28 sjelf
215 1199 39 19 när
269 1196 60 22 tiden
343 1196 32 22 för
390 1196 65 22 dessa
469 1199 112 19 stämmors
597 1196 102 21 hållande
711 1198 24 19 är
744 1195 84 28 lämpli-

88 1234 58 26 gast,
163 1231 40 22 och
219 1233 30 19 ett
264 1231 90 21 allmänt
368 1231 73 27 påbud
456 1231 8 21 i
479 1231 60 21 detta
554 1230 102 22 afseende
667 1230 88 21 smakar
766 1230 23 21 af
797 1230 31 21 för

86 1266 112 22 minutiöst
212 1265 206 27 reglementerande.
448 1266 43 26 Jag
505 1266 104 26 åberopar
625 1265 106 27 exemplet
741 1264 26 22 af
775 1265 53 21 1852

87 1302 34 20 års
137 1300 199 27 fattigförordning,
353 1300 46 21 deri
414 1300 36 21 det
465 1303 24 18 är
501 1299 96 22 lemnadt
613 1299 154 21 kommunerna
784 1298 44 22 fritt

87 1337 32 19 att
135 1334 78 28 sjelfva
227 1334 120 22 bestämma
361 1341 34 15 om
410 1334 59 22 tiden
484 1333 32 23 för
529 1334 147 21 direktionens
687 1334 141 21 årssamman-

87 1369 86 27 träden,
188 1369 8 20 i
211 1369 54 27 följd
280 1368 25 21 af
317 1368 88 22 hvilken
420 1368 63 21 frihet
499 1369 72 27 praxis
586 1368 55 21 varit
657 1368 58 21 olika
729 1367 29 28 på
769 1367 59 21 olika

87 1407 62 25 orter,
166 1406 51 19 utan
233 1405 32 19 att
278 1403 67 26 något
360 1409 48 15 men
424 1403 63 21 deraf
499 1403 109 28 försports.
