989 1686
161 134 43 22 392

133 200 40 20 allt
195 205 78 21 genom
295 197 316 26 valbarhetsbestämningarna
632 197 7 21 i
660 198 13 25 &
692 197 34 27 43,
742 195 38 22 der
795 195 87 22 hänvis-

133 232 54 27 ning
200 233 70 21 finnes
281 232 84 28 jemväl
380 232 33 21 till
428 232 13 26 $
458 232 32 25 13,
507 238 45 14 som
568 230 147 29 uttryckligen
730 230 56 22 talar
802 237 35 15 om
847 236 37 16 en-

135 266 49 22 dast
199 266 95 29 manliga
308 266 146 27 medlemmar,
475 265 108 28 klarligen
598 266 70 21 måste
683 265 94 28 framgå,
798 267 32 19 att
844 264 41 21 här

134 301 19 27 ej
171 301 44 21 kan
230 307 55 15 vara
298 300 63 27 fråga
376 307 34 14 om
426 300 96 27 gvinnor.
557 300 88 21 Funnes
661 299 67 22 också
742 299 143 28 ingenstädes

135 334 65 27 sagdt
221 334 98 22 hvarken
342 341 34 14 om
397 333 263 28 kommunalfullmäktige
679 333 53 22 eller
750 333 135 21 kommunal-

135 369 92 26 nämnd,
242 370 32 19 att
289 368 28 21 de
332 368 53 21 böra
400 368 70 27 väljas
486 367 66 22 bland
566 368 142 21 kommunens
719 367 96 28 manliga
825 367 61 21 leda-

135 405 75 24 möter,
233 402 77 21 trodde
333 403 84 20 talaren
438 402 79 27 likväl,
538 404 33 19 att
586 402 36 21 det
636 401 69 22 sunda
719 403 68 20 vettet
802 401 40 22 hos
858 401 27 22 de

135 435 103 29 väljande
261 443 44 20 nog
327 436 70 21 skulle
416 437 121 21 bestämma
552 436 60 21 valet
628 437 33 26 sä,
678 438 32 19 att
725 436 65 27 ingen
805 435 81 28 gvinna

136 470 86 21 komme
237 472 32 19 att
284 471 59 27 ingä,
355 470 98 22 hvarken
468 470 68 21 bland
551 470 136 27 fullmäktige
704 470 52 21 eller
770 469 117 22 nämnden.

204 505 63 27 Uppä
283 504 24 21 af
319 505 49 20 herr
382 505 140 21 talemannen
536 504 55 21 härä
606 504 122 21 framställd
741 504 145 27 proposition,

137 538 129 27 godkändes
285 540 13 25 &
318 539 26 21 41
365 538 131 22 oförändrad
518 538 68 27 enligt
605 538 117 21 utskottets
739 537 147 23 betänkande.

203 572 12 20 I
230 571 62 28 fråga
307 579 34 14 om
356 573 13 26 8
384 573 26 20 42
426 571 88 29 yttrade

205 606 142 28 Vicepastorn
367 613 51 15 von
438 606 102 22 Essen:
562 607 78 20 Denna
656 607 12 26 8
684 607 97 27 stadgar,
802 609 32 18 att
849 613 38 20 gu-

137 643 84 24 vernör,
237 640 169 28 domhafvande,
422 640 146 28 kronofogde,
578 641 179 27 kronolänsman,
769 640 118 22 folkskole-

137 674 71 21 lärare
223 674 40 21 och
279 681 72 14 annan
367 674 25 21 af
403 674 130 22 kommunen
548 675 77 21 tillsatt
637 675 53 20 eller
700 674 87 22 aflönad
798 674 90 28 tjenste-

138 715 50 14 man
204 708 49 21 icke
273 711 38 18 äro
331 705 114 31 valbara,"
451 709 91 20 hvarken
563 709 34 20 till
612 709 140 27 ordförande,
769 709 119 22 viceordfö-

138 743 78 27 rande,
232 743 96 21 ledamot
343 743 53 21 eller
410 743 115 27 suppleant
541 743 5 21 i
557 743 245 28 kommunalnämnden,
815 743 73 22 äfven-

139 783 45 14 som
201 779 31 19 att
248 777 68 21 andra
331 777 57 21 inom
404 777 129 21 kommunen
549 777 85 22 bosatte
645 777 92 22 embets-
749 777 39 21 och
799 778 89 28 tjenste-

138 813 50 19 män
211 811 49 21 icke
282 811 74 22 kunna
378 811 93 28 äläggas
494 814 31 19 att
545 811 70 22 sädan
633 811 123 28 befattning
771 814 117 25 emottaga.

137 844 46 21 Allt
199 844 60 22 detta
274 846 44 20 kan
334 845 64 22 hafva
414 845 49 22 skäl
478 845 33 22 för
526 846 41 27 sig.
596 846 49 21 Men
660 846 76 22 hvilka
750 848 37 19 äro
804 846 28 22 dä
842 846 46 22 val-

138 878 54 22 bara
208 879 40 21 och
263 879 103 28 skyldiga
382 881 32 20 att
428 882 98 25 mottaga
536 882 15 19 t.
563 886 33 16 ex.
611 880 277 28 orförandebefattningen,

138 912 89 22 hvilken
242 914 67 27 enligt
325 915 13 26 S
353 915 27 20 49
396 914 108 22 erfordrar
519 922 27 14 en
560 922 48 14 man
625 915 50 21 med
690 915 91 27 insigter
796 915 40 22 och
846 915 43 21 för-

138 948 81 26 måga?
238 948 183 28 Folkbildningen
438 948 38 22 hos
492 956 35 14 oss
543 949 91 21 innehar
648 949 20 27 ej
685 949 43 21 den
744 949 144 29 ståndpunkt,

139 984 32 18 att
186 989 49 14 man
246 982 8 21 i
264 982 80 27 många
354 983 127 21 kommuner
491 986 57 18 ännu
559 984 43 20 kan
614 984 92 27 påträffa
717 983 93 22 sålunda
821 984 68 26 gvali-

138 1015 95 21 ficerade
247 1018 49 25 män
311 1016 68 21 bland
394 1017 116 27 allmogen.
539 1011 99 28 Återstår
653 1017 29 21 då
697 1018 103 27 möjligen
816 1018 73 27 någon

139 1049 58 21 inom
212 1050 130 21 kommunen
358 1051 72 21 bosatt
445 1051 155 27 possessionat.
628 1051 50 21 Men
693 1051 7 21 i
716 1051 28 22 de
754 1051 64 22 flesta
828 1052 61 21 kom-

139 1089 75 14 muner
236 1083 71 22 finnas
326 1083 50 22 icke
397 1091 38 14 ens
455 1085 91 21 sådana.
575 1084 115 22 Hvarifrån
707 1085 28 21 då
750 1088 52 24 taga
818 1085 70 22 ordfö-

139 1116 82 21 rande?
250 1117 45 27 Mig
316 1124 65 21 synes
405 1124 45 14 som
470 1119 79 27 måste,
566 1119 130 20 åtminstone
712 1119 120 21 tillsvidare
848 1119 41 21 och

139 1150 108 21 intilldess
266 1150 127 28 bildningen
413 1150 67 22 bland
495 1152 69 21 folket
578 1152 77 21 hunnit
671 1154 31 19 ett
717 1152 108 28 betydligt
840 1155 49 25 steg

139 1183 87 28 framåt,
250 1184 105 27 antingen
370 1184 72 22 denna
458 1186 14 26 $
485 1186 89 27 ändras,
594 1186 52 20 eller
665 1186 41 21 ock
723 1187 12 26 $
751 1187 33 27 49,
800 1186 88 22 hvarom

135 1216 42 27 jag
192 1217 61 21 utber
268 1218 45 26 mig
328 1220 32 18 att
374 1218 8 20 i
398 1219 68 21 sinom
482 1220 31 20 tid
528 1220 23 20 få
565 1222 59 25 yttra
640 1220 50 26 mig.

135 1248 3 2 |
206 1251 90 21 Prosten
319 1252 129 26 Alopeus
470 1252 108 21 instämde
597 1253 7 19 i
620 1252 103 22 afseende
740 1254 13 20 å
768 1254 13 25 &
796 1254 27 20 42
839 1254 50 21 med

140 1284 136 27 vicepastorn
291 1291 42 15 von
349 1285 79 27 Essen,
446 1292 50 14 men
511 1286 99 21 önskade
626 1286 32 21 till
674 1286 178 22 förekommande
868 1287 25 22 af

139 1317 151 22 missförstånd
306 1320 31 19 att
353 1318 65 22 bland
435 1320 27 20 de
477 1320 7 20 i
501 1320 72 21 denna
591 1321 13 26 $
622 1321 143 27 uppräknade
781 1322 49 21 icke
844 1323 44 20 val-

140 1352 52 21 bare
207 1352 131 27 tjenstemän
354 1353 63 21 äfven
433 1354 67 21 borde
514 1356 92 20 nämnas
621 1357 90 25 prester.

206 1386 78 22 Denna
300 1387 136 28 bestämning
452 1388 80 27 ansågs
548 1388 24 21 af
583 1389 79 27 många
672 1390 109 27 klarligen
792 1397 24 15 ur
826 1398 63 20 para-

140 1420 74 27 grafen
231 1420 89 28 framgå.
