995 1795
187 145 26 22 66

161 209 40 22 och
217 207 193 28 skolinrättningar
424 204 139 23 oberäknade
579 218 25 3 —
619 204 92 23 medelst
722 205 47 22 sina
780 203 128 30 hyresafgif-

160 245 33 20 ter
213 242 39 22 och
270 241 68 28 priset
353 240 32 23 för
401 241 47 21 sina
463 239 154 22 lefnadsbehof
632 241 37 20 äro
685 239 32 21 till
734 239 26 22 de
776 241 79 20 tvenne
869 239 41 20 för-

161 280 34 19 sta
211 276 159 22 folkklasserne
386 274 123 22 skattande.
539 273 79 22 Vidare
634 273 135 22 förekomma
780 273 82 28 jemväl
879 275 31 19 ut-

161 312 70 27 gifter,
247 311 72 21 såsom
335 309 131 28 exempelvis
482 308 32 22 för
525 308 114 27 muddring
649 307 25 22 af
682 307 106 29 segelled,
800 307 58 22 börs-
871 306 40 23 och

160 344 236 29 telegrafinrättningar
411 351 27 14 m.
454 350 33 21 m.,
503 341 74 23 hvilka
587 342 100 22 hitintills
698 343 49 21 icke
758 342 64 27 varit,
834 342 19 27 ej
865 341 45 22 hel-

161 382 32 20 ler
207 379 94 22 härefter
316 378 135 28 rättvisligen
468 377 61 22 torde
545 377 73 22 kunna
631 379 74 26 göras,
716 377 96 21 hvarken
824 376 33 23 för
867 376 44 21 alla

162 415 138 27 folkklasser,
324 413 52 22 eller
398 412 33 23 för
449 413 72 27 någon
545 411 23 22 af
585 411 49 22 dem
654 411 6 21 i
677 411 33 23 sin
724 411 84 28 helhet,
824 418 87 21 gemen-

163 456 70 20 sama,
249 450 51 20 utan
317 447 83 22 drabba
416 447 77 22 endast
509 446 26 21 de
552 446 163 28 korporationer
731 446 53 21 eller
794 446 116 27 individer,

163 491 45 14 som
224 483 32 21 för
272 483 32 21 sin
321 488 55 21 egen
390 481 69 22 fördel
473 481 53 27 vilja
542 481 56 21 slika
614 480 88 27 utgifter
718 480 33 27 sig
767 481 72 27 åtaga.

231 517 30 21 Af
279 517 39 21 allt
338 515 60 22 detta
417 522 74 22 synes,
509 517 32 19 att
556 515 35 21 vid
607 515 151 27 uppgörandet
772 515 25 21 af
808 522 28 21 ny
852 515 59 21 kom-

163 550 201 27 munalförfattning
378 549 34 22 för
427 549 100 22 städerne
544 549 25 21 de
585 556 28 14 nu
629 549 119 22 bestående
760 549 151 28 stadgandena

165 594 34 14 om
214 585 153 28 utskyldernas
383 584 122 27 fördelning
520 583 119 28 ingalunda
653 584 54 21 böra
722 584 82 21 lemnas
818 586 52 19 utan
881 583 30 21 af-

164 620 91 28 seende,
278 622 28 19 än
328 619 83 21 mindre
433 621 64 24 göras
517 617 108 22 beroende
641 618 24 21 af
677 618 168 22 kommunernas
860 619 51 25 möj-

164 654 73 28 ligtvis
252 655 29 27 på
296 659 92 21 omogna
403 652 218 28 likställighetsidéer
635 652 112 28 grundade
762 652 117 29 godtycke.

232 687 9 23 I
256 686 114 29 händelse,
388 687 67 27 enligt
467 687 116 21 utskottets
593 686 92 29 förslag,
697 694 27 14 en
735 687 81 22 komité
826 687 86 21 komme

164 725 32 20 att
218 723 114 21 nedsättas
354 722 32 21 till
407 721 165 27 ifrågavarande
591 721 264 28 kommunalförfattnings
870 720 41 22 för-

164 754 124 25 beredande
304 755 147 28 utarbetning,
467 755 61 22 torde
545 755 49 21 dess
609 755 164 27 förhandlingar
786 755 125 28 betydligen

164 791 144 26 underlättas,
329 790 46 21 ifall
394 789 127 22 densamma
540 789 56 21 hade
611 790 32 21 för
659 790 33 27 sig
707 790 139 27 tillgängliga
861 796 51 21 nog-

165 832 83 20 granna
262 824 108 28 uppgifter
385 823 54 22 ifrån
455 823 86 22 landets
557 823 74 22 städer
646 825 13 20 å
675 823 27 22 de
716 823 123 28 derstädes,
851 824 60 21 såväl

166 860 67 27 enligt
249 859 79 21 allmän
344 858 46 27 lag,
406 864 45 15 som
468 858 41 21 ock
524 857 33 22 för
570 864 26 15 en
613 858 52 21 eller
681 865 71 14 annan
768 858 26 21 af
805 857 48 22 dem
869 861 43 18 sär-

165 893 67 22 skildt
254 892 62 28 gifna
338 892 96 27 stadgar,
458 898 27 15 nu
504 891 102 28 gällande
622 891 93 28 grunder
730 892 33 22 för
778 892 133 21 beskattnin-

166 935 53 20 gens
234 927 126 27 utgörande.

232 961 126 22 Professorn
374 960 155 22 Schauman:
545 960 67 22 Innan
624 961 41 28 jag
680 963 69 26 yttrar
763 960 61 29 mig
812 955 10 38 i
835 960 78 29 sjelfva

166 996 79 27 saken,
263 995 96 22 önskade
372 995 41 27 jag
427 995 66 21 hafva
509 995 116 28 bestämdt,
644 995 53 22 hura
713 996 127 21 densamma
855 996 57 21 skall

165 1029 127 23 behandlas.
322 1027 90 24 Prosten
433 1030 113 27 Grönberg
565 1030 38 21 har
618 1031 67 26 yttrat
701 1030 33 27 sig
750 1029 58 22 öfver
824 1030 88 28 frågans

166 1064 97 27 detaljer,
280 1063 201 28 kontraktsprosten
498 1064 77 21 Hellén
591 1064 96 21 deremot
702 1065 39 20 har
756 1065 84 27 åtskiljt
856 1065 56 28 prin-

166 1099 58 27 ciper
238 1098 40 21 och
291 1097 92 28 detaljer
394 1099 55 20 samt
461 1098 53 21 talat
524 1097 190 28 hufvudsakligast
725 1105 34 14 om
770 1099 141 28 principerne.

165 1132 42 21 För
221 1131 43 21 min
281 1131 33 22 del
330 1138 64 15 anser
404 1131 41 28 jag
460 1131 36 21 det
512 1138 51 15 vara
579 1139 26 14 en
621 1131 80 28 onödig
716 1133 94 26 omgång
825 1135 41 25 att,
879 1133 33 21 så-

165 1173 45 14 som
227 1165 35 22 vid
277 1165 133 27 föregående
425 1166 65 27 plena
505 1165 66 28 skett,
587 1166 53 21 först
655 1165 111 23 diskutera
778 1166 72 28 frågor
861 1167 6 21 i
879 1167 32 22 sin

164 1199 82 28 helbet,
261 1206 34 15 om
310 1199 75 22 hvilka
401 1199 123 22 sedermera
539 1199 67 22 likväl
622 1199 58 22 skild
696 1200 124 22 diskussion
833 1201 78 28 punkt-

164 1234 33 21 vis
214 1233 69 22 måste
298 1233 46 22 ske.
374 1233 43 28 Jag
432 1233 50 22 ville
498 1233 83 22 derföre
595 1233 97 22 inhemta
703 1234 97 22 ståndets
810 1235 102 28 yttrande

164 1268 54 21 huru
233 1267 50 22 med
298 1267 72 22 denna
385 1268 62 27 fråga
461 1267 56 22 skall
533 1268 97 22 förfaras.

232 1302 54 21 Herr
301 1302 138 21 talemannen
450 1302 128 23 hemställde
589 1302 49 21 med
649 1303 118 28 anledning
777 1301 65 24 häraf
850 1304 61 22 huru-

164 1335 51 21 vida
235 1336 87 21 ståndet
341 1336 50 20 ville
408 1337 86 26 engång
509 1337 33 21 för
557 1337 43 20 alla
615 1337 121 21 bestämma
750 1345 82 14 samma
848 1339 63 20 förfa-

165 1368 67 22 rande
250 1368 36 22 vid
306 1369 83 26 frågors
408 1369 134 28 behandling
562 1370 39 21 och
617 1370 67 22 binda
699 1371 34 26 sig
748 1371 36 22 vid
800 1378 26 15 en
842 1372 69 22 sådan

166 1403 145 27 bestämning,
333 1403 28 21 då
380 1403 73 28 frågor
470 1404 67 21 likväl
554 1404 85 28 funnos,
656 1405 74 21 hvilka
746 1404 72 23 kunde
834 1409 78 24 genast

166 1437 38 24 och
226 1439 51 20 utan
298 1436 124 26 diskussion
443 1437 59 22 öfver
523 1437 118 30 detaljerne
657 1439 95 28 afgöras,
769 1441 56 20 samt
840 1440 72 29 frågor
