992 1714
777 131 40 22 535

97 197 34 15 om
151 190 65 22 femte
237 191 66 21 budet
318 192 7 20 i
341 191 60 22 Guds
416 192 37 28 lag
468 193 71 21 såsom
555 200 33 14 om
605 200 27 15 en
646 194 110 28 borgerlig
770 196 74 27 lagbe-

97 225 115 27 stämning.
243 226 74 20 Sädan
340 226 139 28 bibelexeges
503 226 98 28 förbjöde
620 228 34 27 sig
673 228 52 27 sjelf
738 229 39 21 och
793 237 51 14 vore

96 258 48 21 från
160 261 87 25 prosten
263 259 82 27 Berghs
359 260 134 27 ståndpunkt
503 261 67 27 något
581 262 111 26 verkligen
703 262 140 23 förvånande.

96 292 88 22 Enhvar
204 300 45 14 som
265 294 7 20 i
288 294 37 20 sitt
343 294 157 27 sammanhang
515 294 49 21 med
579 295 131 27 föregående
726 297 40 21 och
782 298 62 20 efter-

96 326 97 28 följande
215 334 73 14 verser
310 328 55 21 läste
384 328 27 20 de
430 328 91 22 anförda
537 328 66 22 orden
619 329 25 21 af
655 330 93 28 Herren,
771 332 73 20 kunde

96 361 56 21 dock
175 362 114 27 lätteligen
311 368 33 21 se,
367 364 32 19 att
421 362 39 22 här
482 362 50 22 icke
551 370 51 14 vore
619 363 62 27 fråga
697 364 96 22 hvarken
810 372 34 14 om

96 395 150 22 dödsstraffets
269 396 153 22 bibehållande
445 397 54 21 eller
516 397 147 28 afskaffande,
679 400 52 19 utan
747 399 45 21 helt
807 406 36 14 en-

95 430 46 21 kelt
162 437 33 14 om
215 430 42 21 den
276 432 59 20 stora
353 430 129 28 sanningen,
506 433 32 19 att
552 431 19 27 ej
588 432 55 21 blott
658 432 184 29 dråpgerningen,

94 466 52 20 utan
163 464 41 22 ock
220 464 36 22 det
273 465 65 21 bittra
353 465 71 28 ordet,
437 466 26 26 ja
478 466 68 21 redan
560 466 91 27 hjertats
666 467 111 22 outtalade
791 468 52 21 ond-

94 498 42 21 ska
154 498 57 22 hade
231 499 32 21 sin
279 499 65 21 skuld
360 498 55 22 inför
431 499 41 21 den
489 500 66 28 enda,
579 500 63 27 eviga
658 500 40 22 och
714 502 129 28 rättfärdiga

94 533 109 22 domaren.

162 569 144 26 Domprosten
329 567 76 22 trodde
428 568 33 27 sig
481 567 85 22 derföre
586 568 18 27 ej
622 569 49 21 med
686 569 52 21 flere
752 570 39 21 ord
806 571 35 21 be-

93 602 66 22 höfva
181 602 103 22 framvisa
306 602 133 22 villfarelsen
458 603 7 20 i
486 603 42 21 den
548 602 106 22 förmenta
671 604 132 27 upptäckten
820 605 26 21 af

92 636 151 23 dödsstraffets
267 637 100 21 sanktion
388 637 6 21 i
417 637 39 22 och
471 644 78 20 genom
563 638 94 21 Herrens
673 638 47 27 ord,
744 641 51 18 utan
811 639 30 21 öf-

92 671 90 27 vergick
200 678 28 15 nu
243 671 33 21 till
292 673 86 25 prosten
394 671 83 27 Berghs
492 671 126 28 ytterligare
634 672 151 28 andragande,
809 675 32 19 att

92 706 109 27 nemligen
222 705 151 22 dödsstraffets
393 705 110 28 ogillande
518 705 103 22 innebure
637 706 53 21 eller
703 709 81 19 rättare
799 707 41 21 för-

92 742 81 20 utsatte
196 746 26 15 en
245 739 122 27 förvexling
388 740 92 21 emellan
504 740 124 27 begreppen
649 747 34 14 om
702 740 60 22 Guds
778 741 63 27 eviga

92 774 153 27 rättfärdighet
260 773 40 22 och
316 773 41 22 den
372 774 60 21 Guds
448 773 160 28 rättfärdighet,
629 781 45 14 som
690 775 151 22 manifesterar

92 809 34 28 sig
141 809 6 21 i
164 809 41 20 den
217 808 85 27 sedliga
312 807 201 28 verldsordningen.
538 807 64 22 Hvad
612 810 87 25 prosten
710 809 71 27 Bergh
792 809 50 22 med

92 843 61 22 detta
169 842 109 28 skiljande
295 842 91 21 emellan
403 842 60 21 Guds
479 842 64 27 eviga
558 842 90 21 rättvisa
664 842 40 21 och
720 843 42 21 den
777 843 7 20 i
798 843 42 21 den

91 877 85 27 sedliga
186 877 195 26 verldsordningen
391 876 175 28 manifesterade,
578 876 124 27 egentligen
712 877 58 21 velat
779 880 60 25 säga,

91 912 53 21 sade
168 911 33 27 sig
223 911 137 27 domprosten
381 910 19 27 ej
423 910 65 21 hafva
507 910 71 21 fattat.
609 910 59 21 Visst
682 917 60 22 vore,
759 913 31 20 att
806 918 34 15 om

90 948 89 26 prosten
195 945 71 27 Bergh
281 944 50 21 med
347 945 70 26 sedlig
432 944 166 27 verldsordning
613 947 81 25 menat,
718 945 72 21 såsom
806 945 35 28 sig

90 981 45 26 bör,
156 980 67 27 något
238 981 68 19 annat
321 980 28 19 än
364 979 55 20 blott
435 979 109 26 borgerlig
559 978 156 29 rättsordning,
736 979 103 22 hvarmed

91 1016 42 20 han
153 1013 57 23 dock
225 1013 100 22 stundom
341 1013 86 28 tycktes
443 1013 52 27 vilja
509 1013 46 21 låta
570 1012 72 22 denna
658 1013 86 28 sedliga
759 1014 81 22 verlds-

90 1048 93 28 ordning
199 1047 161 28 sammanfalla,
377 1048 24 20 så
412 1054 51 15 vore
474 1047 36 21 det
520 1048 42 20 lätt
572 1047 80 27 insedt,
665 1050 31 18 att
707 1047 50 21 hela
768 1048 72 21 denna

91 1083 129 21 framhållna
238 1082 88 22 skilnad
342 1082 91 21 emellan
450 1081 60 22 Guds
526 1081 64 27 eviga
606 1081 39 21 och
661 1081 60 22 Guds
736 1082 7 20 i
759 1082 81 22 verlds-

90 1117 121 28 ordningen
231 1116 168 22 manifesterade
417 1116 92 21 rättvisa
524 1122 50 15 vore
590 1116 120 27 någonting
725 1115 116 23 ohållbart.

90 1146 69 27 Äfven
182 1152 85 20 Kristus
290 1150 40 22 och
352 1150 55 21 hans
427 1150 113 27 försoning
558 1150 70 21 skulle
644 1150 28 21 då
688 1150 70 22 måsta
773 1150 67 22 fattas

90 1188 59 19 utom
169 1186 42 20 den
227 1185 85 27 sedliga
327 1184 202 28 verldsordningen,
554 1184 39 21 och
608 1184 140 27 försoningen
763 1185 7 21 i
787 1185 53 21 verl-

90 1220 42 21 den
148 1220 134 21 fränkännas
297 1218 128 27 verklighet.

158 1253 50 22 Med
228 1255 31 20 ett
279 1252 48 28 ord,
349 1252 137 28 domprosten
502 1252 70 27 ansäg
587 1252 113 28 ingenting
715 1252 25 21 af
752 1254 87 26 prosten

90 1288 71 28 Bergh
182 1294 53 15 vara
253 1287 114 27 andraget,
387 1293 45 15 som
448 1287 73 21 kunde
537 1286 139 28 ädagalägga
690 1286 149 28 rättmätighe-

90 1325 37 19 ten
141 1322 40 22 och
197 1322 128 26 giltigheten
341 1320 24 22 af
377 1320 151 22 dödsstraffets
545 1320 39 22 och
600 1320 141 22 öfverhufvud
756 1320 27 22 de
794 1320 45 22 blo-

91 1356 47 26 digt
153 1354 106 22 affliktiva
275 1354 99 21 straffens
390 1354 163 27 bibehållande;
570 1354 38 21 och
625 1354 87 20 således
727 1354 40 20 allt
782 1356 58 19 ännu

90 1390 41 21 den
148 1389 26 21 af
185 1388 110 28 professor
311 1388 122 21 Schauman
448 1388 39 21 och
504 1388 137 26 domprosten
657 1386 124 22 förfäktade
796 1394 43 14 me-

91 1424 81 29 ningen
187 1424 32 22 att
235 1422 256 29 straffbestämningarna
506 1422 6 22 i
524 1422 39 21 och
577 1428 77 21 genom
665 1421 174 23 kristendomens
