989 1861
205 140 41 21 754

244 205 156 28 Kyrkoherden
422 205 24 20 A.
469 205 101 21 Heikel
592 203 103 22 förenade
715 204 34 27 sig
766 203 50 22 med
832 206 86 25 prosten

176 239 77 28 Bergh.

243 273 90 22 Prosten
356 272 129 23 Saxbäck
508 272 94 28 föreslog
624 274 31 19 att
676 272 96 29 ständet,
793 272 33 21 till
844 271 76 23 undvi-

176 307 72 22 kande
269 307 25 22 af
309 307 59 22 olika
383 308 71 21 beslut
468 307 7 21 i
490 307 74 28 hvarje
580 307 72 27 ständ,
669 307 79 28 skulle,
765 307 7 21 i
787 307 69 21 likhet
871 307 49 21 med

175 342 58 22 hvad
248 342 179 28 borgareständet
442 342 67 22 redan
525 342 96 27 beslutit,
641 341 110 23 fastställa
766 340 154 23 tvähundratu-

176 384 38 16 sen
229 377 62 21 mark
307 384 45 14 som
368 376 37 22 det
419 376 78 28 högsta
512 376 87 29 belopp,
615 376 83 22 hvilket
709 376 58 28 finge
778 383 24 15 ur
812 376 109 28 primitiva

176 412 39 21 och
231 411 214 29 hypoteksfonderna
460 411 22 22 ät
497 418 26 15 en
539 411 40 22 och
595 418 82 15 samma
692 417 79 22 person
787 411 93 21 utlänas.

243 447 208 27 Kontraktsprosten
468 446 99 22 Hellen
583 445 43 22 bad
642 447 31 20 att
689 445 22 22 få
726 445 93 29 upplysa
834 445 88 22 ståndet

176 481 82 32 derom,
273 483 32 20 att
320 481 105 22 utskottet
440 483 71 20 ansett
525 481 34 30 sig
574 481 52 22 böra
641 480 80 22 föreslä
735 482 33 19 att
778 481 32 20 till
822 480 40 23 och
872 480 50 22 med

176 527 179 77 haha
370 527 62 77 mad
447 526 56 84 lao
519 587 24 16 ar
557 523 93 80 md
666 523 76 80 fonder
758 525 85 78 ls
859 528 62 75 Men

177 617 39 22 och
232 624 82 15 samma
328 624 87 22 person,
431 617 33 22 för
477 619 31 19 att
519 617 124 27 derigenom
654 616 124 22 underlätta
788 619 68 19 större
866 616 55 22 före-

176 655 46 26 tag,
239 654 56 20 samt
310 654 32 20 att
356 652 106 22 utskottet
477 654 50 20 trott
543 652 34 28 sig
591 651 65 22 hafva
670 652 25 21 så
705 652 87 28 mycket
802 658 60 15 mera
873 651 48 23 skäl

177 687 80 29 dertill,
281 694 46 16 som
347 687 99 22 bankens
466 686 101 22 ändamål
587 693 50 15 vore
656 686 19 28 ej
693 686 93 22 allenast
802 689 32 19 att
848 686 74 29 bjelpa

177 722 100 22 enskilda
291 728 108 22 personer,
423 724 52 19 utan
486 722 83 28 jemväl
585 723 31 20 att
631 721 100 23 befordra
748 724 67 19 större
831 721 90 29 företag.

244 757 50 21 Som
310 757 65 27 ingen
390 756 73 22 vidare
479 756 97 22 önskade
591 758 58 26 yttra
665 756 42 28 sig,
723 756 135 22 framställde
874 756 48 22 herr

176 792 138 22 talemannen
329 792 97 28 följande
441 791 288 29 omröstningsproposition:

245 827 128 21 Godkänner
388 826 127 30 högvördiga
530 826 82 23 ståndet
621 826 147 29 förevarande
783 830 99 24 moment,
894 827 27 21 el-

177 862 29 21 ler
220 862 58 21 icke?

242 895 136 23 Besvarades
393 896 50 22 med
459 896 26 22 16
495 897 29 28 ja
539 898 44 20 mot
599 896 26 21 13
640 897 42 28 nej.

242 931 91 22 Prosten
348 931 25 21 H.
389 931 104 22 Heikel
509 930 106 30 önskade,
631 931 72 22 förrän
719 931 163 29 granskningen
899 931 25 23 af

176 966 41 22 den
233 966 48 22 utaf
293 966 105 22 utskottet
413 966 124 28 föreslagna
549 966 159 22 instruktionen
719 966 32 22 för
762 966 158 22 bankfullmäk-

175 1001 44 27 tige
239 1000 97 28 vidtoge,
357 1000 22 22 få
398 1000 57 22 fästa
475 1000 98 23 ståndets
589 1000 191 29 uppmärksamhet
793 1001 29 28 på
838 1008 26 15 en
880 1002 40 21 för-

175 1035 78 22 bisedd
269 1034 168 29 omständighet,
453 1042 49 21 pag.
519 1036 26 21 13
560 1035 7 21 i
582 1035 159 29 betänkandet,
758 1036 107 27 nemligen
880 1035 40 23 för-

175 1070 112 21 hällandet
310 1070 92 21 emellan
422 1070 97 22 bankens
542 1070 125 22 metalliska
689 1070 75 22 valuta
788 1070 39 22 och
852 1070 68 22 sedel-

163 1100 148 26 emissionen.

243 1139 208 28 Kontraktsprosten
478 1138 77 23 doktor
580 1139 151 28 Europxeus
754 1142 56 19 samt
832 1142 88 26 prosten

175 1174 131 22 Saxbäck
325 1174 63 28 hyste
403 1174 7 21 i
426 1174 61 21 detta
502 1174 102 22 afseende
620 1180 83 15 samma
719 1174 57 27 äsigt
791 1182 45 14 som
853 1182 66 14 rescr-

175 1211 79 19 vanten
269 1208 227 22 kammarförvandten
512 1215 41 15 von
569 1208 125 22 Haartman.

241 1243 32 21 På
295 1242 25 21 af
338 1242 49 22 herr
405 1243 138 21 talemannen
561 1242 122 22 framställd
703 1243 143 28 proposition,
868 1244 52 27 god-

175 1276 72 22 kände
269 1277 87 21 ståndet
378 1277 49 21 med
450 1277 110 22 obestridd
582 1277 111 28 pluralitet
711 1277 117 22 utskottets
846 1278 74 21 betän-

174 1311 73 22 kande
266 1311 7 21 i
294 1311 103 22 afseende
417 1312 13 21 å
449 1311 139 22 förenämnde
607 1311 136 22 förhållande
759 1313 92 21 emellan
868 1313 52 21 ban-

173 1345 55 22 kens
243 1345 124 22 metalliska
382 1345 73 22 valuta
471 1345 39 22 och
526 1345 77 22 sedlar.

241 1379 100 22 Härefter
357 1379 121 28 öfvergicks
493 1380 33 21 till
541 1380 162 28 granskningen
720 1381 25 21 af
757 1381 116 22 utskottets
884 1381 36 22 be-

174 1413 111 21 tänkande
305 1414 7 20 i
332 1414 103 21 afseende
455 1415 13 20 å
488 1414 157 21 instruktionen
663 1414 33 21 för
714 1415 205 27 bankfullmäktige;

174 1447 39 21 och
236 1447 117 27 godkände
375 1448 88 21 ståndet
485 1448 114 28 enhälligt,
622 1448 29 28 på
671 1449 24 21 af
712 1449 50 21 herr
781 1450 138 21 talemannen

174 1481 135 23 framställda
332 1482 308 30 omröstningspropositioner,
663 1484 61 22 såväl
743 1484 112 28 ingressen
874 1491 46 15 som

173 1518 121 20 momenten
311 1517 74 22 1—10.
