998 1750
792 119 27 21 39

106 183 38 22 tad
162 183 159 29 gymnasiikurs
337 184 28 28 på
379 184 71 27 någon
466 184 25 22 af
503 183 26 23 de
544 184 36 22 vid
596 184 68 28 sagde
678 185 100 21 läroverk
792 185 54 22 före-

106 218 83 21 skrifna
204 217 181 28 bildningslinier;

172 252 22 28 2)
216 254 31 19 att
265 252 176 28 kronolänsmän,
460 252 7 21 i
483 252 68 21 likhet
566 253 49 21 med
630 253 67 21 andra
714 253 63 21 civila
793 253 53 27 tjen-

104 289 92 26 stemän,
220 286 77 22 endast
319 286 53 21 efter
391 286 51 27 laga
457 286 133 27 ransakning
605 287 39 21 och
660 287 48 21 dom
724 288 35 20 må
774 287 74 22 kunna

104 321 46 22 från
166 321 93 28 tjensten
275 320 88 27 skiljas,
379 322 56 19 samt

170 356 21 27 3)
214 357 32 20 att
264 355 64 21 lönen
347 354 13 21 å
379 356 43 19 stat
440 354 33 22 för
490 354 75 28 hvarje
579 355 167 22 kronolänsman
761 357 35 20 må
812 356 34 21 be-

103 392 103 19 stämmas
221 389 32 22 till
270 391 30 19 ett
314 389 78 27 belopp
408 389 25 21 af
445 391 83 19 ettusen
544 389 120 21 tvåhundra
677 390 61 21 mark
749 397 34 14 om
794 391 52 22 året.

170 425 69 22 Jemte
255 423 37 22 det
307 423 207 28 remissprotokollet
529 423 79 22 härbos
623 424 130 29 återställes,
766 425 40 21 har
816 429 31 18 ut-

102 460 82 21 skottet
204 459 101 27 slutligen
326 460 71 19 ansett
417 458 34 27 sig
471 457 52 22 böra
543 458 31 21 till
590 458 36 21 det
640 458 134 29 högvördiga
788 460 58 21 stån-

102 495 48 21 dets
171 493 146 29 bepröfvande
339 492 132 21 öfverlemna
493 492 105 22 huruvida
618 493 48 21 icke
682 493 26 21 de
724 494 122 27 respektive

101 528 141 23 medstånden
258 527 67 22 borde
340 527 32 21 till
390 527 131 27 deltagande
535 527 8 22 i
558 527 72 22 denna
644 528 91 27 petition
745 528 100 29 inbjudas

102 564 39 22 och
157 563 50 22 dess
222 563 74 21 vidare
312 561 133 28 behandling
460 561 33 21 till
508 561 103 23 ståndens
626 562 109 22 allmänna
749 563 97 23 besvärs-

101 599 83 21 utskott
198 597 149 28 hänskjutas.”

170 633 21 28 3)
207 633 7 21 i
228 632 117 26 anledning
360 631 25 21 af
397 633 88 26 prosten
502 631 122 27 Grönbergs
634 631 90 28 petition
736 638 34 15 om
780 632 66 28 högre

102 667 202 24 elementarskolors
323 665 129 28 utvidgning
471 665 54 22 efter
539 665 67 22 behof
616 665 49 22 med
680 667 166 26 gymnasiiklas-

101 710 40 21 ser,
158 704 56 20 samt
228 701 38 22 der
280 701 124 28 gymnasier
419 700 78 28 finnas,
513 700 75 22 dessas
599 701 187 21 sammansläende
797 701 49 22 med

101 738 66 27 högre
184 735 229 28 elementarskolorna,
431 734 39 22 och
485 734 83 23 hvilket
583 735 137 22 betänkande
736 735 56 22 hade
807 735 38 23 föl-

98 773 69 28 jande
182 771 93 29 lydelse:
664 798 3 1 |

171 806 54 27 Till
246 805 36 22 det
302 803 134 28 högvördiga
454 804 162 28 prestaständet
630 804 40 21 har
684 808 87 24 prosten
786 805 63 22 Josef

102 843 112 26 Grönberg
228 839 86 28 ingifvit
329 841 30 19 ett
373 839 83 26 förslag
471 839 32 21 till
516 839 136 28 underdänig
661 839 90 28 petition
763 839 82 29 derom,

102 880 32 19 att
148 877 8 21 i
172 876 26 21 de
213 875 86 22 landets
315 874 78 27 städer,
410 873 38 22 der
463 874 125 27 gymnasier
602 874 78 27 finnas,
700 874 64 21 dessa
780 875 66 22 mätte

102 912 49 22 med
172 909 195 23 dersammastädes
387 908 113 27 befintliga
517 909 66 27 högre
599 909 191 22 elementarskolor
805 909 41 22 för-

102 953 61 21 enas,
180 947 55 20 samt
250 945 67 26 högre
333 943 229 27 elementarskolorna,
577 942 96 23 särdeles
684 943 36 28 de,
731 943 31 22 uti
773 943 73 22 hvilka

101 981 85 22 finskan
210 982 24 19 är
256 977 240 28 undervisningsspräk,
521 977 71 22 säsom
611 977 41 22 den
671 977 7 21 i
692 977 154 29 Tammerfors,

102 1016 54 21 efter
174 1015 33 27 sig
225 1012 125 23 företeende
366 1012 67 21 behof
445 1012 39 21 och
500 1011 33 23 för
548 1012 68 21 saken
632 1012 87 21 talande
735 1012 57 29 skäl,
809 1012 37 22 der

102 1051 37 22 det
154 1050 34 27 sig
203 1052 52 25 göra
270 1048 61 27 låter,
352 1047 100 27 utvidgas
468 1047 32 21 till
516 1046 141 28 fullständiga
671 1046 67 27 högre
755 1047 91 22 elemen-

102 1084 134 22 tarläroverk
257 1082 50 22 med
329 1081 213 28 gymnasialklasser,
564 1081 143 21 dessmedelst
725 1081 122 27 ungdomen

102 1119 71 22 skulle
192 1118 102 22 försättas
309 1116 8 20 i
331 1115 85 22 tillfälle
432 1118 31 19 att
478 1116 32 21 uti
525 1122 27 15 en
567 1116 39 20 och
622 1122 82 15 samma
719 1116 128 22 läroanstalt

103 1153 106 29 genomgå
232 1152 56 22 både
309 1151 57 21 skol-
389 1150 40 21 och
451 1150 197 28 gymnasiikursen,
668 1150 91 28 hvilket,
776 1151 70 22 såsom

104 1188 68 23 andra
194 1187 87 22 länders
304 1185 39 22 och
362 1185 32 21 till
411 1192 26 14 en
453 1185 35 22 del
504 1184 63 22 äfven
583 1187 49 25 eget
647 1185 63 21 lands
726 1185 122 22 erfarenhet

104 1223 62 28 gifvit
183 1221 36 22 vid
238 1220 95 27 handen,
350 1219 111 22 medförde
476 1220 64 26 högst
554 1219 137 27 väsendtliga
706 1219 93 22 fördelar
815 1221 32 20 sä-

103 1257 36 22 väl
159 1263 25 14 ur
204 1254 125 28 disciplinär
349 1253 118 28 synpunkt,
487 1260 45 14 som
548 1253 50 21 med
613 1253 102 21 afseende
731 1253 13 21 å
758 1253 89 22 resulta-

104 1294 60 19 terne
180 1289 24 22 af
216 1287 191 28 undervisningen,
424 1287 110 22 äfvensom
550 1289 51 19 utan
618 1287 72 21 tvifvel
704 1287 111 21 tillvexten
827 1287 25 21 af

105 1326 36 21 det
161 1330 88 15 numera
268 1322 33 22 för
315 1321 87 22 landets
416 1321 67 22 behof
495 1321 145 28 otillräckliga
655 1321 83 21 antalet
753 1321 24 21 af
790 1321 58 28 dem,

105 1366 46 15 som
171 1364 56 20 egna
247 1357 33 27 sig
300 1356 22 21 åt
340 1356 133 21 läroståndet
489 1355 39 22 och
544 1355 42 22 den
602 1355 63 21 civila
680 1355 168 28 tjenstemanna-

104 1393 81 26 banan,
201 1391 85 21 komme
302 1391 31 20 att
348 1389 93 27 mäktigt
454 1389 117 27 befrämjas
582 1395 76 21 genom
669 1389 42 21 den
722 1391 67 19 större
800 1390 48 20 lätt-

106 1427 64 22 heten
186 1427 31 20 att
232 1425 28 28 på
275 1427 99 19 närmare
389 1423 44 22 håll
447 1423 40 22 och
497 1423 50 22 med
557 1423 83 22 mindre
649 1423 95 24 kostnad
754 1423 95 24 inhemta
