992 1775
185 135 42 19 444

158 198 37 22 det
215 204 52 15 vara
285 196 122 28 gagneligt;
425 196 50 20 icke
493 196 6 20 i
515 195 36 21 det
566 197 58 19 stora
639 194 49 21 hela
704 194 32 21 för
751 194 86 27 många.
869 193 38 21 Or-

158 234 33 19 ter
214 232 79 26 finnas,
319 230 67 27 enligt
405 229 58 21 hvad
485 236 26 14 en
531 228 53 22 värd
600 228 95 21 ledamot
711 228 24 21 af
748 227 159 23 bondeståndet

158 265 97 28 upplyst,
279 264 38 22 der
339 266 31 19 ett
392 264 100 20 hemman
513 263 58 21 inom
594 262 34 21 sin
651 262 138 27 skogsmark,
814 268 47 15 som
884 263 24 19 är

157 299 56 21 hans
235 291 66 37 enda-
314 298 88 26 torftiga
424 296 128 28 beteshage,
576 296 44 21 kan
642 295 66 21 hafva
732 296 12 20 5
768 297 12 19 å
804 296 18 27 6,
839 295 69 21 andra

158 332 139 26 tillhörande,
319 331 159 28 urfjellsängar.
508 330 62 22 Klart
589 332 24 18 är
628 329 88 22 hvilken
732 329 123 28 orimlighet
871 328 38 22 det

158 373 59 21 vore,
244 373 34 14 om
301 366 43 21 han
365 364 93 23 sålunda
481 364 76 22 ålades
580 366 32 19 att
634 370 78 21 genom
735 364 98 27 vallning
855 363 53 21 eller

158 400 97 28 stängsel
274 400 64 27 kring
355 399 80 21 andras
453 401 53 25 ägor
524 399 57 21 inom
600 398 34 21 sin
649 404 55 21 egen
719 398 63 21 mark
796 396 112 23 förhindra

158 435 49 21 sina
221 434 90 27 husdjur
327 435 31 19 att
372 433 111 21 inkomma
498 433 28 27 på
542 432 67 27 sagde
626 432 79 21 andras
722 434 58 24 ägor.

225 467 184 27 Medgifvandena
421 466 33 22 för
465 466 127 21 kommuner
604 466 53 21 eller
667 465 139 27 hägnadslag
817 468 37 18 äro
867 464 41 22 ock

159 502 25 21 så
195 501 148 29 besynnerligt
353 500 160 28 tillskrufvade,
525 502 32 19 att
566 500 8 20 i
584 501 14 25 $
609 500 27 20 23
644 501 15 19 t.
669 506 33 14 ex.
711 506 26 14 en
746 500 109 20 minoritet
864 499 44 21 kan

159 536 75 26 tvinga
249 535 139 28 pluraliteten
403 534 32 21 till
451 536 48 25 nytt
512 535 90 26 system,
615 540 45 14 som
672 533 117 27 omöjligen
800 533 45 21 kan
855 539 54 14 vara

158 569 81 28 nyttigt
254 568 33 22 för
302 568 43 21 den
359 568 68 27 förra,
443 574 49 15 men
508 567 92 22 alldeles
616 567 124 28 opraktiskt
754 566 33 22 för
798 566 37 22 det
849 568 58 20 stora

158 603 99 22 flertalet.
289 603 73 21 Också
380 603 44 20 kan
442 609 60 21 man,
518 601 50 22 med
581 601 72 27 någon
669 601 64 22 äfven
748 601 63 27 ringa
826 601 81 21 känne-

159 637 50 22 dom
225 637 24 21 af
260 637 86 21 landets
362 637 59 20 olika
437 638 61 26 orter,
516 636 48 21 icke
581 635 49 22 med
645 636 64 21 bästa
722 635 54 27 vilja
791 635 68 27 finna,
877 637 31 19 att

158 671 142 28 hägnaderna
317 670 8 21 i
344 670 117 21 allmänhet
477 677 78 20 genom
571 669 42 22 den
628 676 44 21 nya
687 669 64 22 ideen
767 669 72 22 blefve
855 669 52 21 min-

159 705 47 28 dre,
230 711 49 15 men
301 705 35 21 väl
357 705 101 21 besväret
476 705 40 21 och
534 704 126 27 missämjan
676 710 122 21 grannarne
815 703 93 22 emellan

159 739 51 21 vida
229 741 73 20 större.
334 739 10 20 I
358 739 70 21 likhet
443 739 49 20 med
508 738 57 22 hvad
581 738 64 21 äfven
659 738 107 21 utskottet
780 738 7 21 i
803 738 38 22 sitt
857 738 50 21 slut-

158 773 141 22 betänkande
318 779 49 21 pag.
388 774 25 20 16
433 773 99 27 antyder,
549 773 43 20 kan
608 772 48 21 icke
668 772 42 28 jag
724 773 59 20 finna
798 773 70 21 saken
883 773 26 20 så

158 806 150 27 brådskande,
327 813 46 14 som
391 807 42 20 den
448 807 77 27 tyckes
540 806 134 22 förekomma
690 813 26 14 en
732 806 40 21 och
788 813 72 14 annan
877 808 30 19 ta-

158 842 55 26 lare,
236 840 99 22 hvarföre
358 840 47 21 mitt
426 843 71 18 votum
517 843 24 18 är
560 841 32 20 att
608 840 76 21 landet
702 843 78 18 väntar
795 840 32 21 till
844 843 64 18 nästa

158 874 107 28 landtdag
284 875 29 27 på
332 881 26 14 en
375 881 30 21 ny
423 875 68 26 nådig
509 874 142 28 proposition,
670 874 91 21 hvilken
780 875 68 26 enligt
863 875 44 21 min

159 909 57 27 åsigt
233 908 68 22 borde
321 908 87 21 affattas
426 908 7 21 i
453 908 36 22 det
505 908 66 28 syfte,
588 915 45 15 som
649 908 119 22 statsrådet
782 915 42 15 von
840 909 67 21 Bons-

160 943 56 22 dorff
234 943 39 21 och
293 942 109 28 professor
423 942 81 22 Geitlin
523 943 7 21 i
550 943 48 21 sina
618 943 158 21 reservationer
796 942 61 22 öfver
876 945 31 19 ut-

159 978 92 20 skottets
267 976 140 22 betänkande
423 977 83 28 antydt.

226 1011 209 27 Kontraktsprosten
448 1011 143 22 Ehrström
606 1011 96 28 yttrade:
718 1011 36 21 Då
770 1010 40 22 den
825 1011 82 28 kejser-

158 1046 45 26 liga
218 1045 171 28 propositionen,
405 1045 139 22 förutseende
559 1047 31 20 att
602 1045 58 21 olika
670 1046 75 21 lokala
756 1046 151 22 förhållanden

157 1080 75 20 kunna
250 1080 90 27 påkalla
360 1079 122 22 olikartade
503 1080 101 27 åtgärder
622 1080 33 20 för
673 1080 139 27 uppnåendet
831 1081 25 20 af
871 1081 37 21 det

158 1114 52 27 mål,
227 1113 32 22 dit
272 1113 161 28 propositionen
449 1114 74 27 syftar,
540 1114 30 21 uti
584 1114 72 27 23:dje
670 1115 12 25 8
698 1114 24 20 af
730 1114 42 21 den
783 1114 125 28 föreslagna

156 1147 154 27 förordningen
330 1147 82 21 tillåter
431 1148 256 26 lägenhetsinnehafvare
706 1148 6 20 i
733 1148 76 28 hvarje
827 1148 79 28 härad,

158 1181 97 27 tingslag
269 1182 53 20 eller
337 1181 171 28 kyrkosamfund
524 1184 32 19 att
570 1182 52 27 ingå
636 1181 125 28 föreningar
771 1189 34 15 om
816 1182 90 27 ägofred

158 1215 40 21 och
217 1215 107 27 stängsel,
343 1217 56 20 samt
415 1215 75 22 dervid
506 1216 120 22 bestämma
642 1223 33 14 om
691 1216 82 27 nödiga
787 1216 119 27 iakttagel-

158 1256 35 15 ser
208 1248 32 22 för
255 1248 130 28 ägofredens
400 1249 150 28 betryggande
566 1257 26 14 m.
608 1257 35 20 m.;
659 1250 25 21 så
694 1249 39 22 har
743 1250 163 27 propositionen

157 1283 151 27 fullkomligen
331 1283 65 21 afsett
417 1283 56 22 både
497 1284 91 21 allmänt
607 1284 39 21 och
668 1283 95 22 enskildt
783 1284 45 27 väl,
850 1287 56 18 samt

156 1317 51 20 icke
222 1317 57 20 trädt
295 1317 83 26 någons
394 1317 127 26 rättigheter
536 1318 33 20 för
584 1320 44 18 när.
659 1318 43 26 Jag
717 1317 91 21 föreslår
820 1318 85 21 derföre

156 1349 161 26 godkännande
337 1350 23 20 af
378 1350 42 21 den
439 1351 81 26 nådiga
538 1351 170 26 propositionen,
728 1350 50 21 med
793 1350 26 21 de
836 1350 25 21 af
874 1358 31 14 re-

157 1384 124 25 servanten,
298 1382 205 23 hofrättsassessorn
514 1384 120 21 Grotenfelt
646 1385 45 21 deri
702 1384 124 28 föreslagna
837 1385 68 21 modi-

158 1416 120 22 fikationer.
