989 1756
770 122 38 24 171

95 187 93 28 eningen
204 188 67 22 under
286 188 124 23 nuvarande
426 188 74 28 dåliga
515 188 157 28 konjunkturer
686 189 45 22 kan
741 191 97 27 upptaga

95 224 30 20 ett
139 222 37 22 lån
191 223 84 21 mindre
291 225 27 19 än
334 224 46 20 åtta
394 223 99 28 miljoner
507 224 72 28 mark,
597 224 25 21 sä
636 224 39 21 har
688 224 149 28 hypoteksför-

94 256 94 28 eningen
212 257 55 21 dock
290 256 43 23 fast
355 258 52 21 kurs
429 264 77 22 genom
529 258 100 27 garantin
651 259 13 21 å
687 260 151 20 annuiteterna

94 291 40 21 och
150 292 71 21 dertill
237 292 96 21 hörande
349 292 103 27 rättighet
467 294 31 19 att
513 292 69 22 under
597 293 82 21 hvilket
689 293 91 22 kursfall
792 301 45 14 som

93 325 56 22 helst
168 326 33 21 till
219 326 76 22 dessas
311 326 78 28 belopp
405 326 22 22 få
441 326 88 22 invexla
544 326 98 23 bankens
657 327 72 22 sedlar
745 328 21 21 al
781 328 56 28 pari;

94 367 48 15 men
161 360 65 28 ingen
246 360 185 29 silfverutvexling
449 362 44 20 kan
509 361 28 21 då
551 362 48 27 ske,
616 361 39 21 och
671 368 34 14 om
722 362 68 22 sådan
806 365 31 19 ut-

93 395 88 28 vexling
204 396 111 27 öppnades
335 395 45 22 före
399 396 223 28 myntrealisationen,
642 396 25 21 så
685 397 70 21 skulle
769 397 69 22 silfret

93 432 78 25 genast
181 432 102 20 strömma
292 437 25 15 ur
323 430 81 22 landet,
420 431 111 28 Upptager
539 430 56 23 dock
603 430 234 29 hypoteksföreningen

93 466 31 20 ett
139 465 25 22 så
179 467 54 20 stort
247 465 36 22 lån
299 467 32 20 att
342 465 45 21 åtta
397 465 100 28 miljoner
507 465 74 22 kunna
591 465 121 28 deponeras
723 467 6 20 i
741 466 96 23 banken:

93 499 38 29 då,
157 507 48 14 men
229 500 77 22 endast
328 500 28 28 på
379 500 60 22 detta
461 500 75 28 vilkor,
560 500 41 21 blir
623 501 215 28 myntrealisationen

93 535 76 28 möjlig
184 535 40 21 och
238 535 44 22 alla
297 535 22 22 få
333 535 43 22 fast
386 536 59 21 kurs.
474 535 41 21 Låt
529 541 35 16 oss
575 537 90 26 antaga,
679 537 32 20 att
720 536 117 28 hypoteks-

92 569 135 29 föreningen,
244 570 66 21 ehuru
326 570 28 28 på
365 570 27 21 de
402 569 102 22 hårdaste
515 569 75 29 vilkor,
602 569 113 23 efterhand
726 571 70 22 skulle
807 571 30 22 in-

93 605 68 27 draga
177 611 26 15 en
219 607 67 20 större
303 604 34 22 del
352 605 25 21 af
390 605 36 21 det
441 604 144 28 garanterade
600 605 67 28 lånet,
679 605 53 22 eller
742 605 41 22 ock
794 606 44 21 alla

93 639 72 22 trettio
181 639 136 28 miljonerna,
334 639 37 28 (de
385 639 95 28 hemliga
495 639 96 22 vilkoren
608 639 73 22 känna
696 640 21 21 vi
729 641 108 27 nemligen

92 674 69 28 icke),
182 673 28 22 då
229 674 70 22 skulle
317 674 103 28 möjligen
438 673 51 28 inga
507 681 44 21 nya
569 673 113 28 låntagare
701 675 87 21 anmäla
803 675 35 27 sig

93 709 40 21 och
156 709 27 21 de
203 709 73 28 gamla
295 709 34 21 stå
347 709 7 21 i
369 709 82 27 borgen
466 708 33 22 för
512 708 50 22 hela
578 715 106 22 summan;
700 716 50 14 man
766 709 72 22 kunde

92 746 64 25 säga:
181 743 78 26 ,insätt
281 744 7 21 i
310 743 111 28 banken”;
444 750 49 15 men
515 743 86 22 banken
624 744 44 21 kan
689 744 18 27 ej
728 746 110 25 emottaga

92 779 121 28 penningar
235 785 45 16 som
303 778 42 22 den
365 779 50 21 icke
438 778 107 28 behöfver,
566 778 40 21 och
621 778 28 22 då
665 778 70 22 skulle
752 785 86 16 enorma

91 815 74 19 räntor
184 813 47 22 från
251 812 76 23 landet
345 813 52 28 utgå
415 812 32 22 för
463 813 126 22 ofruktbara
604 813 52 22 eller
670 813 29 28 på
714 813 79 22 osäker
808 813 31 22 fot

93 847 145 28 disponerade
253 847 78 22 medel.

160 883 77 21 Låtom
257 889 36 15 oss
313 882 74 22 vidare
403 889 23 14 se
439 882 86 22 hvartill
540 882 99 22 bankens
653 882 57 21 vinst
725 883 29 28 på
768 883 71 21 denna

93 918 136 21 transaktion
249 917 114 22 reducerar
382 917 39 27 sig.
452 917 75 22 Skulle
545 917 216 28 myntrealisationen
776 924 62 21 grun-

93 952 39 21 das
154 953 29 27 på
207 954 29 19 ett
256 951 112 22 utländskt
383 952 46 27 lån,
445 953 25 20 så
485 951 70 22 blefve
571 951 60 22 detta
646 953 31 20 ett
692 952 148 28 ouppsägbart

93 987 230 28 amortissementslån,
341 993 46 14 som
403 986 69 22 skulle
487 987 72 20 lemna
574 986 87 21 banken
676 987 64 27 trygg
755 986 36 22 vid
802 989 37 18 nö-

93 1021 52 28 diga
169 1021 198 28 myntoperationer
392 1021 32 22 till
447 1021 86 22 landets
555 1021 96 21 fromma.
681 1020 49 23 Men
751 1021 88 22 hvilken

93 1056 69 22 fördel
183 1056 39 21 har
241 1056 75 21 landet
337 1055 24 22 af
377 1055 246 29 hypoteksföreningens
643 1055 129 29 deposition?
789 1056 50 21 Man

93 1097 83 16 svarar:
201 1090 251 28 ,myntrealisationen*;
473 1090 86 24 hvartill
573 1090 42 27 jag
633 1090 114 21 invänder:
768 1090 71 22 denna

93 1125 56 22 hade
165 1125 86 22 vunnits
267 1125 89 22 säkrare
372 1125 40 21 och
428 1125 89 22 enklare
533 1131 77 22 genom
626 1124 36 21 det
673 1125 85 21 direkta
769 1125 69 28 lånet;

93 1160 97 22 deremot
208 1159 86 22 befarar
305 1160 42 28 jag
361 1159 124 28 högeligen,
502 1161 32 20 att
549 1159 126 22 densamma
690 1159 69 22 under
774 1167 65 14 nuva-

93 1195 68 22 rande
183 1195 74 28 dåliga
279 1195 156 28 konjunkturer
455 1201 77 21 genom
551 1194 71 21 denna
637 1197 79 25 omväg
731 1195 48 21 icke
795 1196 44 21 vin-

94 1237 45 15 nes.
170 1230 36 21 Uti
225 1236 26 15 en
267 1229 88 29 nyligen
371 1229 6 22 i
393 1229 104 22 Finlands
513 1229 92 22 officiela
621 1229 84 28 tidning
720 1229 71 22 införd
806 1237 32 13 ar-

93 1265 54 22 tikel
162 1265 24 20 af
199 1264 59 22 känd
273 1263 59 22 hand
342 1266 65 25 säges
417 1266 48 20 rent
475 1266 32 19 ut:
523 1264 100 27 ,banken
633 1263 44 22 kan
688 1264 48 21 icke
747 1263 93 28 förtjena

94 1307 26 14 en
137 1299 56 21 enda
208 1299 65 28 penni
288 1299 29 28 på
327 1298 102 28 affären",
440 1298 85 22 vidare:
538 1298 148 28 penningarne
696 1301 66 19 måste
772 1299 68 21 hållas

94 1334 119 29 disponibla
224 1334 39 28 för
273 1333 138 29 föreningens
426 1334 101 28 räkning;
541 1333 24 22 så
576 1335 31 18 att
619 1339 33 15 om
664 1333 27 21 de
702 1333 120 27 deponeras
833 1333 7 21 i

94 1369 52 26 dag,
163 1369 25 20 så
199 1368 43 21 kan
253 1367 126 28 föreningen
390 1368 7 21 i
408 1374 88 20 morgon
506 1369 75 25 uttaga
592 1367 49 21 hela
653 1367 120 28 beloppet",
785 1368 54 21 såle-

94 1402 39 21 des
149 1404 24 18 är
188 1401 86 22 banken
291 1401 76 21 endast
379 1408 26 14 en
415 1401 76 28 kanal,
505 1401 140 26 hvarigenom
656 1400 59 21 detta
727 1401 73 21 silfver
809 1401 31 20 lö-

95 1443 43 22 per,
154 1435 40 23 och
209 1435 87 23 banken
312 1435 99 29 erlägger
428 1434 43 23 fem
489 1435 40 23 och
543 1441 26 15 en
587 1436 61 27 qvart
662 1435 100 28 procents
777 1436 63 23 ränta
