986 1773
772 139 40 21 165

98 203 83 27 vigtiga
201 203 48 22 skäl
265 203 68 22 måste
348 204 137 27 följaktligen
499 203 63 22 äfven
576 203 38 22 der
628 203 108 22 befunnits
751 204 89 27 påkalla

99 244 26 14 en
141 237 24 22 så
181 239 75 26 sträng
270 237 116 22 föreskrift.

165 271 92 22 Prosten
271 271 26 22 H.
313 272 94 21 Heikel
421 272 95 28 yttrade:
535 272 43 27 Jag
587 271 88 28 medger
685 272 57 21 hvad
753 274 86 25 prosten

98 305 77 22 Hellén
190 306 79 27 anfört,
286 308 32 19 att
330 306 183 27 privatbankerna
524 306 86 21 komma
620 308 32 19 att
662 306 66 21 ockra
738 307 28 26 på
777 309 63 19 stats-

98 340 98 21 bankens
218 340 131 29 bekostnad,
373 347 34 15 om
427 341 26 21 de
474 341 108 26 nemligen
601 340 22 21 få
638 340 70 22 inlösa
722 341 47 21 sina
784 347 56 20 egna

99 374 71 22 sedlar
185 375 50 21 med
250 375 146 22 statsbankens
410 376 75 27 sedlar,
502 375 70 22 såsom
588 375 104 21 utskottet
706 375 8 21 i
729 377 8 25 8
750 376 26 21 10
785 375 55 22 före-

99 409 49 28 slår,
171 416 48 15 men
242 409 111 22 hvaremot
371 409 41 28 jag
433 412 120 19 reserverat
572 409 51 27 mig.
652 410 50 21 Helt
718 412 66 19 annat
800 410 40 21 blir

97 443 155 29 förhållandet,
277 451 33 14 om
330 445 182 26 privatbankerna
529 444 113 28 förpligtas
661 447 31 18 att
707 444 71 22 inlösa
793 445 48 21 sina

99 479 72 21 sedlar
193 479 50 22 med
265 479 82 27 silfver;
367 479 28 21 dä
412 479 30 21 bli
459 479 35 28 de,
510 479 71 22 säsom
598 479 136 27 domprosten
749 479 92 22 Renvall

98 513 67 21 redan
181 513 79 27 anfört,
281 513 33 21 till
329 513 84 27 verklig
427 516 62 25 nytta
504 513 32 22 för
551 513 84 27 landet,
656 513 7 21 i
679 514 36 21 det
730 513 27 22 de
772 514 68 21 befor-

99 547 38 22 dra
160 547 218 29 mynteirkulationen
400 548 40 21 och
462 547 112 22 industrin.
605 548 39 21 Väl
663 547 127 29 medgifves,
810 550 31 19 att

99 582 154 23 statsbankens
269 582 163 22 sedelemission
448 582 91 22 sålunda
553 583 85 21 komme
650 584 31 20 att
691 583 7 20 i
708 583 72 27 någon
790 583 50 21 män

98 617 141 27 inskränkas,
260 618 40 21 och
315 617 49 22 dess
379 617 57 22 vinst
452 617 123 28 derigenom
592 617 62 21 äfven
669 617 107 28 minskas;
792 624 48 14 men

98 651 54 22 först
167 651 39 22 och
222 651 75 22 främst
313 654 23 19 är
352 651 162 22 sedelemission
530 651 49 22 icke
595 658 26 15 en
637 651 69 22 banks
722 651 56 22 enda
789 652 52 21 eller

98 688 55 20 mest
172 686 160 28 vinstgifvande
348 686 211 28 affärsverksamhet,
582 685 39 23 och
636 686 33 22 för
684 686 36 22 det
736 686 67 22 andra
818 689 23 19 är

98 721 50 22 hela
167 721 86 22 landets
271 722 63 27 nyttä
354 723 31 19 att
401 721 84 22 skattas
500 721 66 27 högre
582 723 28 19 än
625 720 97 22 bankens
736 721 66 28 vinst,
818 722 23 26 ty

99 755 37 22 det
154 758 24 19 är
199 763 26 14 en
245 758 46 19 stor
309 754 69 23 fördel
393 755 32 21 för
440 754 74 22 landet
529 757 32 19 att
576 754 64 22 hafva
656 755 77 27 sedlar,
750 762 45 14 som
810 754 31 22 in-

99 790 74 22 vexlas
192 790 49 21 med
257 790 73 22 silfver
346 790 39 21 och
401 790 91 21 sälunda
506 789 113 28 verkligen
634 791 148 26 representera
797 789 44 22 silf-

99 831 43 21 ver,
159 824 6 21 i
181 824 63 22 ställe
258 824 33 22 för
305 824 176 28 papperslappar,
496 830 45 15 som
556 824 29 26 gä
597 823 50 21 med
657 824 139 27 tvängskurs,
808 824 33 21 sä-

100 859 57 21 dana
179 859 21 21 vi
222 859 36 22 väl
279 858 72 22 kunde
371 858 23 21 fä
410 858 67 28 enligt
494 858 172 28 prestaständets
681 858 8 20 i
704 865 27 14 en
746 858 96 28 olycklig

99 893 64 22 stund
178 893 83 22 fattade
277 893 70 22 beslut
362 893 49 21 med
427 899 74 16 senare
517 893 63 22 delen
596 892 24 22 af
632 899 62 15 mom.
712 893 26 21 13
753 893 7 21 i
773 892 68 22 bank-

98 928 83 28 frägan.

166 962 126 23 Professorn
307 962 78 22 doktor
400 962 118 22 Geitlin:
536 961 156 22 Privatbanker
707 961 50 22 med
772 961 69 23 sedel-

99 997 163 28 utgifningsrätt
277 999 37 20 äro
332 997 39 22 hos
390 1003 34 15 oss
442 997 120 28 någonting
580 996 100 21 oerhördt
694 996 40 21 och
750 996 91 22 alldeles

99 1035 57 26 nytt,
176 1032 66 21 ehuru
257 1031 154 29 privatbanker
426 1034 51 19 utan
492 1031 68 22 sädan
576 1030 103 27 rättighet
693 1031 64 27 länge
772 1032 8 20 i
795 1032 47 20 värt

99 1067 52 22 land
173 1067 56 22 visat
252 1067 33 26 sig
307 1073 52 15 vara
380 1065 186 28 ändamälsenliga
584 1065 40 21 och
639 1065 126 28 gagneliga,
781 1065 61 22 säväl

99 1101 33 22 för
148 1101 145 22 allmänheten
309 1107 45 16 som
370 1099 32 23 för
417 1099 232 28 bankinrättningarna
659 1099 83 28 sjelfva.
763 1100 37 21 Att
810 1102 31 19 ut-

100 1136 59 27 gifva
181 1136 73 22 sedlar
275 1135 40 22 har
335 1135 95 21 deremot
450 1134 61 21 alltid
526 1134 56 21 varit
597 1134 153 21 statsbankens
766 1134 75 21 ensak.

100 1171 37 21 Att
159 1177 27 15 nu
209 1170 98 28 plötsligt
328 1169 88 27 öfvergå
438 1169 47 21 från
505 1169 60 21 detta
580 1167 133 22 förhållande
729 1167 39 22 och
784 1168 58 21 med-

99 1205 61 27 gifva
181 1205 61 21 säväl
265 1204 27 21 de
311 1210 77 21 genom
405 1203 131 22 association
552 1202 68 22 under
634 1202 116 22 solidarisk
766 1209 76 15 ansva-

99 1239 70 28 righet
185 1239 111 28 grundade
312 1238 88 27 banker,
416 1245 46 15 som
477 1238 40 21 ock
534 1237 57 28 dem,
605 1236 75 22 hvilka
695 1237 25 21 af
731 1239 59 26 tysta
804 1237 38 21 ak-

100 1274 96 27 tiebolag
215 1274 102 27 inrättas,
339 1272 231 28 sedeluteifningsrätt,
594 1277 64 22 synes
673 1271 45 28 mig
732 1278 52 18 vara
799 1278 44 20 nog

100 1308 147 23 brädstörtadt
263 1308 40 22 och
317 1308 50 21 leda
382 1307 33 21 till
430 1309 30 20 ett
475 1306 104 28 skadligt,
596 1306 108 21 måhända
718 1306 83 27 vädligt
812 1305 29 22 öf-

101 1343 80 23 verflöd
204 1343 25 22 af
248 1344 159 27 pappersmynt.
440 1342 43 27 Jag
498 1348 64 15 anser
576 1340 44 27 mig
636 1340 83 22 derföre
733 1340 53 22 böra
802 1340 39 22 för-

102 1384 41 15 ena
163 1378 44 27 mig
226 1377 50 22 med
291 1377 27 21 de
333 1376 68 22 värda
415 1376 77 28 talare,
509 1375 73 22 hvilka
598 1376 71 20 ansett
684 1375 70 21 sädan
768 1374 74 27 rättig-

101 1411 36 21 het
159 1412 74 20 kunna
254 1410 142 22 tillerkännas
419 1410 77 21 endast
518 1409 27 21 de
564 1408 160 28 privatbanker,
745 1416 45 14 som
806 1411 36 18 äro

101 1445 112 28 grundade
235 1445 28 29 pä
286 1444 116 23 solidarisk
423 1442 148 29 ansvarighet,
593 1442 99 28 hvarvid,
716 1442 67 27 enligt
800 1441 43 22 min
