986 1775
172 87 42 21 254

145 152 48 22 skäl
209 152 32 21 till
257 158 26 15 en
299 151 58 21 olika
373 150 139 22 skattebörda
527 150 54 22 efter
592 149 60 21 olika
661 149 123 27 tillgångar.
807 148 25 28 Ej
844 148 44 21 hel-

145 187 32 20 ler
197 186 55 21 hade
268 185 104 22 utskottet
387 185 134 26 konsegvent
535 183 121 28 genomfört
670 183 111 28 principen
797 185 32 19 att
844 182 44 21 alla

146 220 70 21 skulle
239 220 89 26 erlägga
349 219 46 21 lika
417 208 153 42 skyddsafgift,
591 212 27 33 ty
638 220 68 18 straxt
722 217 93 21 derefter
829 216 59 22 hette

146 255 37 21 det
199 256 31 19 att
244 254 72 21 denna
331 252 70 28 afgift,
422 252 6 21 i
444 251 142 23 betraktande
602 251 24 21 af
638 251 175 27 qvinnoarbetets
828 251 6 21 i
850 251 38 21 all-

146 288 87 21 mänhet
253 288 85 27 ringare
357 286 145 28 uppskattade
518 286 74 27 värde,
614 286 32 21 för
661 286 80 27 qvinna
757 285 65 21 borde
838 284 51 22 fast-

147 323 75 21 ställas
245 322 32 21 till
300 321 80 22 hälften
402 321 83 21 mindre
507 323 27 18 än
554 320 32 21 för
605 327 56 14 man.
690 319 78 22 Likväl
784 326 49 15 vore
849 319 40 21 för-

146 357 158 21 värfskällorna
319 355 62 22 äfven
397 355 33 22 för
444 357 48 19 män
509 355 69 27 olika,
594 354 39 21 och
644 354 47 27 just
700 354 29 27 på
740 354 71 21 denna
821 354 68 26 grund

146 391 67 21 borde
233 391 41 21 den
289 390 117 27 kejserliga
421 389 171 28 propositionens
608 388 173 27 klassindelning
795 388 95 22 föredra-

147 432 46 20 gas.
223 424 124 22 Professorn
363 424 75 21 trodde
454 423 34 22 väl
503 425 32 20 att
549 423 161 22 statsutskottet
724 422 96 22 förordat
835 422 56 21 allas

147 459 143 27 likställighet
305 458 90 27 derföre,
412 460 31 19 att
456 459 30 20 ett
496 457 78 22 sådant
584 457 197 28 beskattningssätt
791 464 38 15 var
840 457 50 21 enk-

147 495 54 26 lare,
213 493 100 28 jemnare
328 492 39 22 och
381 493 39 21 lätt
431 492 112 28 utförbart,
554 499 49 14 men
615 491 121 28 professorn
747 492 69 26 ansåg
826 491 65 22 dessa

147 528 94 21 fördelar
261 527 49 22 icke
330 529 76 24 utgöra
425 526 131 27 tillräckliga
574 525 49 22 skäl
639 528 31 19 att
685 525 99 23 förkasta
799 525 92 22 klassin-

149 562 125 27 delningen,
290 561 87 22 hvilken
393 561 62 27 afsåg
466 561 98 28 jemnhet
579 560 6 21 i
602 560 41 21 den
654 563 76 24 tunga,
744 567 46 15 som
801 560 24 21 af
833 560 58 21 skat-

147 599 36 19 ten
198 595 160 23 förorsakades.
389 595 81 22 Genom
486 595 225 27 klassbestämningen
727 595 83 22 skedde
824 595 68 21 också

147 631 64 27 ingen
228 630 113 27 orättvisa,
357 630 37 27 då,
410 630 67 26 enligt
491 629 56 22 hvad
563 629 121 29 professorn
700 629 111 27 uträknat,
826 629 65 27 ingen

149 665 123 27 derigenom
296 664 70 21 blefve
388 664 66 27 högre
474 663 116 22 beskattad
608 666 27 18 än
651 670 27 14 nu
694 670 38 14 var
747 663 66 21 fallet.
843 664 48 21 Men

149 699 36 21 det
201 698 62 22 fanns
279 698 18 28 ej
315 698 67 21 heller
397 698 47 21 skäl
460 699 32 20 att
507 698 85 21 minska
608 697 89 28 afgiften
713 697 33 22 för
761 697 41 22 den
819 697 34 22 del
871 698 25 20 af

149 732 169 28 medborgarene
333 739 45 14 som
394 732 105 22 härintills
515 732 67 21 betalt
598 738 58 15 mera
667 734 27 19 än
705 732 37 21 två
752 732 68 21 mark.
842 732 51 21 Pro-

148 767 83 21 fessorn
252 766 116 22 betviflade
390 766 48 22 icke
461 768 31 19 att
513 773 26 15 en
562 766 32 21 för
614 766 44 22 alla
673 766 46 21 lika
734 768 45 20 stor
793 767 99 27 personel

149 802 58 29 skatt
229 800 82 28 kunde,
335 800 123 27 derigenom
478 803 30 19 att
527 800 51 22 flere
594 803 26 19 än
636 800 26 22 de
678 808 44 14 som
739 801 106 21 härintills
861 808 31 14 er-

149 836 60 27 laggt
223 836 126 20 densamma
364 834 84 22 derföre
464 834 146 28 debiterades,
625 834 81 22 bereda
720 835 130 22 statsverket
866 842 26 15 en

149 870 103 26 inkomst,
275 869 151 21 motsvarande
442 869 36 20 det
493 869 79 28 belopp
587 876 46 13 som
648 869 100 22 hitintills
763 870 78 21 influtit
856 876 35 21 ge-

148 911 50 14 nom
217 904 44 21 alla
278 909 86 22 person-
380 903 39 21 och
435 903 82 21 röktals
532 903 108 27 utgäende
655 903 102 28 pälagor;
780 910 47 15 men
843 904 49 21 med

149 938 103 22 säkerhet
273 938 70 21 skulle
364 940 82 19 statens
466 937 118 22 inkomster
602 937 54 22 ökas
669 945 78 19 genom
763 937 129 23 klassindel-

149 973 91 27 ningens
263 971 158 22 bibehällande.
450 971 30 22 Af
500 971 64 23 dessa
586 971 48 23 skäl
654 972 51 22 ville
725 972 121 28 professorn
863 973 29 21 bi-

149 1007 63 22 träda
232 1007 117 22 statsrädet
364 1013 42 15 von
421 1007 68 21 Borns
503 1007 88 27 mening
606 1007 109 22 äfvensom
732 1007 41 22 den
789 1008 6 21 i
811 1007 81 28 kejser-

149 1042 45 26 liga
209 1041 159 28 propositionen
383 1041 121 27 föreslagne
520 1041 209 28 klassindelningen,
746 1044 55 19 samt
817 1041 76 22 trodde

149 1075 98 28 föröfrigt
269 1077 32 20 att
323 1075 130 22 statsverket
476 1075 17 28 ej
514 1075 70 22 blefve
604 1075 88 22 lidande
707 1083 34 14 om
757 1076 41 21 ock
811 1076 81 22 ridder-

150 1111 77 27 skapet
243 1109 38 22 och
298 1109 63 22 adeln
377 1110 139 27 undandroge
532 1111 34 27 sig
579 1109 118 28 gäldandet
712 1109 25 22 af
747 1111 145 28 mantalspen-

149 1151 83 20 ningar.

216 1179 207 27 Kontraktsprosten
446 1178 78 22 doktor
551 1178 129 22 Granfelt
705 1179 100 21 biträdde
828 1179 63 22 föröf-

148 1214 43 27 rigt
209 1213 121 29 professorn
350 1213 133 21 Schaumans
498 1214 96 27 mening,
611 1220 48 14 men
675 1214 70 27 ansäg
759 1214 58 21 skild
832 1214 60 21 skatt

150 1248 40 21 och
209 1250 52 19 taxa
279 1248 48 20 icke
344 1248 51 21 böra
410 1248 77 27 läggas
502 1248 13 21 ä
530 1248 163 28 gerningsmän,
709 1248 92 21 emedan
817 1254 25 15 en
858 1248 33 21 sä-

150 1282 42 21 dan
215 1281 83 29 princip
319 1281 81 22 stridde
420 1284 56 19 cmot
496 1281 179 28 näringsfriheten
695 1282 40 21 och
750 1282 141 22 förorsakade

149 1318 32 18 att
203 1316 64 26 ingen
289 1316 75 20 vidare
387 1315 69 21 skulle
477 1316 85 20 anmäla
582 1316 34 26 sig
632 1317 71 20 säsom
722 1316 169 27 handtverkare,

150 1356 49 14 men
219 1350 26 20 de
265 1348 61 22 fleste
347 1349 85 21 ändock
451 1349 69 21 drifva
536 1350 56 20 slika
607 1350 68 27 yrken
691 1350 28 27 pä
734 1350 68 27 grund
819 1350 24 21 af
855 1352 37 19 nä-

149 1383 158 28 ringsfriheten.
