989 1711
774 120 40 22 695

90 184 106 27 gationer,
214 184 39 21 ber
264 183 42 28 jag
321 186 32 19 att
367 184 23 21 få
405 185 105 21 anmärka
526 185 42 22 den
582 186 141 29 motsägelse,
740 192 47 16 som
802 186 40 29 lig-

90 224 39 21 ger
149 218 57 26 deri,
229 220 32 19 att
281 225 50 14 man
351 218 14 21 å
385 225 42 15 ena
445 219 63 22 sidan
524 221 43 20 sett
582 226 27 15 en
623 220 48 22 fara
685 220 34 22 för
733 221 88 21 banken
834 222 7 21 i

90 253 32 19 att
141 251 42 22 den
203 252 70 21 skulle
289 252 60 22 hålla
363 252 237 29 hypoteksföreningen
615 254 107 22 tillhanda
737 255 51 22 dess
804 263 37 14 an-

89 286 69 20 nuitet
173 286 6 19 i
195 286 74 21 silfver
284 286 33 21 för
333 286 36 21 det
384 287 146 27 garanterade
545 287 119 22 utländska
678 289 71 28 lånet,
764 296 48 15 men
828 291 14 20 å

89 319 69 22 andra
174 319 63 22 sidan
254 327 26 14 nu
298 320 119 28 tillstyrker
432 323 33 19 att
479 321 114 22 förvandla
606 322 99 22 bankens
723 323 118 28 tillgångar

89 354 32 21 till
142 353 248 29 hypoteksföreningens
409 355 150 28 obligationer,
576 355 34 22 för
625 358 32 20 att
672 357 103 22 använda
791 357 50 22 dem

88 388 33 21 till
137 388 169 29 silfveruppköp.
337 389 42 27 Jag
394 389 45 21 kan
454 390 49 21 icke
519 389 80 29 förstå,
610 390 54 22 huru
675 390 164 30 silfveruppköp

87 423 30 28 på
132 422 61 22 detta
208 425 43 19 sätt
267 423 57 22 skall
339 423 143 23 underlättas.
512 424 49 21 Kan
576 424 86 22 banken
674 425 49 22 icke
734 427 52 20 utan
797 426 42 21 för-

87 457 44 22 lust
153 460 98 25 prestera
273 457 236 29 hypoteksföreningen
533 458 50 22 dess
601 459 108 28 annuitet,
725 460 25 21 så
765 459 75 23 kunna

86 492 36 21 väl
149 492 72 21 denna
243 492 111 27 förenings
378 492 143 27 obligationer
543 493 50 22 icke
615 493 68 22 heller
705 497 52 18 utan
780 497 58 19 ännu

86 529 69 20 större
170 527 77 22 förlust
263 527 31 21 till
311 526 74 22 silfver
400 527 148 22 konverteras.

154 562 209 28 Kontraktsprosten
386 562 101 21 Hellén
509 562 51 22 ville
578 562 7 21 i
601 563 104 21 afseende
721 563 13 21 å
749 566 88 25 prosten

85 596 84 28 Berghs
190 596 145 28 anmärkning
353 598 44 19 mot
418 596 187 28 kommateringen
626 597 111 28 genmäla,
753 599 32 20 att
800 598 37 22 det

84 631 89 21 framför
189 630 61 22 ordet
267 630 99 27 ,hvilka*
384 632 58 20 satta
457 631 96 21 kommat
566 638 51 15 vore
628 631 87 27 ganska
725 631 110 29 behöfiigt,

85 666 28 21 dä
134 666 37 21 det
191 665 123 22 refererade
334 665 34 27 sig
388 665 32 21 till
436 665 27 21 de
479 667 96 20 närmast
590 665 132 28 föregäende
739 667 96 26 nomina,

83 700 39 22 och
146 702 33 19 att
201 707 34 14 om
259 700 37 21 det
314 699 162 22 bortlemnades
496 707 51 14 man
567 700 40 21 lätt
626 700 73 21 kunde
715 700 97 22 förvillas
828 701 8 21 i

84 734 103 22 afseende
211 734 13 21 &
247 734 119 28 tydningen
389 734 26 21 af
434 736 123 19 momentet,
587 733 81 22 Vidare
686 734 78 21 trodde
782 734 53 21 kon-

84 768 159 29 traktsprosten
266 769 32 20 att
321 767 249 29 hypoteksföreningens
595 767 144 28 obligationer
763 768 72 22 blefve

83 803 86 27 ganska
184 803 123 27 hegärliga,
323 802 25 21 sä
364 806 60 18 snart
439 802 127 28 föreningen
578 802 86 21 erhällit
675 802 38 21 sitt
723 802 112 22 tilltänkta

81 838 37 20 Jän
135 837 40 21 och
194 837 92 21 sälunda
301 836 86 22 komme
403 839 31 19 att
450 839 42 25 äga
506 836 74 22 silfver
591 836 31 21 till
634 837 153 21 motsvarande
798 837 36 21 be-

81 872 58 28 lopp.
170 872 10 20 I
200 871 103 21 afseende
324 870 13 22 &
357 873 87 25 prosten
463 871 83 28 Alopi
561 873 88 19 senaste
664 871 103 28 yttrande
782 871 52 22 ville

82 906 205 27 kontraktsprosten
300 905 115 27 anmärka,
427 908 30 19 att
469 905 36 21 det
516 912 51 15 vore
577 912 27 14 en
615 907 45 19 stor
670 905 88 22 skilnad
769 906 65 21 emel-

82 941 35 21 lan
137 943 32 19 att
188 940 73 22 betala
276 940 123 21 annuiteter
415 940 39 21 och
470 942 32 19 att
517 939 98 29 uppbära
629 941 63 20 ränta
707 940 29 28 på
751 940 82 27 obliga-

82 976 75 21 tioner.

150 1008 126 22 Professorn
291 1008 121 22 Geitlin:
431 1009 76 26 Någon
523 1008 25 21 af
560 1008 133 27 föregående
709 1008 69 21 talare
793 1008 40 21 har

81 1046 84 24 nämnt,
187 1045 32 19 att
238 1049 51 15 man
309 1042 50 22 sökt
374 1042 111 28 förlöjliga
499 1042 42 22 den
557 1042 26 21 af
595 1042 106 22 utskottet
716 1042 116 22 förordade

81 1078 40 22 och
143 1077 126 27 föreslagna
292 1076 106 28 åtgärden
419 1078 31 20 att
469 1076 130 22 konvertera
615 1076 109 28 primitiva
739 1076 93 22 fondens

81 1112 118 28 tillgångar
211 1112 33 20 till
257 1110 160 22 räntebärande
433 1111 150 27 obligationer.
608 1111 67 21 Detta
686 1111 39 21 har
736 1111 96 21 tvifvels-

80 1149 52 20 utan
151 1145 104 22 afseende
273 1146 13 21 å
302 1153 26 14 en
344 1145 7 21 i
367 1145 83 27 dagens
465 1145 111 22 allmänna
591 1144 85 28 tidning
691 1145 72 22 införd
778 1152 52 21 upp-

81 1183 45 20 sats
142 1187 34 15 om
193 1180 190 24 ,bankutskottets
396 1179 139 22 betänkande
547 1179 114 27 angående
673 1179 106 28 styrelsen
791 1179 40 22 och

80 1215 160 27 förvaltningen
262 1214 25 21 af
306 1214 105 21 Finlands
434 1214 83 27 bank";
540 1220 48 15 men
607 1213 73 22 sävidt
691 1213 42 28 jag
747 1213 85 22 kunnat

79 1250 56 21 fatta
151 1249 72 22 denna
238 1247 188 29 tidningsartikels
441 1248 106 27 innehåll,
563 1247 68 27 angår
647 1247 41 22 den
701 1247 130 22 hithörande

80 1283 174 27 anmärkningen
274 1282 125 28 egentligen
415 1282 54 22 blott
484 1281 248 29 hypoteksföreningens
748 1281 83 28 obliga-

81 1319 74 26 tioner,
173 1320 23 25 ty
212 1317 37 22 det
264 1317 69 22 heter:
351 1334 8 9 ,
364 1316 76 22 Skulle
455 1316 249 29 hypoteksföreningens
715 1315 115 28 obligatio-

79 1358 39 15 ner
133 1351 74 22 kunna
223 1351 31 21 till
271 1351 163 27 silfveruppköp
453 1351 122 26 användas,
594 1350 71 21 skulle
682 1350 36 21 väl
736 1350 93 21 förenin-

79 1392 54 23 gens
149 1385 105 28 ställning
269 1384 134 30 längesedan
419 1391 53 16 vara
487 1384 42 24 den
545 1385 56 21 mest
615 1383 169 23 blomstrande,"
