989 1723
772 122 41 24 279

90 189 163 29 prestaståndet
268 188 37 22 vid
319 188 147 23 innevarande
482 189 108 29 landtdag
600 189 123 23 inlemnade
734 190 107 28 valproto-

91 223 45 22 koll
151 223 34 22 för
200 223 42 22 den
258 223 11 21 5
287 223 98 23 sistlidne
401 224 95 28 augusti,
512 224 40 21 och
567 224 75 22 hvilka
657 224 185 28 besvärspunkter

91 258 25 22 af
131 257 38 23 det
187 257 135 29 högvördiga
337 258 87 22 ståndet
438 259 8 21 i
462 258 103 22 afseende
581 259 13 21 å
608 259 120 27 beredning
743 259 33 21 till
791 259 51 22 dess

91 292 175 22 besvärsutskott
286 292 162 28 öfverlemnats,
471 292 144 22 förekommer
634 292 63 22 äfven
713 295 31 19 ett
759 300 35 14 om
809 295 32 19 ut-

91 325 111 23 verkande
217 326 26 21 af
258 325 128 28 fullständig
400 326 127 27 portofrihet
541 325 34 23 för
590 326 102 27 samtliga
707 326 134 29 presterska-

90 362 37 27 pet
143 360 37 22 vid
194 359 145 23 förefallande
353 360 134 28 brefvexling
500 360 8 22 i
523 360 182 22 embetsärender.

159 394 129 22 Sedermera
302 394 40 21 har
357 394 37 21 det
409 394 135 28 högvördiga
559 394 88 22 ståndet
661 395 7 21 i
684 394 116 22 enahanda
810 394 30 22 af-

90 428 81 24 seende
187 428 100 28 delgifvit
301 428 106 22 utskottet
422 428 78 23 härhos
516 428 142 29 återgående,
679 429 25 22 af
716 428 124 23 kontrakts-

90 465 88 27 prosten
193 463 8 22 i
215 462 136 23 Tavastehus
371 463 91 28 prosteri
478 463 79 22 doktor
572 463 99 22 Granfelt
686 464 14 21 å
715 463 51 22 dess
781 463 60 22 kom-

89 498 122 22 mittenters
227 500 83 25 vägnar
325 497 32 22 till
373 497 87 22 ståndet
475 497 124 22 inlemnade
610 497 185 29 petitionsförslag
805 505 35 14 om

90 532 195 29 klockarepostens
296 531 138 23 afskaffande
445 534 56 20 samt
511 532 130 22 fribrefsrätt
650 531 34 23 för
693 532 148 27 församlings-

89 569 128 26 pastorerne
231 566 7 21 i
255 566 135 28 embetsväg,
410 566 3 21 i
429 566 157 27 sammanhang
597 566 103 21 hvarmed
712 566 63 22 äfven
786 565 54 22 före-

90 601 77 28 slagits
190 600 124 23 inrättande
335 601 24 21 af
376 600 232 23 klockareseminarier
627 600 40 21 och
680 600 124 28 förhöjning
820 599 24 22 af

90 635 195 23 klockarelönerne
303 636 56 20 samt
374 634 66 28 högre
454 635 81 22 ställda
550 635 122 26 fordringar
686 634 29 28 på
730 633 110 23 blifvande

90 670 115 27 klockare,
228 669 126 29 isynnerhet
373 669 50 22 med
441 669 103 22 afseende
559 669 15 21 å
589 668 251 29 barnaundervisningen

90 707 56 20 samt
161 704 159 27 koralsångens
335 703 134 22 utbildande.

157 739 62 22 Efter
232 740 32 20 att
280 737 65 23 hafva
360 738 55 27 tagit
430 738 100 28 samtlige
546 737 66 23 dessa
627 737 165 28 önskningsmål
803 743 37 16 un-

89 775 39 20 der
144 773 90 28 behörig
249 772 109 29 pröfning,
374 772 33 22 får
422 773 105 22 utskottet
542 772 7 21 i
565 771 119 28 anledning
694 771 25 22 af
729 771 112 22 desamma

91 807 100 24 meddela
206 807 97 29 följande
319 807 149 22 betänkande:

157 841 146 24 Alldenstund
322 841 228 29 kontraktsprostarne
571 841 39 22 och
629 841 211 28 församlingspasto-

90 885 62 15 rerne
172 877 113 23 allaredan
305 879 37 19 äro
361 876 137 28 berättigade
516 876 33 22 till
564 876 66 22 fribet
644 876 47 21 från
698 874 144 29 erläggande

91 914 24 22 af
134 912 128 29 portoafgift
283 911 38 23 vid
343 911 64 22 deras
426 910 136 28 brefvexling
577 910 7 22 i
600 910 177 22 embetsärender
792 910 49 21 med

91 950 60 20 snart
171 947 66 27 sagdt
257 946 45 22 alla
321 946 28 21 de
367 946 156 28 myndigheter,
547 945 49 22 med
612 945 75 22 hvilka
702 944 70 22 sådan
787 944 55 21 bref-

89 982 89 28 vexling
193 981 34 23 för
241 981 50 21 dem
307 980 44 22 kan
366 980 87 22 komma
466 980 8 21 i
489 980 71 28 fråga,
576 982 57 19 samt
648 979 28 21 då
690 978 119 22 vinnandet
820 978 25 22 af

90 1017 43 21 den
152 1016 99 22 önskade
269 1015 111 22 förmånen
400 1014 32 22 för
452 1014 98 22 ståndets
571 1014 45 21 alla
631 1013 141 21 medlemmar
786 1012 54 22 såle-

90 1052 39 21 des
152 1050 97 22 hvarken
272 1052 25 19 är
319 1048 24 22 af
362 1049 72 27 någon
457 1048 111 28 synnerlig
587 1047 55 28 vigt,
662 1047 53 21 eller
730 1046 50 22 dess
796 1046 44 22 oin-

91 1085 107 23 skränkta
217 1082 153 29 medgifvande
389 1082 50 22 med
454 1084 72 26 någon
542 1080 139 24 sannolikhet
696 1081 45 21 kan
756 1080 84 22 förvän-

90 1123 44 25 tas,
156 1119 93 21 likasom
269 1118 14 21 å
301 1116 69 22 andra
384 1116 64 22 sidan
464 1123 26 15 en
506 1116 66 27 nödig
587 1115 148 28 begränsning
750 1114 39 22 och
806 1114 35 21 be-

91 1154 110 27 stämning
216 1152 25 22 af
248 1151 69 29 sagde
327 1150 137 30 portofrihets
475 1150 152 27 utsträckning
636 1149 50 22 icke
696 1148 62 22 torde
768 1148 74 27 undgå

91 1190 32 20 att
142 1190 59 19 möta
222 1185 152 23 vidtutseende
393 1185 115 28 praktiska
524 1183 143 28 svårigheter;
690 1183 25 21 så
731 1189 63 15 anser
810 1185 31 19 ut-

91 1222 82 22 skottet
193 1221 37 21 det
248 1227 53 15 vara
319 1219 158 22 ändamålslöst
490 1218 41 22 och
544 1218 52 27 föga
611 1216 129 22 välbetänkt
755 1223 33 15 om
805 1216 37 21 det

91 1255 135 29 högvördiga
241 1253 88 23 ståndet
345 1253 70 22 skulle
429 1253 32 21 till
471 1254 62 20 Hans
543 1251 124 28 Kejserliga
677 1250 103 28 Majestät
790 1250 52 27 ingå

91 1290 50 22 med
156 1288 136 28 underdånig
307 1288 91 28 petition
413 1287 31 21 uti
458 1285 169 29 ifrågavarande
642 1285 64 28 syfte.

159 1322 140 24 Beträffande
313 1322 69 22 sedan
397 1321 108 29 yrkandet
517 1321 29 28 på
556 1320 194 27 klockarepostens
762 1318 80 22 afskaf-

91 1358 76 27 fande,
190 1357 69 21 finner
280 1356 106 22 utskottet
407 1355 33 21 för
462 1356 34 20 sin
518 1354 36 21 del
574 1360 27 14 en
617 1353 69 21 sådan
702 1352 78 27 åtgärd
794 1352 49 20 icke

91 1392 75 22 kunna
188 1389 137 29 genomföras
349 1389 65 21 innan
435 1387 155 29 postväsendet
605 1386 155 22 underkastats
776 1392 26 14 en
818 1385 25 21 så

92 1425 128 32 fullständig
244 1424 182 32 reorganisation,
455 1425 32 21 att
509 1421 183 29 klockareposten
718 1419 125 31 derigenom
