986 1773
657 124 8 12 +
763 119 40 22 209

93 181 14 24 å
128 180 161 31 fältprostetitel
311 190 49 15 vore
378 181 46 24 från
440 181 154 32 stämpelafgift
609 183 82 23 befriad
706 184 52 22 eller
772 185 58 26 icke,

92 217 51 22 ville
163 218 84 22 talaren
266 217 66 23 hafva
351 218 156 28 uttryckeligen
526 219 110 27 stadgadt.
664 219 167 22 Direktionerna

92 251 33 22 för
147 252 130 27 dårvården,
301 253 108 21 allmänna
429 253 57 28 sjuk-
502 253 39 21 och
556 252 108 23 kurhusen
679 255 56 20 samt
750 253 80 22 arbets-

92 286 40 21 och
154 287 308 27 korrektionsinrättningarne
485 287 67 27 ansåg
574 287 83 22 talaren
674 287 62 27 böra,
760 288 70 21 såsom

88 320 83 28 jemväl
193 321 202 28 kontraktsprosten
417 321 62 22 Sirén
497 321 73 29 yrkat,
592 321 80 22 befrias
689 321 47 22 från
751 321 80 28 begag-

91 355 80 22 nandet
195 355 24 22 af
238 355 118 28 stämpladt
377 362 87 22 papper,
488 357 55 20 samt
560 355 106 22 instämde
684 356 101 27 slutligen
800 357 31 20 uti

91 389 42 22 den
148 390 25 21 af
185 390 162 28 borgmästaren
362 391 103 27 Juselius,
481 389 133 23 beträffande
628 390 110 28 kartering
748 391 24 21 af
779 391 51 21 han-

91 424 127 23 delsböcker
237 424 39 23 och
292 425 177 28 hyreskontrakt,
488 427 44 20 mot
546 424 147 23 betänkandet
707 425 124 28 nedlaggda

91 459 139 22 reservation.

158 495 89 22 Prosten
266 495 144 28 Grönberg
425 495 68 28 ansåg
507 496 33 20 att
554 494 32 23 för
601 494 109 28 redighets
725 494 56 23 skull
792 495 38 28 fa-

91 529 151 22 briksarbetare
264 529 66 22 borde
352 532 106 26 upptagas
481 529 67 22 under
567 536 84 15 momm.
671 531 11 20 7
698 529 40 22 och
754 531 12 20 8
780 536 50 22 pag.

91 565 32 27 17,
142 564 77 22 såvida
234 564 63 23 desse
313 565 19 28 ej
348 565 73 22 kunde
435 564 102 23 hänföras
552 564 33 22 till
599 564 68 23 under
681 571 62 15 mom.
760 566 11 20 7
787 571 43 15 om-

89 599 96 22 nämnda
200 599 187 30 fabrikslärlingar
401 600 39 22 och
456 600 99 29 drängar.

156 634 208 29 Kontraktsprosten
384 634 101 23 Hellön
506 634 56 22 hade
584 633 76 29 begärt
678 634 61 22 ordet
754 633 77 24 endast

89 668 33 22 för
142 670 31 20 att
193 669 132 27 vederlägga
340 669 137 29 domprosten
491 668 101 23 Renvalls
608 669 118 28 pästäende
741 671 33 20 att
789 669 42 22 den

89 704 124 28 minskning
221 704 6 21 i
236 704 312 28 kartasigillatabevillningen,
557 710 47 15 som
611 703 151 23 förorsakades
771 703 64 23 deraf

90 740 32 20 att
144 738 36 22 det
199 738 7 22 i
227 738 42 23 den
286 738 80 28 nädiga
381 738 159 29 propositionen
555 738 123 28 föreslagna
692 738 72 28 lägsta
779 745 51 22 upp-

89 773 191 29 teckningsvärde,
304 774 85 21 hvartill
412 773 117 29 stämpladt
548 780 82 22 papper
648 772 36 23 vid
699 773 131 28 bouppteck-

89 808 77 28 ningar
188 809 66 21 borde
277 808 120 28 begagnas,
421 808 24 22 af
461 808 105 22 utskottet
584 808 56 28 höjts
656 808 31 22 till
702 808 42 22 300
759 808 71 27 mark,

89 843 71 22 skulle
182 842 117 28 godtgöras
322 843 125 28 derigenom
469 845 31 19 att
518 842 105 22 utskottet
637 842 79 28 förhöjt
730 842 100 28 stämpel-

89 877 184 29 pappersafgiften
293 877 32 23 för
345 877 135 28 förmögnare
498 876 108 29 sterbhus;
629 878 23 27 ty
667 878 32 21 att
713 876 117 23 minsknin-

89 920 42 21 gen
146 913 125 27 härigenom
286 913 72 22 kunde
370 915 101 26 ersättas,
481 919 50 16 vore
542 913 66 27 enligt
619 912 212 28 kontraktsprostens

89 948 58 27 äsigt
167 948 18 27 ej
207 947 68 22 fallet.
304 948 121 27 Förmögna
445 948 98 22 sterbhus
560 954 51 15 vore
626 947 7 21 i
649 947 117 21 allmänhet
780 946 51 23 säll-

89 984 65 27 syntä
175 982 40 22 och
236 989 43 21 om,
303 983 71 21 såsom
393 982 6 21 i
418 983 41 21 den
475 982 80 28 nådiga
569 982 159 28 propositionen
743 981 88 22 föresla-

89 1017 52 28 gits,
158 1017 314 28 bouppteckningsinstrument
485 1017 126 22 karterades
622 1016 53 21 efter
686 1016 48 27 ark,
746 1017 33 27 sä,
792 1015 39 22 och

90 1051 29 22 då
138 1051 6 22 i
165 1052 79 27 många
264 1051 63 22 äfven
346 1050 123 23 skuldsatta
483 1052 43 21 bon
540 1050 68 29 sagde
623 1051 127 22 instrument
764 1050 67 22 vanli-

89 1093 43 20 gen
147 1086 68 22 måste
229 1086 93 22 skrifvas
338 1087 28 27 på
381 1087 25 20 12
423 1088 12 19 å
450 1087 25 20 13
491 1086 49 26 ark,
556 1085 76 28 gjorde
648 1085 68 28 detta,
730 1085 48 21 med
790 1084 42 21 den

90 1121 6 20 i
112 1121 160 28 propositionen
292 1121 121 27 föreslagna
430 1121 61 28 lägre
506 1120 71 29 afgift,
601 1119 55 22 dock
671 1119 33 22 för
719 1121 71 20 staten
805 1125 26 15 en

91 1158 67 19 större
174 1155 103 29 inkomst,
294 1158 27 19 än
336 1155 42 22 den
394 1155 24 22 af
430 1155 105 22 utskottet
549 1155 123 27 föreslagna
682 1155 67 26 högre
760 1153 71 28 afgift,

90 1190 113 22 beräknad
217 1191 7 20 i
240 1193 31 19 ett
285 1190 33 22 för
333 1191 39 20 allt
387 1190 54 22 efter
456 1193 31 19 ett
501 1189 109 23 bestämdt
624 1189 120 28 procenttal
759 1188 25 21 af
795 1188 36 21 be-

90 1225 132 27 hållningen.
241 1225 63 22 Enda
314 1225 80 22 medlet
405 1227 31 19 att
446 1225 7 21 i
464 1225 59 22 detta
534 1224 102 23 afseende
646 1223 96 22 undvika
752 1223 79 22 minsk-

90 1259 52 29 ning
157 1260 6 21 i
179 1262 82 20 statens
275 1259 125 29 inkomster,
421 1266 50 15 vore
487 1261 31 20 att
533 1258 110 23 bibehålla
659 1258 40 21 den
715 1258 7 21 i
736 1257 95 29 proposi-

90 1294 73 22 tionen
182 1294 124 28 föreslagna
320 1294 137 28 bestämning
472 1296 31 20 att
518 1292 315 29 bouppteckningsinstrument

91 1328 63 22 skola
173 1328 108 28 karteras,
304 1328 88 22 såframt
407 1329 62 21 boets
484 1328 124 28 behållning
623 1328 82 28 uppgår
720 1327 33 21 till
768 1326 64 22 minst

93 1364 40 20 150
155 1363 66 21 mark.
252 1363 116 21 Likaledes
387 1363 68 28 ansåg
473 1362 201 28 kontraktsprosten
690 1361 57 21 båda
762 1367 70 15 exem-

91 1398 75 26 plaren
181 1398 53 20 böra
249 1398 107 25 karteras,
373 1397 68 26 enligt
455 1397 57 21 hvad
527 1398 7 20 i
550 1396 41 21 den
607 1396 117 26 kejserliga
738 1394 94 27 proposi-

91 1432 73 20 tionen
184 1431 123 27 föreslagits
328 1431 39 21 och
385 1430 57 22 förut
460 1430 62 22 äfven
537 1430 56 21 varit
608 1430 88 27 vanligt.
726 1428 108 27 Föröfrigt

115 1473 53 23 Högv.
181 1474 132 17 Prestaståndets
326 1473 63 18 Protok.
414 1472 25 18 II.
747 1473 19 15 14
