989 1770
783 139 41 19 433

105 198 51 28 diga
172 199 160 28 propositionen
350 200 113 26 angående
479 201 92 27 ändring
587 202 24 20 af
621 201 187 28 lagstadgandena
821 206 31 17 rö-

104 232 67 22 rande
188 233 96 27 ägofred.

171 267 210 27 Kontraktsprosten
398 267 73 22 Sirén
486 268 97 27 yttrade:
602 269 48 20 Den
666 275 28 14 nu
709 269 143 22 förevarande

104 300 180 27 ägofredsfrågan
307 303 29 25 är,
360 300 47 21 med
429 302 103 20 afseende
551 302 13 20 å
575 302 130 27 jordbruket
721 303 40 21 och
777 303 75 27 skogs-

103 334 177 28 hushållningen,
302 342 26 14 en
349 335 25 21 af
390 335 146 28 landtdagens
552 336 157 26 angelägnaste
725 337 71 27 frågor
812 337 39 21 och

103 368 85 22 fordrar
203 369 86 22 således
305 369 42 21 den
363 369 168 28 skyndsamaste
547 370 92 27 lösning.
659 370 38 22 Att
707 371 42 21 den
760 371 92 21 sålunda

103 403 70 21 blifvit
189 403 84 21 ansedd
288 403 25 21 af
326 403 202 28 ständerutskottet,
545 411 65 21 synes
621 404 25 21 af
653 405 117 21 utskottets
781 408 70 24 proto-

103 438 45 21 koll
168 438 33 21 för
221 438 43 21 den
279 439 27 20 23
318 438 88 27 januari
423 440 60 25 1862,
499 438 88 22 hvarest
602 445 49 20 pag.
667 440 26 20 55
710 439 76 27 frågan
801 440 49 21 med

102 472 27 21 36
151 474 69 19 röster
243 475 57 19 emot
323 473 24 20 11
372 473 70 21 blifvit
465 473 72 21 såsom
555 473 140 21 brådskande
711 473 91 21 hänförd
818 474 32 20 till

102 507 54 20 1:sta
172 506 89 21 klassen
276 506 67 21 bland
359 506 58 28 dem,
434 513 45 15 som
495 507 37 21 vid
547 507 134 26 landtdagen
697 507 67 22 borde
779 507 22 22 få
817 508 33 21 sin

101 540 95 27 lösning,
220 540 111 22 äfvensom
354 540 80 22 sakens
456 541 45 26 vigt
521 541 127 27 ytterligare
669 541 86 27 styrkes
771 541 24 21 af
808 541 41 21 den

101 574 124 21 diskussion
242 574 72 21 derom
330 574 103 21 förevarit
449 574 39 21 och
504 575 45 21 står
564 576 31 19 att
610 574 59 22 läsas
680 575 6 20 i
698 574 68 28 sagde
779 577 70 25 proto-

100 608 46 21 koll
161 615 49 21 pag.
225 609 41 21 389
282 608 40 22 och
337 608 104 28 följande.
471 609 76 21 Redan
562 608 27 21 då
603 615 40 14 var
652 616 50 14 man
713 615 51 15 ense
776 609 73 21 derom

101 644 32 20 att
141 642 251 28 stängselförordningen
401 643 43 21 af
432 638 12 36 9
452 642 53 22 febr.
515 644 54 20 1802
577 642 70 22 hvilar
655 643 28 27 på
693 650 25 14 en
727 642 56 22 falsk
793 643 56 27 prin-

101 677 34 27 cip
152 677 40 21 och
208 677 78 21 strider
302 679 56 19 emot
373 677 146 28 grundsatser,
536 684 46 14 som
597 677 7 21 i
621 677 63 27 öfrigt
698 677 7 21 i
719 677 131 27 lagstiftnin-

101 718 42 20 gen
158 711 58 27 gjort
231 712 34 26 sig
280 711 109 27 gällande.
421 712 87 21 Samma
523 712 81 26 åsigter
617 713 69 27 yttras
698 707 75 37 jemväl
787 712 5 20 i
804 712 45 26 lag-

101 746 40 20 och
158 745 232 22 ekonomieutskottets
406 746 139 21 betänkande
560 752 65 21 pagg.
639 747 19 26 4,
676 746 11 20 5
704 745 40 21 och
760 747 12 20 6
784 746 65 21 ehuru

101 780 14 21 ä
131 786 49 21 pag.
196 781 18 26 5,
236 780 90 21 raderne
343 781 76 27 5—10,
442 787 25 14 en
483 780 99 28 pätaglig
596 780 132 27 motsägelse
743 780 107 22 förekom-

101 820 51 15 mer.
182 814 42 21 För
247 814 42 20 min
312 813 36 22 del
370 814 44 21 kan
429 814 41 27 jag
489 814 18 28 cj
523 816 67 19 annat
606 816 27 19 än
649 814 104 28 beklaga,
770 816 32 19 att
818 816 31 18 ut-

101 848 91 28 skottet,
209 848 54 21 efter
285 848 79 27 mänga
387 848 126 22 reflexioner
535 854 38 22 pro
593 850 21 19 et
629 850 83 25 contra,
729 848 19 28 ej
765 848 84 21 kunnat

99 882 76 21 förena
198 883 34 26 sig
254 889 34 14 om
308 882 67 27 något
390 882 109 21 bestämdt
512 882 91 21 resultat
619 884 51 19 utan
686 884 88 19 stannat
789 882 6 20 i
812 882 36 19 det

101 916 89 27 slutliga
205 916 64 27 högst
284 916 134 21 nedslående
434 916 78 27 beslut,
530 916 36 21 det
582 917 67 20 måtte
665 916 117 21 ständerna
792 915 7 21 i
810 922 38 14 un-

101 950 143 27 derdånighet
260 950 88 21 anhålla
364 953 32 18 att
411 951 60 21 Hans
486 950 124 28 Kejserliga
625 950 102 27 Majestät
741 950 51 21 ville
802 949 47 22 låta

99 985 99 21 utarbeta
214 987 30 18 ett
260 986 48 26 nytt
323 985 119 27 lagförslag
457 985 5 21 i
479 986 80 25 ämnet,
571 984 33 21 för
615 986 31 19 att
657 983 36 22 vid
704 986 63 19 nästa
777 983 69 22 landt-

100 1019 43 27 dag
159 1019 117 22 ständerna
290 1019 131 27 föreläggas.
456 1020 37 21 Ett
509 1019 78 22 sådant
603 1018 96 28 uppskof
711 1025 50 15 vore
776 1018 7 21 i
800 1025 48 14 san-

99 1054 53 27 ning
174 1054 122 27 beklagligt
318 1060 28 14 nu
368 1054 28 20 då
418 1053 75 27 hvarje
512 1053 146 27 jordbrukare
679 1053 49 21 med
744 1052 104 27 otålighet

101 1090 77 18 väntar
197 1088 28 27 på
240 1088 88 27 frågans
344 1088 86 26 lösning
445 1088 39 20 och
501 1087 28 21 då
543 1088 106 20 utskottet
661 1086 83 28 jemväl
761 1086 88 28 medger

99 1123 32 19 att
143 1122 71 21 denna
224 1122 138 26 lagstiftning
372 1130 62 18 ,vore
445 1122 8 20 i
457 1122 232 28 jordbruksnäringens
699 1121 150 28 välförstådda

99 1156 108 20 intresse."
236 1155 176 28 Rättsprineipen
428 1158 23 18 är
466 1155 83 21 uttalad
567 1155 39 21 och
623 1154 82 22 erkänd
721 1154 39 22 och
776 1154 28 27 pä
822 1161 26 14 en

99 1190 69 21 sädan
184 1190 83 27 princip
284 1192 23 19 är
322 1190 161 27 propositionen
499 1188 25 22 af
536 1190 61 20 Hans
612 1188 123 28 Kejserliga
746 1188 102 27 Majestät

99 1223 128 22 framställd.
258 1223 112 22 Utskottet
384 1223 89 27 medger
487 1222 63 22 äfven
562 1225 31 19 att
605 1229 82 15 samma
697 1222 83 28 princip
792 1222 58 27 gjort

100 1258 34 27 sig
153 1257 103 28 gällande
277 1258 7 21 i
305 1257 68 21 andra
393 1257 155 22 kulturländer.
578 1256 105 22 Hvarförc
702 1256 38 22 vill
755 1263 49 14 man
821 1256 28 20 dä

100 1299 29 14 nu
152 1292 40 21 hos
214 1298 36 15 oss
272 1292 118 28 uppskjuta
410 1292 33 20 till
459 1298 26 15 en
502 1291 79 22 osäker
596 1291 87 21 framtid
698 1290 152 28 afhjelpandet

101 1326 25 21 af
139 1328 30 19 ett
186 1326 61 27 ondt,
264 1333 45 14 som
320 1325 41 22 likt
372 1333 26 14 en
408 1326 131 27 landspläga
549 1327 62 25 tungt
622 1325 69 21 hvilar
701 1324 29 28 pä
739 1324 110 21 landtbru-

101 1360 40 21 ket
155 1359 39 22 och
209 1359 97 22 hämmar
322 1359 50 22 dess
387 1359 116 27 framsteg?
527 1359 48 21 Men
591 1359 37 20 det
642 1359 38 21 vill
696 1364 66 21 synas
778 1358 71 21 säsom

102 1393 70 21 skulle
193 1394 106 19 utskottet
319 1394 107 26 uppfattat
445 1393 42 20 den
505 1393 119 26 kejserliga
639 1391 160 28 propositionen
816 1391 31 20 sä-

101 1425 76 28 lunda,
202 1428 30 19 att
256 1426 36 20 det
314 1425 63 28 äläge
397 1425 116 22 ständerna
533 1428 31 17 att
580 1425 77 21 endast
671 1427 56 25 yttra
744 1425 33 25 sig
790 1423 59 21 öfver

124 1469 54 21 Högv.
193 1469 131 16 Prestaständets
337 1468 65 17 Protok.
429 1467 22 16 II.
760 1468 20 14 28
