989 1692
173 92 41 20 258

146 156 107 26 ningarna
275 155 54 21 eller
351 155 28 21 de
398 154 115 27 personela
528 153 143 28 utskylderna
687 160 45 14 som
749 160 27 14 en
792 152 106 28 ,skydds-

147 189 62 27 afgift
231 189 33 21 för
284 188 37 21 det
343 188 170 26 medborgarene
533 188 69 20 under
617 189 84 19 statens
718 187 59 27 hägn
793 187 21 21 få
830 187 68 20 anlita

147 222 48 21 dem
220 222 33 21 till
276 222 55 21 buds
353 222 91 21 stående
462 222 187 28 förvärfskällor*
671 221 41 21 och
733 222 29 27 pä
785 220 69 28 grund
877 220 25 22 af

148 256 190 27 ngvinnoarbetets
354 256 7 20 i
376 255 119 22 allmänhet
510 256 85 26 ringare
610 255 148 28 uppskattade
773 254 80 22 värde"
868 254 30 22 bi-

146 290 59 21 trädt
227 290 42 21 den
289 289 80 27 nädiga
385 289 173 28 propositionens
573 289 82 27 förslag
671 291 32 20 att
718 289 102 22 nedsätta
836 288 63 27 afgif-

147 326 35 19 ten
198 323 33 22 för
246 323 81 27 gvinna
342 323 33 21 till
389 323 82 21 hälften
486 323 25 21 af
526 323 42 22 den
583 323 33 21 för
631 330 59 21 man,
715 323 40 21 och
771 323 60 22 detta
847 323 52 20 oak-

146 357 48 21 tadt
217 357 95 27 gvinnan
333 357 25 21 af
375 357 116 22 samhället
511 357 94 28 ätnjuter
619 357 35 21 väl
671 358 24 21 sä
711 359 53 20 stort
780 357 72 28 skydd
867 356 33 22 för

147 391 33 22 sin
195 397 80 21 person
290 397 45 15 som
352 398 102 21 mannen,
470 391 85 22 kanske
571 393 78 25 större,
665 394 53 19 enär
733 394 31 19 ett
779 392 45 21 helt
838 391 62 28 kapi-

147 425 30 21 tel
191 425 7 20 i
213 425 66 27 lagen
294 427 25 19 är
334 425 81 26 egnadt
431 425 22 20 ät
469 425 81 21 vården
566 431 34 14 om
617 425 156 27 ,gvinnofrid.*
797 425 102 22 Tuföran-

148 459 36 21 det
200 459 24 20 af
237 466 28 14 en
279 459 34 21 för
327 458 45 21 alla
385 458 246 23 samhällsmedlemmar
641 459 47 22 lika
699 460 100 28 persone]
810 460 90 28 utskyld

147 493 104 22 innebure
270 499 26 15 en
317 493 112 28 sämycket
449 496 68 19 större
533 493 122 28 obillighet,
679 501 45 15 som
736 494 48 28 just
800 495 26 21 de
842 495 58 21 fatti-

147 529 62 25 gaste
225 527 222 22 samhällsklasserna
461 527 86 22 komme
563 529 32 20 att
609 530 56 19 mest
680 529 46 21 lida
741 529 29 27 pä
785 529 42 22 den
845 529 55 22 före-

148 561 78 28 slagna
248 560 161 28 förändringen.
439 562 74 27 Enligt
534 562 137 28 uppgifterna
689 563 6 21 i
714 563 42 22 den
772 563 128 29 propositio-

147 601 44 15 nen
205 595 118 27 vidfogade
338 595 89 27 bilagan
442 596 45 28 har,
502 596 34 21 för
551 598 32 19 att
598 597 59 26 välja
673 599 30 19 ett
719 598 99 27 exempel
833 598 68 21 bland

147 628 89 27 många,
260 628 153 29 kyrkoherden
428 629 8 21 i
451 632 31 19 ett
499 632 98 25 pastorat
613 637 34 14 om
663 631 40 21 100
718 632 82 21 mantal
816 632 84 21 härtills

148 663 85 26 erlaggt
248 663 6 20 i
270 662 217 29 mantalspenningar
505 664 26 21 36
550 664 61 28 kop.,
631 664 108 27 lagmans-
756 665 40 22 och
811 666 89 23 härads-

147 696 168 27 höfdingeränta
331 698 33 26 27,
381 697 202 28 djeknepenningar
596 699 52 27 41/3,
660 699 241 30 slottsbyggnadshjelp

149 731 27 20 60
191 732 56 19 samt
262 730 170 22 medicinalfond
448 733 41 26 1'/,
504 731 57 29 kop.,
578 733 53 21 eller
645 733 23 20 in
684 740 84 15 summa
779 735 10 20 1
801 735 61 21 rubel
873 736 27 21 29

149 764 88 28 kopek,
247 765 153 21 motsvarande
415 765 12 21 5
444 766 62 21 mark
523 767 25 20 16
564 767 72 27 penni.
666 767 33 22 En
710 768 142 29 bondedreng
861 769 40 22 har

149 798 96 21 deremot
256 799 85 27 erlaggt
351 799 7 21 i
370 800 215 28 mantalspenningar
596 802 25 20 18
633 801 57 28 kop.,
702 803 122 28 slottshjelp
836 805 12 20 6
860 805 40 21 och

149 832 169 21 medicinalfond
334 834 26 25 1/4
376 833 57 27 kop.,
444 834 78 22 inalles
533 835 56 26 24/,
600 835 49 27 kop.
661 836 53 21 eller
725 838 27 19 97
763 838 72 26 penni.
858 839 42 21 En-

149 866 40 26 ligt
211 866 117 22 utskottets
350 866 83 28 förslag
453 868 70 22 skulle
539 868 28 21 dä
582 868 43 22 den
640 870 36 21 väl
692 870 100 22 aflönade
808 872 92 23 embets-

149 906 94 15 mannen
266 900 71 28 slippa
357 900 50 22 med
427 904 55 18 nära
500 908 44 21 nog
561 902 135 28 tredjedelen
712 904 26 21 af
750 904 57 22 hvad
822 906 78 22 honom

149 932 84 22 härtills
249 933 124 28 affordrats,
389 934 29 21 dä
434 934 96 22 deremot
545 935 42 22 den
601 936 77 28 fattige
693 937 96 29 drengen
800 939 57 28 finge
868 940 33 22 för

149 966 96 28 skyddet
267 966 25 22 af
311 967 33 21 sin
367 968 62 27 ringa
449 975 78 21 person
543 970 90 27 erlägga
647 978 46 15 mer
708 974 27 19 än
752 972 90 23 dubbelt
857 978 44 19 mot

149 1000 50 21 förr.
228 1001 67 21 Detta
316 1001 43 21 kan
375 1002 42 28 jag
435 1002 49 22 icke
499 1004 58 21 finna
572 1004 102 28 förenligt
690 1006 48 21 med
754 1009 91 21 rättvisa
861 1010 39 21 och

150 1034 108 28 billighet,
280 1034 40 22 och
336 1036 92 22 förutses
444 1036 44 22 kan
505 1040 31 19 att
552 1044 26 16 en
595 1038 68 22 sädan
679 1040 127 29 förändring
819 1043 7 21 i
842 1045 59 21 taxe-

149 1068 77 27 ringen
240 1069 72 21 skulle
327 1070 71 22 väcka
413 1071 43 21 ond
472 1071 50 23 blod
537 1072 38 22 hos
589 1073 171 23 vederbörande.

218 1103 36 21 Då
272 1103 42 28 jag
336 1104 65 22 alltså
422 1104 33 22 för
477 1106 43 21 min
541 1106 35 22 del
594 1107 121 29 tillstyrker
729 1112 135 26 antagandet
880 1113 26 21 af

151 1136 42 21 den
215 1136 82 28 nådiga
319 1139 171 27 propositionen,
513 1140 50 22 ville
579 1140 42 28 jag
636 1142 56 22 dock
709 1142 84 30 dervid,
810 1146 6 20 i
832 1146 70 22 likhet

151 1169 50 22 med
223 1171 118 21 statsrådet
363 1180 41 14 von
427 1174 58 20 Born
503 1175 39 21 och
561 1175 28 27 på
605 1176 24 20 af
641 1176 78 22 honom
735 1178 91 22 anförda
842 1176 58 37 skäl,

150 1206 54 25 göra
214 1204 42 22 den
267 1205 168 29 inskränkning,
450 1209 31 19 att
492 1208 64 27 ingen
568 1209 153 23 bördsskilnad
734 1212 38 21 bör
782 1213 36 21 vid
829 1214 72 22 denna

150 1237 101 27 taxering
273 1238 87 22 komma
378 1240 7 20 i
405 1240 71 28 fråga,
500 1243 51 19 utan
572 1242 102 27 afgiftens
695 1244 79 28 belopp
790 1246 64 22 äfven
869 1248 33 21 för

151 1270 81 21 enhvar
247 1271 26 21 af
283 1272 164 28 ridderskapets
461 1274 39 21 och
516 1275 77 22 adelns
608 1277 141 23 medlemmar
764 1280 51 21 bero
826 1281 26 21 af
858 1282 42 22 den

150 1304 209 30 samhällsställning
374 1307 42 22 han
432 1308 98 28 föröfrigt
545 1310 97 22 innehar.
671 1312 38 22 Att
725 1315 132 23 statsverket
872 1324 28 15 nu

150 1339 71 22 skulle
236 1339 73 23 fordra
324 1341 78 23 liksom
419 1349 26 15 en
460 1343 139 29 godtgörelse
614 1345 33 22 för
662 1346 58 23 hvad
735 1348 84 23 härtills
830 1350 71 24 blifvit

149 1373 156 25 frälseståndet
325 1376 144 30 efterskänkt,
492 1378 39 23 har
546 1379 54 23 intet
616 1381 48 23 skäl
679 1382 34 22 för
728 1384 40 27 sig.
798 1378 19 28 Å
832 1386 69 23 andra
