1000 1800
200 136 26 21 16

171 201 103 27 vederlag
288 200 33 22 för
337 200 35 22 det
385 200 111 22 bristande
511 207 76 21 genom
603 200 95 28 sytning,
716 199 83 22 hvilket
814 198 50 22 sker
880 198 32 22 till

171 238 112 26 parternas
299 235 130 27 ömsesidiga
444 235 74 22 fördel.
548 236 76 20 Denna
640 234 112 28 möjlighet
768 234 38 22 bör
816 234 48 21 icke
876 233 36 21 det

170 270 78 28 fattiga
270 269 68 22 folket
359 270 105 22 beröfvas.
496 270 114 28 Slutligen,
634 270 28 21 då
678 269 42 27 jag
739 268 174 22 sammanställer

171 304 242 22 utskottsbetänkandet
428 304 49 22 med
492 305 41 21 den
548 304 81 28 nådiga
644 304 170 28 propositionen,
828 302 85 22 förefal-

170 340 32 22 ler
220 340 36 22 det
271 339 56 22 förra
343 340 61 21 såväl
419 340 7 21 i
442 340 107 22 anseende
564 336 33 25 till
613 340 191 27 bestämningarna
820 346 46 14 som
881 346 31 14 re-

172 374 118 22 daktionen
312 374 128 22 åtminstone
463 374 43 28 mig
528 374 50 22 vida
596 374 108 28 tydligare
720 374 40 21 och
774 374 79 27 bättre,
870 376 43 19 sär-

173 409 66 21 skildt
256 408 170 28 ordställningen
441 409 6 21 i
463 410 12 26 $
487 410 11 20 6
510 409 24 22 af
541 409 148 21 betänkandet
697 408 95 28 jemförd
802 408 50 22 med
862 410 52 20 mot-

172 444 107 22 svarande
295 445 12 26 $
323 446 13 19 4
350 444 8 21 i
374 444 41 21 den
431 444 79 28 nådiga
525 444 170 28 propositionen,
709 443 98 22 hvarföre
814 444 42 27 jag
865 443 49 22 icke

173 479 77 28 drager
265 479 7 21 i
287 478 139 23 betänkande
443 481 31 20 att
488 479 33 22 för
536 479 42 22 min
594 479 35 21 del
644 479 109 28 tillstyrka
768 478 61 22 bifall
840 478 32 21 till
883 480 31 19 ut-

173 514 93 22 skottets
281 513 88 28 förslag.
527 513 3 6 i

239 549 208 28 Kontraktsprosten
462 549 100 22 Hellön
577 549 57 28 ville,
650 549 50 22 med
715 549 119 28 anledning
848 548 25 22 af
886 550 30 20 ett

172 590 40 23 par
232 584 81 22 talares
335 585 83 21 önskan
441 586 31 20 att
493 585 69 21 sextio
582 583 96 23 äldersär
696 583 73 23 kunde
785 584 131 22 bestämmas

173 620 70 22 säsom
259 619 70 22 vilkor
344 619 32 22 för
392 620 97 28 sytnings
505 619 133 29 erhällande,
651 619 64 22 hafva
726 619 100 22 anmärkt
837 621 31 20 att
879 618 37 22 det

173 655 45 22 ofta
237 662 50 14 vore
309 656 44 20 stor
372 655 56 21 vinst
443 655 33 22 för
492 662 26 14 en
533 654 102 29 lägenhet
650 657 32 19 att
697 654 182 28 omhändertagas
895 654 24 21 af

174 696 26 16 en
214 689 111 28 driftigare
340 689 120 29 husbonde,
480 689 111 22 hvarutom
606 689 36 21 det
658 689 64 22 äfven
737 689 7 21 i
760 689 24 21 sä
798 689 38 21 fall
852 688 64 22 lände

174 724 41 22 den
238 724 128 22 afträdande
389 724 32 21 till
444 724 68 22 fördel
529 727 32 18 att
580 730 76 22 genom
673 724 108 28 sytnings,
798 724 52 21 eller
864 724 51 21 fast-

173 758 67 22 hellre
255 758 188 28 undantagsägors
458 758 125 23 erhållande
598 758 80 22 befrias
693 758 48 22 från
756 758 26 22 de
798 760 67 20 större
876 758 40 22 fre-

174 793 76 23 stelset
269 800 45 15 som
335 792 76 29 åtfölja
429 794 137 27 värdskapet.
597 792 51 23 Ofta
662 793 57 21 hade
734 793 68 22 händt
818 795 31 19 att
864 793 52 28 den,

174 828 87 22 hvilken
282 828 71 22 såsom
373 828 53 21 värd
446 829 12 21 å
478 828 99 22 hemman
592 828 56 21 varit
662 828 77 28 häglös
756 830 55 20 samt
827 828 90 22 oförmö-

174 871 41 21 gen
231 865 32 19 att
276 864 79 21 motstå
367 862 148 30 frestelserna,
526 862 122 22 sedermera
660 863 70 21 såsom
742 863 174 29 sytningstagare

174 899 13 20 å
209 897 177 29 undantagsägor
406 898 70 21 blifvit
496 905 26 15 en
540 897 68 22 aktad
623 897 39 23 och
679 898 108 21 arbetsam
802 898 92 21 medlem
910 897 6 22 i

174 932 121 23 samhället.
324 933 43 21 Det
379 939 51 15 vore
441 933 85 21 således
536 932 119 28 ingalunda
664 932 81 28 rådligt
756 935 32 19 att
797 933 32 21 uti
839 932 78 28 ifråga-

174 967 95 23 varande
285 967 102 22 afseende
402 967 68 22 fixera
484 968 71 28 någon
567 967 216 29 åldersbestämning.

241 1002 207 28 Kontraktsprosten
469 1002 78 22 doktor
567 1002 115 22 Granfelt
699 1002 106 29 önskade,
822 1002 49 22 med
887 1002 30 22 af-

174 1036 79 23 seende
269 1037 13 21 å
297 1036 152 28 kyrkoherden
464 1038 135 26 Rosengrens
615 1036 139 22 förmenande
768 1039 31 19 att
810 1037 107 27 sytnings-

174 1071 105 22 väsendet
291 1071 18 27 ej
321 1071 7 21 i
339 1072 71 26 någon
421 1072 159 27 väsendtligare
591 1071 54 27 grad
653 1071 143 21 framkallade
805 1072 113 21 moraliskt

174 1106 89 26 förderf,
275 1105 77 22 endast
366 1109 80 18 nämna
456 1108 31 19 att
497 1105 72 22 härtill
580 1106 129 22 åtminstone
721 1105 68 22 måste
799 1105 81 22 räknas
891 1106 26 22 de

175 1141 44 21 ofta
234 1140 175 22 förekommande
422 1140 38 22 fall
471 1141 28 21 då
509 1140 182 29 sytningsgifvare
703 1147 77 20 genom
791 1140 127 28 öfverflödig

174 1176 239 27 brännvinstraktering
427 1175 40 21 och
482 1176 68 21 andra
564 1175 71 22 medel
646 1176 50 21 sökt
707 1175 39 21 och
757 1175 63 22 äfven
831 1175 86 28 lyckats

174 1210 97 22 förkorta
293 1210 186 29 sytningstagares
501 1211 77 27 lifstid,
602 1213 55 19 samt
680 1210 29 21 då
731 1210 185 28 sytningstagare,

174 1245 89 21 hvilken
277 1245 8 21 i
299 1244 65 22 förtid
379 1245 115 21 frånhändt
510 1245 34 28 sig
558 1245 139 28 lägenheten,
719 1244 32 21 för
766 1244 48 22 sina
828 1245 89 21 återstå-

175 1279 55 22 ende
244 1279 68 28 dagar
327 1279 65 28 slagit
406 1280 33 27 sig
454 1280 28 27 på
496 1279 122 28 fullkomlig
632 1279 152 22 overksamhet
794 1279 40 22 och
844 1279 73 28 lättja,

174 1321 46 15 som
240 1314 65 22 äfven
323 1320 39 16 var
380 1316 30 19 ett
425 1314 111 22 moraliskt
551 1315 44 28 lyte
611 1314 39 21 och
666 1314 74 21 moder
755 1313 33 22 till
804 1314 68 21 andra
888 1314 29 21 la-

175 1349 49 20 ster.
255 1348 49 21 Med
323 1347 119 28 anledning
460 1348 24 20 af
495 1348 202 27 kontraktsprosten
712 1347 89 21 Helléns
816 1347 102 28 yttrande

175 1381 51 21 ville
248 1381 92 21 doktorn
362 1382 100 27 tillägga,
483 1384 31 18 att
530 1381 28 21 då
572 1382 128 26 regeringen
717 1380 63 22 äfven
795 1381 37 21 vid
847 1381 71 21 denna

174 1414 107 30 landtdag
302 1416 112 28 föreslagit
436 1416 76 28 åtgärd
531 1416 33 22 för
578 1415 212 29 tillvägabringande
805 1416 25 21 af
842 1415 76 23 under-

175 1450 69 23 lättad
260 1450 160 30 ägostyckning
435 1451 39 22 och
484 1451 185 29 jordafsöndring,
682 1451 36 22 det
728 1450 128 29 visserligen
867 1456 50 17 vore
