989 1773
769 133 39 21 51

101 195 67 29 föras,
192 195 24 22 sä
234 198 32 19 att
284 195 36 22 det
335 196 120 23 utsträekes
469 196 63 23 äfven
548 197 32 22 till
595 198 123 28 uppsätliga
731 198 107 30 mördare,

101 230 51 22 ville
162 230 43 28 jag
220 232 56 20 sätta
291 230 8 21 i
314 231 69 27 fråga,
399 231 104 22 huruvida
519 232 120 28 dymedelst
653 232 84 28 verklig
748 235 91 21 rättvisa

101 264 61 22 öfvas
184 264 56 22 både
262 266 44 20 mot
327 265 141 27 brottslingen
490 266 39 21 och
550 265 113 22 samhället
682 266 7 21 i
709 267 32 21 sin
759 267 79 22 helhet.

101 292 81 33 Ätager
196 298 34 28 sig
244 300 70 20 staten
330 300 31 19 att
376 299 107 21 måhända
497 300 68 21 under
575 306 26 15 en
611 307 43 20 nog
663 300 52 28 läng
724 301 68 21 lifstid
802 309 37 14 un-

101 332 97 22 derhålla
221 332 39 22 och
282 332 50 22 med
351 332 81 28 nödiga
450 333 243 28 förbättringsanstalter
707 335 57 21 förse
778 336 60 22 miss-

101 366 91 28 dädare,
208 366 78 22 medan
301 367 41 21 han
358 367 28 27 pä
400 368 61 26 långt
475 370 40 19 när
529 368 18 27 ej
565 370 52 25 äger
631 368 116 28 tillgångar
762 372 31 19 att
803 370 35 22 be-

101 402 76 21 arbeta
192 402 41 21 den
250 401 158 22 tacksammare
418 402 137 28 jordmänen,
567 402 43 22 kan
617 402 40 28 jag
668 402 45 23 deri
724 404 48 21 icke
782 405 59 21 finna

101 436 97 22 rättvisa.
227 436 99 22 Rättvisa
348 442 64 16 anser
430 436 41 28 jag
487 436 8 22 i
512 436 68 23 första
597 440 90 19 rummet
701 438 77 22 kräfva
792 439 48 22 fullt

101 471 131 28 tillräckliga
248 471 154 28 uppfostrings-
418 471 39 22 och
471 471 270 28 undervisningsanstalter
754 473 33 22 för
797 474 44 21 alla

100 506 28 21 de
148 505 248 28 samhällsmedlemmar,
415 505 74 22 hvilka
504 505 48 22 icke
567 506 108 22 förverkat
691 507 47 22 sina
753 510 87 19 rättmä-

101 541 45 27 tiga
168 540 95 28 anspräk
286 539 72 28 derpä,
381 540 86 21 hvartill
487 539 56 22 dock
561 539 106 24 härintills
687 541 89 23 saknats
790 543 49 26 räd;

100 574 98 23 hvarföre
210 575 41 27 jag
265 575 51 20 ville
331 574 32 21 till
379 581 71 14 annan
465 574 32 22 tid
511 575 116 27 uppskjuta
643 576 80 21 tanken
733 577 28 26 pä
771 577 68 21 straff-

100 609 41 22 och
162 609 243 22 korrektionsanstalter
424 609 7 21 i
449 609 25 22 sä
492 609 119 22 vidsträckt
627 609 94 28 omfång,
744 617 43 15 som
804 618 35 21 ge-

100 651 50 14 nom
165 643 149 22 dödsstraffets
329 643 68 21 totala
412 643 135 22 afskaffande
561 643 70 22 skulle
645 644 107 28 påkallas.

168 679 90 20 Prosten
279 677 70 22 Julius
371 678 59 21 Imm.
452 677 89 28 Bergh
561 677 95 29 yttrade:
678 679 63 21 Emot
760 680 79 27 profes-

101 720 35 15 sor
158 713 134 22 Schaumans
314 712 82 28 vigtiga
418 712 151 29 anmärkning,
596 714 31 19 att
651 720 34 15 om
707 713 131 30 bättringen,

101 748 71 21 säsom
188 747 41 28 jag
248 747 66 28 gjort,
336 747 106 22 erkännes
461 747 39 22 och
515 747 49 22 med
579 747 63 22 straff
654 748 57 21 skall
726 749 66 27 afses,
816 750 24 21 sä

101 785 64 19 mäste
184 781 138 22 dödsstraffet
336 781 111 28 afskaffas,
470 781 84 28 nödgas
566 781 41 28 jag
622 783 114 28 anmärka,
759 785 31 19 att
806 791 35 14 en-

100 817 41 27 ligt
155 817 43 20 min
214 817 88 26 mening
315 815 42 22 den
372 815 136 28 uppfattning
523 816 24 21 af
558 816 103 28 bättring,
685 824 45 15 som
745 819 95 27 uppstäl-

101 852 32 21 ler
151 851 73 22 denna
243 851 87 27 antites,
347 853 24 18 är
384 850 73 22 alltför
469 850 66 28 ytlig,
553 852 55 20 samt
623 851 97 22 anhäller
733 852 22 21 fä
770 853 70 21 erinra

102 888 32 19 att
150 885 77 22 endast
246 885 42 21 den
303 885 95 27 bättring
413 887 23 19 är
451 892 64 19 sann,
538 892 45 14 som
597 887 24 19 är
635 888 44 18 rätt
693 886 146 28 grundlaggd,

101 920 40 22 och
157 920 87 21 dermed
258 920 41 20 fätt
314 919 42 21 den
371 921 57 20 rätta
443 920 155 27 begynnelsen,
615 920 119 28 principen,
746 921 39 21 och
796 921 43 22 kan

102 954 40 22 och
163 954 39 21 bör
224 954 35 21 väl
281 953 18 28 ej
323 956 69 19 mätas
413 954 53 21 efter
480 953 229 29 fulländningsgraden
724 955 30 21 uti
768 955 72 23 lifvets

101 989 112 27 yttringar,
236 988 86 22 hvartill
344 988 42 21 den
409 988 69 22 skulle
499 988 76 22 hunnit
595 988 135 22 framskrida.
762 990 78 22 Denna

101 1023 175 29 grundläggning
296 1022 40 22 och
355 1022 82 29 princip
456 1025 23 19 är
490 1023 144 29 försoningen.
665 1023 45 22 Och
725 1031 33 14 om
774 1024 66 22 förso-

101 1058 89 28 ningen,
206 1058 56 22 både
278 1057 42 22 den
336 1057 57 27 evigt
408 1057 100 28 gällande
523 1056 49 23 med
589 1057 47 22 Gud
651 1058 40 21 oeh
706 1058 41 22 den
758 1058 83 28 timliga

102 1093 49 22 med
167 1092 36 22 det
217 1094 57 20 rätta
288 1092 8 22 i
312 1092 112 22 samhället
439 1092 129 28 grundlaggt
583 1092 130 28 bättringen,
731 1093 24 21 sä
765 1096 24 19 är
799 1094 41 21 den

101 1127 137 28 följaktligen
258 1134 54 14 sann
332 1126 68 22 redan
417 1127 7 20 i
443 1127 33 21 sin
490 1126 142 31 begynnelse,
654 1126 98 22 hvarföre
764 1128 41 28 jag
820 1128 18 28 ej

102 1162 43 21 kan
165 1161 75 28 förstä,
264 1161 52 21 huru
337 1161 137 21 dödsstraffet
492 1161 43 21 kan
550 1167 64 15 anses
629 1160 76 22 hindra
721 1168 25 14 en
762 1162 78 28 sädan,

101 1196 56 22 helst
178 1196 36 21 det
233 1198 92 19 tvärtom
343 1196 107 26 svärligen
464 1195 44 21 kan
524 1195 77 21 tänkas
617 1195 71 27 nägon
703 1196 136 28 allvarligare

102 1230 40 22 och
163 1230 119 27 kraftigare
304 1229 118 27 anledning
443 1230 33 21 till
497 1229 114 27 besinning
628 1228 32 22 för
675 1236 38 15 ens
729 1230 41 21 den
785 1233 55 19 mest

101 1264 129 22 förhärdade
253 1264 102 28 syndare,
378 1266 28 19 än
428 1270 27 15 en
477 1263 113 28 dödsdom,
614 1264 71 21 säsom
704 1264 40 21 ock
762 1264 77 28 biskop

92 1299 88 28 .Björck
204 1298 105 22 träffande
330 1300 74 26 yttrat.
432 1298 48 22 Men
502 1300 40 26 att,
565 1305 34 14 om
619 1298 41 21 ock
678 1298 67 21 under
760 1302 79 18 använ-

102 1333 71 21 dande
188 1332 24 22 af
225 1332 26 22 de
266 1334 63 20 bästa
344 1332 185 28 bättringsmedel,
545 1332 7 22 i
567 1334 80 20 väntan
657 1333 29 27 pä
696 1332 144 29 förbrytarens

102 1368 95 27 bättring
219 1367 108 29 upphäfva
349 1368 137 21 dödsstraffet
508 1370 23 18 är
553 1367 56 21 dock
627 1367 50 21 vida
696 1368 143 27 vanskligare.

102 1403 142 26 Domprosten
260 1402 58 26 Borg
332 1404 64 24 säger
410 1402 34 26 sig
458 1405 42 23 äga
514 1401 41 21 den
570 1408 57 13 vana
640 1402 7 19 i
661 1402 127 26 tänkandet,
808 1404 32 18 att

102 1435 42 21 han
160 1437 56 19 emot
231 1435 43 27 mig
290 1435 42 21 kan
349 1435 70 27 påstå,
436 1437 31 19 att
482 1435 69 27 grund
567 1434 39 21 och
621 1434 100 21 ändamål
736 1442 104 14 samman-
