989 1756
171 130 41 21 680

142 194 136 27 utbetalning
294 194 72 27 någon
380 193 125 26 nödvändig
515 193 155 26 förutsättniug
681 193 32 21 för
723 193 99 20 bankens
834 192 58 27 sjelf-

142 228 92 21 bestånd
251 227 39 22 och
306 227 159 28 hufvudsyften.
496 228 90 20 Prosten
602 227 79 21 Heikel
697 227 39 21 har
749 227 41 20 ock
801 226 91 27 medgif-

142 263 30 21 vit
188 262 39 22 och
244 262 66 28 visat,
330 263 31 20 att
376 261 37 22 det
429 268 50 15 vore
495 260 57 22 både
568 261 70 27 billigt
654 261 40 21 och
710 260 135 27 nödvändigt
861 262 32 19 att

141 297 73 27 någon
230 297 35 21 del
281 297 24 21 af
318 296 144 22 bankvinsten
479 295 112 22 användes
606 296 71 21 såsom
695 295 77 28 bidrag
785 295 32 21 till
828 297 66 19 stats-

143 331 108 22 ändamål.
281 331 49 22 Men
348 332 88 27 prosten
456 330 90 22 Heikels
561 330 180 22 reservationsvis
756 329 137 22 framställda

143 366 40 21 och
198 372 29 15 nu
242 365 125 28 upprepade
382 365 90 27 förslag,
489 366 31 19 att
537 364 117 22 ständerna
670 365 5 20 i
692 365 64 21 ställe
771 365 33 20 för
819 364 73 21 ofvan-

143 400 95 21 nämnda
257 399 115 22 bestämda
392 399 160 26 utbetalningar
572 399 65 20 borde
654 399 91 26 erbjuda
761 399 33 27 sig
809 400 32 19 att
856 399 37 21 vid

143 434 74 27 hvarje
232 434 108 27 landtdag
354 433 34 22 till
404 433 143 22 statsverkets
563 433 67 21 behof
643 433 62 22 anslå
717 440 26 15 en
754 433 44 22 viss
810 439 83 16 summa

143 468 24 22 af
184 468 156 28 bankvinsten,
360 468 39 21 bar
410 467 42 28 jag
467 469 72 20 ansett
555 467 82 22 mindre
654 467 84 28 nödigt,
756 470 52 19 enär
823 467 71 28 detta,

143 503 119 28 sjelffallet,
279 505 51 19 utan
346 502 67 27 nägot
428 502 73 21 anbud
517 502 82 27 derom,
618 501 43 22 kan
677 501 48 29 ske,
742 502 39 21 och
798 503 95 26 regerin-

143 544 41 21 gen
200 537 49 22 icke
265 539 24 19 är
304 537 7 21 i
327 537 67 21 behof
407 537 24 20 af
444 536 71 22 denna
532 539 63 24 tröst,
612 543 33 14 om
661 536 41 21 ock
713 537 96 26 banken,
821 537 72 21 såsom

143 571 129 28 visserligen
287 571 96 28 önskligt
398 578 60 21 vore,
474 571 33 21 för
523 570 95 22 tillfället
634 571 73 21 kunde
723 571 31 21 till
766 571 76 28 nödigt
852 571 41 21 för-

143 606 119 22 stärkande
282 606 25 21 af
324 606 50 21 dess
390 605 118 28 tillgångar
523 605 7 22 i
545 605 68 22 nåder
627 605 82 22 befrias
725 605 46 22 från
786 605 107 28 ifrägava-

144 640 66 22 rande
225 641 69 27 årliga
308 640 143 27 utbetalning.

210 675 91 22 Prosten
320 675 130 27 Alopwus
470 674 51 22 ville
543 674 54 22 blott
613 675 5 20 i
635 674 119 27 anledning
769 675 25 20 af
805 677 89 25 prosten

144 709 89 22 Helléns
254 709 102 28 yttrande
380 715 34 15 om
438 709 99 22 bankens
560 709 126 28 skyldighet
705 711 32 20 att
754 716 94 15 ansvara
862 709 33 22 för

145 743 151 22 annuiteterna
312 743 12 21 å
340 743 248 28 hypoteksföreningens
603 743 37 21 lån
656 744 106 21 anmärka
778 746 40 25 att,
841 744 55 21 efter

145 778 57 22 hvad
217 780 88 26 prosten
321 777 51 22 ville
388 778 103 28 påminna
506 778 43 28 sig,
569 778 88 21 banken
673 778 67 22 borde
756 786 93 14 ansvara
863 779 33 21 för

145 812 166 27 ifrågavarande
328 812 121 22 annuiteter
465 812 78 22 endast
558 812 7 22 i
581 812 36 21 det
633 812 48 28 fall,
698 814 31 20 att
744 812 151 28 hypoteksför-

145 846 93 28 eningen
259 846 81 22 erhölle
361 847 54 21 blott
436 854 25 14 en
481 846 84 22 mindre
581 847 35 21 del
633 847 23 20 af
670 847 36 21 det
722 847 127 28 påräknade
865 848 30 21 lå-

145 883 36 20 net
202 881 39 21 och
262 881 85 21 derföre
366 881 18 27 ej
405 881 73 21 kunde
493 882 34 20 till
542 881 99 22 bankens
657 881 128 28 disposition
802 882 65 21 ställa
883 883 12 21 8

145 916 99 27 miljoner
259 916 69 21 mark.

212 950 209 28 Kontraktsprosten
444 950 102 22 Hellén
569 950 99 22 önskade
689 951 33 21 till
737 951 38 21 sitt
790 950 58 22 förra
863 954 32 25 yt-

145 984 77 21 trande
238 984 102 28 tillägga,
352 986 32 20 att
395 984 28 21 då
434 984 116 28 hypoteks-
561 985 40 21 och
612 985 109 27 primitiva
732 986 105 21 fonderna
848 986 47 21 blif-

144 1019 30 21 vit
197 1018 114 22 belastade
334 1018 49 22 med
406 1018 123 28 aflöningen
548 1020 25 20 af
589 1019 18 27 ej
625 1019 94 22 allenast
734 1020 161 22 bankfullmäk-

144 1053 54 27 tige,
222 1055 52 19 utan
297 1053 64 21 äfven
384 1052 25 22 af
429 1052 49 22 hela
501 1053 178 29 bankstyrelsen,
704 1054 88 22 hvilken
811 1055 84 27 jemväl

145 1087 85 21 komme
254 1089 32 19 att
308 1087 93 22 förvalta
421 1087 56 21 både
497 1089 63 20 stats-
577 1088 38 21 och
632 1088 165 22 militieverkets
812 1088 82 28 fonder,

145 1121 37 21 det
200 1128 51 14 vore
266 1128 25 14 en
308 1121 86 27 ganska
409 1121 62 28 billig
486 1122 95 27 begäran
598 1124 31 19 att
645 1122 87 22 banken
748 1122 19 28 cj
784 1122 32 22 för
832 1123 63 21 fram-

145 1155 60 21 tiden
222 1155 71 21 skulle
308 1155 85 27 nödgas
410 1156 31 20 till
457 1156 132 22 statsverket
605 1156 71 21 lemna
691 1157 67 26 något
773 1156 75 22 vidare
864 1157 30 21 bi-

144 1189 61 27 drag.
234 1189 50 21 Med
308 1189 103 21 afseende
432 1190 12 20 å
461 1190 58 21 hvad
534 1190 123 28 professorn
674 1190 80 22 Geitlin
770 1192 76 26 yttrat,
864 1193 31 19 att

144 1223 117 22 ständerna
283 1223 19 28 ej
326 1223 74 21 härom
425 1223 70 22 skulle
516 1224 40 22 hos
577 1224 60 22 Hans
656 1224 102 28 Majestät
773 1225 122 22 framställa

144 1258 174 27 önskningsmål,
334 1257 105 22 förenade
455 1258 34 27 sig
503 1261 87 25 prosten
607 1258 30 22 uti
654 1258 36 22 det
705 1259 129 22 bemötande
846 1259 44 21 här-

143 1294 57 19 emot
219 1294 87 24 prosten
325 1292 79 20 Heikel
420 1292 91 26 afgifvit.
542 1292 108 27 Slutligen
665 1293 50 21 ville
731 1293 162 26 kontraktspro-

145 1328 46 19 sten
216 1327 57 20 emot
296 1328 88 25 prosten
406 1326 83 27 Alopxi
511 1326 102 28 yttrande
636 1329 31 19 att
690 1328 152 21 annuiteterna
864 1328 30 21 in-

145 1359 104 22 skränkte
265 1360 34 27 sig
315 1360 78 22 endast
408 1360 33 21 till
457 1360 36 22 det
508 1361 49 28 fall,
573 1362 32 20 att
615 1361 236 29 hypoteksföreningen
864 1370 30 14 cr-

145 1394 57 22 hölle
223 1394 55 22 blott
293 1401 27 15 en
335 1394 84 23 mindre
435 1395 35 21 del
486 1395 24 21 af
523 1395 37 23 det
574 1396 128 28 påräknade
717 1396 59 22 lånet
792 1396 39 22 och
848 1397 46 22 der-

145 1429 45 23 före
214 1429 18 28 ej
256 1428 73 23 kunde
352 1429 34 22 till
407 1430 99 23 bankens
529 1431 129 28 disposition
681 1431 65 22 ställa
764 1433 12 20 8
796 1432 99 29 miljoner
