989 1811
777 120 39 20 341

102 181 124 22 menniskor
241 181 62 22 alltid
319 184 69 25 vägen
404 182 65 22 måtte
485 190 52 14 vara
552 186 69 25 öppen
636 184 33 21 till
681 184 165 21 återvinnandet

105 216 24 20 af
141 215 107 22 förlorade
268 216 123 28 borgerliga
409 217 132 28 rättigheter,
563 218 28 21 då
607 217 26 21 de
648 225 77 20 genom
741 225 54 14 sann
810 218 36 21 ån-

104 256 39 20 ger
165 250 39 21 och
224 250 95 27 bättring
337 250 47 22 visa
404 250 33 28 sig
453 251 62 22 deraf
527 252 102 27 förtjenta
644 252 39 21 och
699 255 31 18 att
745 258 26 15 en
788 252 60 21 detta

105 284 155 21 motverkande
282 284 46 27 lag,
351 284 78 27 sådan,
453 292 44 14 som
519 286 34 20 för
575 285 50 21 hela
646 286 96 20 lifstiden
761 288 87 24 stänger

103 316 72 22 denna
197 319 50 26 väg,
270 317 19 28 ej
311 320 23 18 är
352 317 233 23 öfverensstämmande
605 319 50 21 med
674 319 172 22 kristendomens

102 350 67 29 anda,
186 351 26 28 ja
232 351 49 21 icke
301 358 38 15 ens
356 352 50 21 med
421 354 31 19 ett
467 352 118 28 borgerligt
599 353 116 21 samhälles
731 359 69 15 sanna
815 353 31 21 in-

97 387 80 20 -tresse.
202 385 26 22 Vi
245 386 70 21 önska
326 385 26 28 ju
367 385 40 22 och
422 386 82 28 hoppas
519 387 28 27 på
563 386 59 22 Guds
637 387 50 21 ords
702 387 58 21 fasta
770 387 75 28 grund,

101 422 32 19 att
148 420 42 21 han
206 421 6 20 i
229 420 172 31 kristendomens
420 421 91 27 ordning
526 421 75 21 kastar
616 421 51 21 våra
683 421 79 28 synder
777 421 6 21 i
799 421 46 21 haf-

101 460 50 15 sens
167 454 58 29 djup.
254 449 31 27 Är
300 454 37 21 det
352 455 18 27 ej
387 455 93 27 möjligt,
499 457 32 19 att
546 455 19 21 vi
582 455 28 28 på
625 455 48 21 fullt
688 455 69 21 allvar
771 455 73 21 kunna

101 488 79 21 förlåta
202 489 52 21 våra
276 488 185 22 medmenniskors
481 489 28 22 fel
532 489 39 21 och
590 489 143 28 snafvanden,
754 489 42 22 och
808 492 37 19 äro

102 523 21 20 vi
138 523 92 28 kristne,
247 529 34 15 om
296 523 21 21 vi
333 523 18 27 ej
369 525 53 25 göra
437 523 50 22 det?

167 557 144 28 Domprosten
333 557 83 28 Borg:
439 557 42 28 Jag
503 557 39 22 har
563 557 76 27 begärt
658 557 61 22 ordet
736 561 57 18 ännu
809 565 35 14 en-

99 591 67 27 gång,
190 598 47 14 men
260 591 47 21 litet
330 591 40 21 och
390 592 62 26 ringa
472 591 24 21 af
514 591 42 22 den
571 592 73 27 orsak,
659 594 32 18 att
703 591 41 28 jag
760 592 86 20 känner

99 626 71 26 någon
186 625 82 27 böjelse
284 626 32 20 att
329 624 63 22 träda
408 627 55 20 emot
478 629 87 24 prosten
579 626 20 21 J.
615 626 24 20 F.
655 626 82 27 Berghs
748 626 96 27 kristligt

99 666 75 15 varma
194 660 82 26 klagan
297 659 103 26 deröfver,
421 662 32 18 att
473 667 26 14 en
521 660 85 27 engång
626 660 74 27 dömd,
717 666 26 15 en
759 660 85 27 engång

100 695 37 21 sitt
152 694 172 28 medborgerliga
339 693 122 23 förtroende
475 694 101 28 förlustig
590 694 112 22 förklarad
717 694 91 22 medlem
823 694 24 21 af

99 728 129 22 kommunen
249 728 71 28 aldrig
340 728 57 21 skall
416 728 73 21 kunna
507 728 69 21 återfå
592 728 59 21 detta
665 728 123 22 förtroende
804 728 39 22 och

99 762 86 22 således
200 762 22 21 få
237 764 87 20 rösträtt
339 762 7 21 i
362 762 221 22 kommunalstämma,
609 763 43 26 Jag
667 763 82 21 erinrar
760 763 82 27 endast,

97 799 32 19 att
145 797 21 21 vi
185 797 19 27 ej
222 796 64 22 hafva
304 803 29 15 nu
348 798 31 19 att
394 797 98 21 beskaffa
506 796 50 22 med
571 803 26 15 en
613 797 209 28 lagstiftningsfråga
837 797 6 20 i

97 832 60 21 detta
175 831 89 28 ärende;
286 831 19 21 vi
322 830 65 22 hafva
405 831 44 21 helt
465 831 85 28 simpelt
565 833 31 19 ett
610 830 81 28 förslag
706 831 32 21 till
749 831 95 21 kommu-

97 865 116 28 nalstadga
231 865 34 22 för
279 865 53 22 våra
346 865 88 27 händer,
454 865 39 22 och
512 865 38 21 der
564 866 69 21 måste
647 866 36 21 väl
699 866 67 20 sakon
782 865 60 21 affat-

97 903 34 18 tas
154 900 71 21 såsom
244 900 8 21 i
271 899 161 28 propositionen
450 899 39 21 och
509 899 148 21 betänkandet
672 899 66 28 skett,
755 901 31 19 att
802 899 42 21 den

97 934 92 22 medlem
207 934 26 21 af
247 934 138 27 kommunen,
405 940 45 14 som
467 934 96 20 befinner
581 934 33 26 sig
629 933 67 21 under
711 934 49 20 dom
767 928 14 38 &
802 932 40 22 för-

96 969 43 21 lust
155 968 24 21 af
192 968 36 21 sitt
243 968 172 27 medborgerliga
430 967 130 27 förtroende,
577 967 20 27 ej
613 968 39 20 bör
667 967 22 21 få
704 967 73 21 utöfva
790 970 52 18 röst-

97 1005 44 19 rätt
164 1003 4 21 i
187 1002 142 22 kommunens
349 1002 188 28 angelägenheter.
567 1002 44 21 När
631 1002 39 21 och
689 1008 33 15 om
741 1001 42 21 han
798 1002 44 21 kan

96 1037 23 21 få
134 1036 89 22 domens
242 1036 59 22 kraft
321 1036 39 21 och
379 1036 82 22 verkan
477 1036 86 27 engång
577 1035 78 22 häfven
671 1036 53 21 eller
739 1035 103 22 förtroen-

96 1071 36 21 det
155 1072 51 26 åter,
230 1073 24 19 är
274 1078 27 14 en
315 1070 70 28 fråga,
402 1077 45 15 som
463 1070 18 28 ej
498 1070 39 22 bör
551 1073 96 25 upptaga
664 1070 37 21 vår
716 1070 32 20 tid
763 1070 6 21 i
786 1070 56 21 före-

97 1105 96 22 varande
208 1105 131 22 diskussion.

164 1139 55 21 Herr
233 1140 136 27 vicepastorn
385 1146 41 14 von
441 1140 78 25 Essen,
536 1145 45 15 som
596 1138 105 22 förklarat
715 1138 51 21 bela
782 1138 59 21 detta

98 1173 54 22 sista
167 1180 63 14 mom.
245 1173 6 21 i
267 1175 13 25 8
296 1174 26 20 10
338 1173 136 27 öfverflödigt
489 1173 40 21 och
545 1172 47 22 med
610 1172 70 22 denna
696 1172 32 22 sin
743 1172 97 21 anmärk-

97 1207 53 28 ning
165 1207 139 28 synnerligen
319 1207 72 28 tyckts
407 1207 52 27 vilja
470 1207 117 23 adressera
598 1207 34 27 sig
642 1206 32 21 till
685 1206 43 27 mig
739 1206 101 27 enskildt,

97 1241 97 21 tillråder
212 1241 42 28 jag
275 1241 157 28 vänskapligen
455 1243 32 19 att
509 1241 128 21 åtminstone
659 1240 48 21 läsa
725 1242 116 19 momentet

97 1275 32 21 till
153 1275 51 28 slut,
227 1275 66 21 innan
316 1275 43 21 han
381 1275 128 21 framträder
528 1274 48 22 med
597 1274 168 27 anmärkningar
784 1275 57 20 emot

96 1309 128 22 detsamma.
247 1322 28 3 —
296 1309 49 28 Nog
365 1309 60 22 torde
447 1309 42 21 den
503 1309 33 21 för
551 1309 79 26 nesligt
644 1309 57 20 brott
716 1308 32 21 till
764 1315 77 14 ansvar

96 1343 89 28 dömde,
209 1343 41 22 den
273 1343 168 28 medborgerligt
463 1343 121 22 förtroende
604 1342 99 27 förlustig
717 1341 123 22 förklarade

97 1378 86 21 komma
199 1380 31 19 att
245 1377 78 28 förstå,
339 1380 32 19 att
386 1377 59 22 detta
461 1377 54 22 sista
530 1383 61 15 mom.
609 1376 18 27 ej
640 1379 23 18 är
674 1383 25 14 en
711 1375 129 28 öfverlopps-

83 1425 2 2 +
96 1413 49 26 sak;
167 1413 22 27 ty
210 1412 77 21 endast
303 1418 77 21 genom
397 1411 59 22 detta
473 1413 91 20 moment
579 1410 39 22 har
633 1410 41 21 han
690 1409 33 27 sig
738 1409 102 27 rättighe-
