995 1798
199 130 27 21 48

239 195 46 22 Den
302 195 32 20 till
350 194 26 22 de
392 194 120 29 respektive
528 194 140 22 medstånden
684 193 90 23 afsände
789 192 119 31 deputatio-

172 235 41 15 nen
229 229 116 22 återvände
361 231 55 19 samt
430 229 146 27 tillkännagaf
584 231 31 19 att
626 229 42 21 den
678 229 66 22 utfört
754 229 37 21 sitt
802 228 105 29 uppdrag,

171 263 107 22 hvarefter
297 263 48 22 herr
364 263 137 22 talemannen
519 263 32 22 för
569 263 164 28 deputationens
748 263 161 22 medlemmar
896 259 16 36 i

171 298 86 22 korthet
280 298 136 28 omnämnde,
439 298 56 22 hvad
517 299 67 22 under
604 298 62 22 deras
684 298 99 23 frånvaro
801 298 7 21 i
824 297 86 23 ståndet

172 333 108 22 förefallit.

238 367 99 22 Derefter
351 367 128 22 hemställde
494 367 49 22 herr
557 368 136 22 talemannen
706 367 105 23 huruvida
822 368 18 28 ej
853 367 57 23 stån-

172 403 36 21 det
230 403 50 21 ville
301 402 101 28 punktvis
424 405 57 26 yttra
503 403 33 27 sig
557 403 112 27 angående
691 403 166 27 ifrågavarande
875 402 36 22 be-

172 437 119 29 tänkande;
315 437 82 22 hvilket
418 437 81 28 bifölls,
517 437 52 22 derå
587 437 146 29 talemannen,
749 437 134 22 beträffande
899 438 10 19 1

172 473 13 26 8
207 472 7 21 i
236 471 42 22 den
299 471 124 28 föreslagna
443 472 150 28 förordningen
608 472 113 28 angående
737 479 107 22 anonyma
859 471 53 23 eller

173 507 133 28 aktiebolag,
332 507 159 22 öfverlemnade
513 507 31 21 till
567 507 97 22 ståndets
690 507 135 22 bedömande
850 507 61 22 huru-

172 542 50 22 vida
239 542 27 22 de
284 542 25 22 af
324 542 103 22 utskottet
446 542 122 28 föreslagna
583 542 176 28 förändringarne
775 549 50 16 vore
840 543 24 21 af
876 543 35 21 be-

171 578 73 21 hofvet
268 577 127 29 påkallade,
422 577 27 22 då
473 577 80 28 nådiga
574 578 140 28 reglementet
736 578 32 22 för
792 578 120 28 regerings-

172 612 113 28 konseljen
305 613 6 20 i
332 612 92 22 Finland
443 612 24 21 af
485 613 40 21 den
544 614 11 19 6
571 612 85 28 augusti
672 613 54 21 1809
742 612 97 28 tydligen
855 613 57 21 stad-

172 647 56 27 gade
251 649 31 19 att
297 646 91 22 ärender
408 646 24 22 af
448 647 166 27 ifrågavarande
633 647 150 22 beskaffenhet
797 647 67 22 hörde
879 647 33 21 till

172 681 295 29 ekonomiedepartementets
483 681 171 29 handläggning;
671 682 39 21 och
723 682 67 21 sedan
801 682 48 22 herr
860 682 52 22 tale-

172 723 92 15 mannen
285 716 32 22 till
337 716 118 28 belysande
475 716 64 22 häraf
553 723 24 15 ur
592 716 93 22 nämnde
700 716 140 28 reglemente,
856 716 56 22 inta-

173 754 36 25 get
228 751 66 22 bland
314 751 104 22 Finlands
439 752 129 27 grundlagar
589 750 82 28 utgifna
692 752 23 20 år
734 752 53 20 1862
803 751 24 22 af
839 752 19 21 J.
874 751 37 21 Ph.

173 786 97 28 Palmén,
286 792 64 22 pagg.
366 786 40 21 241
420 786 30 27 ff.,
467 786 85 28 uppläst
567 786 108 22 särskilda
685 786 128 22 hithörande
824 786 87 27 ställen,

173 820 89 28 frågade
277 820 136 21 talemannen
429 827 34 15 om
478 820 19 28 ej
514 820 86 22 ståndet
614 820 97 22 önskade
724 823 74 19 votera
809 820 104 22 huruvida

173 854 71 22 denna
259 854 103 28 paragraf
374 855 69 22 skulle
459 857 92 26 antagas
566 855 68 27 enligt
648 854 148 23 betänkandet
809 855 51 21 eller
871 854 41 22 den

173 889 81 29 nådiga
269 889 165 29 propositionen.

240 924 156 29 Kyrkoberden
411 925 152 28 Rosengren
577 925 44 21 bad
636 927 32 19 att
682 925 22 21 få
719 925 92 28 upplysa
826 924 86 23 ståndet

174 958 82 30 derom,
273 961 32 26 att
319 959 105 22 utskottet
439 959 58 22 velat
512 960 6 21 i
540 961 5 20 1
562 961 12 25 &
590 960 81 28 antyda
687 959 32 23 för
733 959 75 23 hvilka
822 959 38 22 fall
875 959 37 21 nä-

175 994 37 28 dig
231 993 138 23 stadfästelse
390 994 13 21 å
423 994 207 28 bolagsreglemente
646 994 66 22 borde
728 994 112 28 utverkas,
857 1000 55 16 eme-

174 1028 42 22 dan
233 1028 35 22 det
284 1028 63 22 äfven
362 1028 74 28 gåfves
452 1028 83 23 sådana
551 1029 132 28 aktiebolag,
695 1030 32 21 till
738 1030 98 27 exempel
846 1035 66 15 moss-

174 1063 159 28 odlingsbolag,
350 1063 32 22 för
395 1063 74 22 hvilka
484 1064 42 21 slik
541 1063 138 23 stadfästelse
694 1064 49 22 icke
758 1064 112 27 behöfdes,
882 1063 30 21 äf-

174 1104 87 16 vensom
280 1100 31 20 att
326 1097 105 23 utskottet
445 1100 71 20 ansett
531 1100 27 26 $$
574 1100 11 20 1
602 1098 39 22 och
656 1100 12 20 3
684 1098 53 22 böra
752 1098 92 22 sålunda
858 1097 55 23 redi-

174 1140 71 22 geras,
262 1135 31 19 att
307 1133 12 21 å
334 1132 168 29 bolagsordning
516 1133 67 22 borde
598 1133 92 28 begäras
707 1134 72 26 ,Hans
789 1132 123 29 Kejserliga

173 1168 126 27 Majestäts"
315 1167 148 29 stadfästelse,
479 1168 89 21 emedan
584 1168 43 21 alla
642 1168 147 27 ansökningar
804 1167 33 22 till
850 1174 62 15 sena-

175 1205 35 19 ten
233 1202 75 22 ställas
330 1202 32 21 till
378 1202 59 22 Hans
459 1202 121 28 Kejserliga
602 1202 111 28 Majestät;
739 1209 49 15 men
810 1204 101 20 senatens

171 1236 233 29 justitiedepartement
423 1236 56 28 ägde
494 1237 99 21 meddela
607 1237 71 21 denna
692 1236 148 28 stadfästelse,
856 1242 55 16 eme-

176 1272 42 21 dan
232 1271 170 28 bolagsordning
417 1271 62 21 äfven
494 1274 59 20 rörer
567 1271 69 28 tredje
651 1278 60 15 mans
727 1274 48 19 rätt.

242 1306 34 22 Då
294 1306 65 28 ingen
380 1306 73 22 vidare
471 1306 94 28 begärde
580 1306 70 28 ordet,
667 1306 144 22 framställdes
827 1306 25 21 af
864 1306 48 21 herr

175 1341 136 20 talemannen
326 1340 96 27 följande
437 1341 284 27 omröstningsproposition:

244 1374 127 21 Godkänner
389 1374 33 21 det
439 1374 126 28 högvördiga
582 1374 81 22 ståndet
679 1375 10 20 1
705 1373 16 29 $
736 1375 9 20 i
757 1374 108 22 utskottets
881 1374 31 21 be-

176 1408 113 27 tänkande,
305 1407 144 30 oförändrad?

242 1442 135 23 Besvarades
392 1442 49 23 med
457 1443 108 22 obestridd
580 1443 109 29 pluralitet
698 1444 103 29 jakande.
