992 1795
183 142 26 21 94

220 206 206 28 Kontraktsprosten
446 205 141 23 Ehrström
609 205 99 23 biträdde
728 204 161 29 kontraktspro-

154 243 47 21 sten
214 241 90 22 Helléns
318 241 92 27 mening.

219 276 90 21 Prosten
325 275 142 28 Grönberg
481 276 94 28 yttrade:
593 276 48 22 Just
657 276 118 21 detsamma
791 275 98 28 åsyftade

149 311 41 28 jag
204 310 50 22 med
268 310 48 22 mitt
331 310 128 22 omnämnda
474 310 76 29 tillägg
563 310 32 21 till
612 311 26 21 10
652 317 63 15 mom.

220 346 143 28 Domprosten
384 345 82 28 Borg:
488 345 178 29 Upplysningsvis
689 345 37 22 vill
742 345 41 28 jag
800 345 91 28 tillägga

154 382 30 20 att
200 380 41 28 jag
260 379 37 23 vid
315 380 125 27 voteringen
459 387 33 14 om
507 380 132 28 antagandet
656 380 25 21 af
693 381 68 21 andra
776 381 115 20 momentet

153 416 29 22 uti
199 416 41 21 den
255 414 81 29 nådiga
350 415 159 29 propositionen
525 415 121 29 åberopade
662 415 43 21 min
715 416 133 21 reservation
859 415 32 21 till

152 450 116 23 utskottets
282 450 139 22 betänkande
436 450 39 22 och
489 450 84 22 således
589 450 18 28 ej
624 450 33 21 för
671 450 43 21 min
730 450 35 21 del
779 450 38 21 har
828 450 66 21 behof

152 485 25 22 af
193 485 65 28 något
277 484 82 29 tillägg.
392 485 49 21 Men
464 484 35 22 det
520 484 165 28 nödigansedda
703 485 99 28 tillägget
817 485 32 21 till
865 485 26 21 10

152 527 62 15 mom.
225 520 35 21 må
273 527 67 20 gerna
355 519 39 22 ske
410 519 52 22 eller
477 520 39 21 ock
532 521 11 20 1
558 527 62 14 mom.
635 520 88 28 ändras,
739 519 57 23 dock
811 522 32 19 att
858 520 33 21 så-

153 555 52 22 dant
220 555 50 22 sker
285 555 7 21 i
308 554 41 22 den
364 554 96 28 syftning
474 555 43 21 min
531 555 130 22 reservation
677 555 125 22 innehåller.

219 589 206 28 Kontraktsprosten
440 589 91 22 Hellén
546 590 52 21 sade
613 590 34 28 sig
661 589 66 23 hafva
741 596 82 16 samma
835 589 56 28 åsigt

153 625 73 22 härom
242 631 45 15 som
303 624 137 28 domprosten
455 625 63 28 Borg,
530 624 98 22 hvarföre
643 625 202 27 kontraktsprosten
861 624 29 22 äf-

152 667 41 15 ven
208 659 93 29 påyrkat
316 659 132 27 antagandet
464 659 24 21 af
501 661 10 19 1
526 667 63 14 mom.
605 659 7 22 i
628 659 41 22 den
684 659 117 28 kejserliga
815 666 76 21 propo-

152 695 103 27 sitionen,
271 693 78 22 sådant
364 693 120 22 detsamma
498 694 7 21 i
520 694 115 22 utskottets
651 694 138 22 betänkande
804 694 87 22 föresla-

152 729 42 28 gits
205 728 24 22 af
240 729 26 22 de
277 729 133 28 deputerade
420 728 33 22 för
463 728 148 29 ridderskapet
623 729 38 22 och
672 729 64 22 adeln
747 731 55 20 samt
813 729 78 22 bonde-

152 764 92 22 ståndet.
274 764 43 21 Det
336 763 76 22 funnes
431 765 14 19 t.
464 770 31 15 ex.
512 763 7 22 i
532 763 133 28 Björneborg
679 763 96 23 fabriker
790 764 39 21 och
845 764 46 27 går-

152 799 45 28 dar,
220 798 74 22 hvilka
316 798 68 27 ägdes
404 797 25 22 af
445 805 100 20 personer
565 805 46 15 som
627 798 111 23 derstädes
754 798 19 29 ej
789 805 51 16 voro
857 799 34 22 bo-

153 836 63 19 satta.
245 834 70 21 Desse
335 833 71 21 blefve
426 839 75 22 genom
521 833 26 22 de
564 833 24 21 af
601 833 86 22 ståndet
702 840 28 15 nu
746 835 95 26 antagna
856 834 35 21 be-

153 868 161 27 stämningarna
329 867 96 22 befriade
440 867 47 22 från
502 868 103 27 taxering.

218 903 91 22 Prosten
324 902 118 28 Alopeus
457 908 38 15 var
509 909 50 15 ense
571 901 49 22 med
631 902 200 29 kontraktsprosten
841 902 50 22 Hel-

153 938 34 21 lön
208 937 39 22 och
267 937 128 22 hemställde
413 936 104 23 huruvida
536 937 47 22 icke
599 937 60 22 ordet
676 937 192 28 röstberättigad"
885 938 6 21 i

153 973 26 21 10
194 979 62 14 mom.
272 971 56 28 finge
344 971 32 21 till
391 971 159 28 förtydligande
565 973 93 26 qvarstå.

219 1007 90 22 Prosten
328 1006 144 28 Grönberg
490 1006 101 29 föreslog,
608 1007 32 21 till
656 1007 141 28 afhjelpande
813 1007 24 21 af
850 1006 41 22 den

153 1041 113 23 anmärkta
288 1041 171 28 tvetydigbeten,
485 1043 31 19 att
537 1041 33 22 till
592 1041 165 28 ifrågavarande
781 1042 26 21 10
829 1048 62 15 mom.

152 1076 65 22 borde
232 1076 87 27 läggas:
335 1088 7 4 -
357 1088 3 3 -
373 1075 83 27 ,medel
470 1078 108 19 uttaxeras
589 1076 25 21 af
621 1076 201 22 stadskommunens
833 1076 57 21 med-

152 1111 89 22 lemmar
256 1109 39 23 och
311 1109 48 23 dem
374 1117 55 21 som,
446 1109 65 23 ehuru
527 1111 18 27 ej
562 1110 138 22 medlemmar
715 1111 25 22 af
753 1111 137 28 kommunen,

153 1145 56 22 dock
224 1145 112 22 derstädes
352 1147 41 26 äga
404 1145 52 28 jord
472 1145 51 22 eller
537 1145 54 28 gård
607 1145 51 22 eller
672 1145 53 22 idka
740 1146 95 27 näring."

219 1179 125 22 Professorn
360 1179 99 22 Geitlin
474 1180 68 27 ansåg
553 1180 142 27 otillständigt
705 1183 32 18 att
747 1181 76 27 frångå
834 1181 56 21 stån-

153 1213 47 23 dets
215 1213 67 22 redan
297 1213 83 22 fattade
396 1213 70 22 beslut
480 1213 133 22 beträffande
628 1215 11 20 1
655 1221 69 22 mom.,
740 1214 93 22 likasom
851 1214 41 22 ock

152 1249 93 27 orimligt
265 1250 31 19 att
316 1248 51 28 den,
384 1255 44 15 som
444 1248 48 21 icke
507 1251 24 19 är
545 1249 6 21 i
567 1248 76 23 staden
659 1249 72 22 bosatt
745 1255 49 16 men
809 1249 82 22 derstä-

153 1283 38 22 des
214 1282 77 23 endast
312 1282 49 22 med
384 1283 48 22 sina
453 1283 106 28 kapitaler
580 1285 35 20 rör
634 1283 42 28 sig,
695 1283 56 22 skall
767 1283 74 28 afgöra
857 1291 34 14 om

153 1317 50 23 dess
217 1317 36 22 väl
268 1317 40 22 och
323 1324 35 21 ve;
375 1317 95 22 deremot
484 1317 66 23 borde
565 1317 36 22 vid
617 1318 98 27 taxering
728 1325 27 15 en
765 1318 70 22 sädan
844 1324 47 22 per-

152 1358 39 14 son
213 1350 67 22 blifva
301 1350 158 28 ihågkommen.
488 1351 124 22 Professorn
634 1352 50 21 ville
704 1351 83 22 derföre
806 1351 85 22 biträda

153 1384 36 23 det
204 1384 24 22 af
240 1386 86 27 prosten
343 1385 111 28 Grönberg
468 1386 122 27 föreslagna
605 1385 106 29 tillägget.

218 1420 207 29 Kontraktsprosten
447 1421 98 21 Hellén
567 1420 51 23 ville
641 1421 76 22 endast
736 1422 105 21 anmärka
859 1423 32 20 att

153 1454 41 23 den
214 1462 45 15 som
279 1457 86 20 taxeras
386 1455 63 23 äfven
469 1455 66 23 borde
550 1455 129 24 åtminstone
695 1457 22 21 få
731 1456 87 29 deltaga
833 1457 7 20 i
856 1457 34 22 be-
