989 1831
786 128 40 20 419

104 190 43 28 jag
161 190 71 23 blifvit
246 190 127 29 ytterligare
389 192 70 28 styrkt
475 192 45 22 deri
536 194 31 20 att
583 193 47 21 vårt
641 193 180 28 äskädningssätt
833 196 23 18 är

109 226 25 20 sä
157 227 164 20 sammanvuxet
340 226 50 21 med
408 227 287 27 centralisationssystemet,
720 230 31 18 att
770 228 84 21 frihets-

108 259 112 27 principen
234 260 154 28 suspenderas,
404 260 47 27 just
467 261 37 21 der
520 260 52 28 den,
591 261 72 21 såsom
679 262 68 26 grund
763 262 40 20 och
818 262 37 20 ba-

109 293 39 27 sis,
172 293 66 21 borde
260 293 138 22 frammanas.
432 295 42 27 Jag
493 294 109 22 erkänner
621 295 72 21 tillika
712 295 50 21 med
780 295 75 27 hvarje

108 326 71 28 redlig
198 327 66 28 finne,
288 330 31 19 att
339 328 71 22 finska
425 328 68 22 folket
508 331 53 25 äger
575 330 43 20 rätt
633 328 32 22 till
681 328 119 22 individuel
816 329 39 21 och

107 361 111 28 borgerlig
232 362 64 22 frihet
312 362 40 22 och
367 362 31 21 till
414 363 126 27 nödvändig
555 363 129 21 samverkan
699 363 50 21 med
764 363 92 28 styrelse

109 396 40 21 och
172 396 84 28 styrda:
280 399 32 19 att
332 397 37 21 det
390 399 24 19 är
429 397 132 27 berättigadt
577 397 56 21 både
649 399 31 19 att
695 398 7 20 i
718 398 37 21 sitt
770 397 85 21 medve-

109 430 65 22 tande
196 432 96 26 upptaga
311 431 40 22 och
370 431 90 28 tillegna
475 432 34 26 sig
524 431 27 21 de
567 432 82 26 äsigter
664 432 39 20 och
720 432 36 20 det
770 432 85 21 betrak-

109 464 107 29 telsesätt,
233 472 45 14 som
295 465 157 22 civilisationen
468 472 88 15 numera
571 465 84 21 fordrar
671 466 24 20 af
708 466 74 27 hvarje
798 472 58 14 men-

108 499 73 28 niska,
198 500 72 21 såsom
286 500 93 21 medlem
394 500 24 21 af
430 500 101 21 kommun
547 500 40 22 och
603 500 114 28 samhälle,
732 500 39 21 och
782 502 32 19 att
824 502 32 19 ut-

108 534 78 21 veckla
209 534 39 21 och
272 534 101 22 använda
395 534 49 22 dem
460 535 32 21 till
507 534 197 22 framätskridande
720 534 7 21 i
743 534 40 21 den
799 534 57 22 bild-

108 568 61 28 ning,
186 575 45 15 som
248 568 64 22 deraf
324 571 24 18 är
363 575 26 15 en
404 569 167 27 välsignelserik
586 568 63 28 följd,
662 571 56 19 samt
729 570 31 19 att
771 570 30 20 ett
811 568 45 22 väl-

109 602 93 22 ordnadt
216 602 222 22 kommunalväsende
454 606 24 18 är
493 602 41 22 den
550 603 64 21 bästa
625 602 157 22 förberedande
794 603 62 21 skola

108 636 33 22 för
163 637 112 21 individen
298 639 32 19 att
352 638 49 21 med
422 638 65 26 insigt
506 637 40 21 och
561 636 98 27 förmåga
674 636 107 28 uppträda
797 638 7 19 i
820 637 36 20 det

109 671 111 26 offentliga
242 671 68 21 lifvet.
339 671 50 21 Med
410 671 60 21 detta
491 671 140 21 erkännande
649 671 78 27 måste,
744 671 54 21 efter
813 671 43 20 min

109 705 155 28 Ofvertygelse,
281 705 36 21 det
332 705 120 27 påstående
469 705 48 22 med
533 707 82 26 protest
631 705 90 28 afvisas,
739 707 31 19 att
786 705 70 21 finska

109 739 69 21 folket
192 739 66 22 borde
272 742 76 19 snöras
359 740 7 21 i
376 747 46 14 mer
432 739 53 21 eller
495 739 83 22 mindre
589 739 144 22 komfortabla
745 739 111 26 ordnings-

109 773 71 28 reglor
195 774 69 21 under
280 774 265 21 centralauktoriteternas
561 773 50 27 egid
627 773 39 22 och
677 773 77 27 högsta
766 773 90 27 insegel.

109 809 26 20 Vi
156 807 66 22 hafva
235 808 94 27 klarliga
344 808 62 21 fakta
422 808 86 21 hvartill
523 807 60 22 detta
599 811 81 24 system
695 807 66 22 leder.
791 808 65 20 Lika-

110 849 46 15 som
171 843 112 20 individen
299 842 45 21 stär
358 842 86 27 fridlyst
459 842 7 20 i
482 843 37 20 sitt
534 842 27 21 bo
577 842 40 21 och
633 842 81 27 bohag,
736 841 49 22 med
803 842 53 21 barn

111 876 39 22 och
166 877 100 28 blomma,
283 876 39 21 och
338 876 147 28 sjelfständigt
499 879 35 18 rör
549 876 33 27 sig
596 876 7 21 i
619 876 37 22 sitt
671 875 85 28 husliga
767 875 27 22 lif
802 877 56 20 samt

109 912 131 21 bestämmer
254 912 40 21 och
310 911 80 22 ordnar
405 911 37 21 det
456 914 52 19 utan
524 911 87 28 inträng
626 911 39 21 och
677 911 145 28 pätryekning
836 909 24 22 af

110 947 72 26 nägon
204 946 134 21 fremmande
360 945 68 28 makt,
453 946 71 21 likasä
544 946 67 21 borde
632 945 41 22 ock
693 945 163 26 kommunerne,

111 988 45 15 som
178 981 43 28 dag
240 980 53 22 efter
312 980 43 28 dag
370 980 71 28 sysslä
456 980 50 22 med
521 980 40 21 och
577 980 49 22 bäst
641 980 74 21 känna
730 980 48 21 sina
793 985 65 21 ange-

111 1016 127 27 lägenheter
253 1017 56 20 samt
324 1015 64 22 lifvas
404 1015 24 20 af
440 1015 63 22 deras
520 1014 187 27 ändamälsenliga
723 1014 61 27 värd,
807 1020 51 15 vara

111 1050 137 28 berättigade
270 1051 33 20 att
324 1049 54 22 efter
396 1049 75 22 lokala
485 1049 160 28 förhållanden,
666 1049 192 27 näringsutvägars

112 1085 39 22 och
172 1085 133 28 folklynnets
326 1084 82 21 olikhet
426 1084 78 28 sjelfva
522 1084 136 21 konstituera
673 1083 40 22 och
729 1083 67 22 vårda
812 1082 47 22 sina

112 1122 94 25 säregna
226 1119 184 27 angelägenheter
428 1121 51 19 utan
495 1118 94 21 kontroll
605 1117 25 22 af
643 1117 215 28 centralmyndighet.

112 1154 49 21 Men
176 1153 139 22 alldenstund
330 1153 110 22 individen
456 1153 63 21 alltid
534 1153 67 21 lefver
616 1153 8 20 i
637 1152 105 25 samband
753 1152 39 21 och
804 1158 55 15 sam-

112 1189 83 20 verkan
217 1187 50 22 med
289 1187 133 22 kommunal-
445 1187 40 22 och
504 1186 174 28 samhällslifvet,
695 1187 24 21 sä
734 1186 68 21 mäste
816 1185 44 21 han

113 1223 41 21 ock
169 1222 49 22 med
234 1221 114 28 obrottslig
362 1221 82 28 lydnad
460 1221 134 22 underkasta
609 1221 34 27 sig
658 1220 27 22 de
695 1221 62 26 lagar
768 1219 39 22 och
818 1219 41 22 för-

113 1257 122 28 ordningar,
260 1263 45 16 som
327 1256 130 22 kommunen
479 1256 39 21 och
541 1257 70 20 staten
631 1255 8 20 i
657 1255 97 28 lagenlig
770 1253 91 27 ordning

114 1292 33 21 till
161 1298 125 21 gemensam
302 1290 109 29 efterföljd
426 1291 93 28 antagit,
538 1291 25 21 sä
577 1289 69 22 måste
663 1289 62 22 äfven
742 1289 41 21 den
799 1288 61 22 verk-

114 1326 92 27 samhet,
224 1333 45 14 som
284 1325 130 21 kommunen
430 1325 71 22 såsom
516 1332 27 14 en
556 1323 152 28 integrerande
719 1323 35 21 del
766 1323 23 20 af
798 1324 63 20 stats-

115 1359 96 21 området
227 1360 98 27 erhåller,
342 1365 52 15 vara
409 1359 25 21 af
446 1359 64 27 lagen
526 1357 129 28 begränsad.
685 1357 43 26 Jag
744 1356 52 21 sade
807 1357 7 20 i
825 1355 37 21 det

115 1394 131 27 föregående
262 1396 32 19 att
298 1393 160 22 erfarenheten
474 1393 47 21 från
537 1393 38 21 vår
591 1391 162 22 kulturhistoria
770 1389 92 23 faktiskt
