986 1773
758 128 38 22 791

85 190 84 23 komme
185 194 32 20 att
232 191 118 29 försvinna,
367 195 56 19 samt
438 192 43 22 alla
492 193 124 21 samhällets
627 193 138 21 medlemmar
776 194 49 20 stäl-

83 226 34 21 las
138 226 67 22 under
223 233 84 15 samma
323 226 102 22 domstols
441 228 109 20 domsrätt.
579 224 79 24 Vidare
672 227 52 21 ville
739 229 86 25 prosten

84 260 101 27 tillägga,
202 262 32 19 att
249 266 34 15 om
299 260 134 22 beträffande
449 261 70 21 denna
534 260 61 28 fråga
610 267 27 15 en
651 268 29 20 ny
690 261 137 27 lagstiftning

83 294 94 26 ansåges
193 294 91 21 alldeles
300 294 135 27 nödvändigt
450 294 112 28 påkallad,
578 294 25 22 så
619 294 65 22 borde
694 294 132 27 stadgandet

83 328 74 21 härom
168 328 87 21 komma
266 329 31 20 att
307 328 30 21 uti
348 328 152 28 krigslagarna
510 329 61 27 ingå,
582 330 24 26 ty
617 328 37 22 det
662 328 72 22 kunde
742 328 81 28 hända,

83 364 32 20 att
130 363 72 27 någon
217 362 25 22 af
254 362 48 22 vårt
316 362 63 22 lands
393 362 86 28 krigare
490 362 84 22 komme
584 363 8 21 i
602 362 78 22 sådant
690 362 135 22 förhållande

83 397 32 21 till
138 396 69 22 andra
228 396 88 22 länders
336 397 96 27 krigare,
452 399 32 20 att
502 397 42 21 han
560 397 19 28 ej
596 397 72 21 kunde
684 397 141 27 undandraga

83 431 34 28 sig
137 437 27 15 en
183 431 112 27 utmaning
314 431 24 21 af
353 431 58 28 dem;
431 432 40 21 och
486 431 43 22 höll
545 433 87 26 prosten
647 431 33 22 för
694 432 82 27 säkert,
793 433 32 19 att

82 465 128 28 regeringen
225 471 44 21 nog
285 465 69 22 skulle
369 465 66 22 hafva
451 465 70 22 denna
535 465 62 28 fråga
612 465 7 21 i
634 465 90 28 minnet,
741 465 29 22 då
784 465 40 22 för-

83 499 48 28 slag
145 499 33 22 till
194 506 29 21 ny
238 499 98 28 krigslag
350 499 87 22 komme
452 502 31 19 att
497 500 117 21 utarbetas.

148 533 208 28 Kontraktsprosten
375 533 80 22 Sirén
474 534 50 21 ville
540 534 7 21 i
562 534 43 21 allo
619 534 86 21 förorda
720 537 104 24 antagan-

82 568 37 21 det
134 568 24 21 af
171 568 116 22 utskottets
302 568 145 22 betänkande.
470 568 206 28 Kontraktsprosten
688 569 69 27 ansåg
767 575 58 15 nem-

80 602 60 28 ligen
155 605 32 19 att
202 602 83 22 sådana
300 602 68 28 lagar,
384 609 45 15 som
441 603 18 27 ej
472 605 36 19 äro
519 602 153 28 respekterade
684 602 24 22 af
716 602 109 22 allmänna

81 637 116 28 opinionen
212 637 40 21 och
267 636 208 29 folkmedvetandet,
491 644 51 15 voro
557 637 130 28 fullkomligt
702 636 122 23 ändamåls-

81 671 53 22 lösa.
164 672 67 27 Ingen
247 671 72 22 kunde
334 671 35 21 väl
383 671 73 29 påstå,
473 673 31 20 att
520 671 27 22 då
563 672 54 21 1682
634 672 33 21 års
678 671 147 28 duellsplakat

81 705 135 29 utfärdades,
233 706 111 21 duellerna
359 712 50 15 voro
425 705 82 22 mindre
522 706 88 27 vanliga
625 708 27 19 än
667 713 37 20 nu;
720 708 52 19 utan
786 713 38 14 var

81 740 37 22 det
134 741 47 27 just
201 743 91 19 tvärtom
313 740 63 21 deras
397 742 54 20 mest
466 740 145 22 blomstrande
625 740 40 28 tid,
679 740 80 22 hvaraf
770 740 53 21 tala-

81 782 38 15 ren
135 775 53 27 drog
203 775 42 20 den
261 775 97 28 slutsats,
376 776 31 19 att
418 775 36 21 det
465 774 18 27 ej
496 775 55 21 varit
562 774 261 28 straffbestämningarne,

81 812 52 19 utan
154 809 41 22 den
215 809 133 21 allmännare
367 809 126 27 bildningen
509 815 45 15 som
569 809 57 27 gjort
642 811 31 19 att
689 809 64 21 dessa
768 809 57 22 brott

80 843 72 22 blifvit
165 843 85 22 alltmer
261 843 40 21 och
312 850 44 14 mer
366 843 113 28 sällsynta.
501 843 107 27 Föröfrigt
618 843 72 21 kunde
700 843 123 21 kontrakts-

80 880 88 26 prosten
190 877 48 22 ieke
263 878 46 21 inse
331 877 109 27 hvarföre,
464 877 28 21 då
511 884 50 15 man
576 877 7 21 i
598 877 102 22 afseende
715 877 13 21 å
744 877 26 22 de
786 877 38 21 all-

80 915 80 19 männa
181 912 114 28 principer,
319 918 45 15 som
384 912 66 21 borde
463 911 65 29 följas
542 911 37 23 vid
594 912 151 21 utarbetandet
760 911 25 21 af
798 918 25 14 en

80 954 30 21 ny
125 946 160 27 brottmålslag,
302 946 49 22 sökt
366 948 32 19 att
413 946 25 21 så
453 946 86 28 mycket
554 953 46 15 som
615 946 83 27 möjligt
713 945 110 23 förmildra

81 981 263 26 straffbestämningarne,
368 987 49 14 man
440 980 30 21 uti
489 979 166 28 ifrågavarande
674 979 39 22 fall
727 982 52 19 utan
794 980 30 21 all

80 1015 66 22 orsak
166 1015 70 21 skulle
256 1014 77 27 frångå
348 1014 65 22 dessa
427 1015 113 27 principer.
570 1014 24 28 Ej
612 1015 66 21 heller
694 1014 72 22 kunde
782 1013 41 22 den

80 1056 29 15 nu
124 1049 125 27 föreslagna
259 1049 154 26 författningen
425 1055 64 15 anses
499 1056 53 15 vara
562 1049 24 21 så
597 1049 90 21 alldeles
698 1049 124 27 klemande,

80 1084 29 21 då
129 1083 51 22 flere
199 1083 86 27 ganska
300 1083 68 21 hårda
384 1083 226 27 straffbestämningar
625 1083 45 21 deri
684 1082 138 22 förekommo.

80 1117 208 28 Kontraktsprosten
310 1117 51 21 fann
384 1117 36 21 det
440 1124 52 15 vara
511 1117 131 27 fullkomligt
656 1117 166 27 inkonseqvent,

80 1159 34 14 om
131 1152 82 21 straffet
227 1151 33 22 för
276 1151 52 28 dråp
344 1151 40 21 och
399 1151 60 22 mord
474 1151 70 22 blefve
560 1151 125 28 lindrigare,
702 1153 27 19 än
745 1151 37 21 det
792 1151 32 21 för

81 1187 71 26 envig.

148 1221 90 20 Prosten
261 1220 144 27 Grönberg
427 1220 95 28 yttrade,
546 1220 36 21 det
597 1219 42 22 han
655 1219 69 28 ansåg
738 1221 41 26 att,
796 1219 27 22 då

80 1255 87 22 ståndet
187 1254 84 27 antagit
291 1254 81 27 nådiga
386 1254 160 28 propositionen
561 1261 33 14 om
610 1261 29 20 ny
653 1254 151 27 brottmålslag
816 1254 8 20 i

81 1288 128 29 allmänhet,
226 1289 63 20 äfven
305 1288 225 28 straffbestämningar
540 1288 33 22 för
585 1288 65 27 envig
659 1287 48 22 med
719 1288 48 21 skäl
778 1288 46 21 deri

80 1322 67 23 borde
169 1322 140 22 förekomma.
339 1323 89 21 Prosten
450 1322 87 22 röstade
560 1322 65 22 alltså
644 1322 32 21 för
691 1322 133 27 antagandet

81 1358 25 21 af
117 1357 118 22 utskottets
249 1357 149 27 betänkande,
415 1364 48 14 men
479 1357 103 21 förenade
596 1357 35 26 sig
645 1356 97 27 föröfrigt
757 1356 67 21 likväl

81 1392 31 21 uti
128 1391 26 21 de
169 1391 24 20 af
206 1393 87 25 prosten
308 1391 19 21 J.
343 1391 23 20 F.
383 1391 70 26 Bergh
470 1391 68 21 delvis
554 1393 44 18 mot
609 1391 115 20 utskottets
735 1391 89 20 motiver

81 1425 77 28 gjorda
173 1425 204 26 anmärkningarna.
