989 1734
769 125 39 23 177

92 189 160 29 garantifrägas
279 190 88 28 slutliga
394 189 123 29 afgörande.
556 190 98 22 Orsaken
677 191 71 22 dertill
771 198 65 20 synes

92 225 44 27 mig
155 225 53 21 böra
227 225 76 21 sökas:
327 226 32 20 1:0
374 225 7 20 i
397 224 41 22 den
456 225 122 27 tungrodda
593 225 93 28 fyrdelta
702 228 134 25 representa-

93 258 82 28 tionen,
199 260 32 20 2:0
251 259 7 20 i
278 258 41 21 den
341 259 6 20 i
366 258 104 22 Finlands
490 258 160 22 finanshistoria
665 259 107 21 härintills
788 259 49 21 icke

91 292 69 22 hörda
176 296 58 18 stora
250 293 157 27 länesumman,
424 293 39 21 och
478 293 33 21 3:o
522 294 7 20 i
541 293 26 21 de
578 293 128 27 förmånliga
717 294 52 21 eller
779 300 57 14 men-

92 327 45 27 liga
159 327 78 27 följder
259 326 146 22 merbemälde
424 327 245 28 penningetransaktion
684 327 73 22 kunde
772 327 66 22 hafva

92 362 29 27 pä
135 360 188 23 fäderneslandets
339 360 96 29 framtid;
451 361 88 22 hvarom
554 368 50 15 man
620 362 28 28 pä
663 361 112 28 grundade
789 362 49 21 skäl

92 396 44 22 kan
156 395 65 22 hafva
239 398 104 19 motsatta
359 395 160 29 öfvertygelser.
550 396 48 21 Och
610 396 108 22 förmenar
728 397 50 28 jag,
795 398 41 26 att,

93 437 34 15 om
151 430 41 21 den
215 429 81 28 nådiga
316 431 160 26 propositionen
495 430 69 21 blifvit
580 431 32 20 till
628 431 74 27 slutlig
717 430 99 28 pröfning
830 431 8 20 i

92 465 66 28 plena
177 464 130 27 föredragen
327 464 98 23 sistlidne
440 465 30 27 är,
494 465 69 21 skulle
578 465 109 26 utgängen
702 464 65 22 hafva
783 464 55 22 varit

93 499 91 30 alldeles
199 501 89 19 motsatt
303 498 51 28 den,
376 506 48 14 man
444 506 28 15 nu
487 499 39 21 har
540 499 29 21 all
584 499 76 27 möjlig
673 498 118 28 anledning
806 500 32 19 att

93 533 92 28 hoppas,
209 532 67 22 sedan
299 532 36 22 det
357 533 143 22 hbetänksama
517 533 72 21 finska
607 533 75 28 lynnet
695 533 42 21 fått
752 533 86 21 rädrum

93 569 32 19 att
145 567 112 28 begrunda
272 567 27 22 de
314 569 102 20 motsatta
430 567 108 29 följderna
551 567 25 22 af
586 568 112 26 garantins
714 567 124 28 beviljande

93 601 53 23 eller
162 601 119 22 afsläende.

161 637 33 21 En
212 636 24 21 af
249 637 26 21 de
290 636 57 22 förre
362 637 66 21 värde
443 637 105 28 talarene,
565 636 49 22 herr
628 638 87 26 prosten
728 636 110 29 Alopaeus,

93 677 34 15 om
139 670 42 28 jag
195 673 42 19 rätt
252 671 67 22 hörde
333 671 54 22 hans
402 671 109 28 föredrag,
527 671 81 27 gillade
619 671 35 21 väl
666 671 126 27 obetingadt
802 677 37 20 ga-

93 705 83 22 rantins
195 705 134 29 antagande,
351 713 49 15 men
422 705 124 23 förmenade
569 708 32 19 att
619 713 49 14 man
688 706 67 21 borde
774 707 65 21 vänta

93 740 30 28 pä
145 740 69 21 bättre
237 740 56 22 tider
315 740 40 22 och
372 741 50 23 icke
437 741 67 22 under
519 741 136 21 närvarande
670 741 64 21 svära
749 739 91 22 kursfall

94 777 96 25 upptaga
204 775 65 22 länet.
299 775 52 28 Jag,
372 775 49 28 och,
440 783 46 15 som
500 775 42 28 jag
556 777 49 26 tror,
622 775 93 21 flertalet
730 775 25 21 af
767 775 73 21 herrar

94 809 155 22 ständsbröder
264 813 37 18 äro
317 809 95 22 deremot
422 809 27 23 af
455 812 88 20 motsatt
554 809 151 29 öfvertygelse.
727 810 28 21 Ju
765 809 75 28 längre

94 850 50 15 man
160 846 82 26 väntar,
266 844 61 22 desto
343 847 67 19 större
424 845 77 22 förlust
515 845 56 21 lider
586 851 58 21 man,
669 846 23 26 ty
707 844 65 28 ingen
788 844 52 22 död-

93 878 32 28 lig
139 879 44 21 kan
200 878 97 22 beräkna
312 879 27 23 de
353 879 159 28 förskräckliga
525 879 109 28 följderna
644 879 25 21 af
677 879 27 21 de
714 878 126 22 nuvarande

94 912 150 22 fluktuerande
267 914 305 28 penningeförvecklingarne,
595 914 76 21 hvilka
689 913 49 22 icke
754 914 50 21 bero
819 913 25 21 af

95 947 112 23 enskildas
223 948 52 22 eller
290 948 37 22 det
342 948 120 23 allmännas
477 956 45 14 mer
537 948 53 22 eller
604 948 83 22 mindre
706 948 135 28 sparsamhet

95 983 53 21 eller
163 982 85 28 slöseri,
265 985 52 19 utan
332 983 45 21 helt
392 984 40 21 och
447 983 67 22 hället
529 983 25 21 af
565 983 105 27 politiska
683 982 157 22 förhällanden.

94 1016 91 22 Derföre
205 1017 67 22 borde
290 1017 69 27 lånet,
382 1018 70 22 sävidt
467 1018 71 22 finska
553 1017 87 21 banken
657 1017 125 27 derigenom
798 1017 43 21 kan

95 1052 76 21 ställas
187 1052 28 27 pä
230 1052 73 28 stadig
317 1052 49 28 bas,
379 1054 85 26 prompt
474 1054 72 26 tagas,
558 1052 69 21 under
637 1052 53 21 huru
702 1051 68 29 dryga
782 1052 59 20 kurs-

95 1086 38 21 fall
148 1092 45 15 som
208 1086 66 28 helst,
293 1094 48 14 men
357 1086 124 22 äterstoden
496 1086 25 22 af
532 1086 72 22 länets
620 1086 138 28 upptagande
775 1085 66 22 öfver-

95 1121 57 22 lätas
168 1121 22 21 ät
205 1121 140 28 regeringens
360 1129 78 20 mogna
453 1121 155 29 bepröfvande.

164 1155 143 28 Domprosten
323 1156 71 28 Borg
408 1157 51 21 ville
474 1158 45 19 mot
534 1158 87 26 prosten
636 1155 26 21 H.
678 1155 90 22 Heikels
781 1161 62 16 sena-

96 1193 33 19 ste
146 1190 141 27 andragande
302 1190 65 22 hafva
378 1191 110 28 anmärkt,
500 1192 32 19 att
541 1189 248 29 hypoteksföreningens
800 1196 43 15 om-

96 1224 110 21 huldande
228 1231 78 20 genom
328 1225 72 27 påbud
423 1227 31 18 att
478 1225 49 21 dess
550 1224 145 27 obligationer
717 1224 70 21 skulle
807 1223 37 22 vid

97 1258 167 28 kronouppbörd
279 1261 130 25 emottagas,
430 1265 51 15 vore
496 1258 64 22 totalt
575 1258 132 28 opraktiskt,
724 1258 120 21 detsamma

97 1299 45 15 som
165 1293 62 27 intet,
251 1292 91 22 emedan
365 1293 125 26 derigenom
509 1292 119 28 ingalunda
643 1293 71 26 någon
730 1294 68 25 utväg
812 1293 32 20 att

97 1326 118 28 upphjelpa
226 1326 221 27 jordbraksintresset
462 1327 8 21 i
485 1327 75 21 landet
575 1326 75 27 erbjöd
669 1327 40 26 sig.

165 1361 36 19 Då
215 1360 66 27 ingen
296 1360 74 21 vidare
386 1361 95 26 begärde
496 1361 70 26 ordet,
583 1360 134 21 framställde
733 1360 49 21 herr
792 1359 52 21 tale-

98 1400 94 15 mannen
206 1393 96 28 följande
317 1393 144 28 proposition:

123 1435 54 24 Högv.
190 1436 133 18 Prestaståndets
337 1436 64 18 Protok.
419 1435 26 18 II.
759 1438 19 15 12
