1000 1800
772 118 40 25 105

93 188 97 23 varande
212 187 105 29 ställning
338 186 87 24 bevisar
444 188 59 22 detta
521 188 132 28 pätagligen.
683 188 116 22 Dessutom
814 191 25 19 är

93 224 37 22 det
150 224 92 27 faktum,
267 226 32 19 att
319 223 86 21 banken
425 223 49 21 icke
489 223 83 21 mäktat
587 222 110 28 punktligt
711 223 64 21 infria
790 223 48 21 sina

91 258 151 28 förbindelser,
255 258 47 28 just
316 258 49 21 icke
381 257 80 27 egnadt
475 259 31 20 att
519 257 99 27 bibringa
629 257 159 28 öfvertygelsen
800 264 38 15 ens

93 300 34 14 om
139 300 25 14 en
177 299 76 15 senare
264 292 130 22 inträdande
405 291 126 28 fullständig
541 292 90 21 inlösen.
656 292 59 21 Huru
726 298 46 15 som
782 291 56 23 helst

92 334 50 15 man
158 326 84 23 derföre
258 327 37 21 vill
311 326 101 22 betrakta
427 326 77 28 saken,
519 332 50 16 vore
585 328 30 20 ett
626 326 122 27 stadgande
760 326 78 22 sådant

92 369 46 15 som
157 361 37 23 det
209 368 28 15 nu
253 361 25 22 af
290 361 105 22 utskottet
410 360 114 22 förordade
540 362 30 21 ett
586 360 104 29 olyckligt
706 360 131 29 stadgande,

92 396 92 29 hvilket,
208 403 34 15 om
266 396 37 22 det
325 396 67 21 också
414 395 48 22 icke
482 395 86 22 komme
587 397 32 20 att
633 395 121 29 tillämpas,
770 396 67 22 likväl

92 430 112 22 medförde
224 432 31 20 ett
274 430 7 22 i
301 430 44 22 alla
358 429 259 29 penningeförhållanden
633 430 61 28 djupt
709 430 129 29 ingripande

92 465 62 28 ondt,
177 465 68 22 redan
265 465 134 28 derigenom,
421 467 31 20 att
468 465 36 21 det
518 465 130 28 försvagade
664 465 37 22 det
715 465 123 22 förtroende

92 500 87 22 landets
194 500 99 22 ständers
308 499 60 23 bank
382 500 67 21 borde
463 502 43 25 äga
519 499 39 22 hos
574 499 44 22 alla
634 499 51 22 dess
699 500 138 22 innevånare.

92 535 43 21 Det
156 535 68 22 första
247 535 102 27 felsteget
368 534 8 21 i
391 534 164 28 uppfattningen
571 534 25 22 af
608 541 26 15 en
650 534 188 28 sedelutgifvande

92 569 71 23 banks
183 569 139 23 verksamhet
340 569 107 22 medförer
465 569 40 22 lätt
520 569 80 28 många
614 569 59 22 flera.
704 569 30 22 Sä
749 570 68 21 också
832 570 6 21 i

94 604 254 28 utskottsbetänkandet,
359 604 93 28 hvilket,
464 611 45 15 som
520 611 26 15 en
556 604 138 28 konseqvens
705 604 26 22 af
737 604 37 23 det
784 605 55 22 före-

93 640 95 28 gående,
204 640 84 22 fordrar
303 642 41 25 att,
361 638 67 23 under
444 639 41 22 den
500 639 32 22 tid
547 638 73 22 silfver
632 638 8 22 i
650 639 87 22 banken
747 640 49 22 icke
807 642 31 20 ut-

92 674 86 28 vexlas,
194 672 99 24 bankens
309 674 72 22 sedlar
396 674 63 22 skola
473 673 7 21 i
496 674 110 21 allmänna
619 674 95 22 rörelsen
726 680 46 16 som
782 679 58 24 mynt

92 710 122 26 emottagas
230 709 23 21 al
262 710 55 28 pari
331 708 50 22 med
396 708 173 29 silfvermarken,
581 708 88 22 hvilken
685 708 25 22 af
722 709 116 23 sedelmar-

92 743 44 21 ken
151 742 75 29 påstås
241 749 54 15 vara
310 742 170 28 representerad.
510 742 49 22 Men
574 742 58 22 hvad
647 745 24 19 är
687 743 36 22 det
734 746 66 19 annat
811 747 27 19 än

91 784 28 15 en
135 777 93 22 chimére
244 778 33 20 att
291 777 64 28 påstå
370 777 119 28 någonting
504 778 148 26 representera
666 778 58 21 hvad
735 778 37 22 det
782 778 57 22 dock

92 812 19 28 ej
133 814 168 26 representerar.
332 811 106 22 Sedlarne
456 815 149 25 representera
620 811 26 28 ju
664 812 20 28 ej
699 813 67 27 något
780 813 58 27 sjelf-

92 846 97 28 ständigt
205 846 77 28 värde,
297 848 51 20 utan
362 846 110 22 innehålla
487 846 55 22 blott
558 848 30 20 ett
603 846 51 28 löfte
669 854 34 14 om
717 849 31 20 ett
762 848 76 28 värde,

92 881 28 22 de
142 884 38 18 äro
203 880 99 22 bankens
322 880 206 28 skuldanvisningar
545 880 29 29 på
588 883 60 25 mynt
663 881 40 21 och
718 882 60 27 gälla
792 888 46 16 som

92 918 61 26 mynt
168 915 50 22 blott
233 915 29 21 då
273 915 27 22 de
310 915 37 22 vid
358 915 115 23 anfordran
483 915 74 21 kunna
567 914 33 22 till
611 914 37 22 det
657 916 88 28 belopp,
758 916 82 29 hvarpå

93 950 27 22 de
140 950 64 28 lyda,
224 949 126 28 realiseras,
371 950 20 21 d.
407 957 19 14 v.
442 956 17 16 s.
478 949 32 22 till
526 951 60 27 mynt
601 950 117 22 omvexlas.
747 951 43 27 Jag
804 958 35 22 yr-

92 985 41 21 kar
148 984 66 22 alltsä
228 984 33 22 för
276 984 44 22 min
336 984 35 22 del
387 985 28 27 pä
431 984 37 22 det
482 984 157 27 bestämdaste,
662 986 33 20 att
713 985 51 22 hela
780 986 59 22 detta

93 1021 96 20 moment
204 1019 7 21 i
226 1018 150 23 betänkandet
391 1019 66 22 mätte
472 1019 58 27 utgä.

161 1054 90 22 Prosten
267 1054 26 21 H.
309 1054 102 21 Heikel
426 1053 96 28 yttrade:
543 1054 42 26 Jag
600 1054 107 22 erkänner
721 1054 50 22 med
786 1057 53 19 stör-

94 1091 35 20 sta
149 1088 167 28 beredvillighet
336 1088 39 22 och
394 1088 110 28 uppriktig
518 1087 136 29 högaktning
669 1088 27 22 de
712 1088 60 29 skäl,
795 1096 45 15 som

95 1123 70 22 blifvit
181 1123 62 25 såväl
255 1122 24 23 af
286 1125 164 20 reservanterna
460 1123 33 21 till
503 1122 176 22 bankutskottets
690 1123 149 29 betänkande,

94 1158 74 21 herrar
184 1158 26 22 de
226 1158 22 21 la
263 1158 113 27 Chapelle,
393 1157 152 28 Björkenheim
561 1156 39 22 och
614 1158 166 28 Montgomerie,
794 1165 45 15 som

94 1192 42 23 ock
158 1199 28 15 nu
209 1192 24 22 af
253 1192 138 28 domprosten
413 1192 91 23 Renvall
524 1191 100 29 anförda;
641 1192 42 28 jag
697 1192 95 29 medger,
808 1194 32 20 att

93 1227 57 22 bäde
165 1227 118 22 rättvisans
299 1227 40 22 och
354 1227 92 22 hederns
461 1227 121 28 fordringar
597 1227 102 28 förpligta
709 1227 88 22 banken
808 1229 32 20 att

93 1263 107 20 honorera
222 1261 48 22 sina
292 1261 149 29 förbindelser,
465 1261 39 22 och
527 1263 32 20 att
579 1261 86 22 banken
686 1262 68 27 enligt
768 1262 37 27 lag
820 1262 19 27 ej

95 1297 38 21 bör
148 1296 74 22 kunna
237 1302 60 15 mera
312 1298 28 20 än
356 1295 42 22 den
414 1296 98 22 enskilde
527 1295 142 28 undandraga
685 1296 33 28 sig
728 1298 32 20 att
771 1297 70 21 inlösa

95 1331 48 22 sina
158 1330 148 29 skuldsedlar;
322 1337 49 16 men
387 1330 28 22 dä
431 1331 28 28 pä
474 1331 99 22 bankens
586 1331 91 21 bestånd
689 1333 30 20 ett
730 1331 44 22 helt
784 1331 58 22 folks

95 1366 35 22 väl
146 1366 68 27 beror,
235 1366 69 21 mäste
319 1366 145 22 förhällandet
479 1365 49 22 med
544 1365 86 22 banken
646 1365 103 23 bedömas
766 1372 76 15 annor-

95 1400 68 22 lunda
184 1402 27 19 än
232 1400 37 22 det
287 1402 25 19 är
327 1400 49 22 med
392 1400 41 22 den
450 1400 105 22 enskilde.
585 1400 33 21 Dc
634 1402 55 20 mest
704 1400 71 22 solida
790 1400 51 21 ban-

96 1434 39 21 ker
150 1434 65 21 hafva
231 1434 94 26 nödgats
340 1434 89 20 inställa
444 1434 32 21 sin
491 1434 196 28 silfverutvexling;
698 1434 28 20 dä
737 1434 105 26 engelska

118 1475 54 23 Högv.
186 1475 133 18 Prestaständets
331 1476 65 16 Protok.
422 1475 24 17 II.
753 1478 21 14 45
