986 1770
766 118 39 23 165

93 182 153 28 samvetskraf,
270 184 31 20 att
323 183 49 22 icke
394 183 44 22 låta
456 183 47 23 mitt
521 184 146 29 stillatigande
683 184 76 23 härvid
774 185 59 28 gälla

92 217 71 22 såsom
185 217 61 22 bifall
269 218 32 21 till
320 218 154 29 nyssnämnda,
497 226 59 15 mera
570 220 57 28 uppå
642 219 77 28 lösliga
734 219 99 29 förhopp-

91 252 82 28 ningar,
195 254 27 19 än
242 253 113 28 antagliga
374 253 57 28 skäl,
450 254 111 27 grundade
577 254 62 27 åsigt.
669 249 68 26 Äfven
753 254 25 21 af
790 255 44 26 mig

91 286 100 22 omfattas
207 286 242 29 hypoteksföreningen,
461 288 39 21 och
512 291 56 18 ännu
578 295 46 14 mer
632 288 141 22 fosterlandet
783 288 50 22 med

90 327 60 15 varm
164 321 87 28 kärlek;
271 328 50 15 men
334 321 71 22 denna
420 323 86 27 känsla,
521 322 70 28 jemte
606 329 113 21 omsorgen
734 322 32 22 för
782 323 49 22 dess

90 355 187 29 ändamålsenliga
291 356 122 28 bevisning,
434 364 64 15 mana
516 357 52 28 mig,
588 359 32 20 att
634 357 48 22 med
697 357 48 22 mitt
759 359 72 20 votum

89 390 110 28 tillstyrka
217 391 96 28 garanti,
336 391 36 22 vid
386 391 71 22 denna
473 391 113 28 landtdag,
610 391 77 22 endast
702 391 33 23 för
750 394 30 19 ett
794 391 37 22 lån

89 424 25 22 af
130 425 42 21 tolf
188 425 99 28 miljoner
307 426 70 28 mark,
400 427 71 21 såsom
485 426 151 22 motsvarande
648 427 55 27 jemt
718 427 57 21 hvad
790 426 41 22 för-

89 460 91 28 eningen
200 459 102 23 behöfver
316 460 32 22 för
364 462 31 20 att
410 460 61 23 såväl
486 461 5 21 i
508 461 141 22 statsbanken
665 460 108 29 deponera
788 461 42 22 den

87 494 33 22 för
137 494 225 29 myntrealisationens
383 495 112 22 utförande
510 495 114 22 bestämda
640 502 96 15 summan
751 496 25 21 af
787 502 42 15 me-

87 530 75 22 tallisk
176 530 83 28 valuta,
275 536 45 16 som
336 530 40 22 ock
387 532 31 20 att
429 530 47 22 med
487 530 26 22 de
524 530 6 22 i
542 530 74 28 utbyte
627 530 125 22 erhållande
762 530 67 22 bank-

87 564 100 22 sedlarne
209 564 93 28 fullgöra
322 564 170 22 förbindelserna
514 565 31 21 till
568 564 48 22 sina
640 571 55 21 egna
718 564 111 29 delägare;

86 600 111 21 hvaremot
208 599 42 28 jag
265 606 63 16 anser
342 599 36 22 det
397 600 54 21 böra
470 599 142 22 öfverlemnas
633 600 31 21 till
683 599 146 29 nästföljande

86 634 107 27 landtdag
212 636 32 20 att
263 634 76 28 pröfva
358 634 40 22 och
416 634 101 28 bedöma,
538 634 104 22 huruvida
662 634 27 22 de
708 634 122 22 derutöfver

86 676 28 14 nu
137 668 83 22 äskade
243 668 89 22 aderton
353 669 98 27 miljoner
469 669 60 21 mark
543 669 112 28 verkligen
671 669 92 22 behöfde
779 668 49 28 och,

86 705 52 20 utan
153 703 124 28 kränkning
292 703 25 21 af
328 703 85 22 landets
429 703 109 22 allmänna
552 704 45 28 väl,
614 703 134 28 rättvisligen
763 703 66 22 borde

86 738 33 22 till
140 738 119 28 upplåning
278 738 55 22 ifrån
356 738 97 22 utlandet
475 740 133 26 garanteras.
637 738 155 28 Motiveringen
808 738 24 22 af

86 772 60 22 detta
165 772 48 22 mitt
231 774 73 20 votum
319 772 37 22 vill
367 773 42 28 jag
423 772 73 23 inleda
511 773 91 22 medelst
618 780 26 15 en
659 773 49 22 kort
722 772 107 28 skildring

85 808 26 22 af
127 808 68 28 några
213 808 110 21 allmänna
337 807 150 23 förhållanden
500 808 68 22 under
583 808 41 22 den
639 808 67 22 sedan
723 808 54 21 1809
793 808 35 21 års

85 842 248 28 regementsförändring
354 842 116 22 framlidna
492 843 65 28 tiden,
581 842 87 22 afdelad
686 842 7 22 i
709 844 79 20 tvänne
806 842 25 22 af

86 878 47 21 året
148 878 55 21 1840
217 877 136 28 begränsade
368 877 106 28 perioder.

152 911 42 23 Vid
212 911 77 29 början
304 911 25 22 af
341 911 41 22 den
398 912 57 21 förra
470 911 102 29 perioden
588 912 145 27 1809—1840,
749 911 79 22 befann

85 947 34 28 sig
133 946 75 23 landet
223 947 7 21 i
245 946 42 22 den
302 946 100 29 djupaste
418 947 122 28 fattigdom,
559 947 33 20 till
607 946 64 21 hvars
686 945 142 29 afhjelpande

86 982 27 22 de
133 981 67 23 under
219 981 115 29 periodens
353 981 100 28 fortgång
472 981 134 28 småningom
622 980 153 28 organiserade
791 980 38 21 all-

85 1019 79 19 männa
185 1016 222 27 läneinrättningarne
430 1016 98 22 lemnade
550 1015 85 28 ganska
655 1015 129 22 inskränkta
799 1015 30 22 bi-

85 1052 63 28 drag;
165 1051 106 22 arbetsflit
286 1051 40 21 och
341 1051 101 22 omtanke
457 1051 99 28 utgjorde
572 1050 28 22 då
614 1049 26 22 de
651 1049 177 28 hufvudsakliga,

85 1087 40 22 och
147 1087 64 21 lånen
234 1086 55 21 ifrån
308 1085 108 29 primitiva
434 1085 79 23 fonden
529 1085 27 22 de
571 1085 174 28 underordnade,
761 1084 68 29 hjelp-

86 1121 79 29 medel,
186 1120 102 23 hvarmed
308 1121 86 22 landets
412 1120 164 23 frostalstrande
591 1120 51 21 kärr
656 1120 8 21 i
679 1127 27 14 en
721 1120 24 21 år
758 1119 33 22 för
806 1119 24 22 år

85 1156 59 23 ökad
166 1155 52 22 vidd
239 1155 154 22 förvandlades
414 1155 31 22 till
464 1155 155 22 fruktbärande
634 1155 60 21 åker-
711 1154 40 22 och
766 1157 63 25 ängs-

84 1191 50 28 fält;
149 1190 186 29 jordbrukarenas
351 1190 28 22 då
394 1190 127 29 sedvanliga
537 1190 141 28 besparingar
692 1189 25 22 af
730 1189 27 22 de
772 1188 58 29 goda

85 1227 63 21 årens
162 1225 98 22 afkomst
274 1225 76 28 gjorde
366 1225 36 22 det
417 1225 83 28 möjligt
516 1227 40 26 att,
572 1224 50 22 med
636 1225 65 26 något
712 1223 118 22 understöd

85 1261 47 22 från
148 1260 95 22 kronans
259 1259 128 29 magasiner,
406 1267 49 14 men
470 1262 51 19 utan
536 1258 117 23 utländska
668 1257 161 29 bjelpsändnin-

86 1302 39 21 gar
140 1295 53 21 eller
207 1295 46 27 lån,
277 1294 92 22 utbärda
383 1294 26 22 de
424 1296 78 26 ytterst
517 1293 64 23 svåra
599 1293 135 28 missvextår,
754 1291 79 34 hvaraf

83 1329 51 21 hela
147 1328 74 22 landet
237 1328 24 22 år
277 1329 53 21 1818
345 1328 39 22 och
399 1328 97 22 särdeles
511 1328 24 21 år
550 1328 60 26 1821,
628 1329 54 19 samt
693 1326 50 22 hela
754 1327 71 21 Öster-

84 1364 74 22 botten
173 1362 40 22 och
224 1362 83 28 jemväl
322 1363 68 27 några
405 1362 68 22 andra
487 1362 59 22 delar
562 1362 24 21 af
596 1361 74 22 landet
681 1361 50 21 åren
743 1361 82 21 1832—

86 1398 64 26 1835,
167 1397 135 26 hemsöktes;
321 1397 36 20 vid
372 1397 65 21 slutet
452 1397 25 20 af
489 1397 71 20 denna
574 1396 76 27 period
665 1402 38 14 var
718 1395 111 21 allmänna

84 1430 200 29 affärsställningen
303 1430 8 23 i
328 1430 75 23 landet
421 1430 52 28 god:
495 1430 80 28 många
590 1428 72 26 solida
676 1427 133 26 handelshus
824 1427 8 23 i
