989 1736
171 149 40 20 278

210 213 67 21 Detta
300 211 81 22 ärende
402 210 40 21 har
464 208 37 22 det
523 207 135 28 högvördiga
677 205 99 23 ständets
794 206 99 21 besvärs-

144 247 82 22 utskott
248 246 33 21 till
303 245 101 28 pröfning
423 242 103 28 förehaft,
547 241 40 22 och
605 241 34 22 fär
653 241 40 22 hos
709 240 37 22 det
760 239 136 29 högvördiga

143 281 88 22 ständet
246 280 111 22 vördsamt
372 278 110 28 tillstyrka
497 276 62 22 bifall
574 275 33 22 till
623 275 42 21 den
680 274 169 28 ifrägavarande
865 273 31 22 in-

143 314 135 29 hjudningen
294 314 7 21 i
317 314 24 20 sä
356 313 77 26 måtto,
453 313 32 19 att
500 310 87 22 ståndet
602 309 51 22 ville
668 309 76 21 förena
759 308 34 28 sig
808 308 31 21 uti
855 307 43 22 den

145 349 126 26 föreslagna
286 346 151 28 underdäniga
452 344 129 29 petitionen,
598 350 49 14 men
663 343 48 21 mcd
728 342 43 22 den
785 341 112 23 modifika-

147 384 54 26 tion,
220 384 33 20 att
267 383 62 20 Hans
343 380 124 28 Kejserliga
482 379 103 27 Majestät
600 377 53 23 först
669 377 32 21 till
717 376 181 22 nästkommande

147 416 106 28 landtdag
275 416 67 20 mätte
364 414 114 27 förelägga
499 412 120 23 ständerna
637 411 67 27 nädig
718 411 134 28 proposition
868 411 31 21 uti

147 450 78 28 antydt
240 450 57 28 syfte
313 450 56 21 samt
383 448 31 22 uti
431 447 36 22 det
482 447 83 27 förslag
580 446 33 22 till
629 445 110 23 särskilda
755 445 145 27 förklaringar

148 485 40 21 och
207 484 78 28 tillägg
303 483 33 21 till
351 482 170 28 grundlagarna,
544 480 84 22 hvilket
642 480 61 21 Hans
719 480 103 27 Majestät
837 479 63 21 utlof-

148 520 37 20 vat
200 518 33 21 till
248 517 87 22 landets
351 516 28 22 dä
395 514 206 24 sammanträdande
617 514 89 22 ständer
716 514 134 22 öfverlemna
860 513 40 21 och

148 552 85 22 hvaruti
244 552 61 21 Hans
315 550 103 28 Majestät
427 550 106 22 förklarat
544 549 34 27 sig
588 548 53 28 vilja
650 548 127 28 ytterligare
789 547 112 23 utsträcka

150 586 42 21 den.
211 587 43 20 rätt
274 585 32 21 till
326 583 195 29 sjelfheskattning
536 582 118 23 ständerna
669 588 32 16 nu
713 581 189 28 grundlagsenligt

150 623 51 24 äga,
218 619 92 22 sålunda
326 618 87 27 nädigst
429 617 113 28 inbegripa
557 617 64 22 äfven
636 617 153 28 förevarande,
808 616 34 22 för
856 617 46 21 lan-

151 654 36 21 det
208 653 139 29 synnerligen
365 652 84 28 vigtiga
464 651 40 22 och
519 651 195 28 maktpåliggande
730 651 172 28 önskningsmål.

151 688 46 22 Och
217 687 71 28 torde,
310 687 46 21 ifall
375 686 136 27 högvördiga
529 685 88 22 ståndet
632 685 68 22 finner
715 685 82 28 skäligt
813 685 91 28 vidtaga

151 722 37 22 det
204 721 79 28 beslut,
297 721 107 22 utskottet
417 720 47 22 haft
479 723 53 19 äran
549 719 118 29 tillstyrka,
686 726 57 21 resp.
759 719 143 22 medstånden

152 756 52 21 böra
219 756 74 21 derom
308 755 138 22 underrättas
461 756 57 20 samt
533 754 89 27 frågans
635 753 76 23 vidare
727 753 133 28 behandling
871 753 33 22 till

153 790 104 22 ständens
273 790 110 21 allmänna
399 789 174 22 besvärsutskott
587 788 151 28 hänskjutas."

221 824 22 29 4)
267 825 89 21 Samma
377 823 94 22 utskotts
491 823 140 22 betänkande
649 823 8 21 i
675 823 119 28 anledning
810 823 24 21 af
848 825 56 19 ännu

152 866 27 15 en
202 858 87 22 ståndet
312 857 116 22 meddelad
451 857 138 28 inbjudning,
611 857 84 21 hvilket
710 857 141 21 betänkande
866 864 39 14 var

153 892 25 22 af
189 892 97 28 följände
302 892 95 28 lydelse:

222 944 8 8 ,
235 927 43 21 Det
300 926 136 28 högvördiga
458 925 163 29 prestaståndet
639 926 39 21 har
693 926 127 22 förmedelst
835 928 70 26 proto-

154 960 136 28 kollsutdrag
312 960 33 22 för
367 960 42 22 den
431 961 28 21 30
481 960 106 22 sistvikne
607 960 96 28 oktober,
726 960 84 22 hvilket
827 960 79 22 härhos

154 995 132 27 äterställes,
310 994 105 22 infordrat
438 995 50 21 dess
510 994 101 22 enskilda
629 995 187 22 hesvärsutskotts
831 995 75 21 betän-

153 1029 74 21 kande
250 1029 60 21 öfver
331 1028 136 22 hedervärda
487 1028 171 22 bondeständets
679 1028 69 29 sagde
764 1028 44 29 dag
822 1031 84 25 presta-

154 1062 87 22 ståndet
264 1062 130 22 meddelade
416 1063 130 27 inbjudning
564 1062 32 21 till
615 1062 133 28 deltagande
763 1063 7 21 i
786 1070 26 14 en
829 1063 77 21 undet-

155 1096 66 27 dänig
244 1096 123 28 ansökning
389 1103 34 15 om
446 1096 77 22 förbud
544 1097 33 21 för
597 1096 163 22 vederbörande
776 1100 131 24 guvernörer

155 1132 32 19 att
202 1130 89 27 vidtaga
306 1131 181 27 tvångsåtgärder
501 1133 45 19 mot
561 1131 58 27 dem,
635 1138 46 14 som
697 1131 114 22 uraktlätit
826 1132 33 20 till
870 1132 35 20 be-

155 1163 70 22 stämd
242 1163 31 22 tid
289 1165 73 27 bygga
378 1165 129 27 knektetorp
522 1165 33 21 för
570 1165 84 22 indelta
669 1165 116 22 militären.

223 1198 122 28 Utskottet,
362 1205 46 15 som
424 1199 55 27 tagit
495 1199 72 22 denna
582 1199 62 27 fräga
661 1199 67 22 under
743 1199 111 28 pröfning,
869 1199 39 22 har

155 1233 72 20 ansett
247 1232 34 26 sig
300 1232 55 21 böra
374 1232 111 22 vördsamt
500 1232 99 29 afstyrka
615 1232 61 22 bifall
692 1233 32 21 till
739 1233 169 27 ifrågavarande

155 1265 151 27 inbjudning.*

223 1297 23 29 5)
265 1299 88 20 Samma
369 1299 94 21 utskotts
478 1299 6 21 i
501 1299 118 28 anledning
635 1299 24 21 af
671 1299 187 28 petitionsförslag
874 1307 34 14 om

155 1331 129 22 fribrefsrätt
304 1332 33 21 för
355 1332 162 29 presterskapet
533 1339 26 15 m.
576 1339 27 15 m.
619 1333 82 22 aflätna
717 1333 149 29 betänkande,
883 1335 25 21 sä

154 1365 106 28 lydande:

224 1417 8 9 n
237 1400 71 21 Bland
323 1401 28 22 de
366 1401 189 28 besvärspunkier,
575 1401 75 23 hvilka
666 1402 69 22 finnas
750 1404 112 27 upptagna
877 1403 31 22 uti

155 1434 37 23 det
207 1434 46 22 från
270 1435 132 23 Brahestads
418 1436 39 21 och
473 1436 104 28 Kalajoki
593 1437 116 28 prosterier
725 1437 32 23 till
773 1437 135 30 högvördiga
