989 1734
773 135 41 20 483

94 196 79 21 sällhet
195 196 7 21 i
225 196 80 28 många
327 196 124 22 afseenden.
481 198 11 20 I
511 197 42 22 den
573 198 73 27 heliga
661 198 63 22 skrift
739 201 24 19 är
778 198 64 23 döds-

93 230 84 22 straffet
193 230 78 28 tydligt
287 230 104 28 stadgadt
404 230 33 22 för
452 231 59 21 vissa
526 232 68 28 brott,
618 232 40 22 och
674 232 82 22 talaren
772 232 70 22 förun-

93 264 68 22 drade
182 264 34 28 sig
236 265 116 27 högeligen
368 265 60 21 öfver
444 266 26 20 de
484 266 70 27 ytliga
570 269 175 19 resonnementer
760 267 6 21 i
782 267 61 21 detta

93 301 70 26 ämne,
179 299 75 22 hvilka
269 300 72 21 kallas
356 300 100 27 kristliga
468 300 86 27 åsigter.
580 300 50 22 Man
640 301 46 27 har,
697 308 45 14 som
754 301 88 28 bekant,

93 333 6 21 i
115 332 62 28 fråga
193 340 34 14 om
243 333 70 28 straff,
332 333 69 29 hyllat
418 337 30 18 tre
464 334 84 28 teorier,
568 335 108 27 nemligen
692 334 150 22 afskräcknin-

93 374 62 22 gens,
179 368 170 27 förbättringens
371 368 40 21 och
434 368 124 22 rättvisans.
588 369 43 20 Till
650 368 42 22 den
708 369 134 22 sistnämnde

92 402 51 21 ville
159 402 84 21 talaren
259 401 56 22 helst
331 402 87 22 ansluta
433 403 42 27 sig,
492 402 40 22 och
547 402 77 22 trodde
640 403 88 21 dermed
740 403 102 22 ändamå-

92 435 30 22 let
137 435 50 22 med
203 435 26 22 de
245 435 58 22 båda
318 435 69 22 andra
402 436 124 21 sekundära
542 436 49 21 bäst
606 437 86 28 vinnas,
717 437 71 21 såvidt
809 438 33 21 så-

93 469 53 22 dant
169 477 50 14 vore
242 469 92 28 möjligt.
371 470 50 21 Alla
441 470 141 27 brottslingar
596 471 122 22 skrämmas
733 471 108 27 nemligen

93 503 59 28 icke,
167 503 97 22 hvarken
281 503 24 22 af
317 503 95 22 hotelser
423 505 52 20 eller
485 504 99 27 mildhet,
596 505 40 20 och
647 505 68 21 andra
726 504 116 23 förbättras

93 537 19 28 ej
129 537 69 22 heller
213 545 78 20 genom
307 537 150 23 dödsstraffets
473 538 154 22 uteblifvande.
648 539 102 22 Tvärtom
766 542 24 18 är
806 539 37 22 det

93 579 60 14 mera
173 573 82 27 troligt,
279 574 32 20 att
331 573 93 27 mången
440 573 115 27 brottsling
570 580 88 14 snarare
674 573 116 22 förbättras
806 581 36 20 ge-

93 614 50 14 nom
159 609 31 19 ett
204 607 91 27 kraftigt
310 607 47 27 slag
372 607 25 21 af
410 607 41 21 den
466 607 126 28 gudomliga
605 607 118 22 rättvisans
734 608 58 21 hand
803 609 41 20 och

93 641 98 21 kommer
207 641 32 21 till
260 641 114 27 besinning
390 641 24 21 af
427 642 62 21 såväl
504 642 34 21 sin
554 641 146 29 brottslighet,
724 649 46 15 som
785 642 58 22 hvad

93 676 55 20 hans
167 675 64 27 eviga
248 675 41 21 frid
305 675 78 28 tillhör,
406 675 84 22 hvilket
504 675 97 22 deremot
616 675 48 22 icke
681 676 61 21 torde
757 677 86 20 inträffa

93 710 6 20 i
123 709 114 27 fängelset.
267 709 94 22 Talaren
384 709 98 22 önskade
505 709 93 28 derföre,
622 711 32 19 att
674 710 87 21 ståndet
776 711 66 20 måtte

94 743 106 22 vidblifva
215 743 48 22 sina
277 743 72 22 beslut
365 743 108 28 öfveralit,
490 743 38 22 der
544 743 139 22 dödsstraffet
698 744 70 22 blifvit
780 745 62 21 alter-

94 778 71 21 nativt
185 779 76 26 utsatt,
282 777 40 22 och
338 777 77 22 stödde
432 777 60 22 detta
506 778 100 28 yrkande
621 778 29 27 på
664 778 53 21 flera
732 779 111 21 bibelstäl-

93 813 43 20 len.
167 812 91 27 Följden
275 812 24 21 af
312 812 27 21 de
355 811 90 22 mildare
460 812 110 27 åsigterna
581 812 63 22 skola
654 812 49 21 visa
714 813 34 26 sig
758 813 18 27 ej
790 813 54 21 blott

94 847 6 21 i
117 853 25 15 en
164 846 111 28 gudomlig
294 847 93 22 nemesis
403 848 52 19 utan
471 847 41 21 ock
527 847 7 21 i
549 848 119 20 motsatsen
684 846 24 22 af
720 847 58 21 hvad
794 854 49 14 man

95 880 89 22 dermed
204 881 89 28 åsyftar.
323 881 93 21 Talaren
436 881 98 21 önskade
548 881 56 28 just,
628 883 32 19 att
675 881 83 21 straffet
774 882 70 20 skulle

94 915 163 22 karakterisera
277 916 80 20 brottet
378 916 40 21 och
436 917 32 19 att
485 915 192 22 menniskovärdet
692 915 57 21 skall
765 918 78 25 uttryc-

94 950 41 22 kas
151 956 78 21 genom
245 949 151 22 dödsstraffets
412 949 163 28 bibehållande;
590 950 51 21 fann
652 950 42 20 den
705 950 56 21 förut
771 950 73 27 Kung-

95 984 45 27 liga
155 984 126 27 Majestätet
297 984 163 21 tillkommande
476 984 207 27 benådningsrätten
700 984 92 21 alldeles
802 984 43 20 till-

95 1018 94 28 räcklig,
213 1018 40 22 och
274 1018 76 21 trodde
369 1020 32 19 att
416 1018 172 27 menskligheten
605 1018 39 21 och
660 1018 106 21 rättvisan
783 1018 63 21 skola

96 1052 71 22 bättre
185 1052 89 22 dermed
293 1059 35 15 ses
344 1052 32 21 till
392 1052 65 28 godo,
482 1055 26 18 än
524 1059 78 21 genom
618 1052 43 21 den
676 1059 29 14 nu
720 1052 125 27 föreslagna

96 1087 77 27 slappa
193 1086 174 28 lagstiftningen,
390 1086 140 22 hvarförutan
544 1086 37 21 det
596 1093 50 14 vore
662 1088 30 20 ett
708 1087 91 26 misstag
814 1088 32 19 att

96 1122 43 26 tro,
159 1122 32 20 att
209 1128 26 14 en
251 1120 101 28 stigande
367 1120 99 28 bildning
482 1120 57 22 skall
554 1123 54 25 göra
624 1120 138 22 dödsstraffet
778 1120 68 21 öfver-

97 1154 96 28 flödigt."

165 1190 144 27 Domprosten
325 1189 79 27 Borg:
420 1190 84 21 Endast
518 1189 8 21 i
542 1188 118 28 anledning
674 1189 24 21 af
711 1189 57 22 hvad
779 1188 67 22 redan

97 1224 71 21 blifvit
181 1224 83 28 yttradt
275 1224 6 21 i
293 1223 77 28 saken,
386 1224 98 21 anhåller
492 1224 42 27 jag
544 1225 32 19 att
586 1222 22 22 få
619 1223 92 27 tillägga
721 1223 69 27 några
801 1223 47 21 ord.

166 1258 10 21 I
191 1258 123 28 principielt
329 1257 104 22 afseende
448 1265 65 14 anser
524 1257 41 28 jag
579 1257 117 21 utskottets
706 1256 141 22 betänkande

97 1292 55 21 böra
171 1292 129 26 godkännas
318 1291 46 21 lika
379 1291 49 21 med
444 1291 162 28 propositionen
622 1290 58 28 sjelf,
697 1291 39 20 och
753 1290 36 21 det
801 1291 47 26 just

98 1326 29 27 på
143 1325 26 22 de
186 1325 47 22 skäl
250 1325 40 21 och
306 1325 99 28 grunder,
422 1332 46 15 som
483 1327 87 26 prosten
584 1325 79 20 Heikel
673 1325 7 20 i
692 1325 37 20 sitt
739 1325 46 20 lika
796 1325 52 20 kon-

99 1359 45 22 cisa
164 1366 46 14 som
231 1359 102 21 evidenta
349 1359 112 20 utlåtande
476 1359 124 20 framhållit.
631 1358 63 20 Hvad
709 1361 87 24 prosten
812 1358 38 20 Ju-

98 1393 43 21 lius
161 1393 119 20 Immanuel
296 1392 71 27 Bergh
383 1394 51 19 trott
454 1393 33 26 sig
503 1391 75 22 dervid
594 1392 52 20 böra
661 1391 114 27 anmärka,
791 1397 58 15 nem-

99 1427 58 27 ligen
174 1428 32 20 att
221 1426 165 28 uppfattningen
403 1426 24 21 af
440 1426 94 21 straffets
549 1425 83 28 princip
648 1425 39 22 hos
701 1427 87 26 prosten
800 1424 49 22 Hei-
