<?xml version="1.0" encoding="UTF-8"?>
<alto xmlns="http://www.loc.gov/standards/alto/ns-v3#" xmlns:xlink="http://www.w3.org/1999/xlink" xmlns:xsi="http://www.w3.org/2001/XMLSchema-instance" xsi:schemaLocation="http://www.loc.gov/standards/alto/ns-v3# http://www.loc.gov/alto/v3/alto-3-0.xsd">
	<Description>
		<MeasurementUnit>pixel</MeasurementUnit>
		<sourceImageInformation>
			<fileName>/tmp/tess_pdqdti3u_input.PNG</fileName>
		</sourceImageInformation>
		<OCRProcessing ID="OCR_0">
			<ocrProcessingStep>
				<processingSoftware>
					<softwareName>tesseract 5.3.4</softwareName>
				</processingSoftware>
			</ocrProcessingStep>
		</OCRProcessing>
	</Description>
	<Layout>
		<Page WIDTH="989" HEIGHT="1736" PHYSICAL_IMG_NR="0" ID="page_0">
			<PrintSpace HPOS="0" VPOS="0" WIDTH="989" HEIGHT="1736">
				<ComposedBlock ID="cblock_0" HPOS="178" VPOS="139" WIDTH="40" HEIGHT="20">
					<TextBlock ID="block_0" HPOS="178" VPOS="139" WIDTH="40" HEIGHT="20">
						<TextLine ID="line_0" HPOS="178" VPOS="139" WIDTH="40" HEIGHT="20">
							<String ID="string_0" HPOS="178" VPOS="139" WIDTH="40" HEIGHT="20" WC="0.96" CONTENT="202"/>
						</TextLine>
					</TextBlock>
				</ComposedBlock>
				<ComposedBlock ID="cblock_1" HPOS="146" VPOS="200" WIDTH="756" HEIGHT="1258">
					<TextBlock ID="block_1" HPOS="149" VPOS="200" WIDTH="748" HEIGHT="165">
						<TextLine ID="line_1" HPOS="150" VPOS="200" WIDTH="746" HEIGHT="30">
							<String ID="string_1" HPOS="150" VPOS="202" WIDTH="67" HEIGHT="28" WC="0.92" CONTENT="qvitto"/><SP WIDTH="21" VPOS="202" HPOS="217"/>
							<String ID="string_2" HPOS="238" VPOS="202" WIDTH="60" HEIGHT="22" WC="0.93" CONTENT="öfver"/><SP WIDTH="19" VPOS="202" HPOS="298"/>
							<String ID="string_3" HPOS="317" VPOS="201" WIDTH="149" HEIGHT="21" WC="0.89" CONTENT="inlemnandet"/><SP WIDTH="18" VPOS="201" HPOS="466"/>
							<String ID="string_4" HPOS="484" VPOS="200" WIDTH="25" HEIGHT="21" WC="0.95" CONTENT="af"/><SP WIDTH="12" VPOS="200" HPOS="509"/>
							<String ID="string_5" HPOS="521" VPOS="202" WIDTH="30" HEIGHT="19" WC="0.95" CONTENT="ett"/><SP WIDTH="14" VPOS="202" HPOS="551"/>
							<String ID="string_6" HPOS="565" VPOS="200" WIDTH="116" HEIGHT="27" WC="0.93" CONTENT="behörigen"/><SP WIDTH="16" VPOS="200" HPOS="681"/>
							<String ID="string_7" HPOS="697" VPOS="200" WIDTH="113" HEIGHT="21" WC="0.91" CONTENT="karteradt"/><SP WIDTH="16" VPOS="200" HPOS="810"/>
							<String ID="string_8" HPOS="826" VPOS="206" WIDTH="70" HEIGHT="15" WC="0.92" CONTENT="exem-"/>
						</TextLine>
						<TextLine ID="line_2" HPOS="149" VPOS="233" WIDTH="748" HEIGHT="31">
							<String ID="string_9" HPOS="149" VPOS="237" WIDTH="53" HEIGHT="27" WC="0.92" CONTENT="plar,"/><SP WIDTH="16" VPOS="237" HPOS="202"/>
							<String ID="string_10" HPOS="218" VPOS="236" WIDTH="50" HEIGHT="21" WC="0.95" CONTENT="icke"/><SP WIDTH="16" VPOS="236" HPOS="268"/>
							<String ID="string_11" HPOS="284" VPOS="235" WIDTH="75" HEIGHT="28" WC="0.96" CONTENT="borde,"/><SP WIDTH="16" VPOS="235" HPOS="359"/>
							<String ID="string_12" HPOS="375" VPOS="234" WIDTH="68" HEIGHT="28" WC="0.96" CONTENT="enligt"/><SP WIDTH="11" VPOS="234" HPOS="443"/>
							<String ID="string_13" HPOS="454" VPOS="234" WIDTH="24" HEIGHT="21" WC="0.96" CONTENT="af"/><SP WIDTH="11" VPOS="234" HPOS="478"/>
							<String ID="string_14" HPOS="489" VPOS="234" WIDTH="104" HEIGHT="21" WC="0.96" CONTENT="utskottet"/><SP WIDTH="11" VPOS="234" HPOS="593"/>
							<String ID="string_15" HPOS="604" VPOS="233" WIDTH="88" HEIGHT="28" WC="0.96" CONTENT="hyllade"/><SP WIDTH="10" VPOS="233" HPOS="692"/>
							<String ID="string_16" HPOS="702" VPOS="233" WIDTH="114" HEIGHT="28" WC="0.96" CONTENT="principer,"/><SP WIDTH="11" VPOS="233" HPOS="816"/>
							<String ID="string_17" HPOS="827" VPOS="233" WIDTH="70" HEIGHT="22" WC="0.96" CONTENT="förses"/>
						</TextLine>
						<TextLine ID="line_3" HPOS="149" VPOS="267" WIDTH="748" HEIGHT="30">
							<String ID="string_18" HPOS="149" VPOS="270" WIDTH="50" HEIGHT="22" WC="0.93" CONTENT="med"/><SP WIDTH="18" VPOS="270" HPOS="199"/>
							<String ID="string_19" HPOS="217" VPOS="269" WIDTH="118" HEIGHT="28" WC="0.91" CONTENT="stämpladt"/><SP WIDTH="17" VPOS="269" HPOS="335"/>
							<String ID="string_20" HPOS="352" VPOS="275" WIDTH="82" HEIGHT="21" WC="0.95" CONTENT="papper"/><SP WIDTH="15" VPOS="275" HPOS="434"/>
							<String ID="string_21" HPOS="449" VPOS="268" WIDTH="32" HEIGHT="22" WC="0.96" CONTENT="till"/><SP WIDTH="16" VPOS="268" HPOS="481"/>
							<String ID="string_22" HPOS="497" VPOS="268" WIDTH="67" HEIGHT="27" WC="0.96" CONTENT="högre"/><SP WIDTH="15" VPOS="268" HPOS="564"/>
							<String ID="string_23" HPOS="579" VPOS="268" WIDTH="60" HEIGHT="21" WC="0.96" CONTENT="valör"/><SP WIDTH="16" VPOS="268" HPOS="639"/>
							<String ID="string_24" HPOS="655" VPOS="270" WIDTH="28" HEIGHT="20" WC="0.96" CONTENT="än"/><SP WIDTH="16" VPOS="270" HPOS="683"/>
							<String ID="string_25" HPOS="699" VPOS="274" WIDTH="46" HEIGHT="15" WC="0.96" CONTENT="som"/><SP WIDTH="15" VPOS="274" HPOS="745"/>
							<String ID="string_26" HPOS="760" VPOS="267" WIDTH="33" HEIGHT="22" WC="0.93" CONTENT="för"/><SP WIDTH="14" VPOS="267" HPOS="793"/>
							<String ID="string_27" HPOS="807" VPOS="267" WIDTH="90" HEIGHT="22" WC="0.91" CONTENT="hufvud-"/>
						</TextLine>
						<TextLine ID="line_4" HPOS="150" VPOS="301" WIDTH="747" HEIGHT="29">
							<String ID="string_28" HPOS="150" VPOS="304" WIDTH="63" HEIGHT="22" WC="0.93" CONTENT="skrift"/><SP WIDTH="20" VPOS="304" HPOS="213"/>
							<String ID="string_29" HPOS="233" VPOS="303" WIDTH="103" HEIGHT="27" WC="0.92" CONTENT="vidfogad"/><SP WIDTH="18" VPOS="303" HPOS="336"/>
							<String ID="string_30" HPOS="354" VPOS="303" WIDTH="76" HEIGHT="27" WC="0.96" CONTENT="bilaga"/><SP WIDTH="19" VPOS="303" HPOS="430"/>
							<String ID="string_31" HPOS="449" VPOS="301" WIDTH="67" HEIGHT="28" WC="0.96" CONTENT="enligt"/><SP WIDTH="14" VPOS="301" HPOS="516"/>
							<String ID="string_32" HPOS="530" VPOS="303" WIDTH="13" HEIGHT="26" WC="0.88" CONTENT="$"/><SP WIDTH="15" VPOS="303" HPOS="543"/>
							<String ID="string_33" HPOS="558" VPOS="303" WIDTH="14" HEIGHT="20" WC="0.95" CONTENT="4"/><SP WIDTH="15" VPOS="303" HPOS="572"/>
							<String ID="string_34" HPOS="587" VPOS="301" WIDTH="107" HEIGHT="22" WC="0.96" CONTENT="erfordras"/><SP WIDTH="16" VPOS="301" HPOS="694"/>
							<String ID="string_35" HPOS="710" VPOS="301" WIDTH="46" HEIGHT="29" WC="0.93" CONTENT="(jfr."/><SP WIDTH="16" VPOS="301" HPOS="756"/>
							<String ID="string_36" HPOS="772" VPOS="303" WIDTH="28" HEIGHT="25" WC="0.90" CONTENT="$$"/><SP WIDTH="16" VPOS="303" HPOS="800"/>
							<String ID="string_37" HPOS="816" VPOS="302" WIDTH="26" HEIGHT="21" WC="0.97" CONTENT="15"/><SP WIDTH="15" VPOS="302" HPOS="842"/>
							<String ID="string_38" HPOS="857" VPOS="301" WIDTH="40" HEIGHT="22" WC="0.96" CONTENT="och"/>
						</TextLine>
						<TextLine ID="line_5" HPOS="151" VPOS="337" WIDTH="164" HEIGHT="28">
							<String ID="string_39" HPOS="151" VPOS="340" WIDTH="26" HEIGHT="20" WC="0.96" CONTENT="14"/><SP WIDTH="16" VPOS="340" HPOS="177"/>
							<String ID="string_40" HPOS="193" VPOS="345" WIDTH="62" HEIGHT="14" WC="0.96" CONTENT="mom."/><SP WIDTH="17" VPOS="345" HPOS="255"/>
							<String ID="string_41" HPOS="272" VPOS="337" WIDTH="43" HEIGHT="28" WC="0.93" CONTENT="21)."/>
						</TextLine>
					</TextBlock>
					<TextBlock ID="block_2" HPOS="146" VPOS="370" WIDTH="756" HEIGHT="876">
						<TextLine ID="line_6" HPOS="217" VPOS="370" WIDTH="681" HEIGHT="28">
							<String ID="string_42" HPOS="217" VPOS="372" WIDTH="80" HEIGHT="21" WC="0.96" CONTENT="Vidare"/><SP WIDTH="15" VPOS="372" HPOS="297"/>
							<String ID="string_43" HPOS="312" VPOS="371" WIDTH="66" HEIGHT="22" WC="0.96" CONTENT="hafva"/><SP WIDTH="15" VPOS="371" HPOS="378"/>
							<String ID="string_44" HPOS="393" VPOS="371" WIDTH="169" HEIGHT="27" WC="0.95" CONTENT="anmärkningar"/><SP WIDTH="15" VPOS="371" HPOS="562"/>
							<String ID="string_45" HPOS="577" VPOS="371" WIDTH="49" HEIGHT="21" WC="0.96" CONTENT="låtit"/><SP WIDTH="14" VPOS="371" HPOS="626"/>
							<String ID="string_46" HPOS="640" VPOS="370" WIDTH="54" HEIGHT="22" WC="0.96" CONTENT="höra"/><SP WIDTH="15" VPOS="370" HPOS="694"/>
							<String ID="string_47" HPOS="709" VPOS="371" WIDTH="34" HEIGHT="27" WC="0.93" CONTENT="sig"/><SP WIDTH="13" VPOS="371" HPOS="743"/>
							<String ID="string_48" HPOS="756" VPOS="370" WIDTH="99" HEIGHT="23" WC="0.92" CONTENT="deröfver"/><SP WIDTH="11" VPOS="370" HPOS="855"/>
							<String ID="string_49" HPOS="866" VPOS="372" WIDTH="32" HEIGHT="21" WC="0.96" CONTENT="att"/>
						</TextLine>
						<TextLine ID="line_7" HPOS="150" VPOS="405" WIDTH="746" HEIGHT="28">
							<String ID="string_50" HPOS="150" VPOS="414" WIDTH="24" HEIGHT="14" WC="0.96" CONTENT="ur"/><SP WIDTH="15" VPOS="414" HPOS="174"/>
							<String ID="string_51" HPOS="189" VPOS="405" WIDTH="150" HEIGHT="23" WC="0.96" CONTENT="betänkandet"/><SP WIDTH="14" VPOS="405" HPOS="339"/>
							<String ID="string_52" HPOS="353" VPOS="405" WIDTH="72" HEIGHT="22" WC="0.93" CONTENT="blifvit"/><SP WIDTH="14" VPOS="405" HPOS="425"/>
							<String ID="string_53" HPOS="439" VPOS="405" WIDTH="146" HEIGHT="22" WC="0.92" CONTENT="bortlemnadt"/><SP WIDTH="19" VPOS="405" HPOS="585"/>
							<String ID="string_54" HPOS="604" VPOS="422" WIDTH="7" HEIGHT="9" WC="0.80" CONTENT=","/><SP WIDTH="6" VPOS="422" HPOS="611"/>
							<String ID="string_55" HPOS="617" VPOS="405" WIDTH="81" HEIGHT="28" WC="0.92" CONTENT="diplom"/><SP WIDTH="15" VPOS="405" HPOS="698"/>
							<String ID="string_56" HPOS="713" VPOS="405" WIDTH="14" HEIGHT="21" WC="0.92" CONTENT="&amp;"/><SP WIDTH="13" VPOS="405" HPOS="727"/>
							<String ID="string_57" HPOS="740" VPOS="405" WIDTH="94" HEIGHT="22" WC="0.92" CONTENT="honorär"/><SP WIDTH="10" VPOS="405" HPOS="834"/>
							<String ID="string_58" HPOS="844" VPOS="405" WIDTH="52" HEIGHT="22" WC="0.92" CONTENT="dok-"/>
						</TextLine>
						<TextLine ID="line_8" HPOS="150" VPOS="439" WIDTH="748" HEIGHT="29">
							<String ID="string_59" HPOS="150" VPOS="440" WIDTH="120" HEIGHT="28" WC="0.86" CONTENT="torsgrad*,"/><SP WIDTH="16" VPOS="440" HPOS="270"/>
							<String ID="string_60" HPOS="286" VPOS="440" WIDTH="83" HEIGHT="21" WC="0.96" CONTENT="hvilket"/><SP WIDTH="15" VPOS="440" HPOS="369"/>
							<String ID="string_61" HPOS="384" VPOS="441" WIDTH="7" HEIGHT="20" WC="0.96" CONTENT="i"/><SP WIDTH="16" VPOS="441" HPOS="391"/>
							<String ID="string_62" HPOS="407" VPOS="439" WIDTH="42" HEIGHT="22" WC="0.96" CONTENT="den"/><SP WIDTH="16" VPOS="439" HPOS="449"/>
							<String ID="string_63" HPOS="465" VPOS="439" WIDTH="81" HEIGHT="27" WC="0.96" CONTENT="nådiga"/><SP WIDTH="12" VPOS="439" HPOS="546"/>
							<String ID="string_64" HPOS="558" VPOS="439" WIDTH="162" HEIGHT="28" WC="0.95" CONTENT="propositionen"/><SP WIDTH="11" VPOS="439" HPOS="720"/>
							<String ID="string_65" HPOS="731" VPOS="439" WIDTH="69" HEIGHT="25" WC="0.93" CONTENT="finnes"/><SP WIDTH="10" VPOS="439" HPOS="800"/>
							<String ID="string_66" HPOS="810" VPOS="439" WIDTH="88" HEIGHT="28" WC="0.92" CONTENT="päfördt"/>
						</TextLine>
						<TextLine ID="line_9" HPOS="151" VPOS="473" WIDTH="747" HEIGHT="30">
							<String ID="string_67" HPOS="151" VPOS="475" WIDTH="118" HEIGHT="28" WC="0.90" CONTENT="stämpladt"/><SP WIDTH="21" VPOS="475" HPOS="269"/>
							<String ID="string_68" HPOS="290" VPOS="481" WIDTH="83" HEIGHT="21" WC="0.96" CONTENT="papper"/><SP WIDTH="20" VPOS="481" HPOS="373"/>
							<String ID="string_69" HPOS="393" VPOS="473" WIDTH="33" HEIGHT="22" WC="0.96" CONTENT="till"/><SP WIDTH="22" VPOS="473" HPOS="426"/>
							<String ID="string_70" HPOS="448" VPOS="474" WIDTH="41" HEIGHT="21" WC="0.96" CONTENT="100"/><SP WIDTH="17" VPOS="474" HPOS="489"/>
							<String ID="string_71" HPOS="506" VPOS="473" WIDTH="69" HEIGHT="22" WC="0.92" CONTENT="mark."/><SP WIDTH="33" VPOS="473" HPOS="575"/>
							<String ID="string_72" HPOS="608" VPOS="473" WIDTH="204" HEIGHT="28" WC="0.92" CONTENT="Anmärkningarna"/><SP WIDTH="20" VPOS="473" HPOS="812"/>
							<String ID="string_73" HPOS="832" VPOS="473" WIDTH="66" HEIGHT="22" WC="0.96" CONTENT="hafva"/>
						</TextLine>
						<TextLine ID="line_10" HPOS="149" VPOS="507" WIDTH="749" HEIGHT="30">
							<String ID="string_74" HPOS="149" VPOS="510" WIDTH="71" HEIGHT="21" WC="0.95" CONTENT="blifvit"/><SP WIDTH="15" VPOS="510" HPOS="220"/>
							<String ID="string_75" HPOS="235" VPOS="509" WIDTH="78" HEIGHT="28" WC="0.96" CONTENT="gjorda"/><SP WIDTH="16" VPOS="509" HPOS="313"/>
							<String ID="string_76" HPOS="329" VPOS="508" WIDTH="46" HEIGHT="22" WC="0.94" CONTENT="dels"/><SP WIDTH="16" VPOS="508" HPOS="375"/>
							<String ID="string_77" HPOS="391" VPOS="507" WIDTH="49" HEIGHT="22" WC="0.96" CONTENT="med"/><SP WIDTH="17" VPOS="507" HPOS="440"/>
							<String ID="string_78" HPOS="457" VPOS="508" WIDTH="46" HEIGHT="22" WC="0.96" CONTENT="dels"/><SP WIDTH="15" VPOS="508" HPOS="503"/>
							<String ID="string_79" HPOS="518" VPOS="509" WIDTH="52" HEIGHT="20" WC="0.96" CONTENT="utan"/><SP WIDTH="16" VPOS="509" HPOS="570"/>
							<String ID="string_80" HPOS="586" VPOS="507" WIDTH="41" HEIGHT="22" WC="0.96" CONTENT="den"/><SP WIDTH="15" VPOS="507" HPOS="627"/>
							<String ID="string_81" HPOS="642" VPOS="507" WIDTH="168" HEIGHT="29" WC="0.96" CONTENT="inskränkning,"/><SP WIDTH="19" VPOS="507" HPOS="810"/>
							<String ID="string_82" HPOS="829" VPOS="515" WIDTH="46" HEIGHT="14" WC="0.96" CONTENT="som"/><SP WIDTH="16" VPOS="515" HPOS="875"/>
							<String ID="string_83" HPOS="891" VPOS="508" WIDTH="7" HEIGHT="21" WC="0.96" CONTENT="i"/>
						</TextLine>
						<TextLine ID="line_11" HPOS="150" VPOS="542" WIDTH="748" HEIGHT="31">
							<String ID="string_84" HPOS="150" VPOS="546" WIDTH="87" HEIGHT="26" WC="0.93" CONTENT="prosten"/><SP WIDTH="12" VPOS="546" HPOS="237"/>
							<String ID="string_85" HPOS="249" VPOS="543" WIDTH="74" HEIGHT="30" WC="0.91" CONTENT="Siréns"/><SP WIDTH="11" VPOS="543" HPOS="323"/>
							<String ID="string_86" HPOS="334" VPOS="542" WIDTH="133" HEIGHT="22" WC="0.93" CONTENT="reservation"/><SP WIDTH="10" VPOS="542" HPOS="467"/>
							<String ID="string_87" HPOS="477" VPOS="542" WIDTH="128" HEIGHT="21" WC="0.88" CONTENT="innehålles."/><SP WIDTH="24" VPOS="542" HPOS="605"/>
							<String ID="string_88" HPOS="629" VPOS="542" WIDTH="110" HEIGHT="22" WC="0.92" CONTENT="Ehuruväl"/><SP WIDTH="7" VPOS="542" HPOS="739"/>
							<String ID="string_89" HPOS="746" VPOS="543" WIDTH="58" HEIGHT="27" WC="0.96" CONTENT="jag"/><SP WIDTH="-10" VPOS="543" HPOS="804"/>
							<String ID="string_90" HPOS="794" VPOS="538" WIDTH="13" HEIGHT="39" WC="0.93" CONTENT="i"/><SP WIDTH="8" VPOS="538" HPOS="807"/>
							<String ID="string_91" HPOS="815" VPOS="543" WIDTH="83" HEIGHT="22" WC="0.91" CONTENT="utskot-"/>
						</TextLine>
						<TextLine ID="line_12" HPOS="150" VPOS="576" WIDTH="749" HEIGHT="29">
							<String ID="string_92" HPOS="150" VPOS="580" WIDTH="31" HEIGHT="19" WC="0.96" CONTENT="tet"/><SP WIDTH="22" VPOS="580" HPOS="181"/>
							<String ID="string_93" HPOS="203" VPOS="577" WIDTH="49" HEIGHT="22" WC="0.93" CONTENT="icke"/><SP WIDTH="22" VPOS="577" HPOS="252"/>
							<String ID="string_94" HPOS="274" VPOS="576" WIDTH="112" HEIGHT="29" WC="0.92" CONTENT="påyrkade"/><SP WIDTH="23" VPOS="576" HPOS="386"/>
							<String ID="string_95" HPOS="409" VPOS="576" WIDTH="68" HEIGHT="27" WC="0.89" CONTENT="sagde"/><SP WIDTH="23" VPOS="576" HPOS="477"/>
							<String ID="string_96" HPOS="500" VPOS="576" WIDTH="85" HEIGHT="22" WC="0.89" CONTENT="rubriks"/><SP WIDTH="20" VPOS="576" HPOS="585"/>
							<String ID="string_97" HPOS="605" VPOS="576" WIDTH="162" HEIGHT="28" WC="0.92" CONTENT="utelemnande,"/><SP WIDTH="16" VPOS="576" HPOS="767"/>
							<String ID="string_98" HPOS="783" VPOS="583" WIDTH="64" HEIGHT="15" WC="0.96" CONTENT="anser"/><SP WIDTH="11" VPOS="583" HPOS="847"/>
							<String ID="string_99" HPOS="858" VPOS="577" WIDTH="41" HEIGHT="27" WC="0.96" CONTENT="jag"/>
						</TextLine>
						<TextLine ID="line_13" HPOS="151" VPOS="610" WIDTH="747" HEIGHT="28">
							<String ID="string_100" HPOS="151" VPOS="612" WIDTH="56" HEIGHT="22" WC="0.96" CONTENT="dock"/><SP WIDTH="15" VPOS="612" HPOS="207"/>
							<String ID="string_101" HPOS="222" VPOS="611" WIDTH="107" HEIGHT="22" WC="0.96" CONTENT="utskottet"/><SP WIDTH="10" VPOS="611" HPOS="329"/>
							<String ID="string_102" HPOS="339" VPOS="610" WIDTH="48" HEIGHT="28" WC="0.95" CONTENT="icke"/><SP WIDTH="11" VPOS="610" HPOS="387"/>
							<String ID="string_103" HPOS="398" VPOS="610" WIDTH="65" HEIGHT="22" WC="0.96" CONTENT="hafva"/><SP WIDTH="11" VPOS="610" HPOS="463"/>
							<String ID="string_104" HPOS="474" VPOS="611" WIDTH="79" HEIGHT="21" WC="0.96" CONTENT="saknat"/><SP WIDTH="11" VPOS="611" HPOS="553"/>
							<String ID="string_105" HPOS="564" VPOS="610" WIDTH="49" HEIGHT="22" WC="0.96" CONTENT="skäl"/><SP WIDTH="11" VPOS="610" HPOS="613"/>
							<String ID="string_106" HPOS="624" VPOS="610" WIDTH="79" HEIGHT="22" WC="0.92" CONTENT="härtill."/><SP WIDTH="23" VPOS="610" HPOS="703"/>
							<String ID="string_107" HPOS="726" VPOS="611" WIDTH="78" HEIGHT="21" WC="0.91" CONTENT="Attin-"/><SP WIDTH="12" VPOS="611" HPOS="804"/>
							<String ID="string_108" HPOS="816" VPOS="611" WIDTH="39" HEIGHT="21" WC="0.93" CONTENT="och"/><SP WIDTH="11" VPOS="611" HPOS="855"/>
							<String ID="string_109" HPOS="866" VPOS="613" WIDTH="32" HEIGHT="20" WC="0.93" CONTENT="ut-"/>
						</TextLine>
						<TextLine ID="line_14" HPOS="150" VPOS="644" WIDTH="748" HEIGHT="29">
							<String ID="string_110" HPOS="150" VPOS="646" WIDTH="93" HEIGHT="22" WC="0.92" CONTENT="ländske"/><SP WIDTH="21" VPOS="646" HPOS="243"/>
							<String ID="string_111" HPOS="264" VPOS="645" WIDTH="192" HEIGHT="27" WC="0.96" CONTENT="vetenskapsmän,"/><SP WIDTH="18" VPOS="645" HPOS="456"/>
							<String ID="string_112" HPOS="474" VPOS="645" WIDTH="75" HEIGHT="21" WC="0.96" CONTENT="hvilka"/><SP WIDTH="13" VPOS="645" HPOS="549"/>
							<String ID="string_113" HPOS="562" VPOS="644" WIDTH="33" HEIGHT="22" WC="0.96" CONTENT="för"/><SP WIDTH="14" VPOS="644" HPOS="595"/>
							<String ID="string_114" HPOS="609" VPOS="645" WIDTH="48" HEIGHT="21" WC="0.96" CONTENT="sina"/><SP WIDTH="16" VPOS="645" HPOS="657"/>
							<String ID="string_115" HPOS="673" VPOS="646" WIDTH="169" HEIGHT="27" WC="0.92" CONTENT="vetenskapliga"/><SP WIDTH="14" VPOS="646" HPOS="842"/>
							<String ID="string_116" HPOS="856" VPOS="646" WIDTH="42" HEIGHT="22" WC="0.91" CONTENT="för-"/>
						</TextLine>
						<TextLine ID="line_15" HPOS="150" VPOS="679" WIDTH="748" HEIGHT="29">
							<String ID="string_117" HPOS="150" VPOS="681" WIDTH="91" HEIGHT="27" WC="0.90" CONTENT="tjenster"/><SP WIDTH="16" VPOS="681" HPOS="241"/>
							<String ID="string_118" HPOS="257" VPOS="680" WIDTH="82" HEIGHT="21" WC="0.96" CONTENT="erhålla"/><SP WIDTH="16" VPOS="680" HPOS="339"/>
							<String ID="string_119" HPOS="355" VPOS="679" WIDTH="154" HEIGHT="28" WC="0.96" CONTENT="doktorsgrad,"/><SP WIDTH="17" VPOS="679" HPOS="509"/>
							<String ID="string_120" HPOS="526" VPOS="679" WIDTH="63" HEIGHT="22" WC="0.96" CONTENT="skola"/><SP WIDTH="10" VPOS="679" HPOS="589"/>
							<String ID="string_121" HPOS="599" VPOS="679" WIDTH="79" HEIGHT="21" WC="0.93" CONTENT="liksom"/><SP WIDTH="11" VPOS="679" HPOS="678"/>
							<String ID="string_122" HPOS="689" VPOS="679" WIDTH="127" HEIGHT="28" WC="0.91" CONTENT="vedergälla"/><SP WIDTH="10" VPOS="679" HPOS="816"/>
							<String ID="string_123" HPOS="826" VPOS="680" WIDTH="72" HEIGHT="22" WC="0.96" CONTENT="denna"/>
						</TextLine>
						<TextLine ID="line_16" HPOS="150" VPOS="713" WIDTH="749" HEIGHT="28">
							<String ID="string_124" HPOS="150" VPOS="714" WIDTH="133" HEIGHT="22" WC="0.95" CONTENT="utmärkelse"/><SP WIDTH="18" VPOS="714" HPOS="283"/>
							<String ID="string_125" HPOS="301" VPOS="713" WIDTH="49" HEIGHT="23" WC="0.96" CONTENT="med"/><SP WIDTH="19" VPOS="713" HPOS="350"/>
							<String ID="string_126" HPOS="369" VPOS="714" WIDTH="92" HEIGHT="21" WC="0.96" CONTENT="kontant"/><SP WIDTH="15" VPOS="714" HPOS="461"/>
							<String ID="string_127" HPOS="476" VPOS="713" WIDTH="120" HEIGHT="28" WC="0.96" CONTENT="betalning,"/><SP WIDTH="16" VPOS="713" HPOS="596"/>
							<String ID="string_128" HPOS="612" VPOS="713" WIDTH="61" HEIGHT="22" WC="0.96" CONTENT="torde"/><SP WIDTH="15" VPOS="713" HPOS="673"/>
							<String ID="string_129" HPOS="688" VPOS="714" WIDTH="100" HEIGHT="22" WC="0.96" CONTENT="förefalla"/><SP WIDTH="16" VPOS="714" HPOS="788"/>
							<String ID="string_130" HPOS="804" VPOS="721" WIDTH="26" HEIGHT="15" WC="0.96" CONTENT="en"/><SP WIDTH="15" VPOS="721" HPOS="830"/>
							<String ID="string_131" HPOS="845" VPOS="714" WIDTH="54" HEIGHT="22" WC="0.95" CONTENT="hvar"/>
						</TextLine>
						<TextLine ID="line_17" HPOS="151" VPOS="742" WIDTH="748" HEIGHT="33">
							<String ID="string_132" HPOS="151" VPOS="748" WIDTH="106" HEIGHT="22" WC="0.93" CONTENT="stötande."/><SP WIDTH="38" VPOS="748" HPOS="257"/>
							<String ID="string_133" HPOS="295" VPOS="742" WIDTH="87" HEIGHT="28" WC="0.90" CONTENT="Återstå"/><SP WIDTH="25" VPOS="742" HPOS="382"/>
							<String ID="string_134" HPOS="407" VPOS="747" WIDTH="86" HEIGHT="22" WC="0.96" CONTENT="således"/><SP WIDTH="26" VPOS="747" HPOS="493"/>
							<String ID="string_135" HPOS="519" VPOS="748" WIDTH="35" HEIGHT="27" WC="0.96" CONTENT="de,"/><SP WIDTH="27" VPOS="748" HPOS="554"/>
							<String ID="string_136" HPOS="581" VPOS="748" WIDTH="75" HEIGHT="21" WC="0.96" CONTENT="hvilka"/><SP WIDTH="23" VPOS="748" HPOS="656"/>
							<String ID="string_137" HPOS="679" VPOS="748" WIDTH="24" HEIGHT="21" WC="0.96" CONTENT="af"/><SP WIDTH="20" VPOS="748" HPOS="703"/>
							<String ID="string_138" HPOS="723" VPOS="749" WIDTH="119" HEIGHT="21" WC="0.93" CONTENT="monarken"/><SP WIDTH="24" VPOS="749" HPOS="842"/>
							<String ID="string_139" HPOS="866" VPOS="749" WIDTH="33" HEIGHT="22" WC="0.93" CONTENT="till"/>
						</TextLine>
						<TextLine ID="line_18" HPOS="150" VPOS="781" WIDTH="748" HEIGHT="29">
							<String ID="string_140" HPOS="150" VPOS="782" WIDTH="198" HEIGHT="28" WC="0.91" CONTENT="teologiedoktorer"/><SP WIDTH="20" VPOS="782" HPOS="348"/>
							<String ID="string_141" HPOS="368" VPOS="784" WIDTH="123" HEIGHT="25" WC="0.95" CONTENT="utnämnas;"/><SP WIDTH="22" VPOS="784" HPOS="491"/>
							<String ID="string_142" HPOS="513" VPOS="788" WIDTH="48" HEIGHT="16" WC="0.96" CONTENT="men"/><SP WIDTH="21" VPOS="788" HPOS="561"/>
							<String ID="string_143" HPOS="582" VPOS="782" WIDTH="29" HEIGHT="21" WC="0.96" CONTENT="då"/><SP WIDTH="20" VPOS="782" HPOS="611"/>
							<String ID="string_144" HPOS="631" VPOS="781" WIDTH="64" HEIGHT="23" WC="0.93" CONTENT="äfven"/><SP WIDTH="19" VPOS="781" HPOS="695"/>
							<String ID="string_145" HPOS="714" VPOS="782" WIDTH="64" HEIGHT="22" WC="0.92" CONTENT="desse"/><SP WIDTH="18" VPOS="782" HPOS="778"/>
							<String ID="string_146" HPOS="796" VPOS="783" WIDTH="102" HEIGHT="27" WC="0.96" CONTENT="vanligen"/>
						</TextLine>
						<TextLine ID="line_19" HPOS="150" VPOS="816" WIDTH="750" HEIGHT="29">
							<String ID="string_147" HPOS="150" VPOS="820" WIDTH="37" HEIGHT="19" WC="0.96" CONTENT="äro"/><SP WIDTH="16" VPOS="820" HPOS="187"/>
							<String ID="string_148" HPOS="203" VPOS="820" WIDTH="60" HEIGHT="22" WC="0.96" CONTENT="män,"/><SP WIDTH="17" VPOS="820" HPOS="263"/>
							<String ID="string_149" HPOS="280" VPOS="816" WIDTH="7" HEIGHT="22" WC="0.96" CONTENT="i"/><SP WIDTH="16" VPOS="816" HPOS="287"/>
							<String ID="string_150" HPOS="303" VPOS="816" WIDTH="89" HEIGHT="22" WC="0.96" CONTENT="skolans"/><SP WIDTH="16" VPOS="816" HPOS="392"/>
							<String ID="string_151" HPOS="408" VPOS="816" WIDTH="40" HEIGHT="22" WC="0.96" CONTENT="och"/><SP WIDTH="16" VPOS="816" HPOS="448"/>
							<String ID="string_152" HPOS="464" VPOS="816" WIDTH="96" HEIGHT="28" WC="0.93" CONTENT="kyrkans"/><SP WIDTH="16" VPOS="816" HPOS="560"/>
							<String ID="string_153" HPOS="576" VPOS="816" WIDTH="67" HEIGHT="28" WC="0.92" CONTENT="tjenst"/><SP WIDTH="15" VPOS="816" HPOS="643"/>
							<String ID="string_154" HPOS="658" VPOS="817" WIDTH="106" HEIGHT="28" WC="0.92" CONTENT="grånade,"/><SP WIDTH="12" VPOS="817" HPOS="764"/>
							<String ID="string_155" HPOS="776" VPOS="817" WIDTH="76" HEIGHT="23" WC="0.96" CONTENT="hvilka"/><SP WIDTH="10" VPOS="817" HPOS="852"/>
							<String ID="string_156" HPOS="862" VPOS="818" WIDTH="38" HEIGHT="22" WC="0.96" CONTENT="vid"/>
						</TextLine>
						<TextLine ID="line_20" HPOS="150" VPOS="851" WIDTH="749" HEIGHT="27">
							<String ID="string_157" HPOS="150" VPOS="852" WIDTH="88" HEIGHT="21" WC="0.95" CONTENT="aftonen"/><SP WIDTH="16" VPOS="852" HPOS="238"/>
							<String ID="string_158" HPOS="254" VPOS="851" WIDTH="25" HEIGHT="21" WC="0.96" CONTENT="af"/><SP WIDTH="12" VPOS="851" HPOS="279"/>
							<String ID="string_159" HPOS="291" VPOS="858" WIDTH="26" HEIGHT="14" WC="0.96" CONTENT="en"/><SP WIDTH="15" VPOS="858" HPOS="317"/>
							<String ID="string_160" HPOS="332" VPOS="851" WIDTH="53" HEIGHT="26" WC="0.96" CONTENT="lång"/><SP WIDTH="14" VPOS="851" HPOS="385"/>
							<String ID="string_161" HPOS="399" VPOS="851" WIDTH="41" HEIGHT="21" WC="0.93" CONTENT="och"/><SP WIDTH="15" VPOS="851" HPOS="440"/>
							<String ID="string_162" HPOS="455" VPOS="851" WIDTH="120" HEIGHT="27" WC="0.91" CONTENT="mödosam,"/><SP WIDTH="18" VPOS="851" HPOS="575"/>
							<String ID="string_163" HPOS="593" VPOS="851" WIDTH="32" HEIGHT="21" WC="0.96" CONTENT="till"/><SP WIDTH="12" VPOS="851" HPOS="625"/>
							<String ID="string_164" HPOS="637" VPOS="851" WIDTH="36" HEIGHT="21" WC="0.96" CONTENT="det"/><SP WIDTH="11" VPOS="851" HPOS="673"/>
							<String ID="string_165" HPOS="684" VPOS="852" WIDTH="122" HEIGHT="21" WC="0.91" CONTENT="allmännas"/><SP WIDTH="10" VPOS="852" HPOS="806"/>
							<String ID="string_166" HPOS="816" VPOS="852" WIDTH="83" HEIGHT="21" WC="0.91" CONTENT="båtnad"/>
						</TextLine>
						<TextLine ID="line_21" HPOS="150" VPOS="884" WIDTH="748" HEIGHT="29">
							<String ID="string_167" HPOS="150" VPOS="885" WIDTH="87" HEIGHT="22" WC="0.95" CONTENT="använd"/><SP WIDTH="18" VPOS="885" HPOS="237"/>
							<String ID="string_168" HPOS="255" VPOS="885" WIDTH="117" HEIGHT="27" WC="0.96" CONTENT="arbetsdag"/><SP WIDTH="18" VPOS="885" HPOS="372"/>
							<String ID="string_169" HPOS="390" VPOS="885" WIDTH="50" HEIGHT="21" WC="0.96" CONTENT="med"/><SP WIDTH="16" VPOS="885" HPOS="440"/>
							<String ID="string_170" HPOS="456" VPOS="884" WIDTH="71" HEIGHT="22" WC="0.96" CONTENT="denna"/><SP WIDTH="16" VPOS="884" HPOS="527"/>
							<String ID="string_171" HPOS="543" VPOS="885" WIDTH="131" HEIGHT="22" WC="0.93" CONTENT="utmärkelse"/><SP WIDTH="15" VPOS="885" HPOS="674"/>
							<String ID="string_172" HPOS="689" VPOS="885" WIDTH="117" HEIGHT="28" WC="0.91" CONTENT="behedras,"/><SP WIDTH="17" VPOS="885" HPOS="806"/>
							<String ID="string_173" HPOS="823" VPOS="887" WIDTH="25" HEIGHT="21" WC="0.93" CONTENT="så"/><SP WIDTH="14" VPOS="887" HPOS="848"/>
							<String ID="string_174" HPOS="862" VPOS="893" WIDTH="36" HEIGHT="15" WC="0.91" CONTENT="an-"/>
						</TextLine>
						<TextLine ID="line_22" HPOS="151" VPOS="919" WIDTH="748" HEIGHT="30">
							<String ID="string_175" HPOS="151" VPOS="921" WIDTH="40" HEIGHT="26" WC="0.96" CONTENT="såg"/><SP WIDTH="15" VPOS="921" HPOS="191"/>
							<String ID="string_176" HPOS="206" VPOS="919" WIDTH="106" HEIGHT="22" WC="0.96" CONTENT="utskottet"/><SP WIDTH="16" VPOS="919" HPOS="312"/>
							<String ID="string_177" HPOS="328" VPOS="919" WIDTH="49" HEIGHT="22" WC="0.96" CONTENT="dem"/><SP WIDTH="14" VPOS="919" HPOS="377"/>
							<String ID="string_178" HPOS="391" VPOS="919" WIDTH="64" HEIGHT="22" WC="0.96" CONTENT="äfven"/><SP WIDTH="16" VPOS="919" HPOS="455"/>
							<String ID="string_179" HPOS="471" VPOS="919" WIDTH="74" HEIGHT="22" WC="0.96" CONTENT="kunna"/><SP WIDTH="15" VPOS="919" HPOS="545"/>
							<String ID="string_180" HPOS="560" VPOS="919" WIDTH="102" HEIGHT="22" WC="0.96" CONTENT="hänföras"/><SP WIDTH="15" VPOS="919" HPOS="662"/>
							<String ID="string_181" HPOS="677" VPOS="919" WIDTH="7" HEIGHT="22" WC="0.96" CONTENT="i"/><SP WIDTH="16" VPOS="919" HPOS="684"/>
							<String ID="string_182" HPOS="700" VPOS="927" WIDTH="84" HEIGHT="14" WC="0.95" CONTENT="samma"/><SP WIDTH="14" VPOS="927" HPOS="784"/>
							<String ID="string_183" HPOS="798" VPOS="920" WIDTH="101" HEIGHT="29" WC="0.96" CONTENT="kategori"/>
						</TextLine>
						<TextLine ID="line_23" HPOS="150" VPOS="953" WIDTH="749" HEIGHT="24">
							<String ID="string_184" HPOS="150" VPOS="953" WIDTH="50" HEIGHT="22" WC="0.96" CONTENT="med"/><SP WIDTH="15" VPOS="953" HPOS="200"/>
							<String ID="string_185" HPOS="215" VPOS="953" WIDTH="27" HEIGHT="22" WC="0.95" CONTENT="de"/><SP WIDTH="15" VPOS="953" HPOS="242"/>
							<String ID="string_186" HPOS="257" VPOS="953" WIDTH="155" HEIGHT="22" WC="0.94" CONTENT="förstnämnde."/><SP WIDTH="30" VPOS="953" HPOS="412"/>
							<String ID="string_187" HPOS="442" VPOS="953" WIDTH="111" HEIGHT="22" WC="0.95" CONTENT="Utskottet"/><SP WIDTH="15" VPOS="953" HPOS="553"/>
							<String ID="string_188" HPOS="568" VPOS="953" WIDTH="73" HEIGHT="22" WC="0.96" CONTENT="kunde"/><SP WIDTH="16" VPOS="953" HPOS="641"/>
							<String ID="string_189" HPOS="657" VPOS="954" WIDTH="66" HEIGHT="21" WC="0.96" CONTENT="alltså"/><SP WIDTH="14" VPOS="954" HPOS="723"/>
							<String ID="string_190" HPOS="737" VPOS="955" WIDTH="51" HEIGHT="21" WC="0.96" CONTENT="icke"/><SP WIDTH="13" VPOS="955" HPOS="788"/>
							<String ID="string_191" HPOS="801" VPOS="955" WIDTH="51" HEIGHT="22" WC="0.96" CONTENT="dela"/><SP WIDTH="10" VPOS="955" HPOS="852"/>
							<String ID="string_192" HPOS="862" VPOS="955" WIDTH="37" HEIGHT="22" WC="0.96" CONTENT="det"/>
						</TextLine>
						<TextLine ID="line_24" HPOS="149" VPOS="987" WIDTH="750" HEIGHT="30">
							<String ID="string_193" HPOS="149" VPOS="988" WIDTH="67" HEIGHT="21" WC="0.96" CONTENT="motiv"/><SP WIDTH="21" VPOS="988" HPOS="216"/>
							<String ID="string_194" HPOS="237" VPOS="987" WIDTH="33" HEIGHT="22" WC="0.96" CONTENT="för"/><SP WIDTH="22" VPOS="987" HPOS="270"/>
							<String ID="string_195" HPOS="292" VPOS="987" WIDTH="153" HEIGHT="22" WC="0.96" CONTENT="bibehållande"/><SP WIDTH="22" VPOS="987" HPOS="445"/>
							<String ID="string_196" HPOS="467" VPOS="987" WIDTH="24" HEIGHT="21" WC="0.93" CONTENT="af"/><SP WIDTH="16" VPOS="987" HPOS="491"/>
							<String ID="string_197" HPOS="507" VPOS="987" WIDTH="118" HEIGHT="29" WC="0.92" CONTENT="stämpladt"/><SP WIDTH="18" VPOS="987" HPOS="625"/>
							<String ID="string_198" HPOS="643" VPOS="995" WIDTH="82" HEIGHT="21" WC="0.96" CONTENT="papper"/><SP WIDTH="14" VPOS="995" HPOS="725"/>
							<String ID="string_199" HPOS="739" VPOS="988" WIDTH="35" HEIGHT="23" WC="0.96" CONTENT="för"/><SP WIDTH="15" VPOS="988" HPOS="774"/>
							<String ID="string_200" HPOS="789" VPOS="989" WIDTH="81" HEIGHT="28" WC="0.93" CONTENT="diplom"/><SP WIDTH="15" VPOS="989" HPOS="870"/>
							<String ID="string_201" HPOS="885" VPOS="990" WIDTH="14" HEIGHT="21" WC="0.89" CONTENT="å"/>
						</TextLine>
						<TextLine ID="line_25" HPOS="149" VPOS="1021" WIDTH="749" HEIGHT="31">
							<String ID="string_202" HPOS="149" VPOS="1022" WIDTH="94" HEIGHT="21" WC="0.91" CONTENT="honorär"/><SP WIDTH="20" VPOS="1022" HPOS="243"/>
							<String ID="string_203" HPOS="263" VPOS="1021" WIDTH="248" HEIGHT="28" WC="0.91" CONTENT="teologiedoktorsgrad,"/><SP WIDTH="24" VPOS="1021" HPOS="511"/>
							<String ID="string_204" HPOS="535" VPOS="1029" WIDTH="46" HEIGHT="14" WC="0.96" CONTENT="som"/><SP WIDTH="19" VPOS="1029" HPOS="581"/>
							<String ID="string_205" HPOS="600" VPOS="1021" WIDTH="33" HEIGHT="22" WC="0.96" CONTENT="för"/><SP WIDTH="18" VPOS="1021" HPOS="633"/>
							<String ID="string_206" HPOS="651" VPOS="1024" WIDTH="88" HEIGHT="26" WC="0.96" CONTENT="prosten"/><SP WIDTH="16" VPOS="1024" HPOS="739"/>
							<String ID="string_207" HPOS="755" VPOS="1023" WIDTH="63" HEIGHT="22" WC="0.95" CONTENT="Sirén"/><SP WIDTH="15" VPOS="1023" HPOS="818"/>
							<String ID="string_208" HPOS="833" VPOS="1031" WIDTH="65" HEIGHT="21" WC="0.96" CONTENT="synes"/>
						</TextLine>
						<TextLine ID="line_26" HPOS="150" VPOS="1055" WIDTH="749" HEIGHT="30">
							<String ID="string_209" HPOS="150" VPOS="1057" WIDTH="25" HEIGHT="20" WC="0.96" CONTENT="så"/><SP WIDTH="15" VPOS="1057" HPOS="175"/>
							<String ID="string_210" HPOS="190" VPOS="1055" WIDTH="117" HEIGHT="22" WC="0.93" CONTENT="bindande."/><SP WIDTH="29" VPOS="1055" HPOS="307"/>
							<String ID="string_211" HPOS="336" VPOS="1056" WIDTH="152" HEIGHT="27" WC="0.92" CONTENT="Förunderligt"/><SP WIDTH="15" VPOS="1056" HPOS="488"/>
							<String ID="string_212" HPOS="503" VPOS="1055" WIDTH="110" HEIGHT="23" WC="0.96" CONTENT="förefaller"/><SP WIDTH="15" VPOS="1055" HPOS="613"/>
							<String ID="string_213" HPOS="628" VPOS="1056" WIDTH="37" HEIGHT="21" WC="0.96" CONTENT="det"/><SP WIDTH="14" VPOS="1056" HPOS="665"/>
							<String ID="string_214" HPOS="679" VPOS="1056" WIDTH="54" HEIGHT="27" WC="0.96" CONTENT="mig,"/><SP WIDTH="15" VPOS="1056" HPOS="733"/>
							<String ID="string_215" HPOS="748" VPOS="1057" WIDTH="53" HEIGHT="22" WC="0.96" CONTENT="huru"/><SP WIDTH="10" VPOS="1057" HPOS="801"/>
							<String ID="string_216" HPOS="811" VPOS="1060" WIDTH="88" HEIGHT="25" WC="0.96" CONTENT="prosten"/>
						</TextLine>
						<TextLine ID="line_27" HPOS="151" VPOS="1089" WIDTH="747" HEIGHT="28">
							<String ID="string_217" HPOS="151" VPOS="1090" WIDTH="63" HEIGHT="21" WC="0.96" CONTENT="Sirén"/><SP WIDTH="22" VPOS="1090" HPOS="214"/>
							<String ID="string_218" HPOS="236" VPOS="1089" WIDTH="84" HEIGHT="22" WC="0.96" CONTENT="kunnat"/><SP WIDTH="23" VPOS="1089" HPOS="320"/>
							<String ID="string_219" HPOS="343" VPOS="1092" WIDTH="52" HEIGHT="24" WC="0.96" CONTENT="göra"/><SP WIDTH="23" VPOS="1092" HPOS="395"/>
							<String ID="string_220" HPOS="418" VPOS="1089" WIDTH="33" HEIGHT="28" WC="0.96" CONTENT="sig"/><SP WIDTH="23" VPOS="1089" HPOS="451"/>
							<String ID="string_221" HPOS="474" VPOS="1090" WIDTH="89" HEIGHT="27" WC="0.96" CONTENT="skyldig"/><SP WIDTH="19" VPOS="1090" HPOS="563"/>
							<String ID="string_222" HPOS="582" VPOS="1090" WIDTH="32" HEIGHT="21" WC="0.96" CONTENT="till"/><SP WIDTH="16" VPOS="1090" HPOS="614"/>
							<String ID="string_223" HPOS="630" VPOS="1097" WIDTH="27" HEIGHT="14" WC="0.96" CONTENT="en"/><SP WIDTH="15" VPOS="1097" HPOS="657"/>
							<String ID="string_224" HPOS="672" VPOS="1090" WIDTH="69" HEIGHT="22" WC="0.93" CONTENT="sådan"/><SP WIDTH="16" VPOS="1090" HPOS="741"/>
							<String ID="string_225" HPOS="757" VPOS="1091" WIDTH="141" HEIGHT="24" WC="0.60" CONTENT="indiscretion"/>
						</TextLine>
						<TextLine ID="line_28" HPOS="151" VPOS="1123" WIDTH="748" HEIGHT="32">
							<String ID="string_226" HPOS="151" VPOS="1126" WIDTH="32" HEIGHT="19" WC="0.96" CONTENT="att"/><SP WIDTH="15" VPOS="1126" HPOS="183"/>
							<String ID="string_227" HPOS="198" VPOS="1124" WIDTH="43" HEIGHT="21" WC="0.96" CONTENT="han"/><SP WIDTH="15" VPOS="1124" HPOS="241"/>
							<String ID="string_228" HPOS="256" VPOS="1123" WIDTH="50" HEIGHT="22" WC="0.96" CONTENT="med"/><SP WIDTH="15" VPOS="1123" HPOS="306"/>
							<String ID="string_229" HPOS="321" VPOS="1123" WIDTH="86" HEIGHT="22" WC="0.96" CONTENT="fläcken"/><SP WIDTH="19" VPOS="1123" HPOS="407"/>
							<String ID="string_230" HPOS="426" VPOS="1123" WIDTH="25" HEIGHT="22" WC="0.96" CONTENT="af"/><SP WIDTH="15" VPOS="1123" HPOS="451"/>
							<String ID="string_231" HPOS="466" VPOS="1131" WIDTH="27" HEIGHT="14" WC="0.96" CONTENT="en"/><SP WIDTH="19" VPOS="1131" HPOS="493"/>
							<String ID="string_232" HPOS="512" VPOS="1124" WIDTH="111" HEIGHT="27" WC="0.93" CONTENT="synnerlig"/><SP WIDTH="16" VPOS="1124" HPOS="623"/>
							<String ID="string_233" HPOS="639" VPOS="1125" WIDTH="73" HEIGHT="21" WC="0.92" CONTENT="vanité"/><SP WIDTH="15" VPOS="1125" HPOS="712"/>
							<String ID="string_234" HPOS="727" VPOS="1125" WIDTH="60" HEIGHT="22" WC="0.96" CONTENT="velat"/><SP WIDTH="18" VPOS="1125" HPOS="787"/>
							<String ID="string_235" HPOS="805" VPOS="1127" WIDTH="94" HEIGHT="28" WC="0.96" CONTENT="stämpla"/>
						</TextLine>
						<TextLine ID="line_29" HPOS="146" VPOS="1157" WIDTH="753" HEIGHT="31">
							<String ID="string_236" HPOS="146" VPOS="1158" WIDTH="47" HEIGHT="26" WC="0.96" CONTENT="just"/><SP WIDTH="23" VPOS="1158" HPOS="193"/>
							<String ID="string_237" HPOS="216" VPOS="1157" WIDTH="72" HEIGHT="21" WC="0.93" CONTENT="denna"/><SP WIDTH="21" VPOS="1157" HPOS="288"/>
							<String ID="string_238" HPOS="309" VPOS="1157" WIDTH="144" HEIGHT="22" WC="0.92" CONTENT="utmärkelses"/><SP WIDTH="21" VPOS="1157" HPOS="453"/>
							<String ID="string_239" HPOS="474" VPOS="1158" WIDTH="133" HEIGHT="22" WC="0.91" CONTENT="erbållande."/><SP WIDTH="30" VPOS="1158" HPOS="607"/>
							<String ID="string_240" HPOS="637" VPOS="1158" WIDTH="82" HEIGHT="28" WC="0.88" CONTENT="Hvarje"/><SP WIDTH="19" VPOS="1158" HPOS="719"/>
							<String ID="string_241" HPOS="738" VPOS="1160" WIDTH="161" HEIGHT="28" WC="0.92" CONTENT="medborgerlig"/>
						</TextLine>
						<TextLine ID="line_30" HPOS="150" VPOS="1190" WIDTH="752" HEIGHT="29">
							<String ID="string_242" HPOS="150" VPOS="1190" WIDTH="133" HEIGHT="22" WC="0.95" CONTENT="utmärkelse"/><SP WIDTH="20" VPOS="1190" HPOS="283"/>
							<String ID="string_243" HPOS="303" VPOS="1191" WIDTH="44" HEIGHT="20" WC="0.96" CONTENT="kan"/><SP WIDTH="16" VPOS="1191" HPOS="347"/>
							<String ID="string_244" HPOS="363" VPOS="1191" WIDTH="27" HEIGHT="26" WC="0.96" CONTENT="ju"/><SP WIDTH="19" VPOS="1191" HPOS="390"/>
							<String ID="string_245" HPOS="409" VPOS="1191" WIDTH="50" HEIGHT="21" WC="0.96" CONTENT="med"/><SP WIDTH="17" VPOS="1191" HPOS="459"/>
							<String ID="string_246" HPOS="476" VPOS="1198" WIDTH="91" HEIGHT="21" WC="0.96" CONTENT="samma,"/><SP WIDTH="20" VPOS="1198" HPOS="567"/>
							<String ID="string_247" HPOS="587" VPOS="1199" WIDTH="34" HEIGHT="14" WC="0.96" CONTENT="om"/><SP WIDTH="16" VPOS="1199" HPOS="621"/>
							<String ID="string_248" HPOS="637" VPOS="1192" WIDTH="18" HEIGHT="27" WC="0.96" CONTENT="ej"/><SP WIDTH="18" VPOS="1192" HPOS="655"/>
							<String ID="string_249" HPOS="673" VPOS="1194" WIDTH="68" HEIGHT="20" WC="0.96" CONTENT="större"/><SP WIDTH="15" VPOS="1194" HPOS="741"/>
							<String ID="string_250" HPOS="756" VPOS="1193" WIDTH="50" HEIGHT="22" WC="0.96" CONTENT="skäl"/><SP WIDTH="15" VPOS="1193" HPOS="806"/>
							<String ID="string_251" HPOS="821" VPOS="1194" WIDTH="40" HEIGHT="22" WC="0.96" CONTENT="nås"/><SP WIDTH="15" VPOS="1194" HPOS="861"/>
							<String ID="string_252" HPOS="876" VPOS="1194" WIDTH="26" HEIGHT="22" WC="0.96" CONTENT="af"/>
						</TextLine>
						<TextLine ID="line_31" HPOS="151" VPOS="1224" WIDTH="268" HEIGHT="22">
							<String ID="string_253" HPOS="151" VPOS="1224" WIDTH="115" HEIGHT="22" WC="0.93" CONTENT="enahanda"/><SP WIDTH="14" VPOS="1224" HPOS="266"/>
							<String ID="string_254" HPOS="280" VPOS="1224" WIDTH="139" HEIGHT="22" WC="0.89" CONTENT="insinuation."/>
						</TextLine>
					</TextBlock>
					<TextBlock ID="block_3" HPOS="148" VPOS="1258" WIDTH="750" HEIGHT="200">
						<TextLine ID="line_32" HPOS="219" VPOS="1258" WIDTH="679" HEIGHT="29">
							<String ID="string_255" HPOS="219" VPOS="1258" WIDTH="106" HEIGHT="27" WC="0.94" CONTENT="Slutligen"/><SP WIDTH="16" VPOS="1258" HPOS="325"/>
							<String ID="string_256" HPOS="341" VPOS="1259" WIDTH="98" HEIGHT="22" WC="0.96" CONTENT="anhåller"/><SP WIDTH="12" VPOS="1259" HPOS="439"/>
							<String ID="string_257" HPOS="451" VPOS="1259" WIDTH="41" HEIGHT="28" WC="0.96" CONTENT="jag"/><SP WIDTH="15" VPOS="1259" HPOS="492"/>
							<String ID="string_258" HPOS="507" VPOS="1262" WIDTH="32" HEIGHT="19" WC="0.96" CONTENT="att"/><SP WIDTH="14" VPOS="1262" HPOS="539"/>
							<String ID="string_259" HPOS="553" VPOS="1260" WIDTH="50" HEIGHT="21" WC="0.96" CONTENT="med"/><SP WIDTH="16" VPOS="1260" HPOS="603"/>
							<String ID="string_260" HPOS="619" VPOS="1260" WIDTH="118" HEIGHT="27" WC="0.96" CONTENT="anledning"/><SP WIDTH="16" VPOS="1260" HPOS="737"/>
							<String ID="string_261" HPOS="753" VPOS="1261" WIDTH="25" HEIGHT="21" WC="0.96" CONTENT="af"/><SP WIDTH="12" VPOS="1261" HPOS="778"/>
							<String ID="string_262" HPOS="790" VPOS="1261" WIDTH="36" HEIGHT="22" WC="0.96" CONTENT="det"/><SP WIDTH="13" VPOS="1261" HPOS="826"/>
							<String ID="string_263" HPOS="839" VPOS="1262" WIDTH="25" HEIGHT="21" WC="0.96" CONTENT="af"/><SP WIDTH="7" VPOS="1262" HPOS="864"/>
							<String ID="string_264" HPOS="871" VPOS="1269" WIDTH="27" HEIGHT="15" WC="0.96" CONTENT="en"/>
						</TextLine>
						<TextLine ID="line_33" HPOS="149" VPOS="1291" WIDTH="749" HEIGHT="33">
							<String ID="string_265" HPOS="149" VPOS="1292" WIDTH="54" HEIGHT="21" WC="0.96" CONTENT="värd"/><SP WIDTH="20" VPOS="1292" HPOS="203"/>
							<String ID="string_266" HPOS="223" VPOS="1291" WIDTH="78" HEIGHT="28" WC="0.96" CONTENT="talare,"/><SP WIDTH="20" VPOS="1291" HPOS="301"/>
							<String ID="string_267" HPOS="321" VPOS="1292" WIDTH="29" HEIGHT="27" WC="0.96" CONTENT="på"/><SP WIDTH="15" VPOS="1292" HPOS="350"/>
							<String ID="string_268" HPOS="365" VPOS="1292" WIDTH="70" HEIGHT="27" WC="0.96" CONTENT="grund"/><SP WIDTH="15" VPOS="1292" HPOS="435"/>
							<String ID="string_269" HPOS="450" VPOS="1293" WIDTH="25" HEIGHT="20" WC="0.96" CONTENT="af"/><SP WIDTH="10" VPOS="1293" HPOS="475"/>
							<String ID="string_270" HPOS="485" VPOS="1293" WIDTH="103" HEIGHT="27" WC="0.92" CONTENT="magister"/><SP WIDTH="16" VPOS="1293" HPOS="588"/>
							<String ID="string_271" HPOS="604" VPOS="1293" WIDTH="135" HEIGHT="22" WC="0.91" CONTENT="Schaumans"/><SP WIDTH="15" VPOS="1293" HPOS="739"/>
							<String ID="string_272" HPOS="754" VPOS="1295" WIDTH="144" HEIGHT="29" WC="0.96" CONTENT="reservation,"/>
						</TextLine>
						<TextLine ID="line_34" HPOS="149" VPOS="1325" WIDTH="749" HEIGHT="30">
							<String ID="string_273" HPOS="149" VPOS="1325" WIDTH="78" HEIGHT="28" WC="0.96" CONTENT="gjorda"/><SP WIDTH="9" VPOS="1325" HPOS="227"/>
							<String ID="string_274" HPOS="236" VPOS="1325" WIDTH="118" HEIGHT="28" WC="0.96" CONTENT="yrkandet,"/><SP WIDTH="16" VPOS="1325" HPOS="354"/>
							<String ID="string_275" HPOS="370" VPOS="1327" WIDTH="33" HEIGHT="20" WC="0.92" CONTENT="att"/><SP WIDTH="15" VPOS="1327" HPOS="403"/>
							<String ID="string_276" HPOS="418" VPOS="1326" WIDTH="263" HEIGHT="29" WC="0.91" CONTENT="kartasigillatabeloppet"/><SP WIDTH="15" VPOS="1326" HPOS="681"/>
							<String ID="string_277" HPOS="696" VPOS="1327" WIDTH="33" HEIGHT="22" WC="0.93" CONTENT="för"/><SP WIDTH="15" VPOS="1327" HPOS="729"/>
							<String ID="string_278" HPOS="744" VPOS="1327" WIDTH="125" HEIGHT="24" WC="0.88" CONTENT="fullmakter"/><SP WIDTH="15" VPOS="1327" HPOS="869"/>
							<String ID="string_279" HPOS="884" VPOS="1330" WIDTH="14" HEIGHT="22" WC="0.92" CONTENT="å"/>
						</TextLine>
						<TextLine ID="line_35" HPOS="150" VPOS="1357" WIDTH="747" HEIGHT="34">
							<String ID="string_280" HPOS="150" VPOS="1359" WIDTH="99" HEIGHT="22" WC="0.92" CONTENT="embeten"/><SP WIDTH="19" VPOS="1359" HPOS="249"/>
							<String ID="string_281" HPOS="268" VPOS="1357" WIDTH="40" HEIGHT="23" WC="0.91" CONTENT="och"/><SP WIDTH="19" VPOS="1357" HPOS="308"/>
							<String ID="string_282" HPOS="327" VPOS="1359" WIDTH="90" HEIGHT="28" WC="0.91" CONTENT="tjenster"/><SP WIDTH="15" VPOS="1359" HPOS="417"/>
							<String ID="string_283" HPOS="432" VPOS="1359" WIDTH="67" HEIGHT="22" WC="0.95" CONTENT="borde"/><SP WIDTH="15" VPOS="1359" HPOS="499"/>
							<String ID="string_284" HPOS="514" VPOS="1360" WIDTH="134" HEIGHT="23" WC="0.93" CONTENT="fortfarande"/><SP WIDTH="15" VPOS="1360" HPOS="648"/>
							<String ID="string_285" HPOS="663" VPOS="1361" WIDTH="101" HEIGHT="23" WC="0.92" CONTENT="förblifva"/><SP WIDTH="16" VPOS="1361" HPOS="764"/>
							<String ID="string_286" HPOS="780" VPOS="1363" WIDTH="12" HEIGHT="22" WC="0.96" CONTENT="6"/><SP WIDTH="15" VPOS="1363" HPOS="792"/>
							<String ID="string_287" HPOS="807" VPOS="1367" WIDTH="90" HEIGHT="24" WC="0.96" CONTENT="procent"/>
						</TextLine>
						<TextLine ID="line_36" HPOS="149" VPOS="1393" WIDTH="748" HEIGHT="32">
							<String ID="string_288" HPOS="149" VPOS="1393" WIDTH="25" HEIGHT="22" WC="0.93" CONTENT="af"/><SP WIDTH="12" VPOS="1393" HPOS="174"/>
							<String ID="string_289" HPOS="186" VPOS="1393" WIDTH="117" HEIGHT="28" WC="0.91" CONTENT="penninge-"/><SP WIDTH="16" VPOS="1393" HPOS="303"/>
							<String ID="string_290" HPOS="319" VPOS="1393" WIDTH="41" HEIGHT="22" WC="0.95" CONTENT="och"/><SP WIDTH="16" VPOS="1393" HPOS="360"/>
							<String ID="string_291" HPOS="376" VPOS="1395" WIDTH="25" HEIGHT="20" WC="0.96" CONTENT="18"/><SP WIDTH="16" VPOS="1395" HPOS="401"/>
							<String ID="string_292" HPOS="417" VPOS="1397" WIDTH="90" HEIGHT="25" WC="0.96" CONTENT="procent"/><SP WIDTH="14" VPOS="1397" HPOS="507"/>
							<String ID="string_293" HPOS="521" VPOS="1395" WIDTH="26" HEIGHT="22" WC="0.96" CONTENT="af"/><SP WIDTH="11" VPOS="1395" HPOS="547"/>
							<String ID="string_294" HPOS="558" VPOS="1395" WIDTH="69" HEIGHT="22" WC="0.96" CONTENT="indelt"/><SP WIDTH="15" VPOS="1395" HPOS="627"/>
							<String ID="string_295" HPOS="642" VPOS="1396" WIDTH="36" HEIGHT="22" WC="0.96" CONTENT="lön"/><SP WIDTH="16" VPOS="1396" HPOS="678"/>
							<String ID="string_296" HPOS="694" VPOS="1397" WIDTH="40" HEIGHT="22" WC="0.96" CONTENT="och"/><SP WIDTH="16" VPOS="1397" HPOS="734"/>
							<String ID="string_297" HPOS="750" VPOS="1397" WIDTH="58" HEIGHT="28" WC="0.96" CONTENT="icke,"/><SP WIDTH="16" VPOS="1397" HPOS="808"/>
							<String ID="string_298" HPOS="824" VPOS="1399" WIDTH="73" HEIGHT="22" WC="0.96" CONTENT="såsom"/>
						</TextLine>
						<TextLine ID="line_37" HPOS="148" VPOS="1428" WIDTH="748" HEIGHT="30">
							<String ID="string_299" HPOS="148" VPOS="1428" WIDTH="8" HEIGHT="22" WC="0.96" CONTENT="i"/><SP WIDTH="16" VPOS="1428" HPOS="156"/>
							<String ID="string_300" HPOS="172" VPOS="1428" WIDTH="42" HEIGHT="22" WC="0.96" CONTENT="den"/><SP WIDTH="13" VPOS="1428" HPOS="214"/>
							<String ID="string_301" HPOS="227" VPOS="1428" WIDTH="119" HEIGHT="28" WC="0.95" CONTENT="kejserliga"/><SP WIDTH="13" VPOS="1428" HPOS="346"/>
							<String ID="string_302" HPOS="359" VPOS="1429" WIDTH="161" HEIGHT="29" WC="0.95" CONTENT="propositionen"/><SP WIDTH="16" VPOS="1429" HPOS="520"/>
							<String ID="string_303" HPOS="536" VPOS="1429" WIDTH="40" HEIGHT="23" WC="0.96" CONTENT="och"/><SP WIDTH="13" VPOS="1429" HPOS="576"/>
							<String ID="string_304" HPOS="589" VPOS="1430" WIDTH="65" HEIGHT="22" WC="0.95" CONTENT="äfven"/><SP WIDTH="9" VPOS="1430" HPOS="654"/>
							<String ID="string_305" HPOS="663" VPOS="1431" WIDTH="8" HEIGHT="22" WC="0.96" CONTENT="i"/><SP WIDTH="10" VPOS="1431" HPOS="671"/>
							<String ID="string_306" HPOS="681" VPOS="1431" WIDTH="150" HEIGHT="24" WC="0.93" CONTENT="betänkandet"/><SP WIDTH="11" VPOS="1431" HPOS="831"/>
							<String ID="string_307" HPOS="842" VPOS="1433" WIDTH="54" HEIGHT="23" WC="0.92" CONTENT="före-"/>
						</TextLine>
					</TextBlock>
				</ComposedBlock>
			</PrintSpace>
		</Page>
	</Layout>
</alto>
