986 1817
179 140 40 24 382

219 208 142 26 Domprosten
383 206 71 27 Borg
476 201 98 26 erinrade
594 208 32 19 att
645 206 106 22 utskottet
769 203 48 25 icke
832 206 7 21 i
855 203 37 25 det

151 241 79 22 minsta
248 240 77 22 ändrat
343 240 117 28 kejserliga
474 240 172 28 propositionens
660 240 83 28 lydelse
759 240 133 22 beträffande

152 276 130 21 terminerna
300 274 32 22 för
351 274 27 22 de
396 278 41 25 tre,
454 274 112 22 såkallade
582 274 107 22 ordinarie
703 274 189 22 kommunalstäm-

152 316 85 16 mornas
257 309 107 22 hållande.
394 309 64 21 Emot
476 308 57 22 hvad
553 311 87 26 prosten
659 308 100 29 Alopxus
780 309 61 22 såväl
856 308 36 22 vid

151 344 161 29 propositionen
327 350 45 15 som
392 344 115 22 utskottets
526 343 139 22 betänkande
680 343 47 22 haft
742 345 32 20 att
789 344 105 21 anmärka

152 378 134 23 beträffande
300 378 124 28 isynnerhet
438 378 153 29 utgiftstamuns
606 378 163 22 bestämmande
784 378 7 21 i
802 380 91 26 septem-

153 414 43 27 ber,
213 413 68 27 ansäg
297 412 33 28 sig
344 412 137 28 domprosten
496 413 53 21 böra
564 413 80 23 erinra,
659 415 31 19 att
705 412 142 28 utgiftstaxan
863 413 30 21 äf-

152 455 41 15 ven
208 448 7 21 i
231 447 119 28 december,
362 446 26 29 ja
402 447 29 28 pä
444 447 57 22 årets
515 449 92 26 yttersta
623 446 50 29 dag,
692 454 51 15 vore
759 447 88 28 omöjlig
862 449 32 20 att

152 483 28 27 pä
202 482 90 28 pricken
314 481 52 22 eller
388 481 166 28 totalbeloppets
574 488 126 21 noggranna
717 481 58 22 siffra
790 485 103 24 uppgöra.

153 516 67 22 Alltid
234 523 51 15 vore
299 515 142 29 nödvändigt,
458 518 31 19 att
503 515 33 22 för
551 515 141 22 förefallande
708 515 139 22 oförutsedda
857 517 36 20 be-

152 550 39 22 hof
210 550 68 22 under
300 550 36 21 det
357 549 129 22 kommande
508 550 46 21 äret
574 551 99 20 uttaxera
689 557 26 14 en
731 550 54 22 rund
801 557 91 22 summa,

153 592 46 15 som
213 585 8 22 i
236 584 124 29 uppbörden
375 584 124 22 förskottvis
515 585 57 27 finge
588 584 40 22 och
642 585 68 21 måste
725 585 58 27 ingå.
812 579 81 27 Ätmin-

153 622 61 20 stone
234 619 53 22 sade
306 619 83 21 talaren
406 619 34 27 sig
451 619 70 21 under
537 619 33 22 sin
584 621 54 19 nära
653 619 122 28 tjuguäriga
791 619 103 28 tjenstgö-

153 655 48 26 ring
216 660 45 15 som
275 653 128 22 ordförande
413 653 8 22 i
431 653 88 22 socken-
531 653 52 22 eller
592 653 218 22 kommunalstämma
820 654 74 27 hvarje

154 689 23 21 är
197 688 65 21 hafva
282 688 69 21 blifvit
366 690 94 25 tvungen
476 689 30 20 att
521 688 49 21 med
586 688 47 21 sina
648 689 131 20 socknemän
795 690 99 20 uttaxera

154 730 27 15 en
203 723 69 21 sädan
293 722 112 21 förskotts-
428 722 53 21 eller
501 729 156 15 reservsumma
675 722 40 21 och
731 722 86 23 säledes
832 723 63 22 alltid

153 757 122 21 föranlätits
289 759 97 25 uppgöra
402 755 41 22 den
457 755 137 22 kommunala
611 756 108 27 budgeten
734 757 7 20 i
757 756 77 28 sjelfva
848 764 47 15 ver-

153 792 38 20 ket
205 790 55 21 blott
275 790 167 28 approximatift.
471 791 33 20 De
520 791 24 20 af
556 791 137 27 vieepastoru
708 797 42 15 von
764 791 69 22 Essen
844 797 19 15 o.
875 798 19 14 a.

153 825 128 22 framhällna
303 825 100 27 farbägor
424 824 71 22 derest
517 825 167 27 ifrågavarande
703 825 102 22 terminer
823 826 72 21 blefve

153 859 104 28 fixerade,
279 859 71 21 kunde
371 859 83 21 talaren
474 859 18 27 ej
509 859 56 21 dela.
595 859 71 28 Något
681 859 91 22 allmänt
787 859 108 22 bestämdt

153 894 69 21 måste
237 900 26 15 en
279 893 203 28 kommunalstadga
496 893 33 22 för
542 893 50 22 hela
607 893 74 22 landet
697 894 63 21 äfven
776 894 30 21 uti
817 894 77 28 ifråga-

153 927 96 24 varande
265 927 101 22 afseende
381 927 120 28 innehålla;
522 927 183 22 ortförhållanden
721 928 39 21 och
776 931 66 19 annat
858 929 37 28 dy-

153 963 41 21 likt
212 963 36 20 må
265 961 68 22 sedan
349 961 45 22 deri
410 965 52 24 göra
477 962 74 22 hvilka
566 963 131 20 variationer
712 969 46 15 som
772 963 56 22 helst
842 963 54 22 nöd-

153 997 102 27 vändiga.
284 996 56 21 Ville
362 997 86 20 ståndet
469 996 19 28 ej
512 999 78 26 trygga
612 997 33 27 sig
664 997 33 21 till
718 997 57 21 hvad
792 997 103 23 utskotts-

154 1030 159 23 betänkandets
328 1032 91 26 yttersta
434 1033 93 19 moment
541 1038 50 21 pag.
607 1031 27 21 50
644 1031 98 28 tydligen
752 1031 144 22 tillförsäkrar

153 1065 75 28 hvarje
250 1065 100 21 kommun
372 1065 33 21 för
427 1065 42 28 sig,
491 1065 25 22 sä
534 1065 73 22 kunde
623 1065 36 22 det
673 1065 46 22 lilla
735 1065 61 22 ordet
813 1066 81 26 ,helst*

153 1099 88 22 framför
255 1099 75 27 hvarje
345 1099 25 21 af
382 1098 64 23 dessa
460 1099 102 22 terminer
575 1100 8 21 i
597 1106 65 21 mars,
677 1100 122 27 september
809 1101 38 21 och
860 1101 35 21 de-

155 1135 84 21 cember
254 1134 99 27 afhjelpa
368 1133 119 29 bekymret.
515 1134 113 22 Bestämdt
643 1135 139 21 reserverade
793 1135 33 27 sig
837 1135 57 22 dom-

153 1171 87 26 prosten
256 1170 57 20 emot
327 1168 112 21 införande
455 1168 24 22 af
489 1175 43 22 nya
547 1168 129 22 förändrade
692 1169 101 22 terminer
807 1169 8 21 i
827 1169 68 22 öfver-

155 1203 162 22 ensstämmelse
337 1203 49 21 med
405 1203 58 21 hvad
480 1203 211 27 landtdagsmannen
709 1204 100 27 Hagman
824 1205 7 20 i
846 1204 50 22 dess

155 1238 131 22 reservation
302 1244 63 21 pagg.
382 1238 32 27 65,
432 1238 25 21 66
473 1237 94 28 behagat
581 1237 86 23 föreslä.
813 1256 2 2 ;

220 1272 207 27 Kontraktsprosten
444 1272 79 22 Sirén
539 1273 69 27 ansåg
621 1272 85 22 landets
717 1272 179 23 naturförhällan-

155 1307 40 21 den
218 1313 52 15 vara
287 1303 27 25 sä
334 1306 68 28 olika,
422 1308 31 20 att
471 1309 15 19 t.
503 1313 32 15 ex.
555 1307 108 22 ordinarie
678 1307 218 22 kommunalstämma

154 1341 27 28 på
197 1347 26 15 en
239 1343 32 19 ort
286 1340 48 22 icke
349 1341 116 27 lämpligen
480 1341 73 21 kunde
568 1340 70 23 hållas
653 1341 7 21 i
676 1341 95 28 oktober,
783 1342 28 27 på
822 1349 26 14 en
859 1349 37 14 an-

154 1381 43 15 nan
215 1375 49 20 icke
281 1374 8 21 i
308 1374 113 22 december
434 1375 40 21 och
491 1376 28 26 på
535 1381 26 15 en
577 1374 69 28 tredje
662 1375 46 21 åter
723 1375 97 21 hvarken
835 1376 7 21 i
858 1376 37 21 ok-

154 1408 60 22 tober
230 1408 51 22 eller
295 1408 119 22 december.
443 1409 43 21 Det
500 1415 50 15 vore
565 1408 92 29 derföre,
675 1408 39 22 och
730 1409 91 22 emedan
836 1410 60 22 kom-

154 1450 78 16 munen
254 1443 7 21 i
283 1443 63 28 öfrigt
368 1443 84 22 undfått
474 1443 37 23 full
534 1443 64 23 frihet
620 1446 33 20 att
673 1444 82 22 handla
775 1444 53 23 efter
848 1445 48 23 sina
