992 1739
169 134 42 21 694

140 199 71 27 köpas
230 197 110 27 nemligen
359 196 56 21 ifrån
430 195 88 22 banken
534 195 49 21 med
598 194 87 22 landets
700 193 79 28 sedlar,
796 200 46 15 som
858 193 33 22 så-

140 233 68 21 lunda
223 231 68 22 blifva
305 230 116 27 indragne;
438 229 71 22 skulle
525 229 27 21 de
568 229 70 27 köpas
653 227 50 22 med
714 227 79 28 silfver,
806 227 25 22 så
841 234 52 15 vore

142 267 61 21 detta
222 272 39 15 ren
280 265 59 21 vinst
357 264 33 22 för
408 264 97 27 banken,
530 269 44 16 som
590 263 92 21 sålunda
698 262 71 22 blefve
783 263 7 20 i
806 261 87 22 tillfälle

142 303 33 19 att
197 300 102 27 utsläppa
321 299 96 21 deremot
439 297 108 22 svarande
570 297 90 21 dubbelt
679 297 79 27 belopp
778 297 24 20 af
815 296 78 21 sedlar.

142 335 103 21 Tvärtom
266 340 52 15 vore
339 333 36 22 det
393 333 8 21 i
417 331 101 22 enskilda
533 331 39 22 fall
588 331 18 28 ej
623 331 73 28 farligt
712 333 32 19 att
759 333 44 18 mot
819 330 28 21 de
863 332 31 19 ut-

142 369 96 22 ländska
260 367 150 27 fordringarne
433 366 83 28 utgifva
539 365 73 22 sedlar
631 365 7 21 i
659 372 84 15 samma
758 365 137 22 förhållande

144 403 29 28 (7:
190 402 43 29 15),
249 409 47 15 som
311 403 44 20 mot
371 401 69 22 silfret
455 401 6 20 i
478 401 99 21 bankens
592 400 68 27 hvalf,
677 406 48 15 men
742 399 28 22 då
781 399 64 22 dessa
857 399 38 21 fall

144 437 58 22 dock
223 437 70 21 måste
315 436 113 22 betraktas
450 442 45 15 som
518 434 173 28 undantagsfall,
711 441 64 15 anser
789 434 42 28 jag
846 433 50 22 med

144 472 107 22 utskottet
266 470 129 23 välbetänkt
411 472 32 20 att
458 470 121 22 inskränka
594 470 34 26 sig
643 469 32 21 till
692 468 96 28 besagde
805 468 91 22 fordrin-

144 513 51 21 gars
211 506 65 22 enkla
291 506 86 27 belopp.
406 505 85 21 Anlitas
508 505 47 21 åter
570 504 66 21 dessa
650 504 123 27 fordringar
786 503 33 22 för
830 505 67 19 annat

144 540 113 28 ändamål,
281 543 28 18 än
331 539 203 27 vexelförsäljning,
558 541 39 25 gör
619 538 36 21 väl
677 538 88 22 banken
788 537 108 22 likaledes

146 576 61 20 detta
228 574 120 28 ingalunda
370 573 33 22 för
423 574 64 26 intet,
510 575 52 19 utan
582 575 44 19 mot
647 572 121 28 ersättning
786 572 28 28 på
830 574 67 19 annat

145 611 53 25 sätt,
222 608 41 22 och
285 608 42 22 blir
349 608 92 22 sålunda
461 608 7 20 i
483 607 65 22 stånd
564 609 32 19 att
611 607 102 28 indraga,
731 614 34 14 om
781 607 25 21 så
820 606 78 28 nödigt

146 644 75 27 finnes,
237 642 154 22 motsvarande
406 641 79 29 belopp
501 642 25 21 af
538 642 49 22 sina
602 641 73 22 sedlar
689 648 24 15 ur
729 641 95 21 rörelsen
840 642 58 20 inom

145 678 82 21 landet.
257 677 64 21 Emot
341 676 205 28 kontraktsprosten
566 676 89 22 Helléns
670 676 87 28 yttrade
774 676 56 27 åsigt
846 675 52 22 nöd-

146 718 40 21 gas
203 712 42 28 jag
265 711 114 28 anmärka,
399 713 32 19 att
443 710 42 29 jag
500 711 45 21 helt
561 710 135 22 annorlunda
712 710 127 28 uppfattade
856 710 41 22 dis-

146 746 120 22 kussionen
284 746 7 20 i
310 745 105 21 utskottet
431 745 40 21 och
487 745 118 27 ordalagen
621 745 6 21 i
644 744 50 23 dess
710 744 140 22 betänkande
865 747 33 19 rö-

146 780 69 22 rande
231 780 155 27 konvertering
398 780 25 21 af
430 779 110 28 primitiva
550 779 92 22 fondens
654 779 123 29 tillgångar,
789 780 110 27 nemligen

147 816 32 26 sä,
190 817 32 19 att
232 814 153 22 relativsatsen
396 814 7 21 i
413 814 219 22 förhandenvarande
644 814 62 22 10:de
717 821 73 15 mom.:
803 832 8 8 ,
816 814 83 28 hvilka,

146 849 48 22 ifall
209 849 25 21 af
246 848 73 29 behof,
334 848 75 22 kunna
424 849 33 21 till
473 848 163 29 silfveruppköp
652 848 134 29 användas*,
802 849 50 21 icke
868 848 30 22 af-

147 890 35 15 ser
197 883 78 22 orden:
293 882 118 27 ,Finlands
426 883 241 28 hypoteksförenings*,
684 885 52 19 utan
751 883 27 22 de
789 885 110 20 närmaste

148 918 77 22 orden:
251 917 82 27 ,andra
351 918 66 21 säkra
435 917 161 22 räntebärande
614 918 165 28 obligationer",
795 918 105 21 hvarmed

148 952 139 28 naturligtvis
307 952 70 22 skulle
398 951 79 23 förstäs
497 952 100 28 pälitliga
611 952 115 22 utländska
741 952 158 29 värdepapper.

147 988 68 20 Detta
235 993 66 21 synes
320 986 63 21 äfven
399 986 26 21 af
437 986 118 22 utskottets
570 986 141 22 betänkande
726 994 50 20 pag.
794 988 25 20 13
836 994 62 14 mom.

148 1022 12 20 2
177 1020 186 29 (slutmeningen),
385 1020 38 22 der
442 1020 248 29 hypoteksföreningens
710 1021 72 21 sedlar
800 1021 100 22 förordas

148 1055 33 21 till
196 1054 94 28 inlösen,
306 1054 33 22 för
355 1057 31 19 att
403 1054 74 27 ,detta
487 1055 87 21 komme
584 1055 172 28 medelbarligen
768 1056 63 21 äfven
839 1055 60 28 jord-

148 1092 67 24 ägare
230 1088 113 28 tillgodo",
360 1089 39 21 och
416 1090 61 20 faller
491 1089 99 27 föröfrigt
605 1089 25 22 af
643 1090 33 27 sig
692 1090 58 28 sjelf,
766 1092 52 19 enär
831 1090 37 21 det
879 1090 19 28 ej

148 1124 62 20 torde
232 1122 57 22 fallit
311 1123 71 27 nägon
405 1124 22 20 in
446 1126 32 18 att
497 1130 53 15 anse
566 1123 69 21 andra
648 1124 67 20 bland
732 1124 65 21 dessa
812 1124 87 26 ,kunna

148 1157 33 21 till
204 1156 163 28 silfveruppköp
389 1158 133 27 användas*,
544 1160 28 19 än
587 1158 7 20 i
609 1158 64 21 bästa
693 1158 38 21 fall
746 1158 68 27 nägra
830 1158 22 21 fä
868 1158 32 22 för

148 1190 96 22 tillfället
270 1190 113 22 utlottade.
425 1191 49 21 Men
500 1192 77 21 såvida
599 1192 116 27 meningen
738 1192 73 21 kunde
835 1199 64 15 anses

148 1224 159 28 vilseledande,
324 1224 40 22 och
379 1224 116 28 förslagets
511 1232 59 21 gagn
585 1225 33 22 för
629 1226 147 27 jordbrukare
787 1234 53 14 vara
851 1227 48 21 allt-

147 1258 34 22 för
196 1258 103 28 indirekt,
316 1260 34 20 tar
361 1258 42 28 jag
417 1259 44 27 mig
477 1260 93 22 friheten
585 1260 90 28 föreslä,
690 1260 106 22 huruvida
806 1261 50 21 icke
867 1268 32 14 or-

148 1292 53 21 den:
223 1308 9 11 ,
237 1292 106 20 Finlands
363 1292 209 30 hypoteksförenings
592 1293 50 21 eller
662 1294 90 26 andra",
773 1294 46 21 från
839 1294 61 22 detta

148 1325 82 28 (10:de)
246 1327 95 19 moment
356 1326 73 21 kunde
445 1326 119 28 utstrykas.

215 1360 91 21 Prosten
321 1360 130 28 Alopzus:
467 1361 42 21 Till
525 1361 58 21 hvad
598 1361 57 22 förut
670 1362 71 22 blifvit
755 1363 85 28 yttradt
855 1366 45 19 mot

148 1394 166 28 bestämningen
334 1396 33 20 att
385 1394 110 28 primitiva
515 1395 93 22 fondens
629 1396 118 29 tillgängar
766 1398 65 22 skola
846 1398 53 22 kon-

146 1430 97 22 verteras
263 1428 34 23 till
316 1428 71 23 finska
405 1430 249 30 hypoteksföreningens
669 1432 160 24 räntebärande
845 1434 54 21 obli-
