989 1770
181 136 40 21 190

220 201 21 28 7)
258 201 41 21 den
315 200 33 22 12:
365 198 133 30 ,Föredrogs
513 200 153 28 lagutskottets
680 199 138 23 betänkande
834 198 7 23 i
855 207 37 14 an-

151 235 89 27 ledning
255 235 25 21 af
291 235 160 28 propositionen
465 242 34 15 n:o
515 236 33 27 23,
565 241 34 15 om
613 235 152 28 upphäfvande
776 234 24 22 af
811 234 82 28 indige-

152 272 120 20 natsrätten
286 270 33 21 för
332 270 133 21 läroständet
479 270 8 21 i
501 269 80 22 landet.
610 269 96 22 Bifölls.*

220 305 21 29 8)
259 305 41 21 den
313 305 31 22 15:
362 305 132 27 ,Föredrogs
505 305 170 22 statsutskottets
686 304 139 23 betänkande
836 311 34 15 n:o
882 306 11 20 2

152 341 7 22 i
179 340 118 27 anledning
317 339 24 22 af
357 340 60 21 Hans
437 339 122 28 Kejserliga
573 339 114 28 Majestäts
702 340 81 28 nädiga
798 340 96 28 proposi-

152 376 46 21 tion
216 374 113 28 angäende
347 375 93 22 revision
453 375 25 20 af
491 375 41 21 den
546 381 77 22 genom
638 375 81 28 nädiga
734 375 124 22 manifestet
873 375 24 21 af

153 410 42 22 den
215 411 12 20 9
247 409 55 29 april
320 410 54 22 1840
389 409 107 28 stadgade
512 410 131 27 omsättning
657 410 25 21 af
694 410 201 28 räntepersedlarne

153 445 7 21 i
175 444 80 22 landet.
287 444 105 28 Gillades,
406 444 49 21 med
471 444 36 21 det
520 444 77 28 tillägg
612 446 31 19 att
659 444 116 22 ständerna
791 444 7 22 i
811 444 37 22 sitt
858 451 38 15 un-

153 478 120 28 derdäniga
295 485 49 15 svar
365 479 29 27 pä
415 478 94 22 nämnda
532 478 80 28 nädiga
631 479 133 28 proposition
780 479 69 22 skulle
864 480 32 20 ut-

153 514 77 28 trycka
246 513 41 21 den
303 513 83 22 önskan
402 515 31 19 att
449 513 106 28 styrelsen
569 513 52 22 ville
635 513 46 21 läta
692 514 13 20 ä
715 515 64 21 nästa
791 513 106 28 landtdag

153 549 113 27 förelägga
286 548 116 22 ständerna
421 548 132 28 proposition
572 548 113 28 angående
699 548 152 28 jordskattens
866 548 31 22 af-

155 582 132 24 skaffande.*

222 618 22 29 9)
255 617 42 22 den
309 617 32 21 15:
358 616 133 29 ,Föredrogs
504 616 153 30 lagutskottets
667 618 139 22 betänkande
817 624 35 15 n:o
864 618 32 28 10,

153 653 8 23 i
176 652 118 28 anledning
309 652 24 22 af
343 652 61 22 Hans
418 652 123 29 Kejserliga
551 652 112 28 Majestäts
674 652 80 28 nädiga
764 653 134 29 proposition

155 688 112 28 angående
283 687 236 23 häradsnämndemäns
535 688 123 27 antagande
674 688 39 21 och
729 688 101 28 aflöning.
860 688 36 27 $1

155 726 86 25 antogs,
259 722 56 22 dock
329 722 50 22 med
394 722 41 22 den
451 722 92 28 ändring
557 724 32 20 att
604 722 79 22 minsta
698 723 84 21 antalet
792 723 24 21 af
822 725 75 19 nämn-

155 758 77 22 demän
248 757 7 21 i
273 756 74 28 hvarje
363 756 95 28 tingslag
472 756 123 22 bestämdes
611 756 32 22 till
654 756 42 29 sju;
715 758 8 26 $
739 758 8 20 2
758 757 139 28 godkändes;

155 793 13 26 8
179 793 12 21 3
202 791 99 28 gillades,
312 790 67 22 likväl
390 791 91 21 sålunda
491 793 32 19 att
533 791 75 22 åldern
618 791 33 21 för
660 792 114 21 valbarhet
784 792 32 21 till
824 794 74 19 nämn-

155 826 78 22 deman
252 825 134 23 fastställdes
405 825 32 21 till
455 826 92 27 tjuguett
563 826 32 27 är;
611 827 13 25 $
639 827 23 20 4:
677 826 7 21 i
700 826 64 22 ställe
779 826 32 22 för
826 826 72 22 denna

155 862 13 26 8
187 863 77 25 antogs
283 860 36 22 det
335 860 24 22 af
370 860 152 28 kyrkoherden
537 861 125 26 Rosengren
677 860 7 22 i
699 861 51 22 dess
765 861 133 22 reservation

155 895 136 22 framställda
305 895 82 27 förslag
401 895 33 21 till
450 895 121 27 stadgande
583 895 114 27 angäende
712 895 37 22 val
764 895 24 22 af
795 895 103 22 nämnde-

156 933 59 26 män;
232 931 27 26 $$
275 930 12 21 5
303 929 40 22 och
354 931 11 20 6
377 929 136 29 godkändes;
529 931 13 26 $
555 931 20 20 7:
591 930 154 27 lagutskottets
756 929 68 22 andra
835 930 63 22 alter-

156 965 60 22 nativ
231 965 32 21 till
279 964 70 22 denna
365 965 13 26 $
393 966 86 26 antogs,
496 964 56 22 dock
568 964 91 22 sålunda
675 966 32 20 att
721 965 7 21 i
744 965 66 22 slutet
825 964 25 23 af
856 964 42 23 för-

156 1002 35 21 sta
209 999 115 28 meningen
339 999 66 22 borde
421 999 91 22 emellan
529 999 65 22 orden
611 998 83 28 ,hvad*
711 999 40 22 och
768 999 129 28 ,särskilät*

155 1035 78 27 läggas
248 1033 61 23 ordet
324 1033 160 22 härförinnan.*

224 1068 36 29 10)
281 1067 42 22 den
343 1069 36 20 15:
401 1068 132 28 ,Föredrogs
549 1068 253 28 expeditionsutskottets
817 1069 83 28 förslag

156 1103 33 22 till
207 1103 105 22 Finlands
331 1103 98 22 ständers
445 1103 148 28 underdäniga
609 1109 48 16 svar
673 1103 13 22 ä
700 1103 61 22 Hans
776 1103 123 28 Kejserliga

156 1138 113 28 Majestäts
284 1137 81 28 nädiga
377 1137 133 28 proposition
525 1137 114 28 angäende
649 1137 26 22 fri
686 1137 212 28 spannmälshandel.

157 1172 106 28 Gillades;
284 1171 56 22 dock
358 1172 50 21 med
426 1171 37 22 det
478 1172 77 27 tillägg
569 1171 39 22 och
624 1171 42 22 den
681 1171 126 29 förändring
822 1174 32 19 att
867 1172 33 21 uti

157 1207 42 22 den
216 1207 7 21 i
238 1206 104 27 förslaget
357 1206 175 22 förekommande
547 1206 86 28 mening
649 1205 81 29 derom,
747 1208 32 20 att
794 1207 7 21 i
812 1207 88 27 vanliga

156 1241 39 22 fall
209 1241 30 22 tio
255 1241 24 21 är
293 1241 74 21 kunna
383 1240 86 29 förflyta
479 1243 52 20 utan
541 1241 112 28 missvext,
667 1241 88 22 framför
765 1241 135 22 sistnämnda

157 1275 38 22 ord
217 1276 76 28 lägges
313 1275 61 22 ordet
394 1275 157 27 ,allmännare*
571 1275 40 22 och
627 1277 31 20 att
673 1275 7 22 i
695 1276 64 22 ställe
774 1275 33 22 för
822 1275 27 22 de
864 1282 36 15 an-
922 1276 4 4 '

157 1309 84 27 gäende
260 1310 203 26 socknemagasiner
477 1310 7 20 i
498 1310 42 21 den
555 1310 94 20 svenska
664 1310 143 20 redaktionen
822 1310 25 20 af
858 1310 41 21 för-

157 1343 71 26 slaget
249 1342 129 28 begagnade
398 1342 66 22 orden
486 1343 49 26 ,det
555 1343 85 27 ocker",
659 1343 75 21 hvilka
752 1343 67 21 borde
837 1343 62 28 utgå,

157 1377 92 22 insättas
269 1377 66 21 orden
356 1376 55 28 ,den
427 1377 72 22 alltför
513 1377 57 27 höga
585 1379 76 20 ränta"
683 1379 55 20 samt
754 1379 31 20 att
800 1378 37 22 det
852 1378 49 22 kort

159 1411 93 22 derefter
273 1411 176 22 förekommande
472 1412 60 22 ordet
553 1411 142 30 ,bedrifves*,
715 1412 33 22 till
767 1412 55 29 följd
840 1412 65 23 deraf

157 1446 114 24 förändras
285 1446 34 22 till
335 1464 8 10 ,
348 1446 127 24 beräknas,"
