995 1728
172 132 26 20 58

145 198 39 20 des
202 197 69 27 jemte
295 195 36 21 det
353 201 50 22 nya.
433 194 48 21 Den
502 199 76 16 senare
597 191 86 28 åsigten
699 190 89 23 delades
803 196 89 16 numera

145 231 64 24 äfven
225 231 25 21 af
262 230 89 21 talaren.

212 265 91 22 Prosten
321 263 119 28 Alopeus
455 262 51 21 ville
522 261 57 22 fästa
592 261 37 22 det
643 259 136 29 högvördiga
794 259 98 22 ständets

146 298 191 31 uppmärksamhet
356 298 28 27 på
405 297 36 22 det
460 296 127 27 betänkliga
606 296 8 21 i
632 297 32 20 att
679 294 110 23 anbefalla
805 295 87 27 tjenste-

146 337 94 19 männen
261 335 31 19 att
310 332 54 21 efter
380 339 26 14 en
421 332 24 20 så
458 331 50 21 kort
523 331 32 21 tid
569 330 37 21 vid
621 329 150 27 debiteringen
787 329 40 21 och
841 335 53 21 upp-

146 368 83 23 vörden
251 367 25 21 af
295 366 217 21 kronoinkomsterne
530 364 143 27 ovilkorligen
692 364 101 27 begagna
809 363 26 21 de
851 370 44 20 nya

148 400 315 32 qvantitetsbestämningarne.
493 400 37 21 Att
545 398 125 29 genomföra
683 398 106 22 reformen
800 398 7 21 i
817 398 77 21 räken-

147 438 108 27 skaperne
277 435 72 22 blefve
371 434 125 29 isynnerhet
518 433 32 22 för
572 433 113 22 kamerala
707 433 130 28 tjenstemän
862 439 32 14 ar-

147 471 124 29 betsdrygt,
290 470 40 22 och
350 469 73 22 kunde
439 469 75 22 dervid
529 469 41 22 lätt
585 469 92 27 misstag
692 468 77 27 begås,
786 474 34 15 om
836 467 60 22 tiden

147 507 71 22 blefve
233 505 34 22 för
281 505 56 22 kort.
366 505 91 21 Prosten
472 505 70 26 ansåg
556 504 58 27 förty
629 503 36 22 det
681 503 53 22 böra
751 501 144 23 öfverlemnas

148 543 22 20 åt
191 540 105 29 styrelsen
315 541 32 19 att
362 539 121 22 bestämma
496 545 35 15 om
546 538 60 21 tiden
621 537 34 22 för
670 537 36 22 det
721 543 44 22 nya
780 539 115 26 systemets

148 575 157 28 obligatoriska
325 573 145 22 användande
490 573 36 22 vid
547 573 149 27 debiteringen
715 572 40 22 och
770 572 126 28 uppbörden

148 611 25 22 af
185 609 224 23 kronoinkomsterna.

216 645 90 21 Prosten
321 643 26 21 H.
363 643 105 22 Heikel:
484 643 82 21 Förrän
580 641 215 30 räntepersedlarnes
809 643 87 20 omsätt-

148 680 53 26 ning
220 679 8 21 i
249 677 95 28 enlighet
363 677 49 22 med
428 677 172 22 statsutskottets
616 676 139 22 betänkande
770 675 126 29 försiggätt,

148 714 77 27 borde,
242 713 67 27 enligt
325 712 43 22 min
384 712 77 28 tanke,
479 711 36 22 det
530 718 43 21 nya
589 713 104 26 systemet
708 710 18 28 ej
738 710 81 22 införas
830 710 8 22 i
848 710 48 22 kro-

148 754 56 16 nans
219 747 155 27 räkenskaper,
391 746 45 22 ifall
452 753 50 15 man
516 746 37 22 vill
568 745 97 23 undvika
679 746 79 21 trassel
773 745 39 22 och
823 745 73 21 oreda.
916 752 2 2 *

216 781 209 28 Kontraktsprosten
447 780 101 22 Hellön
571 780 70 28 ansäg
662 780 7 22 i
691 780 69 22 likhet
780 780 49 22 med
849 787 47 21 pro-

150 820 72 20 starne
242 816 101 28 Alopeus
364 816 39 21 och
424 816 78 21 Heikel
520 815 211 27 tidsbestämningen
747 814 81 27 ,redan
844 814 54 22 efter

148 852 68 22 första
237 851 58 22 årets
316 850 94 27 utgång"
431 850 7 21 i
455 852 11 19 7
482 856 62 16 mom.
561 850 104 27 olämplig
680 851 56 20 samt
751 848 94 29 föreslog
860 850 36 21 be-

149 886 137 27 stämningen
311 886 70 25 ,inom
404 885 69 27 tredje
496 885 66 21 äret.*
592 884 119 21 Anmärkte
726 884 72 21 tillika
814 886 31 19 att
861 884 37 21 det

150 920 71 27 dragit
240 921 23 20 ut
282 919 53 21 flere
355 919 23 21 är
393 919 66 21 innan
475 919 42 21 den
533 919 57 21 förra
601 919 149 27 jordebokens
767 919 130 21 bestämnin-

148 961 40 20 gar
203 953 73 22 kunde
291 953 23 21 in
329 953 61 28 praxi
407 953 143 26 genomföras.

217 987 125 22 Professorn
368 987 108 21 Geitlin
502 987 69 27 ansäg
593 989 88 25 prosten
704 987 90 22 Heikels
816 987 83 28 förslag

149 1021 154 27 välgrundadt,
325 1027 48 15 men
394 1021 58 21 svärt
473 1023 31 19 att
524 1021 128 27 verkställa,
669 1021 102 27 emedan,
786 1021 47 21 ifall
849 1021 50 21 med

149 1055 214 29 räntepersedlarnes
385 1055 132 28 omsättning
540 1055 65 27 droge
624 1057 23 19 ut
666 1056 7 20 i
689 1055 132 29 tillexempel
837 1056 61 27 tjugu

150 1092 29 26 är,
202 1090 83 28 följden
307 1089 71 22 blefve
401 1091 32 19 att
456 1089 36 22 det
514 1090 104 21 metriska
641 1092 104 26 systemet
765 1090 18 27 ej
803 1090 57 27 finge
876 1090 26 21 af

149 1125 175 27 tjenstemännen
346 1123 36 21 vid
406 1123 150 28 debiteringen
578 1124 41 21 och
639 1124 125 28 uppbörden
784 1123 25 22 af
820 1124 78 22 krono-

150 1159 148 20 inkomsterna
314 1158 122 26 användas,
448 1158 95 21 änskönt
554 1158 49 21 dess
614 1158 144 27 begagnande
769 1158 7 20 i
787 1157 111 23 allmänna

149 1192 97 22 rörelsen
270 1198 49 14 vore
343 1191 157 27 obligatoriskt.
530 1192 44 22 Det
594 1198 50 15 vore
661 1192 86 22 således
762 1192 136 28 nödvändigt

150 1228 32 19 att
203 1232 26 14 en
249 1226 44 21 viss
311 1225 41 28 tid,
371 1226 133 28 tillexempel
525 1226 37 21 två
577 1228 13 19 å
605 1228 32 20 tre
656 1226 29 28 år,
707 1226 116 28 fixerades,
840 1226 57 22 inom

150 1260 88 20 hvilken
258 1259 106 21 reformen
376 1260 83 26 jemväl
474 1260 67 20 borde
556 1260 109 27 tillämpas
682 1262 13 19 å
709 1260 96 21 kronans
821 1261 77 20 räken-

150 1293 85 27 skaper.

217 1326 209 29 Kontraktsprosten
449 1326 81 23 Sirén
552 1327 93 22 menade
667 1329 32 20 att
722 1327 27 22 de
771 1327 25 22 af
811 1330 88 26 prosten

149 1361 79 21 Heikel
244 1361 115 22 anmärkta
374 1361 164 27 svårigheterna
553 1362 75 21 lättast
643 1362 73 21 kunde
732 1361 117 30 undvikas,
864 1370 35 14 om

150 1396 45 29 det,
219 1396 72 22 såsom
313 1398 88 26 prosten
424 1396 100 28 Alopeeus
544 1396 121 29 föreslagit,
687 1397 172 23 öfverlemnades
875 1398 23 21 ät
