1070 1795
197 111 54 20 1126
409 116 179 21 Borgareståndet
599 118 55 17 1877.
678 118 22 17 11
712 117 101 18 Oktober.

194 185 48 21 sina
257 185 74 22 hästar
346 191 35 16 om
397 185 41 21 han
454 185 47 22 icke
515 186 101 22 behöfver
631 186 82 27 skjutsa
728 186 24 21 så
767 186 76 27 många
857 187 36 21 mil
906 193 33 14 om
953 187 67 26 dagen

194 213 40 22 och
255 216 32 19 att
307 214 41 21 han
364 214 78 21 derför.
458 215 57 21 också
530 215 85 21 fordrar
630 215 58 27 lägre
704 215 224 27 entreprenadsumma
943 217 27 19 än
985 221 34 15 om

194 241 43 22 han
252 242 40 21 har
308 243 36 20 det
359 243 122 26 åliggandet
496 244 28 26 på
539 244 32 26 sig
586 246 32 19 att
634 244 82 27 skjutsa
732 247 33 18 tre
780 243 36 22 mil
831 243 33 22 för
880 244 74 26 dagen,
967 243 52 22 hvil-

194 271 43 25 ket,
253 277 34 14 om
304 271 34 21 det
354 271 98 28 dagligen
466 271 117 28 fortsättes,
600 272 137 27 ovilkorligen
753 271 42 22 blir
809 273 33 20 för
857 274 62 25 tungt
934 273 39 21 och
983 279 36 15 an-

193 300 129 26 strängande
338 299 34 22 för
387 306 25 15 en
428 301 71 26 vanlig
516 301 55 21 häst.

262 368 57 22 Herr
338 369 24 20 E.
378 369 101 27 Bergh:
495 369 40 28 Jag
550 370 39 21 ber
604 370 96 21 deremot
715 372 33 19 att
763 369 21 22 få
799 369 87 22 förorda
901 369 117 22 betänkan-

194 397 42 21 det.
266 397 41 27 Jag
322 403 63 15 anser
400 399 32 20 att
447 400 171 25 entreprenören,
634 404 45 16 som
696 398 133 27 naturligtvis
845 398 71 22 fodrar
928 399 31 21 sin
971 399 48 21 häst

193 426 49 21 med
265 426 66 25 hafre,
354 426 46 22 icke
423 426 65 22 borde
507 427 63 21 hafva
586 428 23 20 så
624 427 70 27 dåliga
709 428 74 20 hästar
798 430 31 18 att
845 428 26 20 de
886 428 46 20 icke
947 428 71 20 kunna

193 455 28 26 gå
240 456 27 19 ut
282 456 78 19 tvenne
376 455 83 26 gånger,
475 455 60 21 äfven
552 462 34 15 om
602 456 107 21 afståndet
724 458 25 18 är
764 463 45 14 mer
825 457 26 20 än
867 461 26 16 en
909 455 42 22 mil.
982 456 38 21 Ett

194 483 120 26 antagande
329 483 23 22 af
366 483 111 22 Professor
492 484 74 21 Cleves
582 485 129 21 reservation
728 484 69 21 skulle
813 485 75 20 endast
899 486 68 25 öppna
977 484 42 21 till-

192 511 51 22 fälle
258 511 34 21 för
307 511 85 28 dagliga
406 513 109 26 prejerier,
531 513 89 21 emedan
635 519 49 15 man
700 513 28 21 då
744 513 67 21 skulle
826 513 21 21 få
862 513 113 26 anledning
987 515 32 19 att

192 539 51 27 höja
264 540 132 27 skjutslegan
420 541 31 20 till
473 541 6 21 3
495 542 61 21 mark
571 543 27 20 20
613 548 28 21 p.,
657 542 81 21 hvilket
754 542 40 21 den
817 541 76 22 blifver
914 541 24 21 så
961 545 58 17 snart

192 575 98 15 reserven
306 569 68 21 måste
389 569 101 26 påkallas.
808 580 5 4 E

262 632 55 21 Herr
339 632 159 22 Ahlström:
521 633 41 26 Jag
585 633 78 21 önskar
686 633 84 21 biträda
785 633 56 20 Herr
856 633 92 21 Kurtöns
963 633 56 27 äsigt

193 660 88 22 emedan
299 660 37 27 jag
351 663 47 18 tror
412 663 32 19 att
459 668 25 15 en
501 661 54 26 häst,
571 668 45 15 som
632 662 55 21 skall
702 661 82 27 skjutsa
800 664 32 18 tre
849 662 36 21 mil
900 668 33 15 om
950 662 67 26 dagen

192 701 20 3 —
228 689 40 21 och
284 689 76 21 sådant
375 689 40 21 kan
432 690 84 21 inträffa
531 691 50 20 flere
597 691 65 25 dagar
677 691 13 20 &
705 691 39 20 rad
762 703 16 2 —
790 691 24 20 är
828 690 122 21 förderfvad
965 691 54 20 efter

192 718 41 25 tvä,
257 720 33 19 tre
313 718 83 27 veckor,
418 725 48 14 man
489 719 34 20 mä
545 725 28 14 nu
588 719 65 21 sedan
669 719 61 21 fodra
746 719 39 20 den
802 719 48 20 med
866 719 53 21 huru
935 719 83 27 mycket

191 746 61 21 hafre
267 752 45 15 som
328 746 61 22 helst.

260 809 56 22 Herr
338 810 121 21 Kurtén:
475 811 41 26 Jag
531 811 58 21 inser
603 811 45 21 icke
664 811 87 21 hvarför
766 810 106 27 påföljden
888 811 129 26 nödvändigt

191 837 69 22 skulle
282 845 50 14 vara
356 839 46 24 den,
426 845 45 16 som
494 839 56 22 Herr
565 840 25 21 E.
605 839 70 27 Bergh
697 840 107 21 förutsett.
835 839 41 27 Jag
898 839 119 21 föreställer

190 866 43 27 mig
249 873 25 14 en
290 873 69 15 annan
376 867 85 28 påföljd.
491 868 40 21 Om
547 871 30 18 ett
593 868 75 21 sådant
684 868 117 27 stadgande
817 874 45 15 som
878 868 36 21 det
929 867 23 22 af
965 867 51 22 Pro-

190 894 70 22 fessor
282 895 62 22 Cleve
361 896 120 27 föreslagna
496 897 77 21 införes
589 897 7 21 i
611 897 159 26 författningen,
787 897 23 20 sä
825 896 95 21 kommer
935 895 82 22 Guver-

190 925 74 24 nören,
288 927 32 18 att
342 925 33 20 vid
398 925 158 22 fastställandet
571 925 24 22 af
608 925 80 21 antalet
704 925 74 21 hästar
794 925 27 26 pä
836 925 179 27 gästgifverierne,

191 952 42 21 öka
248 953 60 21 detta
323 953 59 21 antal
397 953 35 21 vid
448 954 79 21 sådana
543 954 152 27 gästgifverier,
712 955 38 20 der
765 955 78 25 vägens
859 953 63 27 längd
938 955 24 20 är
972 959 45 15 mer

190 982 26 19 än
240 987 26 15 en
289 981 42 27 mil,
356 983 87 20 emedan
467 983 40 20 han
531 984 67 20 mäste
621 983 115 21 förutsätta
755 984 32 19 att
803 982 99 21 hästarne
917 982 38 21 der
971 982 45 21 icke

189 1009 73 22 kunna
284 1012 51 25 göra
358 1017 45 14 mer
422 1013 26 19 än
465 1018 24 14 en
506 1011 68 26 skjuts
590 1011 103 27 dagligen.
724 1011 95 26 Antages
834 1011 47 21 åter
896 1011 120 21 Utskottets

189 1037 87 28 förslag,
299 1039 23 20 sä
337 1039 130 22 bestämmer
481 1039 138 22 Guvernören
635 1042 31 19 ett
681 1040 84 21 mindre
781 1039 59 22 antal
856 1040 72 21 hästar
943 1039 27 27 pä
986 1042 30 18 ett

189 1066 77 22 sådant
280 1068 127 26 gästgifveri.

259 1131 54 20 Herr
327 1131 119 21 Jansson:
462 1131 71 22 Jemte
549 1131 36 21 det
597 1131 36 27 jag
648 1131 87 22 förenar
751 1131 42 26 mig
809 1132 5 20 i
831 1131 56 21 Herr
902 1131 24 20 E.
935 1131 82 26 Berghs

189 1159 123 26 anförande,
327 1159 38 21 ber
378 1160 36 26 jag
430 1162 32 19 att
478 1162 57 19 emot
551 1161 56 20 Herr
621 1160 83 21 Kurtön
720 1160 22 21 fä
757 1160 108 24 anmärka,
881 1161 33 20 att
924 1166 33 14 om
968 1166 48 14 man

188 1187 116 22 fastställer
326 1188 36 21 det
377 1189 6 20 i
400 1189 157 21 reservationen
573 1189 120 26 föreslagna
708 1189 109 21 afständet
833 1188 40 21 och
889 1188 41 25 det,
946 1188 69 21 säsom

188 1217 56 21 Herr
260 1217 82 21 Kurtén
358 1219 53 24 sagt,
428 1217 71 21 derför
514 1217 69 22 skulle
599 1217 65 21 blifva
679 1217 76 27 nödigt
770 1219 32 19 att
815 1217 42 21 öka
867 1217 150 26 skjutshästar-

189 1251 37 15 nes
251 1245 64 26 antal,
336 1246 24 21 sä
375 1245 96 22 kommer
486 1246 36 21 det
537 1249 33 18 att
585 1247 6 20 i
608 1246 102 27 väsentlig
726 1246 50 21 män
792 1246 40 20 öka
848 1248 79 23 tungan
943 1246 32 21 för
991 1246 26 21 de

187 1274 234 27 skjutsningsskyldige.
452 1274 107 27 Föröfrigt
574 1277 44 19 tror
631 1275 37 26 jag
684 1275 36 21 det
736 1274 68 21 finnas
816 1274 81 26 ganska
909 1274 21 21 fä
940 1274 77 21 ställen

186 1303 7 20 i
209 1303 80 24 landet,
312 1303 38 21 der
372 1303 107 21 afständet
493 1303 175 27 gästgifverierna
684 1303 92 22 emellan
791 1303 47 21 icke
853 1305 63 24 utgör
932 1309 43 15 mer
991 1306 25 17 än

187 1337 27 15 en
229 1331 43 21 mil.
303 1331 39 21 Om
358 1338 49 14 1aan
422 1334 89 24 antager
526 1332 164 25 reservationen,
706 1333 25 20 sä
747 1331 68 21 skulle
831 1338 49 14 man
896 1331 7 21 i
918 1332 39 20 och
969 1332 47 20 med

188 1360 120 21 detsamma
330 1360 90 21 faktiskt
442 1360 106 27 upphäfva
571 1360 47 22 hela
642 1360 129 26 stadgandet
793 1366 35 14 om
851 1360 119 27 skyldighet
985 1362 32 18 att

189 1388 86 27 skjutsa
294 1391 75 19 tvenne
384 1388 87 28 gänger,
487 1389 39 21 och
541 1389 48 22 med
605 1389 39 21 den
660 1388 150 22 modifikation
826 1388 7 21 i
848 1389 107 26 hastighet
971 1395 45 14 som

824 1417 3 4 E
1002 1417 13 10 n

185 1418 115 21 Utskottet
321 1417 116 27 föreslagit,
460 1420 46 19 tror
525 1418 38 27 jag
586 1418 39 21 den
640 1417 82 22 dubbia
738 1417 147 27 skjuisningen
900 1417 47 22 icke
962 1417 55 21 skal

186 1447 67 21 blifva
268 1447 156 26 ansträngande
440 1445 33 22 för
489 1447 80 20 hästen.
599 1447 40 26 Jag
655 1449 34 19 vet
705 1446 115 26 bestämdt,
838 1448 33 19 att
881 1447 136 25 entreprenö-

188 1482 35 15 mn
248 1475 39 21 här
303 1475 6 20 i
324 1475 133 26 Helsingfors
479 1475 56 22 vissa
557 1475 55 22 tider
634 1475 56 26 gjort
713 1476 37 20 två
773 1475 70 26 någon
859 1475 55 26 gång
929 1474 31 21 till
977 1474 40 21 och

185 1505 50 20 reed
252 1506 32 19 tre
299 1503 92 26 skjutser
406 1504 6 21 i
428 1504 78 27 dygnet
521 1503 40 22 och
576 1503 52 22 hans
644 1504 74 21 hästar
734 1503 65 22 hafva
815 1503 54 22 dock
884 1503 7 21 i
901 1503 116 22 allmänhet
