1070 1795
294 129 178 21 Borgareståndet
485 129 54 18 1877.
558 129 25 17 81
596 128 98 18 Oktober.
853 120 54 21 1545

78 197 44 22 och
137 204 29 15 nu
181 199 72 20 senast
268 197 91 22 berörda
374 197 23 22 af
411 197 56 22 Herr
482 197 104 22 Lindelöf.
616 197 10 21 I
642 197 52 26 följd
710 196 60 21 deraf
783 194 68 23 skulle
864 194 44 27 jag,

81 228 52 19 utan
156 227 32 20 att
209 232 28 15 nu
260 232 95 21 upprepa
376 226 57 21 hvad
454 226 22 21 af
489 226 62 21 dessa
566 225 68 22 talare
650 225 66 22 redan
731 224 69 22 blifvit
814 224 7 21 i
837 225 72 20 ämnet

80 254 88 28 yttradt,
190 255 116 20 inskränka
324 255 43 27 mig
381 254 33 22 till
430 257 32 19 att
477 255 78 21 föreslä
571 261 27 15 en
612 254 68 21 sädan
696 252 175 27 omformulering
887 251 24 22 af

82 283 140 22 förevarande
243 285 99 24 moment,
365 285 33 20 att
420 283 37 22 det
478 283 85 22 komme
586 285 32 19 att
640 283 49 27 lyda
706 282 88 27 ungefär
809 280 99 23 sälunda:

83 313 46 23 »att
144 311 254 22 elementarläroverkens
412 311 230 28 undervisningsspräk
656 311 36 22 vid
706 310 160 22 skolväsendets
876 315 33 16 re-

79 340 148 27 organisation
250 341 67 21 måtte
338 340 33 22 för
390 340 115 22 framtiden
523 341 129 21 bestämmas
668 339 48 22 med
731 339 99 21 afseende
845 339 13 20 ä
873 338 37 21 det

82 369 33 26 sig
136 369 122 22 företeende
282 369 212 28 bildningsbehofvet,
516 371 55 20 samt
592 371 32 19 att
645 369 13 21 &
676 370 64 24 orter,
756 367 37 22 der
803 366 106 22 blandade

82 397 215 27 spräkförhällanden
319 398 52 22 räda
394 398 40 22 och
456 398 37 22 tvä
508 397 99 23 läroverk
622 397 44 21 visa
681 397 33 27 sig
729 402 51 16 vara
795 395 24 22 af
832 395 77 25 nöden,

83 426 73 22 skolor
170 427 48 21 med
234 426 114 22 hvartdera
360 427 23 21 af
392 427 26 21 de
427 426 112 22 inhemska
549 426 136 27 tungomälen
696 426 34 22 till
739 424 171 26 undervisnings-

82 455 67 26 språk
170 455 68 22 måtte
255 455 178 27 upprätthållas".
463 455 76 22 Denna
557 455 137 26 formulering
710 454 200 21 öfverensstämmer

83 483 8 21 i
113 483 119 22 hufvudsak
254 484 48 21 med
324 484 41 21 den
387 483 87 28 lydelse,
490 490 45 15 som
555 483 157 27 Ridderskapet
730 482 39 22 och
785 481 68 22 Adeln
869 481 42 27 gif-

84 512 31 21 vit
137 513 23 21 åt
181 513 162 26 ifrågavarande
366 515 95 19 moment
476 513 35 21 vid
533 512 130 27 behandling
677 512 23 21 af
714 511 145 27 föreliggande
873 510 38 21 be-

85 541 114 22 tänkande.

153 569 110 28 Derjemte
278 569 79 22 tillåter
370 570 38 27 jag
422 569 45 28 mig
481 569 70 26 äfven,
567 569 7 21 i
589 569 68 22 likhet
672 569 48 21 med
735 568 55 21 hvad
805 568 38 21 hos
858 567 53 22 Rid-

84 598 115 27 derskapet
221 598 40 22 och
283 598 68 22 Adeln
374 601 36 24 egt
429 605 53 19 rum,
503 598 79 21 föreslå
598 600 31 19 ett
644 597 178 27 tilläggsmoment
837 596 23 21 af
872 596 39 22 föl-

83 627 66 26 jande
163 627 92 27 lydelse:
287 629 46 23 att
348 627 36 21 det
400 627 34 21 för
448 627 74 27 hvarje
537 627 117 21 elementar
664 626 98 21 läroverk
773 625 138 22 härförinnan

86 655 110 22 bestämda
212 655 39 22 och
267 661 29 16 nu
310 655 124 28 begagnade
449 655 229 28 undervisningsspråk
693 655 46 21 icke
749 655 34 21 må
793 653 118 26 förändras,

85 690 49 15 men
149 684 72 27 hvarje
235 685 77 20 sådant
326 684 104 27 läroverk,
446 691 47 15 som
508 685 7 20 i
528 684 51 27 följd
595 684 22 21 af
632 684 53 21 brist
700 683 27 27 på
742 683 96 27 lämpligt
853 683 59 21 antal

85 712 70 22 elever
170 713 54 21 visat
240 713 33 26 sig
286 713 48 21 icke
348 713 108 27 uppbäras
472 713 24 22 af
509 715 31 20 ett
555 712 93 28 verkligt
663 711 177 28 bildningsbehof,
853 711 59 22 klass

87 741 55 22 efter
156 741 58 22 klass
230 742 116 27 indragas*.
369 742 66 21 Detta
450 743 101 25 moment,
568 748 46 15 som
630 741 77 22 saknar
722 740 29 22 all
762 739 150 28 motsvarighet

84 769 9 22 i
105 770 147 21 betänkandet
267 770 68 21 skulle
348 770 38 28 jag
400 770 80 22 föreslå
495 773 32 19 att
542 770 70 22 blefve
628 770 102 27 inskjutet
744 769 53 22 efter
810 775 63 15 mom.
884 769 27 27 c).

154 827 56 22 Herr
232 827 162 22 Ahlström:
424 828 41 26 Jag
487 828 39 21 ber
548 829 33 20 att
598 827 7 22 i
620 827 43 22 allo
679 827 22 21 få
716 827 73 21 förena
805 826 43 27 mig
863 826 49 21 med

86 855 56 22 Herr
156 855 80 28 Nystén
252 857 6 20 i
274 856 148 28 tillstyrkande
438 857 23 20 af
474 857 125 21 Utskottets
613 856 143 22 betänkande.

153 913 57 21 Herr
230 913 178 27 Tengström:
439 913 51 22 Med
511 913 36 22 det
562 913 162 27 ifrågavarande
740 913 115 21 momentet
870 911 43 22 för-

86 941 69 22 håller
170 942 32 26 sig
217 941 88 27 ungefär
320 941 95 27 sålunda,
432 944 32 20 att
479 942 161 21 föreskrifterna
655 942 8 21 i
678 942 40 21 den
734 947 75 16 senare
819 941 61 21 delen
890 941 24 21 af

85 970 118 21 detsamma
226 976 52 21 sopa
300 970 47 27 igen
369 971 162 21 föreskrifterna
549 971 8 21 i
577 971 36 21 det
628 971 134 26 föregående.
792 969 46 22 Här
852 971 61 25 säges

84 998 64 22 först:
164 999 261 27 ,undervisningsspråket
440 999 55 22 skall
511 1000 6 20 i
533 999 114 22 framtiden
663 999 128 22 bestämmas
807 998 54 21 efter
877 998 36 21 det

84 1027 34 26 sig
132 1027 122 22 företeende
269 1027 225 28 bildningsbehofvet*,
511 1035 47 14 men
574 1030 62 19 nästa
651 1028 112 27 ögonblick
773 1027 88 21 kullsläs
872 1027 41 21 den

84 1056 84 26 åsigten
183 1056 7 21 i
205 1057 74 26 grund,
294 1056 27 21 då
337 1057 36 21 det
388 1057 72 26 följer:
477 1063 60 18 ,,som
553 1057 40 21 ock
608 1057 7 20 i
631 1055 218 23 öfverensstämmelse
864 1055 49 26 med

86 1084 37 21 det
145 1085 70 26 språk,
238 1091 46 15 som
308 1085 36 21 det
366 1088 59 19 stora
446 1085 94 22 flertalet
558 1085 23 22 af
594 1085 41 22 den
651 1085 159 28 kringliggande
826 1083 87 28 nejdens

85 1112 123 28 befolkning
231 1113 72 22 talar”.
333 1114 62 21 Huru
418 1116 24 19 är
465 1114 38 21 det
525 1114 83 27 möjligt
630 1116 32 19 att
680 1114 74 21 förena
769 1114 61 21 dessa
846 1113 67 27 begge

85 1142 188 27 omständigheter,
296 1142 24 21 så
334 1142 64 22 framt
413 1143 48 21 icke
477 1143 27 21 de
520 1143 211 26 bildningssökandes
748 1142 40 22 och
803 1141 37 22 det
855 1144 58 19 stora

85 1169 93 23 flertalet
200 1171 22 20 af
249 1171 41 21 den
315 1171 145 27 kringboende
491 1171 161 27 befolkningens
674 1171 64 27 språk
760 1169 153 23 sammanfalla.

85 1199 62 22 Råka
170 1199 26 22 de
218 1205 50 16 vara
291 1199 47 22 från
361 1199 120 22 hvarandra
505 1199 119 27 afvikande,
640 1201 24 20 så
679 1203 35 18 vet
726 1200 38 27 jag
779 1199 135 26 sannerligen

86 1228 49 21 icke
156 1227 56 22 huru
234 1227 75 28 frågan
325 1228 54 21 skall
396 1229 91 26 afgöras.
519 1229 43 21 För
578 1229 41 21 min
636 1229 34 20 del
686 1229 67 21 måste
765 1228 43 27 jag,
824 1227 7 21 i
846 1227 68 21 likhet

85 1256 49 21 med
149 1256 56 21 hvad
221 1257 67 20 under
303 1257 39 21 den
358 1257 108 21 allmänna
483 1257 147 22 diskussionen
646 1257 65 21 redan
727 1257 68 21 blifvit
809 1255 105 27 klarligen

84 1285 136 28 ådagalagdt,
235 1291 51 16 anse
301 1285 40 22 den
356 1285 58 22 förra
429 1285 95 28 punkten
539 1292 53 15 vara
607 1286 41 21 den
663 1287 57 20 rätta
735 1285 39 22 och
786 1285 53 21 böra
851 1284 64 21 hafva

85 1313 114 22 företräde.
229 1314 39 21 Att
283 1313 73 22 förena
371 1315 48 20 dem
436 1314 55 21 båda
507 1316 24 19 är
546 1317 33 19 att
593 1314 74 21 förena
682 1314 34 21 eld
732 1315 38 20 och
781 1315 74 20 vatten
866 1313 49 22 med

85 1341 126 22 hvarandra.
240 1342 62 22 Skall
322 1343 84 21 således
424 1343 58 21 förra
504 1343 61 21 delen
581 1343 24 21 af
618 1345 116 19 momentet
751 1342 124 25 bibehållas,
891 1342 24 21 sä

85 1370 41 21 bör
147 1376 75 16 senare
244 1370 61 23 delen
327 1370 47 23 från
396 1371 41 22 och
453 1372 49 21 med
518 1372 66 21 orden
601 1377 59 20 ,,som
676 1371 39 22 ock
730 1371 7 22 i
753 1370 161 23 öfverensstäm-

85 1399 79 21 melse*
181 1400 57 26 utgå,
254 1399 90 22 likasom
366 1401 62 20 äfven
444 1400 63 22 ordet
523 1400 83 28 ,säväl*
621 1401 8 20 i
645 1401 36 21 det
695 1400 134 28 föregående.
858 1399 56 22 Herr

85 1427 87 28 Nystén,
187 1435 45 14 som
248 1429 103 26 tillstyrkt
366 1429 61 21 detta
442 1432 106 19 moments
563 1429 120 26 antagande
698 1429 38 21 har
752 1429 71 21 säkert
835 1427 80 28 åsyftat

83 1458 36 19 att
138 1457 41 21 den
197 1457 68 21 första
281 1457 61 22 delen
358 1457 22 22 af
394 1459 119 20 momentet
529 1458 69 21 skulle
612 1458 58 27 utgå.
699 1458 42 21 Det
756 1457 23 22 af
793 1457 56 21 Herr
860 1456 55 21 Höc-

85 1485 49 21 kert
156 1485 114 22 förordade
293 1485 98 28 tillägget
414 1492 63 16 anser
497 1487 39 27 jag
552 1487 52 21 böra
616 1488 77 25 utgöra
708 1488 32 20 ett
755 1485 100 22 särskildt
870 1491 44 16 mo-

85 1516 61 19 ment
160 1514 40 22 och
213 1514 49 22 icke
275 1514 51 27 ingå
342 1515 7 21 i
365 1515 61 22 detta
440 1517 103 20 moment.
