1070 1795
169 137 54 20 1358
388 140 178 22 Borgareståndet
579 141 54 18 1877.
657 141 26 17 25
696 140 97 18 Oktober.

167 211 70 21 vilkor
260 210 95 22 bedrifva
378 217 24 14 en
427 211 65 21 sådan
513 211 81 26 näring.
625 210 95 22 Sålunda
735 210 136 21 föreskrifves
887 212 31 19 att
934 209 58 22 bevis

167 239 54 22 skall
244 239 78 22 företes
346 239 56 22 öfver
425 240 41 27 god
491 239 60 27 frejd,
575 239 85 27 myndig
680 239 60 22 ålder
762 245 26 15 m.
804 239 21 20 fl.
841 237 152 28 stadganden
980 233 17 38 i

167 274 82 15 samma
272 267 60 28 syfte.
362 268 55 21 Herr
440 268 123 27 Tengström
587 268 38 21 har
648 268 99 21 anmärkt
769 270 32 18 att
820 268 61 21 ordet
897 267 95 26 ,styrke"

167 297 39 20 här
229 297 47 21 icke
295 303 50 14 vore
364 297 129 26 tillräckligt.
524 297 47 21 Han
589 297 75 26 drager
680 297 5 20 i
703 296 131 27 tvifvelsmål,
849 296 54 21 huru
918 302 26 15 en
960 295 33 22 så-

168 325 41 21 dan
232 325 114 26 utredning
362 325 54 21 skall
432 325 165 22 åstadkommas.
628 326 41 20 Det
684 327 25 19 är
725 325 44 21 helt
785 325 71 21 enkelt
871 331 74 20 genom
961 326 32 19 ett

168 354 107 26 protokoll
300 354 59 21 öfver
374 354 115 21 verkställd
505 354 65 21 sådan
587 354 105 26 anmälan,
708 360 46 15 som
770 355 5 20 i
792 355 115 20 momentet
923 355 11 19 2
951 353 41 21 for-

168 383 55 21 dras.
255 383 46 21 Den
325 383 96 26 pröfning
438 389 44 15 som
498 383 32 21 för
546 383 63 26 öfrigt
624 383 38 20 här
678 385 24 19 är
718 383 6 20 i
740 383 65 26 fråga,
821 382 125 21 inskränker
961 382 32 26 sig

167 411 57 22 blott
248 411 32 21 till
304 414 31 19 att
353 411 74 27 pröfva
442 411 104 22 huruvida
562 412 80 21 beviset
658 414 23 18 är
697 412 23 21 så
737 411 119 22 beskaffadt
871 418 44 14 som
932 412 61 25 lagen

169 440 143 25 föreskrifver,
336 440 38 21 och
398 441 59 20 detta
480 441 41 20 kan
545 441 65 26 enligt
635 441 41 20 min
700 440 135 27 uppfattning
851 440 105 21 anförtros
971 439 22 20 åt

168 468 87 21 hvilken
278 469 126 26 tjensteman
426 475 45 15 som
494 469 61 21 helst.
577 481 22 3 —
618 469 42 21 Det
676 471 23 19 är
715 469 98 21 anmärkt
827 471 33 19 att
875 468 67 26 någon
959 468 35 21 be-

169 499 105 19 svärsrätt
296 497 38 21 här
357 497 46 22 icke
426 499 24 20 är
472 497 144 26 föreskrifven,
642 504 46 14 men
710 504 33 14 om
760 504 25 15 en
801 498 125 26 tjensteman
942 498 51 19 utan

170 525 45 22 skäl
232 525 69 22 skulle
316 527 65 26 vägra
396 528 32 19 att
444 527 113 25 godkänna
572 533 25 14 en
613 527 65 20 sådan
694 526 106 26 anmälan,
817 527 23 20 så
856 527 38 20 har
909 526 40 21 den
960 527 32 19 sö-

169 555 71 20 kande
264 557 68 24 öppen
356 557 43 19 rätt
414 557 32 19 att
463 555 96 21 deröfver
575 554 74 22 anföra
665 555 78 26 klagan
759 555 38 21 hos
813 556 137 25 guvernören,
966 553 27 27 på

169 589 82 16 samma
274 585 48 23 sätt,
344 589 45 15 som
413 584 60 21 äfven
495 583 7 21 i
521 584 63 26 öfrigt
599 585 23 20 är
638 583 135 22 föreskrifvet
789 590 33 15 om
839 583 27 22 fel
881 583 6 21 i
903 583 90 26 tjensten

169 612 40 21 hos
224 612 168 27 kronobetjente.
416 613 75 26 Någon
507 619 81 19 censur,
604 619 44 14 som
665 613 55 20 Herr
736 612 69 27 Bergh
818 612 107 27 behagade
936 613 57 26 yttra

170 641 32 26 sig
225 643 24 19 är
274 641 38 20 här
335 641 46 20 icke
400 641 79 26 afsedd,
495 643 51 19 utan
562 641 75 21 endast
653 641 142 21 befordrande
811 641 22 22 af
847 641 41 26 god
905 640 88 26 ordning

170 669 40 21 och
226 669 78 22 allmän
320 669 104 22 säkerhet.
440 670 42 21 Det
497 672 24 19 är
537 670 87 21 nämndt
640 676 33 15 om
690 672 33 19 att
739 670 68 21 denna
817 669 98 22 anmälan
926 669 67 21 skulle

170 705 51 14 vara
244 698 120 27 nödvändig
387 699 74 20 endast
480 699 6 20 i
503 699 131 20 statistikens
650 699 96 20 intresse.
777 699 40 26 Jag
833 701 45 18 tror
894 698 52 21 dock
962 699 31 19 att

170 727 41 27 god
234 727 89 26 ordning
346 727 39 21 bör
408 727 61 21 hafva
492 727 107 22 företräde
617 727 88 22 framför
721 727 128 21 statistiken.
880 727 113 21 Dessutom

170 757 31 23 är,
217 756 66 26 enligt
298 756 43 20 min
357 756 61 27 åsigt,
435 763 25 14 en
476 756 65 21 sådan
557 756 105 26 anmälan,
679 762 45 15 som
741 756 64 27 enligt
820 756 121 21 Utskottets
952 755 42 20 för-

170 784 46 26 slag
240 784 67 21 skulle
323 784 85 21 komma
423 784 5 21 i
444 785 65 26 fråga,
525 785 33 21 för
573 785 121 20 statistiken
710 785 24 21 af
747 785 59 26 ringa
822 785 70 24 värde,
909 786 21 25 ty
946 784 48 21 der-

171 813 85 26 igenom
272 813 32 20 får
318 813 132 21 statistikern
467 813 121 27 visserligen
605 813 127 28 upplysning
748 820 33 14 om
797 813 54 21 huru
867 814 77 26 många
959 819 36 14 an-

171 841 119 26 mälningar
312 841 62 22 hafva
397 842 62 26 skett,
480 849 46 14 men
541 842 42 21 kan
599 842 17 27 ej
634 843 61 20 deraf
710 843 65 26 draga
791 842 40 21 den
847 842 87 21 slutsats
949 847 45 15 som

170 869 33 22 för
219 870 121 22 statistiken
356 872 24 19 är
396 871 22 20 af
432 871 70 26 värde,
518 871 113 26 nämligen,
647 871 54 21 huru
717 871 76 27 många
809 871 22 21 af
845 871 60 21 dessa
915 870 80 21 anmäl-

170 898 76 27 ningar
262 899 66 26 gjorts
344 898 23 22 af
381 899 70 21 dertill
468 899 100 28 behöriga
583 905 101 21 personer
700 899 40 22 och
756 900 82 21 således
853 899 55 21 huru
919 898 76 27 många

171 928 101 26 näringar
294 928 26 26 på
341 935 25 13 en
388 930 34 19 ort
445 928 26 27 på
494 929 68 26 grund
578 928 24 21 af
616 928 54 21 slika
685 929 147 26 anmälningar
848 928 63 21 hafva
926 927 69 22 blifvit

171 956 133 26 etablerade;
326 958 22 25 ty
364 963 33 14 om
413 957 40 21 den
470 957 131 27 tjensteman,
618 957 38 21 hos
672 957 85 21 hvilken
774 958 61 21 dessa
850 957 145 26 anmälningar

170 985 46 26 ske,
240 985 99 27 upplyser
360 985 39 21 den
422 986 93 21 sökande
537 993 34 14 om
587 988 31 19 att
634 986 53 21 hans
703 986 98 21 anmälan
814 988 24 19 är
853 985 142 26 ofullständig,

171 1013 24 22 så
218 1013 54 22 skall
296 1013 40 22 han
356 1013 6 21 i
378 1014 26 21 de
420 1013 60 22 flesta
495 1015 35 20 fall
547 1027 27 2 —
590 1017 21 24 ty
628 1015 141 27 laglydnaden
785 1015 6 20 i
808 1015 47 20 vårt
870 1014 48 21 land
934 1016 24 19 är
973 1014 23 20 så

171 1043 79 20 allmän
267 1055 26 2 —
309 1042 81 21 afhålla
405 1043 32 26 sig
452 1043 47 21 från
515 1045 32 19 att
563 1043 59 27 börja
638 1044 47 21 med
700 1044 33 21 sin
750 1043 79 27 näring,
846 1043 63 21 innan
925 1044 70 19 anmä-

171 1071 35 22 lan
230 1071 114 21 förklarats
369 1077 49 16 vara
440 1071 93 28 behörig.
563 1072 34 21 Då
612 1072 44 21 står
673 1073 70 20 denna
758 1072 97 21 anmälan
872 1078 56 21 gvar,
945 1074 51 18 utan

171 1099 29 21 all
216 1099 108 28 betydelse
340 1100 39 21 och
395 1101 42 20 kan
453 1100 84 28 förnyas
552 1100 51 21 flere
617 1102 80 25 gånger
709 1101 137 26 hvarigenom
860 1107 80 14 samma
949 1106 47 21 per-

172 1134 38 15 son
232 1129 42 20 kan
297 1128 63 21 blifva
379 1128 51 23 flere
446 1129 78 27 gånger
539 1130 89 21 noterad
644 1130 32 21 för
692 1130 137 21 bedrifvande
845 1129 22 22 af
881 1129 73 26 näring
969 1128 28 27 på

171 1163 82 16 samma
276 1159 39 19 ort.
344 1157 41 27 Jag
408 1160 45 19 tror
475 1161 32 18 att
529 1159 36 20 det
588 1158 55 21 blott
666 1159 70 20 skulle
751 1159 48 20 leda
815 1158 32 21 till
863 1158 86 26 misstag
965 1158 32 21 för

172 1186 121 21 statistiken
317 1185 38 22 och
378 1188 52 24 göra
449 1187 78 21 dennas
544 1187 106 27 uppgifter
666 1187 83 22 osäkra.
781 1187 39 22 Om
837 1193 48 15 man
901 1187 94 21 deremot

172 1214 36 21 vill
231 1215 69 21 införa
322 1221 24 14 en
369 1215 136 26 besvärsrätt,
523 1216 50 21 eller
589 1222 33 15 om
638 1222 48 15 man
703 1216 74 21 tvekar
793 1218 32 19 att
840 1216 21 20 åt
877 1222 26 15 en
918 1216 78 21 krono-

172 1243 62 26 fogde
251 1243 130 21 öfverlämna
397 1251 24 14 en
438 1245 64 20 sådan
519 1247 42 18 rätt
577 1246 32 19 att
624 1244 73 27 pröfva
713 1251 35 15 om
764 1245 80 21 beviset
859 1246 24 19 är
897 1245 24 20 så
936 1244 59 21 affat-

172 1272 48 20 tadt
241 1274 33 19 att
297 1272 34 21 det
353 1272 89 22 innebär
465 1273 39 20 den
527 1274 83 25 garanti
634 1280 45 14 som
704 1274 62 26 lagen
781 1273 90 24 fordrar,
888 1274 23 20 så
927 1273 70 21 kunde

172 1307 48 14 man
244 1303 52 24 göra
319 1303 31 18 ett
372 1301 74 27 tillägg
469 1302 22 20 af
505 1302 88 26 ungefär
608 1302 93 26 följande
717 1303 92 26 lydelse:
827 1302 78 27 ,finner
920 1302 77 21 krono-

172 1329 62 26 fogde
257 1330 31 25 sig
303 1329 45 21 icke
364 1329 71 21 kunna
450 1330 113 26 godkänna
578 1331 60 26 gjord
654 1331 98 21 anmälan
769 1331 38 21 och
823 1331 82 25 åtnöjes
919 1331 78 21 sökan-

173 1358 40 20 den
235 1358 47 21 icke
298 1358 86 20 dermed
399 1358 88 22 insände
503 1359 156 27 kronofogdens
675 1359 126 26 handlingar
817 1359 31 21 till
864 1359 96 27 pröfning
975 1358 24 22 af

172 1388 154 25 guvernören".
343 1386 32 21 Då
399 1387 68 21 skulle
483 1388 6 21 i
505 1388 145 27 tvifvelaktiga
666 1388 36 21 fall
718 1388 125 27 pröfningen
860 1388 45 19 från
921 1388 77 21 krono-

173 1416 78 26 fogden
275 1415 129 27 öfverflyttas
426 1416 32 21 till
479 1418 131 25 guvernören
627 1417 39 21 och
682 1417 27 21 då
726 1417 67 21 skulle
809 1423 50 15 man
874 1417 46 20 icke
935 1416 63 21 hafva

173 1444 107 21 etablerat
302 1444 68 27 någon
394 1446 136 25 besvärsrätt,
548 1452 46 14 men
611 1445 63 22 likväl
691 1445 107 22 bibehålla
814 1446 39 21 den
870 1445 128 27 beqvämlig-

173 1472 37 21 het
225 1479 45 15 som
288 1479 24 14 en
328 1473 66 22 sådan
410 1474 97 21 anmälan
524 1474 32 21 för
572 1474 160 27 näringsidkare
749 1475 88 20 medför.
