1070 1795
268 121 178 21 Borgareståndet
458 121 55 17 1877.
537 121 13 16 3
563 120 97 17 Oktober.
836 116 41 20 983

49 189 95 27 digheter
166 189 42 21 alla
229 189 26 21 de
271 189 149 27 upplysningar
436 195 45 15 som
497 195 34 15 om
547 189 143 26 fattigvården
705 189 72 21 kunna
793 189 84 22 äskas*.

48 218 97 21 Emedan
160 218 37 21 det
212 219 25 19 är
252 217 137 22 föreskrifvet
404 219 32 19 att
448 218 162 25 magistraterne
621 217 61 21 skola
693 217 96 22 meddela
800 217 78 28 ifråga-

48 247 93 20 varande
164 246 151 27 upplysningar
338 246 32 21 till
393 245 145 27 Guvernören,
562 246 23 21 så
608 246 40 21 bör
670 246 65 21 också
751 246 126 27 fattigvård-

48 275 104 27 styrelsen
174 275 28 26 på
224 275 152 27 Magistratens
396 274 93 27 begäran
512 274 70 21 lemna
598 275 73 20 härom
688 275 151 28 upplysningar
854 275 23 21 åt

48 303 147 28 Magistraten.
226 303 39 22 Om
290 303 34 21 det
346 305 24 19 är
392 303 60 21 fallet
470 303 27 27 på
518 303 79 26 landet,
614 305 32 19 att
661 303 137 22 länsmännen
815 304 62 21 hafva

48 338 81 15 samma
146 332 111 27 åliggande
272 338 45 14 som
333 331 148 28 Magistraten,
498 332 53 21 böra
567 332 61 21 äfven
644 332 26 20 de
686 331 20 21 få
721 331 55 22 slika
791 332 84 27 upplys-

48 361 76 26 ningar
140 361 21 21 af
176 360 250 27 fattigvårdstyrelserna.

118 418 55 21 Herr
194 418 181 25 Tengström:
406 417 41 27 Jag
469 417 86 21 förenar
574 418 43 26 mig
639 417 48 21 med
712 417 51 21 herr
780 418 95 26 Procopé

49 447 109 25 angående
182 446 164 26 anmärkningen
370 448 58 19 emot
447 446 59 21 detta
522 449 99 18 moment.
653 446 65 21 Emot
734 446 35 21 det
784 446 91 27 följande

48 477 116 19 momentet
185 475 35 21 vill
241 475 37 26 jag
296 475 108 25 anmärka,
421 477 32 18 att
469 475 36 20 det
521 476 24 19 är
561 474 125 27 tillräckligt
701 481 34 14 om
752 474 123 27 fattigvård-

49 504 103 26 styrelsen
176 503 108 22 meddelar
300 503 104 21 statistisk
420 503 135 26 redogörelse
571 503 54 20 efter
642 503 24 20 de
683 503 131 21 föreskrifter
829 509 46 15 som

48 532 74 21 finnas.
154 533 49 20 Men
219 535 32 18 att
267 532 95 21 meddela
379 532 120 21 statistiska
518 531 106 27 uppgifter
638 531 84 27 jemlikt
738 531 42 21 alla
795 532 80 21 sådana

48 561 140 25 föreskrifter,
205 567 45 16 som
266 561 6 20 i
289 567 25 14 en
329 560 86 21 framtid
431 561 73 20 kunna
514 561 65 20 blifva
592 560 119 25 utfärdade,
723 561 64 20 men
776 556 12 35 i
801 560 74 27 sjelfva

48 590 75 21 verket
139 591 56 20 ännu
211 589 47 21 icke
273 591 36 19 äro
326 589 41 25 det,
384 589 68 21 skulle
469 589 66 20 blifva
550 589 33 20 för
598 589 84 26 mycket
697 589 135 26 betungande
843 589 32 21 för

48 618 143 27 fattigvården
214 618 39 21 och
277 618 47 21 leda
347 618 32 21 till
404 617 163 27 förvecklingar.
599 617 45 21 Och
664 618 107 21 dessutom
790 618 85 21 komme

48 647 60 20 detta
130 649 32 18 att
181 647 81 20 belasta
279 646 216 21 Guvernörsembetet
510 646 49 21 med
574 646 147 27 skyldigheten
738 649 31 18 att
784 647 32 20 till
832 649 43 18 sta-

48 675 84 21 tistiska
154 675 148 26 centralbyrån
321 675 70 20 lemna
411 681 25 15 en
453 675 91 26 ofantlig
559 681 71 14 massa
645 675 22 20 af
681 675 78 27 onödig
773 675 100 21 statistik.

47 704 41 26 Jag
103 703 96 22 anhåller
214 703 72 22 derför
301 706 31 18 att
348 704 65 20 orden
430 710 61 18 ,,som
507 704 92 24 kunna",
616 703 67 21 måtte
697 705 111 20 uteslutas.
841 704 33 20 En

47 733 56 26 gång
126 732 57 21 förut
202 733 54 20 hade
278 733 35 20 det
328 733 54 20 varit
397 732 47 21 skäl
460 732 32 21 till
509 739 25 14 en
551 732 66 21 sådan
633 732 97 27 ändring,
745 732 106 26 nemligen
867 733 7 20 i

47 762 13 25 8
77 761 13 20 3
106 761 38 21 der
159 761 35 21 det
210 761 60 21 heter
286 761 20 25 ,,i
322 761 94 26 enlighet
432 761 48 21 med
498 761 54 20 hvad
563 767 45 14 som
622 761 42 20 kan
675 767 51 14 vara
737 761 137 21 bestämdt'*
863 757 14 35 i

48 789 71 22 stället
143 789 31 22 för
198 792 31 19 att
252 790 35 21 det
307 789 39 21 bör
369 789 60 21 heta:
455 789 19 27 ,i
491 789 96 27 enlighet
603 789 47 21 med
667 789 55 21 hvad
737 796 45 15 som
798 791 24 19 är
837 789 36 21 be-

47 819 99 20 stämdt*.
177 818 45 21 Den
238 819 81 26 gängen
335 817 41 22 fick
396 819 36 20 det
448 824 87 21 passera
551 818 123 26 oanmärkt;
691 818 35 21 det
742 818 69 21 kunde
827 818 46 21 icke

47 847 48 21 leda
118 847 33 21 till
173 846 24 22 sä
221 847 104 26 befängda
344 847 152 21 konklusioner
512 853 45 14 som
573 847 27 26 pä
616 847 36 21 det
668 853 28 14 nu
711 846 163 28 ifrägavarande

47 875 78 22 stället.

116 932 56 21 Herr
193 932 156 21 Boström:
379 932 37 21 Uti
441 933 68 20 andra
529 932 93 27 punkten
646 933 22 20 af
689 933 69 20 denna
775 933 100 26 paragraf

47 961 92 26 stadgas,
155 963 32 18 att
203 961 165 26 tillsyningsmän
386 961 62 21 skola
463 961 102 21 tillsättas
581 961 33 21 för
629 963 33 18 att
677 961 56 21 inom
750 961 71 26 hvarje
837 961 36 21 sitt

47 990 86 21 omräde
157 989 63 21 hafva
244 991 106 19 närmaste
372 989 71 27 tillsyn
467 990 60 21 öfver
546 989 140 27 fattighjonen
702 989 39 21 och
756 989 55 21 vaka
826 989 47 21 der-

47 1017 59 22 öfver
121 1020 33 19 att
169 1018 101 27 beviljadt
285 1019 114 20 understöd
417 1019 116 25 behörigen
548 1019 114 22 användes,
678 1017 108 22 äfvensom
802 1020 31 19 att
847 1018 26 21 de

46 1053 44 14 som
114 1047 23 20 af
158 1047 216 26 fattigvärdstyrelsen
396 1049 110 24 emottaga
522 1047 52 21 barn
590 1047 52 20 eller
657 1047 67 20 andra
740 1047 32 20 till
787 1047 86 26 försörj-

46 1075 50 26 ning
118 1075 92 27 fullgöra
224 1075 33 21 sin
273 1075 126 27 skyldighet.
430 1075 93 22 Härutaf
539 1075 66 21 skulle
623 1076 37 20 det
675 1081 63 21 synas
754 1075 68 21 säsom
839 1081 34 15 om

46 1105 60 20 desse
129 1104 169 26 tillsyningsmän
320 1104 46 21 icke
390 1104 55 21 hade
468 1105 67 26 något
557 1107 65 18 annat
642 1104 118 26 äliggande,
776 1106 25 19 än
818 1104 55 21 hvad

45 1132 30 21 uti
99 1133 59 20 detta
178 1135 94 18 moment
290 1135 23 18 är
328 1133 106 26 stadgadt.
465 1133 127 20 Emellertid
608 1135 36 18 äro
661 1133 31 20 uti
708 1132 163 26 fortsättningen

45 1161 24 21 af
84 1161 238 26 författningsförslaget
340 1161 214 27 tillsyningsmännen
574 1161 75 26 älagde
664 1161 56 20 vissa
735 1162 66 19 andra
817 1161 56 26 skyl-

45 1189 104 27 digheter,
173 1190 62 21 bland
261 1193 64 18 annat
348 1191 5 19 i
377 1190 94 26 följande
495 1197 63 14 mom.
575 1193 32 18 att
622 1190 63 20 hafva
702 1189 95 27 tillsynen
814 1190 57 20 öfver

45 1219 82 25 tiggare
143 1218 39 21 och
198 1219 177 26 kringstrykande
391 1225 103 20 personer
510 1219 39 20 och
563 1221 31 18 att
610 1219 32 20 till
658 1219 38 20 och
713 1219 47 20 med
776 1217 96 26 förpassa

44 1247 79 20 sädane
146 1247 32 20 till
202 1248 62 19 deras
282 1247 89 21 hemort.
399 1247 42 21 Det
458 1247 109 21 förefaller
583 1247 42 26 mig
641 1247 71 21 derför
727 1253 44 14 som
787 1253 33 14 om
838 1246 34 21 be-

45 1275 133 26 stämningen
195 1275 109 26 angäende
320 1276 59 21 desse
396 1275 177 27 tillsyningsmän,
591 1276 45 21 icke
652 1276 66 20 borde
733 1275 48 27 ingä
795 1275 6 20 i
813 1275 59 21 detta

44 1311 62 14 mom.
123 1307 51 18 utan
191 1304 105 21 måhända
311 1304 120 27 lämpligast
448 1305 71 20 kunde
534 1307 76 24 utgöra
626 1311 25 14 en
667 1304 54 21 skild
737 1305 18 25 8.

112 1361 57 21 Herr
192 1361 160 21 Lindelöf:
383 1361 71 21 Jemte
474 1362 37 20 det
524 1362 37 26 jag
576 1361 85 21 förenar
677 1361 41 26 mig
735 1360 46 22 med
798 1360 74 21 herrar

43 1390 97 26 Procop6
163 1390 39 21 och
226 1390 124 26 Tengström
375 1390 5 21 i
402 1390 61 27 fräga
484 1397 34 14 om
542 1391 40 20 den
606 1390 122 25 förändring
742 1396 45 14 som
804 1388 68 22 blifvit

43 1419 119 26 föreslagen
178 1419 6 20 i
201 1419 64 20 femte
281 1425 61 14 mom.
358 1419 68 20 skulle
439 1419 38 27 jag
493 1419 96 21 deremot
605 1418 130 21 beträffande
746 1418 49 21 herr
804 1417 67 27 Teng-

43 1449 78 20 ströms
144 1447 79 27 förslag
246 1454 33 14 om
303 1447 124 21 redaktions
451 1448 124 25 förändring
591 1447 5 20 i
613 1448 36 20 det
664 1447 63 27 sjette
742 1453 62 14 mom.
821 1452 50 15 anse

43 1483 25 14 en
91 1476 66 21 sådan
181 1483 51 14 vara
254 1475 128 27 öfverflödig.
414 1476 50 21 Med
485 1476 133 21 föreskrifter
634 1482 44 15 som
695 1492 10 10 ,
708 1476 83 20 kunna*
807 1474 64 21 blifva

42 1505 120 25 utfärdade,
182 1511 72 15 menas
276 1505 66 26 enligt
365 1505 80 26 vanligt
469 1505 119 26 spräkbruk
614 1504 140 27 föreskrifter,
774 1509 45 16 som
838 1503 33 21 till
