1070 1795
249 126 180 21 Borgareständet
442 127 55 16 1877.
523 127 18 16 11
555 126 98 17 Oktober.
811 122 54 20 1103

38 195 166 26 entreprenader
225 197 35 19 äro
283 195 128 26 anordnade,
428 194 79 21 föreslå
522 201 25 14 en
564 195 66 26 högre
646 194 52 27 lega,
716 195 38 21 och
770 195 96 26 exempel

37 224 47 21 från
100 223 141 28 grannlandet
261 224 50 25 visa,
328 226 32 18 att
376 229 48 15 man
440 223 27 26 pä
484 223 70 21 denna
569 225 40 25 väg
624 223 65 21 redan
706 223 38 21 bra
759 225 52 20 nära
827 223 39 21 har

38 252 47 21 nått
108 252 37 21 det
167 252 42 21 mål
232 252 85 21 hvartill
340 252 60 21 äfven
420 252 19 20 vi
455 251 54 22 böra
524 252 86 21 sträfva.
643 251 72 22 Skulle
731 258 48 15 man
795 253 70 20 såsom

38 281 50 21 herr
104 281 24 20 E.
145 281 70 26 Bergh
231 280 35 21 vill
283 281 45 20 med
346 287 37 14 ens
399 280 86 21 hvälfva
501 281 68 20 denna
585 280 66 21 börda
662 287 45 14 som
723 280 6 21 i
746 280 120 22 århundra-

38 309 40 21 den
101 309 38 20 har
158 309 72 27 ålegat
242 309 75 26 jorden
333 309 27 26 på
375 309 98 25 trafiken,
489 310 24 20 så
528 309 42 20 kan
586 315 48 14 man
650 309 114 27 omöjligen
779 310 28 25 på
822 309 43 21 för-

38 338 57 21 hand
118 337 94 22 beräkna
234 338 26 21 de
283 338 121 25 kostnader,
420 343 45 16 som
482 344 25 14 en
524 337 65 21 sådan
606 337 76 27 åtgärd
698 337 53 22 skall
767 337 98 22 medföra

38 366 132 21 oberäknadt
186 367 26 20 de
228 366 105 27 störingar
348 367 6 20 i
370 366 90 21 trafiken
477 372 45 15 som
539 366 108 21 sannolikt
662 366 87 21 derutaf
758 365 70 22 blefve
839 372 25 15 en

37 395 58 27 följd.
126 395 42 21 Det
190 395 41 21 kan
255 401 48 15 man
319 395 95 21 deremot
429 395 66 27 något
510 395 25 21 så
550 397 39 19 när
603 397 53 25 göra
671 401 75 21 genom
762 397 102 25 antagan-

38 424 36 21 det
89 424 24 20 af
126 423 123 22 Utskottets
264 424 79 26 förslag
358 424 40 21 och
414 423 27 21 då
457 423 104 27 styrelsen
577 424 46 20 från
640 424 31 20 sin
687 424 47 20 sida
749 425 24 19 är
788 424 77 21 intres-

38 453 62 20 serad
121 452 23 21 af
164 455 33 18 att
212 452 130 27 skjutslegan
357 452 47 21 icke
422 451 124 28 uppdrifves
561 452 33 21 för
610 451 56 28 högt,
682 451 23 22 så
720 454 45 19 tror
779 452 36 27 jag
831 451 34 22 för

37 481 43 20 min
104 480 40 26 del,
166 483 32 19 att
219 487 33 14 om
268 487 48 14 man
332 483 88 24 antager
436 483 31 19 ett
483 481 77 20 sådant
575 481 79 26 förslag
669 487 45 14 som
730 481 49 20 herr
794 480 71 28 Bergh

37 509 40 21 har
93 509 101 26 förordat,
210 509 81 22 kronan
307 509 107 21 sannolikt
430 509 47 21 icke
493 509 55 21 skall
563 509 27 26 gå
606 509 20 20 in
642 509 72 26 derpå,
725 509 88 22 emedan
823 509 41 22 den

38 538 46 21 icke
107 538 41 21 kan
170 538 94 21 beräkna
287 538 25 21 de
335 537 146 28 uppoffringar
503 538 40 21 den
564 538 32 21 får
611 539 52 26 göra
679 538 32 20 för
726 538 139 27 tjenstemäns

37 572 60 16 resor
112 566 40 22 och
167 567 33 20 för
214 569 80 24 posten.
325 567 73 26 Enligt
413 566 124 21 Utskottets
552 566 80 27 förslag
648 568 24 19 är
688 566 54 21 dock
752 573 25 14 en
788 567 75 20 beräk-

38 595 49 27 ning
107 595 79 27 möjlig,
206 597 22 25 ty
249 595 39 21 här
303 597 24 19 är
342 595 130 27 skjutslegan
489 595 103 21 bestämd.
623 595 157 26 Förhöjningen
796 595 68 21 skulle

37 623 64 22 blifva
124 623 54 22 ifrån
201 624 40 21 den
264 624 70 25 gamla
355 624 61 26 legan
432 624 23 21 af
469 623 30 21 tio
515 624 63 25 penni
594 625 83 19 versten
694 624 30 21 till
741 623 40 21 tolf
794 624 69 26 penni,

38 652 37 21 der
98 653 141 26 entreprenad
261 653 46 20 icke
330 655 24 18 är
376 652 100 21 inrättad.
507 652 43 21 Der
570 654 138 24 entreprenör
731 652 46 21 åter
797 652 67 21 finnes

38 680 67 21 blefve
121 681 39 20 den
178 682 26 19 16
219 681 63 26 penni
298 681 82 21 således
396 687 25 15 en
437 680 122 27 förhöjning
575 681 22 20 af
612 682 26 19 60
654 683 94 24 procent.
763 681 40 20 Om
815 687 48 14 man

37 711 88 24 antager
146 712 32 19 att
201 709 33 22 till
254 716 26 14 en
303 709 73 26 början
396 709 142 27 entreprenad
554 709 47 21 icke
616 709 95 21 kommer
726 712 33 18 att
773 709 91 21 inrättas

38 737 27 27 på
87 737 44 21 lika
152 740 56 19 stort
224 739 57 20 antal
296 738 155 27 gästgifverier,
469 744 45 15 som
531 738 26 21 de
572 738 38 21 der
626 737 189 28 skjutshållningen
830 740 33 19 ut-

37 767 62 25 göres
115 766 23 21 af
152 766 26 21 de
194 767 224 26 skjutsningsskyldige
434 766 81 27 sjelfve,
531 767 24 20 så
568 766 68 21 skulle
648 767 147 26 förhöjningen
809 766 54 21 dock

37 795 108 21 sannolikt
161 795 52 21 böra
228 795 104 21 beräknas
347 795 33 21 till
396 795 90 27 ungefär
501 797 27 19 33
544 801 57 22 proc.
618 795 38 21 och
668 797 82 19 ensamt
761 795 33 21 för
803 797 60 25 post-

38 823 73 22 verket
124 823 66 22 skulle
212 825 39 20 den
276 823 148 28 förhöjningen
448 823 71 28 uppgå
543 823 31 22 till
595 830 25 15 en
636 830 82 15 summa
733 823 22 22 af
769 830 46 15 mer
831 825 28 19 än

40 852 77 27 40,000
133 853 67 20 mark.
231 853 121 26 Utgifterna
373 852 32 21 för
420 855 89 24 postens
524 852 142 21 befordrande
681 854 76 25 utgöra
772 858 28 15 nu
817 858 44 15 om-

37 881 62 26 kring
123 882 89 25 142,000
235 881 69 25 mark;
328 887 32 15 om
384 887 49 15 man
456 881 93 21 derifrån
573 881 97 26 afdrager
692 881 118 21 kostnaden
829 881 34 20 för

36 912 86 23 postens
145 912 109 24 transport
277 909 32 22 till
326 909 207 28 jernvägsstationer
555 909 40 22 och
618 909 103 28 ångbåtar
741 909 46 21 med
804 909 58 21 cirka

36 939 63 24 5,000
121 939 61 20 mark
204 939 24 20 så
251 938 91 21 återstår
362 938 90 27 ungefär
477 940 88 24 137,000
586 938 60 21 mark
662 938 39 21 och
716 944 26 15 en
759 937 103 27 tredjedel

37 967 85 20 derutaf
143 967 82 26 uppgår
242 967 32 21 till
290 967 97 26 omkring
402 969 79 22 46,000
497 967 62 20 mark
573 967 102 21 hvarmed
690 967 62 20 dessa
767 969 95 24 postver-

36 995 47 21 kets
106 995 86 27 utgifter
211 995 67 22 skulle
294 996 58 21 ökas.
382 996 54 21 Lika
451 996 40 21 lätt
507 995 42 21 kan
565 995 131 27 Regeringen
712 995 94 21 beräkna
822 995 39 20 den

36 1023 113 27 tillökning
171 1030 45 15 som
236 1024 33 21 för
290 1024 137 27 tjensteresor
449 1024 70 21 skulle
533 1025 87 20 komma
634 1024 6 21 i
656 1024 60 26 fråga
732 1023 39 22 och
786 1023 37 21 det
837 1025 25 19 är

36 1052 82 21 således
133 1053 33 20 för
181 1052 107 27 Styrelsen
304 1053 82 26 möjligt
401 1055 32 19 att
449 1053 27 27 gå
491 1053 21 20 in
528 1053 28 26 på
571 1055 32 19 ett
617 1053 77 21 sådant
704 1052 84 26 förslag.
812 1051 49 22 Men

35 1082 89 25 antager
139 1087 49 15 man
202 1083 31 20 ett
248 1087 45 15 som
309 1082 47 21 icke
371 1081 42 21 kan
430 1081 107 21 beräknas
553 1081 33 21 till
602 1081 46 21 sina
663 1081 76 26 följder
754 1081 23 20 så
793 1082 24 19 är
825 1080 37 27 jag

35 1109 69 26 äfven,
121 1110 27 25 på
162 1110 69 26 grund
246 1110 23 21 af
283 1110 54 21 hvad
352 1110 161 27 propositionen
528 1110 118 21 innehåller
661 1109 39 22 och
716 1109 40 22 den
767 1109 94 21 erfaren-

35 1138 38 21 het
94 1144 49 15 man
162 1138 39 21 har
216 1139 46 20 från
278 1138 126 27 föregående
420 1139 109 26 landtdag,
546 1138 123 27 öfvertygad
685 1144 33 15 om
734 1139 32 20 att
781 1137 81 27 Styrel-

35 1173 37 14 sen
93 1167 46 21 icke
160 1167 54 21 skall
235 1167 27 26 gå
282 1167 22 21 in
319 1167 27 26 på
362 1167 42 26 det,
420 1167 40 21 och
477 1167 27 21 då
519 1167 55 21 skall
589 1167 66 21 saken
671 1166 45 21 åter
732 1166 50 21 falla
797 1166 65 21 minst

34 1195 33 21 för
88 1195 42 21 fem
148 1196 24 20 år
188 1195 40 21 och
243 1196 40 21 den
299 1195 82 22 lättnad
396 1202 46 15 som
459 1195 112 22 Utskottet
585 1196 49 21 sökt
649 1195 78 21 bereda
743 1195 25 20 de
783 1194 79 27 skjuts-

34 1223 158 28 ningsskyldige
215 1224 54 21 skall
291 1224 27 21 då
339 1225 64 20 också
418 1225 27 26 gå
461 1231 35 14 om
511 1224 61 21 intet.
602 1225 41 25 Jag
656 1224 38 21 ber
709 1223 70 22 derför
794 1225 33 18 att
841 1223 21 21 få

35 1252 88 21 förorda
138 1253 11 25 &
168 1254 8 19 1
194 1253 66 21 sådan
276 1253 112 21 Utskottet
403 1253 39 21 har
458 1252 111 27 föreslagit
584 1253 47 24 den,
647 1252 51 21 eller
709 1251 70 26 också,
790 1251 7 21 i
808 1251 54 21 hän-

35 1281 58 21 delse
109 1287 48 15 man
172 1281 49 21 ville
237 1284 50 23 taga
302 1281 80 27 hänsyn
398 1281 34 21 till
447 1281 172 22 Bondeståndets
634 1281 70 21 beslut
714 1281 6 20 i
732 1281 82 26 frågan,
829 1281 33 20 att

35 1315 48 16 man
99 1310 28 21 då
145 1310 34 21 må
195 1310 44 21 låta
254 1310 51 21 bero
321 1310 47 21 med
384 1310 159 27 behandlingen
559 1309 32 22 till
607 1310 47 21 dess
669 1316 48 15 man
734 1309 38 21 har
787 1309 75 21 vunnit

35 1338 64 20 säkra
113 1338 109 27 uppgifter
238 1345 34 15 om
288 1339 54 21 hvad
356 1339 163 21 Bondeståndet
535 1339 6 20 i
558 1339 40 21 den
612 1339 61 20 delen
690 1337 92 22 beslutit.

103 1395 56 22 Herr
172 1395 164 22 Snellman:
367 1397 41 25 Jag
424 1395 117 28 tillstyrker
557 1395 129 27 antagandet
701 1395 24 21 af
739 1395 12 26 &
769 1397 10 18 1
795 1393 66 22 sådan

35 1425 40 20 den
91 1423 67 22 finnes
174 1425 6 20 i
196 1424 122 22 Utskottets
333 1425 142 21 betänkande.
507 1425 39 20 Att
561 1425 67 26 några
643 1423 111 28 praktiska
768 1422 94 22 fördelar

33 1453 70 21 skulle
125 1453 75 21 vinnas
222 1460 77 20 genom
321 1456 33 19 att
374 1453 160 22 återremittera
557 1453 69 21 denna
642 1453 12 26 $
670 1453 6 20 i
692 1453 36 21 det
743 1451 54 28 syfte
812 1451 50 21 herr

33 1481 83 22 Kurtén
139 1481 112 28 föreslagit
272 1482 43 21 kan
332 1482 37 27 jag
392 1482 48 21 icke
460 1482 52 21 inse.
542 1482 57 21 Herr
614 1481 82 22 Kurtén
711 1481 41 21 och
767 1480 33 26 de,
815 1485 46 16 som

33 1511 127 21 understödt
176 1510 84 26 honom,
276 1511 105 26 medgifva
395 1510 74 27 sjelfve
480 1513 32 19 att
522 1509 275 28 skjutshållningsbesväret
807 1507 55 22 fort-
