<?xml version="1.0" encoding="UTF-8"?>
<alto xmlns="http://www.loc.gov/standards/alto/ns-v3#" xmlns:xlink="http://www.w3.org/1999/xlink" xmlns:xsi="http://www.w3.org/2001/XMLSchema-instance" xsi:schemaLocation="http://www.loc.gov/standards/alto/ns-v3# http://www.loc.gov/alto/v3/alto-3-0.xsd">
	<Description>
		<MeasurementUnit>pixel</MeasurementUnit>
		<sourceImageInformation>
			<fileName>/tmp/tess_kmqnyrnf_input.PNG</fileName>
		</sourceImageInformation>
		<OCRProcessing ID="OCR_0">
			<ocrProcessingStep>
				<processingSoftware>
					<softwareName>tesseract 5.3.4</softwareName>
				</processingSoftware>
			</ocrProcessingStep>
		</OCRProcessing>
	</Description>
	<Layout>
		<Page WIDTH="1070" HEIGHT="1795" PHYSICAL_IMG_NR="0" ID="page_0">
			<PrintSpace HPOS="0" VPOS="0" WIDTH="1070" HEIGHT="1795">
				<ComposedBlock ID="cblock_0" HPOS="280" VPOS="123" WIDTH="623" HEIGHT="27">
					<TextBlock ID="block_0" HPOS="280" VPOS="123" WIDTH="623" HEIGHT="27">
						<TextLine ID="line_0" HPOS="280" VPOS="123" WIDTH="623" HEIGHT="27">
							<String ID="string_0" HPOS="280" VPOS="127" WIDTH="181" HEIGHT="23" WC="0.91" CONTENT="Borgareståndet"/><SP WIDTH="11" VPOS="127" HPOS="461"/>
							<String ID="string_1" HPOS="472" VPOS="129" WIDTH="56" HEIGHT="17" WC="0.96" CONTENT="1877."/><SP WIDTH="19" VPOS="129" HPOS="528"/>
							<String ID="string_2" HPOS="547" VPOS="128" WIDTH="27" HEIGHT="17" WC="0.96" CONTENT="23"/><SP WIDTH="13" VPOS="128" HPOS="574"/>
							<String ID="string_3" HPOS="587" VPOS="129" WIDTH="100" HEIGHT="16" WC="0.95" CONTENT="Oktober."/><SP WIDTH="162" VPOS="129" HPOS="687"/>
							<String ID="string_4" HPOS="849" VPOS="123" WIDTH="54" HEIGHT="21" WC="0.95" CONTENT="1313"/>
						</TextLine>
					</TextBlock>
				</ComposedBlock>
				<GraphicalElement ID="cblock_1" HPOS="75" VPOS="157" WIDTH="828" HEIGHT="5"></GraphicalElement >
				<ComposedBlock ID="cblock_2" HPOS="73" VPOS="197" WIDTH="832" HEIGHT="1341">
					<TextBlock ID="block_1" HPOS="73" VPOS="197" WIDTH="832" HEIGHT="1341">
						<TextLine ID="line_1" HPOS="74" VPOS="197" WIDTH="829" HEIGHT="28">
							<String ID="string_5" HPOS="74" VPOS="198" WIDTH="39" HEIGHT="27" WC="0.93" CONTENT="ligt"/><SP WIDTH="22" VPOS="198" HPOS="113"/>
							<String ID="string_6" HPOS="135" VPOS="197" WIDTH="69" HEIGHT="22" WC="0.92" CONTENT="blefve"/><SP WIDTH="24" VPOS="197" HPOS="204"/>
							<String ID="string_7" HPOS="228" VPOS="197" WIDTH="102" HEIGHT="22" WC="0.91" CONTENT="öfversatt"/><SP WIDTH="22" VPOS="197" HPOS="330"/>
							<String ID="string_8" HPOS="352" VPOS="197" WIDTH="61" HEIGHT="22" WC="0.96" CONTENT="äfven"/><SP WIDTH="15" VPOS="197" HPOS="413"/>
							<String ID="string_9" HPOS="428" VPOS="197" WIDTH="35" HEIGHT="22" WC="0.96" CONTENT="till"/><SP WIDTH="16" VPOS="197" HPOS="463"/>
							<String ID="string_10" HPOS="479" VPOS="197" WIDTH="67" HEIGHT="22" WC="0.96" CONTENT="andra"/><SP WIDTH="22" VPOS="197" HPOS="546"/>
							<String ID="string_11" HPOS="568" VPOS="197" WIDTH="71" HEIGHT="27" WC="0.96" CONTENT="språk."/><SP WIDTH="31" VPOS="197" HPOS="639"/>
							<String ID="string_12" HPOS="670" VPOS="197" WIDTH="42" HEIGHT="21" WC="0.96" CONTENT="Det"/><SP WIDTH="15" VPOS="197" HPOS="712"/>
							<String ID="string_13" HPOS="727" VPOS="199" WIDTH="25" HEIGHT="20" WC="0.96" CONTENT="är"/><SP WIDTH="15" VPOS="199" HPOS="752"/>
							<String ID="string_14" HPOS="767" VPOS="197" WIDTH="82" HEIGHT="22" WC="0.93" CONTENT="således"/><SP WIDTH="15" VPOS="197" HPOS="849"/>
							<String ID="string_15" HPOS="864" VPOS="197" WIDTH="39" HEIGHT="22" WC="0.91" CONTENT="all-"/>
						</TextLine>
						<TextLine ID="line_2" HPOS="75" VPOS="226" WIDTH="828" HEIGHT="24">
							<String ID="string_16" HPOS="75" VPOS="226" WIDTH="123" HEIGHT="22" WC="0.91" CONTENT="mänhetens"/><SP WIDTH="23" VPOS="226" HPOS="198"/>
							<String ID="string_17" HPOS="221" VPOS="228" WIDTH="50" HEIGHT="22" WC="0.96" CONTENT="rätt,"/><SP WIDTH="22" VPOS="228" HPOS="271"/>
							<String ID="string_18" HPOS="293" VPOS="232" WIDTH="45" HEIGHT="15" WC="0.95" CONTENT="som"/><SP WIDTH="23" VPOS="232" HPOS="338"/>
							<String ID="string_19" HPOS="361" VPOS="232" WIDTH="49" HEIGHT="15" WC="0.95" CONTENT="man"/><SP WIDTH="16" VPOS="232" HPOS="410"/>
							<String ID="string_20" HPOS="426" VPOS="226" WIDTH="6" HEIGHT="21" WC="0.96" CONTENT="i"/><SP WIDTH="17" VPOS="226" HPOS="432"/>
							<String ID="string_21" HPOS="449" VPOS="226" WIDTH="61" HEIGHT="21" WC="0.96" CONTENT="detta"/><SP WIDTH="24" VPOS="226" HPOS="510"/>
							<String ID="string_22" HPOS="534" VPOS="226" WIDTH="37" HEIGHT="21" WC="0.96" CONTENT="fall"/><SP WIDTH="20" VPOS="226" HPOS="571"/>
							<String ID="string_23" HPOS="591" VPOS="226" WIDTH="61" HEIGHT="21" WC="0.96" CONTENT="anför"/><SP WIDTH="16" VPOS="226" HPOS="652"/>
							<String ID="string_24" HPOS="668" VPOS="227" WIDTH="69" HEIGHT="20" WC="0.96" CONTENT="såsom"/><SP WIDTH="15" VPOS="227" HPOS="737"/>
							<String ID="string_25" HPOS="752" VPOS="226" WIDTH="47" HEIGHT="21" WC="0.96" CONTENT="skäl"/><SP WIDTH="15" VPOS="226" HPOS="799"/>
							<String ID="string_26" HPOS="814" VPOS="226" WIDTH="39" HEIGHT="21" WC="0.96" CONTENT="och"/><SP WIDTH="17" VPOS="226" HPOS="853"/>
							<String ID="string_27" HPOS="870" VPOS="226" WIDTH="33" HEIGHT="21" WC="0.96" CONTENT="för"/>
						</TextLine>
						<TextLine ID="line_3" HPOS="75" VPOS="254" WIDTH="828" HEIGHT="28">
							<String ID="string_28" HPOS="75" VPOS="254" WIDTH="86" HEIGHT="22" WC="0.96" CONTENT="hvilken"/><SP WIDTH="23" VPOS="254" HPOS="161"/>
							<String ID="string_29" HPOS="184" VPOS="255" WIDTH="40" HEIGHT="21" WC="0.94" CONTENT="den"/><SP WIDTH="24" VPOS="255" HPOS="224"/>
							<String ID="string_30" HPOS="248" VPOS="255" WIDTH="106" HEIGHT="21" WC="0.94" CONTENT="enskildes"/><SP WIDTH="23" VPOS="255" HPOS="354"/>
							<String ID="string_31" HPOS="377" VPOS="255" WIDTH="66" HEIGHT="21" WC="0.96" CONTENT="borde"/><SP WIDTH="16" VPOS="255" HPOS="443"/>
							<String ID="string_32" HPOS="459" VPOS="255" WIDTH="56" HEIGHT="21" WC="0.95" CONTENT="vika."/><SP WIDTH="17" VPOS="255" HPOS="515"/>
							<String ID="string_33" HPOS="532" VPOS="255" WIDTH="31" HEIGHT="21" WC="0.96" CONTENT="En"/><SP WIDTH="16" VPOS="255" HPOS="563"/>
							<String ID="string_34" HPOS="579" VPOS="255" WIDTH="66" HEIGHT="21" WC="0.93" CONTENT="sådan"/><SP WIDTH="22" VPOS="255" HPOS="645"/>
							<String ID="string_35" HPOS="667" VPOS="255" WIDTH="124" HEIGHT="26" WC="0.91" CONTENT="rättsgrund"/><SP WIDTH="16" VPOS="255" HPOS="791"/>
							<String ID="string_36" HPOS="807" VPOS="255" WIDTH="61" HEIGHT="21" WC="0.96" CONTENT="torde"/><SP WIDTH="15" VPOS="255" HPOS="868"/>
							<String ID="string_37" HPOS="883" VPOS="255" WIDTH="20" HEIGHT="27" WC="0.96" CONTENT="ej"/>
						</TextLine>
						<TextLine ID="line_4" HPOS="74" VPOS="283" WIDTH="829" HEIGHT="27">
							<String ID="string_38" HPOS="74" VPOS="289" WIDTH="51" HEIGHT="16" WC="0.96" CONTENT="vara"/><SP WIDTH="16" VPOS="289" HPOS="125"/>
							<String ID="string_39" HPOS="141" VPOS="283" WIDTH="90" HEIGHT="26" WC="0.96" CONTENT="hållbar,"/><SP WIDTH="16" VPOS="283" HPOS="231"/>
							<String ID="string_40" HPOS="247" VPOS="285" WIDTH="22" HEIGHT="25" WC="0.96" CONTENT="ty"/><SP WIDTH="15" VPOS="285" HPOS="269"/>
							<String ID="string_41" HPOS="284" VPOS="283" WIDTH="88" HEIGHT="22" WC="0.96" CONTENT="alldeles"/><SP WIDTH="22" VPOS="283" HPOS="372"/>
							<String ID="string_42" HPOS="394" VPOS="283" WIDTH="48" HEIGHT="22" WC="0.96" CONTENT="med"/><SP WIDTH="23" VPOS="283" HPOS="442"/>
							<String ID="string_43" HPOS="465" VPOS="289" WIDTH="83" HEIGHT="16" WC="0.96" CONTENT="samma"/><SP WIDTH="21" VPOS="289" HPOS="548"/>
							<String ID="string_44" HPOS="569" VPOS="283" WIDTH="47" HEIGHT="22" WC="0.96" CONTENT="skäl"/><SP WIDTH="22" VPOS="283" HPOS="616"/>
							<String ID="string_45" HPOS="638" VPOS="283" WIDTH="71" HEIGHT="22" WC="0.96" CONTENT="kunde"/><SP WIDTH="21" VPOS="283" HPOS="709"/>
							<String ID="string_46" HPOS="730" VPOS="289" WIDTH="49" HEIGHT="15" WC="0.96" CONTENT="man"/><SP WIDTH="15" VPOS="289" HPOS="779"/>
							<String ID="string_47" HPOS="794" VPOS="285" WIDTH="53" HEIGHT="25" WC="0.96" CONTENT="göra"/><SP WIDTH="14" VPOS="285" HPOS="847"/>
							<String ID="string_48" HPOS="861" VPOS="283" WIDTH="42" HEIGHT="22" WC="0.96" CONTENT="den"/>
						</TextLine>
						<TextLine ID="line_5" HPOS="74" VPOS="311" WIDTH="829" HEIGHT="28">
							<String ID="string_49" HPOS="74" VPOS="312" WIDTH="98" HEIGHT="26" WC="0.96" CONTENT="gällande"/><SP WIDTH="16" VPOS="312" HPOS="172"/>
							<String ID="string_50" HPOS="188" VPOS="312" WIDTH="7" HEIGHT="21" WC="0.95" CONTENT="i"/><SP WIDTH="16" VPOS="312" HPOS="195"/>
							<String ID="string_51" HPOS="211" VPOS="312" WIDTH="61" HEIGHT="27" WC="0.96" CONTENT="fråga"/><SP WIDTH="15" VPOS="312" HPOS="272"/>
							<String ID="string_52" HPOS="287" VPOS="318" WIDTH="33" HEIGHT="15" WC="0.97" CONTENT="om"/><SP WIDTH="16" VPOS="318" HPOS="320"/>
							<String ID="string_53" HPOS="336" VPOS="312" WIDTH="84" HEIGHT="21" WC="0.95" CONTENT="hvilken"/><SP WIDTH="9" VPOS="312" HPOS="420"/>
							<String ID="string_54" HPOS="429" VPOS="318" WIDTH="70" HEIGHT="15" WC="0.96" CONTENT="annan"/><SP WIDTH="12" VPOS="318" HPOS="499"/>
							<String ID="string_55" HPOS="511" VPOS="312" WIDTH="102" HEIGHT="27" WC="0.95" CONTENT="egendom"/><SP WIDTH="12" VPOS="312" HPOS="613"/>
							<String ID="string_56" HPOS="625" VPOS="318" WIDTH="46" HEIGHT="15" WC="0.95" CONTENT="som"/><SP WIDTH="10" VPOS="318" HPOS="671"/>
							<String ID="string_57" HPOS="681" VPOS="311" WIDTH="61" HEIGHT="22" WC="0.96" CONTENT="helst."/><SP WIDTH="28" VPOS="311" HPOS="742"/>
							<String ID="string_58" HPOS="770" VPOS="312" WIDTH="51" HEIGHT="21" WC="0.96" CONTENT="Man"/><SP WIDTH="10" VPOS="312" HPOS="821"/>
							<String ID="string_59" HPOS="831" VPOS="312" WIDTH="72" HEIGHT="22" WC="0.95" CONTENT="kunde"/>
						</TextLine>
						<TextLine ID="line_6" HPOS="75" VPOS="340" WIDTH="828" HEIGHT="27">
							<String ID="string_60" HPOS="75" VPOS="342" WIDTH="53" HEIGHT="25" WC="0.96" CONTENT="säga"/><SP WIDTH="15" VPOS="342" HPOS="128"/>
							<String ID="string_61" HPOS="143" VPOS="343" WIDTH="32" HEIGHT="19" WC="0.96" CONTENT="att"/><SP WIDTH="15" VPOS="343" HPOS="175"/>
							<String ID="string_62" HPOS="190" VPOS="341" WIDTH="41" HEIGHT="21" WC="0.96" CONTENT="den"/><SP WIDTH="17" VPOS="341" HPOS="231"/>
							<String ID="string_63" HPOS="248" VPOS="340" WIDTH="51" HEIGHT="22" WC="0.96" CONTENT="eller"/><SP WIDTH="15" VPOS="340" HPOS="299"/>
							<String ID="string_64" HPOS="314" VPOS="341" WIDTH="40" HEIGHT="21" WC="0.96" CONTENT="den"/><SP WIDTH="16" VPOS="341" HPOS="354"/>
							<String ID="string_65" HPOS="370" VPOS="347" WIDTH="77" HEIGHT="20" WC="0.92" CONTENT="person"/><SP WIDTH="17" VPOS="347" HPOS="447"/>
							<String ID="string_66" HPOS="464" VPOS="341" WIDTH="100" HEIGHT="21" WC="0.90" CONTENT="besittter"/><SP WIDTH="15" VPOS="341" HPOS="564"/>
							<String ID="string_67" HPOS="579" VPOS="347" WIDTH="27" HEIGHT="15" WC="0.96" CONTENT="en"/><SP WIDTH="16" VPOS="347" HPOS="606"/>
							<String ID="string_68" HPOS="622" VPOS="340" WIDTH="110" HEIGHT="27" WC="0.96" CONTENT="egendom,"/><SP WIDTH="16" VPOS="340" HPOS="732"/>
							<String ID="string_69" HPOS="748" VPOS="347" WIDTH="45" HEIGHT="15" WC="0.95" CONTENT="som"/><SP WIDTH="12" VPOS="347" HPOS="793"/>
							<String ID="string_70" HPOS="805" VPOS="341" WIDTH="36" HEIGHT="21" WC="0.95" CONTENT="det"/><SP WIDTH="10" VPOS="341" HPOS="841"/>
							<String ID="string_71" HPOS="851" VPOS="347" WIDTH="52" HEIGHT="15" WC="0.96" CONTENT="vore"/>
						</TextLine>
						<TextLine ID="line_7" HPOS="75" VPOS="369" WIDTH="828" HEIGHT="28">
							<String ID="string_72" HPOS="75" VPOS="369" WIDTH="94" HEIGHT="26" WC="0.92" CONTENT="önskligt"/><SP WIDTH="22" VPOS="369" HPOS="169"/>
							<String ID="string_73" HPOS="191" VPOS="371" WIDTH="32" HEIGHT="20" WC="0.96" CONTENT="att"/><SP WIDTH="22" VPOS="371" HPOS="223"/>
							<String ID="string_74" HPOS="245" VPOS="369" WIDTH="143" HEIGHT="22" WC="0.96" CONTENT="allmänheten"/><SP WIDTH="23" VPOS="369" HPOS="388"/>
							<String ID="string_75" HPOS="411" VPOS="369" WIDTH="70" HEIGHT="22" WC="0.96" CONTENT="skulle"/><SP WIDTH="23" VPOS="369" HPOS="481"/>
							<String ID="string_76" HPOS="504" VPOS="370" WIDTH="21" HEIGHT="21" WC="0.96" CONTENT="få"/><SP WIDTH="22" VPOS="370" HPOS="525"/>
							<String ID="string_77" HPOS="547" VPOS="369" WIDTH="97" HEIGHT="28" WC="0.96" CONTENT="begagna"/><SP WIDTH="23" VPOS="369" HPOS="644"/>
							<String ID="string_78" HPOS="667" VPOS="371" WIDTH="51" HEIGHT="20" WC="0.96" CONTENT="utan"/><SP WIDTH="23" VPOS="371" HPOS="718"/>
							<String ID="string_79" HPOS="741" VPOS="369" WIDTH="162" HEIGHT="28" WC="0.96" CONTENT="inskränkning."/>
						</TextLine>
						<TextLine ID="line_8" HPOS="75" VPOS="397" WIDTH="828" HEIGHT="29">
							<String ID="string_80" HPOS="75" VPOS="397" WIDTH="50" HEIGHT="22" WC="0.96" CONTENT="Man"/><SP WIDTH="20" VPOS="397" HPOS="125"/>
							<String ID="string_81" HPOS="145" VPOS="398" WIDTH="71" HEIGHT="22" WC="0.96" CONTENT="kunde"/><SP WIDTH="15" VPOS="398" HPOS="216"/>
							<String ID="string_82" HPOS="231" VPOS="398" WIDTH="89" HEIGHT="22" WC="0.93" CONTENT="sålunda"/><SP WIDTH="15" VPOS="398" HPOS="320"/>
							<String ID="string_83" HPOS="335" VPOS="398" WIDTH="94" HEIGHT="22" WC="0.91" CONTENT="afhända"/><SP WIDTH="15" VPOS="398" HPOS="429"/>
							<String ID="string_84" HPOS="444" VPOS="404" WIDTH="27" HEIGHT="16" WC="0.96" CONTENT="en"/><SP WIDTH="16" VPOS="404" HPOS="471"/>
							<String ID="string_85" HPOS="487" VPOS="404" WIDTH="78" HEIGHT="21" WC="0.96" CONTENT="person"/><SP WIDTH="16" VPOS="404" HPOS="565"/>
							<String ID="string_86" HPOS="581" VPOS="398" WIDTH="71" HEIGHT="22" WC="0.95" CONTENT="hvilka"/><SP WIDTH="15" VPOS="398" HPOS="652"/>
							<String ID="string_87" HPOS="667" VPOS="397" WIDTH="22" HEIGHT="23" WC="0.95" CONTENT="af"/><SP WIDTH="14" VPOS="397" HPOS="689"/>
							<String ID="string_88" HPOS="703" VPOS="398" WIDTH="53" HEIGHT="22" WC="0.93" CONTENT="hans"/><SP WIDTH="15" VPOS="398" HPOS="756"/>
							<String ID="string_89" HPOS="771" VPOS="397" WIDTH="132" HEIGHT="29" WC="0.87" CONTENT="tillhörighe-"/>
						</TextLine>
						<TextLine ID="line_9" HPOS="75" VPOS="426" WIDTH="830" HEIGHT="28">
							<String ID="string_90" HPOS="75" VPOS="430" WIDTH="33" HEIGHT="18" WC="0.96" CONTENT="ter"/><SP WIDTH="15" VPOS="430" HPOS="108"/>
							<String ID="string_91" HPOS="123" VPOS="433" WIDTH="45" HEIGHT="15" WC="0.96" CONTENT="som"/><SP WIDTH="16" VPOS="433" HPOS="168"/>
							<String ID="string_92" HPOS="184" VPOS="427" WIDTH="56" HEIGHT="21" WC="0.96" CONTENT="helst"/><SP WIDTH="14" VPOS="427" HPOS="240"/>
							<String ID="string_93" HPOS="254" VPOS="427" WIDTH="28" HEIGHT="26" WC="0.96" CONTENT="på"/><SP WIDTH="16" VPOS="427" HPOS="282"/>
							<String ID="string_94" HPOS="298" VPOS="428" WIDTH="39" HEIGHT="20" WC="0.96" CONTENT="den"/><SP WIDTH="15" VPOS="428" HPOS="337"/>
							<String ID="string_95" HPOS="352" VPOS="427" WIDTH="69" HEIGHT="27" WC="0.96" CONTENT="grund"/><SP WIDTH="17" VPOS="427" HPOS="421"/>
							<String ID="string_96" HPOS="438" VPOS="429" WIDTH="33" HEIGHT="19" WC="0.96" CONTENT="att"/><SP WIDTH="15" VPOS="429" HPOS="471"/>
							<String ID="string_97" HPOS="486" VPOS="426" WIDTH="144" HEIGHT="22" WC="0.96" CONTENT="allmänheten"/><SP WIDTH="16" VPOS="426" HPOS="630"/>
							<String ID="string_98" HPOS="646" VPOS="426" WIDTH="71" HEIGHT="22" WC="0.96" CONTENT="kunde"/><SP WIDTH="15" VPOS="426" HPOS="717"/>
							<String ID="string_99" HPOS="732" VPOS="427" WIDTH="63" HEIGHT="21" WC="0.96" CONTENT="hafva"/><SP WIDTH="15" VPOS="427" HPOS="795"/>
							<String ID="string_100" HPOS="810" VPOS="429" WIDTH="61" HEIGHT="25" WC="0.96" CONTENT="nytta"/><SP WIDTH="11" VPOS="429" HPOS="871"/>
							<String ID="string_101" HPOS="882" VPOS="427" WIDTH="23" HEIGHT="22" WC="0.96" CONTENT="af"/>
						</TextLine>
						<TextLine ID="line_10" HPOS="75" VPOS="455" WIDTH="828" HEIGHT="27">
							<String ID="string_102" HPOS="75" VPOS="455" WIDTH="55" HEIGHT="22" WC="0.90" CONTENT="dem."/><SP WIDTH="30" VPOS="455" HPOS="130"/>
							<String ID="string_103" HPOS="160" VPOS="455" WIDTH="38" HEIGHT="22" WC="0.93" CONTENT="Ett"/><SP WIDTH="15" VPOS="455" HPOS="198"/>
							<String ID="string_104" HPOS="213" VPOS="457" WIDTH="65" HEIGHT="20" WC="0.96" CONTENT="annat"/><SP WIDTH="15" VPOS="457" HPOS="278"/>
							<String ID="string_105" HPOS="293" VPOS="457" WIDTH="112" HEIGHT="25" WC="0.96" CONTENT="argument"/><SP WIDTH="15" VPOS="457" HPOS="405"/>
							<String ID="string_106" HPOS="420" VPOS="456" WIDTH="47" HEIGHT="21" WC="0.96" CONTENT="åter"/><SP WIDTH="16" VPOS="456" HPOS="467"/>
							<String ID="string_107" HPOS="483" VPOS="457" WIDTH="24" HEIGHT="20" WC="0.96" CONTENT="är"/><SP WIDTH="15" VPOS="457" HPOS="507"/>
							<String ID="string_108" HPOS="522" VPOS="455" WIDTH="23" HEIGHT="21" WC="0.96" CONTENT="af"/><SP WIDTH="14" VPOS="455" HPOS="545"/>
							<String ID="string_109" HPOS="559" VPOS="457" WIDTH="89" HEIGHT="20" WC="0.96" CONTENT="motsatt"/><SP WIDTH="21" VPOS="457" HPOS="648"/>
							<String ID="string_110" HPOS="669" VPOS="455" WIDTH="152" HEIGHT="22" WC="0.95" CONTENT="beskaffenhet."/><SP WIDTH="30" VPOS="455" HPOS="821"/>
							<String ID="string_111" HPOS="851" VPOS="455" WIDTH="52" HEIGHT="22" WC="0.96" CONTENT="Man"/>
						</TextLine>
						<TextLine ID="line_11" HPOS="76" VPOS="483" WIDTH="828" HEIGHT="28">
							<String ID="string_112" HPOS="76" VPOS="485" WIDTH="73" HEIGHT="25" WC="0.96" CONTENT="säger:"/><SP WIDTH="22" VPOS="485" HPOS="149"/>
							<String ID="string_113" HPOS="171" VPOS="490" WIDTH="25" HEIGHT="15" WC="0.96" CONTENT="en"/><SP WIDTH="22" VPOS="490" HPOS="196"/>
							<String ID="string_114" HPOS="218" VPOS="484" WIDTH="43" HEIGHT="21" WC="0.96" CONTENT="bok"/><SP WIDTH="15" VPOS="484" HPOS="261"/>
							<String ID="string_115" HPOS="276" VPOS="484" WIDTH="41" HEIGHT="21" WC="0.96" CONTENT="kan"/><SP WIDTH="15" VPOS="484" HPOS="317"/>
							<String ID="string_116" HPOS="332" VPOS="484" WIDTH="32" HEIGHT="21" WC="0.96" CONTENT="till"/><SP WIDTH="16" VPOS="484" HPOS="364"/>
							<String ID="string_117" HPOS="380" VPOS="485" WIDTH="32" HEIGHT="20" WC="0.96" CONTENT="sin"/><SP WIDTH="15" VPOS="485" HPOS="412"/>
							<String ID="string_118" HPOS="427" VPOS="484" WIDTH="92" HEIGHT="21" WC="0.96" CONTENT="tendens"/><SP WIDTH="14" VPOS="484" HPOS="519"/>
							<String ID="string_119" HPOS="533" VPOS="490" WIDTH="52" HEIGHT="15" WC="0.96" CONTENT="vara"/><SP WIDTH="14" VPOS="490" HPOS="585"/>
							<String ID="string_120" HPOS="599" VPOS="483" WIDTH="90" HEIGHT="28" WC="0.96" CONTENT="skadlig,"/><SP WIDTH="17" VPOS="483" HPOS="689"/>
							<String ID="string_121" HPOS="706" VPOS="484" WIDTH="39" HEIGHT="21" WC="0.96" CONTENT="den"/><SP WIDTH="16" VPOS="484" HPOS="745"/>
							<String ID="string_122" HPOS="761" VPOS="484" WIDTH="40" HEIGHT="22" WC="0.96" CONTENT="kan"/><SP WIDTH="17" VPOS="484" HPOS="801"/>
							<String ID="string_123" HPOS="818" VPOS="491" WIDTH="51" HEIGHT="15" WC="0.96" CONTENT="vara"/><SP WIDTH="14" VPOS="491" HPOS="869"/>
							<String ID="string_124" HPOS="883" VPOS="484" WIDTH="21" HEIGHT="22" WC="0.96" CONTENT="af"/>
						</TextLine>
						<TextLine ID="line_12" HPOS="75" VPOS="512" WIDTH="828" HEIGHT="28">
							<String ID="string_125" HPOS="75" VPOS="513" WIDTH="67" HEIGHT="21" WC="0.96" CONTENT="sådan"/><SP WIDTH="15" VPOS="513" HPOS="142"/>
							<String ID="string_126" HPOS="157" VPOS="512" WIDTH="146" HEIGHT="22" WC="0.96" CONTENT="beskaffenhet"/><SP WIDTH="14" VPOS="512" HPOS="303"/>
							<String ID="string_127" HPOS="317" VPOS="515" WIDTH="32" HEIGHT="19" WC="0.96" CONTENT="att"/><SP WIDTH="16" VPOS="515" HPOS="349"/>
							<String ID="string_128" HPOS="365" VPOS="513" WIDTH="48" HEIGHT="21" WC="0.96" CONTENT="dess"/><SP WIDTH="15" VPOS="513" HPOS="413"/>
							<String ID="string_129" HPOS="428" VPOS="513" WIDTH="111" HEIGHT="27" WC="0.96" CONTENT="spridning"/><SP WIDTH="20" VPOS="513" HPOS="539"/>
							<String ID="string_130" HPOS="559" VPOS="513" WIDTH="75" HEIGHT="21" WC="0.95" CONTENT="endast"/><SP WIDTH="14" VPOS="513" HPOS="634"/>
							<String ID="string_131" HPOS="648" VPOS="513" WIDTH="33" HEIGHT="20" WC="0.95" CONTENT="till"/><SP WIDTH="16" VPOS="513" HPOS="681"/>
							<String ID="string_132" HPOS="697" VPOS="513" WIDTH="39" HEIGHT="21" WC="0.96" CONTENT="den"/><SP WIDTH="18" VPOS="513" HPOS="736"/>
							<String ID="string_133" HPOS="754" VPOS="513" WIDTH="60" HEIGHT="21" WC="0.96" CONTENT="delen"/><SP WIDTH="15" VPOS="513" HPOS="814"/>
							<String ID="string_134" HPOS="829" VPOS="513" WIDTH="23" HEIGHT="21" WC="0.93" CONTENT="af"/><SP WIDTH="13" VPOS="513" HPOS="852"/>
							<String ID="string_135" HPOS="865" VPOS="513" WIDTH="38" HEIGHT="22" WC="0.92" CONTENT="all-"/>
						</TextLine>
						<TextLine ID="line_13" HPOS="76" VPOS="541" WIDTH="827" HEIGHT="27">
							<String ID="string_136" HPOS="76" VPOS="541" WIDTH="120" HEIGHT="23" WC="0.92" CONTENT="mänheten,"/><SP WIDTH="15" VPOS="541" HPOS="196"/>
							<String ID="string_137" HPOS="211" VPOS="547" WIDTH="46" HEIGHT="16" WC="0.96" CONTENT="som"/><SP WIDTH="16" VPOS="547" HPOS="257"/>
							<String ID="string_138" HPOS="273" VPOS="542" WIDTH="55" HEIGHT="21" WC="0.95" CONTENT="talar"/><SP WIDTH="16" VPOS="542" HPOS="328"/>
							<String ID="string_139" HPOS="344" VPOS="541" WIDTH="54" HEIGHT="22" WC="0.96" CONTENT="blott"/><SP WIDTH="17" VPOS="541" HPOS="398"/>
							<String ID="string_140" HPOS="415" VPOS="541" WIDTH="36" HEIGHT="22" WC="0.96" CONTENT="det"/><SP WIDTH="16" VPOS="541" HPOS="451"/>
							<String ID="string_141" HPOS="467" VPOS="548" WIDTH="40" HEIGHT="15" WC="0.95" CONTENT="ena"/><SP WIDTH="16" VPOS="548" HPOS="507"/>
							<String ID="string_142" HPOS="523" VPOS="541" WIDTH="22" HEIGHT="22" WC="0.96" CONTENT="af"/><SP WIDTH="13" VPOS="541" HPOS="545"/>
							<String ID="string_143" HPOS="558" VPOS="542" WIDTH="52" HEIGHT="21" WC="0.96" CONTENT="våra"/><SP WIDTH="14" VPOS="542" HPOS="610"/>
							<String ID="string_144" HPOS="624" VPOS="541" WIDTH="72" HEIGHT="27" WC="0.96" CONTENT="språk,"/><SP WIDTH="15" VPOS="541" HPOS="696"/>
							<String ID="string_145" HPOS="711" VPOS="541" WIDTH="70" HEIGHT="22" WC="0.96" CONTENT="kunde"/><SP WIDTH="16" VPOS="541" HPOS="781"/>
							<String ID="string_146" HPOS="797" VPOS="542" WIDTH="64" HEIGHT="21" WC="0.96" CONTENT="verka"/><SP WIDTH="16" VPOS="542" HPOS="861"/>
							<String ID="string_147" HPOS="877" VPOS="547" WIDTH="26" HEIGHT="16" WC="0.96" CONTENT="en"/>
						</TextLine>
						<TextLine ID="line_14" HPOS="76" VPOS="569" WIDTH="827" HEIGHT="28">
							<String ID="string_148" HPOS="76" VPOS="570" WIDTH="84" HEIGHT="27" WC="0.93" CONTENT="skadlig"/><SP WIDTH="15" VPOS="570" HPOS="160"/>
							<String ID="string_149" HPOS="175" VPOS="570" WIDTH="107" HEIGHT="27" WC="0.93" CONTENT="missämja"/><SP WIDTH="15" VPOS="570" HPOS="282"/>
							<String ID="string_150" HPOS="297" VPOS="569" WIDTH="89" HEIGHT="22" WC="0.96" CONTENT="emellan"/><SP WIDTH="17" VPOS="569" HPOS="386"/>
							<String ID="string_151" HPOS="403" VPOS="571" WIDTH="26" HEIGHT="20" WC="0.96" CONTENT="de"/><SP WIDTH="16" VPOS="571" HPOS="429"/>
							<String ID="string_152" HPOS="445" VPOS="570" WIDTH="59" HEIGHT="21" WC="0.93" CONTENT="olika"/><SP WIDTH="15" VPOS="570" HPOS="504"/>
							<String ID="string_153" HPOS="519" VPOS="570" WIDTH="157" HEIGHT="21" WC="0.91" CONTENT="folkklasserna"/><SP WIDTH="14" VPOS="570" HPOS="676"/>
							<String ID="string_154" HPOS="690" VPOS="570" WIDTH="6" HEIGHT="21" WC="0.96" CONTENT="i"/><SP WIDTH="16" VPOS="570" HPOS="696"/>
							<String ID="string_155" HPOS="712" VPOS="570" WIDTH="47" HEIGHT="21" WC="0.95" CONTENT="vårt"/><SP WIDTH="14" VPOS="570" HPOS="759"/>
							<String ID="string_156" HPOS="773" VPOS="570" WIDTH="56" HEIGHT="22" WC="0.93" CONTENT="land."/><SP WIDTH="24" VPOS="570" HPOS="829"/>
							<String ID="string_157" HPOS="853" VPOS="570" WIDTH="50" HEIGHT="21" WC="0.96" CONTENT="Med"/>
						</TextLine>
						<TextLine ID="line_15" HPOS="75" VPOS="599" WIDTH="828" HEIGHT="27">
							<String ID="string_158" HPOS="75" VPOS="601" WIDTH="32" HEIGHT="18" WC="0.96" CONTENT="ett"/><SP WIDTH="16" VPOS="601" HPOS="107"/>
							<String ID="string_159" HPOS="123" VPOS="599" WIDTH="45" HEIGHT="25" WC="0.96" CONTENT="ord,"/><SP WIDTH="16" VPOS="599" HPOS="168"/>
							<String ID="string_160" HPOS="184" VPOS="599" WIDTH="36" HEIGHT="20" WC="0.97" CONTENT="det"/><SP WIDTH="16" VPOS="599" HPOS="220"/>
							<String ID="string_161" HPOS="236" VPOS="599" WIDTH="69" HEIGHT="21" WC="0.96" CONTENT="kunde"/><SP WIDTH="16" VPOS="599" HPOS="305"/>
							<String ID="string_162" HPOS="321" VPOS="605" WIDTH="50" HEIGHT="14" WC="0.96" CONTENT="vara"/><SP WIDTH="21" VPOS="605" HPOS="371"/>
							<String ID="string_163" HPOS="392" VPOS="605" WIDTH="27" HEIGHT="15" WC="0.93" CONTENT="en"/><SP WIDTH="22" VPOS="605" HPOS="419"/>
							<String ID="string_164" HPOS="441" VPOS="599" WIDTH="126" HEIGHT="27" WC="0.92" CONTENT="partiskrift,"/><SP WIDTH="16" VPOS="599" HPOS="567"/>
							<String ID="string_165" HPOS="583" VPOS="605" WIDTH="45" HEIGHT="15" WC="0.96" CONTENT="som"/><SP WIDTH="16" VPOS="605" HPOS="628"/>
							<String ID="string_166" HPOS="644" VPOS="599" WIDTH="121" HEIGHT="21" WC="0.96" CONTENT="adresseras"/><SP WIDTH="15" VPOS="599" HPOS="765"/>
							<String ID="string_167" HPOS="780" VPOS="599" WIDTH="75" HEIGHT="21" WC="0.96" CONTENT="endast"/><SP WIDTH="16" VPOS="599" HPOS="855"/>
							<String ID="string_168" HPOS="871" VPOS="599" WIDTH="32" HEIGHT="21" WC="0.96" CONTENT="till"/>
						</TextLine>
						<TextLine ID="line_16" HPOS="76" VPOS="627" WIDTH="827" HEIGHT="28">
							<String ID="string_169" HPOS="76" VPOS="627" WIDTH="41" HEIGHT="21" WC="0.96" CONTENT="den"/><SP WIDTH="16" VPOS="627" HPOS="117"/>
							<String ID="string_170" HPOS="133" VPOS="633" WIDTH="39" HEIGHT="15" WC="0.96" CONTENT="ena"/><SP WIDTH="16" VPOS="633" HPOS="172"/>
							<String ID="string_171" HPOS="188" VPOS="627" WIDTH="59" HEIGHT="22" WC="0.96" CONTENT="delen"/><SP WIDTH="17" VPOS="627" HPOS="247"/>
							<String ID="string_172" HPOS="264" VPOS="627" WIDTH="21" HEIGHT="22" WC="0.97" CONTENT="af"/><SP WIDTH="14" VPOS="627" HPOS="285"/>
							<String ID="string_173" HPOS="299" VPOS="627" WIDTH="157" HEIGHT="28" WC="0.96" CONTENT="befolkningen,"/><SP WIDTH="22" VPOS="627" HPOS="456"/>
							<String ID="string_174" HPOS="478" VPOS="627" WIDTH="111" HEIGHT="22" WC="0.96" CONTENT="hvaremot"/><SP WIDTH="20" VPOS="627" HPOS="589"/>
							<String ID="string_175" HPOS="609" VPOS="633" WIDTH="49" HEIGHT="15" WC="0.96" CONTENT="man"/><SP WIDTH="20" VPOS="633" HPOS="658"/>
							<String ID="string_176" HPOS="678" VPOS="627" WIDTH="56" HEIGHT="22" WC="0.93" CONTENT="helst"/><SP WIDTH="14" VPOS="627" HPOS="734"/>
							<String ID="string_177" HPOS="748" VPOS="628" WIDTH="51" HEIGHT="26" WC="0.93" CONTENT="säge"/><SP WIDTH="14" VPOS="628" HPOS="799"/>
							<String ID="string_178" HPOS="813" VPOS="630" WIDTH="33" HEIGHT="19" WC="0.96" CONTENT="att"/><SP WIDTH="15" VPOS="630" HPOS="846"/>
							<String ID="string_179" HPOS="861" VPOS="627" WIDTH="42" HEIGHT="22" WC="0.96" CONTENT="den"/>
						</TextLine>
						<TextLine ID="line_17" HPOS="75" VPOS="655" WIDTH="828" HEIGHT="28">
							<String ID="string_180" HPOS="75" VPOS="656" WIDTH="68" HEIGHT="21" WC="0.96" CONTENT="andra"/><SP WIDTH="16" VPOS="656" HPOS="143"/>
							<String ID="string_181" HPOS="159" VPOS="655" WIDTH="61" HEIGHT="22" WC="0.96" CONTENT="delen"/><SP WIDTH="15" VPOS="655" HPOS="220"/>
							<String ID="string_182" HPOS="235" VPOS="656" WIDTH="68" HEIGHT="21" WC="0.93" CONTENT="skulle"/><SP WIDTH="22" VPOS="656" HPOS="303"/>
							<String ID="string_183" HPOS="325" VPOS="655" WIDTH="68" HEIGHT="22" WC="0.91" CONTENT="hällas"/><SP WIDTH="15" VPOS="655" HPOS="393"/>
							<String ID="string_184" HPOS="408" VPOS="657" WIDTH="7" HEIGHT="20" WC="0.93" CONTENT="i"/><SP WIDTH="16" VPOS="657" HPOS="415"/>
							<String ID="string_185" HPOS="431" VPOS="656" WIDTH="134" HEIGHT="27" WC="0.92" CONTENT="okunnighet"/><SP WIDTH="21" VPOS="656" HPOS="565"/>
							<String ID="string_186" HPOS="586" VPOS="656" WIDTH="80" HEIGHT="21" WC="0.93" CONTENT="derom."/><SP WIDTH="30" VPOS="656" HPOS="666"/>
							<String ID="string_187" HPOS="696" VPOS="656" WIDTH="65" HEIGHT="21" WC="0.96" CONTENT="Detta"/><SP WIDTH="17" VPOS="656" HPOS="761"/>
							<String ID="string_188" HPOS="778" VPOS="656" WIDTH="47" HEIGHT="21" WC="0.96" CONTENT="skäl"/><SP WIDTH="15" VPOS="656" HPOS="825"/>
							<String ID="string_189" HPOS="840" VPOS="662" WIDTH="63" HEIGHT="16" WC="0.96" CONTENT="anser"/>
						</TextLine>
						<TextLine ID="line_18" HPOS="73" VPOS="684" WIDTH="830" HEIGHT="28">
							<String ID="string_190" HPOS="73" VPOS="684" WIDTH="38" HEIGHT="27" WC="0.95" CONTENT="jag"/><SP WIDTH="16" VPOS="684" HPOS="111"/>
							<String ID="string_191" HPOS="127" VPOS="686" WIDTH="57" HEIGHT="19" WC="0.96" CONTENT="ännu"/><SP WIDTH="14" VPOS="686" HPOS="184"/>
							<String ID="string_192" HPOS="198" VPOS="685" WIDTH="83" HEIGHT="21" WC="0.96" CONTENT="mindre"/><SP WIDTH="15" VPOS="685" HPOS="281"/>
							<String ID="string_193" HPOS="296" VPOS="685" WIDTH="71" HEIGHT="21" WC="0.93" CONTENT="kunna"/><SP WIDTH="22" VPOS="685" HPOS="367"/>
							<String ID="string_194" HPOS="389" VPOS="685" WIDTH="100" HEIGHT="27" WC="0.96" CONTENT="tilläggas"/><SP WIDTH="24" VPOS="685" HPOS="489"/>
							<String ID="string_195" HPOS="513" VPOS="685" WIDTH="70" HEIGHT="27" WC="0.79" CONTENT="någon"/><SP WIDTH="21" VPOS="685" HPOS="583"/>
							<String ID="string_196" HPOS="604" VPOS="685" WIDTH="120" HEIGHT="27" WC="0.95" CONTENT="betydelse;"/><SP WIDTH="16" VPOS="685" HPOS="724"/>
							<String ID="string_197" HPOS="740" VPOS="687" WIDTH="22" HEIGHT="25" WC="0.96" CONTENT="ty"/><SP WIDTH="15" VPOS="687" HPOS="762"/>
							<String ID="string_198" HPOS="777" VPOS="687" WIDTH="33" HEIGHT="19" WC="0.96" CONTENT="att"/><SP WIDTH="14" VPOS="687" HPOS="810"/>
							<String ID="string_199" HPOS="824" VPOS="684" WIDTH="33" HEIGHT="22" WC="0.97" CONTENT="för"/><SP WIDTH="15" VPOS="684" HPOS="857"/>
							<String ID="string_200" HPOS="872" VPOS="687" WIDTH="31" HEIGHT="20" WC="0.96" CONTENT="ett"/>
						</TextLine>
						<TextLine ID="line_19" HPOS="77" VPOS="713" WIDTH="826" HEIGHT="28">
							<String ID="string_201" HPOS="77" VPOS="713" WIDTH="76" HEIGHT="22" WC="0.91" CONTENT="sädant"/><SP WIDTH="15" VPOS="713" HPOS="153"/>
							<String ID="string_202" HPOS="168" VPOS="713" WIDTH="98" HEIGHT="22" WC="0.91" CONTENT="befaradt"/><SP WIDTH="16" VPOS="713" HPOS="266"/>
							<String ID="string_203" HPOS="282" VPOS="713" WIDTH="105" HEIGHT="22" WC="0.92" CONTENT="missbruk"/><SP WIDTH="15" VPOS="713" HPOS="387"/>
							<String ID="string_204" HPOS="402" VPOS="713" WIDTH="50" HEIGHT="28" WC="0.93" CONTENT="vilja"/><SP WIDTH="15" VPOS="713" HPOS="452"/>
							<String ID="string_205" HPOS="467" VPOS="713" WIDTH="117" HEIGHT="22" WC="0.91" CONTENT="inskränka"/><SP WIDTH="10" VPOS="713" HPOS="584"/>
							<String ID="string_206" HPOS="594" VPOS="714" WIDTH="40" HEIGHT="21" WC="0.93" CONTENT="den"/><SP WIDTH="10" VPOS="714" HPOS="634"/>
							<String ID="string_207" HPOS="644" VPOS="713" WIDTH="96" HEIGHT="22" WC="0.92" CONTENT="litterära"/><SP WIDTH="10" VPOS="713" HPOS="740"/>
							<String ID="string_208" HPOS="750" VPOS="713" WIDTH="153" HEIGHT="27" WC="0.92" CONTENT="eganderätten"/>
						</TextLine>
						<TextLine ID="line_20" HPOS="77" VPOS="741" WIDTH="826" HEIGHT="28">
							<String ID="string_209" HPOS="77" VPOS="741" WIDTH="34" HEIGHT="22" WC="0.96" CONTENT="för"/><SP WIDTH="14" VPOS="741" HPOS="111"/>
							<String ID="string_210" HPOS="125" VPOS="741" WIDTH="116" HEIGHT="27" WC="0.96" CONTENT="författare,"/><SP WIDTH="15" VPOS="741" HPOS="241"/>
							<String ID="string_211" HPOS="256" VPOS="744" WIDTH="24" HEIGHT="19" WC="0.96" CONTENT="är"/><SP WIDTH="14" VPOS="744" HPOS="280"/>
							<String ID="string_212" HPOS="294" VPOS="742" WIDTH="90" HEIGHT="27" WC="0.92" CONTENT="ungefär"/><SP WIDTH="21" VPOS="742" HPOS="384"/>
							<String ID="string_213" HPOS="405" VPOS="743" WIDTH="120" HEIGHT="20" WC="0.92" CONTENT="detsamma"/><SP WIDTH="20" VPOS="743" HPOS="525"/>
							<String ID="string_214" HPOS="545" VPOS="749" WIDTH="45" HEIGHT="14" WC="0.96" CONTENT="som"/><SP WIDTH="20" VPOS="749" HPOS="590"/>
							<String ID="string_215" HPOS="610" VPOS="744" WIDTH="32" HEIGHT="19" WC="0.96" CONTENT="att"/><SP WIDTH="16" VPOS="744" HPOS="642"/>
							<String ID="string_216" HPOS="658" VPOS="742" WIDTH="48" HEIGHT="25" WC="0.93" CONTENT="vilja"/><SP WIDTH="15" VPOS="742" HPOS="706"/>
							<String ID="string_217" HPOS="721" VPOS="742" WIDTH="110" HEIGHT="27" WC="0.91" CONTENT="förgväfva"/><SP WIDTH="14" VPOS="742" HPOS="831"/>
							<String ID="string_218" HPOS="845" VPOS="742" WIDTH="58" HEIGHT="22" WC="0.87" CONTENT="litte-"/>
						</TextLine>
						<TextLine ID="line_21" HPOS="77" VPOS="771" WIDTH="826" HEIGHT="27">
							<String ID="string_219" HPOS="77" VPOS="773" WIDTH="93" HEIGHT="21" WC="0.91" CONTENT="raturen,"/><SP WIDTH="11" VPOS="773" HPOS="170"/>
							<String ID="string_220" HPOS="181" VPOS="771" WIDTH="89" HEIGHT="21" WC="0.92" CONTENT="emedan"/><SP WIDTH="11" VPOS="771" HPOS="270"/>
							<String ID="string_221" HPOS="281" VPOS="771" WIDTH="105" HEIGHT="21" WC="0.92" CONTENT="missbruk"/><SP WIDTH="12" VPOS="771" HPOS="386"/>
							<String ID="string_222" HPOS="398" VPOS="771" WIDTH="61" HEIGHT="21" WC="0.92" CONTENT="deraf"/><SP WIDTH="8" VPOS="771" HPOS="459"/>
							<String ID="string_223" HPOS="467" VPOS="771" WIDTH="74" HEIGHT="21" WC="0.92" CONTENT="kunna"/><SP WIDTH="11" VPOS="771" HPOS="541"/>
							<String ID="string_224" HPOS="552" VPOS="771" WIDTH="137" HEIGHT="21" WC="0.91" CONTENT="förekomma."/><SP WIDTH="18" VPOS="771" HPOS="689"/>
							<String ID="string_225" HPOS="707" VPOS="771" WIDTH="42" HEIGHT="21" WC="0.93" CONTENT="För"/><SP WIDTH="11" VPOS="771" HPOS="749"/>
							<String ID="string_226" HPOS="760" VPOS="771" WIDTH="64" HEIGHT="27" WC="0.92" CONTENT="öfrigt"/><SP WIDTH="10" VPOS="771" HPOS="824"/>
							<String ID="string_227" HPOS="834" VPOS="771" WIDTH="69" HEIGHT="22" WC="0.96" CONTENT="skulle"/>
						</TextLine>
						<TextLine ID="line_22" HPOS="76" VPOS="799" WIDTH="827" HEIGHT="28">
							<String ID="string_228" HPOS="76" VPOS="799" WIDTH="47" HEIGHT="22" WC="0.91" CONTENT="icke"/><SP WIDTH="17" VPOS="799" HPOS="123"/>
							<String ID="string_229" HPOS="140" VPOS="799" WIDTH="67" HEIGHT="21" WC="0.92" CONTENT="häller"/><SP WIDTH="15" VPOS="799" HPOS="207"/>
							<String ID="string_230" HPOS="222" VPOS="799" WIDTH="146" HEIGHT="26" WC="0.90" CONTENT="ifrägakomna"/><SP WIDTH="15" VPOS="799" HPOS="368"/>
							<String ID="string_231" HPOS="383" VPOS="799" WIDTH="115" HEIGHT="28" WC="0.92" CONTENT="olägenhet"/><SP WIDTH="15" VPOS="799" HPOS="498"/>
							<String ID="string_232" HPOS="513" VPOS="800" WIDTH="72" HEIGHT="21" WC="0.93" CONTENT="kunna"/><SP WIDTH="14" VPOS="800" HPOS="585"/>
							<String ID="string_233" HPOS="599" VPOS="799" WIDTH="142" HEIGHT="22" WC="0.92" CONTENT="förekommas"/><SP WIDTH="17" VPOS="799" HPOS="741"/>
							<String ID="string_234" HPOS="758" VPOS="806" WIDTH="75" HEIGHT="20" WC="0.93" CONTENT="genom"/><SP WIDTH="11" VPOS="806" HPOS="833"/>
							<String ID="string_235" HPOS="844" VPOS="801" WIDTH="59" HEIGHT="20" WC="0.92" CONTENT="stad-"/>
						</TextLine>
						<TextLine ID="line_23" HPOS="76" VPOS="828" WIDTH="827" HEIGHT="27">
							<String ID="string_236" HPOS="76" VPOS="828" WIDTH="80" HEIGHT="26" WC="0.93" CONTENT="gandet"/><SP WIDTH="14" VPOS="828" HPOS="156"/>
							<String ID="string_237" HPOS="170" VPOS="828" WIDTH="7" HEIGHT="21" WC="0.93" CONTENT="i"/><SP WIDTH="16" VPOS="828" HPOS="177"/>
							<String ID="string_238" HPOS="193" VPOS="828" WIDTH="77" HEIGHT="27" WC="0.92" CONTENT="nädiga"/><SP WIDTH="22" VPOS="828" HPOS="270"/>
							<String ID="string_239" HPOS="292" VPOS="829" WIDTH="167" HEIGHT="26" WC="0.96" CONTENT="propositionen,"/><SP WIDTH="24" VPOS="829" HPOS="459"/>
							<String ID="string_240" HPOS="483" VPOS="835" WIDTH="45" HEIGHT="14" WC="0.92" CONTENT="som"/><SP WIDTH="24" VPOS="835" HPOS="528"/>
							<String ID="string_241" HPOS="552" VPOS="828" WIDTH="116" HEIGHT="26" WC="0.92" CONTENT="medgifver"/><SP WIDTH="22" VPOS="828" HPOS="668"/>
							<String ID="string_242" HPOS="690" VPOS="835" WIDTH="24" HEIGHT="14" WC="0.96" CONTENT="en"/><SP WIDTH="24" VPOS="835" HPOS="714"/>
							<String ID="string_243" HPOS="738" VPOS="829" WIDTH="29" HEIGHT="20" WC="0.96" CONTENT="tid"/><SP WIDTH="16" VPOS="829" HPOS="767"/>
							<String ID="string_244" HPOS="783" VPOS="828" WIDTH="23" HEIGHT="21" WC="0.96" CONTENT="af"/><SP WIDTH="15" VPOS="828" HPOS="806"/>
							<String ID="string_245" HPOS="821" VPOS="828" WIDTH="42" HEIGHT="22" WC="0.96" CONTENT="fem"/><SP WIDTH="16" VPOS="828" HPOS="863"/>
							<String ID="string_246" HPOS="879" VPOS="829" WIDTH="24" HEIGHT="21" WC="0.96" CONTENT="är"/>
						</TextLine>
						<TextLine ID="line_24" HPOS="77" VPOS="856" WIDTH="826" HEIGHT="28">
							<String ID="string_247" HPOS="77" VPOS="856" WIDTH="33" HEIGHT="21" WC="0.96" CONTENT="för"/><SP WIDTH="15" VPOS="856" HPOS="110"/>
							<String ID="string_248" HPOS="125" VPOS="857" WIDTH="112" HEIGHT="21" WC="0.96" CONTENT="författare"/><SP WIDTH="16" VPOS="857" HPOS="237"/>
							<String ID="string_249" HPOS="253" VPOS="857" WIDTH="31" HEIGHT="21" WC="0.93" CONTENT="till"/><SP WIDTH="16" VPOS="857" HPOS="284"/>
							<String ID="string_250" HPOS="300" VPOS="857" WIDTH="121" HEIGHT="26" WC="0.92" CONTENT="utgifvande"/><SP WIDTH="16" VPOS="857" HPOS="421"/>
							<String ID="string_251" HPOS="437" VPOS="857" WIDTH="22" HEIGHT="22" WC="0.93" CONTENT="af"/><SP WIDTH="19" VPOS="857" HPOS="459"/>
							<String ID="string_252" HPOS="478" VPOS="857" WIDTH="159" HEIGHT="27" WC="0.87" CONTENT="öfversättning,"/><SP WIDTH="15" VPOS="857" HPOS="637"/>
							<String ID="string_253" HPOS="652" VPOS="861" WIDTH="23" HEIGHT="22" WC="0.97" CONTENT="ty"/><SP WIDTH="15" VPOS="861" HPOS="675"/>
							<String ID="string_254" HPOS="690" VPOS="863" WIDTH="25" HEIGHT="15" WC="0.93" CONTENT="en"/><SP WIDTH="16" VPOS="863" HPOS="715"/>
							<String ID="string_255" HPOS="731" VPOS="857" WIDTH="118" HEIGHT="26" WC="0.93" CONTENT="partiskrift"/><SP WIDTH="15" VPOS="857" HPOS="849"/>
							<String ID="string_256" HPOS="864" VPOS="857" WIDTH="39" HEIGHT="22" WC="0.96" CONTENT="har"/>
						</TextLine>
						<TextLine ID="line_25" HPOS="73" VPOS="885" WIDTH="830" HEIGHT="28">
							<String ID="string_257" HPOS="73" VPOS="885" WIDTH="26" HEIGHT="26" WC="0.96" CONTENT="ju"/><SP WIDTH="15" VPOS="885" HPOS="99"/>
							<String ID="string_258" HPOS="114" VPOS="885" WIDTH="32" HEIGHT="21" WC="0.96" CONTENT="sin"/><SP WIDTH="16" VPOS="885" HPOS="146"/>
							<String ID="string_259" HPOS="162" VPOS="885" WIDTH="108" HEIGHT="28" WC="0.96" CONTENT="betydelse"/><SP WIDTH="16" VPOS="885" HPOS="270"/>
							<String ID="string_260" HPOS="286" VPOS="885" WIDTH="118" HEIGHT="27" WC="0.93" CONTENT="egentligen"/><SP WIDTH="22" VPOS="885" HPOS="404"/>
							<String ID="string_261" HPOS="426" VPOS="886" WIDTH="57" HEIGHT="21" WC="0.95" CONTENT="blott"/><SP WIDTH="15" VPOS="886" HPOS="483"/>
							<String ID="string_262" HPOS="498" VPOS="886" WIDTH="33" HEIGHT="21" WC="0.96" CONTENT="för"/><SP WIDTH="16" VPOS="886" HPOS="531"/>
							<String ID="string_263" HPOS="547" VPOS="886" WIDTH="73" HEIGHT="26" WC="0.94" CONTENT="dagen."/><SP WIDTH="31" VPOS="886" HPOS="620"/>
							<String ID="string_264" HPOS="651" VPOS="885" WIDTH="61" HEIGHT="22" WC="0.95" CONTENT="Efter"/><SP WIDTH="15" VPOS="885" HPOS="712"/>
							<String ID="string_265" HPOS="727" VPOS="886" WIDTH="41" HEIGHT="21" WC="0.93" CONTENT="fem"/><SP WIDTH="16" VPOS="886" HPOS="768"/>
							<String ID="string_266" HPOS="784" VPOS="885" WIDTH="24" HEIGHT="22" WC="0.97" CONTENT="år"/><SP WIDTH="15" VPOS="885" HPOS="808"/>
							<String ID="string_267" HPOS="823" VPOS="888" WIDTH="24" HEIGHT="19" WC="0.97" CONTENT="är"/><SP WIDTH="16" VPOS="888" HPOS="847"/>
							<String ID="string_268" HPOS="863" VPOS="886" WIDTH="40" HEIGHT="22" WC="0.96" CONTENT="den"/>
						</TextLine>
						<TextLine ID="line_26" HPOS="77" VPOS="913" WIDTH="826" HEIGHT="29">
							<String ID="string_269" HPOS="77" VPOS="914" WIDTH="6" HEIGHT="21" WC="0.93" CONTENT="i"/><SP WIDTH="16" VPOS="914" HPOS="83"/>
							<String ID="string_270" HPOS="99" VPOS="913" WIDTH="115" HEIGHT="22" WC="0.92" CONTENT="allmänhet"/><SP WIDTH="16" VPOS="913" HPOS="214"/>
							<String ID="string_271" HPOS="230" VPOS="914" WIDTH="64" HEIGHT="21" WC="0.93" CONTENT="redan"/><SP WIDTH="16" VPOS="914" HPOS="294"/>
							<String ID="string_272" HPOS="310" VPOS="915" WIDTH="72" HEIGHT="26" WC="0.90" CONTENT="glömd"/><SP WIDTH="16" VPOS="915" HPOS="382"/>
							<String ID="string_273" HPOS="398" VPOS="915" WIDTH="40" HEIGHT="20" WC="0.93" CONTENT="och"/><SP WIDTH="16" VPOS="915" HPOS="438"/>
							<String ID="string_274" HPOS="454" VPOS="914" WIDTH="84" HEIGHT="22" WC="0.92" CONTENT="säledes"/><SP WIDTH="16" VPOS="914" HPOS="538"/>
							<String ID="string_275" HPOS="554" VPOS="915" WIDTH="67" HEIGHT="21" WC="0.96" CONTENT="skulle"/><SP WIDTH="17" VPOS="915" HPOS="621"/>
							<String ID="string_276" HPOS="638" VPOS="915" WIDTH="69" HEIGHT="20" WC="0.93" CONTENT="denna"/><SP WIDTH="9" VPOS="915" HPOS="707"/>
							<String ID="string_277" HPOS="716" VPOS="914" WIDTH="141" HEIGHT="28" WC="0.91" CONTENT="bestämning,"/><SP WIDTH="11" VPOS="914" HPOS="857"/>
							<String ID="string_278" HPOS="868" VPOS="921" WIDTH="35" HEIGHT="15" WC="0.96" CONTENT="om"/>
						</TextLine>
						<TextLine ID="line_27" HPOS="77" VPOS="943" WIDTH="826" HEIGHT="27">
							<String ID="string_279" HPOS="77" VPOS="948" WIDTH="49" HEIGHT="15" WC="0.93" CONTENT="man"/><SP WIDTH="17" VPOS="948" HPOS="126"/>
							<String ID="string_280" HPOS="143" VPOS="943" WIDTH="85" HEIGHT="21" WC="0.92" CONTENT="dermed"/><SP WIDTH="16" VPOS="943" HPOS="228"/>
							<String ID="string_281" HPOS="244" VPOS="943" WIDTH="78" HEIGHT="27" WC="0.91" CONTENT="äsyftat"/><SP WIDTH="15" VPOS="943" HPOS="322"/>
							<String ID="string_282" HPOS="337" VPOS="945" WIDTH="33" HEIGHT="19" WC="0.93" CONTENT="att"/><SP WIDTH="15" VPOS="945" HPOS="370"/>
							<String ID="string_283" HPOS="385" VPOS="944" WIDTH="112" HEIGHT="20" WC="0.96" CONTENT="motverka"/><SP WIDTH="16" VPOS="944" HPOS="497"/>
							<String ID="string_284" HPOS="513" VPOS="945" WIDTH="31" HEIGHT="20" WC="0.93" CONTENT="ett"/><SP WIDTH="14" VPOS="945" HPOS="544"/>
							<String ID="string_285" HPOS="558" VPOS="943" WIDTH="107" HEIGHT="21" WC="0.96" CONTENT="missbruk"/><SP WIDTH="16" VPOS="943" HPOS="665"/>
							<String ID="string_286" HPOS="681" VPOS="943" WIDTH="21" HEIGHT="21" WC="0.93" CONTENT="af"/><SP WIDTH="13" VPOS="943" HPOS="702"/>
							<String ID="string_287" HPOS="715" VPOS="944" WIDTH="132" HEIGHT="21" WC="0.91" CONTENT="sistnämnda"/><SP WIDTH="15" VPOS="944" HPOS="847"/>
							<String ID="string_288" HPOS="862" VPOS="946" WIDTH="41" HEIGHT="24" WC="0.96" CONTENT="art,"/>
						</TextLine>
						<TextLine ID="line_28" HPOS="76" VPOS="971" WIDTH="827" HEIGHT="27">
							<String ID="string_289" HPOS="76" VPOS="971" WIDTH="67" HEIGHT="21" WC="0.94" CONTENT="blifva"/><SP WIDTH="14" VPOS="971" HPOS="143"/>
							<String ID="string_290" HPOS="157" VPOS="971" WIDTH="88" HEIGHT="22" WC="0.93" CONTENT="alldeles"/><SP WIDTH="22" VPOS="971" HPOS="245"/>
							<String ID="string_291" HPOS="267" VPOS="971" WIDTH="113" HEIGHT="22" WC="0.90" CONTENT="illusorisk."/><SP WIDTH="31" VPOS="971" HPOS="380"/>
							<String ID="string_292" HPOS="411" VPOS="972" WIDTH="39" HEIGHT="21" WC="0.93" CONTENT="Ett"/><SP WIDTH="15" VPOS="972" HPOS="450"/>
							<String ID="string_293" HPOS="465" VPOS="972" WIDTH="69" HEIGHT="26" WC="0.96" CONTENT="tredje"/><SP WIDTH="15" VPOS="972" HPOS="534"/>
							<String ID="string_294" HPOS="549" VPOS="972" WIDTH="46" HEIGHT="21" WC="0.96" CONTENT="skäl"/><SP WIDTH="15" VPOS="972" HPOS="595"/>
							<String ID="string_295" HPOS="610" VPOS="973" WIDTH="31" HEIGHT="24" WC="0.96" CONTENT="är,"/><SP WIDTH="16" VPOS="973" HPOS="641"/>
							<String ID="string_296" HPOS="657" VPOS="973" WIDTH="39" HEIGHT="24" WC="0.96" CONTENT="att,"/><SP WIDTH="16" VPOS="973" HPOS="696"/>
							<String ID="string_297" HPOS="712" VPOS="978" WIDTH="34" HEIGHT="15" WC="0.96" CONTENT="om"/><SP WIDTH="15" VPOS="978" HPOS="746"/>
							<String ID="string_298" HPOS="761" VPOS="978" WIDTH="49" HEIGHT="15" WC="0.93" CONTENT="man"/><SP WIDTH="15" VPOS="978" HPOS="810"/>
							<String ID="string_299" HPOS="825" VPOS="972" WIDTH="78" HEIGHT="21" WC="0.96" CONTENT="önskar"/>
						</TextLine>
						<TextLine ID="line_29" HPOS="77" VPOS="999" WIDTH="826" HEIGHT="28">
							<String ID="string_300" HPOS="77" VPOS="1000" WIDTH="7" HEIGHT="20" WC="0.93" CONTENT="i"/><SP WIDTH="16" VPOS="1000" HPOS="84"/>
							<String ID="string_301" HPOS="100" VPOS="999" WIDTH="48" HEIGHT="22" WC="0.93" CONTENT="värt"/><SP WIDTH="15" VPOS="999" HPOS="148"/>
							<String ID="string_302" HPOS="163" VPOS="1000" WIDTH="49" HEIGHT="21" WC="0.95" CONTENT="land"/><SP WIDTH="16" VPOS="1000" HPOS="212"/>
							<String ID="string_303" HPOS="228" VPOS="1002" WIDTH="75" HEIGHT="25" WC="0.95" CONTENT="trygga"/><SP WIDTH="15" VPOS="1002" HPOS="303"/>
							<String ID="string_304" HPOS="318" VPOS="1007" WIDTH="25" HEIGHT="14" WC="0.93" CONTENT="en"/><SP WIDTH="16" VPOS="1007" HPOS="343"/>
							<String ID="string_305" HPOS="359" VPOS="1000" WIDTH="124" HEIGHT="22" WC="0.93" CONTENT="författares"/><SP WIDTH="8" VPOS="1000" HPOS="483"/>
							<String ID="string_306" HPOS="491" VPOS="1003" WIDTH="44" HEIGHT="18" WC="0.96" CONTENT="rätt"/><SP WIDTH="10" VPOS="1003" HPOS="535"/>
							<String ID="string_307" HPOS="545" VPOS="1000" WIDTH="33" HEIGHT="21" WC="0.93" CONTENT="till"/><SP WIDTH="11" VPOS="1000" HPOS="578"/>
							<String ID="string_308" HPOS="589" VPOS="1001" WIDTH="152" HEIGHT="26" WC="0.91" CONTENT="öfversättning"/><SP WIDTH="12" VPOS="1001" HPOS="741"/>
							<String ID="string_309" HPOS="753" VPOS="1001" WIDTH="67" HEIGHT="20" WC="0.97" CONTENT="under"/><SP WIDTH="10" VPOS="1001" HPOS="820"/>
							<String ID="string_310" HPOS="830" VPOS="1001" WIDTH="73" HEIGHT="26" WC="0.96" CONTENT="längre"/>
						</TextLine>
						<TextLine ID="line_30" HPOS="76" VPOS="1027" WIDTH="827" HEIGHT="29">
							<String ID="string_311" HPOS="76" VPOS="1027" WIDTH="53" HEIGHT="22" WC="0.92" CONTENT="eller"/><SP WIDTH="16" VPOS="1027" HPOS="129"/>
							<String ID="string_312" HPOS="145" VPOS="1028" WIDTH="86" HEIGHT="21" WC="0.92" CONTENT="kortare"/><SP WIDTH="21" VPOS="1028" HPOS="231"/>
							<String ID="string_313" HPOS="252" VPOS="1029" WIDTH="38" HEIGHT="25" WC="0.95" CONTENT="tid,"/><SP WIDTH="23" VPOS="1029" HPOS="290"/>
							<String ID="string_314" HPOS="313" VPOS="1029" WIDTH="69" HEIGHT="21" WC="0.96" CONTENT="denna"/><SP WIDTH="22" VPOS="1029" HPOS="382"/>
							<String ID="string_315" HPOS="404" VPOS="1031" WIDTH="44" HEIGHT="20" WC="0.93" CONTENT="rätt"/><SP WIDTH="23" VPOS="1031" HPOS="448"/>
							<String ID="string_316" HPOS="471" VPOS="1029" WIDTH="65" HEIGHT="21" WC="0.92" CONTENT="likväl"/><SP WIDTH="21" VPOS="1029" HPOS="536"/>
							<String ID="string_317" HPOS="557" VPOS="1029" WIDTH="41" HEIGHT="21" WC="0.96" CONTENT="lätt"/><SP WIDTH="18" VPOS="1029" HPOS="598"/>
							<String ID="string_318" HPOS="616" VPOS="1029" WIDTH="42" HEIGHT="21" WC="0.91" CONTENT="kan"/><SP WIDTH="16" VPOS="1029" HPOS="658"/>
							<String ID="string_319" HPOS="674" VPOS="1029" WIDTH="91" HEIGHT="21" WC="0.91" CONTENT="kränkas"/><SP WIDTH="16" VPOS="1029" HPOS="765"/>
							<String ID="string_320" HPOS="781" VPOS="1029" WIDTH="122" HEIGHT="27" WC="0.92" CONTENT="derigenom"/>
						</TextLine>
						<TextLine ID="line_31" HPOS="75" VPOS="1057" WIDTH="829" HEIGHT="28">
							<String ID="string_321" HPOS="75" VPOS="1059" WIDTH="35" HEIGHT="19" WC="0.87" CONTENT="att"/><SP WIDTH="15" VPOS="1059" HPOS="110"/>
							<String ID="string_322" HPOS="125" VPOS="1057" WIDTH="6" HEIGHT="20" WC="0.87" CONTENT="i"/><SP WIDTH="17" VPOS="1057" HPOS="131"/>
							<String ID="string_323" HPOS="148" VPOS="1057" WIDTH="47" HEIGHT="21" WC="0.96" CONTENT="vårt"/><SP WIDTH="15" VPOS="1057" HPOS="195"/>
							<String ID="string_324" HPOS="210" VPOS="1058" WIDTH="117" HEIGHT="26" WC="0.96" CONTENT="grannland"/><SP WIDTH="16" VPOS="1058" HPOS="327"/>
							<String ID="string_325" HPOS="343" VPOS="1058" WIDTH="87" HEIGHT="27" WC="0.93" CONTENT="Sverige"/><SP WIDTH="10" VPOS="1058" HPOS="430"/>
							<String ID="string_326" HPOS="440" VPOS="1058" WIDTH="67" HEIGHT="27" WC="0.96" CONTENT="något"/><SP WIDTH="15" VPOS="1058" HPOS="507"/>
							<String ID="string_327" HPOS="522" VPOS="1058" WIDTH="76" HEIGHT="21" WC="0.96" CONTENT="sådant"/><SP WIDTH="15" VPOS="1058" HPOS="598"/>
							<String ID="string_328" HPOS="613" VPOS="1057" WIDTH="75" HEIGHT="22" WC="0.96" CONTENT="hinder"/><SP WIDTH="15" VPOS="1057" HPOS="688"/>
							<String ID="string_329" HPOS="703" VPOS="1057" WIDTH="33" HEIGHT="22" WC="0.93" CONTENT="för"/><SP WIDTH="15" VPOS="1057" HPOS="736"/>
							<String ID="string_330" HPOS="751" VPOS="1058" WIDTH="153" HEIGHT="27" WC="0.92" CONTENT="öfversättning"/>
						</TextLine>
						<TextLine ID="line_32" HPOS="77" VPOS="1085" WIDTH="826" HEIGHT="27">
							<String ID="string_331" HPOS="77" VPOS="1085" WIDTH="48" HEIGHT="22" WC="0.91" CONTENT="icke"/><SP WIDTH="16" VPOS="1085" HPOS="125"/>
							<String ID="string_332" HPOS="141" VPOS="1086" WIDTH="109" HEIGHT="21" WC="0.92" CONTENT="existerar."/><SP WIDTH="32" VPOS="1086" HPOS="250"/>
							<String ID="string_333" HPOS="282" VPOS="1086" WIDTH="49" HEIGHT="21" WC="0.96" CONTENT="Man"/><SP WIDTH="16" VPOS="1086" HPOS="331"/>
							<String ID="string_334" HPOS="347" VPOS="1087" WIDTH="71" HEIGHT="20" WC="0.93" CONTENT="kunde"/><SP WIDTH="13" VPOS="1087" HPOS="418"/>
							<String ID="string_335" HPOS="431" VPOS="1087" WIDTH="84" HEIGHT="21" WC="0.92" CONTENT="säledes"/><SP WIDTH="16" VPOS="1087" HPOS="515"/>
							<String ID="string_336" HPOS="531" VPOS="1086" WIDTH="44" HEIGHT="21" WC="0.92" CONTENT="läta"/><SP WIDTH="15" VPOS="1086" HPOS="575"/>
							<String ID="string_337" HPOS="590" VPOS="1086" WIDTH="117" HEIGHT="22" WC="0.91" CONTENT="verkställa"/><SP WIDTH="15" VPOS="1086" HPOS="707"/>
							<String ID="string_338" HPOS="722" VPOS="1087" WIDTH="181" HEIGHT="25" WC="0.87" CONTENT="öfversättningen"/>
						</TextLine>
						<TextLine ID="line_33" HPOS="77" VPOS="1114" WIDTH="827" HEIGHT="28">
							<String ID="string_339" HPOS="77" VPOS="1114" WIDTH="7" HEIGHT="21" WC="0.95" CONTENT="i"/><SP WIDTH="16" VPOS="1114" HPOS="84"/>
							<String ID="string_340" HPOS="100" VPOS="1114" WIDTH="87" HEIGHT="27" WC="0.96" CONTENT="Sverige"/><SP WIDTH="16" VPOS="1114" HPOS="187"/>
							<String ID="string_341" HPOS="203" VPOS="1115" WIDTH="39" HEIGHT="21" WC="0.96" CONTENT="och"/><SP WIDTH="16" VPOS="1115" HPOS="242"/>
							<String ID="string_342" HPOS="258" VPOS="1115" WIDTH="64" HEIGHT="21" WC="0.93" CONTENT="sedan"/><SP WIDTH="15" VPOS="1115" HPOS="322"/>
							<String ID="string_343" HPOS="337" VPOS="1115" WIDTH="117" HEIGHT="26" WC="0.90" CONTENT="importera"/><SP WIDTH="23" VPOS="1115" HPOS="454"/>
							<String ID="string_344" HPOS="477" VPOS="1115" WIDTH="125" HEIGHT="22" WC="0.91" CONTENT="densamma"/><SP WIDTH="15" VPOS="1115" HPOS="602"/>
							<String ID="string_345" HPOS="617" VPOS="1115" WIDTH="37" HEIGHT="21" WC="0.96" CONTENT="hit."/><SP WIDTH="32" VPOS="1115" HPOS="654"/>
							<String ID="string_346" HPOS="686" VPOS="1115" WIDTH="40" HEIGHT="21" WC="0.96" CONTENT="Det"/><SP WIDTH="16" VPOS="1115" HPOS="726"/>
							<String ID="string_347" HPOS="742" VPOS="1117" WIDTH="24" HEIGHT="19" WC="0.93" CONTENT="är"/><SP WIDTH="15" VPOS="1117" HPOS="766"/>
							<String ID="string_348" HPOS="781" VPOS="1115" WIDTH="123" HEIGHT="27" WC="0.93" CONTENT="visserligen"/>
						</TextLine>
						<TextLine ID="line_34" HPOS="77" VPOS="1142" WIDTH="827" HEIGHT="29">
							<String ID="string_349" HPOS="77" VPOS="1142" WIDTH="60" HEIGHT="21" WC="0.92" CONTENT="fallet"/><SP WIDTH="15" VPOS="1142" HPOS="137"/>
							<String ID="string_350" HPOS="152" VPOS="1145" WIDTH="34" HEIGHT="19" WC="0.96" CONTENT="att"/><SP WIDTH="15" VPOS="1145" HPOS="186"/>
							<String ID="string_351" HPOS="201" VPOS="1146" WIDTH="31" HEIGHT="18" WC="0.93" CONTENT="ett"/><SP WIDTH="15" VPOS="1146" HPOS="232"/>
							<String ID="string_352" HPOS="247" VPOS="1143" WIDTH="75" HEIGHT="22" WC="0.92" CONTENT="sädant"/><SP WIDTH="22" VPOS="1143" HPOS="322"/>
							<String ID="string_353" HPOS="344" VPOS="1144" WIDTH="147" HEIGHT="27" WC="0.92" CONTENT="kringgäende"/><SP WIDTH="21" VPOS="1144" HPOS="491"/>
							<String ID="string_354" HPOS="512" VPOS="1145" WIDTH="47" HEIGHT="20" WC="0.92" CONTENT="icke"/><SP WIDTH="23" VPOS="1145" HPOS="559"/>
							<String ID="string_355" HPOS="582" VPOS="1144" WIDTH="42" HEIGHT="21" WC="0.96" CONTENT="kan"/><SP WIDTH="16" VPOS="1144" HPOS="624"/>
							<String ID="string_356" HPOS="640" VPOS="1150" WIDTH="74" HEIGHT="20" WC="0.90" CONTENT="genom"/><SP WIDTH="17" VPOS="1150" HPOS="714"/>
							<String ID="string_357" HPOS="731" VPOS="1144" WIDTH="68" HEIGHT="26" WC="0.88" CONTENT="nägon"/><SP WIDTH="16" VPOS="1144" HPOS="799"/>
							<String ID="string_358" HPOS="815" VPOS="1144" WIDTH="35" HEIGHT="27" WC="0.96" CONTENT="lag"/><SP WIDTH="15" VPOS="1144" HPOS="850"/>
							<String ID="string_359" HPOS="865" VPOS="1144" WIDTH="39" HEIGHT="21" WC="0.95" CONTENT="hos"/>
						</TextLine>
						<TextLine ID="line_35" HPOS="77" VPOS="1171" WIDTH="827" HEIGHT="28">
							<String ID="string_360" HPOS="77" VPOS="1177" WIDTH="36" HEIGHT="16" WC="0.93" CONTENT="oss"/><SP WIDTH="15" VPOS="1177" HPOS="113"/>
							<String ID="string_361" HPOS="128" VPOS="1171" WIDTH="132" HEIGHT="28" WC="0.94" CONTENT="förebyggas."/><SP WIDTH="32" VPOS="1171" HPOS="260"/>
							<String ID="string_362" HPOS="292" VPOS="1172" WIDTH="48" HEIGHT="21" WC="0.96" CONTENT="Men"/><SP WIDTH="24" VPOS="1172" HPOS="340"/>
							<String ID="string_363" HPOS="364" VPOS="1179" WIDTH="34" HEIGHT="14" WC="0.92" CONTENT="om"/><SP WIDTH="22" VPOS="1179" HPOS="398"/>
							<String ID="string_364" HPOS="420" VPOS="1173" WIDTH="85" HEIGHT="21" WC="0.95" CONTENT="således"/><SP WIDTH="22" VPOS="1173" HPOS="505"/>
							<String ID="string_365" HPOS="527" VPOS="1179" WIDTH="25" HEIGHT="15" WC="0.96" CONTENT="en"/><SP WIDTH="22" VPOS="1179" HPOS="552"/>
							<String ID="string_366" HPOS="574" VPOS="1173" WIDTH="111" HEIGHT="21" WC="0.93" CONTENT="författare"/><SP WIDTH="15" VPOS="1173" HPOS="685"/>
							<String ID="string_367" HPOS="700" VPOS="1173" WIDTH="45" HEIGHT="21" WC="0.96" CONTENT="icke"/><SP WIDTH="15" VPOS="1173" HPOS="745"/>
							<String ID="string_368" HPOS="760" VPOS="1175" WIDTH="24" HEIGHT="18" WC="0.93" CONTENT="är"/><SP WIDTH="15" VPOS="1175" HPOS="784"/>
							<String ID="string_369" HPOS="799" VPOS="1172" WIDTH="62" HEIGHT="21" WC="0.96" CONTENT="säker"/><SP WIDTH="15" VPOS="1172" HPOS="861"/>
							<String ID="string_370" HPOS="876" VPOS="1173" WIDTH="28" HEIGHT="26" WC="0.96" CONTENT="pä"/>
						</TextLine>
						<TextLine ID="line_36" HPOS="77" VPOS="1200" WIDTH="826" HEIGHT="28">
							<String ID="string_371" HPOS="77" VPOS="1202" WIDTH="33" HEIGHT="19" WC="0.96" CONTENT="att"/><SP WIDTH="15" VPOS="1202" HPOS="110"/>
							<String ID="string_372" HPOS="125" VPOS="1200" WIDTH="53" HEIGHT="21" WC="0.96" CONTENT="hans"/><SP WIDTH="15" VPOS="1200" HPOS="178"/>
							<String ID="string_373" HPOS="193" VPOS="1202" WIDTH="44" HEIGHT="19" WC="0.94" CONTENT="rätt"/><SP WIDTH="15" VPOS="1202" HPOS="237"/>
							<String ID="string_374" HPOS="252" VPOS="1201" WIDTH="6" HEIGHT="21" WC="0.94" CONTENT="i"/><SP WIDTH="16" VPOS="1201" HPOS="258"/>
							<String ID="string_375" HPOS="274" VPOS="1203" WIDTH="31" HEIGHT="19" WC="0.96" CONTENT="ett"/><SP WIDTH="22" VPOS="1203" HPOS="305"/>
							<String ID="string_376" HPOS="327" VPOS="1204" WIDTH="67" HEIGHT="18" WC="0.96" CONTENT="annat"/><SP WIDTH="22" VPOS="1204" HPOS="394"/>
							<String ID="string_377" HPOS="416" VPOS="1201" WIDTH="51" HEIGHT="21" WC="0.93" CONTENT="land"/><SP WIDTH="23" VPOS="1201" HPOS="467"/>
							<String ID="string_378" HPOS="490" VPOS="1202" WIDTH="141" HEIGHT="26" WC="0.92" CONTENT="respekteras,"/><SP WIDTH="18" VPOS="1202" HPOS="631"/>
							<String ID="string_379" HPOS="649" VPOS="1201" WIDTH="24" HEIGHT="21" WC="0.96" CONTENT="sä"/><SP WIDTH="16" VPOS="1201" HPOS="673"/>
							<String ID="string_380" HPOS="689" VPOS="1203" WIDTH="34" HEIGHT="19" WC="0.96" CONTENT="vet"/><SP WIDTH="13" VPOS="1203" HPOS="723"/>
							<String ID="string_381" HPOS="736" VPOS="1201" WIDTH="36" HEIGHT="27" WC="0.93" CONTENT="jag"/><SP WIDTH="15" VPOS="1201" HPOS="772"/>
							<String ID="string_382" HPOS="787" VPOS="1201" WIDTH="46" HEIGHT="21" WC="0.93" CONTENT="icke"/><SP WIDTH="16" VPOS="1201" HPOS="833"/>
							<String ID="string_383" HPOS="849" VPOS="1201" WIDTH="54" HEIGHT="21" WC="0.96" CONTENT="huru"/>
						</TextLine>
						<TextLine ID="line_37" HPOS="78" VPOS="1229" WIDTH="826" HEIGHT="22">
							<String ID="string_384" HPOS="78" VPOS="1235" WIDTH="49" HEIGHT="14" WC="0.96" CONTENT="man"/><SP WIDTH="23" VPOS="1235" HPOS="127"/>
							<String ID="string_385" HPOS="150" VPOS="1229" WIDTH="54" HEIGHT="21" WC="0.96" CONTENT="skall"/><SP WIDTH="22" VPOS="1229" HPOS="204"/>
							<String ID="string_386" HPOS="226" VPOS="1229" WIDTH="72" HEIGHT="22" WC="0.96" CONTENT="kunna"/><SP WIDTH="21" VPOS="1229" HPOS="298"/>
							<String ID="string_387" HPOS="319" VPOS="1229" WIDTH="73" HEIGHT="22" WC="0.96" CONTENT="anföra"/><SP WIDTH="24" VPOS="1229" HPOS="392"/>
							<String ID="string_388" HPOS="416" VPOS="1230" WIDTH="59" HEIGHT="21" WC="0.93" CONTENT="detta"/><SP WIDTH="24" VPOS="1230" HPOS="475"/>
							<String ID="string_389" HPOS="499" VPOS="1230" WIDTH="69" HEIGHT="21" WC="0.93" CONTENT="säsom"/><SP WIDTH="21" VPOS="1230" HPOS="568"/>
							<String ID="string_390" HPOS="589" VPOS="1232" WIDTH="31" HEIGHT="19" WC="0.96" CONTENT="ett"/><SP WIDTH="15" VPOS="1232" HPOS="620"/>
							<String ID="string_391" HPOS="635" VPOS="1229" WIDTH="46" HEIGHT="22" WC="0.96" CONTENT="skäl"/><SP WIDTH="16" VPOS="1229" HPOS="681"/>
							<String ID="string_392" HPOS="697" VPOS="1230" WIDTH="32" HEIGHT="21" WC="0.96" CONTENT="för"/><SP WIDTH="15" VPOS="1230" HPOS="729"/>
							<String ID="string_393" HPOS="744" VPOS="1232" WIDTH="32" HEIGHT="19" WC="0.96" CONTENT="att"/><SP WIDTH="15" VPOS="1232" HPOS="776"/>
							<String ID="string_394" HPOS="791" VPOS="1229" WIDTH="54" HEIGHT="22" WC="0.96" CONTENT="hans"/><SP WIDTH="15" VPOS="1229" HPOS="845"/>
							<String ID="string_395" HPOS="860" VPOS="1231" WIDTH="44" HEIGHT="20" WC="0.96" CONTENT="rätt"/>
						</TextLine>
						<TextLine ID="line_38" HPOS="77" VPOS="1257" WIDTH="826" HEIGHT="29">
							<String ID="string_396" HPOS="77" VPOS="1257" WIDTH="56" HEIGHT="21" WC="0.93" CONTENT="skall"/><SP WIDTH="16" VPOS="1257" HPOS="133"/>
							<String ID="string_397" HPOS="149" VPOS="1257" WIDTH="126" HEIGHT="22" WC="0.92" CONTENT="inskränkas"/><SP WIDTH="15" VPOS="1257" HPOS="275"/>
							<String ID="string_398" HPOS="290" VPOS="1258" WIDTH="60" HEIGHT="21" WC="0.92" CONTENT="äfven"/><SP WIDTH="16" VPOS="1258" HPOS="350"/>
							<String ID="string_399" HPOS="366" VPOS="1259" WIDTH="7" HEIGHT="20" WC="0.96" CONTENT="i"/><SP WIDTH="16" VPOS="1259" HPOS="373"/>
							<String ID="string_400" HPOS="389" VPOS="1261" WIDTH="49" HEIGHT="24" WC="0.96" CONTENT="eget"/><SP WIDTH="15" VPOS="1261" HPOS="438"/>
							<String ID="string_401" HPOS="453" VPOS="1259" WIDTH="56" HEIGHT="21" WC="0.93" CONTENT="land."/><SP WIDTH="31" VPOS="1259" HPOS="509"/>
							<String ID="string_402" HPOS="540" VPOS="1259" WIDTH="91" HEIGHT="21" WC="0.92" CONTENT="Snarare"/><SP WIDTH="23" VPOS="1259" HPOS="631"/>
							<String ID="string_403" HPOS="654" VPOS="1261" WIDTH="63" HEIGHT="25" WC="0.96" CONTENT="utgör"/><SP WIDTH="17" VPOS="1261" HPOS="717"/>
							<String ID="string_404" HPOS="734" VPOS="1259" WIDTH="59" HEIGHT="20" WC="0.96" CONTENT="detta"/><SP WIDTH="19" VPOS="1259" HPOS="793"/>
							<String ID="string_405" HPOS="812" VPOS="1260" WIDTH="31" HEIGHT="19" WC="0.97" CONTENT="ett"/><SP WIDTH="14" VPOS="1260" HPOS="843"/>
							<String ID="string_406" HPOS="857" VPOS="1259" WIDTH="46" HEIGHT="21" WC="0.96" CONTENT="skäl"/>
						</TextLine>
						<TextLine ID="line_39" HPOS="77" VPOS="1285" WIDTH="827" HEIGHT="29">
							<String ID="string_407" HPOS="77" VPOS="1285" WIDTH="33" HEIGHT="22" WC="0.96" CONTENT="för"/><SP WIDTH="15" VPOS="1285" HPOS="110"/>
							<String ID="string_408" HPOS="125" VPOS="1288" WIDTH="33" HEIGHT="19" WC="0.96" CONTENT="att"/><SP WIDTH="14" VPOS="1288" HPOS="158"/>
							<String ID="string_409" HPOS="172" VPOS="1286" WIDTH="42" HEIGHT="21" WC="0.93" CONTENT="han"/><SP WIDTH="16" VPOS="1286" HPOS="214"/>
							<String ID="string_410" HPOS="230" VPOS="1287" WIDTH="127" HEIGHT="21" WC="0.93" CONTENT="ätminstone"/><SP WIDTH="16" VPOS="1287" HPOS="357"/>
							<String ID="string_411" HPOS="373" VPOS="1287" WIDTH="39" HEIGHT="21" WC="0.96" CONTENT="här"/><SP WIDTH="16" VPOS="1287" HPOS="412"/>
							<String ID="string_412" HPOS="428" VPOS="1288" WIDTH="39" HEIGHT="20" WC="0.93" CONTENT="bör"/><SP WIDTH="16" VPOS="1288" HPOS="467"/>
							<String ID="string_413" HPOS="483" VPOS="1287" WIDTH="83" HEIGHT="27" WC="0.92" CONTENT="ätnjuta"/><SP WIDTH="22" VPOS="1287" HPOS="566"/>
							<String ID="string_414" HPOS="588" VPOS="1287" WIDTH="39" HEIGHT="21" WC="0.96" CONTENT="allt"/><SP WIDTH="15" VPOS="1287" HPOS="627"/>
							<String ID="string_415" HPOS="642" VPOS="1287" WIDTH="36" HEIGHT="22" WC="0.97" CONTENT="det"/><SP WIDTH="15" VPOS="1287" HPOS="678"/>
							<String ID="string_416" HPOS="693" VPOS="1287" WIDTH="74" HEIGHT="27" WC="0.96" CONTENT="skydd,"/><SP WIDTH="16" VPOS="1287" HPOS="767"/>
							<String ID="string_417" HPOS="783" VPOS="1293" WIDTH="45" HEIGHT="15" WC="0.96" CONTENT="som"/><SP WIDTH="16" VPOS="1293" HPOS="828"/>
							<String ID="string_418" HPOS="844" VPOS="1287" WIDTH="60" HEIGHT="27" WC="0.96" CONTENT="lagen"/>
						</TextLine>
						<TextLine ID="line_40" HPOS="77" VPOS="1314" WIDTH="828" HEIGHT="29">
							<String ID="string_419" HPOS="77" VPOS="1314" WIDTH="79" HEIGHT="21" WC="0.92" CONTENT="förmär"/><SP WIDTH="22" VPOS="1314" HPOS="156"/>
							<String ID="string_420" HPOS="178" VPOS="1315" WIDTH="64" HEIGHT="26" WC="0.88" CONTENT="gifva."/><SP WIDTH="31" VPOS="1315" HPOS="242"/>
							<String ID="string_421" HPOS="273" VPOS="1316" WIDTH="31" HEIGHT="21" WC="0.92" CONTENT="Pä"/><SP WIDTH="22" VPOS="1316" HPOS="304"/>
							<String ID="string_422" HPOS="326" VPOS="1316" WIDTH="68" HEIGHT="27" WC="0.93" CONTENT="grund"/><SP WIDTH="24" VPOS="1316" HPOS="394"/>
							<String ID="string_423" HPOS="418" VPOS="1316" WIDTH="63" HEIGHT="21" WC="0.92" CONTENT="häraf"/><SP WIDTH="20" VPOS="1316" HPOS="481"/>
							<String ID="string_424" HPOS="501" VPOS="1316" WIDTH="42" HEIGHT="21" WC="0.96" CONTENT="kan"/><SP WIDTH="14" VPOS="1316" HPOS="543"/>
							<String ID="string_425" HPOS="557" VPOS="1316" WIDTH="37" HEIGHT="27" WC="0.93" CONTENT="jag"/><SP WIDTH="15" VPOS="1316" HPOS="594"/>
							<String ID="string_426" HPOS="609" VPOS="1315" WIDTH="83" HEIGHT="22" WC="0.92" CONTENT="säledes"/><SP WIDTH="12" VPOS="1315" HPOS="692"/>
							<String ID="string_427" HPOS="704" VPOS="1315" WIDTH="50" HEIGHT="28" WC="0.92" CONTENT="gilla"/><SP WIDTH="15" VPOS="1315" HPOS="754"/>
							<String ID="string_428" HPOS="769" VPOS="1315" WIDTH="94" HEIGHT="22" WC="0.92" CONTENT="hvarken"/><SP WIDTH="16" VPOS="1315" HPOS="863"/>
							<String ID="string_429" HPOS="879" VPOS="1316" WIDTH="26" HEIGHT="21" WC="0.95" CONTENT="de"/>
						</TextLine>
						<TextLine ID="line_41" HPOS="78" VPOS="1343" WIDTH="827" HEIGHT="28">
							<String ID="string_430" HPOS="78" VPOS="1343" WIDTH="164" HEIGHT="26" WC="0.96" CONTENT="bestämningar,"/><SP WIDTH="16" VPOS="1343" HPOS="242"/>
							<String ID="string_431" HPOS="258" VPOS="1350" WIDTH="45" HEIGHT="15" WC="0.93" CONTENT="som"/><SP WIDTH="12" VPOS="1350" HPOS="303"/>
							<String ID="string_432" HPOS="315" VPOS="1345" WIDTH="10" HEIGHT="25" WC="0.92" CONTENT="$"/><SP WIDTH="16" VPOS="1345" HPOS="325"/>
							<String ID="string_433" HPOS="341" VPOS="1345" WIDTH="13" HEIGHT="20" WC="0.96" CONTENT="6"/><SP WIDTH="15" VPOS="1345" HPOS="354"/>
							<String ID="string_434" HPOS="369" VPOS="1345" WIDTH="7" HEIGHT="20" WC="0.93" CONTENT="i"/><SP WIDTH="16" VPOS="1345" HPOS="376"/>
							<String ID="string_435" HPOS="392" VPOS="1345" WIDTH="78" HEIGHT="26" WC="0.96" CONTENT="nådiga"/><SP WIDTH="12" VPOS="1345" HPOS="470"/>
							<String ID="string_436" HPOS="482" VPOS="1345" WIDTH="160" HEIGHT="26" WC="0.96" CONTENT="propositionen"/><SP WIDTH="11" VPOS="1345" HPOS="642"/>
							<String ID="string_437" HPOS="653" VPOS="1345" WIDTH="51" HEIGHT="21" WC="0.96" CONTENT="eller"/><SP WIDTH="11" VPOS="1345" HPOS="704"/>
							<String ID="string_438" HPOS="715" VPOS="1345" WIDTH="40" HEIGHT="21" WC="0.96" CONTENT="den"/><SP WIDTH="13" VPOS="1345" HPOS="755"/>
							<String ID="string_439" HPOS="768" VPOS="1350" WIDTH="45" HEIGHT="16" WC="0.96" CONTENT="som"/><SP WIDTH="11" VPOS="1350" HPOS="813"/>
							<String ID="string_440" HPOS="824" VPOS="1350" WIDTH="81" HEIGHT="15" WC="0.96" CONTENT="samma"/>
						</TextLine>
						<TextLine ID="line_42" HPOS="77" VPOS="1370" WIDTH="827" HEIGHT="30">
							<String ID="string_441" HPOS="77" VPOS="1370" WIDTH="14" HEIGHT="29" WC="0.71" CONTENT="8"/><SP WIDTH="15" VPOS="1370" HPOS="91"/>
							<String ID="string_442" HPOS="106" VPOS="1371" WIDTH="7" HEIGHT="21" WC="0.71" CONTENT="i"/><SP WIDTH="16" VPOS="1371" HPOS="113"/>
							<String ID="string_443" HPOS="129" VPOS="1370" WIDTH="122" HEIGHT="24" WC="0.96" CONTENT="Utskottets"/><SP WIDTH="23" VPOS="1370" HPOS="251"/>
							<String ID="string_444" HPOS="274" VPOS="1372" WIDTH="135" HEIGHT="22" WC="0.96" CONTENT="betänkande"/><SP WIDTH="15" VPOS="1372" HPOS="409"/>
							<String ID="string_445" HPOS="424" VPOS="1373" WIDTH="126" HEIGHT="27" WC="0.91" CONTENT="innehåller,"/><SP WIDTH="17" VPOS="1373" HPOS="550"/>
							<String ID="string_446" HPOS="567" VPOS="1375" WIDTH="50" HEIGHT="20" WC="0.93" CONTENT="utan"/><SP WIDTH="16" VPOS="1375" HPOS="617"/>
							<String ID="string_447" HPOS="633" VPOS="1373" WIDTH="95" HEIGHT="22" WC="0.96" CONTENT="ansluter"/><SP WIDTH="14" VPOS="1373" HPOS="728"/>
							<String ID="string_448" HPOS="742" VPOS="1373" WIDTH="43" HEIGHT="27" WC="0.97" CONTENT="mig"/><SP WIDTH="16" VPOS="1373" HPOS="785"/>
							<String ID="string_449" HPOS="801" VPOS="1372" WIDTH="32" HEIGHT="22" WC="0.96" CONTENT="till"/><SP WIDTH="16" VPOS="1372" HPOS="833"/>
							<String ID="string_450" HPOS="849" VPOS="1372" WIDTH="55" HEIGHT="27" WC="0.96" CONTENT="dem,"/>
						</TextLine>
						<TextLine ID="line_43" HPOS="77" VPOS="1401" WIDTH="828" HEIGHT="28">
							<String ID="string_451" HPOS="77" VPOS="1406" WIDTH="46" HEIGHT="15" WC="0.90" CONTENT="som"/><SP WIDTH="16" VPOS="1406" HPOS="123"/>
							<String ID="string_452" HPOS="139" VPOS="1407" WIDTH="50" HEIGHT="15" WC="0.96" CONTENT="anse"/><SP WIDTH="16" VPOS="1407" HPOS="189"/>
							<String ID="string_453" HPOS="205" VPOS="1403" WIDTH="32" HEIGHT="19" WC="0.96" CONTENT="att"/><SP WIDTH="11" VPOS="1403" HPOS="237"/>
							<String ID="string_454" HPOS="248" VPOS="1401" WIDTH="111" HEIGHT="22" WC="0.96" CONTENT="författare"/><SP WIDTH="17" VPOS="1401" HPOS="359"/>
							<String ID="string_455" HPOS="376" VPOS="1402" WIDTH="38" HEIGHT="21" WC="0.97" CONTENT="bör"/><SP WIDTH="14" VPOS="1402" HPOS="414"/>
							<String ID="string_456" HPOS="428" VPOS="1402" WIDTH="33" HEIGHT="21" WC="0.93" CONTENT="till"/><SP WIDTH="16" VPOS="1402" HPOS="461"/>
							<String ID="string_457" HPOS="477" VPOS="1402" WIDTH="154" HEIGHT="27" WC="0.92" CONTENT="öfversättning"/><SP WIDTH="15" VPOS="1402" HPOS="631"/>
							<String ID="string_458" HPOS="646" VPOS="1402" WIDTH="22" HEIGHT="21" WC="0.96" CONTENT="af"/><SP WIDTH="14" VPOS="1402" HPOS="668"/>
							<String ID="string_459" HPOS="682" VPOS="1403" WIDTH="37" HEIGHT="20" WC="0.95" CONTENT="sitt"/><SP WIDTH="11" VPOS="1403" HPOS="719"/>
							<String ID="string_460" HPOS="730" VPOS="1403" WIDTH="80" HEIGHT="25" WC="0.93" CONTENT="arbete,"/><SP WIDTH="11" VPOS="1403" HPOS="810"/>
							<String ID="string_461" HPOS="821" VPOS="1401" WIDTH="84" HEIGHT="28" WC="0.95" CONTENT="åtnjuta"/>
						</TextLine>
						<TextLine ID="line_44" HPOS="78" VPOS="1429" WIDTH="827" HEIGHT="29">
							<String ID="string_462" HPOS="78" VPOS="1429" WIDTH="6" HEIGHT="20" WC="0.93" CONTENT="i"/><SP WIDTH="15" VPOS="1429" HPOS="84"/>
							<String ID="string_463" HPOS="99" VPOS="1429" WIDTH="69" HEIGHT="27" WC="0.92" CONTENT="nägon"/><SP WIDTH="16" VPOS="1429" HPOS="168"/>
							<String ID="string_464" HPOS="184" VPOS="1436" WIDTH="50" HEIGHT="15" WC="0.96" CONTENT="mon"/><SP WIDTH="23" VPOS="1436" HPOS="234"/>
							<String ID="string_465" HPOS="257" VPOS="1431" WIDTH="149" HEIGHT="21" WC="0.96" CONTENT="motsvarande"/><SP WIDTH="23" VPOS="1431" HPOS="406"/>
							<String ID="string_466" HPOS="429" VPOS="1433" WIDTH="50" HEIGHT="22" WC="0.96" CONTENT="rätt,"/><SP WIDTH="24" VPOS="1433" HPOS="479"/>
							<String ID="string_467" HPOS="503" VPOS="1437" WIDTH="45" HEIGHT="15" WC="0.96" CONTENT="som"/><SP WIDTH="25" VPOS="1437" HPOS="548"/>
							<String ID="string_468" HPOS="573" VPOS="1431" WIDTH="32" HEIGHT="21" WC="0.93" CONTENT="till"/><SP WIDTH="24" VPOS="1431" HPOS="605"/>
							<String ID="string_469" HPOS="629" VPOS="1431" WIDTH="75" HEIGHT="27" WC="0.93" CONTENT="sjelfva"/><SP WIDTH="14" VPOS="1431" HPOS="704"/>
							<String ID="string_470" HPOS="718" VPOS="1430" WIDTH="118" HEIGHT="26" WC="0.91" CONTENT="originalet."/><SP WIDTH="31" VPOS="1430" HPOS="836"/>
							<String ID="string_471" HPOS="867" VPOS="1430" WIDTH="38" HEIGHT="21" WC="0.90" CONTENT="Uti"/>
						</TextLine>
						<TextLine ID="line_45" HPOS="78" VPOS="1458" WIDTH="827" HEIGHT="28">
							<String ID="string_472" HPOS="78" VPOS="1464" WIDTH="25" HEIGHT="15" WC="0.96" CONTENT="en"/><SP WIDTH="17" VPOS="1464" HPOS="103"/>
							<String ID="string_473" HPOS="120" VPOS="1458" WIDTH="130" HEIGHT="22" WC="0.96" CONTENT="reservation"/><SP WIDTH="24" VPOS="1458" HPOS="250"/>
							<String ID="string_474" HPOS="274" VPOS="1459" WIDTH="38" HEIGHT="21" WC="0.96" CONTENT="har"/><SP WIDTH="22" VPOS="1459" HPOS="312"/>
							<String ID="string_475" HPOS="334" VPOS="1459" WIDTH="109" HEIGHT="27" WC="0.96" CONTENT="professor"/><SP WIDTH="23" VPOS="1459" HPOS="443"/>
							<String ID="string_476" HPOS="466" VPOS="1459" WIDTH="112" HEIGHT="22" WC="0.93" CONTENT="Ehrström"/><SP WIDTH="21" VPOS="1459" HPOS="578"/>
							<String ID="string_477" HPOS="599" VPOS="1459" WIDTH="109" HEIGHT="26" WC="0.92" CONTENT="föreslagit"/><SP WIDTH="23" VPOS="1459" HPOS="708"/>
							<String ID="string_478" HPOS="731" VPOS="1461" WIDTH="31" HEIGHT="20" WC="0.97" CONTENT="att"/><SP WIDTH="16" VPOS="1461" HPOS="762"/>
							<String ID="string_479" HPOS="778" VPOS="1459" WIDTH="69" HEIGHT="21" WC="0.96" CONTENT="denna"/><SP WIDTH="15" VPOS="1459" HPOS="847"/>
							<String ID="string_480" HPOS="862" VPOS="1461" WIDTH="43" HEIGHT="19" WC="0.96" CONTENT="rätt"/>
						</TextLine>
						<TextLine ID="line_46" HPOS="77" VPOS="1486" WIDTH="828" HEIGHT="29">
							<String ID="string_481" HPOS="77" VPOS="1486" WIDTH="70" HEIGHT="21" WC="0.96" CONTENT="skulle"/><SP WIDTH="21" VPOS="1486" HPOS="147"/>
							<String ID="string_482" HPOS="168" VPOS="1493" WIDTH="52" HEIGHT="15" WC="0.92" CONTENT="vara"/><SP WIDTH="23" VPOS="1493" HPOS="220"/>
							<String ID="string_483" HPOS="243" VPOS="1487" WIDTH="126" HEIGHT="27" WC="0.92" CONTENT="fullkomligt"/><SP WIDTH="23" VPOS="1487" HPOS="369"/>
							<String ID="string_484" HPOS="392" VPOS="1488" WIDTH="123" HEIGHT="21" WC="0.92" CONTENT="densamma"/><SP WIDTH="16" VPOS="1488" HPOS="515"/>
							<String ID="string_485" HPOS="531" VPOS="1488" WIDTH="38" HEIGHT="21" WC="0.96" CONTENT="och"/><SP WIDTH="16" VPOS="1488" HPOS="569"/>
							<String ID="string_486" HPOS="585" VPOS="1490" WIDTH="33" HEIGHT="19" WC="0.93" CONTENT="att"/><SP WIDTH="14" VPOS="1490" HPOS="618"/>
							<String ID="string_487" HPOS="632" VPOS="1487" WIDTH="82" HEIGHT="23" WC="0.93" CONTENT="säledes"/><SP WIDTH="16" VPOS="1487" HPOS="714"/>
							<String ID="string_488" HPOS="730" VPOS="1488" WIDTH="175" HEIGHT="27" WC="0.91" CONTENT="öfversättnings-"/>
						</TextLine>
						<TextLine ID="line_47" HPOS="77" VPOS="1515" WIDTH="828" HEIGHT="23">
							<String ID="string_489" HPOS="77" VPOS="1516" WIDTH="71" HEIGHT="20" WC="0.96" CONTENT="rätten"/><SP WIDTH="23" VPOS="1516" HPOS="148"/>
							<String ID="string_490" HPOS="171" VPOS="1516" WIDTH="69" HEIGHT="21" WC="0.93" CONTENT="skulle"/><SP WIDTH="22" VPOS="1516" HPOS="240"/>
							<String ID="string_491" HPOS="262" VPOS="1516" WIDTH="98" HEIGHT="22" WC="0.93" CONTENT="förblifva"/><SP WIDTH="16" VPOS="1516" HPOS="360"/>
							<String ID="string_492" HPOS="376" VPOS="1517" WIDTH="38" HEIGHT="21" WC="0.93" CONTENT="hos"/><SP WIDTH="15" VPOS="1517" HPOS="414"/>
							<String ID="string_493" HPOS="429" VPOS="1517" WIDTH="128" HEIGHT="21" WC="0.95" CONTENT="författaren"/><SP WIDTH="23" VPOS="1517" HPOS="557"/>
							<String ID="string_494" HPOS="580" VPOS="1517" WIDTH="51" HEIGHT="21" WC="0.95" CONTENT="eller"/><SP WIDTH="16" VPOS="1517" HPOS="631"/>
							<String ID="string_495" HPOS="647" VPOS="1517" WIDTH="51" HEIGHT="21" WC="0.93" CONTENT="hans"/><SP WIDTH="16" VPOS="1517" HPOS="698"/>
							<String ID="string_496" HPOS="714" VPOS="1515" WIDTH="191" HEIGHT="23" WC="0.91" CONTENT="rättsinnehafvare"/>
						</TextLine>
					</TextBlock>
				</ComposedBlock>
				<ComposedBlock ID="cblock_3" HPOS="815" VPOS="1556" WIDTH="22" HEIGHT="18">
					<TextBlock ID="block_2" HPOS="815" VPOS="1556" WIDTH="22" HEIGHT="18">
						<TextLine ID="line_48" HPOS="815" VPOS="1556" WIDTH="22" HEIGHT="18">
							<String ID="string_497" HPOS="815" VPOS="1556" WIDTH="22" HEIGHT="18" WC="0.94" CONTENT="83"/>
						</TextLine>
					</TextBlock>
				</ComposedBlock>
			</PrintSpace>
		</Page>
	</Layout>
</alto>
