<?xml version="1.0" encoding="UTF-8"?>
<alto xmlns="http://www.loc.gov/standards/alto/ns-v3#" xmlns:xlink="http://www.w3.org/1999/xlink" xmlns:xsi="http://www.w3.org/2001/XMLSchema-instance" xsi:schemaLocation="http://www.loc.gov/standards/alto/ns-v3# http://www.loc.gov/alto/v3/alto-3-0.xsd">
	<Description>
		<MeasurementUnit>pixel</MeasurementUnit>
		<sourceImageInformation>
			<fileName>/tmp/tess_uajt8qn0_input.PNG</fileName>
		</sourceImageInformation>
		<OCRProcessing ID="OCR_0">
			<ocrProcessingStep>
				<processingSoftware>
					<softwareName>tesseract 5.3.4</softwareName>
				</processingSoftware>
			</ocrProcessingStep>
		</OCRProcessing>
	</Description>
	<Layout>
		<Page WIDTH="1070" HEIGHT="1795" PHYSICAL_IMG_NR="0" ID="page_0">
			<PrintSpace HPOS="0" VPOS="0" WIDTH="1070" HEIGHT="1795">
				<ComposedBlock ID="cblock_0" HPOS="275" VPOS="123" WIDTH="623" HEIGHT="28">
					<TextBlock ID="block_0" HPOS="275" VPOS="123" WIDTH="623" HEIGHT="28">
						<TextLine ID="line_0" HPOS="275" VPOS="123" WIDTH="623" HEIGHT="28">
							<String ID="string_0" HPOS="275" VPOS="128" WIDTH="178" HEIGHT="23" WC="0.91" CONTENT="Borgareståndet"/><SP WIDTH="12" VPOS="128" HPOS="453"/>
							<String ID="string_1" HPOS="465" VPOS="129" WIDTH="56" HEIGHT="18" WC="0.96" CONTENT="1877."/><SP WIDTH="25" VPOS="129" HPOS="521"/>
							<String ID="string_2" HPOS="546" VPOS="129" WIDTH="23" HEIGHT="18" WC="0.79" CONTENT="18"/><SP WIDTH="13" VPOS="129" HPOS="569"/>
							<String ID="string_3" HPOS="582" VPOS="129" WIDTH="96" HEIGHT="18" WC="0.96" CONTENT="Oktober."/><SP WIDTH="165" VPOS="129" HPOS="678"/>
							<String ID="string_4" HPOS="843" VPOS="123" WIDTH="55" HEIGHT="22" WC="0.96" CONTENT="1159"/>
						</TextLine>
					</TextBlock>
				</ComposedBlock>
				<GraphicalElement ID="cblock_1" HPOS="102" VPOS="155" WIDTH="795" HEIGHT="8"></GraphicalElement >
				<ComposedBlock ID="cblock_2" HPOS="275" VPOS="270" WIDTH="424" HEIGHT="35">
					<TextBlock ID="block_1" HPOS="275" VPOS="270" WIDTH="424" HEIGHT="35">
						<TextLine ID="line_1" HPOS="275" VPOS="270" WIDTH="424" HEIGHT="35">
							<String ID="string_5" HPOS="275" VPOS="270" WIDTH="147" HEIGHT="35" WC="0.96" CONTENT="Lördagen"/><SP WIDTH="18" VPOS="270" HPOS="422"/>
							<String ID="string_6" HPOS="440" VPOS="271" WIDTH="57" HEIGHT="26" WC="0.96" CONTENT="den"/><SP WIDTH="18" VPOS="271" HPOS="497"/>
							<String ID="string_7" HPOS="515" VPOS="270" WIDTH="32" HEIGHT="27" WC="0.96" CONTENT="13"/><SP WIDTH="20" VPOS="270" HPOS="547"/>
							<String ID="string_8" HPOS="567" VPOS="270" WIDTH="132" HEIGHT="28" WC="0.96" CONTENT="Oktober."/>
						</TextLine>
					</TextBlock>
				</ComposedBlock>
				<ComposedBlock ID="cblock_3" HPOS="67" VPOS="339" WIDTH="831" HEIGHT="52">
					<TextBlock ID="block_2" HPOS="67" VPOS="339" WIDTH="831" HEIGHT="52">
						<TextLine ID="line_2" HPOS="137" VPOS="339" WIDTH="761" HEIGHT="29">
							<String ID="string_9" HPOS="137" VPOS="340" WIDTH="98" HEIGHT="22" WC="0.96" CONTENT="Klockan"/><SP WIDTH="15" VPOS="340" HPOS="235"/>
							<String ID="string_10" HPOS="250" VPOS="341" WIDTH="13" HEIGHT="20" WC="0.95" CONTENT="6"/><SP WIDTH="15" VPOS="341" HPOS="263"/>
							<String ID="string_11" HPOS="278" VPOS="339" WIDTH="168" HEIGHT="28" WC="0.95" CONTENT="eftermiddagen"/><SP WIDTH="22" VPOS="339" HPOS="446"/>
							<String ID="string_12" HPOS="468" VPOS="340" WIDTH="112" HEIGHT="22" WC="0.96" CONTENT="fortsattes"/><SP WIDTH="23" VPOS="340" HPOS="580"/>
							<String ID="string_13" HPOS="603" VPOS="339" WIDTH="35" HEIGHT="22" WC="0.96" CONTENT="det"/><SP WIDTH="23" VPOS="339" HPOS="638"/>
							<String ID="string_14" HPOS="661" VPOS="339" WIDTH="33" HEIGHT="22" WC="0.96" CONTENT="till"/><SP WIDTH="23" VPOS="339" HPOS="694"/>
							<String ID="string_15" HPOS="717" VPOS="340" WIDTH="69" HEIGHT="23" WC="0.96" CONTENT="denna"/><SP WIDTH="21" VPOS="340" HPOS="786"/>
							<String ID="string_16" HPOS="807" VPOS="340" WIDTH="41" HEIGHT="28" WC="0.93" CONTENT="dag"/><SP WIDTH="15" VPOS="340" HPOS="848"/>
							<String ID="string_17" HPOS="863" VPOS="341" WIDTH="35" HEIGHT="21" WC="0.92" CONTENT="ut-"/>
						</TextLine>
						<TextLine ID="line_3" HPOS="67" VPOS="369" WIDTH="247" HEIGHT="22">
							<String ID="string_18" HPOS="67" VPOS="371" WIDTH="58" HEIGHT="20" WC="0.96" CONTENT="satta"/><SP WIDTH="14" VPOS="371" HPOS="125"/>
							<String ID="string_19" HPOS="139" VPOS="369" WIDTH="175" HEIGHT="22" WC="0.96" CONTENT="sammanträdet."/>
						</TextLine>
					</TextBlock>
				</ComposedBlock>
				<ComposedBlock ID="cblock_4" HPOS="65" VPOS="511" WIDTH="831" HEIGHT="114">
					<TextBlock ID="block_3" HPOS="65" VPOS="511" WIDTH="831" HEIGHT="114">
						<TextLine ID="line_4" HPOS="135" VPOS="511" WIDTH="761" HEIGHT="28">
							<String ID="string_20" HPOS="135" VPOS="512" WIDTH="42" HEIGHT="22" WC="0.92" CONTENT="Vid"/><SP WIDTH="16" VPOS="512" HPOS="177"/>
							<String ID="string_21" HPOS="193" VPOS="511" WIDTH="95" HEIGHT="22" WC="0.90" CONTENT="anstäldt"/><SP WIDTH="14" VPOS="511" HPOS="288"/>
							<String ID="string_22" HPOS="302" VPOS="517" WIDTH="82" HEIGHT="22" WC="0.96" CONTENT="upprop"/><SP WIDTH="16" VPOS="517" HPOS="384"/>
							<String ID="string_23" HPOS="400" VPOS="511" WIDTH="55" HEIGHT="22" WC="0.96" CONTENT="hade"/><SP WIDTH="15" VPOS="511" HPOS="455"/>
							<String ID="string_24" HPOS="470" VPOS="511" WIDTH="95" HEIGHT="28" WC="0.93" CONTENT="följande"/><SP WIDTH="15" VPOS="511" HPOS="565"/>
							<String ID="string_25" HPOS="580" VPOS="511" WIDTH="100" HEIGHT="22" WC="0.91" CONTENT="Ståndets"/><SP WIDTH="16" VPOS="511" HPOS="680"/>
							<String ID="string_26" HPOS="696" VPOS="511" WIDTH="138" HEIGHT="23" WC="0.93" CONTENT="medlemmar"/><SP WIDTH="15" VPOS="511" HPOS="834"/>
							<String ID="string_27" HPOS="849" VPOS="513" WIDTH="47" HEIGHT="20" WC="0.93" CONTENT="ute-"/>
						</TextLine>
						<TextLine ID="line_5" HPOS="67" VPOS="539" WIDTH="829" HEIGHT="29">
							<String ID="string_28" HPOS="67" VPOS="540" WIDTH="77" HEIGHT="26" WC="0.96" CONTENT="blifvit,"/><SP WIDTH="23" VPOS="540" HPOS="144"/>
							<String ID="string_29" HPOS="167" VPOS="540" WIDTH="107" HEIGHT="28" WC="0.96" CONTENT="nämligen"/><SP WIDTH="22" VPOS="540" HPOS="274"/>
							<String ID="string_30" HPOS="296" VPOS="541" WIDTH="56" HEIGHT="21" WC="0.96" CONTENT="Herr"/><SP WIDTH="22" VPOS="541" HPOS="352"/>
							<String ID="string_31" HPOS="374" VPOS="539" WIDTH="139" HEIGHT="28" WC="0.95" CONTENT="Cronvall,"/><SP WIDTH="22" VPOS="539" HPOS="513"/>
							<String ID="string_32" HPOS="535" VPOS="546" WIDTH="46" HEIGHT="16" WC="0.96" CONTENT="som"/><SP WIDTH="16" VPOS="546" HPOS="581"/>
							<String ID="string_33" HPOS="597" VPOS="540" WIDTH="85" HEIGHT="23" WC="0.96" CONTENT="erhållit"/><SP WIDTH="15" VPOS="540" HPOS="682"/>
							<String ID="string_34" HPOS="697" VPOS="539" WIDTH="100" HEIGHT="28" WC="0.96" CONTENT="ledighet,"/><SP WIDTH="17" VPOS="539" HPOS="797"/>
							<String ID="string_35" HPOS="814" VPOS="540" WIDTH="82" HEIGHT="22" WC="0.96" CONTENT="Herrar"/>
						</TextLine>
						<TextLine ID="line_6" HPOS="67" VPOS="553" WIDTH="829" HEIGHT="48">
							<String ID="string_36" HPOS="67" VPOS="569" WIDTH="109" HEIGHT="29" WC="0.91" CONTENT="Masalin"/><SP WIDTH="16" VPOS="569" HPOS="176"/>
							<String ID="string_37" HPOS="192" VPOS="569" WIDTH="40" HEIGHT="22" WC="0.96" CONTENT="och"/><SP WIDTH="15" VPOS="569" HPOS="232"/>
							<String ID="string_38" HPOS="247" VPOS="569" WIDTH="155" HEIGHT="27" WC="0.96" CONTENT="Tengström,"/><SP WIDTH="15" VPOS="569" HPOS="402"/>
							<String ID="string_39" HPOS="417" VPOS="575" WIDTH="46" HEIGHT="16" WC="0.96" CONTENT="som"/><SP WIDTH="16" VPOS="575" HPOS="463"/>
							<String ID="string_40" HPOS="479" VPOS="553" WIDTH="94" HEIGHT="48" WC="0.96" CONTENT="anmälts"/><SP WIDTH="10" VPOS="553" HPOS="573"/>
							<String ID="string_41" HPOS="583" VPOS="569" WIDTH="67" HEIGHT="27" WC="0.96" CONTENT="sjuka,"/><SP WIDTH="12" VPOS="569" HPOS="650"/>
							<String ID="string_42" HPOS="662" VPOS="569" WIDTH="81" HEIGHT="22" WC="0.93" CONTENT="Herrar"/><SP WIDTH="11" VPOS="569" HPOS="743"/>
							<String ID="string_43" HPOS="754" VPOS="569" WIDTH="31" HEIGHT="21" WC="0.91" CONTENT="W."/><SP WIDTH="9" VPOS="569" HPOS="785"/>
							<String ID="string_44" HPOS="794" VPOS="569" WIDTH="102" HEIGHT="27" WC="0.90" CONTENT="Nystén,"/>
						</TextLine>
						<TextLine ID="line_7" HPOS="65" VPOS="594" WIDTH="726" HEIGHT="31">
							<String ID="string_45" HPOS="65" VPOS="594" WIDTH="104" HEIGHT="31" WC="0.96" CONTENT="Öhberg"/><SP WIDTH="16" VPOS="594" HPOS="169"/>
							<String ID="string_46" HPOS="185" VPOS="597" WIDTH="40" HEIGHT="22" WC="0.96" CONTENT="och"/><SP WIDTH="15" VPOS="597" HPOS="225"/>
							<String ID="string_47" HPOS="240" VPOS="597" WIDTH="156" HEIGHT="28" WC="0.96" CONTENT="Chydenius,"/><SP WIDTH="16" VPOS="597" HPOS="396"/>
							<String ID="string_48" HPOS="412" VPOS="597" WIDTH="33" HEIGHT="22" WC="0.96" CONTENT="för"/><SP WIDTH="15" VPOS="597" HPOS="445"/>
							<String ID="string_49" HPOS="460" VPOS="597" WIDTH="73" HEIGHT="22" WC="0.96" CONTENT="hvilka"/><SP WIDTH="10" VPOS="597" HPOS="533"/>
							<String ID="string_50" HPOS="543" VPOS="597" WIDTH="52" HEIGHT="22" WC="0.96" CONTENT="icke"/><SP WIDTH="14" VPOS="597" HPOS="595"/>
							<String ID="string_51" HPOS="609" VPOS="597" WIDTH="71" HEIGHT="22" WC="0.96" CONTENT="förfall"/><SP WIDTH="14" VPOS="597" HPOS="680"/>
							<String ID="string_52" HPOS="694" VPOS="597" WIDTH="97" HEIGHT="22" WC="0.96" CONTENT="anmälts."/>
						</TextLine>
					</TextBlock>
				</ComposedBlock>
				<ComposedBlock ID="cblock_5" HPOS="65" VPOS="739" WIDTH="829" HEIGHT="143">
					<TextBlock ID="block_4" HPOS="65" VPOS="739" WIDTH="829" HEIGHT="143">
						<TextLine ID="line_8" HPOS="135" VPOS="739" WIDTH="758" HEIGHT="28">
							<String ID="string_53" HPOS="135" VPOS="740" WIDTH="102" HEIGHT="22" WC="0.96" CONTENT="Härefter"/><SP WIDTH="22" VPOS="740" HPOS="237"/>
							<String ID="string_54" HPOS="259" VPOS="740" WIDTH="109" HEIGHT="22" WC="0.96" CONTENT="fortsattes"/><SP WIDTH="23" VPOS="740" HPOS="368"/>
							<String ID="string_55" HPOS="391" VPOS="740" WIDTH="49" HEIGHT="21" WC="0.96" CONTENT="med"/><SP WIDTH="23" VPOS="740" HPOS="440"/>
							<String ID="string_56" HPOS="463" VPOS="740" WIDTH="42" HEIGHT="22" WC="0.96" CONTENT="den"/><SP WIDTH="23" VPOS="740" HPOS="505"/>
							<String ID="string_57" HPOS="528" VPOS="740" WIDTH="35" HEIGHT="22" WC="0.93" CONTENT="vid"/><SP WIDTH="23" VPOS="740" HPOS="563"/>
							<String ID="string_58" HPOS="586" VPOS="739" WIDTH="159" HEIGHT="28" WC="0.92" CONTENT="förmiddagens"/><SP WIDTH="19" VPOS="739" HPOS="745"/>
							<String ID="string_59" HPOS="764" VPOS="740" WIDTH="81" HEIGHT="22" WC="0.93" CONTENT="session"/><SP WIDTH="16" VPOS="740" HPOS="845"/>
							<String ID="string_60" HPOS="861" VPOS="739" WIDTH="32" HEIGHT="22" WC="0.91" CONTENT="af-"/>
						</TextLine>
						<TextLine ID="line_9" HPOS="66" VPOS="768" WIDTH="828" HEIGHT="27">
							<String ID="string_61" HPOS="66" VPOS="769" WIDTH="78" HEIGHT="22" WC="0.95" CONTENT="brutna"/><SP WIDTH="25" VPOS="769" HPOS="144"/>
							<String ID="string_62" HPOS="169" VPOS="769" WIDTH="148" HEIGHT="22" WC="0.96" CONTENT="diskussionen"/><SP WIDTH="24" VPOS="769" HPOS="317"/>
							<String ID="string_63" HPOS="341" VPOS="769" WIDTH="91" HEIGHT="21" WC="0.93" CONTENT="rörande"/><SP WIDTH="25" VPOS="769" HPOS="432"/>
							<String ID="string_64" HPOS="457" VPOS="769" WIDTH="160" HEIGHT="22" WC="0.89" CONTENT="Sammansatta"/><SP WIDTH="22" VPOS="769" HPOS="617"/>
							<String ID="string_65" HPOS="639" VPOS="769" WIDTH="56" HEIGHT="26" WC="0.91" CONTENT="Lag-"/><SP WIDTH="23" VPOS="769" HPOS="695"/>
							<String ID="string_66" HPOS="718" VPOS="768" WIDTH="39" HEIGHT="22" WC="0.90" CONTENT="och"/><SP WIDTH="22" VPOS="768" HPOS="757"/>
							<String ID="string_67" HPOS="779" VPOS="769" WIDTH="115" HEIGHT="22" WC="0.90" CONTENT="Ekonomi-"/>
						</TextLine>
						<TextLine ID="line_10" HPOS="67" VPOS="797" WIDTH="827" HEIGHT="28">
							<String ID="string_68" HPOS="67" VPOS="797" WIDTH="116" HEIGHT="23" WC="0.96" CONTENT="utskottets"/><SP WIDTH="15" VPOS="797" HPOS="183"/>
							<String ID="string_69" HPOS="198" VPOS="797" WIDTH="134" HEIGHT="22" WC="0.96" CONTENT="betänkande"/><SP WIDTH="14" VPOS="797" HPOS="332"/>
							<String ID="string_70" HPOS="346" VPOS="797" WIDTH="42" HEIGHT="22" WC="0.95" CONTENT="N:o"/><SP WIDTH="15" VPOS="797" HPOS="388"/>
							<String ID="string_71" HPOS="403" VPOS="799" WIDTH="13" HEIGHT="20" WC="0.95" CONTENT="4"/><SP WIDTH="16" VPOS="799" HPOS="416"/>
							<String ID="string_72" HPOS="432" VPOS="797" WIDTH="6" HEIGHT="22" WC="0.95" CONTENT="i"/><SP WIDTH="16" VPOS="797" HPOS="438"/>
							<String ID="string_73" HPOS="454" VPOS="797" WIDTH="116" HEIGHT="28" WC="0.96" CONTENT="anledning"/><SP WIDTH="15" VPOS="797" HPOS="570"/>
							<String ID="string_74" HPOS="585" VPOS="797" WIDTH="23" HEIGHT="22" WC="0.95" CONTENT="af"/><SP WIDTH="13" VPOS="797" HPOS="608"/>
							<String ID="string_75" HPOS="621" VPOS="797" WIDTH="60" HEIGHT="22" WC="0.96" CONTENT="Hans"/><SP WIDTH="15" VPOS="797" HPOS="681"/>
							<String ID="string_76" HPOS="696" VPOS="797" WIDTH="119" HEIGHT="28" WC="0.92" CONTENT="Kejserliga"/><SP WIDTH="12" VPOS="797" HPOS="815"/>
							<String ID="string_77" HPOS="827" VPOS="797" WIDTH="67" HEIGHT="27" WC="0.91" CONTENT="Maje-"/>
						</TextLine>
						<TextLine ID="line_11" HPOS="65" VPOS="825" WIDTH="829" HEIGHT="29">
							<String ID="string_78" HPOS="65" VPOS="828" WIDTH="56" HEIGHT="20" WC="0.93" CONTENT="stäts"/><SP WIDTH="15" VPOS="828" HPOS="121"/>
							<String ID="string_79" HPOS="136" VPOS="826" WIDTH="78" HEIGHT="28" WC="0.96" CONTENT="nådiga"/><SP WIDTH="14" VPOS="826" HPOS="214"/>
							<String ID="string_80" HPOS="228" VPOS="826" WIDTH="132" HEIGHT="27" WC="0.96" CONTENT="proposition"/><SP WIDTH="16" VPOS="826" HPOS="360"/>
							<String ID="string_81" HPOS="376" VPOS="826" WIDTH="93" HEIGHT="22" WC="0.96" CONTENT="rörande"/><SP WIDTH="16" VPOS="826" HPOS="469"/>
							<String ID="string_82" HPOS="485" VPOS="826" WIDTH="110" HEIGHT="21" WC="0.96" CONTENT="ordnande"/><SP WIDTH="15" VPOS="826" HPOS="595"/>
							<String ID="string_83" HPOS="610" VPOS="826" WIDTH="24" HEIGHT="21" WC="0.93" CONTENT="af"/><SP WIDTH="13" VPOS="826" HPOS="634"/>
							<String ID="string_84" HPOS="647" VPOS="826" WIDTH="190" HEIGHT="27" WC="0.91" CONTENT="skjutshällningen"/><SP WIDTH="16" VPOS="826" HPOS="837"/>
							<String ID="string_85" HPOS="853" VPOS="825" WIDTH="41" HEIGHT="22" WC="0.97" CONTENT="och"/>
						</TextLine>
						<TextLine ID="line_12" HPOS="65" VPOS="855" WIDTH="596" HEIGHT="27">
							<String ID="string_86" HPOS="65" VPOS="855" WIDTH="185" HEIGHT="27" WC="0.91" CONTENT="gästgifverierna;"/><SP WIDTH="16" VPOS="855" HPOS="250"/>
							<String ID="string_87" HPOS="266" VPOS="855" WIDTH="40" HEIGHT="22" WC="0.96" CONTENT="och"/><SP WIDTH="14" VPOS="855" HPOS="306"/>
							<String ID="string_88" HPOS="320" VPOS="855" WIDTH="110" HEIGHT="26" WC="0.96" CONTENT="föredrogs"/><SP WIDTH="15" VPOS="855" HPOS="430"/>
							<String ID="string_89" HPOS="445" VPOS="855" WIDTH="7" HEIGHT="22" WC="0.96" CONTENT="i"/><SP WIDTH="15" VPOS="855" HPOS="452"/>
							<String ID="string_90" HPOS="467" VPOS="855" WIDTH="80" HEIGHT="22" WC="0.96" CONTENT="sådant"/><SP WIDTH="14" VPOS="855" HPOS="547"/>
							<String ID="string_91" HPOS="561" VPOS="855" WIDTH="100" HEIGHT="22" WC="0.96" CONTENT="afseende"/>
						</TextLine>
					</TextBlock>
				</ComposedBlock>
				<ComposedBlock ID="cblock_6" HPOS="134" VPOS="912" WIDTH="492" HEIGHT="84">
					<TextBlock ID="block_5" HPOS="134" VPOS="912" WIDTH="492" HEIGHT="84">
						<TextLine ID="line_13" HPOS="448" VPOS="912" WIDTH="66" HEIGHT="27">
							<String ID="string_92" HPOS="448" VPOS="912" WIDTH="15" HEIGHT="27" WC="0.88" CONTENT="8"/><SP WIDTH="17" VPOS="912" HPOS="463"/>
							<String ID="string_93" HPOS="480" VPOS="912" WIDTH="34" HEIGHT="21" WC="0.94" CONTENT="22."/>
						</TextLine>
						<TextLine ID="line_14" HPOS="134" VPOS="968" WIDTH="492" HEIGHT="28">
							<String ID="string_94" HPOS="134" VPOS="969" WIDTH="68" HEIGHT="22" WC="0.96" CONTENT="Ordet"/><SP WIDTH="14" VPOS="969" HPOS="202"/>
							<String ID="string_95" HPOS="216" VPOS="969" WIDTH="103" HEIGHT="27" WC="0.96" CONTENT="begärdes"/><SP WIDTH="15" VPOS="969" HPOS="319"/>
							<String ID="string_96" HPOS="334" VPOS="969" WIDTH="40" HEIGHT="22" WC="0.96" CONTENT="och"/><SP WIDTH="15" VPOS="969" HPOS="374"/>
							<String ID="string_97" HPOS="389" VPOS="968" WIDTH="81" HEIGHT="23" WC="0.94" CONTENT="erhölls"/><SP WIDTH="15" VPOS="968" HPOS="470"/>
							<String ID="string_98" HPOS="485" VPOS="969" WIDTH="34" HEIGHT="22" WC="0.96" CONTENT="till"/><SP WIDTH="15" VPOS="969" HPOS="519"/>
							<String ID="string_99" HPOS="534" VPOS="968" WIDTH="54" HEIGHT="23" WC="0.96" CONTENT="först"/><SP WIDTH="15" VPOS="968" HPOS="588"/>
							<String ID="string_100" HPOS="603" VPOS="969" WIDTH="23" HEIGHT="22" WC="0.96" CONTENT="af"/>
						</TextLine>
					</TextBlock>
				</ComposedBlock>
				<ComposedBlock ID="cblock_7" HPOS="62" VPOS="1025" WIDTH="833" HEIGHT="513">
					<TextBlock ID="block_6" HPOS="62" VPOS="1025" WIDTH="833" HEIGHT="513">
						<TextLine ID="line_15" HPOS="133" VPOS="1025" WIDTH="760" HEIGHT="29">
							<String ID="string_101" HPOS="133" VPOS="1026" WIDTH="57" HEIGHT="22" WC="0.96" CONTENT="Herr"/><SP WIDTH="22" VPOS="1026" HPOS="190"/>
							<String ID="string_102" HPOS="212" VPOS="1025" WIDTH="118" HEIGHT="26" WC="0.96" CONTENT="Kurtén,"/><SP WIDTH="22" VPOS="1025" HPOS="330"/>
							<String ID="string_103" HPOS="352" VPOS="1032" WIDTH="46" HEIGHT="16" WC="0.96" CONTENT="som"/><SP WIDTH="22" VPOS="1032" HPOS="398"/>
							<String ID="string_104" HPOS="420" VPOS="1025" WIDTH="95" HEIGHT="29" WC="0.96" CONTENT="yttrade:"/><SP WIDTH="23" VPOS="1025" HPOS="515"/>
							<String ID="string_105" HPOS="538" VPOS="1025" WIDTH="34" HEIGHT="23" WC="0.96" CONTENT="Då"/><SP WIDTH="21" VPOS="1025" HPOS="572"/>
							<String ID="string_106" HPOS="593" VPOS="1025" WIDTH="74" HEIGHT="22" WC="0.96" CONTENT="säkert"/><SP WIDTH="19" VPOS="1025" HPOS="667"/>
							<String ID="string_107" HPOS="686" VPOS="1027" WIDTH="24" HEIGHT="20" WC="0.96" CONTENT="är"/><SP WIDTH="15" VPOS="1027" HPOS="710"/>
							<String ID="string_108" HPOS="725" VPOS="1027" WIDTH="33" HEIGHT="21" WC="0.96" CONTENT="att"/><SP WIDTH="15" VPOS="1027" HPOS="758"/>
							<String ID="string_109" HPOS="773" VPOS="1025" WIDTH="26" HEIGHT="22" WC="0.96" CONTENT="de"/><SP WIDTH="14" VPOS="1025" HPOS="799"/>
							<String ID="string_110" HPOS="813" VPOS="1027" WIDTH="80" HEIGHT="20" WC="0.96" CONTENT="största"/>
						</TextLine>
						<TextLine ID="line_16" HPOS="64" VPOS="1054" WIDTH="830" HEIGHT="28">
							<String ID="string_111" HPOS="64" VPOS="1054" WIDTH="77" HEIGHT="22" WC="0.88" CONTENT="hinder"/><SP WIDTH="21" VPOS="1054" HPOS="141"/>
							<String ID="string_112" HPOS="162" VPOS="1055" WIDTH="35" HEIGHT="21" WC="0.96" CONTENT="för"/><SP WIDTH="22" VPOS="1055" HPOS="197"/>
							<String ID="string_113" HPOS="219" VPOS="1055" WIDTH="135" HEIGHT="27" WC="0.93" CONTENT="möjligheten"/><SP WIDTH="16" VPOS="1055" HPOS="354"/>
							<String ID="string_114" HPOS="370" VPOS="1055" WIDTH="23" HEIGHT="21" WC="0.96" CONTENT="af"/><SP WIDTH="14" VPOS="1055" HPOS="393"/>
							<String ID="string_115" HPOS="407" VPOS="1057" WIDTH="33" HEIGHT="20" WC="0.96" CONTENT="att"/><SP WIDTH="16" VPOS="1057" HPOS="440"/>
							<String ID="string_116" HPOS="456" VPOS="1054" WIDTH="82" HEIGHT="23" WC="0.96" CONTENT="erhålla"/><SP WIDTH="15" VPOS="1054" HPOS="538"/>
							<String ID="string_117" HPOS="553" VPOS="1056" WIDTH="163" HEIGHT="26" WC="0.96" CONTENT="entreprenörer"/><SP WIDTH="15" VPOS="1056" HPOS="716"/>
							<String ID="string_118" HPOS="731" VPOS="1055" WIDTH="32" HEIGHT="21" WC="0.93" CONTENT="för"/><SP WIDTH="15" VPOS="1055" HPOS="763"/>
							<String ID="string_119" HPOS="778" VPOS="1054" WIDTH="116" HEIGHT="27" WC="0.92" CONTENT="skjutsnin-"/>
						</TextLine>
						<TextLine ID="line_17" HPOS="63" VPOS="1082" WIDTH="830" HEIGHT="29">
							<String ID="string_120" HPOS="63" VPOS="1089" WIDTH="53" HEIGHT="21" WC="0.96" CONTENT="gens"/><SP WIDTH="22" VPOS="1089" HPOS="116"/>
							<String ID="string_121" HPOS="138" VPOS="1083" WIDTH="134" HEIGHT="27" WC="0.96" CONTENT="fullgörande"/><SP WIDTH="14" VPOS="1083" HPOS="272"/>
							<String ID="string_122" HPOS="286" VPOS="1083" WIDTH="67" HEIGHT="28" WC="0.93" CONTENT="ligger"/><SP WIDTH="15" VPOS="1083" HPOS="353"/>
							<String ID="string_123" HPOS="368" VPOS="1083" WIDTH="78" HEIGHT="24" WC="0.91" CONTENT="deruti,"/><SP WIDTH="15" VPOS="1083" HPOS="446"/>
							<String ID="string_124" HPOS="461" VPOS="1085" WIDTH="34" HEIGHT="20" WC="0.96" CONTENT="att"/><SP WIDTH="16" VPOS="1085" HPOS="495"/>
							<String ID="string_125" HPOS="511" VPOS="1083" WIDTH="62" HEIGHT="22" WC="0.96" CONTENT="deras"/><SP WIDTH="14" VPOS="1083" HPOS="573"/>
							<String ID="string_126" HPOS="587" VPOS="1083" WIDTH="75" HEIGHT="22" WC="0.96" CONTENT="hästar"/><SP WIDTH="15" VPOS="1083" HPOS="662"/>
							<String ID="string_127" HPOS="677" VPOS="1083" WIDTH="33" HEIGHT="22" WC="0.96" CONTENT="för"/><SP WIDTH="16" VPOS="1083" HPOS="710"/>
							<String ID="string_128" HPOS="726" VPOS="1084" WIDTH="59" HEIGHT="21" WC="0.93" CONTENT="snart"/><SP WIDTH="14" VPOS="1084" HPOS="785"/>
							<String ID="string_129" HPOS="799" VPOS="1082" WIDTH="94" HEIGHT="23" WC="0.92" CONTENT="förslitas"/>
						</TextLine>
						<TextLine ID="line_18" HPOS="63" VPOS="1111" WIDTH="831" HEIGHT="28">
							<String ID="string_130" HPOS="63" VPOS="1111" WIDTH="35" HEIGHT="22" WC="0.96" CONTENT="till"/><SP WIDTH="15" VPOS="1111" HPOS="98"/>
							<String ID="string_131" HPOS="113" VPOS="1111" WIDTH="53" HEIGHT="27" WC="0.96" CONTENT="följd"/><SP WIDTH="15" VPOS="1111" HPOS="166"/>
							<String ID="string_132" HPOS="181" VPOS="1112" WIDTH="21" HEIGHT="21" WC="0.96" CONTENT="af"/><SP WIDTH="15" VPOS="1112" HPOS="202"/>
							<String ID="string_133" HPOS="217" VPOS="1112" WIDTH="40" HEIGHT="22" WC="0.96" CONTENT="den"/><SP WIDTH="15" VPOS="1112" HPOS="257"/>
							<String ID="string_134" HPOS="272" VPOS="1112" WIDTH="108" HEIGHT="27" WC="0.96" CONTENT="hastighet"/><SP WIDTH="15" VPOS="1112" HPOS="380"/>
							<String ID="string_135" HPOS="395" VPOS="1112" WIDTH="49" HEIGHT="22" WC="0.96" CONTENT="med"/><SP WIDTH="16" VPOS="1112" HPOS="444"/>
							<String ID="string_136" HPOS="460" VPOS="1111" WIDTH="86" HEIGHT="22" WC="0.96" CONTENT="hvilken"/><SP WIDTH="15" VPOS="1111" HPOS="546"/>
							<String ID="string_137" HPOS="561" VPOS="1111" WIDTH="74" HEIGHT="22" WC="0.96" CONTENT="färden"/><SP WIDTH="15" VPOS="1111" HPOS="635"/>
							<String ID="string_138" HPOS="650" VPOS="1112" WIDTH="50" HEIGHT="21" WC="0.96" CONTENT="sker"/><SP WIDTH="15" VPOS="1112" HPOS="700"/>
							<String ID="string_139" HPOS="715" VPOS="1111" WIDTH="40" HEIGHT="22" WC="0.96" CONTENT="och"/><SP WIDTH="16" VPOS="1111" HPOS="755"/>
							<String ID="string_140" HPOS="771" VPOS="1111" WIDTH="40" HEIGHT="22" WC="0.96" CONTENT="den"/><SP WIDTH="15" VPOS="1111" HPOS="811"/>
							<String ID="string_141" HPOS="826" VPOS="1111" WIDTH="68" HEIGHT="28" WC="0.96" CONTENT="tyngd"/>
						</TextLine>
						<TextLine ID="line_19" HPOS="63" VPOS="1139" WIDTH="830" HEIGHT="28">
							<String ID="string_142" HPOS="63" VPOS="1140" WIDTH="28" HEIGHT="21" WC="0.96" CONTENT="de"/><SP WIDTH="22" VPOS="1140" HPOS="91"/>
							<String ID="string_143" HPOS="113" VPOS="1139" WIDTH="64" HEIGHT="23" WC="0.96" CONTENT="hafva"/><SP WIDTH="22" VPOS="1139" HPOS="177"/>
							<String ID="string_144" HPOS="199" VPOS="1143" WIDTH="33" HEIGHT="19" WC="0.93" CONTENT="att"/><SP WIDTH="22" VPOS="1143" HPOS="232"/>
							<String ID="string_145" HPOS="254" VPOS="1140" WIDTH="122" HEIGHT="27" WC="0.92" CONTENT="framsläpa,"/><SP WIDTH="16" VPOS="1140" HPOS="376"/>
							<String ID="string_146" HPOS="392" VPOS="1141" WIDTH="24" HEIGHT="22" WC="0.96" CONTENT="så"/><SP WIDTH="14" VPOS="1141" HPOS="416"/>
							<String ID="string_147" HPOS="430" VPOS="1140" WIDTH="71" HEIGHT="22" WC="0.96" CONTENT="skulle"/><SP WIDTH="12" VPOS="1140" HPOS="501"/>
							<String ID="string_148" HPOS="513" VPOS="1140" WIDTH="38" HEIGHT="27" WC="0.96" CONTENT="jag"/><SP WIDTH="15" VPOS="1140" HPOS="551"/>
							<String ID="string_149" HPOS="566" VPOS="1140" WIDTH="32" HEIGHT="22" WC="0.96" CONTENT="för"/><SP WIDTH="14" VPOS="1140" HPOS="598"/>
							<String ID="string_150" HPOS="612" VPOS="1142" WIDTH="34" HEIGHT="20" WC="0.96" CONTENT="att"/><SP WIDTH="15" VPOS="1142" HPOS="646"/>
							<String ID="string_151" HPOS="661" VPOS="1140" WIDTH="78" HEIGHT="22" WC="0.96" CONTENT="lättare"/><SP WIDTH="15" VPOS="1140" HPOS="739"/>
							<String ID="string_152" HPOS="754" VPOS="1140" WIDTH="64" HEIGHT="22" WC="0.95" CONTENT="vinna"/><SP WIDTH="15" VPOS="1140" HPOS="818"/>
							<String ID="string_153" HPOS="833" VPOS="1140" WIDTH="60" HEIGHT="22" WC="0.96" CONTENT="detta"/>
						</TextLine>
						<TextLine ID="line_20" HPOS="64" VPOS="1167" WIDTH="829" HEIGHT="29">
							<String ID="string_154" HPOS="64" VPOS="1168" WIDTH="49" HEIGHT="27" WC="0.95" CONTENT="mål,"/><SP WIDTH="16" VPOS="1168" HPOS="113"/>
							<String ID="string_155" HPOS="129" VPOS="1169" WIDTH="40" HEIGHT="22" WC="0.96" CONTENT="och"/><SP WIDTH="16" VPOS="1169" HPOS="169"/>
							<String ID="string_156" HPOS="185" VPOS="1169" WIDTH="27" HEIGHT="22" WC="0.96" CONTENT="då"/><SP WIDTH="13" VPOS="1169" HPOS="212"/>
							<String ID="string_157" HPOS="225" VPOS="1169" WIDTH="37" HEIGHT="27" WC="0.96" CONTENT="jag"/><SP WIDTH="15" VPOS="1169" HPOS="262"/>
							<String ID="string_158" HPOS="277" VPOS="1175" WIDTH="61" HEIGHT="16" WC="0.96" CONTENT="anser"/><SP WIDTH="15" VPOS="1175" HPOS="338"/>
							<String ID="string_159" HPOS="353" VPOS="1169" WIDTH="58" HEIGHT="22" WC="0.96" CONTENT="tiden"/><SP WIDTH="16" VPOS="1169" HPOS="411"/>
							<String ID="string_160" HPOS="427" VPOS="1169" WIDTH="25" HEIGHT="22" WC="0.96" CONTENT="af"/><SP WIDTH="14" VPOS="1169" HPOS="452"/>
							<String ID="string_161" HPOS="466" VPOS="1170" WIDTH="28" HEIGHT="21" WC="0.96" CONTENT="70"/><SP WIDTH="15" VPOS="1170" HPOS="494"/>
							<String ID="string_162" HPOS="509" VPOS="1169" WIDTH="94" HEIGHT="22" WC="0.96" CONTENT="minuter"/><SP WIDTH="14" VPOS="1169" HPOS="603"/>
							<String ID="string_163" HPOS="617" VPOS="1169" WIDTH="47" HEIGHT="22" WC="0.96" CONTENT="icke"/><SP WIDTH="15" VPOS="1169" HPOS="664"/>
							<String ID="string_164" HPOS="679" VPOS="1175" WIDTH="52" HEIGHT="15" WC="0.96" CONTENT="vara"/><SP WIDTH="15" VPOS="1175" HPOS="731"/>
							<String ID="string_165" HPOS="746" VPOS="1168" WIDTH="34" HEIGHT="22" WC="0.96" CONTENT="för"/><SP WIDTH="14" VPOS="1168" HPOS="780"/>
							<String ID="string_166" HPOS="794" VPOS="1168" WIDTH="50" HEIGHT="27" WC="0.96" CONTENT="lång"/><SP WIDTH="15" VPOS="1168" HPOS="844"/>
							<String ID="string_167" HPOS="859" VPOS="1167" WIDTH="34" HEIGHT="22" WC="0.96" CONTENT="för"/>
						</TextLine>
						<TextLine ID="line_21" HPOS="64" VPOS="1196" WIDTH="829" HEIGHT="29">
							<String ID="string_168" HPOS="64" VPOS="1197" WIDTH="206" HEIGHT="28" WC="0.91" CONTENT="tillryggaläggande"/><SP WIDTH="22" VPOS="1197" HPOS="270"/>
							<String ID="string_169" HPOS="292" VPOS="1197" WIDTH="24" HEIGHT="22" WC="0.96" CONTENT="af"/><SP WIDTH="20" VPOS="1197" HPOS="316"/>
							<String ID="string_170" HPOS="336" VPOS="1204" WIDTH="26" HEIGHT="16" WC="0.96" CONTENT="en"/><SP WIDTH="23" VPOS="1204" HPOS="362"/>
							<String ID="string_171" HPOS="385" VPOS="1197" WIDTH="44" HEIGHT="25" WC="0.96" CONTENT="mil,"/><SP WIDTH="17" VPOS="1197" HPOS="429"/>
							<String ID="string_172" HPOS="446" VPOS="1197" WIDTH="80" HEIGHT="23" WC="0.96" CONTENT="föreslå"/><SP WIDTH="14" VPOS="1197" HPOS="526"/>
							<String ID="string_173" HPOS="540" VPOS="1200" WIDTH="33" HEIGHT="19" WC="0.96" CONTENT="att"/><SP WIDTH="15" VPOS="1200" HPOS="573"/>
							<String ID="string_174" HPOS="588" VPOS="1197" WIDTH="128" HEIGHT="28" WC="0.96" CONTENT="paragrafen"/><SP WIDTH="15" VPOS="1197" HPOS="716"/>
							<String ID="string_175" HPOS="731" VPOS="1197" WIDTH="67" HEIGHT="22" WC="0.96" CONTENT="måtte"/><SP WIDTH="15" VPOS="1197" HPOS="798"/>
							<String ID="string_176" HPOS="813" VPOS="1196" WIDTH="80" HEIGHT="23" WC="0.96" CONTENT="ändras"/>
						</TextLine>
						<TextLine ID="line_22" HPOS="63" VPOS="1225" WIDTH="830" HEIGHT="28">
							<String ID="string_177" HPOS="63" VPOS="1226" WIDTH="91" HEIGHT="22" WC="0.96" CONTENT="sålunda"/><SP WIDTH="14" VPOS="1226" HPOS="154"/>
							<String ID="string_178" HPOS="168" VPOS="1229" WIDTH="33" HEIGHT="19" WC="0.96" CONTENT="att"/><SP WIDTH="16" VPOS="1229" HPOS="201"/>
							<String ID="string_179" HPOS="217" VPOS="1233" WIDTH="26" HEIGHT="15" WC="0.96" CONTENT="en"/><SP WIDTH="14" VPOS="1233" HPOS="243"/>
							<String ID="string_180" HPOS="257" VPOS="1226" WIDTH="90" HEIGHT="22" WC="0.96" CONTENT="resande"/><SP WIDTH="15" VPOS="1226" HPOS="347"/>
							<String ID="string_181" HPOS="362" VPOS="1226" WIDTH="47" HEIGHT="22" WC="0.96" CONTENT="icke"/><SP WIDTH="16" VPOS="1226" HPOS="409"/>
							<String ID="string_182" HPOS="425" VPOS="1226" WIDTH="70" HEIGHT="22" WC="0.96" CONTENT="skulle"/><SP WIDTH="15" VPOS="1226" HPOS="495"/>
							<String ID="string_183" HPOS="510" VPOS="1232" WIDTH="53" HEIGHT="15" WC="0.96" CONTENT="vara"/><SP WIDTH="14" VPOS="1232" HPOS="563"/>
							<String ID="string_184" HPOS="577" VPOS="1226" WIDTH="121" HEIGHT="27" WC="0.96" CONTENT="berättigad"/><SP WIDTH="16" VPOS="1226" HPOS="698"/>
							<String ID="string_185" HPOS="714" VPOS="1227" WIDTH="32" HEIGHT="20" WC="0.96" CONTENT="att"/><SP WIDTH="14" VPOS="1227" HPOS="746"/>
							<String ID="string_186" HPOS="760" VPOS="1225" WIDTH="72" HEIGHT="22" WC="0.96" CONTENT="färdas"/><SP WIDTH="12" VPOS="1225" HPOS="832"/>
							<String ID="string_187" HPOS="844" VPOS="1226" WIDTH="49" HEIGHT="21" WC="0.96" CONTENT="med"/>
						</TextLine>
						<TextLine ID="line_23" HPOS="63" VPOS="1253" WIDTH="830" HEIGHT="29">
							<String ID="string_188" HPOS="63" VPOS="1256" WIDTH="70" HEIGHT="21" WC="0.96" CONTENT="större"/><SP WIDTH="22" VPOS="1256" HPOS="133"/>
							<String ID="string_189" HPOS="155" VPOS="1255" WIDTH="109" HEIGHT="27" WC="0.96" CONTENT="hastighet"/><SP WIDTH="23" VPOS="1255" HPOS="264"/>
							<String ID="string_190" HPOS="287" VPOS="1257" WIDTH="26" HEIGHT="19" WC="0.96" CONTENT="än"/><SP WIDTH="22" VPOS="1257" HPOS="313"/>
							<String ID="string_191" HPOS="335" VPOS="1255" WIDTH="31" HEIGHT="22" WC="0.93" CONTENT="tio"/><SP WIDTH="22" VPOS="1255" HPOS="366"/>
							<String ID="string_192" HPOS="388" VPOS="1257" WIDTH="59" HEIGHT="20" WC="0.91" CONTENT="verst"/><SP WIDTH="20" VPOS="1257" HPOS="447"/>
							<String ID="string_193" HPOS="467" VPOS="1256" WIDTH="28" HEIGHT="26" WC="0.96" CONTENT="på"/><SP WIDTH="16" VPOS="1256" HPOS="495"/>
							<String ID="string_194" HPOS="511" VPOS="1255" WIDTH="27" HEIGHT="22" WC="0.96" CONTENT="70"/><SP WIDTH="16" VPOS="1255" HPOS="538"/>
							<String ID="string_195" HPOS="554" VPOS="1255" WIDTH="98" HEIGHT="26" WC="0.96" CONTENT="minuter,"/><SP WIDTH="16" VPOS="1255" HPOS="652"/>
							<String ID="string_196" HPOS="668" VPOS="1254" WIDTH="41" HEIGHT="22" WC="0.96" CONTENT="den"/><SP WIDTH="15" VPOS="1254" HPOS="709"/>
							<String ID="string_197" HPOS="724" VPOS="1254" WIDTH="31" HEIGHT="22" WC="0.96" CONTENT="tid"/><SP WIDTH="16" VPOS="1254" HPOS="755"/>
							<String ID="string_198" HPOS="771" VPOS="1259" WIDTH="46" HEIGHT="17" WC="0.96" CONTENT="som"/><SP WIDTH="15" VPOS="1259" HPOS="817"/>
							<String ID="string_199" HPOS="832" VPOS="1253" WIDTH="61" HEIGHT="28" WC="0.95" CONTENT="åtgår"/>
						</TextLine>
						<TextLine ID="line_24" HPOS="63" VPOS="1282" WIDTH="830" HEIGHT="29">
							<String ID="string_200" HPOS="63" VPOS="1283" WIDTH="34" HEIGHT="22" WC="0.93" CONTENT="till"/><SP WIDTH="18" VPOS="1283" HPOS="97"/>
							<String ID="string_201" HPOS="115" VPOS="1283" WIDTH="136" HEIGHT="28" WC="0.92" CONTENT="hästombyte"/><SP WIDTH="15" VPOS="1283" HPOS="251"/>
							<String ID="string_202" HPOS="266" VPOS="1283" WIDTH="45" HEIGHT="22" WC="0.91" CONTENT="deri"/><SP WIDTH="15" VPOS="1283" HPOS="311"/>
							<String ID="string_203" HPOS="326" VPOS="1283" WIDTH="48" HEIGHT="22" WC="0.93" CONTENT="icke"/><SP WIDTH="14" VPOS="1283" HPOS="374"/>
							<String ID="string_204" HPOS="388" VPOS="1283" WIDTH="141" HEIGHT="27" WC="0.92" CONTENT="inberäknad,"/><SP WIDTH="16" VPOS="1283" HPOS="529"/>
							<String ID="string_205" HPOS="545" VPOS="1283" WIDTH="41" HEIGHT="22" WC="0.96" CONTENT="och"/><SP WIDTH="15" VPOS="1283" HPOS="586"/>
							<String ID="string_206" HPOS="601" VPOS="1283" WIDTH="7" HEIGHT="22" WC="0.96" CONTENT="i"/><SP WIDTH="15" VPOS="1283" HPOS="608"/>
							<String ID="string_207" HPOS="623" VPOS="1283" WIDTH="37" HEIGHT="22" WC="0.96" CONTENT="det"/><SP WIDTH="14" VPOS="1283" HPOS="660"/>
							<String ID="string_208" HPOS="674" VPOS="1289" WIDTH="75" HEIGHT="16" WC="0.95" CONTENT="senare"/><SP WIDTH="15" VPOS="1289" HPOS="749"/>
							<String ID="string_209" HPOS="764" VPOS="1282" WIDTH="60" HEIGHT="23" WC="0.96" CONTENT="fallet"/><SP WIDTH="15" VPOS="1282" HPOS="824"/>
							<String ID="string_210" HPOS="839" VPOS="1283" WIDTH="54" HEIGHT="26" WC="0.96" CONTENT="åter,"/>
						</TextLine>
						<TextLine ID="line_25" HPOS="63" VPOS="1311" WIDTH="832" HEIGHT="28">
							<String ID="string_211" HPOS="63" VPOS="1312" WIDTH="28" HEIGHT="22" WC="0.96" CONTENT="då"/><SP WIDTH="21" VPOS="1312" HPOS="91"/>
							<String ID="string_212" HPOS="112" VPOS="1313" WIDTH="37" HEIGHT="21" WC="0.95" CONTENT="två"/><SP WIDTH="20" VPOS="1313" HPOS="149"/>
							<String ID="string_213" HPOS="169" VPOS="1312" WIDTH="109" HEIGHT="21" WC="0.95" CONTENT="fullvuxna"/><SP WIDTH="15" VPOS="1312" HPOS="278"/>
							<String ID="string_214" HPOS="293" VPOS="1318" WIDTH="101" HEIGHT="21" WC="0.96" CONTENT="personer"/><SP WIDTH="14" VPOS="1318" HPOS="394"/>
							<String ID="string_215" HPOS="408" VPOS="1312" WIDTH="44" HEIGHT="21" WC="0.96" CONTENT="åka"/><SP WIDTH="15" VPOS="1312" HPOS="452"/>
							<String ID="string_216" HPOS="467" VPOS="1312" WIDTH="54" HEIGHT="22" WC="0.96" CONTENT="efter"/><SP WIDTH="16" VPOS="1312" HPOS="521"/>
							<String ID="string_217" HPOS="537" VPOS="1318" WIDTH="26" HEIGHT="15" WC="0.96" CONTENT="en"/><SP WIDTH="15" VPOS="1318" HPOS="563"/>
							<String ID="string_218" HPOS="578" VPOS="1311" WIDTH="49" HEIGHT="23" WC="0.96" CONTENT="häst"/><SP WIDTH="15" VPOS="1311" HPOS="627"/>
							<String ID="string_219" HPOS="642" VPOS="1312" WIDTH="48" HEIGHT="21" WC="0.96" CONTENT="med"/><SP WIDTH="16" VPOS="1312" HPOS="690"/>
							<String ID="string_220" HPOS="706" VPOS="1318" WIDTH="26" HEIGHT="15" WC="0.96" CONTENT="en"/><SP WIDTH="15" VPOS="1318" HPOS="732"/>
							<String ID="string_221" HPOS="747" VPOS="1311" WIDTH="108" HEIGHT="28" WC="0.96" CONTENT="hastighet"/><SP WIDTH="16" VPOS="1311" HPOS="855"/>
							<String ID="string_222" HPOS="871" VPOS="1311" WIDTH="24" HEIGHT="22" WC="0.96" CONTENT="af"/>
						</TextLine>
						<TextLine ID="line_26" HPOS="63" VPOS="1339" WIDTH="830" HEIGHT="29">
							<String ID="string_223" HPOS="63" VPOS="1341" WIDTH="30" HEIGHT="21" WC="0.93" CONTENT="tio"/><SP WIDTH="22" VPOS="1341" HPOS="93"/>
							<String ID="string_224" HPOS="115" VPOS="1342" WIDTH="58" HEIGHT="20" WC="0.91" CONTENT="verst"/><SP WIDTH="22" VPOS="1342" HPOS="173"/>
							<String ID="string_225" HPOS="195" VPOS="1340" WIDTH="28" HEIGHT="27" WC="0.96" CONTENT="på"/><SP WIDTH="15" VPOS="1340" HPOS="223"/>
							<String ID="string_226" HPOS="238" VPOS="1342" WIDTH="27" HEIGHT="20" WC="0.96" CONTENT="90"/><SP WIDTH="15" VPOS="1342" HPOS="265"/>
							<String ID="string_227" HPOS="280" VPOS="1341" WIDTH="98" HEIGHT="21" WC="0.92" CONTENT="minuter."/><SP WIDTH="16" VPOS="1341" HPOS="378"/>
							<String ID="string_228" HPOS="394" VPOS="1352" WIDTH="28" HEIGHT="4" WC="0.92" CONTENT="—"/><SP WIDTH="16" VPOS="1352" HPOS="422"/>
							<String ID="string_229" HPOS="438" VPOS="1341" WIDTH="11" HEIGHT="21" WC="0.96" CONTENT="I"/><SP WIDTH="18" VPOS="1341" HPOS="449"/>
							<String ID="string_230" HPOS="467" VPOS="1341" WIDTH="94" HEIGHT="26" WC="0.96" CONTENT="Sverige,"/><SP WIDTH="23" VPOS="1341" HPOS="561"/>
							<String ID="string_231" HPOS="584" VPOS="1340" WIDTH="63" HEIGHT="22" WC="0.96" CONTENT="hvars"/><SP WIDTH="16" VPOS="1340" HPOS="647"/>
							<String ID="string_232" HPOS="663" VPOS="1341" WIDTH="95" HEIGHT="27" WC="0.96" CONTENT="exempel"/><SP WIDTH="15" VPOS="1341" HPOS="758"/>
							<String ID="string_233" HPOS="773" VPOS="1339" WIDTH="21" HEIGHT="22" WC="0.96" CONTENT="vi"/><SP WIDTH="16" VPOS="1339" HPOS="794"/>
							<String ID="string_234" HPOS="810" VPOS="1340" WIDTH="6" HEIGHT="20" WC="0.96" CONTENT="i"/><SP WIDTH="17" VPOS="1340" HPOS="816"/>
							<String ID="string_235" HPOS="833" VPOS="1339" WIDTH="60" HEIGHT="22" WC="0.96" CONTENT="detta"/>
						</TextLine>
						<TextLine ID="line_27" HPOS="62" VPOS="1368" WIDTH="832" HEIGHT="28">
							<String ID="string_236" HPOS="62" VPOS="1368" WIDTH="119" HEIGHT="28" WC="0.96" CONTENT="stadgande"/><SP WIDTH="15" VPOS="1368" HPOS="181"/>
							<String ID="string_237" HPOS="196" VPOS="1368" WIDTH="34" HEIGHT="22" WC="0.95" CONTENT="till"/><SP WIDTH="15" VPOS="1368" HPOS="230"/>
							<String ID="string_238" HPOS="245" VPOS="1375" WIDTH="26" HEIGHT="15" WC="0.95" CONTENT="en"/><SP WIDTH="16" VPOS="1375" HPOS="271"/>
							<String ID="string_239" HPOS="287" VPOS="1371" WIDTH="45" HEIGHT="20" WC="0.96" CONTENT="stor"/><SP WIDTH="15" VPOS="1371" HPOS="332"/>
							<String ID="string_240" HPOS="347" VPOS="1369" WIDTH="35" HEIGHT="22" WC="0.96" CONTENT="del"/><SP WIDTH="15" VPOS="1369" HPOS="382"/>
							<String ID="string_241" HPOS="397" VPOS="1369" WIDTH="56" HEIGHT="27" WC="0.96" CONTENT="följt,"/><SP WIDTH="17" VPOS="1369" HPOS="453"/>
							<String ID="string_242" HPOS="470" VPOS="1369" WIDTH="39" HEIGHT="21" WC="0.96" CONTENT="har"/><SP WIDTH="16" VPOS="1369" HPOS="509"/>
							<String ID="string_243" HPOS="525" VPOS="1369" WIDTH="66" HEIGHT="22" WC="0.96" CONTENT="redan"/><SP WIDTH="15" VPOS="1369" HPOS="591"/>
							<String ID="string_244" HPOS="606" VPOS="1368" WIDTH="7" HEIGHT="22" WC="0.96" CONTENT="i"/><SP WIDTH="15" VPOS="1368" HPOS="613"/>
							<String ID="string_245" HPOS="628" VPOS="1369" WIDTH="68" HEIGHT="34" WC="0.96" CONTENT="långa"/><SP WIDTH="10" VPOS="1369" HPOS="696"/>
							<String ID="string_246" HPOS="706" VPOS="1368" WIDTH="56" HEIGHT="22" WC="0.96" CONTENT="tider"/><SP WIDTH="12" VPOS="1368" HPOS="762"/>
							<String ID="string_247" HPOS="774" VPOS="1368" WIDTH="55" HEIGHT="22" WC="0.93" CONTENT="varit"/><SP WIDTH="10" VPOS="1368" HPOS="829"/>
							<String ID="string_248" HPOS="839" VPOS="1368" WIDTH="55" HEIGHT="22" WC="0.92" CONTENT="före-"/>
						</TextLine>
						<TextLine ID="line_28" HPOS="62" VPOS="1396" WIDTH="831" HEIGHT="29">
							<String ID="string_249" HPOS="62" VPOS="1398" WIDTH="91" HEIGHT="22" WC="0.91" CONTENT="skrifvet"/><SP WIDTH="21" VPOS="1398" HPOS="153"/>
							<String ID="string_250" HPOS="174" VPOS="1399" WIDTH="34" HEIGHT="20" WC="0.96" CONTENT="att"/><SP WIDTH="22" VPOS="1399" HPOS="208"/>
							<String ID="string_251" HPOS="230" VPOS="1404" WIDTH="49" HEIGHT="15" WC="0.96" CONTENT="man"/><SP WIDTH="22" VPOS="1404" HPOS="279"/>
							<String ID="string_252" HPOS="301" VPOS="1398" WIDTH="47" HEIGHT="21" WC="0.95" CONTENT="icke"/><SP WIDTH="14" VPOS="1398" HPOS="348"/>
							<String ID="string_253" HPOS="362" VPOS="1398" WIDTH="7" HEIGHT="21" WC="0.96" CONTENT="i"/><SP WIDTH="16" VPOS="1398" HPOS="369"/>
							<String ID="string_254" HPOS="385" VPOS="1398" WIDTH="67" HEIGHT="27" WC="0.96" CONTENT="något"/><SP WIDTH="15" VPOS="1398" HPOS="452"/>
							<String ID="string_255" HPOS="467" VPOS="1397" WIDTH="37" HEIGHT="22" WC="0.95" CONTENT="fall"/><SP WIDTH="15" VPOS="1397" HPOS="504"/>
							<String ID="string_256" HPOS="519" VPOS="1398" WIDTH="36" HEIGHT="21" WC="0.96" CONTENT="må"/><SP WIDTH="14" VPOS="1398" HPOS="555"/>
							<String ID="string_257" HPOS="569" VPOS="1398" WIDTH="42" HEIGHT="22" WC="0.96" CONTENT="åka"/><SP WIDTH="15" VPOS="1398" HPOS="611"/>
							<String ID="string_258" HPOS="626" VPOS="1404" WIDTH="45" HEIGHT="17" WC="0.96" CONTENT="mer"/><SP WIDTH="15" VPOS="1404" HPOS="671"/>
							<String ID="string_259" HPOS="686" VPOS="1399" WIDTH="28" HEIGHT="20" WC="0.96" CONTENT="än"/><SP WIDTH="15" VPOS="1399" HPOS="714"/>
							<String ID="string_260" HPOS="729" VPOS="1404" WIDTH="26" HEIGHT="15" WC="0.96" CONTENT="en"/><SP WIDTH="15" VPOS="1404" HPOS="755"/>
							<String ID="string_261" HPOS="770" VPOS="1397" WIDTH="37" HEIGHT="22" WC="0.95" CONTENT="mil"/><SP WIDTH="15" VPOS="1397" HPOS="807"/>
							<String ID="string_262" HPOS="822" VPOS="1396" WIDTH="28" HEIGHT="27" WC="0.96" CONTENT="på"/><SP WIDTH="15" VPOS="1396" HPOS="850"/>
							<String ID="string_263" HPOS="865" VPOS="1397" WIDTH="28" HEIGHT="21" WC="0.95" CONTENT="90"/>
						</TextLine>
						<TextLine ID="line_29" HPOS="63" VPOS="1425" WIDTH="830" HEIGHT="29">
							<String ID="string_264" HPOS="63" VPOS="1427" WIDTH="99" HEIGHT="21" WC="0.95" CONTENT="minuter."/><SP WIDTH="31" VPOS="1427" HPOS="162"/>
							<String ID="string_265" HPOS="193" VPOS="1426" WIDTH="66" HEIGHT="22" WC="0.96" CONTENT="Detta"/><SP WIDTH="21" VPOS="1426" HPOS="259"/>
							<String ID="string_266" HPOS="280" VPOS="1432" WIDTH="62" HEIGHT="16" WC="0.96" CONTENT="anser"/><SP WIDTH="20" VPOS="1432" HPOS="342"/>
							<String ID="string_267" HPOS="362" VPOS="1427" WIDTH="37" HEIGHT="27" WC="0.96" CONTENT="jag"/><SP WIDTH="23" VPOS="1427" HPOS="399"/>
							<String ID="string_268" HPOS="422" VPOS="1433" WIDTH="53" HEIGHT="15" WC="0.96" CONTENT="vara"/><SP WIDTH="22" VPOS="1433" HPOS="475"/>
							<String ID="string_269" HPOS="497" VPOS="1433" WIDTH="26" HEIGHT="15" WC="0.96" CONTENT="en"/><SP WIDTH="24" VPOS="1433" HPOS="523"/>
							<String ID="string_270" HPOS="547" VPOS="1427" WIDTH="49" HEIGHT="26" WC="0.95" CONTENT="lång"/><SP WIDTH="15" VPOS="1427" HPOS="596"/>
							<String ID="string_271" HPOS="611" VPOS="1426" WIDTH="39" HEIGHT="26" WC="0.96" CONTENT="tid,"/><SP WIDTH="16" VPOS="1426" HPOS="650"/>
							<String ID="string_272" HPOS="666" VPOS="1433" WIDTH="48" HEIGHT="15" WC="0.96" CONTENT="men"/><SP WIDTH="15" VPOS="1433" HPOS="714"/>
							<String ID="string_273" HPOS="729" VPOS="1425" WIDTH="48" HEIGHT="23" WC="0.96" CONTENT="med"/><SP WIDTH="15" VPOS="1425" HPOS="777"/>
							<String ID="string_274" HPOS="792" VPOS="1425" WIDTH="101" HEIGHT="22" WC="0.96" CONTENT="afseende"/>
						</TextLine>
						<TextLine ID="line_30" HPOS="63" VPOS="1453" WIDTH="830" HEIGHT="29">
							<String ID="string_275" HPOS="63" VPOS="1455" WIDTH="52" HEIGHT="22" WC="0.92" CONTENT="derå"/><SP WIDTH="22" VPOS="1455" HPOS="115"/>
							<String ID="string_276" HPOS="137" VPOS="1457" WIDTH="33" HEIGHT="20" WC="0.96" CONTENT="att"/><SP WIDTH="21" VPOS="1457" HPOS="170"/>
							<String ID="string_277" HPOS="191" VPOS="1455" WIDTH="37" HEIGHT="22" WC="0.96" CONTENT="det"/><SP WIDTH="22" VPOS="1455" HPOS="228"/>
							<String ID="string_278" HPOS="250" VPOS="1457" WIDTH="25" HEIGHT="20" WC="0.96" CONTENT="är"/><SP WIDTH="22" VPOS="1457" HPOS="275"/>
							<String ID="string_279" HPOS="297" VPOS="1461" WIDTH="26" HEIGHT="16" WC="0.96" CONTENT="en"/><SP WIDTH="15" VPOS="1461" HPOS="323"/>
							<String ID="string_280" HPOS="338" VPOS="1455" WIDTH="24" HEIGHT="22" WC="0.96" CONTENT="så"/><SP WIDTH="15" VPOS="1455" HPOS="362"/>
							<String ID="string_281" HPOS="377" VPOS="1455" WIDTH="50" HEIGHT="22" WC="0.96" CONTENT="kort"/><SP WIDTH="17" VPOS="1455" HPOS="427"/>
							<String ID="string_282" HPOS="444" VPOS="1455" WIDTH="31" HEIGHT="22" WC="0.96" CONTENT="tid"/><SP WIDTH="16" VPOS="1455" HPOS="475"/>
							<String ID="string_283" HPOS="491" VPOS="1455" WIDTH="23" HEIGHT="22" WC="0.96" CONTENT="af"/><SP WIDTH="14" VPOS="1455" HPOS="514"/>
							<String ID="string_284" HPOS="528" VPOS="1455" WIDTH="47" HEIGHT="22" WC="0.96" CONTENT="året"/><SP WIDTH="14" VPOS="1455" HPOS="575"/>
							<String ID="string_285" HPOS="589" VPOS="1455" WIDTH="20" HEIGHT="21" WC="0.96" CONTENT="vi"/><SP WIDTH="16" VPOS="1455" HPOS="609"/>
							<String ID="string_286" HPOS="625" VPOS="1443" WIDTH="63" HEIGHT="34" WC="0.96" CONTENT="hafva"/><SP WIDTH="15" VPOS="1443" HPOS="688"/>
							<String ID="string_287" HPOS="703" VPOS="1454" WIDTH="53" HEIGHT="33" WC="0.96" CONTENT="godt"/><SP WIDTH="14" VPOS="1454" HPOS="756"/>
							<String ID="string_288" HPOS="770" VPOS="1454" WIDTH="51" HEIGHT="25" WC="0.96" CONTENT="före,"/><SP WIDTH="16" VPOS="1454" HPOS="821"/>
							<String ID="string_289" HPOS="837" VPOS="1453" WIDTH="56" HEIGHT="33" WC="0.96" CONTENT="blott"/>
						</TextLine>
						<TextLine ID="line_31" HPOS="63" VPOS="1483" WIDTH="830" HEIGHT="28">
							<String ID="string_290" HPOS="63" VPOS="1483" WIDTH="68" HEIGHT="22" WC="0.96" CONTENT="under"/><SP WIDTH="16" VPOS="1483" HPOS="131"/>
							<String ID="string_291" HPOS="147" VPOS="1483" WIDTH="162" HEIGHT="28" WC="0.96" CONTENT="högsommaren"/><SP WIDTH="16" VPOS="1483" HPOS="309"/>
							<String ID="string_292" HPOS="325" VPOS="1483" WIDTH="39" HEIGHT="22" WC="0.96" CONTENT="och"/><SP WIDTH="16" VPOS="1483" HPOS="364"/>
							<String ID="string_293" HPOS="380" VPOS="1490" WIDTH="26" HEIGHT="15" WC="0.96" CONTENT="en"/><SP WIDTH="16" VPOS="1490" HPOS="406"/>
							<String ID="string_294" HPOS="422" VPOS="1483" WIDTH="36" HEIGHT="22" WC="0.95" CONTENT="del"/><SP WIDTH="16" VPOS="1483" HPOS="458"/>
							<String ID="string_295" HPOS="474" VPOS="1483" WIDTH="22" HEIGHT="22" WC="0.96" CONTENT="af"/><SP WIDTH="14" VPOS="1483" HPOS="496"/>
							<String ID="string_296" HPOS="510" VPOS="1484" WIDTH="90" HEIGHT="26" WC="0.96" CONTENT="vintern,"/><SP WIDTH="16" VPOS="1484" HPOS="600"/>
							<String ID="string_297" HPOS="616" VPOS="1484" WIDTH="24" HEIGHT="21" WC="0.96" CONTENT="så"/><SP WIDTH="14" VPOS="1484" HPOS="640"/>
							<String ID="string_298" HPOS="654" VPOS="1489" WIDTH="64" HEIGHT="16" WC="0.96" CONTENT="anser"/><SP WIDTH="12" VPOS="1489" HPOS="718"/>
							<String ID="string_299" HPOS="730" VPOS="1483" WIDTH="37" HEIGHT="27" WC="0.96" CONTENT="jag"/><SP WIDTH="15" VPOS="1483" HPOS="767"/>
							<String ID="string_300" HPOS="782" VPOS="1483" WIDTH="28" HEIGHT="21" WC="0.93" CONTENT="60"/><SP WIDTH="15" VPOS="1483" HPOS="810"/>
							<String ID="string_301" HPOS="825" VPOS="1481" WIDTH="68" HEIGHT="22" WC="0.92" CONTENT="minu-"/>
						</TextLine>
						<TextLine ID="line_32" HPOS="63" VPOS="1500" WIDTH="830" HEIGHT="38">
							<String ID="string_302" HPOS="63" VPOS="1513" WIDTH="33" HEIGHT="20" WC="0.96" CONTENT="ter"/><SP WIDTH="22" VPOS="1513" HPOS="96"/>
							<String ID="string_303" HPOS="118" VPOS="1518" WIDTH="52" HEIGHT="16" WC="0.96" CONTENT="vara"/><SP WIDTH="22" VPOS="1518" HPOS="170"/>
							<String ID="string_304" HPOS="192" VPOS="1518" WIDTH="27" HEIGHT="16" WC="0.96" CONTENT="en"/><SP WIDTH="18" VPOS="1518" HPOS="219"/>
							<String ID="string_305" HPOS="237" VPOS="1512" WIDTH="34" HEIGHT="21" WC="0.96" CONTENT="för"/><SP WIDTH="14" VPOS="1512" HPOS="271"/>
							<String ID="string_306" HPOS="285" VPOS="1512" WIDTH="49" HEIGHT="22" WC="0.96" CONTENT="kort"/><SP WIDTH="16" VPOS="1512" HPOS="334"/>
							<String ID="string_307" HPOS="350" VPOS="1512" WIDTH="31" HEIGHT="22" WC="0.96" CONTENT="tid"/><SP WIDTH="15" VPOS="1512" HPOS="381"/>
							<String ID="string_308" HPOS="396" VPOS="1512" WIDTH="33" HEIGHT="22" WC="0.96" CONTENT="för"/><SP WIDTH="15" VPOS="1512" HPOS="429"/>
							<String ID="string_309" HPOS="444" VPOS="1514" WIDTH="34" HEIGHT="20" WC="0.95" CONTENT="att"/><SP WIDTH="15" VPOS="1514" HPOS="478"/>
							<String ID="string_310" HPOS="493" VPOS="1500" WIDTH="107" HEIGHT="34" WC="0.91" CONTENT="framföra"/><SP WIDTH="10" VPOS="1500" HPOS="600"/>
							<String ID="string_311" HPOS="610" VPOS="1514" WIDTH="32" HEIGHT="20" WC="0.96" CONTENT="ett"/><SP WIDTH="15" VPOS="1514" HPOS="642"/>
							<String ID="string_312" HPOS="657" VPOS="1512" WIDTH="42" HEIGHT="22" WC="0.93" CONTENT="lass"/><SP WIDTH="15" VPOS="1512" HPOS="699"/>
							<String ID="string_313" HPOS="714" VPOS="1517" WIDTH="35" HEIGHT="16" WC="0.88" CONTENT="-om"/><SP WIDTH="17" VPOS="1517" HPOS="749"/>
							<String ID="string_314" HPOS="766" VPOS="1511" WIDTH="27" HEIGHT="22" WC="0.88" CONTENT="20"/><SP WIDTH="15" VPOS="1511" HPOS="793"/>
							<String ID="string_315" HPOS="808" VPOS="1511" WIDTH="85" HEIGHT="27" WC="0.88" CONTENT="lispund"/>
						</TextLine>
					</TextBlock>
				</ComposedBlock>
			</PrintSpace>
		</Page>
	</Layout>
</alto>
