1070 1795
181 116 55 21 1306
384 121 177 21 Borgareståndet
573 121 55 18 1877.
652 121 28 17 23
692 120 97 18 Oktober.

178 190 48 22 icke
242 196 51 15 vore
307 189 47 22 skäl
370 192 31 19 att
416 189 83 22 belasta
515 196 34 15 oss
565 190 47 21 med
626 191 32 20 att
668 189 125 28 ytterligare
806 189 44 22 låta
860 189 75 27 trycka
946 189 61 21 dessa

178 219 162 27 ingeniörernas
356 218 155 26 betänkanden,
521 219 89 21 emedan
621 219 26 21 de
658 219 28 26 på
696 219 77 21 sådant
784 220 49 24 sätt,
845 218 67 21 skulle
922 218 85 21 komma

179 251 33 18 att
227 247 67 22 blifva
308 247 36 22 två
358 247 81 27 gånger
454 247 84 27 tryckta
553 247 40 22 och
609 247 66 22 redan
690 247 176 22 kommissionens
882 246 124 22 utlåtanden

180 278 37 19 äro
233 275 23 22 af
270 275 40 22 den
325 275 78 27 mängd
424 277 32 20 att
475 276 36 21 det
528 277 42 21 kan
589 275 51 28 åtgå
663 276 99 21 veckotal
777 275 64 22 innan
856 276 26 21 de
898 275 63 22 hinna
976 275 31 21 öf-

180 306 106 20 versättas
302 305 39 21 och
356 304 91 27 tryckas.

250 355 56 22 Herr
328 356 162 26 Tengström:
521 356 43 21 För
587 356 43 21 min
650 356 34 21 del
704 362 63 15 anser
785 356 36 26 jag
837 356 36 21 det
888 355 53 22 böra
957 355 49 21 lem-

180 391 38 15 nas
240 385 23 20 åt
285 384 220 27 Jernvägsutskottets
529 387 48 25 eget
601 384 145 27 bepröfvande
768 387 32 18 att
823 385 99 26 antingen
941 384 7 21 i
969 384 38 21 sitt

180 413 222 27 tilläggsbetänkande
424 414 98 27 aftrycka
545 414 58 21 såväl
625 413 313 27 undersökningsprotokolien,
961 419 45 15 som

180 442 159 27 ingeniörernas
362 442 40 21 och
417 442 174 21 kommissionens
607 442 141 26 betänkande,
765 442 52 21 eller
832 441 70 26 också,
918 448 34 15 om
968 442 39 21 Ut-

180 471 82 21 skottet
285 471 85 26 pröfvar
388 471 35 20 det
441 477 50 15 vara
509 470 131 28 lämpligare,
658 471 44 21 låta
718 471 63 21 dessa
796 470 126 25 handlingar
936 470 71 21 såsom

180 499 84 26 bilagor
286 499 75 26 åtfölja
384 499 173 22 kommissionens
580 499 142 22 betänkande.
754 499 42 21 Det
817 501 24 19 är
856 499 57 21 svårt
928 501 31 18 att
974 499 33 20 för

180 527 112 22 Utskottet
306 527 127 22 föreskrifva
448 528 64 27 något
528 529 6 20 i
550 529 59 20 detta
624 528 108 21 afseende.

250 578 57 22 Herr
328 579 107 27 Nybom:
465 579 33 21 Då
527 582 209 24 representanternes
759 579 32 21 för
813 579 84 27 Kuopio
920 578 85 27 förslag,

181 614 34 15 om
238 607 112 28 tryckning
365 607 23 22 af
402 608 159 27 handlingarna,
585 608 38 21 har
646 608 69 21 blifvit
738 607 82 22 bemött
839 613 62 16 anser
914 608 36 26 jag
965 607 42 26 mig

180 636 53 21 böra
248 636 34 21 för
298 637 41 20 min
355 636 34 21 del
404 637 129 21 understöda
550 637 59 21 detta
624 637 86 26 förslag.
740 637 43 20 Det
804 636 99 21 förvånar
919 636 42 27 mig
975 638 32 19 att

180 665 47 21 icke
244 666 104 25 styrelsen
363 665 82 21 utdelat
461 665 58 21 detta
535 666 135 21 betänkande
685 666 57 21 inom
759 665 100 25 Ständen,
875 665 69 20 såsom
957 671 50 14 van-

181 693 39 26 ligt
236 693 54 21 varit
305 694 48 21 med
368 694 67 21 andra
450 694 246 24 komité-betänkanden,
716 696 52 19 utan
784 693 76 21 endast
874 693 83 21 skickat
972 693 36 21 det

182 721 33 22 till
230 721 118 22 Utskottet.
379 722 49 21 Men
457 723 26 21 dä
509 729 28 15 nu
564 723 24 21 så
614 723 64 25 skett,
707 729 63 14 anser
787 722 36 27 jag
839 722 35 21 det
889 728 51 15 vara
956 721 52 22 nöd-

181 750 88 27 vändigt
291 753 32 19 att
345 751 59 21 detta
426 752 24 21 så
471 752 43 20 fort
535 758 45 15 som
598 752 82 26 möjligt
696 751 85 27 tryckes
797 751 40 20 och
853 751 22 20 åt
890 750 118 22 Ständerna

181 779 90 21 utdelas.
302 779 42 22 Det
358 781 24 19 är
398 779 46 22 icke
458 786 41 21 nog
515 782 31 19 att
569 780 119 21 Ständerna
704 780 22 21 få
742 779 33 22 del
791 779 24 21 af
829 779 58 21 detta
903 779 104 21 komiténs

181 807 135 22 betänkande
332 808 27 21 då
375 810 38 19 när
428 809 220 27 Jernvägsutskottets
664 808 137 21 betänkande
817 808 94 21 kommer
921 814 35 15 oss
967 807 41 21 till-

181 836 82 26 handa;
280 837 19 20 vi
315 837 65 21 borde
396 837 24 21 så
435 840 58 19 snart
509 844 43 15 som
570 837 81 27 möjligt
667 837 22 21 få
705 837 34 22 del
756 837 21 21 af
791 837 60 20 detta
867 836 140 24 betänkande,

182 865 27 21 då
224 865 37 20 det
276 865 64 21 redan
356 867 24 20 är
396 865 85 28 färdigt,
497 866 89 21 emedan
602 866 73 26 frågan
692 868 24 19 är
732 866 24 21 så
770 865 73 27 vigtig,
859 867 32 19 att
903 871 48 15 man
961 865 47 20 icke

181 900 66 20 gerna
262 893 42 22 kan
320 894 20 21 få
356 894 26 21 de
398 895 157 27 upplysningar,
571 901 46 15 som
634 895 70 21 deruti
722 895 57 26 ingå,
788 894 33 21 för
836 894 69 27 tidigt.

251 945 56 22 Herr
322 945 126 22 Höckert:
479 947 10 20 I
510 946 114 27 anledning
640 945 20 22 af
675 947 58 20 Herr
748 945 95 27 Nyboms
858 945 99 27 yttrande
972 951 36 14 an-

181 980 35 15 ser
228 974 38 27 jag
281 975 42 26 mig
338 974 52 21 böra
406 975 89 27 upplysa
510 975 89 22 Ståndet
622 975 79 24 derom,
718 976 32 20 att
765 974 175 21 kommissionens
956 973 52 22 utlå-

181 1003 65 21 tande
262 1003 45 21 helt
321 1003 84 27 nyligen
420 1004 69 21 blifvit
504 1004 32 21 till
552 1004 92 21 Senaten
660 1003 117 22 aflemnadt
792 1003 40 21 och
848 1005 32 18 att
895 1003 68 26 någon
977 1002 32 21 åt-

181 1031 53 27 gärd
256 1038 34 15 om
313 1032 111 27 tryckning
447 1032 23 21 af
491 1033 68 21 denna
581 1033 120 24 anledning,
723 1031 110 22 förmodar
850 1031 42 27 jag,
908 1031 46 21 icke
969 1031 39 21 har

182 1060 82 21 kunnat
279 1060 23 21 af
316 1061 123 26 regeringen
456 1061 101 26 vidtagas,
573 1063 52 19 utan
641 1061 66 26 ansåg
723 1061 93 21 Senaten
833 1060 36 21 det
883 1066 50 15 vara
943 1059 65 27 lämp-

181 1089 64 26 ligast
258 1089 40 21 och
312 1089 102 22 befordra
436 1090 177 27 skyndsamheten
630 1089 34 22 vid
680 1089 88 27 frågans
786 1089 129 26 behandling
930 1091 32 18 att
977 1087 31 22 öf-

182 1117 109 22 verlemna
306 1117 154 27 handlingarna
475 1119 31 20 till
521 1118 217 27 Jernvägsutskottet,
755 1124 46 15 som
817 1117 55 27 finge
885 1117 124 21 underrätta

182 1145 119 22 Ständerna
316 1153 34 14 om
366 1147 63 21 dessa
444 1147 135 27 handlingars
594 1147 100 21 innehåll.
725 1146 78 21 Tillika
818 1145 39 22 bör
869 1146 37 27 jag
920 1146 89 27 upplysa

182 1181 34 15 om
232 1176 33 20 att
280 1175 221 26 Järnvägsutskottets
520 1176 84 26 mening
618 1176 74 27 tyckes
708 1176 57 20 varit
781 1175 93 26 enhällig
889 1174 72 21 derom
977 1176 32 19 att

181 1203 159 28 ingeniörernas
356 1203 39 22 och
410 1204 164 21 kommisionens
588 1204 134 21 betänkande
742 1203 70 22 skulle
827 1203 127 21 öfversättas
969 1202 40 22 och

182 1232 121 21 sedermera
318 1232 6 21 i
340 1233 60 27 tryck
416 1233 97 27 utgifvas.

251 1278 57 21 Herr
329 1278 136 22 Boström:
494 1279 96 21 Emedan
605 1279 178 21 kommissionens
798 1277 134 22 betänkande
948 1277 61 21 torde

184 1313 50 14 vara
250 1307 22 21 af
286 1307 39 21 den
342 1309 79 20 största
436 1308 43 27 vigt
493 1307 33 22 för
541 1307 85 28 frågans
644 1307 135 22 bedömande
795 1307 40 21 och
850 1306 36 21 det
901 1305 70 22 derför
986 1308 24 19 är

182 1335 64 26 högst
262 1336 112 26 angeläget
396 1337 32 20 att
451 1336 89 21 Ståndet
562 1337 32 20 får
609 1336 34 21 del
662 1335 92 26 derutaf,
771 1336 24 20 så
809 1335 64 27 yrkar
885 1335 37 26 jag
937 1334 72 22 fortfa-

183 1363 65 21 rande
264 1366 32 19 att
312 1364 128 22 åtminstone
456 1364 57 22 detta
529 1365 66 21 måtte
610 1365 93 27 tryckas.
735 1364 30 21 Af
778 1364 99 20 hurudan
893 1362 118 22 beskaffen-

182 1392 38 21 het
234 1393 159 26 ingeniörernas
401 1393 107 25 protokoll
524 1395 25 19 är
564 1394 81 21 känner
653 1393 37 27 jag
699 1393 55 26 icke,
764 1399 47 15 men
823 1399 34 14 om
868 1398 48 15 man
927 1390 84 28 lämpli-

182 1427 41 20 gen
239 1421 42 21 kan
296 1423 52 26 göra
364 1421 42 27 det,
420 1423 25 20 så
459 1428 62 15 anser
540 1422 37 27 jag
592 1424 32 19 att
644 1422 61 21 äfven
721 1423 27 20 de
764 1423 53 20 böra
831 1421 85 27 tryckas
931 1420 40 21 och
987 1420 24 21 så

183 1452 60 19 snart
258 1456 46 15 som
318 1451 83 27 möjligt
416 1451 91 26 utdelas,
522 1457 48 15 men
583 1453 37 19 äro
636 1451 26 21 de
678 1451 22 21 af
715 1450 41 21 den
768 1449 153 26 beskaffenhet,
932 1450 32 20 att
975 1449 36 20 det

183 1478 47 21 icke
252 1479 114 27 lämpligen
389 1479 42 22 kan
454 1479 42 26 ske,
519 1481 24 20 så
565 1479 83 27 intager
664 1479 34 21 väl
713 1478 213 27 Jernvägsutskottet
941 1477 70 21 dem
998 1473 17 38 i

183 1506 37 22 sitt
235 1506 136 23 betänkande
387 1508 32 21 till
434 1508 80 22 sådana
529 1509 59 20 delar
603 1509 38 20 der
656 1508 27 21 de
698 1509 38 20 äro
753 1507 34 22 för
797 1507 66 22 saken
873 1506 137 28 upplysande.
