1070 1795
298 131 179 22 Borgareständet
490 133 54 17 1877.
569 133 26 17 27
607 131 97 18 Oktober.
849 126 55 21 1417

76 201 45 21 visa
136 201 66 22 vådor
217 200 22 22 af
253 203 31 19 ett
299 201 132 21 förhållande
446 207 46 15 som
507 203 58 19 ännu
581 201 18 26 ej
612 201 103 21 existerar
726 207 46 15 men
784 206 45 15 som
841 199 64 22 fram-

77 229 57 22 deles
155 229 85 22 komme
262 231 32 20 att
313 229 97 21 existera.
440 229 43 22 Det
504 229 69 22 skulle
595 229 63 21 hafva
679 229 55 21 varit
756 229 101 26 nödigare
872 230 34 20 att

76 258 45 21 visa
144 258 26 21 de
192 258 95 26 verkliga
309 258 121 21 fördelarna
445 258 23 21 af
488 258 37 21 det
547 257 133 22 förhållande
696 264 45 15 som
756 264 49 15 man
820 257 37 22 vill
873 257 32 21 in-

76 287 53 21 föra.
159 287 37 21 Uti
218 287 118 21 motiverna
352 286 32 21 till
400 286 103 27 förslaget
521 287 40 21 och
582 287 7 20 i
606 286 59 21 Hans
681 286 110 27 Majestäts
806 286 99 27 proposi-

76 315 45 22 tion
142 315 40 21 har
200 315 38 27 jag
260 315 19 26 ej
301 315 81 22 kunnat
402 314 57 22 finna
477 315 65 26 något
557 317 65 19 annat
637 317 27 19 än
680 315 36 20 det
732 317 31 19 att
778 321 49 14 man
843 317 63 24 säger

76 345 33 20 att
125 343 39 22 den
180 343 102 28 rättighet
297 350 44 15 som
358 343 136 27 utlänningar
509 343 76 22 hittills
601 343 41 22 fått
655 343 33 21 för
698 343 91 21 idkande
798 343 22 21 af
830 343 75 21 bruks-

77 373 38 20 och
132 372 161 21 fabriksrörelse
308 373 75 20 endast
398 372 42 21 kan
456 379 63 14 anses
535 372 63 21 hafva
620 372 56 21 varit
691 371 32 22 till
740 372 82 21 landets
838 377 67 16 sanna

76 401 97 21 fromma.
204 401 34 21 Nu
261 403 46 19 tror
329 407 48 15 man
401 401 32 27 sig
448 403 52 19 utan
516 401 73 21 vidare
605 401 72 21 kunna
692 400 56 27 gifva
763 401 22 21 åt
800 401 49 21 dem
865 399 40 22 full

77 430 162 27 näringsfrihet;
262 436 47 15 men
332 430 121 21 fördelarna
475 430 60 21 deraf
557 430 97 21 förefalla
678 430 42 25 mig
736 430 45 21 icke
797 436 52 14 vara
863 434 42 21 nog

77 459 104 21 bevisade.
213 459 49 21 Man
286 458 38 21 har
347 459 67 20 under
437 458 148 21 diskussionen
607 458 55 21 velat
678 458 87 27 tillägga
781 460 32 19 att
827 463 78 21 genom

78 493 24 15 en
126 487 66 21 sådan
208 487 103 27 rättighet
333 486 144 22 allmänheten
500 487 56 22 skall
579 487 65 21 blifva
666 487 6 20 i
689 487 83 21 tillfälle
793 488 33 20 att
849 486 57 27 köpa

78 516 97 26 billigare
197 515 39 22 och
260 515 52 27 sälja
335 516 81 26 dyrare.
448 515 49 22 Men
518 515 27 22 då
568 522 28 15 nu
612 515 68 22 denna
697 515 124 27 författning
836 514 71 28 gifver

78 544 124 27 fullständig
224 544 150 26 näringsfrihet
389 543 40 22 och
449 544 81 21 tillåter
545 544 72 25 hvarje
633 544 138 27 medborgare
787 546 32 19 att
835 545 71 25 öppna

77 573 151 25 affärsrörelse,
244 573 69 21 drifva
328 572 77 21 handel
421 572 39 21 och
476 574 101 25 uppköpa
592 573 39 20 och
646 573 86 26 försälja
752 573 117 26 produkter
885 571 23 21 af

77 601 42 22 alla
143 602 51 27 slag,
218 601 24 21 så
263 602 41 20 kan
325 601 36 27 jag
382 601 17 26 ej
424 601 45 22 inse
493 603 32 19 att
540 607 49 15 man
605 601 103 21 behöfver
722 601 73 22 befara
811 603 32 19 att
859 600 47 21 icke

78 630 160 22 konkurrensen
254 630 67 21 skulle
336 629 64 22 blifva
416 636 42 20 nog
473 632 45 19 stor
534 630 33 21 för
583 632 32 19 att
630 630 142 21 allmänheten
788 629 32 22 till
836 628 70 27 möjli-

79 661 48 25 gast
150 659 106 27 billigaste
279 659 42 26 pris
337 659 69 20 skulle
429 659 21 20 få
472 659 100 26 uppköpa
595 659 45 20 sina
662 658 101 22 behofver
778 658 38 21 och
833 658 73 27 dyrast

79 675 56 39 sälja
156 688 46 21 sina
225 687 122 26 produkter.
379 687 88 22 Således
491 687 39 21 har
553 687 54 21 intet
630 687 105 21 bindande
751 687 57 21 bevis
824 687 82 20 anförts

78 716 34 21 för
127 716 41 21 den
184 718 60 25 nytta
259 716 73 21 landet
346 715 68 22 skulle
424 715 134 33 tillskyndas
573 722 75 21 genom
666 723 24 14 en
706 716 65 21 sådan
783 715 124 26 förordning

80 751 46 15 som
152 745 39 21 här
214 744 86 27 åsyftas.
317 757 28 2 —
361 744 40 22 Om
421 745 37 26 jag
481 747 44 19 rätt
540 745 86 21 förstått
648 745 55 21 Herr
718 745 95 21 Höckert
828 744 24 21 så
867 743 40 22 har

79 773 52 21 hans
151 773 85 26 mening
259 773 54 21 varit
333 775 33 19 att
389 773 69 22 denna
481 771 103 29 paragraf
605 773 119 26 egentligen
746 773 75 21 endast
837 771 69 22 skulle

78 801 113 27 innehålla,
207 802 66 21 under
289 801 71 22 hvilka
375 802 69 21 vilkor
459 802 40 21 och
515 801 267 27 undantagsförhållanden
798 801 108 22 utlännin-

78 837 39 20 gar
131 819 69 32 skulle
216 830 116 27 medgifvas
347 830 104 33 rättighet
466 833 33 18 att
515 831 39 20 här
569 831 50 20 idka
641 830 99 21 handels-
755 831 38 20 och
810 829 96 33 närings-

79 859 90 25 rörelse;
193 859 39 21 och
248 865 33 15 om
298 859 52 21 hans
368 859 85 26 mening
469 859 40 21 har
524 859 54 21 varit
593 859 66 21 sådan
674 859 24 22 så
714 859 84 21 förenar
811 858 37 27 jag
864 857 43 27 mig

78 887 6 20 i
101 888 40 21 den
156 876 32 33 till
204 888 42 21 alla
261 888 64 21 delar.
355 886 10 22 1
381 890 65 19 annat
458 887 39 22 fall
513 887 36 22 ber
559 888 36 26 jag
606 890 32 19 att
650 888 21 21 fä
681 887 106 28 uppställa
797 889 32 19 ett
841 875 66 32 annat

77 916 85 26 förslag,
179 916 89 21 säframt
284 917 68 20 denna
367 916 102 27 paragraf
483 917 18 26 ej
518 917 41 20 kan
575 923 61 14 anses
652 917 45 20 helt
712 917 39 20 och
772 915 66 22 hället
854 915 53 22 böra

78 945 51 26 utgä
145 945 40 21 och
200 945 111 27 utländing
327 947 50 19 utan
394 947 32 19 att
434 945 66 26 nägot
515 945 101 21 särskildt
636 945 72 21 derom
730 945 129 21 bestämmes
875 943 30 22 äf-

79 979 44 27 ven
142 973 113 22 framdeles
270 974 7 21 i
300 974 151 27 exceptionella
473 973 38 22 fall
526 974 21 21 få
562 975 45 20 rätt
621 975 32 20 att
674 974 38 21 här
728 974 6 21 i
750 974 72 21 landet
837 972 70 21 drifva

78 1008 80 20 näring.

149 1059 56 21 Herr
220 1059 25 22 E.
262 1059 104 27 Bergh:
402 1059 41 26 Jag
465 1059 37 21 vill
524 1059 86 27 tillägga
634 1059 54 21 blott
704 1061 31 19 ett
750 1065 38 20 par
804 1058 39 21 ord
858 1058 49 21 med

79 1087 115 33 anledning
217 1088 21 21 af
260 1088 79 21 Herrar
359 1087 102 28 Chydenii
485 1088 39 21 och
546 1088 94 27 Nyboms
659 1087 180 27 ändringsförslag
855 1087 52 21 eller

79 1116 132 27 proposition
227 1123 34 15 om
277 1117 127 23 återremiss,
421 1117 48 20 med
485 1117 116 26 anledning
616 1116 61 21 deraf
692 1118 32 19 att
739 1117 25 20 de
780 1115 63 22 hafva
853 1117 54 19 trott

79 1146 32 19 att
127 1145 59 21 detta
201 1147 93 20 moment
310 1145 68 21 skulle
400 1147 51 25 göra
467 1145 86 27 intrång
569 1145 30 21 uti
615 1145 114 21 utländska
744 1144 163 21 handelsresan-

79 1173 36 21 des
131 1173 127 27 rättigheter
273 1176 31 19 att
319 1173 67 22 drifva
402 1173 78 22 affärer
496 1174 6 21 i
518 1174 79 21 landet.
627 1173 72 27 Enligt
715 1173 41 21 min
772 1173 56 25 äsigt
843 1174 24 19 är
880 1178 26 15 en

78 1201 67 22 sädan
169 1202 123 21 äterremiss
315 1202 83 33 onödig,
414 1204 23 25 ty
461 1203 28 20 de
512 1202 110 21 utländske
644 1202 177 21 handelsresande
837 1203 70 24 öppna

78 1230 105 27 nemligen
199 1231 54 21 efter
269 1231 53 21 hvad
336 1231 36 27 jag
388 1233 45 19 tror
449 1230 64 27 högst
523 1231 68 21 sällan
602 1233 48 24 eget
659 1231 77 20 kontor
746 1230 51 21 eller
810 1229 97 27 begagna

78 1258 97 22 biträden
192 1260 52 21 eller
258 1259 101 22 särskildt
373 1259 200 33 försäljningsställe
588 1259 39 21 och
638 1259 34 21 vid
684 1259 76 21 sådant
773 1257 134 23 förhällande

78 1287 61 21 torde
155 1288 35 20 det
206 1288 18 27 ej
241 1288 49 21 falla
305 1289 69 26 nägon
390 1288 125 27 myndighet
527 1289 20 20 in
564 1290 31 19 att
611 1287 98 28 förbjuda
724 1288 47 20 dem
787 1289 32 19 att
834 1286 73 22 utöfva

77 1315 32 22 sin
126 1317 80 20 rörelse
222 1317 69 21 säsom
307 1304 37 34 de
348 1317 99 26 vanligen
462 1319 54 24 göra
532 1317 41 21 det.

146 1373 56 21 Herr
218 1373 136 22 Höckert:
385 1373 56 22 Herr
456 1373 121 22 Snellmans
593 1373 51 22 sista
662 1373 60 28 fråga
733 1372 120 23 föranleder
864 1372 43 27 mig

76 1404 33 19 att
130 1404 116 24 yttermera
270 1403 106 26 precisera
399 1402 49 21 mitt
468 1403 103 26 yrkande.
604 1403 50 20 Mitt
681 1403 68 20 första
771 1401 136 27 andragande

77 1430 93 21 innehöll
186 1431 104 26 nemligen
306 1433 32 19 att
354 1430 102 27 paragraf
471 1431 27 21 13
514 1432 6 20 i
537 1431 160 27 propositionen
713 1431 51 21 eller
787 1430 49 21 dess
852 1432 55 18 mot-

75 1459 105 21 svarande
202 1465 96 16 nummer
320 1460 6 21 i
342 1459 147 22 betänkandet
512 1460 68 21 skulle
603 1460 100 26 antingen
726 1459 52 27 utgå
800 1465 25 14 ur
848 1459 59 20 detta

77 1487 119 27 lagförslag,
212 1488 88 21 emedan
317 1489 39 20 den
371 1487 120 22 innehåller
507 1489 158 26 bestämningar
681 1495 44 14 som
742 1488 43 21 afse
800 1487 107 21 utlännin-

75 1522 49 20 gars
139 1516 98 21 handels-
253 1517 38 21 och
307 1517 222 27 näringsrättigheter,
546 1517 27 21 då
590 1517 48 21 hela
652 1516 153 27 författningen
821 1516 6 20 i
843 1515 65 27 öfrigt
