1070 1795
288 135 179 22 Borgareståndet
481 135 56 18 1877.
556 135 23 17 18
591 135 98 18 Oktober.
844 129 55 21 1195

138 204 66 22 Ordet
220 204 103 27 begärdes
338 204 53 21 härå
406 203 24 22 af

138 261 55 22 Herr
215 261 24 21 E.
262 261 93 27 Bergh,
378 267 46 15 som
447 261 98 27 yttrade:
575 261 41 21 Vid
638 260 128 27 föregående
781 259 117 28 lagförslag

68 290 39 21 har
130 290 36 21 det
188 289 55 22 varit
264 289 80 28 vanligt
366 291 32 20 att
420 289 133 22 öfverlemna
575 289 32 21 till
622 289 60 22 Hans
698 289 99 26 Majestät
813 291 32 19 att
860 288 37 23 be-

67 320 92 20 stämma
174 318 41 21 den
230 319 47 26 dag,
292 318 46 21 från
353 318 86 21 hvilken
454 318 154 27 förordningen
623 317 55 22 skall
689 318 63 21 träda
766 318 7 20 i
789 317 108 22 verksam-

68 347 43 27 het,
127 353 48 15 men
190 347 40 21 här
244 347 73 27 tyckes
331 347 47 21 icke
393 347 114 21 Utskottet
523 347 64 21 hafva
601 346 109 27 föreslagit
732 346 65 27 något
812 346 85 21 sådant.

68 376 33 21 Då
125 376 35 21 det
179 375 67 22 likväl
267 375 61 22 torde
344 375 54 22 höra
412 375 34 22 till
462 375 119 27 ordningen
596 377 32 20 att
644 377 31 19 ett
690 375 77 22 sådant
783 374 112 22 öfverlem-

68 404 70 22 nande
161 404 56 27 sker,
240 404 88 22 emedan
351 403 51 29 eljes
425 404 36 22 det
484 404 48 22 icke
555 405 24 20 är
601 403 230 22 öfverensstämmande
847 403 50 22 med

68 433 132 27 grundlagen
215 435 33 19 att
263 433 59 21 Hans
338 433 100 26 Majestät
457 433 71 21 skulle
543 433 85 26 vidtaga
644 438 25 15 en
685 432 66 21 sådan
767 432 81 27 ensidig
864 432 33 21 åt-

69 462 60 27 gärd,
144 461 90 22 föreslår
246 461 37 27 jag
298 463 32 20 att
344 461 62 22 äfven
422 461 6 21 i
444 461 61 22 detta
521 461 37 21 fall
574 461 142 27 uttryckligen
731 463 86 19 nämnes
833 463 32 19 att
875 460 22 21 vi

68 490 33 22 till
117 491 59 21 Hans
192 490 119 28 Kejserliga
333 489 102 28 Majestät
457 489 132 22 öfverlemna
604 491 32 20 att
651 490 118 21 bestämma
785 490 69 26 dagen
870 489 28 22 då

69 519 68 22 denna
152 519 124 26 förordning
292 518 52 21 skall
360 519 63 21 träda
439 519 7 21 i
461 518 144 22 verksamhet.

136 576 57 22 Herr
215 576 132 21 Boström:
378 575 47 22 Den
448 575 24 22 af
491 576 57 21 Herr
570 575 70 28 Bergh
658 575 119 33 föreslagna
792 575 105 27 åtgärden

67 605 40 21 har
121 605 124 26 visserligen
260 605 6 20 i
282 605 66 27 några
362 604 160 27 undantagsfall
538 606 35 25 egt
588 611 53 19 rum,
658 611 47 14 men
722 604 6 21 i
744 606 89 20 motsats
849 604 49 21 der-

67 633 34 22 till
116 633 40 22 har
170 633 66 22 redan
251 633 57 22 inom
324 633 90 22 Ståndet
429 621 72 34 blifvit
517 633 93 22 uttaladt
624 621 34 34 att
668 633 60 21 Hans
739 633 100 26 Majestät
850 632 47 22 icke

67 661 101 23 behöfver
189 662 69 27 någon
282 661 65 22 sådan
370 661 159 28 fingervisning,
553 661 88 22 emedan
664 661 36 22 det
716 662 66 27 ligger
797 661 6 21 i
818 661 79 22 sakens

67 692 64 20 natur
146 692 32 20 att
192 691 42 21 han
249 691 42 21 kan
306 692 81 19 utsätta
402 690 69 27 dagen
485 691 28 21 då
528 690 152 27 författningen
695 691 55 20 skall
762 690 61 21 träda
834 689 6 22 i
851 689 46 27 gäl-

67 719 64 22 lande
145 719 65 22 kraft.
240 719 78 22 Derför
341 719 39 21 har
400 719 37 21 det
452 719 66 22 också
533 719 6 21 i
555 719 26 22 de
596 719 61 22 flesta
672 719 37 21 fall
724 719 47 22 icke
784 719 91 21 kommit
889 718 8 21 i

68 748 62 27 fråga
145 747 40 22 och
201 748 61 21 torde
277 748 46 21 icke
337 747 67 22 heller
420 747 39 22 här
476 747 108 22 behöfvas.

137 805 81 21 Herrar
226 805 140 22 Molander
377 804 40 23 och
427 805 98 22 Jansson
553 805 102 22 förenade
665 805 32 27 sig
706 811 34 15 om
750 804 56 23 Herr
815 805 82 26 Berghs

67 833 87 28 förslag.

136 891 56 21 Herr
214 891 166 26 Tengström:
411 891 11 21 I
445 892 91 20 motsats
559 892 45 20 mot
619 891 54 25 dem,
689 897 45 15 som
750 890 63 22 hafva
829 892 68 26 yttrat

66 919 33 26 sig
113 920 8 21 i
137 919 81 27 frågan,
239 925 62 16 anser
318 919 38 27 jag
372 919 40 22 den
428 919 186 27 omständigheten
630 921 32 20 att
678 919 30 22 uti
723 919 174 28 slutparagrafen

67 949 6 20 i
89 947 240 28 författningsförslaget
351 950 32 19 ett
403 950 56 19 tomt
478 955 46 14 rum
541 950 23 19 är
579 948 95 21 lemnadt
689 949 33 21 för
737 948 121 21 insättande
874 948 23 21 af

67 977 80 25 datum,
163 977 101 21 innebära
280 977 118 21 detsamma
413 983 46 15 som
476 979 32 19 ett
523 977 171 22 öfverlemnande
709 976 33 22 till
758 977 59 22 Hans
829 977 68 26 Maje-

66 1007 44 20 stät
125 1007 33 20 att
172 1005 86 27 vidtaga
273 1005 161 27 ifrågavarande
449 1005 85 28 åtgärd.

136 1062 33 21 Då
191 1063 63 26 ingen
275 1068 69 16 annan
366 1063 68 21 talare
449 1062 100 22 anmälde
565 1062 32 27 sig
612 1063 76 26 ansågs
704 1061 147 23 diskussionen
867 1061 30 22 af-

65 1090 72 22 slutad
153 1090 39 22 och
208 1091 57 21 Herr
279 1091 163 22 Talmannen
457 1091 134 22 framställde
606 1091 78 27 följade

136 1147 207 28 Proposition:
373 1149 40 26 De,
428 1154 47 16 som
491 1154 52 15 anse
558 1149 33 20 att
605 1147 138 22 förevarande
762 1147 134 22 betänkande

67 1176 48 21 icke
130 1176 121 23 föranleder
272 1177 32 21 till
324 1177 73 22 vidare
417 1177 78 26 åtgärd
511 1177 109 26 behagade
635 1183 62 15 svara
710 1177 39 26 ja;
765 1177 75 20 vinner
855 1177 41 26 nej

66 1211 63 15 anses
144 1205 180 27 Borgareståndet
339 1205 33 22 för
386 1205 33 22 sin
436 1205 35 22 del
487 1205 62 22 hafva
572 1205 93 22 beslutat
680 1207 32 20 att
727 1205 119 22 Ständerna
861 1208 36 18 ut-

67 1233 117 28 tryckligen
201 1234 65 21 borde
282 1234 32 21 till
328 1235 60 20 Hans
407 1234 103 27 Majestät
533 1234 129 21 öfverlemna
678 1236 32 19 att
724 1233 119 22 bestämma
859 1233 36 22 da-

66 1268 41 21 gen
123 1262 28 21 då
166 1263 68 21 denna
249 1263 123 26 förordning
388 1262 54 22 skall
459 1263 62 22 träda
536 1263 7 21 i
558 1262 98 27 gällande
672 1262 63 21 kraft.

136 1291 161 27 Propositionen
319 1291 127 22 besvarades
468 1291 55 22 efter
545 1291 91 22 anställd
651 1291 96 27 votering
762 1291 48 21 med
825 1291 28 21 28
867 1291 29 26 ja

67 1319 40 21 och
125 1320 25 21 12
166 1320 51 27 nej.

136 1433 40 22 Till
192 1433 128 28 behandling
335 1436 92 25 upptogs
446 1434 208 22 Besvärsutskottets
676 1434 133 22 betänkande
825 1433 40 22 N:o
883 1435 13 20 3

66 1462 8 21 i
89 1461 115 28 anledning
219 1462 23 21 af
257 1463 58 21 Hans
329 1463 121 27 Kejserliga
465 1463 113 26 Majestäts
593 1463 77 27 nådiga
684 1463 132 27 proposition
831 1463 66 26 angå-

66 1491 54 21 ende
142 1491 124 27 förändring
288 1491 21 22 af
330 1491 78 26 nådiga
430 1491 152 28 förordningen
605 1492 40 21 den
666 1492 26 21 13
707 1491 60 28 April
785 1491 60 26 1874,
862 1497 34 16 om

66 1519 112 22 valörerna
194 1520 12 21 å
221 1519 102 22 Finlands
339 1519 68 22 banks
423 1520 120 27 sedelmynt
558 1527 28 14 m.
602 1527 26 14 m.
