1070 1795
272 139 180 22 Borgareståndet
463 139 54 17 1877.
541 139 27 18 29
581 138 97 18 Oktober.
833 133 55 21 1493

61 209 90 22 Ståndet
185 208 55 22 hade
272 207 50 22 bort
358 210 80 25 antaga
467 207 123 22 Utskottets
620 207 86 27 förslag.
752 207 49 22 Men
831 207 56 22 huru

61 239 27 20 än
107 237 143 22 förhållandet
264 237 88 21 härmed
367 237 35 21 må
418 243 57 18 vara,
489 236 25 22 så
529 238 24 19 är
567 236 113 21 resultatet
696 235 23 22 af
732 242 26 15 en
773 234 67 23 sådan
855 235 32 22 af-

61 265 88 28 böjning
172 265 43 27 det,
236 267 32 20 att
290 265 20 22 vi
332 265 46 22 icke
400 265 22 22 få
444 266 67 26 något
533 264 128 22 ständerhus
683 265 32 20 till
731 265 24 21 år
771 265 61 21 1882.
861 263 28 23 Vi

61 295 86 21 komma
162 293 90 22 sålunda
268 296 33 19 att
313 295 75 20 stanna
403 293 27 28 på
446 300 81 15 samma
542 293 68 27 punkt
625 299 45 15 som
686 293 82 21 hittills.
791 293 43 22 För
844 293 45 22 min

62 323 34 21 del
107 323 67 21 skulle
188 323 43 26 jag,
240 325 52 19 utan
307 325 33 18 att
354 322 51 27 vilja
419 323 53 26 yrka
487 323 28 26 på
530 324 32 19 att
577 321 92 22 Ståndet
684 321 68 22 skulle
761 323 78 26 antaga
847 321 39 22 Ut-

61 352 93 21 skottets
173 351 302 27 sammanjemkningsförslag,
491 351 27 22 dä
535 351 59 21 detta
609 351 47 20 icke
671 356 62 21 synes
748 350 73 21 kunna
836 352 53 19 röna

62 381 69 20 större
153 379 94 22 medhåll
269 380 7 21 i
296 379 90 22 Ståndet
408 381 27 20 än
454 380 57 21 förut
537 379 54 21 dock
607 379 67 21 önska
690 381 32 18 att
738 379 89 21 Ståndet
841 378 48 22 icke

61 409 70 21 skulle
152 409 45 21 låta
220 409 69 21 denna
311 408 59 28 fråga
392 408 93 22 förfalla.
515 408 40 27 Jag
576 410 46 19 tror
637 407 55 22 dock
706 407 48 22 icke
768 409 33 20 att
816 414 26 14 en
857 407 31 21 in-

62 438 103 26 bjudning
179 439 83 19 ensamt
277 437 32 21 till
324 437 163 21 Presteståndet
502 438 32 19 att
550 436 76 28 frångå
640 437 38 20 sitt
693 436 70 21 beslut
777 436 7 21 i
799 436 90 21 ärendet

62 472 50 16 vore
135 466 209 27 tillfyllestgörande;
367 465 33 22 för
415 472 25 15 en
459 465 147 26 anslagsfräga
624 464 108 22 erfordras
748 464 45 27 fyra
809 464 80 22 Ständs

61 494 72 22 beslut
156 495 40 22 och
220 494 70 21 derför
315 500 61 15 anser
396 495 38 26 jag
449 496 32 19 att
497 495 36 20 det
548 500 50 15 vore
614 493 104 27 riktigast,
735 495 32 20 att
781 493 108 26 Borgare-

63 524 85 21 ståndet
170 523 63 21 äfven
256 522 68 22 skulle
346 522 88 27 inbjuda
456 523 157 26 Ridderskapet
628 522 40 21 och
684 522 76 21 Adeln.
789 521 50 22 Men
851 521 38 28 jag

63 552 75 26 skulle,
162 551 90 22 oaktadt
267 551 38 28 jag
319 551 69 22 såsom
402 551 37 27 jag
454 551 66 22 redan
535 551 93 21 nämnde
643 551 47 21 icke
705 553 47 18 tror
765 552 33 20 att
813 550 36 21 det
865 552 24 19 är

63 582 45 20 stor
131 581 67 26 utsigt
221 582 32 19 att
268 580 121 21 Utskottets
412 579 297 28 sammanjemkningsförslag
724 579 54 21 skall
793 581 96 25 antagas,

63 609 54 22 dock
139 609 49 27 vilja
210 609 55 21 fästa
287 609 215 27 uppmärksamheten
523 609 71 26 derpå,
610 610 32 19 att
657 614 76 21 genom
748 609 33 20 att
795 607 91 27 uppföra

63 638 69 21 denna
154 637 134 28 tillbyggnad
309 637 7 22 i
334 637 96 27 förening
445 637 49 22 med
509 637 143 26 riddarhuset,
668 637 20 20 vi
704 636 6 21 i
725 635 74 28 sjelfva
814 636 75 21 verket

63 667 69 21 skulle
154 667 21 20 få
198 668 32 19 ett
252 666 133 27 ständerhus,
407 666 39 21 och
469 668 32 19 ett
520 666 129 21 åtminstone
665 665 43 22 tills
724 665 71 22 vidare
807 664 82 28 ganska

63 695 97 27 lämpligt
176 695 83 21 sådant.
289 695 107 21 Måhända
412 695 36 21 det
463 697 24 20 är
502 694 97 27 lämpligt
614 694 66 21 redan
696 693 77 27 derför,
784 696 33 19 att
831 693 21 21 vi
867 693 22 22 få

64 723 42 22 alla
128 724 46 27 fyra
190 723 95 22 Stånden
301 724 147 21 tillsammans.
478 723 43 22 Det
536 723 54 21 skall
605 722 114 21 kanhända
734 722 107 26 invändas,
857 723 32 20 att

63 752 35 21 vid
114 752 73 27 möjlig
202 752 305 27 representationsförändring
517 752 62 21 dessa
587 751 40 22 hus
636 751 61 22 skola
705 750 94 22 befinnas
808 751 81 26 olämp-

63 781 49 26 liga.
142 781 40 26 Jag
204 781 37 20 vill
261 781 46 21 icke
329 781 69 21 utlåta
413 781 43 26 mig
472 781 75 21 härom
563 780 39 21 och
615 780 37 27 jag
668 780 104 21 erkänner
787 779 32 21 till
834 779 53 21 fullo

63 811 32 20 att
111 809 36 22 det
161 809 66 27 gifves
242 809 49 22 flere
308 810 66 21 andra
389 809 124 28 lämpligare
528 809 81 27 platser
623 809 33 21 för
671 808 141 27 uppförandet
827 807 22 22 af
859 809 30 20 ett

63 838 154 21 monumentalt
239 837 45 28 hus,
311 844 47 15 men
382 838 38 27 jag
440 837 69 22 skulle
531 837 46 22 icke
593 840 33 19 tro
642 839 33 19 att
690 837 83 21 landets
794 835 93 22 Ständer

63 867 86 21 komme
166 869 32 19 att
219 866 81 22 riskera
315 867 84 27 mycket
414 873 76 20 genom
507 868 32 20 att
554 866 84 21 besluta
653 866 32 26 sig
700 866 33 21 för
748 864 142 28 uppförandet

64 895 23 21 af
101 902 25 15 en
143 895 65 22 sådan
224 895 104 28 byggnad.
358 895 31 27 Ty
402 895 37 26 jag
454 898 45 18 tror
514 897 32 20 att
561 901 34 15 om
611 900 47 15 man
675 894 68 21 skulle
758 893 84 22 besluta
857 893 32 27 sig

63 923 34 22 för
118 930 26 15 en
166 923 145 22 monumental
334 924 98 27 byggnad
451 923 34 22 för
500 923 83 22 landets
599 923 176 27 representation,
792 922 35 21 det
844 922 46 21 icke

64 952 55 21 skall
140 955 58 19 möta
213 956 58 18 stora
286 952 132 28 svårigheter
432 955 33 18 att
480 952 22 21 få
517 953 68 20 denna
600 952 97 27 byggnad
713 951 52 22 såld.
795 951 10 21 I
822 951 69 20 denna

64 981 48 22 stad
133 981 63 21 råder
218 987 27 15 en
267 981 24 21 så
312 984 46 19 stor
376 981 53 22 brist
444 981 28 27 på
488 981 81 21 lokaler
584 980 33 21 för
632 979 141 26 embetsverk,
788 979 55 21 både
857 979 34 20 in-

63 1009 90 22 hemska
168 1009 39 22 och
223 1010 71 27 ryska,
309 1012 32 19 att
354 1011 36 26 jag
406 1012 46 19 tror
466 1012 33 19 att
515 1016 25 15 en
557 1009 124 27 försäljning
696 1009 24 21 af
729 1009 59 21 detta
795 1008 40 21 hus
843 1007 47 21 icke

64 1038 69 21 skulle
149 1039 86 21 komma
250 1041 32 18 att
297 1037 95 23 ihedföra
407 1039 70 26 någon
493 1038 93 21 särdeles
602 1041 45 18 stor
662 1037 83 21 förlust.
767 1037 40 26 Jag
822 1035 69 22 skulle

65 1067 70 21 derför
150 1067 63 26 bedja
228 1067 90 21 Ståndet
334 1070 32 19 att
381 1068 55 20 ändå
451 1067 135 26 allvarligare
601 1067 88 20 besinna
704 1066 41 21 den
760 1065 131 26 omständig-

64 1095 64 22 heten
151 1098 33 19 att
204 1096 84 21 landets
311 1095 91 22 Ständer
412 1096 34 21 för
461 1095 133 22 närvarande
610 1097 36 19 äro
662 1097 52 19 utan
730 1094 57 21 lokal
803 1093 40 22 och
858 1096 33 18 att

65 1124 59 21 detta
140 1124 133 21 förhållande
288 1125 100 26 möjligen
404 1125 98 20 kommer
516 1126 33 19 att
564 1124 112 21 fortsättas
691 1123 7 21 i
714 1123 29 21 all
751 1122 93 22 framtid.
859 1121 31 28 Ty

65 1159 82 15 samma
161 1153 60 26 fråga
237 1153 142 21 återkommer
394 1153 62 21 alltid
471 1153 56 21 ochi
542 1159 81 14 samma
639 1152 101 26 ställning
755 1157 44 16 som
815 1152 77 19 närva-

63 1181 67 22 rande
146 1182 112 26 Landtdag
274 1181 93 22 befinner
376 1182 37 26 sig,
422 1181 63 22 hafva
501 1181 60 22 äfven
575 1181 50 21 flere
641 1181 127 27 föregående
779 1179 61 26 varit,
851 1178 40 22 och

64 1210 108 21 sannolikt
194 1211 98 20 kommer
313 1211 37 20 det
371 1211 6 20 i
401 1217 25 14 en
450 1210 94 23 framtid,
567 1211 32 20 att
620 1209 28 27 på
663 1215 81 16 samma
759 1210 42 19 sätt
816 1207 75 27 fortgå.

63 1239 42 27 Jag
120 1239 68 22 skulle
207 1239 72 21 derför
294 1245 50 15 anse
359 1241 33 19 att
406 1239 132 26 antagandet
553 1238 22 21 af
589 1238 122 21 Utskottets
727 1236 164 27 sammanjemk-

63 1267 143 28 ningsförslag
228 1267 156 26 otvifvelaktigt
407 1268 67 21 under
489 1267 133 21 närvarande
637 1266 146 21 förhållanden
799 1271 50 15 vore
865 1271 26 15 en

63 1296 80 24 fördel;
160 1303 47 14 men
223 1303 45 14 som
284 1297 62 26 sagdt
362 1298 24 19 är
401 1296 7 21 i
419 1296 103 21 händelse
533 1296 60 21 detta
604 1295 80 26 förslag
694 1295 47 21 icke
751 1295 74 20 vinner
837 1293 54 21 Bor-

63 1325 149 27 gareståndets
233 1325 162 27 godkännande,
414 1325 24 21 så
452 1325 71 20 skulle
535 1324 38 27 jag
588 1324 54 21 dock
658 1324 67 21 önska
740 1325 33 20 att
787 1323 104 25 Borgare-

64 1353 85 21 ståndet
171 1352 49 23 ville
243 1353 87 27 inbjuda
349 1353 78 27 jemväl
450 1353 157 26 Ridderskapet
629 1352 39 22 och
684 1352 69 21 Adeln
769 1353 31 19 att
816 1350 75 27 frångå

63 1382 38 21 sitt
116 1381 70 23 beslut
202 1382 39 21 och
256 1382 73 21 förena
344 1382 32 27 sig
391 1382 48 21 med
456 1381 184 28 Borgareståndet
654 1380 40 22 och
709 1379 160 23 Bondeståndet
885 1378 6 22 i

64 1411 37 21 det
115 1411 71 21 beslut
202 1411 62 22 dessa
280 1411 62 21 hafva
357 1411 70 21 fattat.
809 1413 3 2 i

133 1468 56 21 Herr
212 1468 24 21 E.
253 1468 94 27 Bergh:
378 1467 72 27 Nägra
466 1467 67 27 dagar
549 1467 54 22 efter
618 1467 37 21 det
670 1467 69 21 denna
749 1466 60 27 fräga
819 1466 72 31 senast

64 1497 85 21 förevar
163 1497 57 21 inom
236 1497 96 26 Ständet,
349 1503 37 14 var
400 1497 37 26 jag
451 1496 7 21 i
474 1496 84 21 tillfälle
574 1498 33 19 att
621 1495 91 22 samtala
727 1495 48 21 med
785 1493 106 22 architek-

63 1528 36 19 ten
119 1525 74 27 Höijer
208 1525 110 27 angäende
334 1525 110 27 ätskilliga
459 1525 123 26 föreslagna
597 1531 41 21 nya
652 1525 80 26 platser
747 1523 33 22 för
795 1522 97 22 ständer-
