1070 1795
186 125 54 20 1124
398 128 179 23 Borgareståndet
588 130 55 17 1877.
667 130 21 17 11
701 130 102 17 Oktober.

184 200 74 25 annat,
280 200 27 20 än
330 200 32 20 ett
382 198 124 27 obetingadt
521 198 41 27 nej.
591 199 41 26 Jag
646 205 64 16 anser
725 199 37 21 det
777 198 71 22 derför
863 205 51 16 vara
928 205 26 16 en
969 198 42 22 för-

184 227 94 27 sämring
302 227 39 22 och
364 227 47 21 icke
426 227 69 27 någon
511 227 129 27 förbättring
655 227 22 21 af
691 227 146 26 redaktionen,
853 229 34 20 att
902 227 110 22 Utskottet

184 255 73 28 tillagt
272 256 66 21 orden
354 256 49 27 ,der
418 255 66 22 sådan
499 256 97 21 kommer
611 256 6 21 i
634 255 78 27 fråga”.
742 255 41 27 Jag
797 256 92 21 föreslår
903 259 32 19 att
950 256 61 22 dessa

184 285 39 20 ord
246 285 67 21 måtte
336 284 52 27 utgå
410 284 39 22 och
472 287 33 19 att
527 287 116 19 momentet
665 284 56 27 finge
744 285 41 21 den
804 285 80 27 lydelse
899 285 37 21 det
950 285 61 21 har
1001 280 14 36 i

184 313 165 28 propositionen.

254 376 56 21 Herr
331 375 165 22 Fabritius:
521 376 42 21 Det
586 382 61 21 synes
667 376 43 27 mig
730 382 45 15 som
793 382 34 15 om
843 376 60 21 detta
918 378 93 20 moment

184 404 47 22 icke
254 404 70 22 skulle
346 405 33 22 stä
401 404 7 22 i
431 404 217 22 öfverensstämmelse
671 405 49 21 med
742 405 132 21 Ständernas
893 404 34 22 vid
942 405 70 21 denna

184 433 103 26 landtdag
309 434 82 21 fattade
406 433 70 22 beslut
491 434 6 20 i
513 434 114 25 anledoing
642 433 23 22 af
679 434 78 25 nädiga
773 433 159 27 propositionen
947 434 64 26 angä-

184 462 54 21 ende
254 461 74 28 tillägg
343 461 33 23 till
391 461 149 27 förordningen
556 468 34 15 om
607 461 277 28 kommunalförfattningen
895 462 28 26 pä
933 461 77 22 landet.

184 491 34 21 Dä
240 490 69 21 denna
332 491 131 27 proposition
480 490 142 22 behandlades
637 490 39 22 hos
692 490 127 27 Ständerna,
835 490 69 21 blefvo
920 490 26 22 de
961 496 50 16 ense

184 525 35 15 om
238 525 30 15 en
291 519 66 22 sädan
379 519 90 27 ändring
491 519 24 21 af
534 518 277 28 kommunalförfattningen
834 520 28 26 pä
884 518 78 26 landet,
978 521 33 19 att

184 547 156 22 kommunerna
362 548 68 21 skulle
453 554 50 15 vara
519 547 135 27 berättigade
669 550 32 19 att
717 548 116 21 verkställa
848 547 96 28 uppbörd
958 547 52 27 jem-

184 577 34 20 väl
241 576 23 21 af
284 576 80 22 sädana
384 576 75 24 medel,
483 576 72 21 hvilka
577 576 61 22 skola
660 576 23 21 af
702 577 36 20 tvä
753 577 52 20 eller
820 576 51 21 flere
887 576 124 21 kommuner

184 607 133 24 gemensamt
332 607 94 26 utgöras.
456 605 11 21 I
482 605 51 26 följd
549 604 22 22 af
585 605 59 21 detta
659 604 71 22 beslut
745 605 68 21 skulle
825 605 38 26 jag
879 604 84 25 föreslå,
979 606 32 19 att

186 633 91 22 Ständet
299 633 48 22 ville
370 633 107 22 eventuelt
500 633 91 27 besluta,
610 635 33 20 att
659 633 71 22 derest
746 633 129 22 Ständernas
891 633 70 22 beslut
975 639 35 15 om

184 662 273 27 kommunalförordningen
473 662 76 21 blifver
559 662 22 21 af
591 663 131 26 Regeringen
734 662 115 26 faststäldt,
860 661 62 22 äfven
933 661 77 27 ifräga-

185 691 93 21 varande
292 691 224 27 entreprenadsumma
532 691 105 27 uppbäres
652 690 23 21 af
689 691 129 21 kommunen
829 690 54 21 efter
893 690 22 22 af
924 691 86 21 härads-

185 719 105 22 skrifvare
305 720 7 21 i
328 719 91 28 stadgad
434 719 90 27 ordning
539 719 109 22 värkstäld
662 719 121 27 fördelning
799 718 66 23 deraf.

255 782 56 21 Herr
324 782 137 22 Jansson:
479 782 48 21 Med
543 783 226 26 entreprenadsumma
785 782 77 21 förstäs
877 782 39 21 här
931 788 79 21 uppen-

185 810 49 22 bart
255 811 55 21 hvad
325 817 45 16 som
388 811 87 26 begäres
489 811 86 21 utöfver
590 811 40 21 den
645 811 114 21 faststälda
773 810 132 28 skjutslegan
920 811 39 21 och
975 810 36 22 det

185 841 24 20 är
224 839 48 22 icke
287 839 24 22 sä
325 839 93 28 afgjordt
433 842 32 19 att
481 840 68 26 någon
565 839 65 22 sådan
647 839 60 22 alltid
724 839 96 22 kommer
836 839 5 21 i
853 839 65 27 fråga.
949 839 62 22 Hvad

185 868 57 21 Herr
257 868 107 21 Fabritius
380 868 46 21 äter
442 868 76 27 anfört,
535 870 45 20 tror
593 868 37 27 jag
644 868 40 21 har
699 868 39 21 allt
748 868 46 21 skäl
806 868 33 21 för
850 868 32 27 sig
893 868 39 21 och
942 867 69 22 skulle

185 897 34 21 väl
242 896 62 22 äfven
327 897 23 21 af
372 896 109 22 Utskottet
504 899 59 24 taget
585 897 7 21 i
615 896 148 27 betraktande,
782 903 34 15 om
833 896 17 27 ej
867 896 144 22 betänkandet

185 925 66 22 redan
272 925 54 22 varit
346 925 67 22 under
429 925 112 28 tryckning
555 925 28 21 dä
599 925 36 22 det
651 925 70 22 beslut
737 925 98 26 fattades,
852 925 87 21 hvarom
956 925 55 22 Herr

185 953 109 22 Fabritius
309 956 78 19 nämnt.
417 954 42 21 För
475 954 43 21 min
533 954 35 21 del
584 954 38 21 har
634 953 38 28 jag
687 954 108 27 ingenting
811 956 57 19 emot
883 956 33 19 att
930 955 31 20 ett
976 954 34 21 sä-

185 983 53 20 dant
253 983 108 21 eventuelt
376 983 117 27 stadgande
507 985 96 25 antages.

254 1045 57 22 Herr
333 1045 157 28 Lindberg:
513 1045 50 22 Med
585 1045 155 28 godkännande
756 1046 23 21 af
793 1045 56 22 Herr
864 1045 89 22 Fabritii
968 1045 43 22 för-

184 1074 53 27 slag,
260 1075 35 20 vill
315 1074 37 27 jag
368 1074 44 22 deri
428 1074 63 22 hafva
506 1075 40 20 den
561 1075 97 26 ändring,
673 1077 32 18 att
720 1074 54 21 intet
789 1073 68 22 skulle
873 1075 88 20 nämnas
976 1080 34 15 om

185 1103 206 26 häradsskrifvaren;
413 1109 33 15 om
469 1103 128 21 kommunen
620 1103 46 26 sjelf
688 1102 82 28 uppbär
786 1103 26 20 de
827 1102 69 22 medel
912 1109 44 15 som
972 1103 39 21 här

185 1137 73 16 menas
274 1132 24 21 sä
313 1131 39 22 bör
368 1132 40 21 den
423 1132 61 21 äfven
499 1131 50 28 sjelf
562 1131 21 22 fä
598 1131 81 22 fördela
695 1132 54 21 dem.

254 1195 56 21 Herr
324 1194 157 22 Fabritius:
497 1195 131 21 Ständernas
643 1194 71 21 beslut
729 1194 6 21 i
751 1193 98 22 afseende
866 1194 12 21 &
893 1193 118 23 förordnin-

184 1229 42 21 gen
246 1229 34 16 om
302 1223 249 27 kommunalförfattning
567 1223 28 27 pä
610 1223 72 21 landet
697 1223 88 27 medger
800 1223 153 21 kommunerna
968 1225 43 19 rätt

184 1254 34 19 att
233 1252 74 27 sjelfva
322 1251 95 28 uppbära
432 1252 81 21 sådana
528 1252 75 25 medel,
620 1251 87 22 hvarom
723 1257 28 15 nu
767 1253 24 19 är
802 1251 66 27 fråga,
877 1251 76 22 endast
963 1252 48 21 med

185 1281 37 21 det
246 1280 69 22 vilkor
338 1283 32 19 att
396 1281 159 21 vederbörande
580 1280 122 28 myndighet
727 1279 55 22 skall
807 1279 83 22 fördela
912 1280 99 27 beloppet

184 1309 92 22 emellan
292 1309 25 22 de
332 1309 104 22 särskilda
451 1310 159 21 kommunerne.

255 1372 69 21 Sedan
347 1371 81 22 Herrar
450 1372 149 27 Lindberg
614 1371 38 22 och
668 1372 135 21 Boström
819 1371 84 22 förenat
917 1372 32 27 sig
963 1372 49 21 med

184 1401 57 22 Herr
260 1401 114 24 Fabritius,
390 1400 56 22 Herr
461 1401 100 21 Boström
577 1401 64 21 iikväi
657 1401 48 20 med
721 1400 136 22 vidhällande
873 1401 102 26 derjemte
989 1400 24 21 af

184 1429 39 22 sitt
246 1429 90 26 tidigare
358 1429 76 27 gjorda
455 1429 102 28 yrkande,
581 1429 133 22 förklarades
738 1429 149 21 diskussionen
910 1429 101 26 afslutad,

184 1458 40 21 och
248 1458 56 21 Herr
326 1457 177 22 Talmannen
525 1457 124 22 framstälde
672 1458 32 21 till
720 1457 91 22 Ständet
826 1457 93 28 följande
934 1464 77 21 propo-

184 1487 97 21 sitioner:
