1070 1795
274 134 180 22 Borgareståndet
464 135 56 18 1877.
545 136 21 16 11
579 135 101 18 Oktober.
840 130 54 21 1137

137 203 57 22 Herr
208 203 120 28 Procopé:
346 203 32 21 Då
394 209 48 16 man
458 203 57 22 läser
530 203 67 22 första
612 203 111 28 meningen
738 203 24 22 af
776 203 59 22 detta
850 209 45 16 mo-

68 234 65 23 ment,
152 232 24 21 så
198 232 68 21 skulle
280 238 49 15 man
344 235 40 24 tro,
399 233 32 20 att
446 232 37 21 det
499 232 68 21 skulle
582 232 114 24 innehålla,
712 232 6 21 i
734 231 160 22 öfverensstäm-

69 261 65 21 melse
157 261 47 21 med
227 261 56 21 hvad
298 267 34 15 om
347 260 287 22 kommunalstämmobeslut
648 261 7 21 i
670 261 116 21 allmänhet
800 262 25 20 är
839 260 56 22 före-

68 289 94 27 skrifvet,
178 291 32 19 att
225 289 143 26 Guvernören,
383 289 27 21 då
426 289 36 21 det
478 289 141 22 öfverlemnas
634 289 32 22 till
680 289 215 22 kommunalstämma

68 320 33 19 att
115 319 7 20 i
137 318 66 21 saken
218 317 54 22 fatta
287 317 75 26 beslut,
378 324 50 21 eger
443 319 33 20 att
489 318 82 21 direkte
582 318 106 21 fastställa
699 318 59 21 detta
768 317 52 22 eller
830 318 65 21 också

69 347 139 21 underkänna
230 346 36 21 det
286 347 39 21 och
346 346 130 21 öfverlemna
497 347 64 21 saken
583 347 32 20 till
636 353 28 20 ny
679 346 99 27 pröfning
793 345 40 23 och
848 348 47 25 nytt

69 375 76 22 beslut.
175 375 49 21 Men
248 375 26 22 då
297 381 47 15 man
367 375 47 21 åter
436 375 57 22 läser
509 375 67 22 andra
591 376 119 26 meningen,
725 375 24 21 så
763 375 68 21 finner
845 381 49 16 man

68 406 33 20 att
123 403 139 23 Guvernören
284 411 49 20 eger
348 403 88 23 alldeles
452 404 122 22 oberoende
589 403 22 22 af
625 404 36 22 det
676 404 71 22 beslut
762 403 133 23 kommunal-

69 434 105 20 stämman
197 433 70 26 fattat,
291 433 119 21 bestämma
432 439 34 14 om
491 432 113 22 huruledes
626 432 96 27 skjutsen
738 432 53 22 skall
807 434 88 25 utgöras

69 461 40 22 och
132 467 34 15 om
189 461 61 27 legan
265 461 33 21 för
313 461 129 22 densamma.
473 461 34 21 Då
522 461 62 22 äfven
597 461 37 28 jag
650 467 62 16 anser
728 461 35 21 det
777 467 52 16 vara
844 462 50 23 rätt,

68 492 33 19 att
124 489 196 22 beslutanderätten
342 489 130 22 tillkommer
488 489 143 27 Guvernören,
646 496 48 15 men
709 492 33 19 att
756 489 138 22 Guvernören

69 519 55 21 dock
139 518 39 22 bör
193 519 6 21 i
215 519 64 21 saken
296 519 52 20 höra
360 519 130 20 kommunen
506 518 39 22 och
561 518 44 22 ifall
621 519 70 21 tillika
702 525 25 15 en
738 519 157 27 omredigering

68 547 23 22 af
111 548 107 26 uttrycket
240 547 84 27 båtlega
339 549 24 19 är
378 547 128 26 nödvändig,
522 548 24 21 så
561 547 69 22 skulle
643 547 37 27 jag
694 547 78 21 föreslå
787 547 33 22 för
835 547 60 22 detta

68 579 95 18 moment
178 576 93 27 följande
286 575 88 28 lydelse:
390 576 48 25 ,,vid
454 576 149 27 gästgifverier
619 576 37 21 der
672 576 163 27 skjutshällning
846 575 48 22 med

68 605 38 21 båt
128 605 164 27 ifrågakommer
315 611 49 20 eger
384 604 137 22 Guvernören
538 604 53 22 efter
607 605 35 20 det
657 605 125 26 skjutslaget
797 611 34 15 om
848 604 47 21 båt-

67 633 107 28 skjutsens
196 633 185 27 upprätthållande
405 633 39 22 och
466 633 143 27 skjutslegans
624 633 85 28 belopp,
724 633 68 21 blifvit
807 634 13 20 ä
835 633 59 21 kom-

68 661 164 22 munalstämma
254 661 69 27 hördt,
346 662 119 21 bestämma
488 662 113 21 huruledes
616 662 133 27 båtskjutsen
764 661 54 22 skall
833 661 61 22 verk-

68 691 75 21 ställas
158 693 55 18 samt
229 691 39 21 den
284 691 46 26 lega
346 697 44 15 som
407 691 73 21 derför
496 690 39 21 bör
550 691 72 26 utgå".

139 754 56 21 Herr
216 753 136 22 Jansson:
374 755 11 24 $
402 755 12 20 7
429 754 23 21 af
469 754 28 21 28
512 753 49 28 kap.
575 753 25 22 B.
616 753 24 22 B.
656 753 68 27 lyder:
748 753 51 28 ,Vid
821 753 73 27 hvarje

68 782 183 27 gästgifvaregård
274 782 53 21 skall
350 789 26 14 en
398 782 51 21 tafla
471 784 68 19 sättas
558 785 30 23 ut,
605 788 44 15 som
665 782 57 21 visar
738 781 117 22 mihletalet
870 782 24 21 til

69 813 61 18 nästa
146 811 91 27 ombyte,
254 811 38 21 och
308 811 54 21 huru
378 811 85 27 mycket
479 811 6 21 i
502 811 51 21 båta
568 811 39 21 och
624 811 109 27 hästalego
747 811 80 21 betalas
838 811 55 21 bör".

67 839 115 27 Uttrycket
204 839 84 27 båtlega
309 842 23 19 är
354 840 83 21 således
459 840 132 21 häfdvunnet
612 839 6 22 i
640 839 38 22 vår
700 839 132 27 lagstiftning
855 839 39 22 och

69 869 133 25 begagnades
225 869 65 20 redan
310 868 6 21 i
333 869 55 20 1734
403 868 35 21 års
454 868 41 27 lag.
525 868 41 27 Jag
581 870 45 19 tror
642 869 82 20 således
740 871 31 18 att
783 867 112 22 Utskottet

69 897 47 21 icke
138 897 57 26 gjort
218 898 63 24 orätt,
305 897 25 21 då
353 896 111 22 Utskottet
479 897 47 21 från
543 904 25 14 en
583 897 67 21 sådan
665 897 117 21 auktoritet
797 897 98 26 upptagit

69 926 60 20 detta
146 926 44 21 ord.
221 926 61 21 Hvad
299 926 54 20 Herr
367 925 108 27 Procopés
491 925 78 27 förslag
585 926 71 27 angår,
672 926 24 21 så
711 928 45 19 tror
764 926 36 26 jag
811 926 36 21 det
857 926 38 26 går

69 957 25 18 ut
116 954 27 27 på
165 954 89 27 ungefär
277 954 116 21 detsamma
416 961 44 14 som
485 954 123 21 Utskottets
631 954 39 21 och
686 954 38 21 ber
739 954 72 21 derför
826 956 32 19 att
873 954 22 21 få

69 983 87 21 förorda
171 983 123 21 Utskottets
309 983 134 21 betänkande
459 983 146 21 oförändradt.

138 1045 57 22 Herr
214 1045 143 22 Boström:
378 1045 40 22 Om
435 1046 65 21 också
515 1048 31 19 ett
561 1045 77 22 sådant
654 1047 84 26 uttryck
753 1045 142 22 förekommer

68 1075 7 20 i
94 1074 54 21 1734
164 1074 34 21 års
215 1075 33 25 lag
264 1075 38 20 och
318 1081 34 14 om
368 1075 36 20 det
420 1074 62 21 äfven
498 1075 40 20 den
554 1075 57 20 tiden
628 1075 54 21 varit
695 1075 85 27 vanligt,
791 1075 23 20 så
824 1077 24 18 är
859 1075 36 21 det

69 1103 128 20 åtminstone
213 1103 79 24 säkert,
307 1106 32 17 att
355 1103 35 21 det
401 1109 90 15 numera
506 1103 47 21 icke
564 1103 107 27 begagnas
682 1104 6 20 i
700 1104 68 21 denna
777 1103 117 27 betydelse;

69 1131 40 21 och
131 1131 27 21 då
176 1131 37 27 jag
228 1131 46 21 icke
290 1131 39 22 kan
346 1132 44 21 inse
405 1131 24 21 af
443 1132 86 21 hvilken
545 1132 63 21 orsak
624 1139 48 14 man
688 1138 87 15 numera
791 1132 54 21 skall
861 1132 35 21 be-

67 1166 70 20 gagna
152 1160 59 21 detta
226 1160 144 27 uttryckssätt,
387 1161 81 26 nödgas
483 1161 35 26 jag
533 1161 81 26 påyrka
628 1161 89 26 ändring
730 1161 50 21 deri.

139 1217 60 21 Efter
215 1217 88 22 härmed
318 1217 91 22 afslutad
426 1218 119 21 diskussion
561 1218 125 21 framstälde
701 1219 56 20 Herr
771 1218 124 21 Talman-

69 1252 53 15 nen
139 1246 31 21 till
186 1246 90 21 Ståndet
291 1247 92 27 följande

138 1303 176 26 Proposition:
338 1303 31 21 De
393 1310 44 15 som
459 1304 114 27 godkänna
588 1306 117 20 momentet
720 1305 13 20 2
749 1305 6 20 i
771 1305 10 26 $
801 1305 24 20 13
841 1304 55 21 oför-

68 1331 99 26 ändradt,
190 1338 63 14 svara
274 1332 36 26 ja;
326 1332 73 21 vinner
415 1333 49 26 nej,
481 1333 96 20 kommer
593 1335 31 19 att
640 1335 104 19 omröstas
760 1340 34 14 om
810 1333 86 21 kontra-

69 1360 139 26 proposition.

139 1388 163 28 Propositionen
317 1389 128 22 besvarades
461 1390 48 21 med
526 1390 153 27 öfvervägande
693 1390 34 27 ja.

806 1553 21 26 72
