1070 1795
280 126 178 22 Borgareståndet
469 127 56 18 1877.
550 127 27 17 23
589 126 97 18 Oktober.
837 122 54 21 1345

65 196 54 27 gade
141 196 49 21 dem
213 197 31 20 att
265 195 85 28 vidtaga
370 195 105 28 juridiska
491 195 140 22 formaliteter
647 195 32 22 för
694 198 32 19 att
742 196 87 27 öfvergå
845 196 45 21 från

66 225 36 21 det
117 231 40 15 ena
172 224 62 27 yrket
249 225 32 20 till
298 224 35 22 det
348 225 72 21 andra.

135 253 169 22 Vidkommande
327 253 46 22 åter
395 253 66 26 några
484 253 79 22 talares
577 253 101 27 yrkande,
696 255 32 20 att
743 253 99 22 anmälan
859 254 32 20 för

66 281 110 22 drifvande
197 281 24 22 af
242 282 74 27 näring
331 282 27 27 på
373 282 72 21 landet
461 282 38 21 bör
513 282 38 21 ske
567 281 39 22 hos
622 281 143 27 Guvernören,
782 283 23 21 så
821 282 70 21 förvå-

66 317 38 14 nar
124 310 37 27 jag
186 310 43 27 mig
248 312 32 19 att
304 311 58 21 detta
381 310 94 27 yrkande
486 311 44 26 just
545 311 97 21 kommer
657 310 46 21 från
708 309 183 29 representanter

66 339 32 21 för
120 339 72 22 städer
215 339 7 20 i
245 339 83 21 landets
351 339 96 27 nordliga
469 339 42 26 del,
530 339 27 21 då
572 340 37 20 det
623 339 64 21 likväl
703 339 66 22 borde
785 340 57 26 ligga
858 340 33 21 för

67 369 68 26 öppen
152 368 41 27 dag
208 370 32 19 att
256 368 36 21 det
312 367 69 22 blefve
396 368 85 27 mycket
496 367 58 22 svårt
569 368 33 21 för
617 374 102 21 personer
734 369 46 20 från
796 368 95 27 aflägsna

66 397 119 21 landsorter
201 398 33 20 att
248 397 27 26 gå
290 397 20 21 in
326 397 32 21 till
374 396 137 22 Guvernören
526 397 33 21 för
574 399 32 19 att
621 397 21 21 få
658 397 102 27 rättighet
775 399 32 19 att
823 397 68 21 drifva

67 428 31 19 ett
119 426 51 26 yrke
185 425 48 21 med
253 426 106 26 lärlingar.
389 425 39 21 Om
444 432 25 14 en
485 425 127 22 skoflickare
627 426 28 26 på
670 426 73 22 landet
758 426 133 22 händelsevis

67 454 76 21 blifver
164 454 6 21 i
194 453 84 22 tillfälle
300 455 32 20 att
348 456 76 25 antaga
439 460 26 15 en
480 454 83 26 lärling,
579 454 24 21 så
618 454 68 22 skulle
702 455 42 20 han
760 455 69 21 måsta
844 455 46 20 från

67 483 109 21 Kuusamo
192 489 48 15 resa
254 482 21 21 in
291 482 31 21 till
338 483 137 21 Guvernören
491 483 6 20 i
513 483 114 26 Uleåborg,
644 483 74 22 endast
734 483 32 22 för
781 485 32 20 att
829 483 62 22 vinna

68 512 69 21 denna
152 511 108 27 rättighet.

137 540 56 21 Herr
215 539 33 22 W.
270 539 79 28 Nystén
375 539 39 22 har
436 539 71 22 anfört
529 542 32 19 att
583 540 41 21 han
646 546 62 15 anser
730 547 26 15 en
771 541 120 27 pröfning
879 535 15 37 i

69 569 60 22 dessa
153 568 37 22 fall
213 569 53 20 böra
288 568 93 27 försiggå
403 569 38 21 och
459 569 68 21 denna
543 569 99 27 pröfning
658 569 46 22 icke
720 569 53 22 böra
788 570 20 21 få
824 570 67 21 öfver-

68 598 81 21 lemnas
172 597 22 22 åt
216 597 146 27 kronofogden
378 600 51 19 utan
445 597 36 21 vill
497 597 64 22 hafva
577 598 39 21 den
633 597 124 22 anförtrodd
774 598 22 21 åt
811 599 81 21 Guver-

69 629 72 18 nören.
172 626 42 21 Det
238 625 38 22 har
298 626 46 21 icke
360 626 54 21 varit
429 627 117 21 utskottets
561 627 85 25 mening
661 628 32 19 att
709 627 67 26 någon
793 627 100 27 pröfning

69 655 65 21 borde
151 655 20 21 få
186 655 44 24 ske,
246 656 22 25 ty
284 655 64 26 något
366 655 77 21 sådant
458 655 100 21 behöfves
573 655 46 21 icke
634 655 8 21 i
657 655 124 22 samhällets
796 656 96 21 intresse.

68 684 11 21 I
94 683 101 22 händelse
212 689 25 15 en
253 689 83 21 person,
352 689 45 16 som
413 683 45 22 icke
474 685 24 20 är
514 684 120 26 berättigad
650 686 31 19 att
697 685 66 26 enligt
771 685 68 21 denna
850 685 43 21 för-

69 713 90 26 ordning
181 712 73 21 utöfva
270 712 80 27 näring,
367 712 94 21 anmäler
476 712 33 27 sig
525 712 31 21 till
573 712 115 22 utöfvande
703 713 23 21 af
740 715 31 20 ett
785 714 52 27 yrke
853 714 40 21 och

69 741 89 21 sålunda
180 741 66 26 enligt
269 741 25 21 de
313 741 121 21 nuvarande
450 741 107 27 åsigterna
573 743 31 20 ett
619 742 107 26 vägrande
741 742 70 27 utslag
827 742 66 21 borde

69 769 108 22 meddelas
200 769 84 25 honom,
304 769 22 22 så
342 770 39 21 bör
396 769 66 27 enligt
477 770 60 21 detta
552 769 113 28 lagförslag
680 771 65 21 likväl
762 771 57 21 bevis
835 771 58 21 öfver

69 798 99 22 anmälan
191 797 75 28 gifvas.
297 798 39 21 Om
359 798 41 21 han
422 798 27 21 då
470 799 83 21 skrider
572 798 33 21 till
620 799 114 22 utöfvande
750 800 23 21 af
786 800 67 26 yrket,
871 800 23 21 så

70 828 41 21 kan
135 826 89 22 fiskalen
247 827 51 21 eller
321 827 40 21 den
384 827 106 22 allmänna
505 827 121 26 åklagaren,
642 834 45 15 som
704 830 23 19 är
742 828 7 21 i
764 828 83 22 tillfälle
863 831 31 18 att

70 856 92 27 granska
177 855 81 22 sådana
274 856 138 21 anmälanden
428 855 39 22 hos
483 856 138 27 magistraten
631 857 51 20 eller
691 856 37 22 hos
739 857 154 26 kronofogden,

70 885 58 21 åtala
151 884 76 21 honom
252 884 32 21 för
304 885 61 25 olaga
390 885 74 26 näring
488 885 38 21 och
542 885 21 20 vi
579 884 61 22 hafva
656 885 68 22 deruti
740 888 31 19 ett
785 886 109 21 korrektiv

71 915 57 20 emot
143 913 40 21 den
200 913 67 21 skada
282 913 112 21 samhället
409 913 41 21 kan
466 913 49 26 lida,
533 913 121 28 derigenom
670 916 32 19 att
718 921 25 14 en
752 915 56 26 dylik
817 921 76 20 person

71 942 68 21 skulle
160 941 96 27 företaga
271 941 31 27 sig
317 943 32 20 att
364 941 73 22 utöfva
452 942 144 27 näringsyrke.
627 943 41 26 Jag
683 943 35 21 vill
734 943 107 22 dessutom
857 950 37 14 an-

72 971 79 26 märka,
168 972 32 19 att
215 971 40 20 den
272 969 96 28 pröfning
384 976 45 15 som
444 970 138 22 Guvernören
598 971 7 21 i
620 971 77 22 sådant
712 971 38 22 fall
758 972 68 21 skulle
835 973 59 20 verk-

71 999 69 25 ställa,
156 999 7 21 i
178 999 116 21 allmänhet
309 999 47 21 icke
370 999 43 21 kan
428 1005 51 16 vara
495 999 23 22 så
533 999 93 22 särdeles
642 1001 68 20 säker.
741 1001 42 21 Det
798 1002 24 19 är
838 1007 57 20 myc-

72 1028 36 21 ket
124 1027 81 27 möjligt
222 1030 31 19 att
269 1034 25 15 en
309 1034 77 21 person
402 1034 45 15 som
463 1028 6 21 i
485 1028 74 27 sjelfva
573 1029 75 21 verket
663 1029 46 21 icke
720 1035 50 15 vore
778 1029 116 27 välfrejdad

73 1057 67 20 skulle
164 1056 84 21 anmäla
263 1056 39 27 sig,
318 1058 22 25 ty
356 1056 69 22 såsom
440 1057 109 21 Herrarne
564 1059 55 24 veta,
635 1057 23 22 så
674 1058 94 21 utfärdas
785 1058 24 21 de
825 1058 70 21 såkal-

71 1085 49 22 lade
135 1085 257 27 prestaförteckningarne
408 1085 47 22 med
471 1085 57 22 vissa
546 1085 179 22 mellanterminer
741 1087 46 21 från
804 1087 91 21 domsto-

72 1114 68 25 larna,
164 1113 38 22 och
219 1114 35 21 det
269 1114 42 21 kan
326 1113 90 22 sålunda
432 1114 84 21 inträffa
532 1116 32 19 att
580 1121 25 14 en
620 1121 77 20 person
713 1115 41 21 kan
769 1115 63 22 hafva
848 1115 48 22 blif-

73 1143 30 20 vit
125 1142 90 26 sakfäld,
239 1142 67 22 ehuru
328 1142 54 21 hans
403 1143 117 26 prestbevis
535 1145 24 19 är
574 1145 53 19 rent.
658 1143 10 22 I
684 1143 74 22 sådant
775 1144 37 21 fall
827 1144 68 21 skulle

73 1171 137 21 Guvernören
234 1170 66 22 blifva
322 1173 92 25 tvungen
437 1173 32 19 att
490 1171 69 22 tillåta
573 1171 78 22 honom
668 1174 31 19 att
714 1173 73 21 utöfva
802 1173 94 26 närings-

72 1200 58 27 yrke,
153 1199 67 22 ehuru
240 1199 41 22 han
297 1199 47 22 icke
359 1206 50 15 vore
425 1199 71 22 dertill
512 1200 126 27 berättigad.
670 1201 47 21 Men
733 1201 66 27 enligt
814 1201 83 22 utskot-

73 1230 42 20 tets
138 1228 143 27 uppfattning,
297 1235 49 14 vore
370 1228 40 21 den
426 1229 107 21 allmänna
549 1229 120 26 åklagaren,
684 1229 24 22 så
722 1233 59 18 snart
796 1229 42 22 han
854 1231 42 20 kan

73 1257 72 21 bevisa
166 1259 33 19 att
222 1257 40 20 den
286 1263 45 15 som
347 1257 90 21 sålunda
452 1258 81 21 anmält
548 1258 33 27 sig
595 1258 46 21 icke
656 1260 24 19 är
696 1258 121 27 välfrejdad,
833 1259 6 20 i
855 1259 42 21 till-

73 1285 49 22 fälle
137 1287 33 20 att
184 1285 100 22 inskrida.

142 1314 40 27 Jag
205 1314 40 21 har
268 1314 87 21 härmed
379 1314 89 21 kommit
487 1316 32 20 att
534 1315 76 22 beröra
625 1322 26 15 en
667 1322 67 15 annan
751 1316 145 27 anmärkning,

74 1348 45 16 som
143 1342 47 22 från
213 1345 90 19 motsatt
324 1343 43 21 håll
383 1343 71 21 blifvit
468 1343 119 27 framstäld,
603 1344 105 26 nemligen
724 1347 32 18 att
771 1345 92 21 vilkoret
878 1344 21 22 af

74 1371 41 27 god
138 1371 52 27 frejd
212 1371 47 22 icke
281 1371 66 22 borde
370 1371 74 22 ställas
459 1372 33 21 för
507 1372 39 21 den
562 1378 45 16 som
624 1372 77 22 önskar
716 1373 71 22 utöfva
803 1374 94 26 närings-

74 1400 52 27 yrke
141 1399 24 22 af
179 1399 55 22 hvad
249 1400 46 27 slag
310 1406 45 15 som
371 1400 61 21 helst.
458 1401 10 20 I
484 1401 109 27 principen
609 1403 24 19 är
646 1402 36 26 jag
697 1401 122 27 visserligen
835 1403 64 20 också

74 1429 33 20 för
128 1430 32 19 att
182 1428 176 27 näringsfriheten
382 1429 120 21 utsträckes
523 1429 24 22 så
569 1430 60 27 långt
650 1436 45 15 som
711 1430 82 28 möjligt
808 1430 39 22 och
863 1431 36 20 det

75 1457 67 21 måste
164 1457 122 26 medgifvas,
309 1459 32 19 att
356 1464 26 15 en
398 1457 122 27 vanfrejdad
536 1460 24 19 är
576 1459 42 21 lika
634 1459 120 26 berättigad
769 1465 45 16 som
831 1459 68 27 någon

74 1492 71 15 annan
160 1487 32 20 att
208 1485 72 22 utöfva
295 1485 81 22 hvilket
391 1486 52 27 yrke
458 1493 46 14 som
520 1487 61 21 helst.
605 1487 48 21 Men
669 1488 34 21 vid
712 1488 188 27 näringsfrihetens

75 1515 151 20 utsträckande
250 1513 32 22 får
305 1521 48 14 man
377 1515 33 21 väl
433 1515 61 22 äfven
515 1517 53 24 göra
590 1515 98 23 afseende
710 1517 28 27 på
752 1516 25 22 de
793 1517 108 22 allmänna

809 1555 23 18 85
