1070 1795
270 136 177 21 Borgareständet
459 136 56 17 1877.
541 136 22 16 13
576 135 97 18 Oktober.
831 131 52 20 1151

127 204 56 21 Herr
199 204 21 21 S.
235 204 156 27 Björkstén:
406 204 42 27 Jag
463 204 53 22 ville
532 204 104 22 anmärka
650 206 46 20 mot
710 204 57 22 Herr
782 205 103 26 Höckert,

59 235 32 19 att
106 233 52 20 hans
174 233 140 27 anmärkning
329 233 76 21 hänför
420 233 32 26 sig
467 233 34 21 till
523 233 5 28 $
545 234 26 20 16
586 233 7 21 i
608 233 166 27 propositionen,
789 239 46 16 som
851 239 34 16 re-

59 261 40 22 dan
116 263 25 19 är
154 261 89 28 afgjord.

127 313 56 21 Herr
205 313 136 21 Höckert:
363 313 41 26 Jag
420 315 45 19 tror
480 313 47 21 icke
543 315 32 20 att
590 313 35 21 det
640 313 78 21 hänför
733 313 32 26 sig
780 313 33 22 till
828 313 13 28 &
858 315 27 20 14

58 342 7 21 i
80 341 144 22 betänkandet
240 341 52 22 eller
307 341 11 28 $
335 343 25 20 16
376 341 6 22 i
398 342 167 27 propositionen.
595 341 100 22 Tvertom
707 341 39 22 har
757 342 60 21 detta
827 343 58 20 stad-

58 371 68 26 gande
149 370 32 21 sin
202 369 132 28 fullkomliga
357 370 134 27 tillämpning
514 371 27 26 på
563 376 75 15 senare
660 372 117 20 momentet
792 371 6 20 i
815 371 69 21 denna

58 399 102 27 paragraf
180 399 39 21 och
239 399 37 27 jag
297 399 66 22 finner
384 399 43 27 mig
448 399 47 22 icke
511 399 125 28 öfvertygad
651 399 25 21 af
689 399 56 22 Herr
760 399 124 27 Björksténs

57 428 106 26 yttrande.

126 479 56 22 Herr
203 479 89 22 Gadd:
314 479 70 22 Jemte
406 479 37 22 det
463 479 38 27 jag
523 479 38 22 ber
583 481 32 20 att
630 479 6 22 i
652 479 42 22 allo
716 479 22 22 få
753 479 72 22 förena
841 480 44 27 mig

57 508 49 21 med
122 508 39 21 den
178 508 128 27 utläggning,
321 514 45 15 som
382 507 56 22 Herr
452 508 97 21 Höckert
565 508 62 27 gjort,
640 508 40 21 har
688 508 36 27 jag
735 508 75 27 begärt
821 509 62 21 ordet

57 537 76 21 endast
154 537 34 21 för
210 539 32 19 att
264 537 54 21 fästa
340 536 143 27 Björneborgs
500 537 59 21 stads
575 537 65 21 förste
656 540 158 24 representants
829 543 54 21 upp-

57 565 143 22 märksamhet
224 565 71 27 derpå,
318 568 32 19 att
370 565 37 28 jag
428 565 47 22 icke
498 565 40 21 har
559 565 56 22 velat
636 565 81 22 kränka
733 565 37 22 vår
784 565 99 28 gällande

56 594 141 27 kriminallag,
219 594 27 21 då
266 594 36 27 jag
323 594 142 27 uttryckligen
489 593 115 22 framhållit
626 596 32 19 att
680 594 66 21 saken
765 595 76 21 endast
857 595 27 20 då

57 623 39 20 den
120 625 24 19 är
164 623 22 20 af
203 623 98 21 kriminel
316 623 147 21 beskaffenhet
478 622 40 21 bör
533 623 125 26 hänskjutas
674 623 32 21 till
722 623 97 24 domstol,
834 629 49 16 men

57 651 60 28 eljest
133 651 83 26 afgöras
232 651 23 22 af
268 651 143 22 Guvernören.

125 709 56 21 Herr
203 708 163 22 Molander:
388 709 42 26 Jag
452 708 71 22 skulle
545 711 45 19 mot
610 709 56 21 Herr
681 709 96 21 Höckert
793 709 6 21 i
815 709 68 21 likhet

56 737 48 21 med
127 737 56 21 Herr
204 737 113 27 Björkstén
340 737 50 27 vilja
404 737 105 22 anmärka
524 739 32 20 att
571 737 79 22 sådana
666 737 111 22 förseelser
792 744 46 15 som
854 744 27 15 nu

56 767 37 20 äro
109 767 6 20 i
131 766 65 26 fråga,
212 767 28 20 då
255 766 25 21 de
296 766 53 21 varit
364 765 24 22 af
400 765 100 22 kriminel
515 765 153 28 beskaffenhet,
679 767 61 20 alltid
755 766 88 27 afgjorts
861 766 24 21 af

57 795 97 21 domstol.
184 795 41 26 Jag
248 797 46 19 tror
315 795 73 27 hvarje
408 795 63 26 jurist
488 795 45 21 haft
548 797 33 19 att
595 797 52 24 göra
662 795 48 22 med
724 795 81 22 sådana
820 795 62 22 saker

56 823 54 22 både
126 824 27 26 på
168 823 50 22 land
233 823 39 22 och
288 824 6 21 i
310 823 53 22 stad.

124 880 56 21 Herr
195 880 89 22 Gadd:
300 881 65 21 Detta
380 887 41 21 nya
436 880 217 28 författningsförslag
668 881 56 21 afser
740 881 32 21 väl
787 881 47 21 icke
849 883 33 19 att

55 909 20 21 vi
97 909 61 21 skola
180 909 107 22 bibehålla
308 909 70 26 gamla
401 909 135 27 oordningar.
568 910 46 21 Den
630 909 56 22 afser
700 911 32 20 att
748 909 85 22 komma
848 909 33 22 till

55 940 32 19 ett
109 937 76 22 bättre.
215 938 33 21 Då
264 939 40 20 den
319 939 36 20 det
370 940 44 25 gör,
429 938 25 21 så
469 938 40 21 bör
525 939 40 20 den
580 939 71 26 gamla
666 944 69 15 vanan
751 940 130 19 utmönstras

55 967 40 21 och
117 972 41 21 nya
181 967 130 26 stadganden
334 969 68 19 sättas
424 967 7 21 i
454 967 70 21 ställe.
554 967 43 21 Det
618 969 24 19 är
665 967 77 26 derför,
758 973 45 15 som
819 967 62 21 dessa

55 995 115 26 ändringar
188 997 36 19 äro
240 995 79 27 gjorda.
348 995 27 22 Vi
390 995 53 22 böra
458 996 47 21 icke
521 995 57 22 hålla
593 1002 35 15 oss
643 995 35 22 vid
694 996 36 21 det
744 995 70 28 gamla
829 997 51 20 utan

55 1023 103 28 stipulera
181 1024 65 26 något
269 1027 47 24 nytt
338 1023 34 22 för
386 1027 32 18 att
434 1024 87 21 komma
536 1025 32 20 till
584 1031 26 14 en
626 1025 70 20 bättre
712 1024 90 27 ordning
818 1026 27 19 än
861 1024 20 21 vi

53 1052 76 21 hittills
147 1052 51 21 haft.

123 1103 70 22 Sedan
216 1104 146 21 diskussionen
386 1105 46 20 med
457 1105 61 21 detta
541 1107 93 19 moment
656 1104 115 22 förklarats
787 1103 94 22 afslutad

55 1132 132 21 framställde
209 1133 56 21 Herr
280 1133 172 26 Talmannen,
469 1133 48 21 med
532 1133 99 22 afseende
646 1133 13 21 å
674 1133 26 21 de
715 1133 68 21 under
798 1133 83 21 diskus-

54 1161 73 22 sionen
142 1161 85 27 yttrade
242 1161 112 28 åsigterna,
373 1161 95 28 följande

123 1219 171 26 Proposition.
324 1219 39 26 De,
386 1225 46 15 som
455 1219 72 21 direkt
549 1219 50 26 vilja
620 1219 114 27 godkänna
748 1225 62 15 mom.
829 1219 12 20 2
859 1219 24 20 af

53 1247 13 26 $
85 1248 32 26 15,
133 1253 61 15 svara
214 1247 34 27 ja.
277 1247 81 22 Vinner
380 1248 50 27 nej,
447 1247 96 22 kommer
567 1250 32 19 att
622 1249 104 20 omröstas
742 1254 33 15 om
791 1247 89 22 kontra-

53 1275 138 28 proposition.

123 1304 75 22 Svaret
220 1305 27 26 på
270 1305 67 21 denna
360 1304 22 22 af
403 1305 56 21 Herr
475 1305 164 21 Talmannen
655 1305 133 21 framställda
803 1311 77 21 propo-

53 1333 63 21 sition
132 1333 61 21 utföll
209 1333 54 21 efter
278 1333 66 21 skedd
360 1334 133 26 omröstning
508 1333 48 21 med
572 1335 25 19 22
612 1334 27 26 ja
654 1333 39 22 och
710 1335 26 19 17
752 1333 48 27 nej.

124 1360 47 22 Mot
186 1361 93 22 beslutet
294 1362 108 21 anmäldes
418 1362 132 21 reservation
566 1362 23 21 af
603 1362 55 21 Herr
673 1362 67 22 Gadd.

382 1413 12 28 8
412 1415 25 20 16
453 1413 66 22 Mom.
536 1415 19 20 1.

121 1465 56 21 Herr
192 1465 84 22 Gadd:
292 1466 11 21 I
318 1466 25 21 de
359 1465 102 22 resandes
477 1465 40 22 och
532 1467 162 25 gastronomens
708 1465 90 22 intresse
811 1465 68 22 skulle

49 1493 38 27 jag
103 1493 77 22 föreslå
202 1494 35 21 det
252 1494 103 27 tillägget,
371 1496 32 19 att
418 1496 66 19 taxan
499 1494 61 21 äfven
576 1495 70 21 kunde
661 1497 93 24 upptaga
769 1494 68 22 andra
851 1496 27 19 än

51 1523 13 20 å
81 1523 60 20 orten
156 1522 135 29 tillgängliga
305 1525 114 20 matvaror.
