1070 1795
837 106 40 21 951

52 179 124 26 fullständig
192 179 54 21 ruin.
276 179 41 27 Jag
332 179 64 27 yrkar
410 179 83 21 således
509 179 33 27 på,
559 181 32 19 att
604 179 70 20 denna
685 180 10 25 $
707 179 44 21 helt
762 179 39 21 och
812 179 66 21 hållet

53 208 105 26 utstrykes
175 214 24 15 ur
215 207 157 27 författningen.

121 271 55 20 Herr
199 271 127 20 Jansson:
344 270 32 21 Då
391 270 169 26 arbetsgifvaren
576 270 82 21 känner
673 270 45 21 sina
734 270 143 27 skyldigheter

55 299 64 26 enligt
142 299 40 26 lag,
206 299 24 20 sä
244 299 42 20 kan
303 299 40 20 han
359 299 6 20 i
381 299 93 25 enlighet
489 299 86 20 dermed
593 299 117 20 bestämma
725 299 46 20 icke
787 299 90 22 allenast

53 327 129 21 arbetstiden
206 329 51 19 utan
278 327 59 21 äfven
354 327 125 26 aflöningen.
511 327 49 21 Han
576 327 41 21 kan
634 330 15 17 t.
666 333 30 15 ex.
713 327 117 22 förbehälla
846 327 31 27 sig

52 357 32 19 att
106 356 23 21 af
149 355 187 28 veckoaflöningen
360 362 25 15 en
408 355 43 22 viss
475 356 87 21 bräkdel
579 358 88 19 stannar
682 356 48 21 inne
746 356 37 21 hos
799 356 78 21 honom

52 383 33 21 för
108 385 81 26 möjligt
213 384 154 27 sjukdomsfall.
399 385 68 20 Hafva
491 385 61 20 desse
574 385 69 20 medel
664 384 66 21 under
746 385 130 21 arbetstiden

51 413 47 21 icke
120 414 73 20 behöft
216 414 113 25 användas,
352 414 121 20 återställas
497 414 26 20 de
539 414 22 20 ät
577 414 118 20 arbetaren.
726 413 93 21 Sålunda
835 414 41 20 kan

52 441 165 26 arbetsgifvaren
241 442 80 26 skydda
344 442 32 26 sig
399 445 44 18 mot
458 442 106 26 förluster,
580 448 47 15 men
643 442 45 21 icke
705 442 23 21 sä
743 442 134 25 kommunen,

52 470 85 21 hvarför
151 470 36 27 jag
202 476 107 21 upprepar
324 470 54 21 hvad
392 470 38 27 jag
446 471 64 20 redan
527 470 57 21 förut
599 470 55 21 hade
670 473 50 18 äran
737 470 73 22 anföra
825 471 52 21 eller

51 500 32 19 att
96 499 37 27 jag
148 505 62 15 anser
226 500 33 25 &:n
275 505 50 14 vara
340 499 124 21 välbetänkt
481 499 39 21 och
537 499 52 21 böra
605 499 123 21 bibehällas.

120 562 55 21 Herr
198 561 157 22 Snellman:
378 562 10 21 I
413 561 114 25 anledning
542 562 22 20 af
579 562 55 21 Herr
649 562 101 21 Janssons
766 562 51 21 sista
832 563 44 26 ytt-

51 590 72 26 rande,
147 590 35 21 vill
204 591 36 26 jag
264 589 54 22 fästa
339 590 53 21 hans
408 590 188 27 uppmärksamhet
612 591 72 26 derpä,
701 593 31 18 att
748 591 127 20 kommunen

50 625 41 20 nog
112 619 39 20 har
174 621 64 24 utväg
259 621 32 18 att
312 619 81 26 skydda
408 619 32 26 sig
457 621 43 19 mot
516 619 89 26 utgifter
620 619 22 21 af
656 619 159 26 ifrågavarande
830 619 46 26 slag

48 653 75 20 genom
139 649 32 19 att
186 647 52 21 söka
254 647 177 27 arbetsgifvarens
446 648 118 26 äläggande
581 650 31 19 att
625 647 22 21 af
657 654 100 15 mannens
770 647 33 21 lön
815 647 59 21 inne-

49 676 58 21 hålla
123 677 23 20 sä
161 676 84 26 mycket
261 682 44 15 som
322 679 118 18 motsvarar
456 677 139 20 kommunens
612 676 86 21 fordran
715 676 38 21 hos
768 676 84 21 honom.

117 738 57 21 Herr
196 739 137 26 Procop6:
358 739 47 20 Med
428 739 114 26 anledning
565 738 22 21 af
601 739 37 20 det
653 739 53 20 sista
720 739 153 27 andragandet,

49 767 36 20 vill
106 767 37 26 jag
165 767 56 21 fästa
243 767 100 22 Ständets
366 768 189 26 uppmärksamhet
579 767 71 27 derpä,
675 769 31 19 att
722 767 151 26 arbetsgifvare

49 801 89 15 numera
153 797 24 19 är
192 795 119 27 berättigad
327 797 33 20 att
376 799 48 23 taga
440 799 57 18 emot
513 796 97 21 arbetare
628 796 107 21 hvarifrån
752 802 43 15 som
813 796 60 23 helst,

49 823 86 22 hvarför
158 825 35 20 det
216 824 68 21 blefve
306 825 58 20 svärt
386 825 32 20 för
441 825 128 21 kommunen
586 827 32 18 att
633 824 51 27 följa
700 825 46 20 med
762 825 38 21 och
816 824 57 21 hälla

49 852 51 21 reda
122 853 27 26 pä
171 853 52 20 hvar
245 859 25 14 en
286 853 52 20 hvar
354 853 21 20 af
390 853 46 21 dess
453 854 138 20 medlemmar
607 853 91 21 arbetar.
728 853 31 21 En
775 853 98 21 arbetare

49 881 62 20 söker
127 882 31 25 sig
178 881 73 21 arbete
274 881 37 21 der
330 881 42 21 han
388 881 32 21 får
436 882 85 25 sådant;
538 882 52 20 hans
606 882 148 20 hemkommun
771 881 39 21 blir
825 882 49 20 sökt

50 909 33 21 för
96 910 25 20 de
137 910 115 21 kostnader
268 910 140 27 fattigvärden
424 911 6 20 i
447 917 25 14 en
489 917 69 14 annan
575 911 100 20 kommun
692 911 40 20 kan
748 910 63 21 hafva
827 910 46 21 haft

49 937 32 22 för
103 939 124 20 arbetarens
250 938 65 27 familj
338 939 39 20 och
401 939 26 21 dä
450 941 25 19 är
490 939 36 21 det
541 939 7 21 i
564 939 26 21 de
605 939 61 21 flesta
682 939 36 20 fall
733 939 32 20 för
778 941 47 19 sent
840 939 33 21 för

49 967 127 20 kommunen
200 969 32 18 att
254 967 52 21 söka
321 974 75 20 genom
413 967 169 26 arbetsgifvaren
599 967 105 21 innehälla
720 968 67 26 nägon
803 968 33 21 del
852 967 23 22 af

48 995 125 21 arbetarens
194 996 41 23 lön,
251 1001 44 16 som
312 997 6 19 i
334 996 25 21 de
374 995 62 22 flesta
452 996 36 21 fall
505 997 65 20 redan
587 996 138 27 uppbrukats.
756 997 39 26 Jag
811 1002 62 15 anser

48 1023 82 22 säledes
146 1027 32 18 att
194 1025 35 26 &:n
244 1024 39 21 bör
299 1024 18 21 fä
334 1024 128 21 oförändrad
479 1025 93 26 gvarstä.

116 1087 56 21 Herr
199 1087 155 21 Snellman:
383 1088 38 21 Ett
446 1088 76 21 sädant
548 1087 132 21 förhällande
705 1094 43 15 som
775 1088 22 21 af
818 1087 55 22 Herr

48 1115 96 27 Procop6
164 1117 130 25 förutsättes,
315 1122 61 21 synes
393 1116 42 27 mig
450 1117 46 20 icke
513 1116 52 21 böra
581 1116 86 21 komma
682 1117 6 20 i
704 1117 59 26 fråga
777 1117 95 25 emedan,

47 1150 35 15 om
96 1143 37 27 jag
149 1143 85 22 förstått
250 1144 32 27 S:n
299 1147 48 23 rätt,
364 1145 40 20 den
421 1145 75 21 endast
511 1145 68 26 gäller
595 1144 31 21 för
638 1145 36 20 det
685 1145 41 26 fall,
737 1147 32 18 att
780 1145 92 26 familjen

47 1174 25 19 är
88 1172 72 21 bosatt
178 1173 3 20 i
198 1179 81 14 samma
295 1173 106 26 kommun,
418 1173 38 21 der
472 1180 90 15 mannen
579 1173 39 20 har
633 1173 38 21 sitt
686 1173 79 23 arbete,
781 1173 40 21 och
837 1173 35 22 det

48 1201 81 21 säledes
146 1201 41 20 blir
202 1201 39 21 lätt
256 1201 33 22 för
305 1208 54 21 resp.
376 1201 126 28 fattigvärds
518 1202 90 27 styrelse
618 1204 32 19 att
662 1201 21 22 fä
694 1202 50 21 reda
754 1202 26 27 pä
791 1201 82 22 arbets-

46 1229 102 28 gifvaren.

115 1293 55 21 Herr
187 1293 161 21 Molander:
364 1293 41 26 Jag
421 1296 45 18 tror
481 1295 32 19 att
529 1293 56 21 Herr
601 1292 107 23 Snellman
724 1293 46 22 icke
785 1293 42 21 fäst
841 1293 32 26 sig

47 1321 74 21 dervid
137 1323 31 19 att
184 1322 68 21 denna
268 1323 10 24 &
294 1321 66 27 gäller
376 1322 60 21 äfven
453 1322 114 21 arbetaren
583 1322 55 26 sjelf,
654 1323 46 20 icke
715 1323 90 20 allenast
819 1321 54 22 hans

47 1349 73 27 familj.
136 1362 26 2 —
178 1349 41 28 Jag
241 1356 106 20 upprepar
370 1350 34 21 för
426 1350 64 27 öfrigt
505 1352 33 19 att
553 1351 36 20 det
605 1350 67 22 finnes
686 1350 72 27 yrken,
773 1356 45 15 som
835 1352 36 19 äro

47 1378 34 21 för
103 1378 73 21 helsan
197 1378 95 27 skadlige
308 1379 40 21 och
363 1378 77 27 farliga
456 1379 39 21 och
511 1381 32 19 att
559 1379 36 21 det
610 1379 108 22 förefaller
732 1380 42 25 mig
789 1378 84 28 obilligt

46 1409 33 19 att
101 1407 129 22 kommunen
253 1407 39 22 och
307 1407 46 22 icke
369 1407 169 27 arketsgifvaren
554 1407 54 22 skall
624 1408 86 26 äläggas
725 1407 147 28 skyldigheten

46 1437 33 20 att
101 1436 126 21 underhälla
250 1436 106 25 arbetare,
380 1442 44 15 som
441 1437 6 20 i
464 1437 63 20 dessa
549 1436 66 27 yrken
630 1437 84 26 ädragit
729 1437 31 26 sig
775 1436 97 27 sjukdom

45 1463 52 22 eller
112 1464 73 22 skada.
