1070 1795
271 117 179 28 Borgareståndet
461 125 56 16 1877.
543 125 23 16 18
579 124 98 17 Oktober.
841 121 59 22 1239

135 193 80 21 Herrar
237 193 142 21 Rissanen
404 192 40 22 och
459 193 150 21 Ahlström
625 192 101 22 förenade
742 193 31 26 sig
789 199 33 15 om
840 193 56 21 Herr

65 221 125 22 Lindbloms
205 221 115 21 uttalande.

135 278 152 21 Diskussionen
303 278 131 21 förklarades
450 278 88 21 härmed
554 278 94 22 afslutad
664 278 39 22 och
715 279 55 21 Herr
781 278 115 22 Talman-

65 313 48 15 nen
127 307 125 21 framstälde
268 306 92 27 följande

135 363 191 33 Proposition:
348 364 38 23 De,
402 369 44 16 som
462 363 114 27 godkänna
592 363 123 22 Utskottets
730 363 163 28 ifrägavarande

65 392 86 27 förslag,
167 399 61 15 svara
242 393 36 26 ja;
295 393 74 21 vinner
384 393 48 27 nej,
448 398 63 16 anses
526 392 188 28 Borgareständet,
731 381 52 33 med
790 393 60 21 bifall
861 393 32 21 till

64 421 145 32 Regeringens
224 421 80 27 förslag
318 422 6 20 i
340 422 69 20 denna
425 420 39 27 del,
480 421 93 21 beslutat
589 423 33 20 att
637 418 123 30 årsafgiften
776 421 33 21 för
823 422 70 21 intern

65 450 6 20 i
87 450 83 21 landets
185 437 287 34 folkskollärareseminarier
488 450 65 21 borde
569 450 94 27 förhöjas
678 450 34 21 till
730 451 38 20 150
785 450 60 21 mark
861 450 33 21 för

65 478 74 27 hvarje
154 479 76 20 intern.

135 507 75 22 Svaret
225 506 61 22 utföll
302 506 48 22 med
366 507 111 21 obestridd
492 507 152 26 röstöfvervigt
656 507 117 27 jakande.

375 564 158 21 Momentet
549 565 32 20 10.

135 621 55 20 Herr
205 621 161 21 Fabritius:
388 621 42 27 Jag
445 621 96 21 anhåller
557 623 31 19 att
604 621 60 21 detta
679 623 93 19 moment
785 622 66 26 jemte
867 621 27 22 de

65 649 28 27 pä
114 649 88 22 sidorna
217 650 26 20 22
260 649 39 21 och
315 650 26 21 23
356 649 109 27 befintliga
489 652 121 19 momenten
634 649 69 22 skulle
718 649 127 28 bordläggas
860 649 34 22 för

64 679 34 20 att
113 678 30 21 uti
159 680 31 19 ett
205 677 153 28 sammanhang
374 678 117 21 behandlas
506 678 35 21 vid
558 680 62 19 nästa
634 678 93 27 plenum.

135 735 55 21 Herr
212 735 142 21 Boström:
376 735 42 21 Till
437 735 51 27 följd
505 735 22 21 af
542 735 60 22 detta
617 735 90 21 ärendes
722 737 59 19 stora
796 735 44 26 vigt
855 735 39 22 ber

61 763 39 27 jag
115 765 32 20 att
162 763 21 21 fä
199 763 73 21 förena
288 764 42 27 mig
345 764 30 21 uti
392 764 40 21 den
448 764 22 21 af
485 763 55 22 Herr
555 763 109 22 Fabritius
678 764 92 26 begärda
781 763 113 28 bordlägg-

65 792 84 27 ningen,
170 798 47 15 men
239 791 88 22 föreslår
342 795 32 19 att
389 793 157 26 granskningen
562 792 23 22 af
599 792 121 22 Utskottets
737 792 134 21 betänkande
886 793 6 20 i

64 821 65 26 öfrigt
145 821 65 21 måtte
227 821 118 21 fortsättas.

134 877 49 22 Med
198 877 113 28 anledning
322 877 22 22 af
352 878 81 21 Herrar
444 877 91 22 Fabritii
551 877 39 22 och
601 878 111 21 Boströms
723 877 7 22 i
742 877 151 22 ofvanstående

64 906 68 22 måtto
154 906 75 27 gjorda
250 907 95 26 yrkande
368 906 68 22 blefvo
459 909 121 19 momenten
604 907 32 24 10,
655 908 23 19 11
696 906 39 21 och
754 907 30 24 12,
800 906 56 21 efter
871 906 24 21 af

63 935 58 21 Herr
141 935 166 22 Talmannen
328 935 72 21 derom
416 935 32 21 till
464 935 91 22 Ståndet
570 935 62 27 gjord
648 935 162 27 framställning,
826 937 67 24 ytter-

63 963 68 27 ligare
147 963 117 28 bordlagda
279 963 32 22 till
326 965 62 20 nästa
403 963 93 27 plenum.

134 1020 158 22 Momentet
310 1021 26 21 13
352 1022 76 25 antogs
443 1020 146 22 oförändradt.

374 1077 159 22 Momentet
551 1078 32 21 14.

134 1133 55 22 Herr
210 1133 154 28 Chydenius:
385 1135 42 20 För
442 1134 42 21 min
501 1134 34 21 del
551 1134 97 21 anhåller
660 1134 38 27 jag
712 1136 33 20 att
760 1134 22 21 få
797 1134 95 27 afstyrka

64 1162 60 21 bifall
147 1162 31 21 till
201 1163 129 26 antagandet
352 1162 23 21 af
390 1163 59 21 detta
463 1163 86 26 förslag.
580 1163 41 22 Det
636 1165 31 24 är,
682 1163 128 22 åtminstone
826 1162 67 28 enligt

63 1191 45 21 min
130 1191 61 26 åsigt,
215 1193 32 19 att
269 1191 97 22 åhvälfva
389 1193 69 20 staten
482 1191 89 27 utgifter
586 1198 45 15 som
647 1191 47 22 icke
709 1191 118 22 tillkomma
843 1191 48 22 den.

63 1219 77 22 Staten
162 1219 40 22 bör
224 1220 47 21 icke
294 1219 82 22 befatta
390 1221 32 26 sig
437 1220 49 21 med
502 1220 176 27 pensionskassor
693 1219 33 22 för
742 1219 151 22 efterlefvande

63 1248 68 21 enkor
147 1247 39 22 och
202 1247 59 27 barn,
277 1251 51 18 utan
344 1249 26 20 de
386 1249 64 20 hafva
464 1249 34 21 sin
513 1251 58 19 rätta
587 1248 55 27 plats
658 1249 6 21 i
680 1249 40 21 den
736 1249 83 26 privata
831 1249 62 20 verk-

64 1277 116 25 samheten,
204 1277 31 20 uti
258 1277 229 26 assuranssällskapen.
518 1277 92 22 Ständet
632 1277 39 22 har
693 1278 7 21 i
723 1277 41 26 dag
779 1277 68 26 afböjt
862 1279 31 19 ett
911 1275 3 4 '

65 1305 80 27 förslag
166 1307 32 19 att
220 1307 70 20 staten
312 1306 68 21 skulle
403 1306 48 21 med
473 1305 66 27 högre
561 1306 77 27 belopp
654 1305 86 28 deltaga
755 1306 7 21 i
777 1305 114 22 folkskole-

64 1334 82 20 lärares
168 1333 100 28 aflöning.
299 1335 41 20 Det
363 1334 55 21 hade
433 1333 55 22 varit
504 1335 71 20 bättre
591 1337 31 18 att
638 1335 44 21 låta
698 1337 70 19 staten
783 1334 33 21 för
831 1335 61 20 detta

64 1361 99 22 ändamål
186 1362 77 27 bevilja
286 1365 31 19 ett
338 1364 69 20 större
422 1363 81 26 anslag,
520 1364 27 20 än
563 1364 32 19 att
610 1362 57 27 gifva
682 1363 74 26 anslag
771 1362 32 22 till
819 1368 25 15 en
860 1362 31 21 in-

64 1390 101 27 rättning,
188 1390 66 22 sådan
278 1397 44 16 som
346 1391 40 22 den
409 1391 168 26 ifrågavarande.
609 1391 43 27 Mig
676 1398 60 21 synes
760 1391 67 25 äfven,
844 1391 49 21 med

64 1419 42 22 den
121 1419 122 28 obetydliga
258 1420 122 21 erfarenhet
392 1420 38 27 jag
444 1420 47 25 har,
507 1422 32 19 att
555 1420 26 21 de
597 1420 182 27 pensionskassor,
795 1425 46 16 som
854 1419 38 21 fin-

64 1453 39 16 nas
125 1447 7 22 i
154 1447 78 28 landet,
255 1448 87 21 framför
364 1448 40 22 allt
419 1448 49 21 leda
483 1449 34 20 till
532 1448 132 27 svårigheter
680 1451 38 19 när
733 1450 36 20 det
784 1447 67 28 gäller
866 1454 26 15 en

63 1476 91 27 ändring
175 1477 7 20 i
198 1477 176 26 organisationen.
404 1477 42 21 Det
461 1477 41 21 har
517 1479 16 19 t.
549 1483 31 15 ex.
597 1477 53 21 varit
666 1483 25 16 en
708 1477 48 27 lång
771 1477 52 21 tvist
838 1476 6 21 i
860 1476 32 21 af-

63 1505 78 22 seende
162 1505 13 21 å
190 1507 94 25 presters
304 1505 38 22 och
365 1505 129 22 skollärares
517 1505 101 28 ställning
634 1505 32 22 till
682 1512 25 15 en
722 1504 170 29 pensionskassa,
