1070 1795
145 131 55 20 1570
355 135 178 22 Borgareståndet
546 136 53 17 1877.
624 136 24 16 31
661 135 99 18 Oktober.

212 203 78 22 Denna
302 203 133 28 proposition
450 203 129 23 besvarades
593 204 49 22 med
658 203 156 28 öfvervägande
828 203 52 27 nej.

211 261 180 26 Proposition
406 261 48 22 N:o
471 262 25 20 5:
524 261 39 27 De,
579 268 44 15 som
639 261 7 22 i
661 261 69 22 likhet
745 261 48 21 med
808 260 112 22 Allmänna
928 260 42 21 Be-

143 289 168 22 svärsutskottet
334 295 52 16 anse
407 291 32 20 att
462 292 31 19 ett
515 290 111 21 uttalande
642 289 48 22 från
706 289 130 22 Ständernas
851 289 47 22 sida
912 289 6 20 i
934 290 37 20 det

143 318 61 27 syfte,
220 318 54 21 sista
295 320 115 19 momentet
424 319 8 20 i
446 319 57 21 Herr
519 319 101 27 Chydenii
638 318 133 22 reservation
786 318 123 25 innehåller,
924 317 47 22 icke

142 347 68 21 måtte
232 353 42 21 ega
288 353 54 20 rum,
360 353 63 15 svara
435 347 39 27 ja;
490 347 75 22 vinner
580 347 50 28 nej,
646 353 62 16 anses
724 347 91 21 Ståndet
830 346 94 21 beslutat
938 347 33 20 att

143 375 160 22 återremittera
322 376 88 21 ärendet
432 376 33 21 för
488 376 111 21 införande
621 375 91 22 emellan
728 381 63 15 mom.
808 375 27 24 d.)
851 374 40 21 och
906 381 63 14 mom.

143 405 27 26 e.)
185 404 22 21 af
230 406 32 20 ett
287 404 101 22 särskildt
404 407 93 19 moment
512 405 7 21 i
535 405 38 21 det
588 404 55 28 syfte
658 406 33 20 att
706 404 100 22 förbudet
821 403 32 22 för
867 403 103 25 enskilda,

142 434 34 20 att
197 432 81 22 inrätta
300 433 72 21 skolor
395 435 64 19 annat
475 435 26 19 än
520 434 29 26 på
563 434 116 26 uttrycklig
694 432 101 22 tillåtelse
810 432 22 21 af
846 432 125 26 regeringen

143 461 39 22 och
198 461 55 22 efter
276 461 122 27 preliminär
418 462 131 27 granskning
573 462 23 21 af
616 461 134 28 skolplanen,
765 461 66 22 måtte
846 460 125 27 upphäfvas.

199 519 77 20 Denna
291 519 132 26 proposition
438 519 129 21 besvarades
586 519 34 21 vid
638 519 92 21 anställd
753 518 96 27 votering
864 517 49 22 med
927 517 43 21 lika

141 547 79 26 många
242 547 53 21 eller
317 549 27 20 19
358 547 30 27 ja
408 547 39 22 och
468 547 50 27 nej,
535 547 33 22 till
583 547 52 27 följd
650 547 77 21 hvaraf
741 547 40 21 den
797 546 85 27 aflagda
898 545 71 22 sedeln

141 577 93 25 upptogs
258 575 40 22 och
320 576 70 21 såsom
412 576 149 21 innehållande
587 576 41 27 nej
645 576 66 21 fällde
732 575 93 27 utslaget
840 575 32 21 till
887 575 83 21 förmon

141 603 33 22 för
198 611 26 14 en
247 603 123 22 återremiss
384 605 8 20 i
408 605 35 21 det
457 604 56 28 syfte
529 605 52 21 sista
595 607 118 19 momentet
728 604 7 21 i
750 604 56 22 Herr
819 603 104 28 Chydenii
938 609 33 15 re-

141 633 107 21 servation
264 633 123 22 innehåller.

210 690 34 21 Då
260 689 90 22 Ståndet
364 690 53 22 härå
433 690 105 27 öfvergick
554 690 32 21 till
601 691 132 26 granskning
749 689 21 22 af
784 695 63 16 mom.
864 690 26 25 e.)
905 689 8 21 i
933 687 38 22 Ut-

141 719 93 21 skottets
250 719 141 26 betänkande,
408 719 103 27 begärdes
526 719 61 22 ordet
603 719 22 22 af

211 776 59 21 Herr
292 775 127 26 Höckert,
440 783 46 15 som
509 776 101 27 yttrade:
640 771 69 26 Äfven
732 776 6 21 i
761 775 100 22 afseende
883 775 13 21 ä
911 775 58 20 detta

141 806 96 20 moment
252 804 69 21 skulle
334 805 36 26 jag
384 804 88 28 utbedja
487 805 43 26 mig
545 807 32 19 att
592 805 21 21 få
628 805 80 21 föreslå
723 811 26 14 en
765 803 114 22 förändrad
895 803 75 21 redak-

142 833 52 26 tion,
221 833 24 21 så
261 833 101 28 lydande:
379 835 46 24 ,att
440 834 70 21 elever
520 834 47 21 icke
582 834 35 21 må
632 833 32 21 för
679 833 112 27 fattigdom
800 832 47 21 från
857 832 25 21 de
897 831 73 22 offent-

142 862 43 27 liga
207 861 152 22 läroanstalter
381 864 122 24 utestängas
527 862 39 21 och
582 864 33 19 att
634 862 82 21 således
739 863 74 26 sträng
829 861 141 26 begränsning

141 891 22 20 af
186 890 184 27 frielevplatserna
392 891 47 21 icke
461 891 34 21 må
511 897 39 20 ega
566 893 67 19 rum".
663 890 41 27 Jag
723 890 39 21 har
777 889 89 22 härmed
882 889 88 26 egentli-

140 925 40 20 gen
197 919 77 21 endast
288 919 56 22 velat
359 919 93 22 undvika
467 919 61 22 ordet
544 936 9 9 ,
558 919 83 26 ingen".

212 977 56 21 Herr
284 977 19 21 J.
319 977 25 20 A.
359 976 122 27 Nystén:
501 977 41 26 Jag
555 976 89 21 föreslår
652 978 32 19 att
694 976 62 21 ordet
765 971 15 37 ,,
779 977 86 25 sträng"
874 975 35 20 må
919 975 51 26 utgå

141 1005 40 21 och
192 1007 117 20 momentet
324 1005 33 21 för
372 1005 62 26 öfrigt
450 1007 89 26 antagas
555 1005 77 22 sådant
644 1005 36 21 det
691 1007 31 19 är.
753 1005 41 20 Det
805 1006 24 19 är
840 1010 25 15 en
883 1003 86 28 obetyd-

139 1033 68 28 lighet
222 1033 32 22 för
270 1034 81 21 kronan
367 1040 35 15 om
418 1035 61 20 dessa
494 1034 86 25 afgifter
595 1033 33 22 för
644 1034 36 21 det
690 1033 60 22 antal
762 1033 75 25 elever,
846 1038 46 15 som
901 1032 69 21 öfver-

141 1062 71 27 skjuta
234 1062 142 27 friplatserna,
400 1063 151 26 efterskänkes,
576 1069 47 14 men
639 1062 41 21 kan
696 1068 52 15 vara
763 1068 25 15 en
804 1061 85 27 mycket
904 1061 65 26 vigtig

140 1091 39 21 sak
195 1091 34 21 för
252 1091 75 26 elever,
350 1091 33 21 för
398 1091 72 21 hvilka
491 1091 177 27 terminsafgiften
690 1091 83 21 kanske
789 1090 44 22 ofta
847 1089 75 22 räcker
936 1089 33 21 till

140 1121 33 20 att
189 1119 68 22 skaffa
272 1120 48 21 dem
335 1121 92 26 gvarter.

211 1177 72 21 Sedan
307 1177 146 22 diskussionen
475 1177 90 22 härmed
587 1177 116 22 förklarats
726 1175 99 27 afslutad,
849 1175 120 28 uppställde

140 1205 58 22 Herr
213 1205 161 22 Talmannen
389 1206 33 21 till
438 1206 100 22 Ständets
554 1205 131 22 besvarande
696 1205 93 27 följande

208 1263 188 26 Proposition:
426 1263 39 26 De,
488 1269 45 16 som
557 1263 82 22 direkte
660 1263 50 26 vilja
726 1262 113 27 godkänna
854 1262 115 21 momentet

139 1291 27 28 e.)
186 1292 4 21 i
204 1291 125 22 Utskottets
344 1291 79 28 förslag
438 1298 62 15 svara
512 1292 37 27 ja;
564 1293 74 20 vinner
653 1291 48 27 nej,
710 1291 97 21 kommer
822 1292 33 19 att
865 1291 104 20 omröstas

139 1326 35 16 om
189 1320 221 27 kontraproposition.

208 1378 78 21 Denna
305 1378 134 26 proposition
460 1378 129 21 besvarades
611 1377 36 22 vid
662 1376 85 23 anstäld
762 1376 97 27 votering
874 1376 48 21 med
938 1377 31 20 23

136 1412 28 21 ja
179 1413 40 15 och
245 1407 31 21 15
290 1412 48 21 nej,
353 1408 33 19 till
401 1407 52 26 följd
476 1407 77 21 hvaraf
570 1413 63 15 mom.
649 1409 28 24 o.)
693 1405 135 22 förklarades
843 1405 24 22 af
880 1404 90 22 Ständet

139 1435 141 22 oförändradt
295 1437 94 25 antaget.

208 1493 154 21 Momentet
376 1492 24 28 f.)
415 1493 124 26 godkändes
554 1494 52 20 utan
622 1492 128 21 diskussion.
