<?xml version="1.0" encoding="UTF-8"?>
<alto xmlns="http://www.loc.gov/standards/alto/ns-v3#" xmlns:xlink="http://www.w3.org/1999/xlink" xmlns:xsi="http://www.w3.org/2001/XMLSchema-instance" xsi:schemaLocation="http://www.loc.gov/standards/alto/ns-v3# http://www.loc.gov/alto/v3/alto-3-0.xsd">
	<Description>
		<MeasurementUnit>pixel</MeasurementUnit>
		<sourceImageInformation>
			<fileName>/tmp/tess__c_7toq2_input.PNG</fileName>
		</sourceImageInformation>
		<OCRProcessing ID="OCR_0">
			<ocrProcessingStep>
				<processingSoftware>
					<softwareName>tesseract 5.3.4</softwareName>
				</processingSoftware>
			</ocrProcessingStep>
		</OCRProcessing>
	</Description>
	<Layout>
		<Page WIDTH="1070" HEIGHT="1795" PHYSICAL_IMG_NR="0" ID="page_0">
			<PrintSpace HPOS="0" VPOS="0" WIDTH="1070" HEIGHT="1795">
				<ComposedBlock ID="cblock_0" HPOS="163" VPOS="123" WIDTH="620" HEIGHT="26">
					<TextBlock ID="block_0" HPOS="163" VPOS="123" WIDTH="620" HEIGHT="26">
						<TextLine ID="line_0" HPOS="163" VPOS="123" WIDTH="620" HEIGHT="26">
							<String ID="string_0" HPOS="163" VPOS="123" WIDTH="55" HEIGHT="22" WC="0.96" CONTENT="1368"/><SP WIDTH="152" VPOS="123" HPOS="218"/>
							<String ID="string_1" HPOS="370" VPOS="128" WIDTH="181" HEIGHT="21" WC="0.91" CONTENT="Borgareståndet"/><SP WIDTH="11" VPOS="128" HPOS="551"/>
							<String ID="string_2" HPOS="562" VPOS="129" WIDTH="56" HEIGHT="18" WC="0.96" CONTENT="1877."/><SP WIDTH="24" VPOS="129" HPOS="618"/>
							<String ID="string_3" HPOS="642" VPOS="129" WIDTH="27" HEIGHT="17" WC="0.93" CONTENT="25"/><SP WIDTH="13" VPOS="129" HPOS="669"/>
							<String ID="string_4" HPOS="682" VPOS="129" WIDTH="101" HEIGHT="17" WC="0.96" CONTENT="Oktober."/>
						</TextLine>
					</TextBlock>
				</ComposedBlock>
				<GraphicalElement ID="cblock_1" HPOS="178" VPOS="155" WIDTH="812" HEIGHT="8"></GraphicalElement >
				<ComposedBlock ID="cblock_2" HPOS="161" VPOS="196" WIDTH="830" HEIGHT="51">
					<TextBlock ID="block_1" HPOS="161" VPOS="196" WIDTH="830" HEIGHT="51">
						<TextLine ID="line_1" HPOS="161" VPOS="196" WIDTH="830" HEIGHT="29">
							<String ID="string_5" HPOS="161" VPOS="197" WIDTH="42" HEIGHT="21" WC="0.91" CONTENT="blir"/><SP WIDTH="13" VPOS="197" HPOS="203"/>
							<String ID="string_6" HPOS="216" VPOS="196" WIDTH="72" HEIGHT="22" WC="0.91" CONTENT="-alltid"/><SP WIDTH="22" VPOS="196" HPOS="288"/>
							<String ID="string_7" HPOS="310" VPOS="199" WIDTH="32" HEIGHT="19" WC="0.96" CONTENT="att"/><SP WIDTH="22" VPOS="199" HPOS="342"/>
							<String ID="string_8" HPOS="364" VPOS="197" WIDTH="60" HEIGHT="21" WC="0.96" CONTENT="detta"/><SP WIDTH="20" VPOS="197" HPOS="424"/>
							<String ID="string_9" HPOS="444" VPOS="197" WIDTH="70" HEIGHT="26" WC="0.96" CONTENT="utslag"/><SP WIDTH="22" VPOS="197" HPOS="514"/>
							<String ID="string_10" HPOS="536" VPOS="197" WIDTH="43" HEIGHT="22" WC="0.93" CONTENT="kan"/><SP WIDTH="23" VPOS="197" HPOS="579"/>
							<String ID="string_11" HPOS="602" VPOS="198" WIDTH="77" HEIGHT="27" WC="0.93" CONTENT="dragas"/><SP WIDTH="18" VPOS="198" HPOS="679"/>
							<String ID="string_12" HPOS="697" VPOS="197" WIDTH="46" HEIGHT="21" WC="0.96" CONTENT="från"/><SP WIDTH="16" VPOS="197" HPOS="743"/>
							<String ID="string_13" HPOS="759" VPOS="197" WIDTH="80" HEIGHT="22" WC="0.96" CONTENT="instans"/><SP WIDTH="16" VPOS="197" HPOS="839"/>
							<String ID="string_14" HPOS="855" VPOS="197" WIDTH="31" HEIGHT="21" WC="0.96" CONTENT="till"/><SP WIDTH="16" VPOS="197" HPOS="886"/>
							<String ID="string_15" HPOS="902" VPOS="197" WIDTH="89" HEIGHT="26" WC="0.96" CONTENT="instans,"/>
						</TextLine>
						<TextLine ID="line_2" HPOS="162" VPOS="225" WIDTH="386" HEIGHT="22">
							<String ID="string_16" HPOS="162" VPOS="226" WIDTH="70" HEIGHT="21" WC="0.96" CONTENT="såsom"/><SP WIDTH="17" VPOS="226" HPOS="232"/>
							<String ID="string_17" HPOS="249" VPOS="225" WIDTH="33" HEIGHT="22" WC="0.96" CONTENT="för"/><SP WIDTH="16" VPOS="225" HPOS="282"/>
							<String ID="string_18" HPOS="298" VPOS="225" WIDTH="132" HEIGHT="22" WC="0.96" CONTENT="närvarande"/><SP WIDTH="14" VPOS="225" HPOS="430"/>
							<String ID="string_19" HPOS="444" VPOS="227" WIDTH="24" HEIGHT="20" WC="0.93" CONTENT="är"/><SP WIDTH="15" VPOS="227" HPOS="468"/>
							<String ID="string_20" HPOS="483" VPOS="225" WIDTH="65" HEIGHT="22" WC="0.93" CONTENT="fallet."/>
						</TextLine>
					</TextBlock>
				</ComposedBlock>
				<ComposedBlock ID="cblock_3" HPOS="162" VPOS="282" WIDTH="832" HEIGHT="307">
					<TextBlock ID="block_2" HPOS="162" VPOS="282" WIDTH="832" HEIGHT="307">
						<TextLine ID="line_3" HPOS="236" VPOS="282" WIDTH="755" HEIGHT="27">
							<String ID="string_21" HPOS="236" VPOS="282" WIDTH="56" HEIGHT="21" WC="0.92" CONTENT="Herr"/><SP WIDTH="16" VPOS="282" HPOS="292"/>
							<String ID="string_22" HPOS="308" VPOS="282" WIDTH="138" HEIGHT="21" WC="0.66" CONTENT="Höekert:"/><SP WIDTH="31" VPOS="282" HPOS="446"/>
							<String ID="string_23" HPOS="477" VPOS="283" WIDTH="46" HEIGHT="20" WC="0.96" CONTENT="Här"/><SP WIDTH="15" VPOS="283" HPOS="523"/>
							<String ID="string_24" HPOS="538" VPOS="285" WIDTH="24" HEIGHT="18" WC="0.93" CONTENT="är"/><SP WIDTH="15" VPOS="285" HPOS="562"/>
							<String ID="string_25" HPOS="577" VPOS="282" WIDTH="47" HEIGHT="22" WC="0.96" CONTENT="icke"/><SP WIDTH="15" VPOS="282" HPOS="624"/>
							<String ID="string_26" HPOS="639" VPOS="282" WIDTH="61" HEIGHT="27" WC="0.96" CONTENT="fråga"/><SP WIDTH="16" VPOS="282" HPOS="700"/>
							<String ID="string_27" HPOS="716" VPOS="289" WIDTH="33" HEIGHT="14" WC="0.93" CONTENT="om"/><SP WIDTH="17" VPOS="289" HPOS="749"/>
							<String ID="string_28" HPOS="766" VPOS="282" WIDTH="65" HEIGHT="27" WC="0.96" CONTENT="några"/><SP WIDTH="15" VPOS="282" HPOS="831"/>
							<String ID="string_29" HPOS="846" VPOS="282" WIDTH="76" HEIGHT="27" WC="0.95" CONTENT="utslag,"/><SP WIDTH="16" VPOS="282" HPOS="922"/>
							<String ID="string_30" HPOS="938" VPOS="284" WIDTH="53" HEIGHT="20" WC="0.96" CONTENT="utan"/>
						</TextLine>
						<TextLine ID="line_4" HPOS="162" VPOS="311" WIDTH="829" HEIGHT="26">
							<String ID="string_31" HPOS="162" VPOS="311" WIDTH="76" HEIGHT="20" WC="0.95" CONTENT="endast"/><SP WIDTH="24" VPOS="311" HPOS="238"/>
							<String ID="string_32" HPOS="262" VPOS="317" WIDTH="34" HEIGHT="15" WC="0.95" CONTENT="om"/><SP WIDTH="23" VPOS="317" HPOS="296"/>
							<String ID="string_33" HPOS="319" VPOS="313" WIDTH="31" HEIGHT="19" WC="0.93" CONTENT="ett"/><SP WIDTH="16" VPOS="313" HPOS="350"/>
							<String ID="string_34" HPOS="366" VPOS="311" WIDTH="64" HEIGHT="25" WC="0.93" CONTENT="bevis,"/><SP WIDTH="17" VPOS="311" HPOS="430"/>
							<String ID="string_35" HPOS="447" VPOS="317" WIDTH="46" HEIGHT="15" WC="0.93" CONTENT="som"/><SP WIDTH="15" VPOS="317" HPOS="493"/>
							<String ID="string_36" HPOS="508" VPOS="311" WIDTH="95" HEIGHT="22" WC="0.91" CONTENT="utfärdas"/><SP WIDTH="15" VPOS="311" HPOS="603"/>
							<String ID="string_37" HPOS="618" VPOS="317" WIDTH="26" HEIGHT="15" WC="0.93" CONTENT="ur"/><SP WIDTH="15" VPOS="317" HPOS="644"/>
							<String ID="string_38" HPOS="659" VPOS="311" WIDTH="136" HEIGHT="26" WC="0.92" CONTENT="protokollet,"/><SP WIDTH="16" VPOS="311" HPOS="795"/>
							<String ID="string_39" HPOS="811" VPOS="311" WIDTH="45" HEIGHT="26" WC="0.96" CONTENT="och,"/><SP WIDTH="16" VPOS="311" HPOS="856"/>
							<String ID="string_40" HPOS="872" VPOS="317" WIDTH="44" HEIGHT="15" WC="0.93" CONTENT="som"/><SP WIDTH="16" VPOS="317" HPOS="916"/>
							<String ID="string_41" HPOS="932" VPOS="311" WIDTH="59" HEIGHT="21" WC="0.92" CONTENT="inne-"/>
						</TextLine>
						<TextLine ID="line_5" HPOS="162" VPOS="339" WIDTH="830" HEIGHT="28">
							<String ID="string_42" HPOS="162" VPOS="339" WIDTH="69" HEIGHT="22" WC="0.91" CONTENT="häller"/><SP WIDTH="15" VPOS="339" HPOS="231"/>
							<String ID="string_43" HPOS="246" VPOS="341" WIDTH="33" HEIGHT="19" WC="0.96" CONTENT="att"/><SP WIDTH="17" VPOS="341" HPOS="279"/>
							<String ID="string_44" HPOS="296" VPOS="339" WIDTH="25" HEIGHT="22" WC="0.96" CONTENT="de"/><SP WIDTH="15" VPOS="339" HPOS="321"/>
							<String ID="string_45" HPOS="336" VPOS="339" WIDTH="39" HEIGHT="22" WC="0.96" CONTENT="och"/><SP WIDTH="17" VPOS="339" HPOS="375"/>
							<String ID="string_46" HPOS="392" VPOS="339" WIDTH="26" HEIGHT="21" WC="0.93" CONTENT="de"/><SP WIDTH="14" VPOS="339" HPOS="418"/>
							<String ID="string_47" HPOS="432" VPOS="346" WIDTH="94" HEIGHT="21" WC="0.91" CONTENT="pappren"/><SP WIDTH="17" VPOS="346" HPOS="526"/>
							<String ID="string_48" HPOS="543" VPOS="339" WIDTH="69" HEIGHT="22" WC="0.90" CONTENT="blifvit"/><SP WIDTH="17" VPOS="339" HPOS="612"/>
							<String ID="string_49" HPOS="629" VPOS="339" WIDTH="125" HEIGHT="22" WC="0.90" CONTENT="inlemnade."/><SP WIDTH="16" VPOS="339" HPOS="754"/>
							<String ID="string_50" HPOS="770" VPOS="339" WIDTH="41" HEIGHT="28" WC="0.93" CONTENT="Jag"/><SP WIDTH="15" VPOS="339" HPOS="811"/>
							<String ID="string_51" HPOS="826" VPOS="339" WIDTH="94" HEIGHT="22" WC="0.92" CONTENT="bemötte"/><SP WIDTH="14" VPOS="339" HPOS="920"/>
							<String ID="string_52" HPOS="934" VPOS="340" WIDTH="58" HEIGHT="21" WC="0.96" CONTENT="Herr"/>
						</TextLine>
						<TextLine ID="line_6" HPOS="163" VPOS="367" WIDTH="831" HEIGHT="28">
							<String ID="string_53" HPOS="163" VPOS="367" WIDTH="71" HEIGHT="28" WC="0.93" CONTENT="Bergh"/><SP WIDTH="24" VPOS="367" HPOS="234"/>
							<String ID="string_54" HPOS="258" VPOS="368" WIDTH="65" HEIGHT="21" WC="0.96" CONTENT="också"/><SP WIDTH="23" VPOS="368" HPOS="323"/>
							<String ID="string_55" HPOS="346" VPOS="368" WIDTH="75" HEIGHT="21" WC="0.58" CONTENT="endast"/><SP WIDTH="15" VPOS="368" HPOS="421"/>
							<String ID="string_56" HPOS="436" VPOS="369" WIDTH="6" HEIGHT="20" WC="0.96" CONTENT="i"/><SP WIDTH="16" VPOS="369" HPOS="442"/>
							<String ID="string_57" HPOS="458" VPOS="368" WIDTH="61" HEIGHT="27" WC="0.96" CONTENT="fråga"/><SP WIDTH="16" VPOS="368" HPOS="519"/>
							<String ID="string_58" HPOS="535" VPOS="375" WIDTH="33" HEIGHT="14" WC="0.96" CONTENT="om"/><SP WIDTH="17" VPOS="375" HPOS="568"/>
							<String ID="string_59" HPOS="585" VPOS="369" WIDTH="40" HEIGHT="21" WC="0.93" CONTENT="den"/><SP WIDTH="15" VPOS="369" HPOS="625"/>
							<String ID="string_60" HPOS="640" VPOS="368" WIDTH="110" HEIGHT="26" WC="0.96" CONTENT="skildring,"/><SP WIDTH="17" VPOS="368" HPOS="750"/>
							<String ID="string_61" HPOS="767" VPOS="367" WIDTH="41" HEIGHT="22" WC="0.93" CONTENT="han"/><SP WIDTH="16" VPOS="367" HPOS="808"/>
							<String ID="string_62" HPOS="824" VPOS="368" WIDTH="131" HEIGHT="21" WC="0.96" CONTENT="framställde"/><SP WIDTH="15" VPOS="368" HPOS="955"/>
							<String ID="string_63" HPOS="970" VPOS="368" WIDTH="24" HEIGHT="21" WC="0.97" CONTENT="af"/>
						</TextLine>
						<TextLine ID="line_7" HPOS="163" VPOS="396" WIDTH="828" HEIGHT="28">
							<String ID="string_64" HPOS="163" VPOS="397" WIDTH="26" HEIGHT="21" WC="0.93" CONTENT="de"/><SP WIDTH="16" VPOS="397" HPOS="189"/>
							<String ID="string_65" HPOS="205" VPOS="397" WIDTH="147" HEIGHT="25" WC="0.92" CONTENT="trakasserier,"/><SP WIDTH="16" VPOS="397" HPOS="352"/>
							<String ID="string_66" HPOS="368" VPOS="402" WIDTH="45" HEIGHT="16" WC="0.96" CONTENT="som"/><SP WIDTH="15" VPOS="402" HPOS="413"/>
							<String ID="string_67" HPOS="428" VPOS="396" WIDTH="23" HEIGHT="22" WC="0.93" CONTENT="af"/><SP WIDTH="12" VPOS="396" HPOS="451"/>
							<String ID="string_68" HPOS="463" VPOS="397" WIDTH="139" HEIGHT="27" WC="0.92" CONTENT="yrkesidkare"/><SP WIDTH="15" VPOS="397" HPOS="602"/>
							<String ID="string_69" HPOS="617" VPOS="397" WIDTH="71" HEIGHT="21" WC="0.93" CONTENT="kunde"/><SP WIDTH="16" VPOS="397" HPOS="688"/>
							<String ID="string_70" HPOS="704" VPOS="397" WIDTH="117" HEIGHT="27" WC="0.92" CONTENT="uppställas"/><SP WIDTH="15" VPOS="397" HPOS="821"/>
							<String ID="string_71" HPOS="836" VPOS="398" WIDTH="45" HEIGHT="20" WC="0.96" CONTENT="mot"/><SP WIDTH="16" VPOS="398" HPOS="881"/>
							<String ID="string_72" HPOS="897" VPOS="403" WIDTH="32" HEIGHT="19" WC="0.95" CONTENT="en,"/><SP WIDTH="16" VPOS="403" HPOS="929"/>
							<String ID="string_73" HPOS="945" VPOS="403" WIDTH="46" HEIGHT="15" WC="0.96" CONTENT="som"/>
						</TextLine>
						<TextLine ID="line_8" HPOS="162" VPOS="425" WIDTH="831" HEIGHT="27">
							<String ID="string_74" HPOS="162" VPOS="425" WIDTH="82" HEIGHT="21" WC="0.92" CONTENT="anmält"/><SP WIDTH="23" VPOS="425" HPOS="244"/>
							<String ID="string_75" HPOS="267" VPOS="426" WIDTH="33" HEIGHT="25" WC="0.96" CONTENT="sig"/><SP WIDTH="22" VPOS="426" HPOS="300"/>
							<String ID="string_76" HPOS="322" VPOS="427" WIDTH="32" HEIGHT="19" WC="0.93" CONTENT="att"/><SP WIDTH="23" VPOS="427" HPOS="354"/>
							<String ID="string_77" HPOS="377" VPOS="425" WIDTH="50" HEIGHT="21" WC="0.92" CONTENT="idka"/><SP WIDTH="22" VPOS="425" HPOS="427"/>
							<String ID="string_78" HPOS="449" VPOS="432" WIDTH="25" HEIGHT="14" WC="0.93" CONTENT="en"/><SP WIDTH="22" VPOS="432" HPOS="474"/>
							<String ID="string_79" HPOS="496" VPOS="426" WIDTH="81" HEIGHT="26" WC="0.92" CONTENT="näring."/><SP WIDTH="32" VPOS="426" HPOS="577"/>
							<String ID="string_80" HPOS="609" VPOS="426" WIDTH="49" HEIGHT="21" WC="0.93" CONTENT="Mitt"/><SP WIDTH="15" VPOS="426" HPOS="658"/>
							<String ID="string_81" HPOS="673" VPOS="426" WIDTH="127" HEIGHT="21" WC="0.92" CONTENT="bemötande"/><SP WIDTH="15" VPOS="426" HPOS="800"/>
							<String ID="string_82" HPOS="815" VPOS="425" WIDTH="60" HEIGHT="27" WC="0.92" CONTENT="afsäg"/><SP WIDTH="14" VPOS="425" HPOS="875"/>
							<String ID="string_83" HPOS="889" VPOS="425" WIDTH="40" HEIGHT="21" WC="0.93" CONTENT="alls"/><SP WIDTH="15" VPOS="425" HPOS="929"/>
							<String ID="string_84" HPOS="944" VPOS="426" WIDTH="49" HEIGHT="20" WC="0.92" CONTENT="icke"/>
						</TextLine>
						<TextLine ID="line_9" HPOS="163" VPOS="453" WIDTH="829" HEIGHT="28">
							<String ID="string_85" HPOS="163" VPOS="454" WIDTH="36" HEIGHT="21" WC="0.96" CONTENT="det"/><SP WIDTH="24" VPOS="454" HPOS="199"/>
							<String ID="string_86" HPOS="223" VPOS="453" WIDTH="44" HEIGHT="26" WC="0.96" CONTENT="fall,"/><SP WIDTH="24" VPOS="453" HPOS="267"/>
							<String ID="string_87" HPOS="291" VPOS="459" WIDTH="44" HEIGHT="16" WC="0.96" CONTENT="som"/><SP WIDTH="24" VPOS="459" HPOS="335"/>
							<String ID="string_88" HPOS="359" VPOS="454" WIDTH="56" HEIGHT="21" WC="0.96" CONTENT="Herr"/><SP WIDTH="22" VPOS="454" HPOS="415"/>
							<String ID="string_89" HPOS="437" VPOS="453" WIDTH="71" HEIGHT="28" WC="0.96" CONTENT="Bergh"/><SP WIDTH="15" VPOS="453" HPOS="508"/>
							<String ID="string_90" HPOS="523" VPOS="454" WIDTH="66" HEIGHT="21" WC="0.93" CONTENT="sedan"/><SP WIDTH="16" VPOS="454" HPOS="589"/>
							<String ID="string_91" HPOS="605" VPOS="453" WIDTH="110" HEIGHT="27" WC="0.92" CONTENT="behagade"/><SP WIDTH="15" VPOS="453" HPOS="715"/>
							<String ID="string_92" HPOS="730" VPOS="453" WIDTH="81" HEIGHT="22" WC="0.91" CONTENT="anföra."/><SP WIDTH="32" VPOS="453" HPOS="811"/>
							<String ID="string_93" HPOS="843" VPOS="453" WIDTH="48" HEIGHT="22" WC="0.93" CONTENT="Men"/><SP WIDTH="17" VPOS="453" HPOS="891"/>
							<String ID="string_94" HPOS="908" VPOS="453" WIDTH="61" HEIGHT="22" WC="0.91" CONTENT="äfven"/><SP WIDTH="16" VPOS="453" HPOS="969"/>
							<String ID="string_95" HPOS="985" VPOS="454" WIDTH="7" HEIGHT="20" WC="0.96" CONTENT="i"/>
						</TextLine>
						<TextLine ID="line_10" HPOS="164" VPOS="481" WIDTH="828" HEIGHT="28">
							<String ID="string_96" HPOS="164" VPOS="482" WIDTH="71" HEIGHT="21" WC="0.96" CONTENT="denna"/><SP WIDTH="23" VPOS="482" HPOS="235"/>
							<String ID="string_97" HPOS="258" VPOS="483" WIDTH="34" HEIGHT="20" WC="0.93" CONTENT="del"/><SP WIDTH="24" VPOS="483" HPOS="292"/>
							<String ID="string_98" HPOS="316" VPOS="485" WIDTH="45" HEIGHT="18" WC="0.92" CONTENT="tror"/><SP WIDTH="20" VPOS="485" HPOS="361"/>
							<String ID="string_99" HPOS="381" VPOS="483" WIDTH="37" HEIGHT="26" WC="0.93" CONTENT="jag"/><SP WIDTH="22" VPOS="483" HPOS="418"/>
							<String ID="string_100" HPOS="440" VPOS="482" WIDTH="46" HEIGHT="21" WC="0.96" CONTENT="icke"/><SP WIDTH="16" VPOS="482" HPOS="486"/>
							<String ID="string_101" HPOS="502" VPOS="485" WIDTH="32" HEIGHT="19" WC="0.93" CONTENT="att"/><SP WIDTH="16" VPOS="485" HPOS="534"/>
							<String ID="string_102" HPOS="550" VPOS="483" WIDTH="142" HEIGHT="21" WC="0.96" CONTENT="förhållandet"/><SP WIDTH="15" VPOS="483" HPOS="692"/>
							<String ID="string_103" HPOS="707" VPOS="483" WIDTH="84" HEIGHT="20" WC="0.96" CONTENT="komme"/><SP WIDTH="16" VPOS="483" HPOS="791"/>
							<String ID="string_104" HPOS="807" VPOS="484" WIDTH="32" HEIGHT="19" WC="0.93" CONTENT="att"/><SP WIDTH="15" VPOS="484" HPOS="839"/>
							<String ID="string_105" HPOS="854" VPOS="481" WIDTH="91" HEIGHT="28" WC="0.96" CONTENT="gestalta"/><SP WIDTH="16" VPOS="481" HPOS="945"/>
							<String ID="string_106" HPOS="961" VPOS="483" WIDTH="31" HEIGHT="25" WC="0.97" CONTENT="sig"/>
						</TextLine>
						<TextLine ID="line_11" HPOS="163" VPOS="511" WIDTH="829" HEIGHT="27">
							<String ID="string_107" HPOS="163" VPOS="511" WIDTH="31" HEIGHT="24" WC="0.96" CONTENT="sä,"/><SP WIDTH="16" VPOS="511" HPOS="194"/>
							<String ID="string_108" HPOS="210" VPOS="513" WIDTH="52" HEIGHT="18" WC="0.96" CONTENT="utan"/><SP WIDTH="17" VPOS="513" HPOS="262"/>
							<String ID="string_109" HPOS="279" VPOS="511" WIDTH="23" HEIGHT="20" WC="0.96" CONTENT="sä"/><SP WIDTH="15" VPOS="511" HPOS="302"/>
							<String ID="string_110" HPOS="317" VPOS="514" WIDTH="60" HEIGHT="18" WC="0.93" CONTENT="snart"/><SP WIDTH="15" VPOS="514" HPOS="377"/>
							<String ID="string_111" HPOS="392" VPOS="511" WIDTH="98" HEIGHT="21" WC="0.92" CONTENT="anmälan"/><SP WIDTH="16" VPOS="511" HPOS="490"/>
							<String ID="string_112" HPOS="506" VPOS="513" WIDTH="23" HEIGHT="19" WC="0.93" CONTENT="är"/><SP WIDTH="16" VPOS="513" HPOS="529"/>
							<String ID="string_113" HPOS="545" VPOS="511" WIDTH="61" HEIGHT="27" WC="0.92" CONTENT="gjord"/><SP WIDTH="16" VPOS="511" HPOS="606"/>
							<String ID="string_114" HPOS="622" VPOS="511" WIDTH="61" HEIGHT="21" WC="0.96" CONTENT="torde"/><SP WIDTH="16" VPOS="511" HPOS="683"/>
							<String ID="string_115" HPOS="699" VPOS="511" WIDTH="40" HEIGHT="21" WC="0.96" CONTENT="den"/><SP WIDTH="12" VPOS="511" HPOS="739"/>
							<String ID="string_116" HPOS="751" VPOS="511" WIDTH="94" HEIGHT="21" WC="0.96" CONTENT="sökande"/><SP WIDTH="13" VPOS="511" HPOS="845"/>
							<String ID="string_117" HPOS="858" VPOS="511" WIDTH="70" HEIGHT="21" WC="0.93" CONTENT="kunna"/><SP WIDTH="13" VPOS="511" HPOS="928"/>
							<String ID="string_118" HPOS="941" VPOS="511" WIDTH="51" HEIGHT="26" WC="0.92" CONTENT="opä-"/>
						</TextLine>
						<TextLine ID="line_12" HPOS="165" VPOS="539" WIDTH="829" HEIGHT="27">
							<String ID="string_119" HPOS="165" VPOS="539" WIDTH="40" HEIGHT="21" WC="0.90" CONTENT="talt"/><SP WIDTH="16" VPOS="539" HPOS="205"/>
							<String ID="string_120" HPOS="221" VPOS="539" WIDTH="21" HEIGHT="21" WC="0.90" CONTENT="fä"/><SP WIDTH="17" VPOS="539" HPOS="242"/>
							<String ID="string_121" HPOS="259" VPOS="539" WIDTH="59" HEIGHT="27" WC="0.96" CONTENT="börja"/><SP WIDTH="16" VPOS="539" HPOS="318"/>
							<String ID="string_122" HPOS="334" VPOS="539" WIDTH="31" HEIGHT="21" WC="0.93" CONTENT="sin"/><SP WIDTH="17" VPOS="539" HPOS="365"/>
							<String ID="string_123" HPOS="382" VPOS="540" WIDTH="79" HEIGHT="26" WC="0.93" CONTENT="näring,"/><SP WIDTH="17" VPOS="540" HPOS="461"/>
							<String ID="string_124" HPOS="478" VPOS="539" WIDTH="119" HEIGHT="22" WC="0.92" CONTENT="oberoende"/><SP WIDTH="16" VPOS="539" HPOS="597"/>
							<String ID="string_125" HPOS="613" VPOS="540" WIDTH="22" HEIGHT="21" WC="0.96" CONTENT="af"/><SP WIDTH="15" VPOS="540" HPOS="635"/>
							<String ID="string_126" HPOS="650" VPOS="546" WIDTH="33" HEIGHT="15" WC="0.92" CONTENT="om"/><SP WIDTH="11" VPOS="546" HPOS="683"/>
							<String ID="string_127" HPOS="694" VPOS="540" WIDTH="64" HEIGHT="21" WC="0.92" CONTENT="aktor"/><SP WIDTH="10" VPOS="540" HPOS="758"/>
							<String ID="string_128" HPOS="768" VPOS="540" WIDTH="51" HEIGHT="21" WC="0.96" CONTENT="eller"/><SP WIDTH="12" VPOS="540" HPOS="819"/>
							<String ID="string_129" HPOS="831" VPOS="539" WIDTH="66" HEIGHT="21" WC="0.96" CONTENT="andra"/><SP WIDTH="10" VPOS="539" HPOS="897"/>
							<String ID="string_130" HPOS="907" VPOS="539" WIDTH="87" HEIGHT="21" WC="0.96" CONTENT="komma"/>
						</TextLine>
						<TextLine ID="line_13" HPOS="164" VPOS="567" WIDTH="288" HEIGHT="22">
							<String ID="string_131" HPOS="164" VPOS="569" WIDTH="32" HEIGHT="20" WC="0.96" CONTENT="att"/><SP WIDTH="16" VPOS="569" HPOS="196"/>
							<String ID="string_132" HPOS="212" VPOS="567" WIDTH="54" HEIGHT="22" WC="0.96" CONTENT="söka"/><SP WIDTH="15" VPOS="567" HPOS="266"/>
							<String ID="string_133" HPOS="281" VPOS="567" WIDTH="74" HEIGHT="22" WC="0.96" CONTENT="anföra"/><SP WIDTH="17" VPOS="567" HPOS="355"/>
							<String ID="string_134" HPOS="372" VPOS="567" WIDTH="80" HEIGHT="22" WC="0.93" CONTENT="besvär."/>
						</TextLine>
					</TextBlock>
				</ComposedBlock>
				<ComposedBlock ID="cblock_4" HPOS="164" VPOS="625" WIDTH="832" HEIGHT="112">
					<TextBlock ID="block_3" HPOS="164" VPOS="625" WIDTH="832" HEIGHT="112">
						<TextLine ID="line_14" HPOS="234" VPOS="625" WIDTH="758" HEIGHT="26">
							<String ID="string_135" HPOS="234" VPOS="625" WIDTH="35" HEIGHT="20" WC="0.91" CONTENT="Dä"/><SP WIDTH="21" VPOS="625" HPOS="269"/>
							<String ID="string_136" HPOS="290" VPOS="625" WIDTH="62" HEIGHT="26" WC="0.94" CONTENT="ingen"/><SP WIDTH="21" VPOS="625" HPOS="352"/>
							<String ID="string_137" HPOS="373" VPOS="625" WIDTH="71" HEIGHT="21" WC="0.96" CONTENT="vidare"/><SP WIDTH="16" VPOS="625" HPOS="444"/>
							<String ID="string_138" HPOS="460" VPOS="625" WIDTH="54" HEIGHT="21" WC="0.93" CONTENT="hade"/><SP WIDTH="16" VPOS="625" HPOS="514"/>
							<String ID="string_139" HPOS="530" VPOS="625" WIDTH="76" HEIGHT="26" WC="0.92" CONTENT="begärt"/><SP WIDTH="15" VPOS="625" HPOS="606"/>
							<String ID="string_140" HPOS="621" VPOS="625" WIDTH="61" HEIGHT="21" WC="0.92" CONTENT="ordet"/><SP WIDTH="16" VPOS="625" HPOS="682"/>
							<String ID="string_141" HPOS="698" VPOS="625" WIDTH="131" HEIGHT="21" WC="0.92" CONTENT="förklarades"/><SP WIDTH="16" VPOS="625" HPOS="829"/>
							<String ID="string_142" HPOS="845" VPOS="625" WIDTH="147" HEIGHT="21" WC="0.92" CONTENT="diskussionen"/>
						</TextLine>
						<TextLine ID="line_15" HPOS="166" VPOS="653" WIDTH="830" HEIGHT="26">
							<String ID="string_143" HPOS="166" VPOS="653" WIDTH="95" HEIGHT="21" WC="0.92" CONTENT="afslutad"/><SP WIDTH="24" VPOS="653" HPOS="261"/>
							<String ID="string_144" HPOS="285" VPOS="653" WIDTH="38" HEIGHT="21" WC="0.96" CONTENT="och"/><SP WIDTH="25" VPOS="653" HPOS="323"/>
							<String ID="string_145" HPOS="348" VPOS="654" WIDTH="54" HEIGHT="20" WC="0.93" CONTENT="Herr"/><SP WIDTH="20" VPOS="654" HPOS="402"/>
							<String ID="string_146" HPOS="422" VPOS="653" WIDTH="177" HEIGHT="22" WC="0.92" CONTENT="Talmannen"/><SP WIDTH="23" VPOS="653" HPOS="599"/>
							<String ID="string_147" HPOS="622" VPOS="653" WIDTH="139" HEIGHT="24" WC="0.91" CONTENT="framställde,"/><SP WIDTH="20" VPOS="653" HPOS="761"/>
							<String ID="string_148" HPOS="781" VPOS="653" WIDTH="46" HEIGHT="21" WC="0.93" CONTENT="med"/><SP WIDTH="16" VPOS="653" HPOS="827"/>
							<String ID="string_149" HPOS="843" VPOS="653" WIDTH="113" HEIGHT="26" WC="0.92" CONTENT="anledning"/><SP WIDTH="16" VPOS="653" HPOS="956"/>
							<String ID="string_150" HPOS="972" VPOS="653" WIDTH="24" HEIGHT="21" WC="0.96" CONTENT="af"/>
						</TextLine>
						<TextLine ID="line_16" HPOS="165" VPOS="681" WIDTH="829" HEIGHT="27">
							<String ID="string_151" HPOS="165" VPOS="682" WIDTH="26" HEIGHT="21" WC="0.96" CONTENT="de"/><SP WIDTH="16" VPOS="682" HPOS="191"/>
							<String ID="string_152" HPOS="207" VPOS="682" WIDTH="68" HEIGHT="21" WC="0.93" CONTENT="under"/><SP WIDTH="17" VPOS="682" HPOS="275"/>
							<String ID="string_153" HPOS="292" VPOS="683" WIDTH="122" HEIGHT="20" WC="0.92" CONTENT="densamma"/><SP WIDTH="15" VPOS="683" HPOS="414"/>
							<String ID="string_154" HPOS="429" VPOS="681" WIDTH="132" HEIGHT="22" WC="0.93" CONTENT="framställda"/><SP WIDTH="16" VPOS="681" HPOS="561"/>
							<String ID="string_155" HPOS="577" VPOS="682" WIDTH="56" HEIGHT="21" WC="0.96" CONTENT="olika"/><SP WIDTH="16" VPOS="682" HPOS="633"/>
							<String ID="string_156" HPOS="649" VPOS="682" WIDTH="87" HEIGHT="26" WC="0.96" CONTENT="förslag,"/><SP WIDTH="16" VPOS="682" HPOS="736"/>
							<String ID="string_157" HPOS="752" VPOS="682" WIDTH="32" HEIGHT="21" WC="0.93" CONTENT="till"/><SP WIDTH="16" VPOS="682" HPOS="784"/>
							<String ID="string_158" HPOS="800" VPOS="682" WIDTH="89" HEIGHT="21" WC="0.93" CONTENT="Ständet"/><SP WIDTH="11" VPOS="682" HPOS="889"/>
							<String ID="string_159" HPOS="900" VPOS="681" WIDTH="94" HEIGHT="27" WC="0.96" CONTENT="följande"/>
						</TextLine>
						<TextLine ID="line_17" HPOS="164" VPOS="710" WIDTH="164" HEIGHT="27">
							<String ID="string_160" HPOS="164" VPOS="710" WIDTH="164" HEIGHT="27" WC="0.91" CONTENT="propositioner."/>
						</TextLine>
					</TextBlock>
				</ComposedBlock>
				<ComposedBlock ID="cblock_5" HPOS="164" VPOS="767" WIDTH="830" HEIGHT="113">
					<TextBlock ID="block_4" HPOS="164" VPOS="767" WIDTH="830" HEIGHT="113">
						<TextLine ID="line_18" HPOS="235" VPOS="767" WIDTH="759" HEIGHT="27">
							<String ID="string_161" HPOS="235" VPOS="767" WIDTH="173" HEIGHT="27" WC="0.95" CONTENT="Proposition"/><SP WIDTH="24" VPOS="767" HPOS="408"/>
							<String ID="string_162" HPOS="432" VPOS="768" WIDTH="46" HEIGHT="21" WC="0.96" CONTENT="N:o"/><SP WIDTH="30" VPOS="768" HPOS="478"/>
							<String ID="string_163" HPOS="508" VPOS="769" WIDTH="23" HEIGHT="19" WC="0.96" CONTENT="1:"/><SP WIDTH="31" VPOS="769" HPOS="531"/>
							<String ID="string_164" HPOS="562" VPOS="767" WIDTH="38" HEIGHT="25" WC="0.96" CONTENT="De,"/><SP WIDTH="29" VPOS="767" HPOS="600"/>
							<String ID="string_165" HPOS="629" VPOS="774" WIDTH="45" HEIGHT="14" WC="0.96" CONTENT="som"/><SP WIDTH="23" VPOS="774" HPOS="674"/>
							<String ID="string_166" HPOS="697" VPOS="767" WIDTH="51" HEIGHT="26" WC="0.93" CONTENT="vilja"/><SP WIDTH="26" VPOS="767" HPOS="748"/>
							<String ID="string_167" HPOS="774" VPOS="767" WIDTH="82" HEIGHT="22" WC="0.96" CONTENT="direkte"/><SP WIDTH="25" VPOS="767" HPOS="856"/>
							<String ID="string_168" HPOS="881" VPOS="767" WIDTH="113" HEIGHT="26" WC="0.96" CONTENT="godkänna"/>
						</TextLine>
						<TextLine ID="line_19" HPOS="165" VPOS="795" WIDTH="829" HEIGHT="28">
							<String ID="string_169" HPOS="165" VPOS="802" WIDTH="65" HEIGHT="15" WC="0.95" CONTENT="mom."/><SP WIDTH="25" VPOS="802" HPOS="230"/>
							<String ID="string_170" HPOS="255" VPOS="797" WIDTH="11" HEIGHT="20" WC="0.94" CONTENT="3"/><SP WIDTH="24" VPOS="797" HPOS="266"/>
							<String ID="string_171" HPOS="290" VPOS="797" WIDTH="6" HEIGHT="19" WC="0.93" CONTENT="i"/><SP WIDTH="24" VPOS="797" HPOS="296"/>
							<String ID="string_172" HPOS="320" VPOS="797" WIDTH="11" HEIGHT="26" WC="0.93" CONTENT="$"/><SP WIDTH="17" VPOS="797" HPOS="331"/>
							<String ID="string_173" HPOS="348" VPOS="796" WIDTH="19" HEIGHT="24" WC="0.93" CONTENT="2,"/><SP WIDTH="16" VPOS="796" HPOS="367"/>
							<String ID="string_174" HPOS="383" VPOS="803" WIDTH="61" HEIGHT="14" WC="0.89" CONTENT="svara"/><SP WIDTH="13" VPOS="803" HPOS="444"/>
							<String ID="string_175" HPOS="457" VPOS="796" WIDTH="39" HEIGHT="27" WC="0.93" CONTENT="ja;"/><SP WIDTH="18" VPOS="796" HPOS="496"/>
							<String ID="string_176" HPOS="514" VPOS="796" WIDTH="73" HEIGHT="21" WC="0.91" CONTENT="vinner"/><SP WIDTH="16" VPOS="796" HPOS="587"/>
							<String ID="string_177" HPOS="603" VPOS="796" WIDTH="49" HEIGHT="27" WC="0.96" CONTENT="nej,"/><SP WIDTH="16" VPOS="796" HPOS="652"/>
							<String ID="string_178" HPOS="668" VPOS="796" WIDTH="96" HEIGHT="21" WC="0.96" CONTENT="kommer"/><SP WIDTH="16" VPOS="796" HPOS="764"/>
							<String ID="string_179" HPOS="780" VPOS="795" WIDTH="103" HEIGHT="22" WC="0.93" CONTENT="särskilda"/><SP WIDTH="16" VPOS="795" HPOS="883"/>
							<String ID="string_180" HPOS="899" VPOS="795" WIDTH="95" HEIGHT="27" WC="0.92" CONTENT="proposi-"/>
						</TextLine>
						<TextLine ID="line_20" HPOS="165" VPOS="824" WIDTH="828" HEIGHT="27">
							<String ID="string_181" HPOS="165" VPOS="824" WIDTH="71" HEIGHT="21" WC="0.96" CONTENT="tioner"/><SP WIDTH="23" VPOS="824" HPOS="236"/>
							<String ID="string_182" HPOS="259" VPOS="827" WIDTH="33" HEIGHT="19" WC="0.93" CONTENT="att"/><SP WIDTH="22" VPOS="827" HPOS="292"/>
							<String ID="string_183" HPOS="314" VPOS="825" WIDTH="128" HEIGHT="21" WC="0.95" CONTENT="framställas"/><SP WIDTH="23" VPOS="825" HPOS="442"/>
							<String ID="string_184" HPOS="465" VPOS="825" WIDTH="47" HEIGHT="21" WC="0.93" CONTENT="med"/><SP WIDTH="24" VPOS="825" HPOS="512"/>
							<String ID="string_185" HPOS="536" VPOS="825" WIDTH="114" HEIGHT="26" WC="0.95" CONTENT="anledning"/><SP WIDTH="22" VPOS="825" HPOS="650"/>
							<String ID="string_186" HPOS="672" VPOS="825" WIDTH="23" HEIGHT="21" WC="0.96" CONTENT="af"/><SP WIDTH="21" VPOS="825" HPOS="695"/>
							<String ID="string_187" HPOS="716" VPOS="825" WIDTH="27" HEIGHT="21" WC="0.96" CONTENT="de"/><SP WIDTH="22" VPOS="825" HPOS="743"/>
							<String ID="string_188" HPOS="765" VPOS="825" WIDTH="67" HEIGHT="20" WC="0.93" CONTENT="under"/><SP WIDTH="15" VPOS="825" HPOS="832"/>
							<String ID="string_189" HPOS="847" VPOS="824" WIDTH="146" HEIGHT="21" WC="0.96" CONTENT="diskussionen"/>
						</TextLine>
						<TextLine ID="line_21" HPOS="164" VPOS="853" WIDTH="221" HEIGHT="27">
							<String ID="string_190" HPOS="164" VPOS="853" WIDTH="78" HEIGHT="27" WC="0.91" CONTENT="gjorda"/><SP WIDTH="14" VPOS="853" HPOS="242"/>
							<String ID="string_191" HPOS="256" VPOS="853" WIDTH="129" HEIGHT="27" WC="0.92" CONTENT="yrkandena."/>
						</TextLine>
					</TextBlock>
				</ComposedBlock>
				<ComposedBlock ID="cblock_6" HPOS="164" VPOS="909" WIDTH="830" HEIGHT="56">
					<TextBlock ID="block_5" HPOS="164" VPOS="909" WIDTH="830" HEIGHT="56">
						<TextLine ID="line_22" HPOS="235" VPOS="909" WIDTH="759" HEIGHT="28">
							<String ID="string_192" HPOS="235" VPOS="910" WIDTH="164" HEIGHT="27" WC="0.96" CONTENT="Propositionen"/><SP WIDTH="15" VPOS="910" HPOS="399"/>
							<String ID="string_193" HPOS="414" VPOS="910" WIDTH="127" HEIGHT="22" WC="0.96" CONTENT="besvarades"/><SP WIDTH="16" VPOS="910" HPOS="541"/>
							<String ID="string_194" HPOS="557" VPOS="911" WIDTH="33" HEIGHT="20" WC="0.93" CONTENT="vid"/><SP WIDTH="17" VPOS="911" HPOS="590"/>
							<String ID="string_195" HPOS="607" VPOS="910" WIDTH="92" HEIGHT="21" WC="0.95" CONTENT="anställd"/><SP WIDTH="16" VPOS="910" HPOS="699"/>
							<String ID="string_196" HPOS="715" VPOS="909" WIDTH="132" HEIGHT="28" WC="0.96" CONTENT="omröstning"/><SP WIDTH="16" VPOS="909" HPOS="847"/>
							<String ID="string_197" HPOS="863" VPOS="909" WIDTH="48" HEIGHT="22" WC="0.97" CONTENT="med"/><SP WIDTH="15" VPOS="909" HPOS="911"/>
							<String ID="string_198" HPOS="926" VPOS="905" WIDTH="24" HEIGHT="37" WC="0.95" CONTENT="18"/><SP WIDTH="-6" VPOS="905" HPOS="950"/>
							<String ID="string_199" HPOS="944" VPOS="910" WIDTH="50" HEIGHT="26" WC="0.95" CONTENT="ja"/>
						</TextLine>
						<TextLine ID="line_23" HPOS="164" VPOS="939" WIDTH="158" HEIGHT="26">
							<String ID="string_200" HPOS="164" VPOS="939" WIDTH="40" HEIGHT="21" WC="0.95" CONTENT="och"/><SP WIDTH="17" VPOS="939" HPOS="204"/>
							<String ID="string_201" HPOS="221" VPOS="940" WIDTH="33" HEIGHT="20" WC="0.96" CONTENT="22"/><SP WIDTH="18" VPOS="940" HPOS="254"/>
							<String ID="string_202" HPOS="272" VPOS="939" WIDTH="50" HEIGHT="26" WC="0.94" CONTENT="nej."/>
						</TextLine>
					</TextBlock>
				</ComposedBlock>
				<ComposedBlock ID="cblock_7" HPOS="164" VPOS="995" WIDTH="831" HEIGHT="142">
					<TextBlock ID="block_6" HPOS="164" VPOS="995" WIDTH="831" HEIGHT="142">
						<TextLine ID="line_24" HPOS="237" VPOS="995" WIDTH="757" HEIGHT="27">
							<String ID="string_203" HPOS="237" VPOS="995" WIDTH="171" HEIGHT="27" WC="0.92" CONTENT="Proposition"/><SP WIDTH="23" VPOS="995" HPOS="408"/>
							<String ID="string_204" HPOS="431" VPOS="995" WIDTH="46" HEIGHT="22" WC="0.95" CONTENT="N:o"/><SP WIDTH="25" VPOS="995" HPOS="477"/>
							<String ID="string_205" HPOS="502" VPOS="997" WIDTH="22" HEIGHT="20" WC="0.90" CONTENT="2:"/><SP WIDTH="31" VPOS="997" HPOS="524"/>
							<String ID="string_206" HPOS="555" VPOS="996" WIDTH="43" HEIGHT="21" WC="0.89" CONTENT="Vill"/><SP WIDTH="23" VPOS="996" HPOS="598"/>
							<String ID="string_207" HPOS="621" VPOS="995" WIDTH="180" HEIGHT="27" WC="0.91" CONTENT="Borgareständet"/><SP WIDTH="23" VPOS="995" HPOS="801"/>
							<String ID="string_208" HPOS="824" VPOS="997" WIDTH="32" HEIGHT="19" WC="0.96" CONTENT="att"/><SP WIDTH="19" VPOS="997" HPOS="856"/>
							<String ID="string_209" HPOS="875" VPOS="995" WIDTH="59" HEIGHT="21" WC="0.93" CONTENT="detta"/><SP WIDTH="15" VPOS="995" HPOS="934"/>
							<String ID="string_210" HPOS="949" VPOS="1001" WIDTH="45" HEIGHT="15" WC="0.92" CONTENT="mo-"/>
						</TextLine>
						<TextLine ID="line_25" HPOS="164" VPOS="1023" WIDTH="831" HEIGHT="28">
							<String ID="string_211" HPOS="164" VPOS="1026" WIDTH="60" HEIGHT="19" WC="0.92" CONTENT="mont"/><SP WIDTH="16" VPOS="1026" HPOS="224"/>
							<String ID="string_212" HPOS="240" VPOS="1024" WIDTH="61" HEIGHT="25" WC="0.96" CONTENT="skall,"/><SP WIDTH="15" VPOS="1024" HPOS="301"/>
							<String ID="string_213" HPOS="316" VPOS="1025" WIDTH="27" HEIGHT="26" WC="0.97" CONTENT="pä"/><SP WIDTH="15" VPOS="1025" HPOS="343"/>
							<String ID="string_214" HPOS="358" VPOS="1026" WIDTH="44" HEIGHT="19" WC="0.93" CONTENT="sätt"/><SP WIDTH="14" VPOS="1026" HPOS="402"/>
							<String ID="string_215" HPOS="416" VPOS="1024" WIDTH="111" HEIGHT="22" WC="0.93" CONTENT="Utskottet"/><SP WIDTH="16" VPOS="1024" HPOS="527"/>
							<String ID="string_216" HPOS="543" VPOS="1025" WIDTH="115" HEIGHT="26" WC="0.93" CONTENT="föreslagit,"/><SP WIDTH="16" VPOS="1025" HPOS="658"/>
							<String ID="string_217" HPOS="674" VPOS="1024" WIDTH="82" HEIGHT="21" WC="0.92" CONTENT="inledas"/><SP WIDTH="16" VPOS="1024" HPOS="756"/>
							<String ID="string_218" HPOS="772" VPOS="1023" WIDTH="47" HEIGHT="22" WC="0.93" CONTENT="med"/><SP WIDTH="12" VPOS="1023" HPOS="819"/>
							<String ID="string_219" HPOS="831" VPOS="1024" WIDTH="65" HEIGHT="21" WC="0.93" CONTENT="orden"/><SP WIDTH="14" VPOS="1024" HPOS="896"/>
							<String ID="string_220" HPOS="910" VPOS="1025" WIDTH="37" HEIGHT="24" WC="0.91" CONTENT=",är"/><SP WIDTH="10" VPOS="1025" HPOS="947"/>
							<String ID="string_221" HPOS="957" VPOS="1024" WIDTH="38" HEIGHT="21" WC="0.91" CONTENT="det"/>
						</TextLine>
						<TextLine ID="line_26" HPOS="164" VPOS="1052" WIDTH="828" HEIGHT="28">
							<String ID="string_222" HPOS="164" VPOS="1053" WIDTH="81" HEIGHT="26" WC="0.90" CONTENT="bolag&quot;."/><SP WIDTH="31" VPOS="1053" HPOS="245"/>
							<String ID="string_223" HPOS="276" VPOS="1053" WIDTH="45" HEIGHT="20" WC="0.96" CONTENT="Den"/><SP WIDTH="25" VPOS="1053" HPOS="321"/>
							<String ID="string_224" HPOS="346" VPOS="1053" WIDTH="36" HEIGHT="21" WC="0.96" CONTENT="det"/><SP WIDTH="21" VPOS="1053" HPOS="382"/>
							<String ID="string_225" HPOS="403" VPOS="1053" WIDTH="43" HEIGHT="26" WC="0.93" CONTENT="vill,"/><SP WIDTH="23" VPOS="1053" HPOS="446"/>
							<String ID="string_226" HPOS="469" VPOS="1059" WIDTH="73" HEIGHT="15" WC="0.95" CONTENT="svarar"/><SP WIDTH="20" VPOS="1059" HPOS="542"/>
							<String ID="string_227" HPOS="562" VPOS="1053" WIDTH="32" HEIGHT="27" WC="0.96" CONTENT="ja,"/><SP WIDTH="24" VPOS="1053" HPOS="594"/>
							<String ID="string_228" HPOS="618" VPOS="1054" WIDTH="40" HEIGHT="20" WC="0.96" CONTENT="den"/><SP WIDTH="24" VPOS="1054" HPOS="658"/>
							<String ID="string_229" HPOS="682" VPOS="1053" WIDTH="35" HEIGHT="21" WC="0.93" CONTENT="det"/><SP WIDTH="15" VPOS="1053" HPOS="717"/>
							<String ID="string_230" HPOS="732" VPOS="1053" WIDTH="47" HEIGHT="21" WC="0.96" CONTENT="icke"/><SP WIDTH="16" VPOS="1053" HPOS="779"/>
							<String ID="string_231" HPOS="795" VPOS="1052" WIDTH="41" HEIGHT="25" WC="0.93" CONTENT="vill,"/><SP WIDTH="17" VPOS="1052" HPOS="836"/>
							<String ID="string_232" HPOS="853" VPOS="1058" WIDTH="71" HEIGHT="15" WC="0.96" CONTENT="svarar"/><SP WIDTH="16" VPOS="1058" HPOS="924"/>
							<String ID="string_233" HPOS="940" VPOS="1053" WIDTH="52" HEIGHT="25" WC="0.89" CONTENT="nej."/>
						</TextLine>
						<TextLine ID="line_27" HPOS="164" VPOS="1080" WIDTH="831" HEIGHT="28">
							<String ID="string_234" HPOS="164" VPOS="1081" WIDTH="82" HEIGHT="21" WC="0.96" CONTENT="Vinner"/><SP WIDTH="24" VPOS="1081" HPOS="246"/>
							<String ID="string_235" HPOS="270" VPOS="1081" WIDTH="41" HEIGHT="27" WC="0.95" CONTENT="nej,"/><SP WIDTH="16" VPOS="1081" HPOS="311"/>
							<String ID="string_236" HPOS="327" VPOS="1087" WIDTH="62" HEIGHT="15" WC="0.93" CONTENT="anses"/><SP WIDTH="15" VPOS="1087" HPOS="389"/>
							<String ID="string_237" HPOS="404" VPOS="1081" WIDTH="91" HEIGHT="22" WC="0.92" CONTENT="Ständet"/><SP WIDTH="15" VPOS="1081" HPOS="495"/>
							<String ID="string_238" HPOS="510" VPOS="1082" WIDTH="93" HEIGHT="21" WC="0.96" CONTENT="beslutat"/><SP WIDTH="16" VPOS="1082" HPOS="603"/>
							<String ID="string_239" HPOS="619" VPOS="1083" WIDTH="31" HEIGHT="20" WC="0.93" CONTENT="att"/><SP WIDTH="16" VPOS="1083" HPOS="650"/>
							<String ID="string_240" HPOS="666" VPOS="1082" WIDTH="66" HEIGHT="21" WC="0.93" CONTENT="orden"/><SP WIDTH="17" VPOS="1082" HPOS="732"/>
							<String ID="string_241" HPOS="749" VPOS="1083" WIDTH="37" HEIGHT="23" WC="0.92" CONTENT=",är"/><SP WIDTH="16" VPOS="1083" HPOS="786"/>
							<String ID="string_242" HPOS="802" VPOS="1081" WIDTH="49" HEIGHT="21" WC="0.84" CONTENT="det&quot;"/><SP WIDTH="16" VPOS="1081" HPOS="851"/>
							<String ID="string_243" HPOS="867" VPOS="1080" WIDTH="61" HEIGHT="22" WC="0.93" CONTENT="skola"/><SP WIDTH="15" VPOS="1080" HPOS="928"/>
							<String ID="string_244" HPOS="943" VPOS="1081" WIDTH="52" HEIGHT="26" WC="0.96" CONTENT="utgå"/>
						</TextLine>
						<TextLine ID="line_28" HPOS="164" VPOS="1110" WIDTH="635" HEIGHT="27">
							<String ID="string_245" HPOS="164" VPOS="1110" WIDTH="40" HEIGHT="21" WC="0.96" CONTENT="och"/><SP WIDTH="17" VPOS="1110" HPOS="204"/>
							<String ID="string_246" HPOS="221" VPOS="1112" WIDTH="115" HEIGHT="19" WC="0.96" CONTENT="momentet"/><SP WIDTH="16" VPOS="1112" HPOS="336"/>
							<String ID="string_247" HPOS="352" VPOS="1110" WIDTH="82" HEIGHT="21" WC="0.93" CONTENT="således"/><SP WIDTH="16" VPOS="1110" HPOS="434"/>
							<String ID="string_248" HPOS="450" VPOS="1110" WIDTH="95" HEIGHT="27" WC="0.90" CONTENT="begynna"/><SP WIDTH="16" VPOS="1110" HPOS="545"/>
							<String ID="string_249" HPOS="561" VPOS="1111" WIDTH="48" HEIGHT="21" WC="0.95" CONTENT="med"/><SP WIDTH="15" VPOS="1111" HPOS="609"/>
							<String ID="string_250" HPOS="624" VPOS="1111" WIDTH="61" HEIGHT="20" WC="0.93" CONTENT="ordet"/><SP WIDTH="16" VPOS="1111" HPOS="685"/>
							<String ID="string_251" HPOS="701" VPOS="1127" WIDTH="5" HEIGHT="8" WC="0.92" CONTENT=","/><SP WIDTH="1" VPOS="1127" HPOS="706"/>
							<String ID="string_252" HPOS="707" VPOS="1110" WIDTH="92" HEIGHT="27" WC="0.85" CONTENT="bolag&quot;."/>
						</TextLine>
					</TextBlock>
				</ComposedBlock>
				<ComposedBlock ID="cblock_8" HPOS="166" VPOS="1166" WIDTH="827" HEIGHT="57">
					<TextBlock ID="block_7" HPOS="166" VPOS="1166" WIDTH="827" HEIGHT="57">
						<TextLine ID="line_29" HPOS="233" VPOS="1166" WIDTH="760" HEIGHT="27">
							<String ID="string_253" HPOS="233" VPOS="1167" WIDTH="41" HEIGHT="20" WC="0.96" CONTENT="Vid"/><SP WIDTH="16" VPOS="1167" HPOS="274"/>
							<String ID="string_254" HPOS="290" VPOS="1166" WIDTH="27" HEIGHT="27" WC="0.97" CONTENT="på"/><SP WIDTH="16" VPOS="1166" HPOS="317"/>
							<String ID="string_255" HPOS="333" VPOS="1167" WIDTH="92" HEIGHT="26" WC="0.92" CONTENT="begäran"/><SP WIDTH="16" VPOS="1167" HPOS="425"/>
							<String ID="string_256" HPOS="441" VPOS="1167" WIDTH="91" HEIGHT="22" WC="0.96" CONTENT="anställd"/><SP WIDTH="17" VPOS="1167" HPOS="532"/>
							<String ID="string_257" HPOS="549" VPOS="1167" WIDTH="131" HEIGHT="26" WC="0.96" CONTENT="omröstning"/><SP WIDTH="16" VPOS="1167" HPOS="680"/>
							<String ID="string_258" HPOS="696" VPOS="1167" WIDTH="127" HEIGHT="21" WC="0.96" CONTENT="besvarades"/><SP WIDTH="11" VPOS="1167" HPOS="823"/>
							<String ID="string_259" HPOS="834" VPOS="1166" WIDTH="159" HEIGHT="27" WC="0.95" CONTENT="propositionen"/>
						</TextLine>
						<TextLine ID="line_30" HPOS="166" VPOS="1195" WIDTH="293" HEIGHT="28">
							<String ID="string_260" HPOS="166" VPOS="1195" WIDTH="49" HEIGHT="22" WC="0.96" CONTENT="med"/><SP WIDTH="17" VPOS="1195" HPOS="215"/>
							<String ID="string_261" HPOS="232" VPOS="1196" WIDTH="10" HEIGHT="20" WC="0.96" CONTENT="7"/><SP WIDTH="16" VPOS="1196" HPOS="242"/>
							<String ID="string_262" HPOS="258" VPOS="1196" WIDTH="28" HEIGHT="26" WC="0.96" CONTENT="ja"/><SP WIDTH="16" VPOS="1196" HPOS="286"/>
							<String ID="string_263" HPOS="302" VPOS="1195" WIDTH="38" HEIGHT="22" WC="0.96" CONTENT="och"/><SP WIDTH="17" VPOS="1195" HPOS="340"/>
							<String ID="string_264" HPOS="357" VPOS="1196" WIDTH="34" HEIGHT="20" WC="0.96" CONTENT="32"/><SP WIDTH="16" VPOS="1196" HPOS="391"/>
							<String ID="string_265" HPOS="407" VPOS="1196" WIDTH="52" HEIGHT="27" WC="0.96" CONTENT="nej."/>
						</TextLine>
					</TextBlock>
				</ComposedBlock>
				<ComposedBlock ID="cblock_9" HPOS="164" VPOS="1252" WIDTH="829" HEIGHT="171">
					<TextBlock ID="block_8" HPOS="164" VPOS="1252" WIDTH="829" HEIGHT="171">
						<TextLine ID="line_31" HPOS="234" VPOS="1252" WIDTH="758" HEIGHT="27">
							<String ID="string_266" HPOS="234" VPOS="1253" WIDTH="183" HEIGHT="26" WC="0.95" CONTENT="Proposition"/><SP WIDTH="16" VPOS="1253" HPOS="417"/>
							<String ID="string_267" HPOS="433" VPOS="1253" WIDTH="48" HEIGHT="20" WC="0.96" CONTENT="N:o"/><SP WIDTH="16" VPOS="1253" HPOS="481"/>
							<String ID="string_268" HPOS="497" VPOS="1253" WIDTH="23" HEIGHT="21" WC="0.95" CONTENT="3:"/><SP WIDTH="32" VPOS="1253" HPOS="520"/>
							<String ID="string_269" HPOS="552" VPOS="1253" WIDTH="38" HEIGHT="24" WC="0.95" CONTENT="De,"/><SP WIDTH="17" VPOS="1253" HPOS="590"/>
							<String ID="string_270" HPOS="607" VPOS="1259" WIDTH="44" HEIGHT="15" WC="0.95" CONTENT="som"/><SP WIDTH="17" VPOS="1259" HPOS="651"/>
							<String ID="string_271" HPOS="668" VPOS="1253" WIDTH="6" HEIGHT="20" WC="0.95" CONTENT="i"/><SP WIDTH="16" VPOS="1253" HPOS="674"/>
							<String ID="string_272" HPOS="690" VPOS="1253" WIDTH="64" HEIGHT="26" WC="0.96" CONTENT="öfrigt"/><SP WIDTH="16" VPOS="1253" HPOS="754"/>
							<String ID="string_273" HPOS="770" VPOS="1252" WIDTH="113" HEIGHT="27" WC="0.96" CONTENT="godkänna"/><SP WIDTH="16" VPOS="1252" HPOS="883"/>
							<String ID="string_274" HPOS="899" VPOS="1258" WIDTH="62" HEIGHT="15" WC="0.93" CONTENT="mom."/><SP WIDTH="18" VPOS="1258" HPOS="961"/>
							<String ID="string_275" HPOS="979" VPOS="1253" WIDTH="13" HEIGHT="20" WC="0.96" CONTENT="3"/>
						</TextLine>
						<TextLine ID="line_32" HPOS="164" VPOS="1281" WIDTH="829" HEIGHT="27">
							<String ID="string_276" HPOS="164" VPOS="1281" WIDTH="67" HEIGHT="27" WC="0.96" CONTENT="enligt"/><SP WIDTH="24" VPOS="1281" HPOS="231"/>
							<String ID="string_277" HPOS="255" VPOS="1281" WIDTH="121" HEIGHT="22" WC="0.95" CONTENT="Utskottets"/><SP WIDTH="22" VPOS="1281" HPOS="376"/>
							<String ID="string_278" HPOS="398" VPOS="1281" WIDTH="85" HEIGHT="26" WC="0.96" CONTENT="förslag,"/><SP WIDTH="22" VPOS="1281" HPOS="483"/>
							<String ID="string_279" HPOS="505" VPOS="1287" WIDTH="62" HEIGHT="16" WC="0.96" CONTENT="svara"/><SP WIDTH="16" VPOS="1287" HPOS="567"/>
							<String ID="string_280" HPOS="583" VPOS="1282" WIDTH="33" HEIGHT="26" WC="0.95" CONTENT="ja;"/><SP WIDTH="17" VPOS="1282" HPOS="616"/>
							<String ID="string_281" HPOS="633" VPOS="1282" WIDTH="73" HEIGHT="21" WC="0.96" CONTENT="vinner"/><SP WIDTH="16" VPOS="1282" HPOS="706"/>
							<String ID="string_282" HPOS="722" VPOS="1281" WIDTH="52" HEIGHT="26" WC="0.95" CONTENT="nej,"/><SP WIDTH="17" VPOS="1281" HPOS="774"/>
							<String ID="string_283" HPOS="791" VPOS="1282" WIDTH="96" HEIGHT="19" WC="0.96" CONTENT="kommer"/><SP WIDTH="14" VPOS="1282" HPOS="887"/>
							<String ID="string_284" HPOS="901" VPOS="1283" WIDTH="33" HEIGHT="18" WC="0.93" CONTENT="att"/><SP WIDTH="16" VPOS="1283" HPOS="934"/>
							<String ID="string_285" HPOS="950" VPOS="1287" WIDTH="43" HEIGHT="15" WC="0.93" CONTENT="om-"/>
						</TextLine>
						<TextLine ID="line_33" HPOS="164" VPOS="1309" WIDTH="829" HEIGHT="28">
							<String ID="string_286" HPOS="164" VPOS="1311" WIDTH="70" HEIGHT="20" WC="0.96" CONTENT="röstas"/><SP WIDTH="21" VPOS="1311" HPOS="234"/>
							<String ID="string_287" HPOS="255" VPOS="1309" WIDTH="104" HEIGHT="22" WC="0.96" CONTENT="huruvida"/><SP WIDTH="16" VPOS="1309" HPOS="359"/>
							<String ID="string_288" HPOS="375" VPOS="1309" WIDTH="55" HEIGHT="22" WC="0.93" CONTENT="Herr"/><SP WIDTH="16" VPOS="1309" HPOS="430"/>
							<String ID="string_289" HPOS="446" VPOS="1310" WIDTH="137" HEIGHT="27" WC="0.93" CONTENT="Tengströms"/><SP WIDTH="15" VPOS="1310" HPOS="583"/>
							<String ID="string_290" HPOS="598" VPOS="1310" WIDTH="79" HEIGHT="27" WC="0.96" CONTENT="förslag"/><SP WIDTH="16" VPOS="1310" HPOS="677"/>
							<String ID="string_291" HPOS="693" VPOS="1312" WIDTH="33" HEIGHT="19" WC="0.96" CONTENT="att"/><SP WIDTH="16" VPOS="1312" HPOS="726"/>
							<String ID="string_292" HPOS="742" VPOS="1309" WIDTH="53" HEIGHT="22" WC="0.96" CONTENT="efter"/><SP WIDTH="15" VPOS="1309" HPOS="795"/>
							<String ID="string_293" HPOS="810" VPOS="1309" WIDTH="62" HEIGHT="21" WC="0.93" CONTENT="ordet"/><SP WIDTH="15" VPOS="1309" HPOS="872"/>
							<String ID="string_294" HPOS="887" VPOS="1309" WIDTH="106" HEIGHT="27" WC="0.81" CONTENT=",bilägga*"/>
						</TextLine>
						<TextLine ID="line_34" HPOS="164" VPOS="1337" WIDTH="829" HEIGHT="27">
							<String ID="string_295" HPOS="164" VPOS="1338" WIDTH="97" HEIGHT="26" WC="0.91" CONTENT="inskjuta"/><SP WIDTH="17" VPOS="1338" HPOS="261"/>
							<String ID="string_296" HPOS="278" VPOS="1339" WIDTH="60" HEIGHT="20" WC="0.92" CONTENT="ordet"/><SP WIDTH="16" VPOS="1339" HPOS="338"/>
							<String ID="string_297" HPOS="354" VPOS="1339" WIDTH="170" HEIGHT="25" WC="0.88" CONTENT=",vederbörligt*,"/><SP WIDTH="17" VPOS="1339" HPOS="524"/>
							<String ID="string_298" HPOS="541" VPOS="1339" WIDTH="52" HEIGHT="21" WC="0.94" CONTENT="eller"/><SP WIDTH="16" VPOS="1339" HPOS="593"/>
							<String ID="string_299" HPOS="609" VPOS="1339" WIDTH="55" HEIGHT="20" WC="0.96" CONTENT="Herr"/><SP WIDTH="15" VPOS="1339" HPOS="664"/>
							<String ID="string_300" HPOS="679" VPOS="1339" WIDTH="104" HEIGHT="21" WC="0.96" CONTENT="Janssons"/><SP WIDTH="10" VPOS="1339" HPOS="783"/>
							<String ID="string_301" HPOS="793" VPOS="1337" WIDTH="80" HEIGHT="27" WC="0.95" CONTENT="förslag"/><SP WIDTH="10" VPOS="1337" HPOS="873"/>
							<String ID="string_302" HPOS="883" VPOS="1340" WIDTH="32" HEIGHT="18" WC="0.93" CONTENT="att"/><SP WIDTH="12" VPOS="1340" HPOS="915"/>
							<String ID="string_303" HPOS="927" VPOS="1339" WIDTH="66" HEIGHT="19" WC="0.93" CONTENT="orden"/>
						</TextLine>
						<TextLine ID="line_35" HPOS="165" VPOS="1366" WIDTH="828" HEIGHT="28">
							<String ID="string_304" HPOS="165" VPOS="1367" WIDTH="98" HEIGHT="26" WC="0.88" CONTENT="ybilägge"/><SP WIDTH="23" VPOS="1367" HPOS="263"/>
							<String ID="string_305" HPOS="286" VPOS="1367" WIDTH="69" HEIGHT="26" WC="0.90" CONTENT="intyg*"/><SP WIDTH="23" VPOS="1367" HPOS="355"/>
							<String ID="string_306" HPOS="378" VPOS="1366" WIDTH="60" HEIGHT="22" WC="0.93" CONTENT="skola"/><SP WIDTH="23" VPOS="1366" HPOS="438"/>
							<String ID="string_307" HPOS="461" VPOS="1367" WIDTH="85" HEIGHT="27" WC="0.92" CONTENT="utbytas"/><SP WIDTH="24" VPOS="1367" HPOS="546"/>
							<String ID="string_308" HPOS="570" VPOS="1370" WIDTH="57" HEIGHT="18" WC="0.93" CONTENT="emot"/><SP WIDTH="23" VPOS="1370" HPOS="627"/>
							<String ID="string_309" HPOS="650" VPOS="1368" WIDTH="61" HEIGHT="20" WC="0.90" CONTENT="ordet"/><SP WIDTH="24" VPOS="1368" HPOS="711"/>
							<String ID="string_310" HPOS="735" VPOS="1366" WIDTH="94" HEIGHT="27" WC="0.91" CONTENT=",styrke*"/><SP WIDTH="25" VPOS="1366" HPOS="829"/>
							<String ID="string_311" HPOS="854" VPOS="1366" WIDTH="53" HEIGHT="21" WC="0.93" CONTENT="skall"/><SP WIDTH="16" VPOS="1366" HPOS="907"/>
							<String ID="string_312" HPOS="923" VPOS="1367" WIDTH="70" HEIGHT="20" WC="0.92" CONTENT="säsom"/>
						</TextLine>
						<TextLine ID="line_36" HPOS="164" VPOS="1395" WIDTH="465" HEIGHT="28">
							<String ID="string_313" HPOS="164" VPOS="1395" WIDTH="214" HEIGHT="28" WC="0.78" CONTENT="kontranroposition"/><SP WIDTH="16" VPOS="1395" HPOS="378"/>
							<String ID="string_314" HPOS="394" VPOS="1395" WIDTH="96" HEIGHT="22" WC="0.92" CONTENT="häremot"/><SP WIDTH="15" VPOS="1395" HPOS="490"/>
							<String ID="string_315" HPOS="505" VPOS="1395" WIDTH="124" HEIGHT="28" WC="0.91" CONTENT="uppställas."/>
						</TextLine>
					</TextBlock>
				</ComposedBlock>
				<ComposedBlock ID="cblock_10" HPOS="164" VPOS="1451" WIDTH="829" HEIGHT="57">
					<TextBlock ID="block_9" HPOS="164" VPOS="1451" WIDTH="829" HEIGHT="57">
						<TextLine ID="line_37" HPOS="233" VPOS="1451" WIDTH="760" HEIGHT="32">
							<String ID="string_316" HPOS="233" VPOS="1453" WIDTH="162" HEIGHT="26" WC="0.96" CONTENT="Propositionen"/><SP WIDTH="22" VPOS="1453" HPOS="395"/>
							<String ID="string_317" HPOS="417" VPOS="1453" WIDTH="126" HEIGHT="22" WC="0.96" CONTENT="besvarades"/><SP WIDTH="24" VPOS="1453" HPOS="543"/>
							<String ID="string_318" HPOS="567" VPOS="1454" WIDTH="46" HEIGHT="20" WC="0.93" CONTENT="med"/><SP WIDTH="25" VPOS="1454" HPOS="613"/>
							<String ID="string_319" HPOS="638" VPOS="1453" WIDTH="106" HEIGHT="21" WC="0.96" CONTENT="blandade"/><SP WIDTH="20" VPOS="1453" HPOS="744"/>
							<String ID="string_320" HPOS="764" VPOS="1453" WIDTH="27" HEIGHT="26" WC="0.96" CONTENT="ja"/><SP WIDTH="15" VPOS="1453" HPOS="791"/>
							<String ID="string_321" HPOS="806" VPOS="1453" WIDTH="39" HEIGHT="20" WC="0.93" CONTENT="och"/><SP WIDTH="16" VPOS="1453" HPOS="845"/>
							<String ID="string_322" HPOS="861" VPOS="1452" WIDTH="41" HEIGHT="26" WC="0.84" CONTENT="nej"/><SP WIDTH="16" VPOS="1452" HPOS="902"/>
							<String ID="string_323" HPOS="918" VPOS="1452" WIDTH="6" HEIGHT="21" WC="0.84" CONTENT="i"/><SP WIDTH="17" VPOS="1452" HPOS="924"/>
							<String ID="string_324" HPOS="941" VPOS="1451" WIDTH="52" HEIGHT="32" WC="0.96" CONTENT="följd"/>
						</TextLine>
						<TextLine ID="line_38" HPOS="164" VPOS="1481" WIDTH="799" HEIGHT="27">
							<String ID="string_325" HPOS="164" VPOS="1481" WIDTH="76" HEIGHT="22" WC="0.96" CONTENT="hvaraf"/><SP WIDTH="16" VPOS="1481" HPOS="240"/>
							<String ID="string_326" HPOS="256" VPOS="1482" WIDTH="130" HEIGHT="26" WC="0.96" CONTENT="omröstning"/><SP WIDTH="15" VPOS="1482" HPOS="386"/>
							<String ID="string_327" HPOS="401" VPOS="1482" WIDTH="114" HEIGHT="21" WC="0.96" CONTENT="anställdes"/><SP WIDTH="17" VPOS="1482" HPOS="515"/>
							<String ID="string_328" HPOS="532" VPOS="1482" WIDTH="38" HEIGHT="21" WC="0.96" CONTENT="och"/><SP WIDTH="17" VPOS="1482" HPOS="570"/>
							<String ID="string_329" HPOS="587" VPOS="1481" WIDTH="60" HEIGHT="22" WC="0.95" CONTENT="utföll"/><SP WIDTH="16" VPOS="1481" HPOS="647"/>
							<String ID="string_330" HPOS="663" VPOS="1481" WIDTH="49" HEIGHT="22" WC="0.96" CONTENT="med"/><SP WIDTH="19" VPOS="1481" HPOS="712"/>
							<String ID="string_331" HPOS="731" VPOS="1483" WIDTH="28" HEIGHT="19" WC="0.96" CONTENT="14"/><SP WIDTH="14" VPOS="1483" HPOS="759"/>
							<String ID="string_332" HPOS="773" VPOS="1481" WIDTH="26" HEIGHT="26" WC="0.96" CONTENT="ja"/><SP WIDTH="17" VPOS="1481" HPOS="799"/>
							<String ID="string_333" HPOS="816" VPOS="1481" WIDTH="38" HEIGHT="21" WC="0.96" CONTENT="och"/><SP WIDTH="17" VPOS="1481" HPOS="854"/>
							<String ID="string_334" HPOS="871" VPOS="1481" WIDTH="30" HEIGHT="20" WC="0.96" CONTENT="26"/><SP WIDTH="16" VPOS="1481" HPOS="901"/>
							<String ID="string_335" HPOS="917" VPOS="1486" WIDTH="46" HEIGHT="20" WC="0.95" CONTENT="nej."/>
						</TextLine>
					</TextBlock>
				</ComposedBlock>
			</PrintSpace>
		</Page>
	</Layout>
</alto>
