1070 1795
166 130 54 21 1382
378 135 178 21 Borgareståndet
567 136 55 17 1877.
647 135 27 17 25
688 135 97 18 Oktober.

164 204 35 26 lag
222 204 74 27 intaga
315 210 26 15 en
364 203 134 28 bestämning
520 204 80 26 derom,
623 206 33 19 att
674 209 48 16 man
738 205 24 19 är
777 203 121 28 berättigad
914 203 77 25 dertill,

164 233 72 21 derest
250 238 50 15 man
316 232 107 27 iakttager
437 233 55 21 hvad
508 239 34 15 om
564 233 100 21 anmälan
679 239 27 14 m.
722 238 27 15 m.
766 233 23 20 är
801 232 101 27 stadgadt
913 232 33 21 för
957 233 35 20 det

164 261 38 21 fall
225 263 33 19 att
280 261 69 27 någon
372 261 36 21 vill
430 261 74 22 utöfva
525 261 75 27 näring
616 261 6 21 i
638 265 48 23 eget
706 267 69 15 namn.
806 261 73 28 Ifråga
899 261 93 21 varande

164 289 119 26 stadgande
305 289 78 22 befriar
404 290 46 21 icke
473 296 25 15 en
520 297 78 20 person
621 290 47 21 från
692 289 147 27 skyldigheten
855 291 33 20 att
902 296 52 15 vara
968 289 24 21 så

164 317 144 28 gvalificerad,
331 325 46 15 som
393 319 6 20 i
415 319 11 26 $
442 320 12 20 2
471 321 66 24 säges,
553 321 51 19 utan
626 319 56 21 afser
697 321 33 19 att
745 318 106 27 berättiga
867 319 77 21 honom
960 320 32 19 att

164 347 116 21 arrendera
298 353 25 16 en
342 353 81 16 annans
439 347 100 22 verkstad
555 347 52 22 eller
622 347 84 25 handel,
722 347 55 21 blott
793 347 42 21 han
850 349 25 19 är
889 347 24 21 så
927 346 65 28 qvali-

164 375 86 26 ficerad,
266 382 45 15 som
326 376 7 21 i
348 376 12 27 $
376 377 12 20 2
404 375 143 22 föreskrifves.
578 377 42 26 Jag
635 376 98 21 förordar
748 375 71 22 derför
834 375 158 22 bibehållandet

165 404 23 22 af
202 407 122 19 momentet.

234 461 57 22 Herr
305 462 136 21 Boström:
460 457 15 35 1
497 461 67 22 likhet
579 462 48 21 med
644 462 55 21 Herr
715 461 103 27 Liljeroos
829 467 62 16 anser
898 461 37 27 jag
945 461 46 21 icke

165 490 40 21 den
221 490 197 27 näringsrättighet,
435 497 44 14 som
495 491 70 20 denna
580 491 126 26 författning
721 491 96 20 kommer
833 493 32 18 att
880 489 110 28 medgifva,

165 525 51 14 vara
232 519 68 25 egnad
320 521 33 19 att
368 519 113 22 öfverlätas
497 520 27 26 pä
539 519 89 22 arrende
644 519 32 22 till
692 525 70 15 annan
777 524 84 21 person.
891 519 31 20 De
937 518 54 22 iakt-

164 547 100 28 tagelser,
286 554 45 15 som
351 547 83 22 fordras
450 547 33 22 för
498 548 102 26 rättighet
616 550 32 19 att
664 548 50 21 idka
730 549 81 25 näring,
826 550 37 19 äro
879 547 24 22 sä
917 547 27 26 fä,
959 549 32 19 att

165 576 40 21 den
224 582 85 21 person,
326 582 46 15 som
389 577 78 20 önskar
481 577 116 21 arrendera
612 583 26 15 en
651 576 66 22 sädan
734 577 107 26 rättighet,
857 577 42 20 kan
914 575 76 22 likaväl

165 605 53 21 söka
240 605 41 21 den
304 611 80 16 samma
405 605 32 21 för
460 611 51 20 egen
528 605 94 26 räkning.
654 605 82 21 Sädant
751 607 116 20 momentet
883 611 27 14 nu
926 605 64 27 lyder,

165 640 63 14 anser
249 633 37 27 jag
301 634 6 21 i
323 633 67 22 likhet
413 634 48 21 med
484 634 55 21 Herr
562 633 90 27 Liljeros
672 634 36 21 det
723 633 33 22 till
772 634 39 21 och
826 633 49 22 med
890 633 101 21 innebära

165 662 61 21 väda.
250 662 78 25 Skulle,
345 662 33 21 för
391 663 101 26 rättighet
503 665 32 18 att
545 663 28 26 pä
583 663 90 20 arrende
684 662 110 27 öfvertaga
805 668 81 15 annans
896 663 95 25 närings-

165 693 50 23 rätt,
238 691 136 21 föreskrifvas
396 691 80 21 sådana
497 691 74 27 vilkor,
595 697 44 15 som
658 691 56 22 Herr
730 691 95 26 Procop6
841 691 79 27 påstått
935 690 56 27 ligga

165 719 115 26 härunder,
303 719 48 22 ville
372 720 37 27 jag
431 720 46 21 icke
500 721 102 20 motsätta
625 720 43 27 mig
683 721 131 25 antagandet
832 720 23 21 af
869 721 121 23 momentet,

164 754 50 15 men
237 748 27 21 då
287 748 39 21 här
341 749 75 20 endast
431 748 136 21 föreskrifves
583 755 25 14 en
625 749 99 20 anmälan
740 751 51 19 utan
808 749 65 26 några
889 747 102 22 särskilda

164 776 171 27 qvalifikationer
350 777 39 21 hos
404 777 145 26 arrendatorn,
559 777 23 21 så
597 783 63 16 anser
668 777 36 27 jag
714 779 34 19 att
759 777 117 22 detsamma
886 777 38 21 bör
936 777 55 26 utgå.

234 834 56 21 Herr
305 835 24 20 E.
352 833 102 28 Bergh:
483 834 42 27 Jag
540 834 38 21 ber
594 837 32 18 att
641 834 21 21 få
678 834 87 21 förorda
780 834 60 21 bifall
859 834 32 21 till
905 833 87 22 Utskot-

164 865 44 19 tets
228 863 142 21 betänkande.
400 863 40 26 Jag
461 863 42 21 kan
525 863 47 21 icke
595 863 45 21 inse
664 863 26 21 de
709 863 73 26 vådor,
799 869 44 15 som
859 863 68 21 skulle
942 862 50 27 följa

165 891 91 26 derutaf,
273 893 32 19 att
319 898 25 14 en
361 891 161 28 näringsidkare
537 898 50 15 vore
603 891 78 22 tillåtet
698 894 32 19 att
745 891 27 28 på
788 892 89 21 arrende
890 891 22 21 åt
923 897 69 16 annan

166 920 105 21 öfverlåta
286 920 31 21 sin
333 920 86 21 rörelse.
448 920 69 21 Äfven
533 920 33 21 för
581 921 132 20 närvarande
730 922 25 19 är
770 920 35 21 det
821 920 79 21 tillåtet
914 922 32 19 att
959 920 33 21 till

165 955 69 15 annan
257 949 149 21 uttarrendera
427 949 161 22 fabriksrörelse
603 949 39 21 och
658 949 151 21 erfarenheten
822 949 39 21 har
876 949 46 21 icke
937 949 55 20 visat

165 980 33 19 att
213 978 70 27 någon
299 977 53 22 våda
368 977 84 22 derutaf
466 978 101 27 uppstått.
599 978 102 21 Deremot
717 980 24 19 är
758 978 35 21 det
807 984 26 15 en
850 977 82 26 verklig
947 977 45 21 fak-

165 1006 43 21 tisk
230 1006 69 21 fördel
322 1006 33 21 för
376 1013 25 14 en
417 1006 168 27 näringsidkare,
601 1012 44 15 som
663 1009 13 18 t.
693 1013 33 14 ex.
743 1006 32 21 för
790 1006 70 27 någon
876 1006 30 21 tid
922 1006 71 21 blifvit

164 1035 135 21 urståndsatt
321 1037 33 19 att
376 1035 49 26 sjelf
445 1035 72 21 utöfva
540 1035 31 21 sin
595 1035 80 27 näring,
690 1038 34 19 att
740 1035 41 21 han
797 1035 42 21 kan
855 1035 138 21 utarrendera

166 1064 40 21 den
229 1064 23 21 åt
274 1064 69 26 någon
366 1070 68 15 annan
457 1063 39 22 och
519 1064 121 21 sedermera
660 1071 52 14 vara
728 1064 6 20 i
750 1063 84 22 tillfälle
849 1066 32 19 att
897 1064 96 26 återtaga

164 1093 131 20 densamma.
325 1092 43 21 För
384 1092 39 21 den
439 1092 67 21 andra
521 1092 157 21 kontrahenten
693 1094 49 20 åter
758 1092 80 22 medför
851 1093 36 20 det
899 1092 94 21 fördelen

165 1123 33 19 att
221 1121 22 21 få
266 1124 107 24 emottaga
394 1123 30 19 ett
447 1121 78 26 färdigt
547 1121 91 27 klientel,
659 1121 89 27 kunder,
768 1127 45 16 som
835 1123 37 19 äro
888 1127 54 14 vana
960 1123 33 19 att

165 1150 70 21 vända
256 1150 32 26 sig
311 1150 31 21 till
366 1150 40 21 den
424 1149 67 28 firma,
508 1150 62 21 hvars
586 1150 78 21 rörelse
680 1150 42 21 han
738 1150 129 21 arrenderat.
898 1150 42 21 Det
954 1149 39 21 har

165 1178 74 21 vidare
258 1179 43 20 ofta
316 1179 56 20 visat
386 1179 38 26 sig,
440 1181 32 19 att
487 1181 31 19 ett
534 1179 76 20 sådant
625 1179 83 21 tillfälle
724 1181 33 18 att
771 1178 22 22 få
808 1178 138 21 utarrendera
961 1178 31 21 sin

166 1207 86 25 rörelse,
275 1207 53 22 varit
350 1207 21 22 af
393 1211 45 18 stor
461 1207 107 28 betydelse
591 1207 33 21 för
640 1208 74 24 enkor,
730 1207 72 21 hvilka
817 1209 108 24 emottaga
940 1207 53 21 efter

166 1236 31 21 sin
221 1235 77 22 aflidne
319 1242 48 15 man
384 1242 25 15 en
425 1236 84 26 rörelse,
525 1243 46 14 som
587 1237 41 20 kan
644 1242 50 15 vara
710 1236 82 26 ganska
809 1236 129 21 renderande
954 1235 38 22 och

166 1265 70 20 såsom
253 1265 65 20 sådan
334 1271 50 20 eger
400 1267 31 19 ett
445 1265 81 27 ganska
542 1265 104 26 betydligt
662 1265 72 21 värde.
751 1271 34 14 om
801 1265 40 20 den
858 1264 54 21 blott
922 1264 71 21 skötes

166 1293 123 26 ordentligt.
320 1293 42 21 Det
384 1293 72 22 kunna
477 1294 25 21 de
518 1293 119 22 emellertid
652 1293 46 22 icke
715 1293 85 26 sjelfva;
817 1299 47 15 men
880 1299 25 15 en
921 1299 72 15 arren-

167 1321 62 22 dator
252 1322 42 21 kan
316 1321 57 22 finna
396 1323 31 20 sin
446 1322 114 26 uträkning
576 1321 34 22 vid
625 1324 33 19 att
674 1325 109 23 emottaga
800 1321 25 22 de
842 1321 82 27 färdiga
940 1322 53 21 kun-

166 1350 67 21 derna
254 1350 40 21 och
313 1350 32 21 för
366 1350 129 27 rättigheten
515 1350 71 22 betala
601 1353 31 18 ett
647 1351 51 25 godt
714 1350 91 21 arrende
821 1350 39 21 och
874 1350 37 27 jag
926 1350 67 21 finner

166 1378 53 49 icke;
240 1378 86 23 hvarför
349 1385 49 16 man
416 1379 68 22 skulle
501 1380 54 21 neka
571 1379 26 22 de
612 1379 56 21 förra
684 1381 32 20 att
733 1379 84 27 åtnjuta
833 1378 68 22 denna
917 1378 77 27 lagliga

175 1408 80 19 örmån.

235 1465 57 22 Herr
307 1465 156 22 Snellman:
494 1465 41 27 Jag
550 1465 90 22 föreslår
655 1467 31 20 att
698 1467 118 19 momentet
826 1465 168 21 återremitteras

166 1493 32 22 till
214 1494 110 22 Utskottet
340 1493 32 22 för
388 1497 32 18 att
436 1495 143 26 omredigeras
594 1494 89 21 sålunda
698 1496 36 19 att
749 1493 93 28 tydligen
858 1493 92 27 framgår
961 1495 33 18 att
