1070 1795
291 137 181 22 Borgareståndet
485 138 57 18 1877.
566 139 23 17 16
601 138 97 18 Oktober.
845 133 55 21 1189

72 207 118 22 ledamöter
212 207 86 21 komma
319 209 33 19 att
367 207 7 21 i
389 206 178 23 häradsrätterna
583 207 55 27 ingå.
669 207 39 21 Ett
722 206 79 28 förslag
816 206 33 22 till
865 206 37 22 be-

72 235 94 22 redande
181 235 24 22 af
218 241 26 16 en
260 235 65 22 sådan
340 235 78 22 reform
433 235 86 28 gjordes
535 235 66 22 också
614 235 23 22 af
651 235 40 22 den
707 235 86 27 komit6,
805 241 46 16 som
861 235 40 22 har

72 263 110 22 utarbetat
198 264 36 21 det
249 263 142 28 lagförslaget,
410 263 82 28 hvarpä
507 264 41 21 den
564 264 76 27 nädiga
656 263 159 28 propositionen
831 264 6 21 i
853 264 48 22 dess

72 292 163 27 hufvudsakliga
250 293 59 21 delar
323 293 94 26 grundar
432 293 39 26 sig.
502 293 75 21 Denna
593 292 81 22 komit6
684 292 92 27 föreslog
786 293 115 27 nämligen,

72 322 69 21 säsom
157 321 86 26 bekant,
259 323 32 19 att
306 327 25 15 en
346 321 95 27 lagfaren
457 321 95 22 ledamot
571 321 67 22 under
653 327 63 16 namn
732 321 23 21 af
767 321 134 22 vicehärads-

71 349 89 27 höfding
174 349 69 22 skulle
258 350 6 21 i
279 349 174 22 häradsrätterna
468 350 154 26 tillförordnas,
638 356 48 15 men
702 355 45 16 som
763 350 69 21 denna
843 349 58 22 leda-

71 380 45 19 mot
131 378 69 22 skulle
216 378 64 21 blifva
295 378 54 21 bäde
364 378 83 27 ganska
461 378 38 22 illa
517 378 84 22 aflönad
617 379 40 21 och
672 379 109 20 dessutom
796 377 104 28 afsättlig,

71 407 25 21 sä
111 409 24 19 är
151 407 35 22 det
201 407 73 27 troligt
289 409 31 19 att
336 407 69 21 denna
420 414 41 20 nya
477 407 94 22 ledamot
586 407 47 22 icke
648 407 69 21 skulle
732 407 63 21 hafva
808 407 93 27 bidragit

71 436 33 21 till
119 438 32 19 att
166 436 50 26 höja
231 436 50 21 vära
304 435 127 22 domstolars
454 436 113 26 anseende,
588 438 53 19 utan
664 436 82 21 kanske
761 437 98 20 tvärtom.
889 436 11 21 I

71 464 41 21 den
127 464 77 27 nädiga
219 464 158 27 propositionen
392 466 26 19 är
432 464 66 22 ocksä
519 464 49 21 hela
584 465 68 21 denna
667 464 232 27 vicehäradshöfdinge-

71 492 121 22 institution
207 492 140 22 bortlemnad.
377 493 77 26 Nägon
469 499 71 15 annan
557 493 39 22 och
612 493 71 22 bättre
695 493 77 21 reform
784 493 6 21 i
801 493 99 22 afseende

71 521 13 22 å
107 521 223 22 underdomstolarnes
352 522 193 27 sammansättning
567 522 40 21 har
628 521 115 22 förklarats
764 523 57 20 stöta
842 524 59 19 emot

71 549 119 23 finansiella
212 550 82 23 hinder,
315 550 39 21 och
370 551 20 20 vi
405 551 70 21 måste
499 551 82 21 således
604 551 49 21 med
668 550 88 22 ledsnad
771 550 57 21 finna
843 557 35 15 oss
893 550 7 21 i

71 580 33 20 att
119 579 73 27 frågan
208 585 34 15 om
258 579 113 26 kollegiala
387 579 130 22 domstolars
532 579 112 22 införande
658 579 28 27 på
701 579 73 21 landet
789 581 56 19 ännu
861 579 39 21 hos

71 613 35 16 oss
128 607 41 22 blir
190 607 156 27 undanskjuten
370 607 33 22 till
426 614 27 15 en
476 607 90 28 troligen
589 608 81 27 ganska
692 607 93 27 aflägsen
806 607 92 22 framtid.

72 636 49 21 Men
138 637 36 20 det
188 636 69 21 måste
272 636 54 21 dock
341 636 32 21 till
384 643 27 14 en
422 637 112 26 ovansklig
545 637 65 21 heder
620 636 33 21 för
663 637 51 20 våra
730 637 85 20 domare
831 637 68 26 sägas,

72 666 33 20 att
120 665 141 21 misstroende
276 668 44 18 mot
335 665 182 27 rättsskipningen
533 665 6 21 i
555 665 117 22 allmänhet
687 665 46 21 icke
746 665 104 26 försports
860 664 40 21 och

71 695 34 20 att
119 693 114 26 anledning
255 693 33 22 till
311 695 30 20 ett
364 694 141 21 misstroende
528 694 65 21 också
608 694 46 21 icke
669 693 113 22 förefinnes
797 695 55 20 samt
867 695 33 20 att

73 721 70 22 derför
165 728 26 15 en
214 722 77 21 reform
307 722 6 21 i
329 722 99 21 afseende
446 723 15 21 å
477 723 155 21 domstolarnes
654 722 191 27 sammansättning
866 721 34 22 för

75 751 132 21 närvarande
229 751 46 21 icke
296 750 40 22 kan
352 757 62 15 anses
429 757 52 16 vara
496 751 23 22 af
533 753 31 20 ett
579 751 107 27 oafvisligt
701 751 69 21 behof.
799 750 50 22 Men
863 756 37 16 an-

72 779 106 22 norlunda
201 779 101 22 förhåller
320 779 37 22 det
372 779 32 28 sig
419 780 48 21 med
483 779 85 22 krafvet
583 780 27 27 pä
626 786 25 15 en
666 779 174 28 skyndsammare
855 779 46 27 lag-

72 807 104 28 skipning.
208 807 182 22 Häradsrätterna
405 809 159 21 sammanträda
581 809 74 21 endast
666 809 36 21 två
712 808 80 28 gånger
801 813 34 16 om
845 807 54 22 året.

72 835 59 22 Blott
147 837 152 26 undantagsvis
320 837 118 22 behandlas
461 839 32 19 ett
514 837 42 22 mäl
577 837 51 22 flere
643 837 79 27 gänger
737 837 67 21 under
819 842 81 15 samma

72 864 52 27 ting,
140 867 58 25 utan,
214 865 27 21 dä
256 865 113 27 anledning
384 865 34 22 till
433 866 95 27 uppskof
549 865 119 26 förefinnes,
684 867 24 20 sä
723 865 124 28 uppskjutes
863 865 36 22 det

72 893 33 21 till
121 895 61 20 nästa
197 894 51 26 ting,
264 900 44 15 som
324 894 96 21 inträffar
436 897 32 18 ett
483 894 55 22 halft
553 894 24 22 är
593 895 93 21 derefter
702 894 39 21 och
756 893 89 22 sälunda
856 893 43 22 för-

72 922 71 27 dröjes
159 921 65 22 mälet
239 922 35 22 vid
290 923 50 21 vära
354 923 188 22 underdomstolar
557 923 46 22 ofta
617 923 7 22 i
640 923 75 21 äratal.
740 922 93 26 Enhvar,
844 922 55 21 hvil-

72 950 41 22 ken
135 951 69 22 säsom
221 951 101 27 sakegare
337 951 69 22 oftare
421 952 56 21 varit
492 952 7 21 i
515 951 83 22 tillfälle
620 953 33 20 att
672 951 109 22 öfvervara
795 951 52 21 vära
862 951 37 21 hä-

71 979 130 22 radsrätters
216 980 171 21 sammanträden
403 980 39 21 har
457 980 110 22 sannolikt
581 981 48 21 med
640 979 104 28 grämelse
754 979 79 23 erfarit,
844 979 55 22 huru

72 1008 136 27 vanmäktiga
223 1008 45 21 ofta
283 1009 61 21 dessa
359 1009 119 21 domstolar
493 1009 56 21 varit
563 1011 32 20 att
610 1009 71 27 hjelpa
696 1009 40 20 den
749 1008 150 21 rättssökande

72 1036 32 21 till
121 1037 48 22 dess
184 1039 50 19 rätt.
264 1037 221 27 Anmärkningsvärdt
501 1039 24 20 är
540 1039 33 20 att
587 1039 66 20 redan
668 1037 33 22 för
715 1037 135 27 längesedan,
862 1043 36 15 en-

71 1064 40 27 ligt
136 1065 40 22 den
198 1065 76 22 fordna
296 1066 90 21 svenska
408 1066 169 27 lagstiftningen,
600 1066 150 27 häradstingen
767 1065 131 22 äterkommo

71 1093 86 28 mycket
172 1094 67 21 oftare
254 1096 27 19 än
296 1101 35 15 nu.
361 1095 32 21 De
408 1095 73 26 gamla
503 1095 203 27 landskapslagarna
727 1093 124 23 föreskrifva
865 1095 34 20 att

72 1121 152 29 häradstingen
239 1123 68 22 skulle
321 1123 69 22 hällas
405 1130 26 15 en
447 1124 58 27 gäng
519 1124 7 21 i
541 1124 87 21 veckan.
658 1123 86 22 Samma
765 1122 134 27 bestämning

71 1150 115 23 äterfinnes
208 1151 61 22 äfven
285 1151 7 22 i
304 1152 107 21 allmänna
433 1152 132 27 landslagen.
595 1153 43 21 Det
660 1158 38 15 var
720 1151 53 22 först
795 1151 24 21 är
844 1151 54 21 1614

72 1185 45 16 som
133 1179 161 28 häradstingens
317 1180 58 22 antal
398 1181 123 22 inskräktes
543 1181 34 21 till
591 1183 33 20 tre
639 1180 40 22 och
694 1181 60 21 detta
769 1179 58 22 antal
842 1179 56 22 före-

69 1207 97 23 kommer
188 1208 65 22 också
267 1208 7 21 i
291 1210 25 20 12
332 1209 48 27 kap.
399 1209 25 22 R.
440 1209 26 22 B.
482 1210 8 21 i
507 1209 55 22 1734
577 1209 35 22 års
628 1209 40 28 lag.
698 1209 39 22 Uti
752 1208 90 22 Finland
858 1207 40 22 har

70 1236 89 22 sålunda
174 1237 65 22 redan
255 1237 136 22 härförinnan
407 1238 132 21 åtminstone
554 1241 33 19 tre
602 1239 45 26 ting
662 1243 34 16 om
707 1238 47 21 året
763 1236 135 23 förekommit

70 1271 26 15 en
111 1265 74 27 längre
200 1265 37 22 tid.
268 1266 46 21 Den
328 1267 60 26 glesa
404 1266 152 27 befolkningen
571 1267 39 21 och
626 1267 36 21 det
676 1266 61 27 ringa
751 1267 51 20 anta
811 1267 21 19 et
847 1264 50 26 mål,

70 1296 55 19 samt
147 1294 63 21 deras
232 1295 146 22 beskaffenhet
402 1295 66 22 hafva
487 1295 57 28 gjort
559 1298 32 19 att
606 1295 120 22 sedermera
740 1295 83 26 tingens
838 1293 59 22 antal

69 1322 70 21 blifvit
154 1322 126 23 inskränkta
296 1323 30 22 till
342 1324 45 26 två;
404 1330 49 15 men
469 1324 27 21 de
512 1324 144 27 olägenheter,
671 1329 45 16 som
727 1328 93 19 numera,
831 1323 66 21 sedan

68 1350 163 22 förhällandena
252 1351 61 22 hafva
335 1351 113 23 förändrat
471 1352 38 27 sig,
532 1352 61 22 deraf
613 1352 103 27 uppstätt,
739 1353 36 19 äro
797 1350 34 22 för
845 1350 52 22 hvar

68 1385 49 16 man
141 1379 101 23 bekanta.
270 1380 11 22 I
304 1380 87 28 Sverige
414 1381 40 22 har
477 1387 49 15 man
549 1387 75 21 genom
646 1387 26 15 en
695 1380 122 26 förordning
837 1379 22 22 af
873 1378 24 23 är

71 1409 53 21 1872
147 1409 65 21 infört
234 1411 138 24 permanenta
393 1409 150 22 häradsrätter
565 1404 54 36 med.
628 1410 32 21 tio
675 1408 172 23 sammanträden
862 1414 35 15 om

68 1437 53 26 året,
137 1437 39 22 der
191 1439 31 20 ett
238 1437 91 28 tingslag
343 1438 69 21 finnes
427 1438 41 22 och
484 1439 48 26 fem,
549 1439 38 21 der
601 1438 36 22 två
651 1438 92 27 tingslag
758 1437 49 26 ingå
820 1437 7 21 i
839 1437 58 21 dom-

67 1471 73 22 sagan.
171 1465 11 22 I
204 1466 109 22 Danmark
336 1466 64 22 hafva
418 1467 216 22 underdomstolarne
648 1467 28 27 pä
691 1467 73 21 landet
778 1465 55 22 varit
848 1471 49 21 per-

68 1497 100 19 manenta
184 1495 64 21 sedan
264 1495 108 27 uräldriga
388 1496 62 21 tider.
474 1496 11 21 I
501 1496 71 26 Norge
587 1495 39 22 har
640 1501 76 21 genom
732 1501 25 15 en
772 1493 125 28 förordning

67 1522 23 22 af
104 1522 24 22 är
145 1524 55 21 1797
224 1523 141 22 föreskrifvits
381 1526 33 19 att
429 1524 154 28 häradstingen
603 1524 67 21 skulle
685 1523 68 22 hällas
767 1523 130 22 ätminstone
