<?xml version="1.0" encoding="UTF-8"?>
<alto xmlns="http://www.loc.gov/standards/alto/ns-v3#" xmlns:xlink="http://www.w3.org/1999/xlink" xmlns:xsi="http://www.w3.org/2001/XMLSchema-instance" xsi:schemaLocation="http://www.loc.gov/standards/alto/ns-v3# http://www.loc.gov/alto/v3/alto-3-0.xsd">
	<Description>
		<MeasurementUnit>pixel</MeasurementUnit>
		<sourceImageInformation>
			<fileName>/tmp/tess_3j6my2hb_input.PNG</fileName>
		</sourceImageInformation>
		<OCRProcessing ID="OCR_0">
			<ocrProcessingStep>
				<processingSoftware>
					<softwareName>tesseract 5.3.4</softwareName>
				</processingSoftware>
			</ocrProcessingStep>
		</OCRProcessing>
	</Description>
	<Layout>
		<Page WIDTH="1070" HEIGHT="1795" PHYSICAL_IMG_NR="0" ID="page_0">
			<PrintSpace HPOS="0" VPOS="0" WIDTH="1070" HEIGHT="1795">
				<ComposedBlock ID="cblock_0" HPOS="267" VPOS="135" WIDTH="610" HEIGHT="28">
					<TextBlock ID="block_0" HPOS="267" VPOS="135" WIDTH="610" HEIGHT="28">
						<TextLine ID="line_0" HPOS="267" VPOS="135" WIDTH="610" HEIGHT="28">
							<String ID="string_0" HPOS="267" VPOS="142" WIDTH="178" HEIGHT="21" WC="0.91" CONTENT="Borgareständet"/><SP WIDTH="14" VPOS="142" HPOS="445"/>
							<String ID="string_1" HPOS="459" VPOS="143" WIDTH="56" HEIGHT="16" WC="0.95" CONTENT="1877."/><SP WIDTH="26" VPOS="143" HPOS="515"/>
							<String ID="string_2" HPOS="541" VPOS="142" WIDTH="26" HEIGHT="17" WC="0.96" CONTENT="23"/><SP WIDTH="12" VPOS="142" HPOS="567"/>
							<String ID="string_3" HPOS="579" VPOS="141" WIDTH="97" HEIGHT="18" WC="0.96" CONTENT="Oktober."/><SP WIDTH="149" VPOS="141" HPOS="676"/>
							<String ID="string_4" HPOS="825" VPOS="135" WIDTH="52" HEIGHT="22" WC="0.96" CONTENT="1331"/>
						</TextLine>
					</TextBlock>
				</ComposedBlock>
				<GraphicalElement ID="cblock_1" HPOS="51" VPOS="168" WIDTH="825" HEIGHT="9"></GraphicalElement >
				<ComposedBlock ID="cblock_2" HPOS="48" VPOS="209" WIDTH="831" HEIGHT="231">
					<TextBlock ID="block_1" HPOS="48" VPOS="209" WIDTH="831" HEIGHT="231">
						<TextLine ID="line_1" HPOS="49" VPOS="209" WIDTH="829" HEIGHT="29">
							<String ID="string_5" HPOS="49" VPOS="211" WIDTH="98" HEIGHT="27" WC="0.92" CONTENT="deräriga"/><SP WIDTH="23" VPOS="211" HPOS="147"/>
							<String ID="string_6" HPOS="170" VPOS="217" WIDTH="101" HEIGHT="21" WC="0.93" CONTENT="personer"/><SP WIDTH="22" VPOS="217" HPOS="271"/>
							<String ID="string_7" HPOS="293" VPOS="211" WIDTH="123" HEIGHT="27" WC="0.89" CONTENT="begagnade"/><SP WIDTH="22" VPOS="211" HPOS="416"/>
							<String ID="string_8" HPOS="438" VPOS="217" WIDTH="83" HEIGHT="15" WC="0.93" CONTENT="samma"/><SP WIDTH="22" VPOS="217" HPOS="521"/>
							<String ID="string_9" HPOS="543" VPOS="211" WIDTH="55" HEIGHT="24" WC="0.92" CONTENT="häst,"/><SP WIDTH="18" VPOS="211" HPOS="598"/>
							<String ID="string_10" HPOS="616" VPOS="210" WIDTH="24" HEIGHT="21" WC="0.96" CONTENT="sä"/><SP WIDTH="16" VPOS="210" HPOS="640"/>
							<String ID="string_11" HPOS="656" VPOS="210" WIDTH="67" HEIGHT="21" WC="0.97" CONTENT="skulle"/><SP WIDTH="16" VPOS="210" HPOS="723"/>
							<String ID="string_12" HPOS="739" VPOS="210" WIDTH="25" HEIGHT="21" WC="0.96" CONTENT="de"/><SP WIDTH="15" VPOS="210" HPOS="764"/>
							<String ID="string_13" HPOS="779" VPOS="210" WIDTH="7" HEIGHT="20" WC="0.93" CONTENT="i"/><SP WIDTH="15" VPOS="210" HPOS="786"/>
							<String ID="string_14" HPOS="801" VPOS="209" WIDTH="77" HEIGHT="22" WC="0.93" CONTENT="sädant"/>
						</TextLine>
						<TextLine ID="line_2" HPOS="48" VPOS="238" WIDTH="830" HEIGHT="29">
							<String ID="string_15" HPOS="48" VPOS="240" WIDTH="36" HEIGHT="22" WC="0.93" CONTENT="fall"/><SP WIDTH="16" VPOS="240" HPOS="84"/>
							<String ID="string_16" HPOS="100" VPOS="241" WIDTH="62" HEIGHT="20" WC="0.92" CONTENT="ätven"/><SP WIDTH="16" VPOS="241" HPOS="162"/>
							<String ID="string_17" HPOS="178" VPOS="246" WIDTH="34" HEIGHT="15" WC="0.96" CONTENT="om"/><SP WIDTH="16" VPOS="246" HPOS="212"/>
							<String ID="string_18" HPOS="228" VPOS="240" WIDTH="25" HEIGHT="21" WC="0.93" CONTENT="de"/><SP WIDTH="15" VPOS="240" HPOS="253"/>
							<String ID="string_19" HPOS="268" VPOS="240" WIDTH="47" HEIGHT="21" WC="0.92" CONTENT="icke"/><SP WIDTH="16" VPOS="240" HPOS="315"/>
							<String ID="string_20" HPOS="331" VPOS="240" WIDTH="94" HEIGHT="21" WC="0.90" CONTENT="medföra"/><SP WIDTH="10" VPOS="240" HPOS="425"/>
							<String ID="string_21" HPOS="435" VPOS="239" WIDTH="107" HEIGHT="28" WC="0.92" CONTENT="packning"/><SP WIDTH="15" VPOS="239" HPOS="542"/>
							<String ID="string_22" HPOS="557" VPOS="239" WIDTH="22" HEIGHT="21" WC="0.92" CONTENT="fä"/><SP WIDTH="15" VPOS="239" HPOS="579"/>
							<String ID="string_23" HPOS="594" VPOS="239" WIDTH="72" HEIGHT="21" WC="0.93" CONTENT="betala"/><SP WIDTH="16" VPOS="239" HPOS="666"/>
							<String ID="string_24" HPOS="682" VPOS="239" WIDTH="39" HEIGHT="21" WC="0.93" CONTENT="den"/><SP WIDTH="15" VPOS="239" HPOS="721"/>
							<String ID="string_25" HPOS="736" VPOS="238" WIDTH="98" HEIGHT="28" WC="0.92" CONTENT="förhöjda"/><SP WIDTH="15" VPOS="238" HPOS="834"/>
							<String ID="string_26" HPOS="849" VPOS="238" WIDTH="29" HEIGHT="21" WC="0.92" CONTENT="le-"/>
						</TextLine>
						<TextLine ID="line_3" HPOS="48" VPOS="267" WIDTH="831" HEIGHT="29">
							<String ID="string_27" HPOS="48" VPOS="275" WIDTH="47" HEIGHT="21" WC="0.90" CONTENT="gan."/><SP WIDTH="30" VPOS="275" HPOS="95"/>
							<String ID="string_28" HPOS="125" VPOS="269" WIDTH="81" HEIGHT="21" WC="0.90" CONTENT="Sädant"/><SP WIDTH="16" VPOS="269" HPOS="206"/>
							<String ID="string_29" HPOS="222" VPOS="275" WIDTH="49" HEIGHT="15" WC="0.92" CONTENT="vore"/><SP WIDTH="23" VPOS="275" HPOS="271"/>
							<String ID="string_30" HPOS="294" VPOS="269" WIDTH="52" HEIGHT="21" WC="0.93" CONTENT="dock"/><SP WIDTH="16" VPOS="269" HPOS="346"/>
							<String ID="string_31" HPOS="362" VPOS="268" WIDTH="232" HEIGHT="22" WC="0.92" CONTENT="öfverensstämmande"/><SP WIDTH="15" VPOS="268" HPOS="594"/>
							<String ID="string_32" HPOS="609" VPOS="267" WIDTH="94" HEIGHT="22" WC="0.90" CONTENT="hvarken"/><SP WIDTH="16" VPOS="267" HPOS="703"/>
							<String ID="string_33" HPOS="719" VPOS="267" WIDTH="47" HEIGHT="21" WC="0.93" CONTENT="med"/><SP WIDTH="16" VPOS="267" HPOS="766"/>
							<String ID="string_34" HPOS="782" VPOS="267" WIDTH="97" HEIGHT="27" WC="0.92" CONTENT="billighet"/>
						</TextLine>
						<TextLine ID="line_4" HPOS="49" VPOS="296" WIDTH="828" HEIGHT="28">
							<String ID="string_35" HPOS="49" VPOS="297" WIDTH="51" HEIGHT="22" WC="0.87" CONTENT="eller"/><SP WIDTH="23" VPOS="297" HPOS="100"/>
							<String ID="string_36" HPOS="123" VPOS="297" WIDTH="49" HEIGHT="22" WC="0.87" CONTENT="med"/><SP WIDTH="23" VPOS="297" HPOS="172"/>
							<String ID="string_37" HPOS="195" VPOS="297" WIDTH="39" HEIGHT="21" WC="0.96" CONTENT="den"/><SP WIDTH="22" VPOS="297" HPOS="234"/>
							<String ID="string_38" HPOS="256" VPOS="297" WIDTH="76" HEIGHT="27" WC="0.96" CONTENT="praxis,"/><SP WIDTH="22" VPOS="297" HPOS="332"/>
							<String ID="string_39" HPOS="354" VPOS="303" WIDTH="46" HEIGHT="16" WC="0.96" CONTENT="som"/><SP WIDTH="19" VPOS="303" HPOS="400"/>
							<String ID="string_40" HPOS="419" VPOS="297" WIDTH="68" HEIGHT="27" WC="0.96" CONTENT="gäller"/><SP WIDTH="14" VPOS="297" HPOS="487"/>
							<String ID="string_41" HPOS="501" VPOS="297" WIDTH="33" HEIGHT="21" WC="0.96" CONTENT="vid"/><SP WIDTH="16" VPOS="297" HPOS="534"/>
							<String ID="string_42" HPOS="550" VPOS="297" WIDTH="67" HEIGHT="21" WC="0.93" CONTENT="andra"/><SP WIDTH="15" VPOS="297" HPOS="617"/>
							<String ID="string_43" HPOS="632" VPOS="296" WIDTH="245" HEIGHT="25" WC="0.92" CONTENT="kommunikationssätt,"/>
						</TextLine>
						<TextLine ID="line_5" HPOS="49" VPOS="325" WIDTH="829" HEIGHT="27">
							<String ID="string_44" HPOS="49" VPOS="327" WIDTH="36" HEIGHT="21" WC="0.96" CONTENT="der"/><SP WIDTH="16" VPOS="327" HPOS="85"/>
							<String ID="string_45" HPOS="101" VPOS="333" WIDTH="25" HEIGHT="14" WC="0.92" CONTENT="en"/><SP WIDTH="18" VPOS="333" HPOS="126"/>
							<String ID="string_46" HPOS="144" VPOS="326" WIDTH="134" HEIGHT="26" WC="0.96" CONTENT="nedsättning"/><SP WIDTH="16" VPOS="326" HPOS="278"/>
							<String ID="string_47" HPOS="294" VPOS="326" WIDTH="32" HEIGHT="21" WC="0.96" CONTENT="för"/><SP WIDTH="15" VPOS="326" HPOS="326"/>
							<String ID="string_48" HPOS="341" VPOS="326" WIDTH="52" HEIGHT="21" WC="0.96" CONTENT="barn"/><SP WIDTH="17" VPOS="326" HPOS="393"/>
							<String ID="string_49" HPOS="410" VPOS="325" WIDTH="61" HEIGHT="22" WC="0.96" CONTENT="alltid"/><SP WIDTH="15" VPOS="325" HPOS="471"/>
							<String ID="string_50" HPOS="486" VPOS="325" WIDTH="96" HEIGHT="33" WC="0.92" CONTENT="beviljas."/><SP WIDTH="30" VPOS="325" HPOS="582"/>
							<String ID="string_51" HPOS="612" VPOS="325" WIDTH="42" HEIGHT="21" WC="0.63" CONTENT="För"/><SP WIDTH="11" VPOS="325" HPOS="654"/>
							<String ID="string_52" HPOS="665" VPOS="327" WIDTH="33" HEIGHT="19" WC="0.63" CONTENT="att"/><SP WIDTH="10" VPOS="327" HPOS="698"/>
							<String ID="string_53" HPOS="708" VPOS="325" WIDTH="170" HEIGHT="21" WC="0.91" CONTENT="Bondeständets"/>
						</TextLine>
						<TextLine ID="line_6" HPOS="48" VPOS="353" WIDTH="829" HEIGHT="29">
							<String ID="string_54" HPOS="48" VPOS="355" WIDTH="126" HEIGHT="27" WC="0.91" CONTENT="inbjudning"/><SP WIDTH="15" VPOS="355" HPOS="174"/>
							<String ID="string_55" HPOS="189" VPOS="355" WIDTH="67" HEIGHT="21" WC="0.96" CONTENT="skulle"/><SP WIDTH="16" VPOS="355" HPOS="256"/>
							<String ID="string_56" HPOS="272" VPOS="355" WIDTH="70" HEIGHT="21" WC="0.90" CONTENT="kunna"/><SP WIDTH="23" VPOS="355" HPOS="342"/>
							<String ID="string_57" HPOS="365" VPOS="357" WIDTH="94" HEIGHT="24" WC="0.90" CONTENT="antagas,"/><SP WIDTH="16" VPOS="357" HPOS="459"/>
							<String ID="string_58" HPOS="475" VPOS="361" WIDTH="64" HEIGHT="14" WC="0.97" CONTENT="anser"/><SP WIDTH="12" VPOS="361" HPOS="539"/>
							<String ID="string_59" HPOS="551" VPOS="354" WIDTH="36" HEIGHT="27" WC="0.93" CONTENT="jag"/><SP WIDTH="17" VPOS="354" HPOS="587"/>
							<String ID="string_60" HPOS="604" VPOS="354" WIDTH="72" HEIGHT="21" WC="0.91" CONTENT="dervid"/><SP WIDTH="16" VPOS="354" HPOS="676"/>
							<String ID="string_61" HPOS="692" VPOS="353" WIDTH="52" HEIGHT="22" WC="0.92" CONTENT="böra"/><SP WIDTH="15" VPOS="353" HPOS="744"/>
							<String ID="string_62" HPOS="759" VPOS="353" WIDTH="66" HEIGHT="22" WC="0.93" CONTENT="fästas"/><SP WIDTH="16" VPOS="353" HPOS="825"/>
							<String ID="string_63" HPOS="841" VPOS="353" WIDTH="36" HEIGHT="21" WC="0.93" CONTENT="vil-"/>
						</TextLine>
						<TextLine ID="line_7" HPOS="48" VPOS="381" WIDTH="830" HEIGHT="29">
							<String ID="string_64" HPOS="48" VPOS="384" WIDTH="67" HEIGHT="26" WC="0.93" CONTENT="koret,"/><SP WIDTH="17" VPOS="384" HPOS="115"/>
							<String ID="string_65" HPOS="132" VPOS="385" WIDTH="32" HEIGHT="20" WC="0.94" CONTENT="att"/><SP WIDTH="22" VPOS="385" HPOS="164"/>
							<String ID="string_66" HPOS="186" VPOS="384" WIDTH="40" HEIGHT="21" WC="0.93" CONTENT="den"/><SP WIDTH="22" VPOS="384" HPOS="226"/>
							<String ID="string_67" HPOS="248" VPOS="383" WIDTH="98" HEIGHT="27" WC="0.92" CONTENT="förhöjda"/><SP WIDTH="18" VPOS="383" HPOS="346"/>
							<String ID="string_68" HPOS="364" VPOS="383" WIDTH="131" HEIGHT="27" WC="0.92" CONTENT="skjutslegan"/><SP WIDTH="16" VPOS="383" HPOS="495"/>
							<String ID="string_69" HPOS="511" VPOS="383" WIDTH="56" HEIGHT="21" WC="0.93" CONTENT="blott"/><SP WIDTH="15" VPOS="383" HPOS="567"/>
							<String ID="string_70" HPOS="582" VPOS="382" WIDTH="27" HEIGHT="22" WC="0.96" CONTENT="dä"/><SP WIDTH="15" VPOS="382" HPOS="609"/>
							<String ID="string_71" HPOS="624" VPOS="383" WIDTH="96" HEIGHT="21" WC="0.96" CONTENT="kommer"/><SP WIDTH="15" VPOS="383" HPOS="720"/>
							<String ID="string_72" HPOS="735" VPOS="382" WIDTH="6" HEIGHT="21" WC="0.93" CONTENT="i"/><SP WIDTH="17" VPOS="382" HPOS="741"/>
							<String ID="string_73" HPOS="758" VPOS="381" WIDTH="65" HEIGHT="28" WC="0.93" CONTENT="fräga,"/><SP WIDTH="17" VPOS="381" HPOS="823"/>
							<String ID="string_74" HPOS="840" VPOS="383" WIDTH="38" HEIGHT="20" WC="0.96" CONTENT="när"/>
						</TextLine>
						<TextLine ID="line_8" HPOS="48" VPOS="412" WIDTH="592" HEIGHT="28">
							<String ID="string_75" HPOS="48" VPOS="415" WIDTH="75" HEIGHT="19" WC="0.92" CONTENT="tvenne"/><SP WIDTH="16" VPOS="415" HPOS="123"/>
							<String ID="string_76" HPOS="139" VPOS="412" WIDTH="107" HEIGHT="22" WC="0.92" CONTENT="fullvuxna"/><SP WIDTH="16" VPOS="412" HPOS="246"/>
							<String ID="string_77" HPOS="262" VPOS="419" WIDTH="100" HEIGHT="21" WC="0.93" CONTENT="personer"/><SP WIDTH="16" VPOS="419" HPOS="362"/>
							<String ID="string_78" HPOS="378" VPOS="412" WIDTH="96" HEIGHT="28" WC="0.91" CONTENT="begagna"/><SP WIDTH="16" VPOS="412" HPOS="474"/>
							<String ID="string_79" HPOS="490" VPOS="418" WIDTH="81" HEIGHT="16" WC="0.93" CONTENT="samma"/><SP WIDTH="15" VPOS="418" HPOS="571"/>
							<String ID="string_80" HPOS="586" VPOS="412" WIDTH="54" HEIGHT="21" WC="0.91" CONTENT="häst."/>
						</TextLine>
					</TextBlock>
				</ComposedBlock>
				<ComposedBlock ID="cblock_3" HPOS="46" VPOS="469" WIDTH="831" HEIGHT="516">
					<TextBlock ID="block_2" HPOS="46" VPOS="469" WIDTH="831" HEIGHT="516">
						<TextLine ID="line_9" HPOS="117" VPOS="469" WIDTH="760" HEIGHT="27">
							<String ID="string_81" HPOS="117" VPOS="469" WIDTH="55" HEIGHT="22" WC="0.96" CONTENT="Herr"/><SP WIDTH="15" VPOS="469" HPOS="172"/>
							<String ID="string_82" HPOS="187" VPOS="470" WIDTH="23" HEIGHT="20" WC="0.96" CONTENT="E."/><SP WIDTH="17" VPOS="470" HPOS="210"/>
							<String ID="string_83" HPOS="227" VPOS="469" WIDTH="100" HEIGHT="27" WC="0.95" CONTENT="Bergh:"/><SP WIDTH="30" VPOS="469" HPOS="327"/>
							<String ID="string_84" HPOS="357" VPOS="470" WIDTH="41" HEIGHT="26" WC="0.95" CONTENT="Jag"/><SP WIDTH="20" VPOS="470" HPOS="398"/>
							<String ID="string_85" HPOS="418" VPOS="469" WIDTH="39" HEIGHT="22" WC="0.95" CONTENT="ber"/><SP WIDTH="15" VPOS="469" HPOS="457"/>
							<String ID="string_86" HPOS="472" VPOS="471" WIDTH="33" HEIGHT="19" WC="0.93" CONTENT="att"/><SP WIDTH="15" VPOS="471" HPOS="505"/>
							<String ID="string_87" HPOS="520" VPOS="469" WIDTH="22" HEIGHT="22" WC="0.92" CONTENT="fä"/><SP WIDTH="14" VPOS="469" HPOS="542"/>
							<String ID="string_88" HPOS="556" VPOS="469" WIDTH="74" HEIGHT="21" WC="0.92" CONTENT="förena"/><SP WIDTH="15" VPOS="469" HPOS="630"/>
							<String ID="string_89" HPOS="645" VPOS="469" WIDTH="43" HEIGHT="27" WC="0.96" CONTENT="mig"/><SP WIDTH="16" VPOS="469" HPOS="688"/>
							<String ID="string_90" HPOS="704" VPOS="469" WIDTH="47" HEIGHT="21" WC="0.96" CONTENT="med"/><SP WIDTH="16" VPOS="469" HPOS="751"/>
							<String ID="string_91" HPOS="767" VPOS="469" WIDTH="26" HEIGHT="20" WC="0.93" CONTENT="de"/><SP WIDTH="15" VPOS="469" HPOS="793"/>
							<String ID="string_92" HPOS="808" VPOS="469" WIDTH="69" HEIGHT="20" WC="0.93" CONTENT="talare"/>
						</TextLine>
						<TextLine ID="line_10" HPOS="47" VPOS="497" WIDTH="830" HEIGHT="28">
							<String ID="string_93" HPOS="47" VPOS="505" WIDTH="45" HEIGHT="15" WC="0.93" CONTENT="som"/><SP WIDTH="15" VPOS="505" HPOS="92"/>
							<String ID="string_94" HPOS="107" VPOS="498" WIDTH="65" HEIGHT="21" WC="0.91" CONTENT="hafva"/><SP WIDTH="22" VPOS="498" HPOS="172"/>
							<String ID="string_95" HPOS="194" VPOS="499" WIDTH="63" HEIGHT="26" WC="0.91" CONTENT="yrkat"/><SP WIDTH="23" VPOS="499" HPOS="257"/>
							<String ID="string_96" HPOS="280" VPOS="500" WIDTH="31" HEIGHT="19" WC="0.93" CONTENT="att"/><SP WIDTH="21" VPOS="500" HPOS="311"/>
							<String ID="string_97" HPOS="332" VPOS="498" WIDTH="74" HEIGHT="27" WC="0.92" CONTENT="frägan"/><SP WIDTH="17" VPOS="498" HPOS="406"/>
							<String ID="string_98" HPOS="423" VPOS="498" WIDTH="67" HEIGHT="21" WC="0.92" CONTENT="mätte"/><SP WIDTH="16" VPOS="498" HPOS="490"/>
							<String ID="string_99" HPOS="506" VPOS="498" WIDTH="127" HEIGHT="27" WC="0.93" CONTENT="uppskjutas"/><SP WIDTH="15" VPOS="498" HPOS="633"/>
							<String ID="string_100" HPOS="648" VPOS="498" WIDTH="33" HEIGHT="21" WC="0.96" CONTENT="till"/><SP WIDTH="17" VPOS="498" HPOS="681"/>
							<String ID="string_101" HPOS="698" VPOS="498" WIDTH="47" HEIGHT="21" WC="0.93" CONTENT="dess"/><SP WIDTH="16" VPOS="498" HPOS="745"/>
							<String ID="string_102" HPOS="761" VPOS="497" WIDTH="116" HEIGHT="22" WC="0.93" CONTENT="utskottets"/>
						</TextLine>
						<TextLine ID="line_11" HPOS="47" VPOS="526" WIDTH="830" HEIGHT="28">
							<String ID="string_103" HPOS="47" VPOS="527" WIDTH="293" HEIGHT="27" WC="0.90" CONTENT="sammanjemkningsförslag"/><SP WIDTH="16" VPOS="527" HPOS="340"/>
							<String ID="string_104" HPOS="356" VPOS="527" WIDTH="119" HEIGHT="21" WC="0.90" CONTENT="inkommit."/><SP WIDTH="32" VPOS="527" HPOS="475"/>
							<String ID="string_105" HPOS="507" VPOS="527" WIDTH="74" HEIGHT="21" WC="0.88" CONTENT="Säsom"/><SP WIDTH="14" VPOS="527" HPOS="581"/>
							<String ID="string_106" HPOS="595" VPOS="527" WIDTH="89" HEIGHT="21" WC="0.91" CONTENT="Ständet"/><SP WIDTH="12" VPOS="527" HPOS="684"/>
							<String ID="string_107" HPOS="696" VPOS="526" WIDTH="89" HEIGHT="27" WC="0.93" CONTENT="troligen"/><SP WIDTH="11" VPOS="526" HPOS="785"/>
							<String ID="string_108" HPOS="796" VPOS="527" WIDTH="81" HEIGHT="20" WC="0.92" CONTENT="erinrar"/>
						</TextLine>
						<TextLine ID="line_12" HPOS="47" VPOS="555" WIDTH="830" HEIGHT="28">
							<String ID="string_109" HPOS="47" VPOS="556" WIDTH="31" HEIGHT="26" WC="0.93" CONTENT="sig"/><SP WIDTH="15" VPOS="556" HPOS="78"/>
							<String ID="string_110" HPOS="93" VPOS="556" WIDTH="60" HEIGHT="27" WC="0.92" CONTENT="ingär"/><SP WIDTH="15" VPOS="556" HPOS="153"/>
							<String ID="string_111" HPOS="168" VPOS="555" WIDTH="159" HEIGHT="27" WC="0.92" CONTENT="bestämningen"/><SP WIDTH="16" VPOS="555" HPOS="327"/>
							<String ID="string_112" HPOS="343" VPOS="562" WIDTH="33" HEIGHT="15" WC="0.96" CONTENT="om"/><SP WIDTH="16" VPOS="562" HPOS="376"/>
							<String ID="string_113" HPOS="392" VPOS="556" WIDTH="56" HEIGHT="21" WC="0.93" CONTENT="huru"/><SP WIDTH="15" VPOS="556" HPOS="448"/>
							<String ID="string_114" HPOS="463" VPOS="556" WIDTH="78" HEIGHT="27" WC="0.92" CONTENT="mänga"/><SP WIDTH="15" VPOS="556" HPOS="541"/>
							<String ID="string_115" HPOS="556" VPOS="562" WIDTH="102" HEIGHT="21" WC="0.96" CONTENT="personer"/><SP WIDTH="15" VPOS="562" HPOS="658"/>
							<String ID="string_116" HPOS="673" VPOS="561" WIDTH="45" HEIGHT="15" WC="0.93" CONTENT="som"/><SP WIDTH="16" VPOS="561" HPOS="718"/>
							<String ID="string_117" HPOS="734" VPOS="555" WIDTH="22" HEIGHT="21" WC="0.93" CONTENT="fä"/><SP WIDTH="15" VPOS="555" HPOS="756"/>
							<String ID="string_118" HPOS="771" VPOS="555" WIDTH="40" HEIGHT="21" WC="0.92" CONTENT="äka"/><SP WIDTH="12" VPOS="555" HPOS="811"/>
							<String ID="string_119" HPOS="823" VPOS="555" WIDTH="54" HEIGHT="21" WC="0.95" CONTENT="efter"/>
						</TextLine>
						<TextLine ID="line_13" HPOS="47" VPOS="583" WIDTH="828" HEIGHT="29">
							<String ID="string_120" HPOS="47" VPOS="591" WIDTH="25" HEIGHT="15" WC="0.93" CONTENT="en"/><SP WIDTH="17" VPOS="591" HPOS="72"/>
							<String ID="string_121" HPOS="89" VPOS="585" WIDTH="48" HEIGHT="21" WC="0.91" CONTENT="häst"/><SP WIDTH="23" VPOS="585" HPOS="137"/>
							<String ID="string_122" HPOS="160" VPOS="585" WIDTH="38" HEIGHT="21" WC="0.96" CONTENT="och"/><SP WIDTH="24" VPOS="585" HPOS="198"/>
							<String ID="string_123" HPOS="222" VPOS="585" WIDTH="54" HEIGHT="20" WC="0.93" CONTENT="huru"/><SP WIDTH="23" VPOS="585" HPOS="276"/>
							<String ID="string_124" HPOS="299" VPOS="586" WIDTH="61" HEIGHT="25" WC="0.91" CONTENT="tungt"/><SP WIDTH="23" VPOS="586" HPOS="360"/>
							<String ID="string_125" HPOS="383" VPOS="585" WIDTH="82" HEIGHT="27" WC="0.91" CONTENT="bagage"/><SP WIDTH="25" VPOS="585" HPOS="465"/>
							<String ID="string_126" HPOS="490" VPOS="584" WIDTH="25" HEIGHT="21" WC="0.96" CONTENT="de"/><SP WIDTH="16" VPOS="584" HPOS="515"/>
							<String ID="string_127" HPOS="531" VPOS="584" WIDTH="69" HEIGHT="22" WC="0.93" CONTENT="skulle"/><SP WIDTH="21" VPOS="584" HPOS="600"/>
							<String ID="string_128" HPOS="621" VPOS="584" WIDTH="21" HEIGHT="21" WC="0.93" CONTENT="fä"/><SP WIDTH="15" VPOS="584" HPOS="642"/>
							<String ID="string_129" HPOS="657" VPOS="583" WIDTH="95" HEIGHT="22" WC="0.92" CONTENT="medföra"/><SP WIDTH="15" VPOS="583" HPOS="752"/>
							<String ID="string_130" HPOS="767" VPOS="584" WIDTH="31" HEIGHT="21" WC="0.92" CONTENT="uti"/><SP WIDTH="16" VPOS="584" HPOS="798"/>
							<String ID="string_131" HPOS="814" VPOS="583" WIDTH="13" HEIGHT="27" WC="0.88" CONTENT="&amp;"/><SP WIDTH="18" VPOS="583" HPOS="827"/>
							<String ID="string_132" HPOS="845" VPOS="584" WIDTH="30" HEIGHT="21" WC="0.96" CONTENT="16."/>
						</TextLine>
						<TextLine ID="line_14" HPOS="47" VPOS="613" WIDTH="830" HEIGHT="27">
							<String ID="string_133" HPOS="47" VPOS="613" WIDTH="33" HEIGHT="22" WC="0.96" CONTENT="Då"/><SP WIDTH="16" VPOS="613" HPOS="80"/>
							<String ID="string_134" HPOS="96" VPOS="614" WIDTH="36" HEIGHT="21" WC="0.96" CONTENT="det"/><SP WIDTH="15" VPOS="614" HPOS="132"/>
							<String ID="string_135" HPOS="147" VPOS="615" WIDTH="24" HEIGHT="19" WC="0.96" CONTENT="är"/><SP WIDTH="15" VPOS="615" HPOS="171"/>
							<String ID="string_136" HPOS="186" VPOS="613" WIDTH="82" HEIGHT="27" WC="0.95" CONTENT="möjligt"/><SP WIDTH="15" VPOS="613" HPOS="268"/>
							<String ID="string_137" HPOS="283" VPOS="615" WIDTH="32" HEIGHT="19" WC="0.96" CONTENT="att"/><SP WIDTH="15" VPOS="615" HPOS="315"/>
							<String ID="string_138" HPOS="330" VPOS="613" WIDTH="5" HEIGHT="21" WC="0.96" CONTENT="i"/><SP WIDTH="17" VPOS="613" HPOS="335"/>
							<String ID="string_139" HPOS="352" VPOS="613" WIDTH="68" HEIGHT="22" WC="0.93" CONTENT="denna"/><SP WIDTH="16" VPOS="613" HPOS="420"/>
							<String ID="string_140" HPOS="436" VPOS="614" WIDTH="12" HEIGHT="25" WC="0.92" CONTENT="&amp;"/><SP WIDTH="15" VPOS="614" HPOS="448"/>
							<String ID="string_141" HPOS="463" VPOS="613" WIDTH="161" HEIGHT="27" WC="0.95" CONTENT="bestämningen"/><SP WIDTH="16" VPOS="613" HPOS="624"/>
							<String ID="string_142" HPOS="640" VPOS="619" WIDTH="34" HEIGHT="15" WC="0.96" CONTENT="om"/><SP WIDTH="12" VPOS="619" HPOS="674"/>
							<String ID="string_143" HPOS="686" VPOS="613" WIDTH="40" HEIGHT="20" WC="0.96" CONTENT="den"/><SP WIDTH="11" VPOS="613" HPOS="726"/>
							<String ID="string_144" HPOS="737" VPOS="614" WIDTH="79" HEIGHT="19" WC="0.93" CONTENT="största"/><SP WIDTH="10" VPOS="614" HPOS="816"/>
							<String ID="string_145" HPOS="826" VPOS="613" WIDTH="51" HEIGHT="26" WC="0.96" CONTENT="vigt,"/>
						</TextLine>
						<TextLine ID="line_15" HPOS="47" VPOS="641" WIDTH="830" HEIGHT="28">
							<String ID="string_146" HPOS="47" VPOS="648" WIDTH="44" HEIGHT="15" WC="0.93" CONTENT="som"/><SP WIDTH="17" VPOS="648" HPOS="91"/>
							<String ID="string_147" HPOS="108" VPOS="642" WIDTH="56" HEIGHT="27" WC="0.91" CONTENT="finge"/><SP WIDTH="22" VPOS="642" HPOS="164"/>
							<String ID="string_148" HPOS="186" VPOS="643" WIDTH="66" HEIGHT="20" WC="0.91" CONTENT="sättas"/><SP WIDTH="22" VPOS="643" HPOS="252"/>
							<String ID="string_149" HPOS="274" VPOS="642" WIDTH="52" HEIGHT="21" WC="0.96" CONTENT="efter"/><SP WIDTH="16" VPOS="642" HPOS="326"/>
							<String ID="string_150" HPOS="342" VPOS="649" WIDTH="24" HEIGHT="14" WC="0.93" CONTENT="en"/><SP WIDTH="16" VPOS="649" HPOS="366"/>
							<String ID="string_151" HPOS="382" VPOS="642" WIDTH="56" HEIGHT="25" WC="0.93" CONTENT="häst,"/><SP WIDTH="16" VPOS="642" HPOS="438"/>
							<String ID="string_152" HPOS="454" VPOS="642" WIDTH="76" HEIGHT="21" WC="0.92" CONTENT="blifver"/><SP WIDTH="15" VPOS="642" HPOS="530"/>
							<String ID="string_153" HPOS="545" VPOS="642" WIDTH="6" HEIGHT="21" WC="0.93" CONTENT="i"/><SP WIDTH="16" VPOS="642" HPOS="551"/>
							<String ID="string_154" HPOS="567" VPOS="643" WIDTH="65" HEIGHT="25" WC="0.92" CONTENT="nägot"/><SP WIDTH="16" VPOS="643" HPOS="632"/>
							<String ID="string_155" HPOS="648" VPOS="641" WIDTH="67" HEIGHT="22" WC="0.92" CONTENT="Ständ"/><SP WIDTH="15" VPOS="641" HPOS="715"/>
							<String ID="string_156" HPOS="730" VPOS="641" WIDTH="81" HEIGHT="21" WC="0.92" CONTENT="ändrad"/><SP WIDTH="15" VPOS="641" HPOS="811"/>
							<String ID="string_157" HPOS="826" VPOS="641" WIDTH="51" HEIGHT="21" WC="0.96" CONTENT="eller"/>
						</TextLine>
						<TextLine ID="line_16" HPOS="47" VPOS="669" WIDTH="830" HEIGHT="29">
							<String ID="string_158" HPOS="47" VPOS="673" WIDTH="32" HEIGHT="19" WC="0.92" CONTENT="att"/><SP WIDTH="15" VPOS="673" HPOS="79"/>
							<String ID="string_159" HPOS="94" VPOS="671" WIDTH="34" HEIGHT="27" WC="0.90" CONTENT="&amp;:n"/><SP WIDTH="15" VPOS="671" HPOS="128"/>
							<String ID="string_160" HPOS="143" VPOS="671" WIDTH="60" HEIGHT="26" WC="0.91" CONTENT="eljest"/><SP WIDTH="16" VPOS="671" HPOS="203"/>
							<String ID="string_161" HPOS="219" VPOS="671" WIDTH="75" HEIGHT="21" WC="0.90" CONTENT="blifver"/><SP WIDTH="15" VPOS="671" HPOS="294"/>
							<String ID="string_162" HPOS="309" VPOS="671" WIDTH="170" HEIGHT="26" WC="0.93" CONTENT="omformulerad,"/><SP WIDTH="16" VPOS="671" HPOS="479"/>
							<String ID="string_163" HPOS="495" VPOS="671" WIDTH="40" HEIGHT="21" WC="0.93" CONTENT="och"/><SP WIDTH="16" VPOS="671" HPOS="535"/>
							<String ID="string_164" HPOS="551" VPOS="671" WIDTH="160" HEIGHT="26" WC="0.92" CONTENT="bestämningen"/><SP WIDTH="16" VPOS="671" HPOS="711"/>
							<String ID="string_165" HPOS="727" VPOS="676" WIDTH="34" HEIGHT="15" WC="0.93" CONTENT="om"/><SP WIDTH="13" VPOS="676" HPOS="761"/>
							<String ID="string_166" HPOS="774" VPOS="669" WIDTH="103" HEIGHT="27" WC="0.93" CONTENT="rättighet"/>
						</TextLine>
						<TextLine ID="line_17" HPOS="47" VPOS="698" WIDTH="830" HEIGHT="29">
							<String ID="string_167" HPOS="47" VPOS="699" WIDTH="32" HEIGHT="22" WC="0.92" CONTENT="för"/><SP WIDTH="16" VPOS="699" HPOS="79"/>
							<String ID="string_168" HPOS="95" VPOS="702" WIDTH="77" HEIGHT="19" WC="0.92" CONTENT="tvenne"/><SP WIDTH="15" VPOS="702" HPOS="172"/>
							<String ID="string_169" HPOS="187" VPOS="705" WIDTH="101" HEIGHT="22" WC="0.96" CONTENT="personer"/><SP WIDTH="15" VPOS="705" HPOS="288"/>
							<String ID="string_170" HPOS="303" VPOS="701" WIDTH="31" HEIGHT="20" WC="0.93" CONTENT="att"/><SP WIDTH="16" VPOS="701" HPOS="334"/>
							<String ID="string_171" HPOS="350" VPOS="699" WIDTH="41" HEIGHT="22" WC="0.92" CONTENT="äka"/><SP WIDTH="15" VPOS="699" HPOS="391"/>
							<String ID="string_172" HPOS="406" VPOS="699" WIDTH="55" HEIGHT="22" WC="0.96" CONTENT="efter"/><SP WIDTH="15" VPOS="699" HPOS="461"/>
							<String ID="string_173" HPOS="476" VPOS="705" WIDTH="27" HEIGHT="16" WC="0.93" CONTENT="en"/><SP WIDTH="15" VPOS="705" HPOS="503"/>
							<String ID="string_174" HPOS="518" VPOS="699" WIDTH="49" HEIGHT="21" WC="0.92" CONTENT="häst"/><SP WIDTH="16" VPOS="699" HPOS="567"/>
							<String ID="string_175" HPOS="583" VPOS="700" WIDTH="107" HEIGHT="21" WC="0.93" CONTENT="dessutom"/><SP WIDTH="10" VPOS="700" HPOS="690"/>
							<String ID="string_176" HPOS="700" VPOS="698" WIDTH="177" HEIGHT="27" WC="0.92" CONTENT="sammanhänger"/>
						</TextLine>
						<TextLine ID="line_18" HPOS="47" VPOS="727" WIDTH="829" HEIGHT="28">
							<String ID="string_177" HPOS="47" VPOS="729" WIDTH="47" HEIGHT="21" WC="0.93" CONTENT="med"/><SP WIDTH="16" VPOS="729" HPOS="94"/>
							<String ID="string_178" HPOS="110" VPOS="728" WIDTH="134" HEIGHT="27" WC="0.96" CONTENT="hastigheten"/><SP WIDTH="16" VPOS="728" HPOS="244"/>
							<String ID="string_179" HPOS="260" VPOS="735" WIDTH="44" HEIGHT="14" WC="0.93" CONTENT="som"/><SP WIDTH="16" VPOS="735" HPOS="304"/>
							<String ID="string_180" HPOS="320" VPOS="729" WIDTH="64" HEIGHT="20" WC="0.96" CONTENT="också"/><SP WIDTH="16" VPOS="729" HPOS="384"/>
							<String ID="string_181" HPOS="400" VPOS="729" WIDTH="42" HEIGHT="20" WC="0.93" CONTENT="kan"/><SP WIDTH="16" VPOS="729" HPOS="442"/>
							<String ID="string_182" HPOS="458" VPOS="727" WIDTH="64" HEIGHT="22" WC="0.95" CONTENT="hafva"/><SP WIDTH="15" VPOS="727" HPOS="522"/>
							<String ID="string_183" HPOS="537" VPOS="727" WIDTH="68" HEIGHT="22" WC="0.95" CONTENT="blifvit"/><SP WIDTH="14" VPOS="727" HPOS="605"/>
							<String ID="string_184" HPOS="619" VPOS="729" WIDTH="27" HEIGHT="26" WC="0.93" CONTENT="pä"/><SP WIDTH="16" VPOS="729" HPOS="646"/>
							<String ID="string_185" HPOS="662" VPOS="728" WIDTH="65" HEIGHT="26" WC="0.96" CONTENT="något"/><SP WIDTH="15" VPOS="728" HPOS="727"/>
							<String ID="string_186" HPOS="742" VPOS="729" WIDTH="43" HEIGHT="20" WC="0.93" CONTENT="sätt"/><SP WIDTH="10" VPOS="729" HPOS="785"/>
							<String ID="string_187" HPOS="795" VPOS="727" WIDTH="81" HEIGHT="22" WC="0.96" CONTENT="ändrad"/>
						</TextLine>
						<TextLine ID="line_19" HPOS="47" VPOS="756" WIDTH="829" HEIGHT="28">
							<String ID="string_188" HPOS="47" VPOS="757" WIDTH="30" HEIGHT="21" WC="0.96" CONTENT="uti"/><SP WIDTH="16" VPOS="757" HPOS="77"/>
							<String ID="string_189" HPOS="93" VPOS="759" WIDTH="32" HEIGHT="19" WC="0.96" CONTENT="ett"/><SP WIDTH="15" VPOS="759" HPOS="125"/>
							<String ID="string_190" HPOS="140" VPOS="757" WIDTH="52" HEIGHT="21" WC="0.96" CONTENT="eller"/><SP WIDTH="23" VPOS="757" HPOS="192"/>
							<String ID="string_191" HPOS="215" VPOS="759" WIDTH="65" HEIGHT="19" WC="0.96" CONTENT="annat"/><SP WIDTH="19" VPOS="759" HPOS="280"/>
							<String ID="string_192" HPOS="299" VPOS="757" WIDTH="21" HEIGHT="21" WC="0.93" CONTENT="af"/><SP WIDTH="14" VPOS="757" HPOS="320"/>
							<String ID="string_193" HPOS="334" VPOS="757" WIDTH="101" HEIGHT="26" WC="0.92" CONTENT="Stånden,"/><SP WIDTH="17" VPOS="757" HPOS="435"/>
							<String ID="string_194" HPOS="452" VPOS="757" WIDTH="24" HEIGHT="21" WC="0.96" CONTENT="så"/><SP WIDTH="15" VPOS="757" HPOS="476"/>
							<String ID="string_195" HPOS="491" VPOS="757" WIDTH="68" HEIGHT="21" WC="0.96" CONTENT="finner"/><SP WIDTH="12" VPOS="757" HPOS="559"/>
							<String ID="string_196" HPOS="571" VPOS="757" WIDTH="38" HEIGHT="27" WC="0.96" CONTENT="jag"/><SP WIDTH="15" VPOS="757" HPOS="609"/>
							<String ID="string_197" HPOS="624" VPOS="757" WIDTH="36" HEIGHT="21" WC="0.96" CONTENT="det"/><SP WIDTH="16" VPOS="757" HPOS="660"/>
							<String ID="string_198" HPOS="676" VPOS="756" WIDTH="109" HEIGHT="27" WC="0.96" CONTENT="olämpligt"/><SP WIDTH="16" VPOS="756" HPOS="785"/>
							<String ID="string_199" HPOS="801" VPOS="758" WIDTH="32" HEIGHT="19" WC="0.96" CONTENT="att"/><SP WIDTH="16" VPOS="758" HPOS="833"/>
							<String ID="string_200" HPOS="849" VPOS="763" WIDTH="27" HEIGHT="14" WC="0.96" CONTENT="nu"/>
						</TextLine>
						<TextLine ID="line_20" HPOS="47" VPOS="785" WIDTH="830" HEIGHT="28">
							<String ID="string_201" HPOS="47" VPOS="785" WIDTH="101" HEIGHT="22" WC="0.93" CONTENT="särskildt"/><SP WIDTH="15" VPOS="785" HPOS="148"/>
							<String ID="string_202" HPOS="163" VPOS="785" WIDTH="73" HEIGHT="26" WC="0.92" CONTENT="afgöra"/><SP WIDTH="22" VPOS="785" HPOS="236"/>
							<String ID="string_203" HPOS="258" VPOS="785" WIDTH="68" HEIGHT="22" WC="0.95" CONTENT="denna"/><SP WIDTH="22" VPOS="785" HPOS="326"/>
							<String ID="string_204" HPOS="348" VPOS="785" WIDTH="60" HEIGHT="28" WC="0.96" CONTENT="fråga"/><SP WIDTH="22" VPOS="785" HPOS="408"/>
							<String ID="string_205" HPOS="430" VPOS="786" WIDTH="110" HEIGHT="27" WC="0.92" CONTENT="angående"/><SP WIDTH="16" VPOS="786" HPOS="540"/>
							<String ID="string_206" HPOS="556" VPOS="786" WIDTH="139" HEIGHT="26" WC="0.91" CONTENT="skjutslegan,"/><SP WIDTH="16" VPOS="786" HPOS="695"/>
							<String ID="string_207" HPOS="711" VPOS="785" WIDTH="63" HEIGHT="21" WC="0.96" CONTENT="innan"/><SP WIDTH="17" VPOS="785" HPOS="774"/>
							<String ID="string_208" HPOS="791" VPOS="791" WIDTH="48" HEIGHT="14" WC="0.96" CONTENT="man"/><SP WIDTH="16" VPOS="791" HPOS="839"/>
							<String ID="string_209" HPOS="855" VPOS="785" WIDTH="22" HEIGHT="21" WC="0.96" CONTENT="af"/>
						</TextLine>
						<TextLine ID="line_21" HPOS="47" VPOS="813" WIDTH="829" HEIGHT="28">
							<String ID="string_210" HPOS="47" VPOS="814" WIDTH="317" HEIGHT="27" WC="0.90" CONTENT="sammanjemkningsförslaget"/><SP WIDTH="24" VPOS="814" HPOS="364"/>
							<String ID="string_211" HPOS="388" VPOS="814" WIDTH="42" HEIGHT="21" WC="0.96" CONTENT="fått"/><SP WIDTH="22" VPOS="814" HPOS="430"/>
							<String ID="string_212" HPOS="452" VPOS="821" WIDTH="29" HEIGHT="18" WC="0.95" CONTENT="se,"/><SP WIDTH="23" VPOS="821" HPOS="481"/>
							<String ID="string_213" HPOS="504" VPOS="814" WIDTH="55" HEIGHT="21" WC="0.96" CONTENT="huru"/><SP WIDTH="24" VPOS="814" HPOS="559"/>
							<String ID="string_214" HPOS="583" VPOS="815" WIDTH="25" HEIGHT="20" WC="0.96" CONTENT="de"/><SP WIDTH="18" VPOS="815" HPOS="608"/>
							<String ID="string_215" HPOS="626" VPOS="814" WIDTH="86" HEIGHT="21" WC="0.93" CONTENT="dermed"/><SP WIDTH="16" VPOS="814" HPOS="712"/>
							<String ID="string_216" HPOS="728" VPOS="813" WIDTH="148" HEIGHT="22" WC="0.91" CONTENT="sammanhän-"/>
						</TextLine>
						<TextLine ID="line_22" HPOS="46" VPOS="842" WIDTH="830" HEIGHT="28">
							<String ID="string_217" HPOS="46" VPOS="844" WIDTH="69" HEIGHT="25" WC="0.96" CONTENT="gande"/><SP WIDTH="16" VPOS="844" HPOS="115"/>
							<String ID="string_218" HPOS="131" VPOS="843" WIDTH="151" HEIGHT="27" WC="0.96" CONTENT="paragraferna"/><SP WIDTH="16" VPOS="843" HPOS="282"/>
							<String ID="string_219" HPOS="298" VPOS="843" WIDTH="84" HEIGHT="22" WC="0.96" CONTENT="komma"/><SP WIDTH="15" VPOS="843" HPOS="382"/>
							<String ID="string_220" HPOS="397" VPOS="845" WIDTH="33" HEIGHT="20" WC="0.96" CONTENT="att"/><SP WIDTH="15" VPOS="845" HPOS="430"/>
							<String ID="string_221" HPOS="445" VPOS="843" WIDTH="99" HEIGHT="27" WC="0.96" CONTENT="slutligen"/><SP WIDTH="16" VPOS="843" HPOS="544"/>
							<String ID="string_222" HPOS="560" VPOS="843" WIDTH="56" HEIGHT="27" WC="0.95" CONTENT="lyda."/><SP WIDTH="24" VPOS="843" HPOS="616"/>
							<String ID="string_223" HPOS="640" VPOS="843" WIDTH="44" HEIGHT="21" WC="0.96" CONTENT="Och"/><SP WIDTH="17" VPOS="843" HPOS="684"/>
							<String ID="string_224" HPOS="701" VPOS="843" WIDTH="27" HEIGHT="21" WC="0.96" CONTENT="då"/><SP WIDTH="11" VPOS="843" HPOS="728"/>
							<String ID="string_225" HPOS="739" VPOS="843" WIDTH="69" HEIGHT="20" WC="0.96" CONTENT="denna"/><SP WIDTH="8" VPOS="843" HPOS="808"/>
							<String ID="string_226" HPOS="816" VPOS="842" WIDTH="60" HEIGHT="27" WC="0.96" CONTENT="fråga"/>
						</TextLine>
						<TextLine ID="line_23" HPOS="47" VPOS="871" WIDTH="829" HEIGHT="28">
							<String ID="string_227" HPOS="47" VPOS="872" WIDTH="97" HEIGHT="26" WC="0.93" CONTENT="föröfrigt"/><SP WIDTH="22" VPOS="872" HPOS="144"/>
							<String ID="string_228" HPOS="166" VPOS="872" WIDTH="61" HEIGHT="21" WC="0.96" CONTENT="äfven"/><SP WIDTH="23" VPOS="872" HPOS="227"/>
							<String ID="string_229" HPOS="250" VPOS="878" WIDTH="61" HEIGHT="21" WC="0.96" CONTENT="synes"/><SP WIDTH="22" VPOS="878" HPOS="311"/>
							<String ID="string_230" HPOS="333" VPOS="872" WIDTH="45" HEIGHT="21" WC="0.96" CONTENT="tåla"/><SP WIDTH="15" VPOS="872" HPOS="378"/>
							<String ID="string_231" HPOS="393" VPOS="874" WIDTH="33" HEIGHT="19" WC="0.96" CONTENT="att"/><SP WIDTH="15" VPOS="874" HPOS="426"/>
							<String ID="string_232" HPOS="441" VPOS="872" WIDTH="67" HEIGHT="21" WC="0.96" CONTENT="tänka"/><SP WIDTH="15" VPOS="872" HPOS="508"/>
							<String ID="string_233" HPOS="523" VPOS="872" WIDTH="34" HEIGHT="26" WC="0.96" CONTENT="på,"/><SP WIDTH="16" VPOS="872" HPOS="557"/>
							<String ID="string_234" HPOS="573" VPOS="873" WIDTH="51" HEIGHT="20" WC="0.96" CONTENT="enär"/><SP WIDTH="16" VPOS="873" HPOS="624"/>
							<String ID="string_235" HPOS="640" VPOS="872" WIDTH="40" HEIGHT="21" WC="0.96" CONTENT="den"/><SP WIDTH="16" VPOS="872" HPOS="680"/>
							<String ID="string_236" HPOS="696" VPOS="871" WIDTH="81" HEIGHT="27" WC="0.96" CONTENT="ganska"/><SP WIDTH="15" VPOS="871" HPOS="777"/>
							<String ID="string_237" HPOS="792" VPOS="871" WIDTH="84" HEIGHT="27" WC="0.96" CONTENT="mycket"/>
						</TextLine>
						<TextLine ID="line_24" HPOS="46" VPOS="899" WIDTH="830" HEIGHT="28">
							<String ID="string_238" HPOS="46" VPOS="900" WIDTH="41" HEIGHT="21" WC="0.96" CONTENT="kan"/><SP WIDTH="23" VPOS="900" HPOS="87"/>
							<String ID="string_239" HPOS="110" VPOS="901" WIDTH="86" HEIGHT="21" WC="0.96" CONTENT="komma"/><SP WIDTH="22" VPOS="901" HPOS="196"/>
							<String ID="string_240" HPOS="218" VPOS="902" WIDTH="32" HEIGHT="20" WC="0.95" CONTENT="att"/><SP WIDTH="25" VPOS="902" HPOS="250"/>
							<String ID="string_241" HPOS="275" VPOS="900" WIDTH="87" HEIGHT="22" WC="0.96" CONTENT="inverka"/><SP WIDTH="22" VPOS="900" HPOS="362"/>
							<String ID="string_242" HPOS="384" VPOS="901" WIDTH="27" HEIGHT="26" WC="0.93" CONTENT="på"/><SP WIDTH="23" VPOS="901" HPOS="411"/>
							<String ID="string_243" HPOS="434" VPOS="900" WIDTH="287" HEIGHT="22" WC="0.88" CONTENT="samfärdselförhällandena"/><SP WIDTH="15" VPOS="900" HPOS="721"/>
							<String ID="string_244" HPOS="736" VPOS="902" WIDTH="7" HEIGHT="19" WC="0.96" CONTENT="i"/><SP WIDTH="16" VPOS="902" HPOS="743"/>
							<String ID="string_245" HPOS="759" VPOS="900" WIDTH="78" HEIGHT="26" WC="0.96" CONTENT="landet,"/><SP WIDTH="16" VPOS="900" HPOS="837"/>
							<String ID="string_246" HPOS="853" VPOS="899" WIDTH="23" HEIGHT="22" WC="0.96" CONTENT="sä"/>
						</TextLine>
						<TextLine ID="line_25" HPOS="47" VPOS="929" WIDTH="828" HEIGHT="27">
							<String ID="string_247" HPOS="47" VPOS="929" WIDTH="73" HEIGHT="27" WC="0.96" CONTENT="tycker"/><SP WIDTH="14" VPOS="929" HPOS="120"/>
							<String ID="string_248" HPOS="134" VPOS="929" WIDTH="36" HEIGHT="27" WC="0.96" CONTENT="jag"/><SP WIDTH="20" VPOS="929" HPOS="170"/>
							<String ID="string_249" HPOS="190" VPOS="929" WIDTH="34" HEIGHT="21" WC="0.96" CONTENT="för"/><SP WIDTH="22" VPOS="929" HPOS="224"/>
							<String ID="string_250" HPOS="246" VPOS="929" WIDTH="44" HEIGHT="22" WC="0.96" CONTENT="min"/><SP WIDTH="15" VPOS="929" HPOS="290"/>
							<String ID="string_251" HPOS="305" VPOS="929" WIDTH="40" HEIGHT="26" WC="0.96" CONTENT="del,"/><SP WIDTH="16" VPOS="929" HPOS="345"/>
							<String ID="string_252" HPOS="361" VPOS="931" WIDTH="33" HEIGHT="20" WC="0.96" CONTENT="att"/><SP WIDTH="18" VPOS="931" HPOS="394"/>
							<String ID="string_253" HPOS="412" VPOS="929" WIDTH="38" HEIGHT="21" WC="0.96" CONTENT="det"/><SP WIDTH="14" VPOS="929" HPOS="450"/>
							<String ID="string_254" HPOS="464" VPOS="929" WIDTH="47" HEIGHT="22" WC="0.96" CONTENT="icke"/><SP WIDTH="16" VPOS="929" HPOS="511"/>
							<String ID="string_255" HPOS="527" VPOS="930" WIDTH="40" HEIGHT="21" WC="0.96" CONTENT="kan"/><SP WIDTH="17" VPOS="930" HPOS="567"/>
							<String ID="string_256" HPOS="584" VPOS="936" WIDTH="51" HEIGHT="15" WC="0.95" CONTENT="vara"/><SP WIDTH="16" VPOS="936" HPOS="635"/>
							<String ID="string_257" HPOS="651" VPOS="929" WIDTH="111" HEIGHT="27" WC="0.96" CONTENT="olämpligt"/><SP WIDTH="15" VPOS="929" HPOS="762"/>
							<String ID="string_258" HPOS="777" VPOS="931" WIDTH="32" HEIGHT="19" WC="0.93" CONTENT="att"/><SP WIDTH="15" VPOS="931" HPOS="809"/>
							<String ID="string_259" HPOS="824" VPOS="935" WIDTH="51" HEIGHT="20" WC="0.91" CONTENT="upp-"/>
						</TextLine>
						<TextLine ID="line_26" HPOS="47" VPOS="958" WIDTH="214" HEIGHT="27">
							<String ID="string_260" HPOS="47" VPOS="958" WIDTH="70" HEIGHT="27" WC="0.96" CONTENT="skjuta"/><SP WIDTH="16" VPOS="958" HPOS="117"/>
							<String ID="string_261" HPOS="133" VPOS="959" WIDTH="128" HEIGHT="20" WC="0.96" CONTENT="densamma."/>
						</TextLine>
					</TextBlock>
				</ComposedBlock>
				<ComposedBlock ID="cblock_4" HPOS="46" VPOS="1014" WIDTH="831" HEIGHT="109">
					<TextBlock ID="block_3" HPOS="46" VPOS="1014" WIDTH="831" HEIGHT="109">
						<TextLine ID="line_27" HPOS="115" VPOS="1014" WIDTH="761" HEIGHT="28">
							<String ID="string_262" HPOS="115" VPOS="1016" WIDTH="55" HEIGHT="21" WC="0.96" CONTENT="Herr"/><SP WIDTH="16" VPOS="1016" HPOS="170"/>
							<String ID="string_263" HPOS="186" VPOS="1015" WIDTH="146" HEIGHT="22" WC="0.95" CONTENT="Cronvall:"/><SP WIDTH="30" VPOS="1015" HPOS="332"/>
							<String ID="string_264" HPOS="362" VPOS="1015" WIDTH="42" HEIGHT="27" WC="0.95" CONTENT="Jag"/><SP WIDTH="15" VPOS="1015" HPOS="404"/>
							<String ID="string_265" HPOS="419" VPOS="1015" WIDTH="39" HEIGHT="21" WC="0.96" CONTENT="ber"/><SP WIDTH="15" VPOS="1015" HPOS="458"/>
							<String ID="string_266" HPOS="473" VPOS="1017" WIDTH="34" HEIGHT="19" WC="0.96" CONTENT="att"/><SP WIDTH="14" VPOS="1017" HPOS="507"/>
							<String ID="string_267" HPOS="521" VPOS="1015" WIDTH="21" HEIGHT="21" WC="0.96" CONTENT="få"/><SP WIDTH="15" VPOS="1015" HPOS="542"/>
							<String ID="string_268" HPOS="557" VPOS="1015" WIDTH="113" HEIGHT="21" WC="0.96" CONTENT="framhålla"/><SP WIDTH="15" VPOS="1015" HPOS="670"/>
							<String ID="string_269" HPOS="685" VPOS="1016" WIDTH="33" HEIGHT="20" WC="0.96" CONTENT="att"/><SP WIDTH="15" VPOS="1016" HPOS="718"/>
							<String ID="string_270" HPOS="733" VPOS="1014" WIDTH="143" HEIGHT="27" WC="0.95" CONTENT="minderåriga"/>
						</TextLine>
						<TextLine ID="line_28" HPOS="47" VPOS="1043" WIDTH="830" HEIGHT="28">
							<String ID="string_271" HPOS="47" VPOS="1045" WIDTH="52" HEIGHT="21" WC="0.95" CONTENT="barn"/><SP WIDTH="16" VPOS="1045" HPOS="99"/>
							<String ID="string_272" HPOS="115" VPOS="1045" WIDTH="96" HEIGHT="26" WC="0.95" CONTENT="vanligen"/><SP WIDTH="23" VPOS="1045" HPOS="211"/>
							<String ID="string_273" HPOS="234" VPOS="1045" WIDTH="18" HEIGHT="26" WC="0.95" CONTENT="ej"/><SP WIDTH="18" VPOS="1045" HPOS="252"/>
							<String ID="string_274" HPOS="270" VPOS="1046" WIDTH="59" HEIGHT="25" WC="0.96" CONTENT="tagas"/><SP WIDTH="23" VPOS="1046" HPOS="329"/>
							<String ID="string_275" HPOS="352" VPOS="1044" WIDTH="47" HEIGHT="21" WC="0.95" CONTENT="med"/><SP WIDTH="16" VPOS="1044" HPOS="399"/>
							<String ID="string_276" HPOS="415" VPOS="1044" WIDTH="6" HEIGHT="21" WC="0.95" CONTENT="i"/><SP WIDTH="17" VPOS="1044" HPOS="421"/>
							<String ID="string_277" HPOS="438" VPOS="1044" WIDTH="145" HEIGHT="27" WC="0.96" CONTENT="beräkningen"/><SP WIDTH="23" VPOS="1044" HPOS="583"/>
							<String ID="string_278" HPOS="606" VPOS="1044" WIDTH="34" HEIGHT="21" WC="0.95" CONTENT="vid"/><SP WIDTH="23" VPOS="1044" HPOS="640"/>
							<String ID="string_279" HPOS="663" VPOS="1043" WIDTH="169" HEIGHT="22" WC="0.95" CONTENT="bestämmandet"/><SP WIDTH="23" VPOS="1043" HPOS="832"/>
							<String ID="string_280" HPOS="855" VPOS="1043" WIDTH="22" HEIGHT="21" WC="0.96" CONTENT="af"/>
						</TextLine>
						<TextLine ID="line_29" HPOS="46" VPOS="1072" WIDTH="829" HEIGHT="28">
							<String ID="string_281" HPOS="46" VPOS="1073" WIDTH="222" HEIGHT="27" WC="0.92" CONTENT="passagerareafgifter"/><SP WIDTH="16" VPOS="1073" HPOS="268"/>
							<String ID="string_282" HPOS="284" VPOS="1073" WIDTH="38" HEIGHT="21" WC="0.96" CONTENT="och"/><SP WIDTH="20" VPOS="1073" HPOS="322"/>
							<String ID="string_283" HPOS="342" VPOS="1072" WIDTH="69" HEIGHT="22" WC="0.96" CONTENT="skulle"/><SP WIDTH="17" VPOS="1072" HPOS="411"/>
							<String ID="string_284" HPOS="428" VPOS="1072" WIDTH="71" HEIGHT="21" WC="0.96" CONTENT="derför"/><SP WIDTH="16" VPOS="1072" HPOS="499"/>
							<String ID="string_285" HPOS="515" VPOS="1072" WIDTH="86" HEIGHT="22" WC="0.96" CONTENT="anhålla"/><SP WIDTH="15" VPOS="1072" HPOS="601"/>
							<String ID="string_286" HPOS="616" VPOS="1074" WIDTH="31" HEIGHT="19" WC="0.96" CONTENT="att"/><SP WIDTH="16" VPOS="1074" HPOS="647"/>
							<String ID="string_287" HPOS="663" VPOS="1073" WIDTH="68" HEIGHT="20" WC="0.91" CONTENT="denna"/><SP WIDTH="16" VPOS="1073" HPOS="731"/>
							<String ID="string_288" HPOS="747" VPOS="1072" WIDTH="128" HEIGHT="26" WC="0.91" CONTENT="omständig-"/>
						</TextLine>
						<TextLine ID="line_30" HPOS="46" VPOS="1101" WIDTH="354" HEIGHT="22">
							<String ID="string_289" HPOS="46" VPOS="1102" WIDTH="37" HEIGHT="21" WC="0.96" CONTENT="het"/><SP WIDTH="15" VPOS="1102" HPOS="83"/>
							<String ID="string_290" HPOS="98" VPOS="1102" WIDTH="62" HEIGHT="21" WC="0.95" CONTENT="äfven"/><SP WIDTH="16" VPOS="1102" HPOS="160"/>
							<String ID="string_291" HPOS="176" VPOS="1108" WIDTH="27" HEIGHT="15" WC="0.92" CONTENT="nu"/><SP WIDTH="17" VPOS="1108" HPOS="203"/>
							<String ID="string_292" HPOS="220" VPOS="1102" WIDTH="67" HEIGHT="21" WC="0.92" CONTENT="blefve"/><SP WIDTH="15" VPOS="1102" HPOS="287"/>
							<String ID="string_293" HPOS="302" VPOS="1101" WIDTH="98" HEIGHT="22" WC="0.91" CONTENT="beaktad."/>
						</TextLine>
					</TextBlock>
				</ComposedBlock>
				<ComposedBlock ID="cblock_5" HPOS="45" VPOS="1158" WIDTH="830" HEIGHT="200">
					<TextBlock ID="block_4" HPOS="45" VPOS="1158" WIDTH="830" HEIGHT="200">
						<TextLine ID="line_31" HPOS="115" VPOS="1158" WIDTH="760" HEIGHT="28">
							<String ID="string_294" HPOS="115" VPOS="1159" WIDTH="56" HEIGHT="22" WC="0.93" CONTENT="Herr"/><SP WIDTH="15" VPOS="1159" HPOS="171"/>
							<String ID="string_295" HPOS="186" VPOS="1159" WIDTH="142" HEIGHT="27" WC="0.91" CONTENT="Ignatius:"/><SP WIDTH="30" VPOS="1159" HPOS="328"/>
							<String ID="string_296" HPOS="358" VPOS="1159" WIDTH="42" HEIGHT="27" WC="0.96" CONTENT="Jag"/><SP WIDTH="16" VPOS="1159" HPOS="400"/>
							<String ID="string_297" HPOS="416" VPOS="1158" WIDTH="81" HEIGHT="22" WC="0.96" CONTENT="tillåter"/><SP WIDTH="16" VPOS="1158" HPOS="497"/>
							<String ID="string_298" HPOS="513" VPOS="1158" WIDTH="43" HEIGHT="27" WC="0.96" CONTENT="mig"/><SP WIDTH="15" VPOS="1158" HPOS="556"/>
							<String ID="string_299" HPOS="571" VPOS="1159" WIDTH="33" HEIGHT="20" WC="0.96" CONTENT="att"/><SP WIDTH="16" VPOS="1159" HPOS="604"/>
							<String ID="string_300" HPOS="620" VPOS="1158" WIDTH="70" HEIGHT="21" WC="0.96" CONTENT="erinra"/><SP WIDTH="15" VPOS="1158" HPOS="690"/>
							<String ID="string_301" HPOS="705" VPOS="1158" WIDTH="54" HEIGHT="26" WC="0.96" CONTENT="dem,"/><SP WIDTH="16" VPOS="1158" HPOS="759"/>
							<String ID="string_302" HPOS="775" VPOS="1164" WIDTH="45" HEIGHT="15" WC="0.96" CONTENT="som"/><SP WIDTH="17" VPOS="1164" HPOS="820"/>
							<String ID="string_303" HPOS="837" VPOS="1158" WIDTH="38" HEIGHT="21" WC="0.97" CONTENT="här"/>
						</TextLine>
						<TextLine ID="line_32" HPOS="46" VPOS="1187" WIDTH="828" HEIGHT="26">
							<String ID="string_304" HPOS="46" VPOS="1188" WIDTH="63" HEIGHT="22" WC="0.96" CONTENT="hafva"/><SP WIDTH="23" VPOS="1188" HPOS="109"/>
							<String ID="string_305" HPOS="132" VPOS="1188" WIDTH="53" HEIGHT="21" WC="0.96" CONTENT="talat"/><SP WIDTH="22" VPOS="1188" HPOS="185"/>
							<String ID="string_306" HPOS="207" VPOS="1188" WIDTH="33" HEIGHT="21" WC="0.96" CONTENT="för"/><SP WIDTH="24" VPOS="1188" HPOS="240"/>
							<String ID="string_307" HPOS="264" VPOS="1194" WIDTH="25" HEIGHT="15" WC="0.96" CONTENT="en"/><SP WIDTH="22" VPOS="1194" HPOS="289"/>
							<String ID="string_308" HPOS="311" VPOS="1187" WIDTH="146" HEIGHT="22" WC="0.96" CONTENT="modifikation"/><SP WIDTH="24" VPOS="1187" HPOS="457"/>
							<String ID="string_309" HPOS="481" VPOS="1187" WIDTH="23" HEIGHT="20" WC="0.93" CONTENT="af"/><SP WIDTH="13" VPOS="1187" HPOS="504"/>
							<String ID="string_310" HPOS="517" VPOS="1187" WIDTH="170" HEIGHT="21" WC="0.92" CONTENT="Bondeståndets"/><SP WIDTH="16" VPOS="1187" HPOS="687"/>
							<String ID="string_311" HPOS="703" VPOS="1187" WIDTH="69" HEIGHT="21" WC="0.93" CONTENT="beslut"/><SP WIDTH="16" VPOS="1187" HPOS="772"/>
							<String ID="string_312" HPOS="788" VPOS="1187" WIDTH="86" HEIGHT="26" WC="0.90" CONTENT="derhän,"/>
						</TextLine>
						<TextLine ID="line_33" HPOS="45" VPOS="1215" WIDTH="830" HEIGHT="28">
							<String ID="string_313" HPOS="45" VPOS="1219" WIDTH="33" HEIGHT="19" WC="0.96" CONTENT="att"/><SP WIDTH="15" VPOS="1219" HPOS="78"/>
							<String ID="string_314" HPOS="93" VPOS="1217" WIDTH="75" HEIGHT="21" WC="0.96" CONTENT="endast"/><SP WIDTH="16" VPOS="1217" HPOS="168"/>
							<String ID="string_315" HPOS="184" VPOS="1219" WIDTH="76" HEIGHT="19" WC="0.96" CONTENT="tvenne"/><SP WIDTH="15" VPOS="1219" HPOS="260"/>
							<String ID="string_316" HPOS="275" VPOS="1216" WIDTH="108" HEIGHT="21" WC="0.96" CONTENT="fullvuxna"/><SP WIDTH="14" VPOS="1216" HPOS="383"/>
							<String ID="string_317" HPOS="397" VPOS="1222" WIDTH="103" HEIGHT="21" WC="0.96" CONTENT="personer"/><SP WIDTH="15" VPOS="1222" HPOS="500"/>
							<String ID="string_318" HPOS="515" VPOS="1222" WIDTH="45" HEIGHT="15" WC="0.96" CONTENT="som"/><SP WIDTH="17" VPOS="1222" HPOS="560"/>
							<String ID="string_319" HPOS="577" VPOS="1215" WIDTH="41" HEIGHT="22" WC="0.96" CONTENT="åka"/><SP WIDTH="15" VPOS="1215" HPOS="618"/>
							<String ID="string_320" HPOS="633" VPOS="1215" WIDTH="54" HEIGHT="22" WC="0.95" CONTENT="efter"/><SP WIDTH="15" VPOS="1215" HPOS="687"/>
							<String ID="string_321" HPOS="702" VPOS="1221" WIDTH="25" HEIGHT="16" WC="0.96" CONTENT="en"/><SP WIDTH="17" VPOS="1221" HPOS="727"/>
							<String ID="string_322" HPOS="744" VPOS="1215" WIDTH="47" HEIGHT="22" WC="0.96" CONTENT="häst"/><SP WIDTH="16" VPOS="1215" HPOS="791"/>
							<String ID="string_323" HPOS="807" VPOS="1216" WIDTH="68" HEIGHT="21" WC="0.96" CONTENT="skulle"/>
						</TextLine>
						<TextLine ID="line_34" HPOS="46" VPOS="1244" WIDTH="828" HEIGHT="28">
							<String ID="string_324" HPOS="46" VPOS="1246" WIDTH="71" HEIGHT="21" WC="0.96" CONTENT="betala"/><SP WIDTH="16" VPOS="1246" HPOS="117"/>
							<String ID="string_325" HPOS="133" VPOS="1246" WIDTH="39" HEIGHT="21" WC="0.96" CONTENT="den"/><SP WIDTH="16" VPOS="1246" HPOS="172"/>
							<String ID="string_326" HPOS="188" VPOS="1245" WIDTH="99" HEIGHT="27" WC="0.93" CONTENT="förhöjda"/><SP WIDTH="15" VPOS="1245" HPOS="287"/>
							<String ID="string_327" HPOS="302" VPOS="1245" WIDTH="66" HEIGHT="26" WC="0.92" CONTENT="legan,"/><SP WIDTH="17" VPOS="1245" HPOS="368"/>
							<String ID="string_328" HPOS="385" VPOS="1245" WIDTH="73" HEIGHT="21" WC="0.96" CONTENT="derom"/><SP WIDTH="17" VPOS="1245" HPOS="458"/>
							<String ID="string_329" HPOS="475" VPOS="1246" WIDTH="32" HEIGHT="19" WC="0.96" CONTENT="att"/><SP WIDTH="16" VPOS="1246" HPOS="507"/>
							<String ID="string_330" HPOS="523" VPOS="1245" WIDTH="66" HEIGHT="20" WC="0.96" CONTENT="andra"/><SP WIDTH="15" VPOS="1245" HPOS="589"/>
							<String ID="string_331" HPOS="604" VPOS="1246" WIDTH="116" HEIGHT="19" WC="0.96" CONTENT="momentet"/><SP WIDTH="16" VPOS="1246" HPOS="720"/>
							<String ID="string_332" HPOS="736" VPOS="1245" WIDTH="6" HEIGHT="19" WC="0.93" CONTENT="i"/><SP WIDTH="16" VPOS="1245" HPOS="742"/>
							<String ID="string_333" HPOS="758" VPOS="1244" WIDTH="12" HEIGHT="27" WC="0.92" CONTENT="$"/><SP WIDTH="16" VPOS="1244" HPOS="770"/>
							<String ID="string_334" HPOS="786" VPOS="1245" WIDTH="25" HEIGHT="20" WC="0.96" CONTENT="21"/><SP WIDTH="18" VPOS="1245" HPOS="811"/>
							<String ID="string_335" HPOS="829" VPOS="1251" WIDTH="45" HEIGHT="14" WC="0.96" CONTENT="som"/>
						</TextLine>
						<TextLine ID="line_35" HPOS="46" VPOS="1273" WIDTH="829" HEIGHT="27">
							<String ID="string_336" HPOS="46" VPOS="1274" WIDTH="23" HEIGHT="22" WC="0.93" CONTENT="af"/><SP WIDTH="20" VPOS="1274" HPOS="69"/>
							<String ID="string_337" HPOS="89" VPOS="1274" WIDTH="159" HEIGHT="21" WC="0.92" CONTENT="Bondeståndet"/><SP WIDTH="24" VPOS="1274" HPOS="248"/>
							<String ID="string_338" HPOS="272" VPOS="1274" WIDTH="67" HEIGHT="21" WC="0.96" CONTENT="blifvit"/><SP WIDTH="21" VPOS="1274" HPOS="339"/>
							<String ID="string_339" HPOS="360" VPOS="1275" WIDTH="94" HEIGHT="25" WC="0.96" CONTENT="antaget,"/><SP WIDTH="23" VPOS="1275" HPOS="454"/>
							<String ID="string_340" HPOS="477" VPOS="1273" WIDTH="117" HEIGHT="21" WC="0.96" CONTENT="innehåller"/><SP WIDTH="29" VPOS="1273" HPOS="594"/>
							<String ID="string_341" HPOS="623" VPOS="1273" WIDTH="40" HEIGHT="21" WC="0.96" CONTENT="den"/><SP WIDTH="23" VPOS="1273" HPOS="663"/>
							<String ID="string_342" HPOS="686" VPOS="1273" WIDTH="134" HEIGHT="27" WC="0.96" CONTENT="bestämning"/><SP WIDTH="22" VPOS="1273" HPOS="820"/>
							<String ID="string_343" HPOS="842" VPOS="1275" WIDTH="33" HEIGHT="19" WC="0.95" CONTENT="att"/>
						</TextLine>
						<TextLine ID="line_36" HPOS="45" VPOS="1301" WIDTH="830" HEIGHT="28">
							<String ID="string_344" HPOS="45" VPOS="1305" WIDTH="76" HEIGHT="20" WC="0.96" CONTENT="tvenne"/><SP WIDTH="24" VPOS="1305" HPOS="121"/>
							<String ID="string_345" HPOS="145" VPOS="1303" WIDTH="53" HEIGHT="21" WC="0.96" CONTENT="barn"/><SP WIDTH="22" VPOS="1303" HPOS="198"/>
							<String ID="string_346" HPOS="220" VPOS="1303" WIDTH="46" HEIGHT="21" WC="0.96" CONTENT="från"/><SP WIDTH="22" VPOS="1303" HPOS="266"/>
							<String ID="string_347" HPOS="288" VPOS="1302" WIDTH="44" HEIGHT="27" WC="0.96" CONTENT="fyra"/><SP WIDTH="23" VPOS="1302" HPOS="332"/>
							<String ID="string_348" HPOS="355" VPOS="1302" WIDTH="32" HEIGHT="21" WC="0.92" CONTENT="till"/><SP WIDTH="16" VPOS="1302" HPOS="387"/>
							<String ID="string_349" HPOS="403" VPOS="1303" WIDTH="42" HEIGHT="20" WC="0.92" CONTENT="tolf"/><SP WIDTH="16" VPOS="1303" HPOS="445"/>
							<String ID="string_350" HPOS="461" VPOS="1303" WIDTH="35" HEIGHT="20" WC="0.96" CONTENT="års"/><SP WIDTH="16" VPOS="1303" HPOS="496"/>
							<String ID="string_351" HPOS="512" VPOS="1302" WIDTH="59" HEIGHT="21" WC="0.96" CONTENT="ålder"/><SP WIDTH="16" VPOS="1302" HPOS="571"/>
							<String ID="string_352" HPOS="587" VPOS="1307" WIDTH="62" HEIGHT="16" WC="0.96" CONTENT="anses"/><SP WIDTH="16" VPOS="1307" HPOS="649"/>
							<String ID="string_353" HPOS="665" VPOS="1301" WIDTH="43" HEIGHT="22" WC="0.96" CONTENT="lika"/><SP WIDTH="15" VPOS="1301" HPOS="708"/>
							<String ID="string_354" HPOS="723" VPOS="1302" WIDTH="48" HEIGHT="21" WC="0.96" CONTENT="med"/><SP WIDTH="16" VPOS="1302" HPOS="771"/>
							<String ID="string_355" HPOS="787" VPOS="1308" WIDTH="25" HEIGHT="15" WC="0.92" CONTENT="en"/><SP WIDTH="17" VPOS="1308" HPOS="812"/>
							<String ID="string_356" HPOS="829" VPOS="1301" WIDTH="46" HEIGHT="22" WC="0.91" CONTENT="full-"/>
						</TextLine>
						<TextLine ID="line_37" HPOS="45" VPOS="1330" WIDTH="828" HEIGHT="28">
							<String ID="string_357" HPOS="45" VPOS="1338" WIDTH="68" HEIGHT="15" WC="0.95" CONTENT="vuxen"/><SP WIDTH="16" VPOS="1338" HPOS="113"/>
							<String ID="string_358" HPOS="129" VPOS="1338" WIDTH="83" HEIGHT="20" WC="0.95" CONTENT="person,"/><SP WIDTH="16" VPOS="1338" HPOS="212"/>
							<String ID="string_359" HPOS="228" VPOS="1331" WIDTH="39" HEIGHT="21" WC="0.96" CONTENT="och"/><SP WIDTH="24" VPOS="1331" HPOS="267"/>
							<String ID="string_360" HPOS="291" VPOS="1334" WIDTH="31" HEIGHT="18" WC="0.96" CONTENT="att"/><SP WIDTH="16" VPOS="1334" HPOS="322"/>
							<String ID="string_361" HPOS="338" VPOS="1331" WIDTH="52" HEIGHT="21" WC="0.96" CONTENT="barn"/><SP WIDTH="16" VPOS="1331" HPOS="390"/>
							<String ID="string_362" HPOS="406" VPOS="1331" WIDTH="69" HEIGHT="21" WC="0.96" CONTENT="under"/><SP WIDTH="14" VPOS="1331" HPOS="475"/>
							<String ID="string_363" HPOS="489" VPOS="1331" WIDTH="46" HEIGHT="26" WC="0.96" CONTENT="fyra"/><SP WIDTH="15" VPOS="1331" HPOS="535"/>
							<String ID="string_364" HPOS="550" VPOS="1331" WIDTH="25" HEIGHT="20" WC="0.95" CONTENT="år"/><SP WIDTH="14" VPOS="1331" HPOS="575"/>
							<String ID="string_365" HPOS="589" VPOS="1330" WIDTH="47" HEIGHT="21" WC="0.96" CONTENT="icke"/><SP WIDTH="15" VPOS="1330" HPOS="636"/>
							<String ID="string_366" HPOS="651" VPOS="1332" WIDTH="61" HEIGHT="25" WC="0.96" CONTENT="tagas"/><SP WIDTH="15" VPOS="1332" HPOS="712"/>
							<String ID="string_367" HPOS="727" VPOS="1331" WIDTH="7" HEIGHT="19" WC="0.96" CONTENT="i"/><SP WIDTH="16" VPOS="1331" HPOS="734"/>
							<String ID="string_368" HPOS="750" VPOS="1330" WIDTH="123" HEIGHT="26" WC="0.96" CONTENT="beräkning."/>
						</TextLine>
					</TextBlock>
				</ComposedBlock>
				<ComposedBlock ID="cblock_6" HPOS="46" VPOS="1387" WIDTH="828" HEIGHT="57">
					<TextBlock ID="block_5" HPOS="46" VPOS="1387" WIDTH="828" HEIGHT="57">
						<TextLine ID="line_38" HPOS="114" VPOS="1387" WIDTH="760" HEIGHT="23">
							<String ID="string_369" HPOS="114" VPOS="1388" WIDTH="69" HEIGHT="22" WC="0.96" CONTENT="Sedan"/><SP WIDTH="20" VPOS="1388" HPOS="183"/>
							<String ID="string_370" HPOS="203" VPOS="1388" WIDTH="145" HEIGHT="22" WC="0.96" CONTENT="diskussionen"/><SP WIDTH="18" VPOS="1388" HPOS="348"/>
							<String ID="string_371" HPOS="366" VPOS="1388" WIDTH="115" HEIGHT="21" WC="0.93" CONTENT="förklarats"/><SP WIDTH="15" VPOS="1388" HPOS="481"/>
							<String ID="string_372" HPOS="496" VPOS="1387" WIDTH="91" HEIGHT="22" WC="0.92" CONTENT="afslutad"/><SP WIDTH="16" VPOS="1387" HPOS="587"/>
							<String ID="string_373" HPOS="603" VPOS="1387" WIDTH="125" HEIGHT="22" WC="0.92" CONTENT="framstälde"/><SP WIDTH="16" VPOS="1387" HPOS="728"/>
							<String ID="string_374" HPOS="744" VPOS="1387" WIDTH="57" HEIGHT="22" WC="0.93" CONTENT="Herr"/><SP WIDTH="15" VPOS="1387" HPOS="801"/>
							<String ID="string_375" HPOS="816" VPOS="1387" WIDTH="58" HEIGHT="22" WC="0.88" CONTENT="Tal-"/>
						</TextLine>
						<TextLine ID="line_39" HPOS="46" VPOS="1417" WIDTH="225" HEIGHT="27">
							<String ID="string_376" HPOS="46" VPOS="1423" WIDTH="117" HEIGHT="16" WC="0.90" CONTENT="mannen"/><SP WIDTH="15" VPOS="1423" HPOS="163"/>
							<String ID="string_377" HPOS="178" VPOS="1417" WIDTH="93" HEIGHT="27" WC="0.96" CONTENT="följande"/>
						</TextLine>
					</TextBlock>
				</ComposedBlock>
				<ComposedBlock ID="cblock_7" HPOS="45" VPOS="1473" WIDTH="829" HEIGHT="86">
					<TextBlock ID="block_6" HPOS="45" VPOS="1473" WIDTH="829" HEIGHT="86">
						<TextLine ID="line_40" HPOS="114" VPOS="1473" WIDTH="760" HEIGHT="28">
							<String ID="string_378" HPOS="114" VPOS="1474" WIDTH="193" HEIGHT="27" WC="0.91" CONTENT="Proposition:"/><SP WIDTH="31" VPOS="1474" HPOS="307"/>
							<String ID="string_379" HPOS="338" VPOS="1474" WIDTH="31" HEIGHT="21" WC="0.96" CONTENT="De"/><SP WIDTH="16" VPOS="1474" HPOS="369"/>
							<String ID="string_380" HPOS="385" VPOS="1479" WIDTH="46" HEIGHT="16" WC="0.96" CONTENT="som"/><SP WIDTH="17" VPOS="1479" HPOS="431"/>
							<String ID="string_381" HPOS="448" VPOS="1479" WIDTH="28" HEIGHT="15" WC="0.96" CONTENT="nu"/><SP WIDTH="16" VPOS="1479" HPOS="476"/>
							<String ID="string_382" HPOS="492" VPOS="1473" WIDTH="50" HEIGHT="27" WC="0.96" CONTENT="vilja"/><SP WIDTH="15" VPOS="1473" HPOS="542"/>
							<String ID="string_383" HPOS="557" VPOS="1473" WIDTH="54" HEIGHT="22" WC="0.93" CONTENT="fatta"/><SP WIDTH="15" VPOS="1473" HPOS="611"/>
							<String ID="string_384" HPOS="626" VPOS="1473" WIDTH="104" HEIGHT="21" WC="0.93" CONTENT="definitivt"/><SP WIDTH="10" VPOS="1473" HPOS="730"/>
							<String ID="string_385" HPOS="740" VPOS="1473" WIDTH="85" HEIGHT="22" WC="0.96" CONTENT="beslut"/><SP WIDTH="-4" VPOS="1473" HPOS="825"/>
							<String ID="string_386" HPOS="821" VPOS="1469" WIDTH="9" HEIGHT="36" WC="0.92" CONTENT="i"/><SP WIDTH="7" VPOS="1469" HPOS="830"/>
							<String ID="string_387" HPOS="837" VPOS="1480" WIDTH="37" HEIGHT="15" WC="0.92" CONTENT="an-"/>
						</TextLine>
						<TextLine ID="line_41" HPOS="45" VPOS="1501" WIDTH="829" HEIGHT="28">
							<String ID="string_388" HPOS="45" VPOS="1503" WIDTH="85" HEIGHT="33" WC="0.96" CONTENT="ledning"/><SP WIDTH="15" VPOS="1503" HPOS="130"/>
							<String ID="string_389" HPOS="145" VPOS="1503" WIDTH="23" HEIGHT="22" WC="0.93" CONTENT="af"/><SP WIDTH="13" VPOS="1503" HPOS="168"/>
							<String ID="string_390" HPOS="181" VPOS="1503" WIDTH="170" HEIGHT="21" WC="0.92" CONTENT="Bondeständets"/><SP WIDTH="15" VPOS="1503" HPOS="351"/>
							<String ID="string_391" HPOS="366" VPOS="1502" WIDTH="162" HEIGHT="27" WC="0.92" CONTENT="ifrägavarande"/><SP WIDTH="13" VPOS="1502" HPOS="528"/>
							<String ID="string_392" HPOS="541" VPOS="1501" WIDTH="124" HEIGHT="28" WC="0.92" CONTENT="inbjudning"/><SP WIDTH="10" VPOS="1501" HPOS="665"/>
							<String ID="string_393" HPOS="675" VPOS="1508" WIDTH="61" HEIGHT="15" WC="0.92" CONTENT="svara"/><SP WIDTH="13" VPOS="1508" HPOS="736"/>
							<String ID="string_394" HPOS="749" VPOS="1502" WIDTH="35" HEIGHT="27" WC="0.92" CONTENT="ja;"/><SP WIDTH="17" VPOS="1502" HPOS="784"/>
							<String ID="string_395" HPOS="801" VPOS="1503" WIDTH="73" HEIGHT="20" WC="0.92" CONTENT="vinner"/>
						</TextLine>
						<TextLine ID="line_42" HPOS="45" VPOS="1519" WIDTH="829" HEIGHT="40">
							<String ID="string_396" HPOS="45" VPOS="1532" WIDTH="46" HEIGHT="27" WC="0.96" CONTENT="nej,"/><SP WIDTH="26" VPOS="1532" HPOS="91"/>
							<String ID="string_397" HPOS="117" VPOS="1533" WIDTH="96" HEIGHT="20" WC="0.96" CONTENT="kommer"/><SP WIDTH="25" VPOS="1533" HPOS="213"/>
							<String ID="string_398" HPOS="238" VPOS="1532" WIDTH="48" HEIGHT="21" WC="0.96" CONTENT="med"/><SP WIDTH="25" VPOS="1532" HPOS="286"/>
							<String ID="string_399" HPOS="311" VPOS="1519" WIDTH="125" HEIGHT="39" WC="0.91" CONTENT="afgörandet"/><SP WIDTH="25" VPOS="1519" HPOS="436"/>
							<String ID="string_400" HPOS="461" VPOS="1532" WIDTH="32" HEIGHT="20" WC="0.89" CONTENT="att"/><SP WIDTH="25" VPOS="1532" HPOS="493"/>
							<String ID="string_401" HPOS="518" VPOS="1531" WIDTH="51" HEIGHT="21" WC="0.91" CONTENT="bero"/><SP WIDTH="19" VPOS="1531" HPOS="569"/>
							<String ID="string_402" HPOS="588" VPOS="1530" WIDTH="54" HEIGHT="21" WC="0.91" CONTENT="intill"/><SP WIDTH="16" VPOS="1530" HPOS="642"/>
							<String ID="string_403" HPOS="658" VPOS="1530" WIDTH="47" HEIGHT="22" WC="0.93" CONTENT="dess"/><SP WIDTH="15" VPOS="1530" HPOS="705"/>
							<String ID="string_404" HPOS="720" VPOS="1532" WIDTH="154" HEIGHT="20" WC="0.92" CONTENT="sammansatta"/>
						</TextLine>
					</TextBlock>
				</ComposedBlock>
			</PrintSpace>
		</Page>
	</Layout>
</alto>
