1070 1795
262 118 178 22 Borgareståndet
452 119 56 18 1877.
529 119 22 17 13
564 118 98 18 Oktober.
834 115 53 19 1141

61 189 34 20 att
114 187 95 22 medföra
224 187 88 28 mycken
327 187 113 27 olägenhet
455 187 34 22 för
505 187 26 22 de
545 187 182 26 hemmansegare,
742 193 45 16 som
803 187 86 22 komma

61 218 34 20 att
109 216 33 21 till
157 216 160 27 ifrågavarande
332 216 148 27 reservskjuts,
493 228 28 3 —
537 222 34 15 om
584 216 37 27 jag
635 216 25 21 så
674 215 32 22 får
721 216 58 21 kalla
794 217 47 24 den,
857 216 32 21 in-

62 245 64 21 delas.
155 245 41 21 Till
212 247 32 19 att
259 244 59 28 börja
334 245 55 25 med,
404 245 42 21 kan
463 245 37 21 det
514 244 47 21 icke
576 245 104 21 undvikas
690 246 33 20 att
730 245 159 27 gästgifvarene

61 273 54 22 eller
133 275 188 25 entreprenörerne
336 273 96 28 begagna
448 273 33 27 sig
496 273 23 22 af
533 273 68 22 denna
616 273 134 26 bestämning
766 273 33 21 för
814 276 33 19 att
860 273 29 28 på

61 301 148 28 mångfalldigt
224 303 42 20 sätt
281 303 121 21 trakassera
417 302 120 21 resandena
551 308 77 20 genom
642 302 84 27 uppgift
742 303 31 20 att
789 302 36 21 det
836 302 53 22 fast-

62 331 69 21 stälda
152 330 82 22 antalet
257 331 72 21 hästar
344 331 78 26 utgått.
452 330 96 22 Sålunda
564 331 82 26 tvingas
662 337 49 14 man
726 333 33 18 att
773 330 68 22 anlita
855 337 34 15 re-

61 359 143 27 servskjutsen
220 359 33 21 för
268 360 32 21 sin
315 360 72 21 vidare
402 359 135 26 framkomst,
547 359 68 22 ehuru
630 359 106 22 måhända
752 359 25 21 de
792 359 28 28 på
832 361 56 25 gäst-

61 387 96 29 gifveriet
172 387 110 28 befintliga
297 388 244 27 entreprenadhästarna
555 387 47 22 icke
616 389 58 20 ännu
686 387 46 22 från
744 388 145 27 gästgifveriet

61 418 78 26 utgått.
168 416 31 28 Ty
222 417 114 27 dagboken,
358 423 46 15 som
426 417 40 21 här
481 417 70 21 skulle
565 418 77 26 utgöra
658 417 40 21 den
714 417 106 27 egentliga
835 417 54 21 kon-

61 446 84 23 trollen,
160 445 42 22 kan
218 445 47 22 icke
280 452 48 15 vara
344 446 65 27 något
423 446 80 21 sådant
517 446 123 25 dokument,
655 445 27 27 på
694 445 82 22 hvilket
787 451 48 16 man
846 446 42 21 kan

60 475 57 20 sätta
136 474 48 21 fullt
204 473 129 28 förtroende,
350 474 28 21 då
394 474 40 21 den
450 473 97 22 befinner
561 474 32 27 sig
609 473 5 21 i
630 474 155 26 gästgifvarens
800 474 87 21 händer.

60 502 272 28 Lägenhetsinnehafvaren
355 503 85 22 komme
464 505 33 19 att
520 503 118 21 vidkännas
662 505 46 18 stor
730 502 113 27 olägenhet
865 502 25 22 af

60 532 59 21 detta
141 531 124 27 stadgande,
284 538 33 15 om
332 531 62 22 äfven
410 532 40 21 den
466 531 123 27 skjutslega,
606 531 84 21 hvartill
707 531 25 21 de
748 533 37 20 äro
801 531 88 22 berätti-

59 560 54 27 gade
135 560 134 25 fördubblas;
285 562 22 25 ty
322 567 34 14 om
373 561 68 20 denna
457 560 100 27 förböjda
571 560 47 26 lega
633 559 55 22 skall
703 566 51 15 vara
769 566 26 15 en
811 561 77 20 ersätt-

59 589 50 27 ning
119 589 34 21 för
164 589 36 21 det
210 589 68 20 ökade
289 589 80 24 besvär,
380 595 45 15 som
436 590 33 19 för
485 588 263 27 lägenhetsinnehafvaren
763 588 125 27 härigenom

59 617 164 26 åstadkommes,
239 617 24 21 så
278 617 83 22 befarar
374 617 37 27 jag
426 619 33 20 att
475 617 40 22 den
531 617 65 22 likväl
612 617 46 21 icke
674 617 96 21 kommer
785 619 32 19 att
832 617 34 21 stå
880 617 8 20 i

59 645 97 27 behörigt
179 646 133 21 förhållande
333 646 33 21 till
382 647 39 20 den
438 646 120 26 olägenhet,
575 652 45 15 som
636 652 76 21 genom
728 645 160 28 skjutshällnin-

58 681 41 20 gen
119 675 89 26 ådrages
230 675 84 21 honom.
344 675 50 21 Mitt
416 674 81 27 förslag
520 681 50 15 vore
585 675 7 20 i
607 674 87 22 korthet
716 676 33 19 att
771 676 117 19 momentet

59 703 68 22 skulle
150 703 84 28 strykas
254 703 39 22 och
315 703 50 22 hela
387 703 193 28 skjutshällningen
602 703 78 22 ordnas
696 703 23 21 sä
734 705 33 19 att
783 703 18 26 ej
817 703 70 27 någon

58 731 148 28 reservskjuts,
226 732 128 22 åtminstone
369 732 47 21 icke
431 732 24 21 så
471 732 118 26 anordnad,
605 738 44 15 som
666 731 111 22 Utskottet
791 731 96 28 föreslår,

58 760 85 22 komme
158 761 6 21 i
180 760 66 27 fråga.

126 818 56 21 Herr
203 818 135 22 Jansson:
367 818 61 22 Hvad
452 817 55 22 först
529 818 66 26 angår
610 817 162 28 utstrykningen
788 817 23 22 af
825 817 62 22 ordet

58 847 176 26 »entreprenad",
249 847 23 21 så
292 847 62 22 torde
370 847 36 21 det
421 847 65 21 blifva
501 846 131 27 nödvändigt
647 848 33 19 att
695 846 49 21 med
759 846 100 21 afseende
875 846 13 21 å

59 875 101 22 Ständets
183 875 71 22 beslut
275 875 132 22 beträffande
422 876 12 26 $
451 876 27 21 13
493 875 45 21 låta
561 875 61 21 ordet
645 875 57 26 utgå.
722 887 22 2 —
762 875 47 21 Mot
831 875 56 21 Herr

58 904 106 21 Höckerts
180 904 80 27 förslag
274 904 38 21 ber
325 905 37 27 jag
378 906 32 19 att
425 904 21 21 få
461 904 72 21 erinra
548 905 32 20 att
595 903 65 28 syftet
676 903 46 22 med
740 903 59 22 detta
809 902 78 28 lagför-

58 933 46 26 slag
127 934 24 19 är
173 934 32 20 att
227 933 78 22 bereda
327 933 92 26 lindring
442 933 23 21 åt
488 933 41 21 den
545 932 24 21 af
582 932 170 27 skjutsbesväret
766 932 121 26 betungade

56 961 83 26 jorden.
155 974 27 2 —
199 961 31 21 En
254 962 117 26 väsendtlig
394 961 93 27 lindring
509 961 90 21 beredes
614 961 123 26 derigenom
754 963 32 19 att
802 960 13 21 å
829 962 58 25 gäst-

59 989 96 28 gifveriet
177 989 101 22 behöfver
302 990 67 22 hållas
392 990 75 21 endast
491 990 36 21 det
543 990 78 21 minsta
637 989 85 27 möjliga
738 989 59 21 antal
813 989 74 22 hästar

60 1018 40 21 och
117 1018 33 21 för
166 1018 141 22 befordrande
323 1019 23 21 af
360 1019 64 26 sagde
440 1018 99 22 ändamål
555 1020 24 19 är
595 1019 59 20 detta
670 1018 117 26 stadgande
800 1017 87 22 infördt.

59 1047 43 21 Det
117 1047 66 21 finnes
199 1047 147 28 gästgifverier
361 1048 7 21 i
383 1048 80 23 landet,
481 1047 38 21 der
534 1047 94 26 skjutsen
645 1047 63 26 utgår
718 1047 85 27 mycket
813 1046 74 26 sällan,

59 1081 48 16 men
131 1075 73 26 ojemt.
234 1076 42 21 Det
299 1083 49 14 vore
371 1079 31 18 ett
417 1078 48 19 rent
481 1075 75 22 slöseri
572 1078 33 19 att
619 1075 123 27 beständigt
757 1076 34 21 vid
807 1075 80 21 sådana

59 1104 147 27 gästgifverier
226 1105 54 21 fästa
302 1107 30 19 ett
348 1107 67 19 större
431 1104 59 21 antal
505 1105 76 20 endast
596 1103 136 28 tillfälligtvis
748 1103 139 28 erforderliga

59 1133 83 24 hästar;
159 1133 71 21 derför
246 1133 39 21 har
300 1134 35 21 det
350 1136 58 24 synts
424 1133 119 27 Utskottet,
558 1133 88 21 likasom
664 1133 64 21 också
744 1133 39 21 den
799 1133 87 26 komité,

59 1167 45 15 som
121 1161 100 27 uppgjort
236 1161 100 28 förslaget
351 1162 33 21 till
399 1162 168 27 propositionen,
583 1161 121 27 lämpligast
719 1164 33 19 att
762 1161 35 21 vid
807 1161 80 21 sådana

59 1189 147 28 gästgifverier
228 1191 79 21 inrätta
331 1197 25 15 en
372 1190 163 27 uppbådskjuts,
552 1190 85 21 hvilken
654 1191 47 20 icke
717 1190 39 21 bör
770 1189 66 22 blifva
851 1189 36 21 be-

58 1219 115 26 tungande,
188 1219 28 21 då
236 1219 188 27 skjutspenningen
445 1219 33 22 för
495 1219 69 20 denna
579 1220 24 20 är
618 1219 88 21 dubbelt
722 1219 65 26 högre
803 1219 27 20 än
847 1218 40 21 den

59 1247 91 26 vanliga.
180 1247 85 22 Sådana
286 1248 114 24 missbruk,
419 1254 45 15 som
481 1247 57 22 Herr
553 1247 97 22 Höckert
665 1247 86 22 befarar
766 1247 71 21 kunna
852 1247 35 20 väl

58 1275 92 26 inträffa,
170 1278 22 25 ty
211 1283 48 14 man
276 1277 60 21 torde
352 1277 106 26 knappast
474 1276 71 21 kunna
560 1276 116 27 förebygga
691 1278 33 19 att
739 1276 61 25 lagen
815 1275 72 27 kring-

57 1305 39 26 gås
119 1304 52 21 eller
194 1305 138 26 öfverträdes;
356 1312 47 15 men
426 1305 35 21 det
477 1305 68 20 finnes
560 1305 119 21 emellertid
695 1305 33 21 för
742 1304 145 27 gästgifvaren

59 1335 31 19 ett
105 1333 81 26 ganska
201 1335 83 25 strängt
299 1340 75 15 ansvar
389 1336 75 21 utsatt,
481 1334 71 20 derest
567 1333 42 21 han
624 1339 76 21 genom
712 1333 78 26 oriktig
801 1332 86 22 anteck-

58 1362 51 26 ning
128 1361 6 21 i
155 1362 112 26 dagboken
289 1362 35 21 vill
347 1362 79 22 bereda
450 1362 32 26 sig
497 1368 26 15 en
539 1362 74 21 fördel.
643 1362 42 26 Jag
700 1364 46 19 tror
762 1361 77 27 derför,
855 1362 32 20 att

59 1390 36 21 det
106 1390 67 27 ligger
187 1390 7 21 i
210 1390 26 22 de
252 1390 237 29 skjutsningsskyldiges
504 1397 67 15 sanna
581 1390 90 22 intresse
681 1393 32 19 att
724 1390 59 22 detta
793 1392 94 19 moment

58 1419 117 22 bibehålles
190 1419 144 22 oförändradt.

126 1476 57 21 Herr
193 1476 122 22 Höckert:
325 1477 42 26 Jag
377 1476 89 27 misstog
477 1476 42 27 mig
531 1476 46 21 icke
586 1482 34 15 om
628 1475 65 28 syftet
702 1475 6 22 i
717 1476 60 21 detta
785 1477 101 24 moment,

58 1505 82 21 hvilket
160 1505 55 21 Herr
230 1505 91 21 Jansson
336 1505 107 21 förklarar
458 1511 52 15 vara
525 1505 91 26 lindring
631 1504 7 21 i
654 1503 233 28 skjutshållningsskyl-
