1070 1795
165 130 55 22 1582
368 149 2 2 -
385 135 179 22 Borgareständet
575 137 55 17 1877.
654 136 24 17 31
690 136 98 18 Oktober.

147 214 3 4 :
233 204 34 21 Då
288 205 62 26 ingen
372 205 73 21 vidare
459 204 68 22 talare
542 205 99 21 anmälde
656 205 32 27 sig
702 205 34 21 till
752 205 123 22 erhållande
890 205 23 22 af
926 205 69 25 ordet,

163 233 134 22 förklarades
312 233 147 22 diskussionen
475 233 91 22 rörande
582 233 116 27 ordningen
714 233 34 22 för
763 233 100 22 ärendets
875 234 72 21 vidare
958 234 36 21 be-

163 261 102 28 handling
288 261 104 27 afslutad;
416 262 40 21 och
477 268 46 16 som
545 262 58 21 Herr
624 261 95 28 Nyboms
742 262 95 27 yrkande
852 263 28 26 på
895 263 101 21 ärendets

163 290 156 27 bordläggning
334 291 47 21 icke
396 291 74 21 vunnit
480 291 123 24 understöd,
614 290 134 22 framställde
760 291 56 21 Herr
836 290 35 22 Tal
885 297 108 15 mannen

163 319 34 21 till
212 319 102 22 Ståndets
329 319 131 22 besvarande
475 319 94 27 följande

233 376 181 27 Proposition:
438 377 37 25 De,
492 383 45 16 som
553 377 91 22 rörande
659 377 101 21 ärendets
775 377 72 21 vidare
863 375 131 29 behandling

163 405 51 28 vilja
236 405 91 22 omfatta
348 405 67 22 sådan
438 405 90 27 ordning
543 408 32 20 att
590 405 53 22 först
658 405 55 22 skall
729 405 90 27 afgöras,
835 405 105 21 huruvida
956 412 36 15 en-

164 434 48 21 dast
236 436 32 19 ett
291 434 96 27 generelt
410 434 110 21 uttalande
542 435 90 20 rörande
654 434 122 21 inrättande
799 434 22 21 af
838 440 41 21 nya
893 434 99 21 läroverk

163 463 55 21 skall
239 463 38 21 ske
299 463 46 21 från
368 463 130 21 Ständernas
520 463 52 26 sida,
595 469 62 15 svara
670 463 33 27 ja;
720 463 74 21 vinner
809 463 40 27 nej,
865 463 86 21 komma
966 462 27 21 de

164 491 106 22 särskilda
286 497 62 16 mom.
365 491 66 28 g)—1)
446 493 33 20 att
493 491 68 28 punkt
571 491 34 22 för
614 491 69 27 punkt
693 492 116 26 genomgäs
819 491 40 22 och
871 491 119 21 diskussion

163 520 92 21 rörande
271 519 47 22 dem
334 519 96 27 afslutas,
446 523 55 18 samt
517 520 54 21 först
586 521 64 20 sedan
666 520 44 21 alla
726 520 62 21 dessa
803 519 92 28 punkter
906 525 85 21 genom-

164 548 64 27 gåtts,
246 548 92 22 berörda
360 549 95 26 yrkande
477 555 35 15 om
535 550 31 20 ett
587 549 95 26 generelt
702 549 111 21 uttalande
829 548 31 22 till
876 548 117 27 afgörande

163 577 116 27 företagas.

233 629 76 21 Denna
330 629 132 27 proposition
485 629 127 22 besvarades
628 629 35 21 vid
678 629 94 21 anställd
788 629 95 26 votering
898 628 48 21 med
962 629 27 20 23

162 657 27 27 ja
204 659 45 20 mot
267 659 25 20 15
308 657 55 28 nej.

234 714 51 21 Som
301 714 117 22 emellertid
438 715 57 21 tiden
510 715 131 21 framskridit
656 715 33 21 till
704 714 92 22 klockan
815 715 24 21 10
854 714 28 27 på
897 713 95 27 aftonen,

164 743 99 27 upplöste
286 743 56 21 Herr
362 743 158 22 Talmannen
542 743 168 22 sammanträdet
726 743 48 22 med
789 743 203 27 tillkännagifvande

164 774 33 19 att
212 773 62 20 nästa
288 772 86 26 plenum
390 772 84 21 komme
489 774 33 19 att
537 778 39 21 ega
591 779 47 14 rum
653 772 112 27 Fredagen
776 772 41 21 den
827 773 12 20 2
850 771 141 22 instundande

164 799 122 23 November
302 800 90 22 klockan
409 802 25 20 11
451 801 165 26 föremiddagen.
