1070 1795
279 126 180 22 Borgareståndet
470 127 55 18 1877.
550 127 26 18 27
589 127 101 17 Oktober.
844 122 53 21 1461

71 202 46 15 som
139 195 47 22 icke
203 195 48 27 fyllt
268 197 26 20 18
309 196 29 27 år,
358 195 47 22 icke
420 195 56 27 finge
491 195 109 22 användas
615 195 33 21 till
664 195 74 22 arbete
753 195 34 22 vid
803 195 96 22 fabriker

72 224 89 22 emellan
177 224 91 21 klockan
284 226 12 19 9
312 231 33 15 om
369 225 87 21 aftonen
472 224 40 21 och
528 225 12 20 5
557 230 34 15 om
607 230 122 20 morgonen.
759 224 42 21 Det
816 226 25 19 är
853 224 46 27 just

71 254 7 21 i
94 253 58 21 tiden
174 253 46 21 före
244 253 26 21 18
292 253 28 25 år,
344 259 46 15 som
415 253 41 21 den
471 253 96 21 växande
583 253 119 26 ungdomen
718 252 103 23 behöfver
835 253 64 22 hafva

71 282 32 21 sin
119 283 47 20 natt
180 282 7 21 i
203 288 30 17 ro,
256 281 128 22 åtminstone
406 287 34 16 om
460 282 41 21 den
516 283 25 19 är
556 283 83 24 strängt
654 281 111 27 sysselsatt
779 287 34 16 om
829 282 69 27 dagen

71 310 40 21 och
125 310 36 27 jag
188 309 85 22 befarar
297 312 31 19 att
344 310 36 21 det
395 310 140 27 uppväxande
560 309 89 27 slägtets
676 309 79 28 fysiska
777 311 122 26 utveckling

71 339 85 21 komme
170 341 33 19 att
226 339 49 26 lida,
292 345 32 15 om
344 339 40 21 den
400 338 131 22 handhafves
545 341 53 18 utan
614 338 81 21 sådana
710 338 73 26 vilkor,
798 345 45 15 som
860 339 39 21 här

72 369 37 19 äro
132 367 126 28 föreslagna.
288 367 40 27 Jag
350 367 117 27 tillstyrkes
491 367 71 22 derför
577 369 32 19 ett
624 367 122 26 ovilkorligt
762 367 76 22 förbud
854 370 45 19 mot

72 395 73 28 dylika
159 402 112 21 personers
286 396 140 22 användande
441 395 32 22 till
489 395 122 23 nattarbete
627 395 67 22 under
710 396 26 21 de
751 395 38 22 här
797 396 102 27 uppgifna

71 425 119 21 timmarne.
219 425 47 22 Den
282 425 89 21 svenska
386 424 152 28 författningen
553 424 118 22 innehåller
686 424 87 22 alldeles
788 425 111 21 enahanda

70 453 164 28 bestämningar.

142 511 55 21 Herr
219 511 117 21 Kurtén:
366 511 43 20 För
432 511 43 20 min
498 510 34 21 del
555 510 68 22 skulle
644 510 37 27 jag
695 510 68 22 hellre
777 510 64 22 hafva
855 512 44 20 sett

71 541 33 20 att
120 540 62 21 äfven
206 540 58 21 detta
288 541 94 19 moment
404 539 55 21 varit
483 539 68 26 borta,
575 539 47 22 icke
641 539 75 21 endast
732 538 70 22 derför
817 541 32 20 att
861 539 38 27 jag

72 570 46 19 tror
134 570 32 19 att
189 569 36 20 det
246 567 73 22 länder
341 568 33 21 till
386 568 68 21 skada
471 567 34 22 för
520 568 127 21 arbetarene
662 568 6 21 i
684 567 121 28 allmänhet,
822 574 35 15 om
873 574 26 15 en

71 597 66 21 sådan
153 597 132 26 bestämning
307 597 67 26 ingår,
391 599 50 18 utan
463 597 66 20 också
544 597 89 21 emedan
649 597 40 20 den
706 596 64 27 enligt
785 597 43 20 min
843 596 56 27 åsigt

72 627 24 19 är
112 625 64 27 något
192 625 87 27 otydlig.
310 625 49 22 Men
375 625 53 21 först
442 625 39 21 ber
494 625 37 27 jag
546 627 32 19 att
594 625 22 21 få
631 625 85 21 bemöta
732 625 55 21 Herr
797 625 101 21 Höckert.

71 654 42 27 Jag
129 660 62 15 anser
207 656 32 19 att
261 660 48 15 man
324 654 128 21 åtminstone
472 654 48 21 med
536 653 134 28 läkareintyg
686 654 65 21 borde
766 653 21 22 få
802 653 97 22 använda

73 689 102 20 personer
191 683 67 20 under
275 684 25 19 18
324 683 23 20 år
364 682 30 21 till
411 682 129 21 nattarbete.
570 683 41 26 Jag
626 682 56 21 hade
694 682 34 21 vid
744 682 154 27 motiveringen

71 711 25 22 af
117 712 48 20 mitt
187 711 93 27 yrkande
304 711 5 21 i
332 711 58 21 förra
412 713 118 19 momentet
552 713 51 19 äran
620 713 78 19 nämna
712 711 101 27 glasbruk
828 711 70 21 såsom

71 739 101 28 exempel.
204 740 42 21 Der
268 741 23 20 är
313 740 36 21 det
374 739 58 22 fallet
455 741 34 20 att
510 739 83 22 arbetet
609 746 39 15 ena
664 739 78 28 dygnet
757 739 40 22 kan
813 739 86 22 inträffa

72 775 35 14 om
123 769 67 26 dagen
206 768 39 21 och
261 769 35 20 det
311 769 66 20 andra
395 769 79 26 dygnet
490 775 33 14 om
540 771 80 23 natten,
635 769 82 20 således
732 768 93 21 varierar
839 769 60 20 arbe-

72 799 32 19 tet
119 797 28 28 på
162 797 57 21 olika
241 797 55 21 tider
318 797 23 21 af
355 797 79 26 dygnet
456 797 40 21 och
512 797 75 21 räcker
602 797 12 20 3
630 797 52 21 eller
697 797 14 21 4
726 797 84 21 timmar
825 797 13 20 å
853 797 45 21 rad.

71 825 43 22 Vid
129 825 99 27 fabriker,
244 832 45 15 som
311 825 107 22 bedrifvas
432 825 93 22 nattetid
541 827 24 20 är
581 825 66 22 oftast
663 825 60 22 fallet
738 827 32 20 att
785 825 114 22 arbetarne

72 854 19 27 ej
108 854 106 27 begagnas
237 854 32 21 till
292 854 73 21 arbete
381 854 71 27 hvarje
474 856 47 19 natt
537 856 52 19 utan
604 855 82 20 indelas
701 855 7 20 i
724 854 56 21 olika
795 856 65 23 turer,
875 855 24 20 så

73 885 33 19 att
128 883 84 21 arbetet
234 883 143 21 återkommer
399 883 123 21 hvarannan
545 883 52 21 eller
620 883 53 21 hvar
695 883 68 26 tredje
784 885 47 19 natt
846 883 52 21 eller

73 911 65 22 också
152 911 42 22 alla
216 913 72 20 nätter
310 918 24 15 en
350 913 42 20 viss
408 911 34 22 del
457 911 24 21 af
495 913 82 20 natten.
607 911 105 26 Slutligen
728 912 38 21 ber
778 911 37 27 jag
830 913 32 19 att
877 911 22 21 få

72 942 79 19 nämna
173 942 32 19 att
228 941 58 20 detta
309 940 116 27 stadgande
448 940 109 21 förefaller
578 940 42 27 mig
642 940 63 21 äfven
726 942 47 19 röra
789 940 110 27 sjömanna

72 969 108 26 näringen,
204 969 40 21 den
267 971 23 19 är
313 969 128 21 åtminstone
464 969 41 20 här
525 969 48 21 icke
588 969 142 26 undantagen,
746 969 39 20 och
801 969 6 20 i
823 969 76 20 sådant

73 997 38 22 fall
126 999 38 25 gör
179 997 41 22 den
235 997 72 27 hvarje
321 998 93 27 yngling,
423 1003 44 16 som
485 997 18 27 ej
520 997 47 28 fyllt
585 998 25 20 18
623 997 25 22 år
660 997 85 28 oduglig
753 997 32 21 till
796 997 102 27 sjötjenst,

72 1029 23 24 ty
111 1026 38 21 der
163 1028 24 19 är
202 1026 36 21 det
260 1026 169 27 oundgängligen
448 1026 133 27 nödvändigt
595 1028 32 19 att
643 1026 42 21 han
700 1028 38 25 gör
753 1026 31 21 sin
800 1025 99 22 nattvakt

72 1055 7 20 i
95 1058 36 18 tur
145 1055 89 21 likasom
258 1055 65 26 öfriga
343 1055 104 21 arbetare.
480 1055 50 21 Som
546 1055 53 21 hvar
614 1061 48 14 man
678 1057 36 19 vet
728 1055 81 20 indelas
825 1056 73 19 natten

73 1083 89 22 ombord
184 1084 28 27 på
234 1083 66 27 skepp
318 1084 6 21 i
340 1083 76 22 vakter
431 1083 39 22 och
487 1084 150 25 besättningen
653 1085 24 19 är
692 1083 96 22 fördelad
803 1083 8 21 i
824 1083 75 21 vakter

73 1112 21 21 af
109 1112 72 21 hvilka
204 1112 40 21 den
268 1118 39 15 ena
329 1113 67 20 turvis
420 1114 23 19 är
457 1112 36 21 till
508 1112 47 26 kojs
571 1112 39 21 och
626 1112 41 21 den
682 1112 67 21 andra
765 1118 61 21 uppe.
857 1112 41 26 Jag

72 1141 69 20 skulle
157 1141 71 21 derför
248 1147 51 15 anse
321 1143 32 19 att
372 1141 36 21 det
426 1147 51 15 vore
493 1141 48 21 bäst
557 1143 32 18 att
604 1140 93 22 utesluta
713 1142 115 19 momentet
843 1141 55 20 intill

73 1169 48 22 dess
136 1169 19 21 vi
171 1169 21 22 få
208 1175 25 15 en
250 1169 86 22 särskild
360 1169 133 27 lagstiftning
509 1169 7 21 i
532 1170 59 20 detta
607 1171 67 24 ämne,
691 1175 47 15 men
754 1169 67 21 skulle
837 1169 62 21 Stån-

73 1199 36 20 det
124 1198 84 21 besluta
222 1198 32 26 sig
269 1199 33 20 för
316 1201 31 18 att
363 1198 107 21 bibehålla
487 1198 42 25 det,
545 1198 24 21 så
584 1198 38 21 ber
635 1198 37 27 jag
688 1200 32 19 att
735 1198 89 21 Ståndet
835 1198 64 20 emel-

73 1227 63 21 lertid
152 1227 66 21 måtte
241 1227 84 26 vidtaga
344 1227 76 27 åtgärd
436 1227 74 21 derom
526 1228 32 19 att
574 1227 35 21 det
625 1227 69 21 blefve
709 1227 103 26 tydligare
827 1226 24 21 så
866 1227 33 20 att

72 1255 112 28 ynglingar
198 1256 68 21 under
283 1258 24 19 18
322 1256 24 21 år
362 1261 45 16 som
423 1257 36 19 äro
476 1256 8 20 i
501 1255 97 27 sjötjenst
614 1255 140 27 undantagas.

141 1313 57 21 Herr
212 1313 140 21 Höckert:
382 1312 121 27 Ingalunda
523 1312 32 21 lär
577 1312 36 22 det
629 1312 33 21 väl
679 1312 50 22 falla
744 1312 69 27 någon
829 1311 22 21 in
867 1313 32 20 att

73 1341 160 27 bestämningen
256 1341 108 27 angående
386 1341 123 27 ynglingars
533 1341 68 21 under
625 1343 25 19 18
673 1341 24 21 år
712 1340 139 22 användande
867 1340 32 21 till

72 1370 122 21 nattarbete
210 1370 60 21 äfven
286 1370 68 21 skulle
369 1369 62 22 hafva
446 1369 136 28 tillämpning
597 1370 27 27 på
640 1370 84 27 sjöfolk,
740 1370 51 20 eller
806 1368 92 22 minder-

71 1398 60 27 åriga
148 1398 51 21 barn
222 1399 89 21 ombord
332 1399 28 26 på
379 1398 168 28 handelsfartyg.
577 1398 40 27 Jag
632 1399 86 25 medger
733 1398 54 21 dock
802 1399 32 20 att
849 1397 50 22 ord-

72 1427 128 27 ställningen
216 1428 6 21 i
238 1427 67 27 tredje
328 1429 116 20 momentet
460 1427 50 22 icke
525 1429 24 20 är
564 1427 48 21 fullt
627 1427 68 27 tydlig
711 1427 39 21 och
765 1427 71 21 kunde
852 1426 47 21 der-

71 1456 34 21 för
120 1456 68 21 tarfva
204 1463 25 14 en
245 1456 157 27 upphjelpning,
419 1455 39 22 och
474 1456 35 21 för
523 1456 77 21 sådant
615 1455 100 22 ändamål
724 1455 70 22 kunde
805 1461 94 15 momen-

72 1487 31 18 tet
119 1485 70 26 också,
205 1491 33 15 om
254 1485 24 21 så
293 1491 61 15 anses
370 1484 80 27 nödigt,
467 1484 169 22 återremitteras
651 1485 33 21 till
700 1485 105 21 utskottet
821 1483 33 22 för
866 1485 33 19 att

72 1513 132 28 förtydligas,
227 1519 48 16 men
291 1513 7 21 i
313 1513 62 27 ingen
398 1513 104 22 händelse
525 1513 68 22 skulle
605 1513 37 28 jag
657 1513 71 22 kunna
744 1513 85 21 biträda
843 1511 56 22 Herr
