1070 1795
282 127 179 22 Borgareståndet
471 128 56 17 1877.
551 127 27 17 25
591 127 101 17 Oktober.
853 121 55 21 1369

146 196 171 27 Proposition
339 197 48 20 N:o
408 197 26 20 4:
465 196 39 27 De,
520 202 44 15 som
581 196 32 21 till
630 195 211 28 kontraproposition
857 196 52 26 vilja

77 227 77 25 antaga
178 225 56 22 Herr
254 225 137 26 Tengströms
412 224 86 27 förslag,
521 224 66 27 enligt
610 225 82 20 hvilket
715 224 54 21 efter
784 224 61 21 ordet
861 224 46 26 ,,bi-

77 254 77 27 lägga'
170 253 69 22 skulle
254 253 105 26 inskjutas
375 253 61 21 ordet
452 269 5 10 ,
458 253 172 26 vederbörligt",
646 259 62 15 svara
720 253 38 26 ja;
770 253 73 21 vinner
854 253 53 27 nej,

77 288 62 15 anses
163 281 33 22 till
212 282 209 27 kontraproposition
438 283 87 25 antaget
541 282 56 20 Herr
612 281 103 22 Janssons
730 281 95 28 yrkande
841 281 67 27 enligt

77 311 81 21 hvilket
174 311 66 20 orden
257 311 97 26 ,,bilägge
370 311 72 26 intyg'
458 310 61 21 skola
535 310 86 27 utbytas
636 312 58 19 emot
710 325 5 10 ,
718 310 99 27 styrke".

146 369 68 26 Äfven
234 380 29 15 nu
279 373 102 26 begärdes
397 374 133 27 omröstning
545 379 45 16 som
607 373 55 27 förty
678 373 118 26 anstäldes;
813 373 39 22 och
869 373 40 22 be-

78 403 99 21 svarades
192 402 76 22 härvid
284 402 159 28 propositionen
459 402 49 22 med
526 403 27 20 17
567 403 30 26 ja
612 402 39 21 och
668 403 29 21 23
714 402 47 27 nej.

147 465 168 28 Proposition
338 465 48 22 N:o
408 466 22 21 5:
461 465 38 26 De,
516 471 45 16 som
584 465 115 26 godkänna
722 471 61 15 mom.
807 465 14 22 &
840 465 67 26 enligt

78 495 122 22 Utskottets
225 494 78 27 förslag
324 494 48 21 med
395 494 40 21 den
455 494 45 21 deri
516 494 65 21 redan
599 494 98 21 beslutna
712 494 157 26 uteslutningen
886 493 24 21 af

79 523 63 22 orden
160 525 35 25 ,är
211 523 56 26 det",
284 523 108 27 behagade
407 529 62 14 svara
482 523 42 26 ja;
541 523 73 20 vinner
631 522 48 27 nej,
696 528 61 15 anses
772 522 91 22 Ständet
871 522 35 21 be-

78 552 67 21 slutat
160 553 32 20 att
208 551 59 21 detta
282 554 94 19 moment
391 551 54 21 skall
461 551 82 22 erhålla
554 551 93 26 följande
662 551 91 26 lydelse:
765 567 12 10 ,,
780 551 69 26 bolag,
861 557 45 15 som

79 580 137 27 näringsyrke
232 579 50 22 idka
297 579 42 25 vill,
355 580 73 27 styrke
443 582 32 19 att
491 580 48 21 dess
555 579 61 22 firma
632 579 70 22 blifvit
717 579 6 21 i
740 579 64 28 laglig
816 579 91 27 ordning

79 609 91 21 anmäld.

147 672 161 27 Propositionen
324 672 128 21 besvarades
468 671 34 22 vid
518 671 92 22 anställd
626 671 131 27 omröstning
773 671 47 21 med
839 671 28 21 12
880 671 27 26 ja

79 701 38 21 och
134 701 31 21 28
181 701 49 26 nej.

148 763 161 22 Momentet
323 766 19 18 4.

149 826 56 21 Herr
220 827 146 20 Boström:
389 827 46 20 Den
451 825 128 26 diskussion,
596 832 45 15 som
658 826 64 21 redan
738 826 6 21 i
760 825 89 22 Ständet
864 825 41 21 för-

79 855 87 26 siggätt,
190 855 38 20 har
251 855 183 26 hufvudsakligast
455 855 48 21 haft
523 855 100 21 afseende
642 855 26 26 pä
684 855 58 21 detta
758 856 93 19 moment
867 854 39 21 och

80 883 67 27 enligt
170 883 26 22 de
211 883 79 28 äsigter
302 884 36 27 jag
354 883 84 26 uttalat,
455 884 64 26 yrkar
533 883 36 27 jag
584 884 28 26 pä
626 883 171 27 propositionens
812 882 94 27 godkän-

79 913 75 20 nande.

149 969 55 20 Herr
224 969 178 26 Tengström:
423 969 70 21 Sedan
509 969 90 21 Ständet
614 969 67 21 under
697 969 35 21 tvä
748 969 85 21 timmar
849 969 58 20 med-

80 997 76 21 hunnit
172 997 36 21 tvä
223 998 69 24 rader,
306 997 24 21 sä
345 997 90 22 föreslär
448 997 37 27 jag
501 1000 32 19 att
548 998 20 21 vi
585 997 54 22 fatta
656 1004 34 15 oss
702 999 24 20 sä
738 998 49 21 kort
797 1003 45 16 som
854 997 53 27 möj-

79 1026 39 26 ligt
141 1025 39 22 och
203 1026 115 21 inskränka
340 1032 34 15 oss
396 1026 32 21 till
450 1027 49 20 litet
519 1026 82 21 mindre
621 1027 150 26 andraganden
793 1028 26 19 än
840 1026 68 21 under

81 1055 147 20 diskussionen
244 1061 34 15 om
295 1055 61 21 dessa
371 1055 35 21 tvä
423 1055 68 21 rader.

148 1083 10 21 I
181 1083 98 21 afseende
302 1083 12 21 &
337 1084 58 20 detta
418 1085 6 19 4
440 1090 64 15 mom.
527 1084 68 21 måste
613 1084 37 26 jag
673 1083 46 21 åter
734 1083 73 26 tillstä,
825 1085 32 19 att
870 1083 37 27 jag

79 1111 46 21 icke
147 1111 67 22 finner
237 1112 42 27 mig
302 1111 155 22 tillfredsställd
473 1112 24 21 af
510 1112 122 21 Utskottets
648 1112 140 26 betänkande,
805 1112 39 21 och
860 1112 46 21 icke

79 1139 67 22 heller
175 1140 23 21 af
227 1141 39 20 den
292 1140 118 27 Kejserliga
437 1141 160 26 propositionen
623 1141 5 20 i
654 1141 72 20 saken.
756 1141 45 21 Den
829 1141 78 26 nådiga

77 1168 160 27 propositionen
260 1169 118 21 innehåller
399 1171 33 19 att
454 1169 138 26 näringsyrke
614 1169 48 21 icke
684 1169 32 21 får
732 1169 88 26 utöfvas,
842 1169 64 21 innan

78 1197 40 21 den
142 1197 128 26 myndighet,
294 1197 37 22 hos
354 1197 83 22 hvilken
459 1198 98 21 anmälan
574 1198 63 27 skett,
660 1198 122 21 densamma
805 1197 102 27 godkänt.

78 1225 45 22 Här
146 1227 23 19 är
192 1225 82 22 således
297 1226 46 21 åter
365 1227 100 26 stadgadt
489 1233 80 15 samma
585 1227 165 26 omständighet,
773 1232 44 15 som
841 1226 65 21 redan

77 1256 24 19 är
129 1254 129 26 diskuterad,
280 1255 105 26 nämligen
411 1261 33 15 om
471 1255 183 28 myndigheterna,
680 1255 122 27 isynnerhet
828 1255 79 20 krono-

77 1283 109 26 fogdarna,
214 1283 151 21 tillkommmer
392 1283 155 27 pröfningsrätt
574 1283 39 22 och
641 1283 124 26 behörighet
793 1285 32 19 att
848 1283 59 22 med-

77 1311 48 21 dela
145 1311 71 28 utslag
237 1312 6 20 i
265 1315 31 18 ett
318 1312 77 21 sådant
417 1314 70 19 ämne.
517 1313 41 26 Jag
581 1318 62 15 anser
658 1313 36 20 det
710 1313 46 20 icke
774 1319 52 14 vara
841 1311 66 27 lämp-

77 1339 38 27 ligt
138 1340 38 20 och
200 1341 80 25 nödgas
303 1340 69 21 derför
394 1340 78 22 föreslå
493 1341 135 21 uteslutande
650 1341 23 20 af
688 1341 66 21 orden
770 1341 138 24 ,,densamma

76 1368 111 26 godkänt".
218 1368 49 21 Men
292 1369 47 21 icke
364 1369 67 21 heller
455 1369 43 21 kan
518 1369 38 27 jag
579 1369 49 26 ingå
650 1369 28 27 på
700 1369 121 21 Utskottets
843 1368 62 27 åsigt,

77 1399 32 18 att
131 1403 32 19 en,
186 1403 45 15 som
254 1397 63 22 söker
339 1398 103 27 rättighet
457 1398 34 21 till
506 1398 138 27 näringsyrke
660 1399 61 24 skall,
737 1399 68 20 såsom
823 1403 26 16 en
865 1397 43 21 för-

76 1431 85 15 svarare
184 1426 22 21 af
228 1425 120 22 Utskottets
370 1426 80 27 förslag
472 1427 72 26 tyckes
559 1427 87 26 åsyftat,
662 1427 81 21 erhålla
758 1427 101 20 tillåtelse
875 1428 33 19 att

76 1453 20 21 få
112 1454 98 27 begynna
224 1455 48 20 med
288 1455 38 20 sitt
341 1455 51 26 yrke
408 1455 67 21 redan
491 1455 27 26 på
533 1455 91 21 förhand
640 1455 40 21 och
695 1455 90 21 sålunda
801 1461 106 21 exponera

76 1482 31 27 sig
122 1482 33 21 för
170 1485 32 19 att
224 1483 64 21 blifva
304 1483 70 22 åtalad
391 1483 40 22 och
447 1483 64 22 dömd
527 1483 34 21 för
576 1484 62 26 olaga
654 1484 81 26 näring.
766 1483 50 22 Man
833 1483 73 26 tyckes

75 1511 70 26 åsyfta
160 1514 32 18 att
208 1511 78 22 bereda
302 1512 25 21 de
344 1512 38 21 hos
398 1518 34 15 oss
448 1513 6 20 i
471 1512 116 21 allmänhet
603 1513 23 20 så
642 1512 36 21 illa
690 1512 95 22 aflönade
800 1512 109 21 allmänna
