1070 1795
192 124 41 21 978
401 129 179 21 Borgareståndet
593 130 56 17 1877.
674 131 12 16 3
700 130 98 17 Oktober.

192 197 147 22 förhållanden
355 204 46 15 som
420 198 85 27 betinga
520 198 158 27 fattighjelpen,
694 200 52 19 utan
763 200 32 19 att
810 199 5 20 i
832 199 76 21 sådant
922 199 99 22 afseende

190 226 92 21 behöfva
308 227 99 26 rådfråga
430 227 180 26 kyrkoböckerne.
644 227 48 21 Men
717 227 36 20 det
775 233 62 20 synes
859 228 100 26 naturligt
982 230 38 23 att,

192 255 38 21 der
252 255 174 27 församlingarne
448 255 46 21 icke
514 255 49 26 vilja
579 255 63 22 hafva
658 256 31 21 sin
706 257 59 25 prest
780 257 6 19 i
803 256 217 27 fattigvårdstyrelsen

192 283 51 21 eller
264 283 42 21 han
329 283 48 27 sjelf
400 290 60 15 anser
477 284 30 26 sig
523 284 31 21 till
572 285 90 20 medlem
678 285 46 20 deri
740 284 47 21 icke
803 291 50 14 vara
869 284 92 27 lämplig,
977 285 42 21 han

192 311 18 27 ej
227 312 39 21 bör
281 313 6 20 i
303 312 218 27 fattigvårdstyrelsen
537 313 56 26 ingå.

260 369 56 21 Herr
338 369 150 27 Ignatius:
519 369 57 21 Herr
598 369 32 22 W.
646 369 94 27 Nysténs
755 371 136 25 andragande
907 371 53 20 låter
976 370 43 27 mig

192 397 72 27 förstä,
288 400 30 19 att
339 397 147 28 kyrkoherden
509 397 123 28 härigenom
651 398 69 22 skulle
736 398 86 28 äläggas
838 399 65 27 nägot
917 399 101 21 särskildt

191 427 81 25 besvär,
292 433 47 15 men
362 426 77 22 honom
456 426 137 22 tillerkännes
607 428 23 25 ju
646 427 55 21 blott
716 428 104 26 rättighet
836 428 45 21 icke
897 428 121 26 skyldighet

191 457 32 19 att
245 455 6 20 i
275 455 230 26 fattigvärdstyrelsens
528 455 159 25 förhandlingar
710 456 91 26 deltaga,
826 456 39 21 och
881 455 136 28 deltagandet

190 483 63 21 beror
269 483 87 22 sälunda
373 483 126 27 fullkomligt
515 483 24 21 af
552 483 53 22 hans
620 484 41 21 fria
677 484 57 27 vilja.
765 484 107 27 Föröfrigt
888 485 70 26 tyckes
968 485 49 20 herr

190 511 33 21 W.
246 511 80 28 Nystön
350 512 149 21 underskattat
522 512 122 27 betydelsen
667 513 61 20 deraf
742 515 32 19 att
789 513 227 26 fattigvärdsstyrelsen

190 541 82 20 känner
293 540 238 27 familjeförhällandena
551 541 56 21 inom
623 541 136 21 kommunen.
790 542 67 21 Dessa
871 541 145 22 förhällanden

191 569 72 21 kunna
279 569 45 21 icke
339 569 61 21 alltid
416 569 85 21 utredas
516 573 51 17 utan
583 569 166 27 civil-registret.

260 626 56 21 Herr
337 627 23 20 A.
384 626 175 26 Björkstön:
590 627 32 20 De
644 626 46 21 utaf
712 626 50 21 herr
783 627 95 24 Ignatius
895 627 29 21 uti
939 627 77 26 ifräga-

190 655 93 21 varande
305 656 62 19 ämne
390 655 74 26 gjorda
487 655 149 26 andraganden
658 655 58 26 gifva
731 655 47 21 stöd
794 655 23 21 ät
833 656 35 20 det
884 656 74 20 väckta
973 655 40 21 för-

190 683 69 26 slaget
280 689 34 15 om
337 683 130 26 uteslutning
489 683 22 21 af
525 686 116 18 momentet
660 684 19 25 3,
696 683 89 22 emedan
801 684 36 21 det
852 684 106 21 förefaller
973 684 42 26 mig

190 718 52 19 som,
265 718 34 15 om
322 714 114 19 momentet
456 712 13 20 3
492 711 68 22 skulle
583 713 93 26 gvarstä,
693 712 35 21 det
744 715 59 18 snart
818 719 42 20 nog
875 713 69 20 kunde
960 713 56 26 gifva

192 741 113 25 anledning
327 740 31 21 till
382 740 40 21 den
446 740 141 27 uppfattning,
603 743 32 18 att
650 741 28 20 dä
693 741 148 26 kyrkoherden
857 743 24 18 är
896 741 120 26 berättigad

189 771 33 18 att
245 769 85 26 deltaga
352 769 6 20 i
381 768 229 27 fattigvärdstyrelsens
634 769 183 27 öfverläggningar
833 769 39 21 och
887 769 76 24 beslut,
979 769 36 22 det

190 797 90 21 sälunda
296 798 46 20 icke
357 803 50 15 vore
422 797 46 21 skäl
484 800 31 18 att
531 797 121 21 derutöfver
668 797 77 27 invälja
762 798 76 21 honom
854 797 31 22 till
901 798 93 21 ledamot
1010 798 5 20 i

190 826 139 25 direktionen,
350 825 39 22 och
404 828 32 19 att
452 826 67 21 denna
534 826 136 27 uppfattning
685 827 71 20 kunde
772 826 97 21 utveckla
884 827 31 25 sig
930 826 86 27 derhän,

189 856 33 19 att
243 854 148 27 kyrkoherden
409 854 67 21 skulle
499 861 50 14 vara
572 854 91 27 fritagen
683 855 46 20 frän
750 855 147 26 skyldigheten
915 857 32 18 att
965 861 51 14 vara

189 883 95 22 ledamot
300 883 39 21 och
355 883 80 26 endast,
452 883 27 21 dä
493 883 78 21 honom
587 883 23 21 sä
626 883 32 20 för
673 883 53 26 godt
741 889 69 21 synes,
826 884 85 20 komma
926 885 31 19 att
973 883 44 21 del-

190 914 50 24 taga
262 912 7 20 i
293 911 25 21 de
340 911 181 27 öfverläggningar
543 911 38 22 och
601 911 69 22 beslut
692 918 46 15 som
758 912 70 21 kunde
849 912 114 21 intressera
979 911 38 22 ho-

189 947 56 14 nom.
276 941 41 26 Jag
331 940 68 21 skulle
415 939 69 22 derför
499 940 46 21 icke
560 940 57 21 finna
632 941 26 20 de
674 940 23 21 af
711 940 53 21 herr
774 941 94 26 Ignatius
879 940 138 21 anförtrodda

190 969 47 21 skäl
253 969 127 26 tillräckliga
399 968 32 21 för
447 968 158 22 bibehällandet
620 968 22 22 af
656 969 69 26 tredje
741 971 122 22 momentet,
880 971 21 24 ty
917 969 31 20 till
964 968 53 27 följd

190 997 23 22 af
234 997 41 22 den
298 998 22 20 af
334 997 49 21 herr
398 997 120 27 Chydenius
533 997 67 21 redan
616 997 111 26 päpekade
743 997 184 27 omständigheten
944 999 31 19 att
990 1003 26 15 en

189 1027 69 20 större
277 1026 99 21 kommun
399 1026 41 21 kan
462 1032 50 15 vara
535 1026 86 21 indelad
641 1027 6 20 i
664 1026 76 26 mänga
757 1025 156 28 församlingar;
929 1026 32 21 till
977 1025 40 22 och

189 1055 48 21 med
260 1054 56 25 flere,
339 1056 27 19 än
390 1055 26 20 de
438 1055 23 20 af
481 1054 49 21 herr
549 1054 121 27 Chydenius
686 1054 97 27 anförda,
801 1055 23 20 sä
839 1054 40 21 kan
896 1055 36 20 det
946 1054 71 21 hända

189 1085 34 19 att
245 1085 32 19 ett
296 1083 215 27 fattigvärdstyrelses
527 1083 70 21 beslut
612 1083 68 21 skulle
697 1084 86 20 komma
798 1085 32 19 att
845 1083 93 21 dikteras
954 1083 23 20 af
991 1089 26 14 en

190 1112 112 27 pluralitet
324 1111 22 21 af
366 1111 147 27 kyrkoherdar
534 1118 45 15 som
602 1112 47 21 icke
665 1111 87 22 tillhöra
768 1112 133 21 direktionen
917 1111 38 22 och
971 1111 46 21 icke

189 1146 61 15 anses
270 1140 98 27 lämpliga
392 1142 31 19 att
443 1140 43 21 deri
508 1140 57 27 ingä.
595 1140 41 26 Jag
660 1140 103 21 vidhäller
785 1140 89 21 sälunda
890 1140 46 21 mitt
952 1140 64 21 redan

190 1169 74 27 gjorda
279 1169 99 26 yrkande.
865 1169 4 3 ”

260 1227 55 21 Herr
332 1227 190 26 Tengström:
554 1225 41 27 Jag
609 1226 85 21 förenar
710 1226 44 27 mig
769 1225 48 22 med
833 1225 74 21 herrar
922 1225 95 27 Procopé

190 1255 40 22 och
251 1255 101 26 Ignatius.
382 1255 77 21 Skälen
478 1257 37 18 äro
531 1254 176 27 hufvudsakligen
723 1254 40 21 och
779 1254 31 21 till
825 1256 69 19 större
910 1255 60 20 delen
985 1260 32 15 re-

190 1284 42 21 dan
255 1283 22 22 af
299 1283 48 22 herr
369 1283 94 26 Ignatius
486 1283 131 21 utvecklade.
648 1283 49 21 Men
718 1283 70 21 dertill
811 1283 100 26 kommer,
935 1285 32 18 att
980 1282 37 26 jag

190 1319 63 15 anser
276 1312 171 27 kyrkoherdarne
469 1312 5 21 i
491 1318 25 15 en
532 1311 123 26 församling
671 1311 53 21 böra
740 1313 91 19 närvara
846 1311 30 21 uti
891 1311 126 27 fattigvård-

190 1341 112 26 styrelsen,
324 1341 70 20 såsom
418 1342 171 24 representanter
611 1340 40 21 och
666 1340 134 20 företrädare
815 1339 34 21 för
865 1340 39 20 den
920 1339 98 26 kristliga

192 1369 202 27 barmhertigheten,
417 1369 32 21 för
470 1371 31 19 att
523 1368 46 21 icke
593 1369 90 20 allenast
705 1369 41 20 den
762 1368 23 21 så
800 1368 84 21 kallade
901 1367 116 27 menskliga

190 1398 104 21 rättvisan
315 1398 34 21 må
371 1399 52 26 göra
437 1398 31 25 sig
483 1397 104 26 gällande,
605 1399 49 19 utan
670 1397 61 21 äfven
749 1397 98 26 välviljan
863 1397 39 20 och
918 1396 98 21 ömheten

190 1426 34 21 för
239 1427 39 20 den
295 1426 80 27 fattige,
392 1426 58 21 äfven
467 1426 37 21 der
519 1426 24 21 så
559 1425 23 22 af
595 1426 40 21 den
651 1427 122 26 strängaste
788 1427 35 25 lag
837 1425 47 21 icke
900 1425 67 21 skulie
980 1424 36 27 på-

190 1455 75 26 kallas,
288 1455 7 20 i
318 1455 75 21 sådant
415 1455 98 20 afseende
536 1456 24 19 är
583 1454 161 27 kyrkoherdens
760 1456 89 19 närvaro
866 1453 88 27 önsklig.
986 1453 31 20 De

191 1484 137 26 svårigheter,
352 1489 45 15 som
416 1483 47 21 herr
479 1483 122 26 Chydenius
616 1485 88 24 antager
720 1482 61 21 skola
796 1482 77 27 uppstå
888 1482 32 21 för
936 1488 26 15 en
977 1481 40 21 fat-

190 1512 177 27 tigvårdstyrelse,
391 1512 37 21 der
448 1511 148 27 församlingar
618 1512 22 20 af
660 1511 50 22 flere
734 1511 185 21 trosbekännelser
941 1509 75 27 finnas,
