1070 1795
282 139 177 20 Borgareständet
472 138 54 17 1877.
551 139 12 16 3
577 138 97 17 Oktober.
844 133 42 21 959

266 274 152 35 Onsdagen
436 275 57 27 den
511 274 18 27 3
543 274 133 28 Oktober.

128 345 34 20 Kl.
182 347 21 18 11
222 344 45 21 före
283 345 111 26 middagen
410 344 172 21 sammanträdde
597 344 182 26 Borgareståndet
795 344 32 21 till
840 344 44 27 ple-

59 379 56 15 num.
146 373 40 21 Vid
206 373 94 21 anstäldt
322 380 80 20 upprop
419 373 104 21 befunnos
539 373 101 21 Ståndets
656 373 97 25 samtlige
768 373 117 21 ledamöter

59 401 62 22 hafva
143 401 92 21 infunnit
258 403 32 26 sig
312 405 57 18 utom
393 402 49 21 herr
465 401 97 26 Masalin,
579 407 45 15 som
640 401 110 21 anmäldes
765 407 50 16 vara
830 401 54 27 sjuk,

59 430 49 21 herr
129 430 103 27 Dunajeff,
256 437 34 14 om
312 430 85 21 hvilken
420 430 67 27 gäller
510 431 53 20 hvad
588 430 5 21 i
618 430 130 27 protokollet
768 430 31 21 för
815 431 39 20 den
873 432 9 19 1

59 459 78 20 dennes
153 461 24 18 är
192 459 126 21 antecknadt
335 459 39 21 och
390 459 48 21 herr
454 459 97 26 Liljeros,
567 465 45 14 som
628 459 55 20 dock
700 459 48 20 kort
763 459 53 20 efter
831 465 54 20 upp-

58 490 62 24 ropet
136 488 162 21 tillstädeskom.

128 635 118 21 Fortsattes
270 636 45 20 med
338 635 154 27 behandlingen
515 635 24 21 af
561 635 221 21 Ekonomiutskottets
808 635 75 21 betän-

59 663 68 21 kande
151 663 5 21 i
178 664 114 27 anledning
315 663 21 22 af
358 664 59 21 Hans
433 664 119 26 Kejserliga
568 664 110 26 Majestäts
694 664 77 26 nådiga
787 663 96 27 proposi-

58 691 45 21 tion
120 693 108 25 angående
244 692 106 21 allmänna
366 693 149 26 fattigvården.

127 749 109 21 Rubriken
253 749 31 21 till
300 750 43 21 Art.
361 750 21 21 II
398 750 129 27 godkändes.

446 836 10 25 $
473 837 18 19 7.

126 891 56 22 Herr
198 891 160 22 Snellman:
390 893 72 26 Enligt
479 893 41 20 min
545 893 83 26 mening
652 895 24 18 är
697 893 35 20 det
748 892 87 27 onödigt
850 895 32 19 att

56 920 39 21 här
116 920 123 27 ytterligare
262 921 82 26 päpeka
366 923 32 19 att
417 921 143 27 fattigvärden
577 923 23 19 är
616 928 25 14 en
658 921 31 21 till
706 922 40 20 den
762 921 119 27 borgerliga

56 949 127 20 kommunen
208 949 92 21 hörande
323 950 160 26 angelägenhet.
515 950 74 21 Redan
610 950 30 21 uti
664 949 25 29 $$
708 952 7 18 1
734 950 37 21 och
788 953 12 17 2
818 950 63 21 fram-

56 977 37 27 går
116 980 32 18 att
171 977 106 27 verkligen
300 978 23 21 så
338 980 24 19 är
378 978 66 26 fallet,
461 979 39 20 och
516 979 71 20 derför
602 979 74 26 tycker
688 978 37 27 jag
741 978 32 21 för
789 979 41 20 min
847 979 34 20 del

56 1008 33 19 att
101 1006 65 21 orden
183 1008 38 22 ,är
236 1013 26 14 en
278 1006 31 21 till
326 1007 38 20 den
381 1007 120 26 borgerliga
513 1007 129 21 kommunen
652 1007 94 21 hörande
756 1007 125 26 angelägen-

57 1035 47 20 het"
119 1041 45 14 som
181 1035 70 21 kunde
266 1035 113 27 utstrykas.

125 1091 55 22 Herr
203 1092 145 21 Höckert:
379 1093 10 20 I
410 1095 90 19 motsats
524 1093 30 20 till
578 1093 49 20 herr
646 1093 108 21 Snellman
769 1099 62 14 anser
844 1092 37 26 jag

55 1121 33 20 att
111 1120 138 21 redaktionen
272 1123 22 19 är
310 1121 64 26 riktig
389 1121 65 21 sådan
471 1121 40 21 den
528 1123 29 19 är.
590 1121 44 21 Den
651 1122 61 26 tyder
727 1122 27 25 på
769 1121 111 21 skilnaden

55 1149 91 20 emellan
168 1149 40 21 den
224 1149 96 27 kyrkliga
335 1150 39 21 och
391 1150 120 26 borgerliga
527 1150 126 21 kommunen
670 1151 38 20 och
725 1150 56 21 afser
795 1152 33 18 att
844 1149 36 21 be-

55 1179 51 19 tona
121 1177 37 21 det
173 1177 140 27 fattigvården
330 1185 86 14 numera
432 1178 73 21 tillhör
521 1179 40 20 den
577 1185 81 18 senare,
674 1179 6 20 i
698 1181 87 18 motsats
801 1178 32 21 till
844 1178 36 21 det

55 1205 138 28 förhållande,
209 1213 44 14 som
270 1207 52 26 egde
338 1213 46 15 rum
401 1207 45 21 före
462 1207 26 21 de
503 1213 41 21 nya
559 1207 123 21 kommunal
697 1207 182 21 institutionernas

55 1234 117 21 införande.
203 1235 77 21 Derför
294 1235 117 27 tillstyrker
425 1236 36 26 jag
476 1236 45 27 $:ns
531 1235 141 22 oförändrade
686 1235 124 27 antagande.

124 1292 56 21 Herr
203 1292 165 21 Snellman:
400 1293 32 20 Då
455 1293 30 20 uti
507 1293 26 26 $$
559 1295 8 18 1
592 1293 38 21 och
647 1293 13 20 2
676 1293 61 20 ordet
752 1293 126 20 kommunen

54 1323 24 19 är
93 1321 126 26 begagnadt,
236 1321 61 21 torde
313 1321 36 21 det
364 1321 46 21 icke
425 1321 50 21 falla
491 1322 68 25 någon
576 1322 28 23 in,
620 1323 33 19 att
668 1322 36 20 det
719 1328 27 14 nu
758 1327 48 14 vore
819 1321 60 26 fråga

55 1355 33 15 om
112 1349 39 21 den
174 1349 98 27 kyrkliga
294 1350 133 26 kommunen,
451 1350 38 21 och
507 1350 26 21 då
550 1356 47 15 man
614 1350 44 21 icke
675 1352 69 18 ansett
759 1349 73 26 nödigt
848 1352 31 18 att

54 1378 6 21 i
76 1378 92 21 nämnda
190 1378 123 27 paragrafer
335 1378 88 22 framför
442 1379 62 21 ordet
519 1378 125 25 ,kommun*
662 1379 86 26 tillägga
763 1378 116 27 adjektivet

54 1407 137 27 vborgerlig*,
207 1407 24 21 så
246 1413 62 21 synes
323 1408 42 25 mig
384 1409 32 19 att
432 1408 68 21 denna
516 1408 153 27 uttryckligare
686 1407 131 26 bestämning
833 1407 46 20 sak-

54 1436 41 21 löst
110 1435 71 22 kunde
197 1436 39 20 här
251 1436 105 21 bortfalla.

123 1493 55 20 Herr
198 1492 181 27 Chydenius:
410 1493 40 21 Tili
471 1495 185 24 representantens
672 1493 32 21 för
719 1493 108 25 Uleäborg
842 1498 36 15 an-

54 1521 95 26 förande,
172 1521 96 22 anhäller
288 1521 36 27 jag
348 1523 31 20 att
401 1522 21 21 fä
445 1522 88 27 tillägga
555 1524 33 19 att
603 1522 61 21 ordet
679 1521 83 28 kyrklig
778 1522 100 20 kommun
