1070 1795
185 115 54 21 1146
387 119 178 21 Borgareständet
579 120 55 17 1877.
659 120 22 17 13
694 119 97 18 Oktober.

182 189 100 21 ständets
296 188 126 27 inbjudning
436 188 7 21 i
458 187 61 28 fräga
534 194 34 15 om
584 188 123 27 utvidgning
722 188 24 21 af
760 187 77 22 valrätt
850 188 40 22 och
900 187 110 22 valbarhet

183 218 7 21 i
206 217 184 28 Borgareständet
405 217 138 21 äterkommit
558 216 120 22 tilldelades
693 217 63 21 ordet

252 274 57 21 Herr
323 273 138 22 Lindelöf
476 280 45 15 som
537 274 93 21 anmälte
646 276 32 19 att
694 274 153 27 deputationen
863 274 95 27 fullgjort
973 275 37 20 sitt

182 303 109 27 uppdrag;
307 303 107 21 hvarefter
430 303 147 21 diskussionen
593 302 108 22 fortsattes
716 303 29 27 pä
760 305 44 19 sätt
819 309 45 15 som
883 303 69 27 följer:

253 359 56 22 Herr
330 359 134 22 Jansson:
487 359 10 22 I
519 359 113 28 anledning
648 359 21 22 af
684 360 56 21 Herr
756 359 71 23 Gadds
843 360 114 21 anförande
973 360 38 21 ber

182 389 36 27 jag
242 391 32 19 att
297 388 21 21 få
338 388 89 21 hänvisa
448 387 33 22 till
496 388 67 21 första
579 389 111 26 meningen
706 389 6 20 i
728 388 135 28 paragrafen.
894 389 42 20 Det
951 389 60 21 heter

184 418 108 26 nämligen
315 417 45 21 der:
384 433 10 9 ,
398 417 165 21 Vederbörande
586 418 67 21 krono
669 417 82 27 betjent
766 419 27 25 pä
809 418 73 20 landet
898 418 39 21 och
953 424 57 20 myn-

184 446 74 26 dighet
279 446 6 20 i
307 446 47 20 stad
377 446 79 27 äligger
479 448 32 19 att
533 446 67 21 minst
622 452 25 15 en
668 446 56 26 gäng
740 446 6 21 i
763 446 103 21 mänaden
882 446 52 21 eller
949 446 61 21 äfven

184 475 69 20 oftare
272 474 38 21 der
325 474 137 21 Guvernören
478 473 87 28 pröfvar
581 474 75 21 sådant
672 475 81 26 nödigt,
769 475 105 27 besigtiga
888 475 136 26 gästgifveri
1018 469 10 37 *

184 503 40 22 och
239 503 121 20 undersöka
376 503 115 26 ordningen
507 503 111 21 derstädes
628 503 44 29 och
688 509 56 21 noga
760 503 55 22 tillse
830 505 33 20 att
873 505 138 25 entreprenör

183 532 53 21 eller
258 531 129 27 gästgifvare
410 531 46 22 sina
478 531 146 27 skyldigheter
639 532 7 20 i
661 531 101 22 afseende
777 532 13 21 &
805 532 79 27 skjuts-
900 531 38 22 och
954 533 57 25 gäst-

183 560 76 27 gifveri
280 559 119 27 hållningen
420 560 115 26 behörigen
551 560 109 27 fullgöra.*
689 561 45 20 Der
749 563 24 19 är
789 561 24 21 de
830 561 71 20 lokala
916 560 95 27 myndig-

183 589 101 21 heternas
299 589 135 21 verksamhet
448 589 94 20 anvisad.
574 589 31 21 De
620 589 60 21 skola
695 595 67 16 varna
769 589 40 21 och
817 591 58 19 rätta
883 589 38 21 och
930 589 81 26 hjelper

183 618 60 21 detta
259 617 47 22 icke
321 620 52 18 utan
388 617 160 22 försummelsen
565 617 75 22 fortfar
656 617 52 22 eller
723 620 25 18 är
764 618 23 21 af
796 618 85 21 svärare
893 617 118 22 beskaffen-

183 646 43 27 het,
238 646 28 21 dä
280 646 93 27 ingriper
389 646 137 21 Guvernören
542 646 52 21 eller
610 646 124 21 domstolen.

253 703 56 22 Herr
332 703 86 22 Gadd:
442 703 41 21 Det
503 704 46 21 utaf
565 703 39 22 den
621 703 51 22 sista
688 704 64 21 ärade
768 703 82 22 talaren
866 703 88 22 anförda
968 705 41 25 ytt-

183 733 77 20 randet
284 732 83 27 styrker
390 732 41 26 mig
444 733 5 20 i
467 733 39 20 den
523 732 56 27 äsigt
595 735 31 18 att
643 738 47 15 man
706 732 48 21 icke
769 732 39 21 hos
824 738 35 15 oss
875 732 6 21 i
897 733 64 26 något
977 732 32 21 af-

183 761 78 21 seende
284 763 37 24 gör
344 761 56 20 klart
415 761 33 20 för
463 761 31 26 sig
510 761 55 21 hvad
582 761 231 26 polismyndigheterna
829 761 38 21 och
883 761 126 26 ordningens

183 790 147 21 handhafvare
346 789 78 22 tillhör.
454 790 42 21 Det
513 791 23 20 är
552 789 54 26 dem,
622 795 44 15 som
683 790 35 21 det
736 789 73 22 tillhör
825 792 32 19 att
872 791 58 19 rätta
945 789 65 22 sädan

184 818 112 27 oordning,
319 824 44 15 som
387 818 41 21 kan
451 818 86 21 komma
559 818 6 21 i
581 817 67 27 fråga;
665 825 47 14 men
729 819 36 20 det
781 820 24 19 är
819 818 47 21 icke
882 818 128 21 domstolens

184 847 44 26 sak,
244 849 23 25 ty
283 847 63 21 saken
363 849 24 18 är
402 847 46 20 icke
464 847 65 26 något
545 846 58 22 brott
619 849 50 18 utan
686 849 30 19 ett
733 847 150 27 ordningsmäl.
913 847 37 20 Fel
967 849 43 18 mot

184 876 40 20 den
240 875 114 22 bestäende
370 875 116 27 ordningen
503 875 40 21 och
559 875 26 21 de
600 875 97 24 fördelar,
714 882 45 14 som
776 875 141 22 allmänheten
930 876 39 21 bör
979 875 31 21 ät-

183 904 61 26 njuta
260 905 22 20 af
296 904 56 21 vissa
366 904 147 27 inrättningar,
530 904 40 21 och
586 904 26 21 de
628 904 135 26 oordningar,
777 910 44 15 som
833 904 37 21 der
880 904 130 21 förekomma

184 935 36 18 äro
237 933 46 21 icke
299 933 109 25 brottmål;
424 933 26 20 de
466 935 36 19 äro
520 933 55 20 blott
592 933 117 26 förseelser,
726 933 140 23 vårdslöshet,
879 939 44 14 som
936 936 74 23 genast

183 961 28 27 på
226 961 82 22 fläcken
324 961 54 21 skall
394 963 67 20 rättas
477 968 33 15 om
528 967 48 15 man
592 961 36 21 vill
643 962 63 20 vinna
722 961 41 22 den
775 961 90 27 ordning
876 967 48 15 man
934 967 75 21 genom

183 990 145 27 inrättningen
344 990 62 21 afser.

252 1047 69 22 Sedan
347 1047 56 22 Herr
426 1047 95 22 Höckert
543 1047 84 22 förenat
648 1047 32 27 sig
702 1053 34 16 om
753 1047 56 22 Herr
825 1047 72 22 Gadds
913 1047 97 27 yttrande

184 1076 145 21 framställdes
344 1076 22 21 af
380 1076 56 21 Herr
450 1076 165 21 Talmannen
632 1075 92 28 följande
740 1076 167 27 propositioner:

253 1133 166 27 Proposition
435 1133 45 22 N:o
497 1135 18 19 1.
547 1133 38 26 De,
601 1139 45 15 som
662 1133 6 21 i
683 1133 100 21 afseende
799 1133 13 21 &
827 1133 26 21 de
869 1133 71 21 lokala
953 1139 58 22 myn-

184 1162 136 27 digheternas
344 1162 6 21 i
373 1162 47 21 stad
444 1161 127 28 befogenhet
587 1164 31 19 att
634 1162 27 21 då
676 1162 46 21 skäl
739 1162 32 21 för
787 1162 164 26 anmärkningar
966 1164 45 19 mot

183 1191 129 27 gästgifvare
335 1190 146 26 förekommer,
504 1191 95 20 inskrida
622 1191 39 20 och
680 1193 64 22 rätta,
760 1191 113 26 godkänna
889 1190 121 22 Utskottets

183 1219 81 27 förslag
286 1219 109 27 behagade
418 1225 61 15 svara
499 1219 34 27 ja.
564 1219 80 21 Vinner
660 1219 49 27 nej,
725 1219 97 22 kommer
837 1219 125 27 paragrafen
979 1221 31 19 att

183 1249 169 20 återremitteras
375 1247 33 22 för
430 1250 32 19 att
485 1248 143 26 omredigeras
644 1248 5 20 i
666 1248 36 21 det
724 1248 57 27 syfte
803 1249 33 20 att
858 1248 152 27 lokalmyndig-

183 1276 58 21 het
229 1272 15 37 i
258 1277 47 21 stad
319 1277 7 20 i
342 1276 58 22 detta
423 1277 99 21 afseende
545 1277 139 21 tillerkännas
706 1277 157 21 vidsträcktare
883 1276 128 28 befogenhet

183 1307 27 19 än
225 1305 57 22 hvad
296 1305 112 22 Utskottet
424 1305 115 26 föreslagit.

254 1334 75 21 Svaret
344 1333 62 21 utföll
422 1334 55 21 efter
492 1333 109 22 verkstäld
616 1333 97 27 votering
728 1334 49 21 med
794 1335 25 19 13
833 1333 26 27 ja
875 1333 40 21 och
928 1334 26 20 26
963 1334 46 26 nej.

252 1391 165 26 Proposition
432 1390 45 23 N:o
494 1393 18 19 2.
540 1391 39 24 De,
595 1397 45 16 som
656 1391 114 28 godkänna
785 1390 225 23 bestämmelsen
954 1386 10 37 i
975 1386 38 37 Ut-

183 1421 93 20 skottets
298 1419 78 28 förslag
396 1420 72 21 derom
490 1422 33 19 att
539 1420 27 21 då
581 1420 139 27 gästgifvares
736 1419 53 22 eller
805 1421 149 26 entreprenörs
968 1419 43 22 för-

183 1449 113 21 summelse
318 1450 23 19 är
357 1448 22 21 af
392 1449 86 21 svårare
494 1448 146 22 beskaffenhet
655 1449 65 21 saken
736 1448 55 21 skall
808 1448 31 21 till
856 1449 103 21 domstols
974 1448 37 21 be-

183 1477 103 27 handling
308 1477 146 27 öfverlemnas,
469 1483 63 16 svara
552 1477 34 27 ja.
616 1477 79 22 Vinner
718 1477 51 27 nej,
793 1483 62 16 anses
869 1477 90 22 Ständet
975 1477 36 21 be-
