1070 1795
162 125 55 20 1408
380 129 177 22 Borgareståndet
569 130 54 17 1877.
648 131 25 16 27
686 129 99 19 Oktober.

161 199 7 20 i
184 198 73 22 landet
280 199 34 20 må
335 198 51 22 idka
409 198 76 22 handel
509 199 39 22 och
571 205 70 16 annan
659 198 89 24 rörelse,
765 199 68 22 denna
848 199 101 27 paragraf
963 199 26 21 då

160 227 71 22 skulle
247 227 167 22 återremitteras
438 227 31 22 till
485 230 153 19 sammansatta
653 227 56 27 Lag-
725 227 40 22 och
780 227 210 22 Ekonomiutskottet

161 256 49 21 med
226 255 97 27 uppdrag
345 256 33 21 till
400 256 105 21 utskottet
524 259 33 19 att
572 256 30 21 uti
619 257 69 21 denna
703 256 104 27 paragraf
819 256 52 22 söka
886 262 104 16 samman-

161 283 55 22 fatta
231 283 44 22 alla
290 285 26 20 de
338 284 158 27 bestämningar
510 291 46 15 som
572 285 34 21 för
621 285 135 21 närvarande
771 285 56 25 gälla
842 285 7 21 i
865 285 97 22 afseende
977 286 13 21 &

161 312 148 27 utlänningars
331 313 130 27 näringsrätt
476 313 6 21 i
498 313 73 22 landet
594 313 40 22 och
656 313 62 22 äfven
734 313 6 21 i
756 313 76 22 sådant
848 313 37 22 fall
901 314 44 21 deri
959 314 29 21 in-

163 341 46 21 föra
232 343 32 19 att
287 341 35 22 det
345 343 66 20 måtte
434 342 113 21 ankomma
565 342 28 27 på
607 342 127 27 regeringen
750 344 32 19 att
797 341 6 22 i
819 342 170 21 förekommande

161 369 38 22 fall
214 369 106 28 medgifva
342 370 23 21 åt
387 370 136 27 utlänningar
545 377 25 15 en
592 372 132 26 näringsrätt
740 371 106 21 utsträckt
862 370 58 22 öfver
936 371 54 21 hvad

161 397 80 23 allmän
257 399 35 27 lag
307 399 39 21 och
361 399 104 21 särskilda
483 399 151 27 författningar
649 400 6 21 i
671 401 74 20 ämnet
760 399 33 21 för
808 399 131 22 närvarande
955 399 36 22 be-

162 429 98 20 stämma.

233 484 57 21 Herr
311 484 122 22 Kurtén:
464 485 46 21 Den
533 487 83 19 senaste
639 485 83 21 talaren
739 484 40 22 har
793 484 109 22 betraktat
916 484 74 27 frågan

161 519 37 14 om
221 512 145 27 utlänningars
389 515 43 20 rätt
454 516 33 19 att
501 514 7 21 i
524 513 72 21 landet
611 513 70 22 drifva
696 513 76 27 näring
788 513 40 21 och
843 513 78 22 rörelse
937 513 53 22 ifrån

163 541 78 21 endast
264 548 25 14 en
312 541 52 26 sida,
387 542 55 21 ifrån
464 542 233 27 köpmannaintressets
721 542 53 21 sida.
805 541 60 22 Efter
881 542 51 21 hans
948 544 43 19 sätt

162 572 34 19 att
211 576 23 15 se
256 570 65 21 saken
343 570 69 22 skulle
428 571 35 20 det
483 577 50 15 vara
548 570 82 27 vådligt
644 571 34 20 för
693 571 228 27 köpmannaintresset.
951 570 40 27 Jag

162 598 72 22 skulle
253 599 27 21 be
303 601 32 19 att
356 599 21 21 få
399 605 23 15 se
444 599 64 22 saken
530 599 18 27 ej
565 599 75 21 endast
656 599 47 22 från
720 599 69 21 denna
805 599 45 21 sida
865 601 50 19 utan
931 599 60 22 äfven

164 627 47 22 från
227 634 26 14 en
269 633 69 16 annan
354 627 52 22 sida.
436 627 61 22 Hvad
512 627 53 22 först
581 627 132 22 vidkommer
728 627 75 27 frågan
819 634 34 15 om
862 628 129 27 köpmanna-

164 657 101 20 intresset
280 656 52 21 eller
346 658 33 19 att
395 657 39 21 den
450 657 55 20 vinst
523 662 45 15 som
585 656 76 21 hittills
676 655 70 22 skulle
762 656 62 21 hafva
840 656 88 21 tillfallit
944 657 47 20 dem

162 691 48 14 som
227 684 62 22 hafva
311 685 113 21 förmedlat
447 685 91 21 handeln
554 685 90 21 emellan
667 685 31 21 in-
714 685 41 21 och
770 685 97 21 utlandet
881 691 28 15 nu
924 685 68 21 skulle

164 713 87 21 komma
274 715 32 19 att
328 713 58 22 delas
409 713 60 22 äfven
491 714 49 21 med
563 714 143 26 utlänningar,
728 713 39 21 ber
779 713 38 28 jag
832 715 32 20 att
880 713 21 22 få
916 715 76 20 nämna

163 744 35 18 att
213 742 66 26 enligt
295 742 41 21 min
352 743 56 26 åsigt
427 742 221 27 köpmannaintresset
663 744 55 19 mest
733 742 40 21 har
789 742 74 21 vunnit
877 743 28 26 på
920 744 32 19 att
967 743 25 20 de

166 770 62 21 hafva
244 770 41 21 fått
300 773 58 18 stora
381 771 106 21 lärdomar
502 771 23 21 af
541 770 26 21 de
582 771 136 26 utlänningar
734 777 46 15 som
796 770 33 21 till
844 771 72 21 landet
931 771 62 21 hafva

164 798 99 27 inflyttat.
294 799 42 26 Jag
358 799 36 21 vill
417 799 54 22 blott
493 799 70 22 erinra
577 805 33 15 om
629 799 55 21 huru
700 799 48 22 litet
763 799 113 21 utvecklad
891 799 39 22 och
946 800 47 21 med

164 827 56 21 huru
243 828 61 26 ringa
326 828 51 21 drift
397 828 37 21 vår
456 828 177 21 trävaruindustri
657 828 84 21 sköttes
757 828 6 21 i
781 828 72 21 landet
875 828 54 21 intill
946 828 47 21 dess

165 856 137 27 utlänningar
324 857 84 21 kommo
432 856 38 21 och
486 856 58 22 lärde
563 863 42 15 oss.
635 857 32 21 De
682 856 102 22 hemtade
799 863 26 14 en
841 859 45 18 stor
902 856 91 22 erfaren-

166 885 37 21 het
218 885 48 21 med
290 885 30 26 sig
343 885 39 21 och
405 885 74 22 väckte
502 885 83 21 landets
601 892 53 20 egna
670 885 145 27 innebyggare
831 885 32 21 till
879 885 114 27 uppmärk-

163 913 85 22 samhet
272 913 28 27 på
322 913 54 22 huru
392 914 102 27 betydligt
509 913 129 22 försummad
655 914 69 21 denna
739 913 90 22 industri
846 913 37 22 hos
899 920 34 15 oss
949 920 44 15 var.

164 941 80 28 Många
259 943 67 20 andra
341 942 38 21 fall
394 943 70 20 kunde
479 945 57 19 ännu
552 943 127 26 uppräknas,
696 943 38 20 der
750 943 84 20 landets
850 943 88 20 industri
954 943 39 21 och

164 971 76 26 näring
255 971 41 21 och
310 971 61 20 äfven
394 971 47 21 dess
457 971 91 27 köpmän
564 971 63 21 hafva
642 971 54 26 tagit
712 971 55 21 efter
783 971 26 21 de
828 971 105 21 lärdomar
949 977 44 15 som

165 999 111 27 inflyttade
299 999 136 28 utlänningar
457 1000 64 21 hafva
543 1000 66 26 gifvit,
624 999 39 22 och
682 999 28 22 då
726 1000 63 21 dessa
805 999 106 22 lärdomar
926 999 67 27 gifvas

165 1028 113 26 praktiskt,
301 1029 23 20 så
347 1028 63 21 blifva
434 1029 25 20 de
475 1028 64 22 också
555 1031 83 19 snarast
653 1029 135 26 uppfattade.
821 1028 48 21 Men
885 1029 108 21 dessutom

164 1057 69 20 måste
248 1057 20 21 vi
284 1063 23 15 se
329 1057 69 21 denna
414 1057 38 21 sak
467 1057 61 21 äfven
544 1057 47 21 från
607 1057 157 21 allmänhetens
780 1057 52 21 sida.
864 1057 41 21 Det
921 1059 23 19 är
959 1057 34 21 väl

165 1085 47 21 icke
228 1085 34 21 för
284 1088 31 19 ett
336 1086 53 21 visst
412 1086 89 21 intresse
515 1086 21 21 vi
552 1085 94 28 lagstifta
661 1087 51 20 utan
729 1085 34 22 för
779 1085 49 22 hela
843 1086 77 21 landet.
951 1085 42 22 För

165 1113 73 22 landet
253 1114 6 21 i
276 1114 46 21 dess
347 1114 72 21 helhet
444 1115 66 20 måste
536 1115 35 21 det
598 1115 34 20 väl
654 1121 50 14 vara
720 1115 24 20 af
758 1116 79 19 största
852 1114 43 26 vigt
911 1116 31 19 att
958 1115 35 21 det

165 1142 41 21 blir
222 1143 109 27 betjenadt
346 1143 7 20 i
369 1143 46 21 sina
430 1142 75 22 affärer
521 1143 27 27 på
564 1143 36 21 det
615 1143 61 21 bästa
692 1143 40 21 och
749 1143 107 26 billigaste
867 1145 48 19 sätt.
946 1143 47 21 Kan

163 1177 28 15 en
216 1171 112 28 utlänning
352 1173 51 25 göra
429 1171 35 22 det
489 1172 70 21 bättre
581 1174 27 19 än
627 1178 25 15 en
668 1172 117 26 inlänning,
801 1171 24 22 så
841 1173 23 19 är
880 1171 36 22 det
928 1171 23 27 ju
968 1178 25 15 en

165 1199 55 22 vinst
243 1201 33 21 för
299 1200 71 21 landet
393 1202 32 19 att
441 1201 84 20 komma
544 1201 26 20 in.
600 1201 41 26 Jag
657 1202 45 19 tror
718 1202 33 19 att
767 1200 36 21 det
819 1200 108 27 verkligen
943 1206 50 15 vore

163 1235 29 14 en
207 1231 45 19 stor
277 1229 55 21 vinst
356 1229 33 21 för
414 1235 35 15 oss
473 1231 32 19 att
520 1229 21 21 få
557 1235 25 15 en
602 1229 94 21 invasion
713 1229 23 20 af
751 1229 133 26 spekuiative
899 1231 55 24 män,
970 1232 23 24 ty

163 1257 39 21 det
224 1259 24 20 är
268 1258 44 27 just
328 1258 6 21 i
350 1257 40 22 den
413 1257 60 22 delen
489 1257 21 21 vi
528 1261 55 18 mest
599 1258 55 26 ligga
670 1257 60 22 efter.
762 1257 33 22 Då
811 1257 82 27 engång
908 1257 47 21 idén
971 1260 23 19 är

165 1285 63 22 väckt
244 1286 38 21 hos
298 1292 40 20 oss,
354 1286 24 21 så
392 1286 75 21 arbeta
483 1286 19 21 vi
517 1288 46 25 segt
579 1286 39 21 och
634 1285 98 28 ihärdigt,
748 1292 49 15 men
813 1286 36 21 det
859 1288 24 19 är
891 1286 44 27 just
948 1292 45 21 spe-

165 1314 97 22 kulation
287 1321 45 15 som
354 1314 83 21 saknas.
468 1315 75 26 Någon
569 1315 86 21 fruktan
679 1315 33 20 för
727 1317 33 18 att
776 1321 26 15 en
818 1315 65 21 sådan
899 1315 94 21 invasion

163 1342 121 22 emellertid
300 1343 67 21 skulle
383 1343 71 21 kunna
469 1343 151 21 transformera
636 1343 48 21 vårt
698 1343 45 21 folk
759 1345 46 19 tror
819 1343 36 27 jag
871 1345 23 19 är
907 1343 87 21 alldeles

165 1371 131 28 öfverflödig,
320 1371 40 22 och
375 1378 49 15 vore
444 1372 35 21 det
495 1372 106 27 verkligen
617 1372 24 21 sä
656 1371 37 22 illa
709 1371 94 22 bestäldt
819 1371 47 22 med
882 1372 46 21 vårt
944 1372 49 21 land

162 1402 36 19 att
213 1401 20 20 vi
249 1401 68 21 skulle
332 1401 72 20 kunna
424 1400 165 22 transformeras
603 1401 23 20 af
640 1407 25 15 en
681 1400 98 22 invasion
795 1400 22 21 af
831 1400 163 21 industriidkare

165 1429 82 22 derhän
262 1431 33 20 att
309 1429 19 21 vi
343 1429 69 22 skulle
426 1429 28 26 gå
469 1429 59 21 öfver
543 1429 32 22 till
591 1435 26 16 en
632 1435 70 16 annan
718 1429 143 26 nationalitet,
877 1429 27 21 då
921 1431 36 19 äro
973 1430 20 19 vi

164 1457 67 22 också
256 1459 77 21 sådant
357 1458 71 21 värde.
458 1457 41 28 Jag
524 1457 97 22 förordar
645 1457 83 22 derföre
744 1457 132 27 antagandet
891 1457 22 22 af
928 1457 67 22 första

166 1489 116 19 momentet
298 1487 6 21 i
319 1487 13 26 $
350 1487 25 20 13
398 1486 75 22 sådant
494 1487 36 21 det
545 1487 66 21 finnes
626 1487 7 20 i
648 1486 117 22 utskottets
782 1486 135 21 betänkande
933 1485 39 22 och
987 1486 7 20 i

165 1515 79 27 nådiga
259 1515 166 28 propositionen.
