1070 1795
178 125 55 22 1164
384 129 180 22 Borgareståndet
577 131 53 18 1877.
654 131 24 17 18
690 130 100 18 Oktober.

176 199 43 28 Jag
240 201 68 20 sätter
328 199 89 28 mycken
433 199 45 27 vigt
491 199 36 22 vid
542 199 61 22 detta
616 199 113 22 uttalande
745 199 22 21 af
781 198 63 22 dessa
859 205 100 21 personer
973 204 37 15 en-

178 227 50 22 kom
245 227 119 22 tillkallade
378 227 34 22 för
426 230 33 19 att
474 229 98 26 uppgöra
586 227 80 27 förslag
681 227 33 22 till
730 227 146 27 förordning.
867 223 14 36 i
888 229 71 20 ämnet
969 227 40 22 och

178 262 63 16 anser
262 256 37 27 jag
321 256 123 22 Utskottets
464 256 135 22 betänkande
614 256 92 27 förtjena
722 255 24 22 så
761 256 84 27 mycket
859 257 60 21 mera
933 256 77 21 under-

178 285 55 26 stöd,
256 291 46 15 som
323 285 70 22 deruti
407 287 118 25 yttermera
539 291 27 16 en
581 285 145 26 begränsning
740 285 8 21 i
764 284 135 27 hastigheten
914 286 24 20 är
952 285 58 21 stad-

178 313 42 27 gad
236 313 34 22 för
285 315 33 20 att
332 313 133 22 förekomma
479 315 34 20 att
527 314 47 21 icke
589 313 75 22 hästen
680 319 78 22 genom
773 313 143 22 öfverdrifven
931 313 80 26 hastig-

177 342 39 21 het
236 341 36 22 må
293 342 187 27 öfveransträngas
495 343 54 21 eller
563 344 51 25 taga
629 342 75 22 skada.
734 342 42 27 Jag
791 342 119 27 tillstyrker
925 344 32 19 att
973 341 36 22 Ut-

177 370 239 23 skottetsbetänkandet
431 371 138 22 oförändradt
584 373 95 25 antages.

251 444 58 22 Herr
323 445 91 22 Gadd:
429 445 41 27 Jag
485 445 40 21 har
540 446 55 20 trott
610 446 34 20 att
658 451 50 15 man
724 444 39 22 här
778 444 46 22 icke
839 444 40 22 bör
894 446 50 26 taga
958 444 52 21 hän-

179 479 41 21 syn
236 473 33 21 till
284 473 74 27 frågan
374 479 33 16 om
422 473 125 22 hästrasens
563 473 105 28 förädling
684 475 52 20 utan
752 473 75 22 endast
842 473 117 22 bestämma
969 473 42 22 den

179 502 104 21 resandes
305 502 40 21 och
368 501 238 28 skjutsningsskyldiges
627 502 57 21 olika
699 501 134 28 rättigheter.
863 501 41 28 Jag
918 504 45 19 tror
978 503 32 20 att

180 530 162 27 lagstiftningen
356 529 40 23 har
410 532 67 25 yttrat
492 530 32 27 sig
539 530 125 27 tillräckligt
678 531 66 26 klart,
760 537 34 15 om
809 536 49 16 man
875 535 85 16 stannar
975 530 35 21 vid

180 559 63 22 ordet
266 559 68 24 ,den*
358 559 40 22 och
420 559 54 22 låter
496 559 37 21 det
548 559 53 22 sista
614 559 28 28 gå
656 561 24 20 ut
696 559 88 25 hvarför
796 559 37 28 jag
847 559 85 22 förenar
946 558 43 27 mig
1003 557 7 22 i

180 587 58 22 Herr
253 587 34 22 W.
302 587 93 28 Nysténs
410 588 52 21 sista
476 587 117 22 uttalande.

250 656 57 22 Herr
330 656 157 21 Snellman:
510 656 57 22 Herr
589 657 96 26 Ignatius
705 656 40 21 har
760 656 49 21 sökt
823 657 53 26 göra
891 655 72 27 troligt
978 657 33 19 att

181 685 38 21 det
233 684 80 27 förslag
326 685 37 26 jag
378 685 113 21 framställt
505 685 70 22 skulle
590 685 26 26 gå
631 687 25 20 ut
670 685 28 27 på
713 687 34 19 att
759 685 33 21 för
802 684 85 27 mycket
897 686 114 25 anstränga

182 713 102 21 hästarne
299 713 6 21 i
321 713 79 22 landet.
430 713 53 28 Sjelf
504 713 115 27 medgifver
640 713 41 22 han
697 715 33 20 att
746 715 31 20 ett
792 713 71 22 äkdon
879 713 46 22 med
942 713 69 21 deruti

182 741 98 27 befintlig
301 742 66 27 tyngd
383 742 23 21 af
420 743 57 20 cirka
493 743 103 26 tjugufem
611 742 85 27 lispund
711 742 42 21 bör
767 741 167 22 frambefordras
948 741 22 21 af
984 747 27 15 en

180 770 52 21 häst
255 777 25 15 en
297 771 47 21 mils
360 773 40 25 väg
414 771 28 27 pä
457 771 74 27 sjuttio
546 771 98 21 minuter.
676 771 79 21 Männe
771 771 36 21 det
823 771 27 21 dä
865 770 106 27 verkligen
987 772 24 19 är

182 798 81 22 lättare
280 799 35 21 för
328 805 27 15 en
370 800 70 26 vanlig
456 799 49 22 häst
519 801 33 20 att
566 801 52 26 göra
634 799 70 22 denna
720 799 44 22 fart
778 801 27 20 än
821 801 32 20 att
868 799 47 22 med
930 799 81 21 femton

182 827 86 28 lispund
291 827 86 22 komma
396 827 53 22 fram
469 829 28 26 pä
512 828 67 21 sextio
595 827 99 22 minuter.
724 827 41 28 Jag
780 832 47 17 tror
841 830 32 19 att
889 828 22 21 sä
926 827 46 22 icke
987 829 25 19 är

180 855 70 28 fallet,
274 859 51 18 utan
342 859 32 19 att
389 856 162 22 förhällandena
565 856 61 22 skola
640 859 54 19 nära
708 863 45 20 nog
765 857 73 26 jemna
853 857 38 26 sig.
921 855 39 22 Om
973 856 38 27 jag

181 887 47 19 rätt
250 885 79 21 förstär
348 885 56 22 Herr
418 885 95 27 Ignatius
529 886 24 21 sä
568 885 74 28 tyckes
657 885 41 22 han
714 885 68 21 tänka
796 885 33 27 sig
843 885 168 27 entreprenaden

182 913 131 27 arrangerad
334 914 24 21 sä
378 916 32 19 att
425 913 73 28 hvarje
513 913 49 22 häst
577 914 69 21 skulle
660 914 88 21 komma
763 916 33 19 att
810 919 49 16 resa
873 919 37 16 sex
924 913 37 22 mil
976 919 35 15 om

184 942 68 27 dagen
269 942 48 21 med
332 942 40 22 den
388 942 127 22 föreskrifna
531 942 141 27 hastigheten.
702 942 63 22 Huru
781 942 42 22 han
838 942 41 21 fätt
895 942 39 21 den
950 942 62 21 ideen

182 973 37 19 vet
231 971 38 26 jag
285 971 52 21 icke.
368 971 44 21 För
427 971 36 21 det
473 971 74 21 första
561 971 96 22 kommer
672 971 7 21 i
694 971 119 22 allmänhet
827 971 47 22 icke
889 971 65 26 nägot
967 970 45 21 häll

182 1002 34 19 att
238 1005 52 15 vara
313 1005 59 16 mera
394 1001 28 20 än
444 1000 80 21 femton
540 1001 68 24 verst;
624 1000 36 21 det
675 999 68 22 finnes
758 1000 67 21 redan
839 999 81 27 ganska
935 999 77 27 mänga

182 1027 41 22 och
238 1028 97 21 kommer
350 1028 113 22 framdeles
479 1030 32 19 att
526 1027 69 23 finnas
609 1030 57 19 ännu
681 1028 51 22 flere
748 1029 87 20 kortare
851 1028 44 21 häll
906 1028 105 27 nämligen

182 1057 40 21 tolf
244 1056 41 22 och
307 1057 29 21 tio
359 1059 58 20 verst
439 1057 69 28 långa.
538 1057 43 22 Det
603 1059 24 19 är
649 1057 105 22 förutsatt
768 1057 6 20 i
789 1057 12 27 &
817 1057 13 20 6
845 1059 32 19 att
897 1057 27 27 pä
939 1057 73 26 hvarje

182 1085 124 27 gästgifveri
328 1085 54 22 skall
405 1086 67 21 finnas
494 1087 32 20 ett
548 1085 124 27 tillräckligt
692 1086 60 21 antal
767 1085 81 26 hästar,
864 1085 25 22 sä
903 1087 31 20 att
949 1085 7 22 i
971 1085 41 21 all-

182 1113 88 22 mänhet
286 1113 72 28 hvarje
373 1115 49 20 häst
436 1114 47 21 icke
497 1114 104 21 behöfver
616 1114 27 27 gä
658 1116 24 19 ut
696 1116 84 20 merän
791 1120 25 16 en
827 1115 56 26 gäng
893 1120 33 15 om
938 1114 75 27 dagen.

182 1143 43 21 Det
248 1144 24 19 är
295 1142 82 22 således
399 1143 47 21 icke
463 1149 36 16 sex
515 1143 43 26 mil,
574 1145 51 20 utan
642 1149 26 15 en
683 1142 102 27 hällängd
801 1143 22 21 af
836 1144 7 20 i
859 1142 99 22 medeltal
973 1142 41 22 tolf

181 1173 65 19 verst.
277 1171 94 22 Returen
386 1171 42 22 kan
443 1172 27 26 gå
485 1172 106 26 långsamt
607 1171 38 22 och
660 1171 108 28 begvämt.
799 1171 82 22 Hästen
891 1171 45 26 har,
945 1171 68 22 under

182 1199 85 28 vanliga
281 1200 146 21 förhällanden
443 1200 39 21 och
497 1200 62 21 äfven
571 1201 67 20 under
650 1200 36 21 det
698 1200 155 27 exceptionella
864 1199 147 26 förhällandet,

182 1230 34 19 att
230 1228 135 27 hällgörning
381 1229 35 21 tvä
432 1229 79 27 gänger
525 1229 6 21 i
548 1229 79 27 dygnet
643 1229 33 21 för
692 1235 83 15 samma
789 1229 49 21 häst
849 1228 68 22 skulle
927 1229 86 21 komma

183 1257 7 20 i
213 1257 69 26 fråga,
304 1257 114 27 tillräcklig
440 1257 31 22 tid
493 1259 34 20 att
549 1257 57 22 hvila
628 1257 38 28 sig.
696 1257 58 22 Herr
775 1257 96 27 Ignatius
887 1257 39 21 har
940 1257 73 22 vidare

183 1287 76 20 nämnt
281 1287 32 20 att
334 1285 42 22 han
400 1285 40 22 och
462 1286 91 27 troligen
569 1286 61 21 äfven
646 1286 20 21 vi
682 1286 70 21 andra
765 1286 65 21 hafva
845 1288 43 19 sett
902 1286 111 21 hurudana

184 1315 142 26 entreprenad
342 1315 73 21 hästar
431 1315 35 21 det
481 1314 74 22 finnes.
585 1315 43 21 Det
642 1314 68 22 finnes
725 1315 88 26 sädana,
829 1321 45 15 som
885 1315 46 21 icke
940 1315 73 21 kunna

184 1343 163 27 tillryggalägga
368 1344 93 20 nämnda
483 1343 85 21 sträcka
590 1343 28 27 pä
640 1343 40 21 den
696 1343 113 22 bestämda
824 1343 65 21 tiden.
918 1343 40 27 Jag
973 1343 40 21 har

184 1371 66 22 också
272 1373 43 20 sett
336 1371 86 25 sådana,
446 1377 45 16 som
514 1372 47 21 icke
584 1378 37 15 ens
643 1372 73 21 kunna
730 1372 34 27 gå,
779 1377 49 16 men
843 1371 79 22 sådana
937 1372 76 27 parad-

183 1399 75 23 hästar
280 1400 53 21 böra
355 1401 34 20 väl
412 1400 46 22 icke
480 1400 21 22 få
515 1400 69 22 finnas
598 1401 28 27 pä
640 1401 187 27 gästgilverierna;
843 1403 57 25 utan
911 1401 40 21 den
966 1406 46 15 som

184 1428 75 28 ätager
274 1428 31 27 sig
320 1429 134 26 hällgörning
468 1429 55 22 skall
539 1429 61 22 äfven
614 1429 64 21 hafva
689 1429 57 27 goda
758 1429 73 22 hästar
841 1429 40 22 och
891 1429 32 22 för
933 1429 80 22 sådana

183 1457 42 22 blir
248 1458 36 21 det
306 1457 46 22 icke
375 1458 59 21 svärt
452 1459 33 20 att
500 1458 27 26 pä
543 1457 40 22 den
599 1458 22 21 af
635 1458 43 27 mig
692 1458 123 26 föreslagna
830 1458 58 21 tiden
903 1457 110 28 tillrygga-

181 1485 65 28 lägga
262 1486 40 21 den
317 1486 112 22 bestämda
443 1487 152 26 vägalängden.
