<?xml version="1.0" encoding="UTF-8"?>
<alto xmlns="http://www.loc.gov/standards/alto/ns-v3#" xmlns:xlink="http://www.w3.org/1999/xlink" xmlns:xsi="http://www.w3.org/2001/XMLSchema-instance" xsi:schemaLocation="http://www.loc.gov/standards/alto/ns-v3# http://www.loc.gov/alto/v3/alto-3-0.xsd">
	<Description>
		<MeasurementUnit>pixel</MeasurementUnit>
		<sourceImageInformation>
			<fileName>/tmp/tess_s0i4u4h6_input.PNG</fileName>
		</sourceImageInformation>
		<OCRProcessing ID="OCR_0">
			<ocrProcessingStep>
				<processingSoftware>
					<softwareName>tesseract 5.3.4</softwareName>
				</processingSoftware>
			</ocrProcessingStep>
		</OCRProcessing>
	</Description>
	<Layout>
		<Page WIDTH="1070" HEIGHT="1795" PHYSICAL_IMG_NR="0" ID="page_0">
			<PrintSpace HPOS="0" VPOS="0" WIDTH="1070" HEIGHT="1795">
				<ComposedBlock ID="cblock_0" HPOS="182" VPOS="122" WIDTH="615" HEIGHT="34">
					<TextBlock ID="block_0" HPOS="182" VPOS="122" WIDTH="615" HEIGHT="34">
						<TextLine ID="line_0" HPOS="182" VPOS="122" WIDTH="615" HEIGHT="34">
							<String ID="string_0" HPOS="182" VPOS="122" WIDTH="56" HEIGHT="34" WC="0.94" CONTENT="1106"/><SP WIDTH="158" VPOS="122" HPOS="238"/>
							<String ID="string_1" HPOS="396" VPOS="131" WIDTH="179" HEIGHT="22" WC="0.90" CONTENT="Borgareståndet"/><SP WIDTH="12" VPOS="131" HPOS="575"/>
							<String ID="string_2" HPOS="587" VPOS="133" WIDTH="55" HEIGHT="17" WC="0.96" CONTENT="1877."/><SP WIDTH="25" VPOS="133" HPOS="642"/>
							<String ID="string_3" HPOS="667" VPOS="133" WIDTH="21" HEIGHT="16" WC="0.96" CONTENT="11"/><SP WIDTH="12" VPOS="133" HPOS="688"/>
							<String ID="string_4" HPOS="700" VPOS="132" WIDTH="97" HEIGHT="17" WC="0.96" CONTENT="Oktober."/>
						</TextLine>
					</TextBlock>
				</ComposedBlock>
				<GraphicalElement ID="cblock_1" HPOS="188" VPOS="160" WIDTH="333" HEIGHT="5"></GraphicalElement >
				<ComposedBlock ID="cblock_2" HPOS="170" VPOS="199" WIDTH="842" HEIGHT="1344">
					<TextBlock ID="block_1" HPOS="170" VPOS="199" WIDTH="842" HEIGHT="1344">
						<TextLine ID="line_1" HPOS="248" VPOS="199" WIDTH="761" HEIGHT="28">
							<String ID="string_5" HPOS="248" VPOS="200" WIDTH="57" HEIGHT="22" WC="0.92" CONTENT="Herr"/><SP WIDTH="20" VPOS="200" HPOS="305"/>
							<String ID="string_6" HPOS="325" VPOS="201" WIDTH="25" HEIGHT="21" WC="0.88" CONTENT="E."/><SP WIDTH="23" VPOS="201" HPOS="350"/>
							<String ID="string_7" HPOS="373" VPOS="200" WIDTH="111" HEIGHT="27" WC="0.96" CONTENT="Bergh:"/><SP WIDTH="31" VPOS="200" HPOS="484"/>
							<String ID="string_8" HPOS="515" VPOS="201" WIDTH="42" HEIGHT="26" WC="0.96" CONTENT="Jag"/><SP WIDTH="15" VPOS="201" HPOS="557"/>
							<String ID="string_9" HPOS="572" VPOS="201" WIDTH="37" HEIGHT="21" WC="0.96" CONTENT="ber"/><SP WIDTH="15" VPOS="201" HPOS="609"/>
							<String ID="string_10" HPOS="624" VPOS="202" WIDTH="33" HEIGHT="19" WC="0.96" CONTENT="att"/><SP WIDTH="15" VPOS="202" HPOS="657"/>
							<String ID="string_11" HPOS="672" VPOS="199" WIDTH="22" HEIGHT="22" WC="0.96" CONTENT="få"/><SP WIDTH="14" VPOS="199" HPOS="694"/>
							<String ID="string_12" HPOS="708" VPOS="202" WIDTH="59" HEIGHT="25" WC="0.96" CONTENT="yttra"/><SP WIDTH="15" VPOS="202" HPOS="767"/>
							<String ID="string_13" HPOS="782" VPOS="200" WIDTH="67" HEIGHT="27" WC="0.95" CONTENT="några"/><SP WIDTH="16" VPOS="200" HPOS="849"/>
							<String ID="string_14" HPOS="865" VPOS="200" WIDTH="37" HEIGHT="22" WC="0.96" CONTENT="ord"/><SP WIDTH="16" VPOS="200" HPOS="902"/>
							<String ID="string_15" HPOS="918" VPOS="200" WIDTH="34" HEIGHT="21" WC="0.93" CONTENT="till"/><SP WIDTH="14" VPOS="200" HPOS="952"/>
							<String ID="string_16" HPOS="966" VPOS="201" WIDTH="43" HEIGHT="20" WC="0.93" CONTENT="för-"/>
						</TextLine>
						<TextLine ID="line_2" HPOS="180" VPOS="228" WIDTH="829" HEIGHT="26">
							<String ID="string_17" HPOS="180" VPOS="229" WIDTH="96" HEIGHT="21" WC="0.92" CONTENT="ordande"/><SP WIDTH="15" VPOS="229" HPOS="276"/>
							<String ID="string_18" HPOS="291" VPOS="229" WIDTH="22" HEIGHT="21" WC="0.91" CONTENT="af"/><SP WIDTH="13" VPOS="229" HPOS="313"/>
							<String ID="string_19" HPOS="326" VPOS="229" WIDTH="43" HEIGHT="21" WC="0.96" CONTENT="min"/><SP WIDTH="16" VPOS="229" HPOS="369"/>
							<String ID="string_20" HPOS="385" VPOS="229" WIDTH="138" HEIGHT="25" WC="0.96" CONTENT="reservation,"/><SP WIDTH="16" VPOS="229" HPOS="523"/>
							<String ID="string_21" HPOS="539" VPOS="229" WIDTH="85" HEIGHT="21" WC="0.96" CONTENT="hvilken"/><SP WIDTH="16" VPOS="229" HPOS="624"/>
							<String ID="string_22" HPOS="640" VPOS="229" WIDTH="71" HEIGHT="20" WC="0.96" CONTENT="såsom"/><SP WIDTH="11" VPOS="229" HPOS="711"/>
							<String ID="string_23" HPOS="722" VPOS="229" WIDTH="65" HEIGHT="21" WC="0.96" CONTENT="redan"/><SP WIDTH="14" VPOS="229" HPOS="787"/>
							<String ID="string_24" HPOS="801" VPOS="228" WIDTH="70" HEIGHT="22" WC="0.93" CONTENT="blifvit"/><SP WIDTH="10" VPOS="228" HPOS="871"/>
							<String ID="string_25" HPOS="881" VPOS="229" WIDTH="128" HEIGHT="24" WC="0.91" CONTENT="framhället,"/>
						</TextLine>
						<TextLine ID="line_3" HPOS="179" VPOS="257" WIDTH="830" HEIGHT="27">
							<String ID="string_26" HPOS="179" VPOS="258" WIDTH="63" HEIGHT="26" WC="0.96" CONTENT="utgår"/><SP WIDTH="22" VPOS="258" HPOS="242"/>
							<String ID="string_27" HPOS="264" VPOS="257" WIDTH="29" HEIGHT="27" WC="0.96" CONTENT="på"/><SP WIDTH="22" VPOS="257" HPOS="293"/>
							<String ID="string_28" HPOS="315" VPOS="263" WIDTH="25" HEIGHT="16" WC="0.95" CONTENT="en"/><SP WIDTH="22" VPOS="263" HPOS="340"/>
							<String ID="string_29" HPOS="362" VPOS="257" WIDTH="122" HEIGHT="22" WC="0.95" CONTENT="återremiss"/><SP WIDTH="23" VPOS="257" HPOS="484"/>
							<String ID="string_30" HPOS="507" VPOS="257" WIDTH="32" HEIGHT="22" WC="0.95" CONTENT="till"/><SP WIDTH="19" VPOS="257" HPOS="539"/>
							<String ID="string_31" HPOS="558" VPOS="257" WIDTH="118" HEIGHT="26" WC="0.96" CONTENT="Utskottet,"/><SP WIDTH="16" VPOS="257" HPOS="676"/>
							<String ID="string_32" HPOS="692" VPOS="257" WIDTH="33" HEIGHT="22" WC="0.96" CONTENT="för"/><SP WIDTH="15" VPOS="257" HPOS="725"/>
							<String ID="string_33" HPOS="740" VPOS="259" WIDTH="33" HEIGHT="20" WC="0.96" CONTENT="att"/><SP WIDTH="16" VPOS="259" HPOS="773"/>
							<String ID="string_34" HPOS="789" VPOS="257" WIDTH="111" HEIGHT="22" WC="0.96" CONTENT="Utskottet"/><SP WIDTH="15" VPOS="257" HPOS="900"/>
							<String ID="string_35" HPOS="915" VPOS="258" WIDTH="35" HEIGHT="21" WC="0.91" CONTENT="må"/><SP WIDTH="15" VPOS="258" HPOS="950"/>
							<String ID="string_36" HPOS="965" VPOS="264" WIDTH="44" HEIGHT="15" WC="0.91" CONTENT="om-"/>
						</TextLine>
						<TextLine ID="line_4" HPOS="179" VPOS="285" WIDTH="829" HEIGHT="28">
							<String ID="string_37" HPOS="179" VPOS="285" WIDTH="75" HEIGHT="22" WC="0.96" CONTENT="arbeta"/><SP WIDTH="21" VPOS="285" HPOS="254"/>
							<String ID="string_38" HPOS="275" VPOS="286" WIDTH="40" HEIGHT="21" WC="0.96" CONTENT="den"/><SP WIDTH="16" VPOS="286" HPOS="315"/>
							<String ID="string_39" HPOS="331" VPOS="286" WIDTH="78" HEIGHT="26" WC="0.96" CONTENT="nådiga"/><SP WIDTH="15" VPOS="286" HPOS="409"/>
							<String ID="string_40" HPOS="424" VPOS="286" WIDTH="159" HEIGHT="27" WC="0.96" CONTENT="propositionen"/><SP WIDTH="17" VPOS="286" HPOS="583"/>
							<String ID="string_41" HPOS="600" VPOS="287" WIDTH="5" HEIGHT="20" WC="0.96" CONTENT="i"/><SP WIDTH="17" VPOS="287" HPOS="605"/>
							<String ID="string_42" HPOS="622" VPOS="285" WIDTH="94" HEIGHT="28" WC="0.96" CONTENT="enlighet"/><SP WIDTH="15" VPOS="285" HPOS="716"/>
							<String ID="string_43" HPOS="731" VPOS="285" WIDTH="48" HEIGHT="22" WC="0.96" CONTENT="med"/><SP WIDTH="16" VPOS="285" HPOS="779"/>
							<String ID="string_44" HPOS="795" VPOS="286" WIDTH="120" HEIGHT="26" WC="0.95" CONTENT="grunderna"/><SP WIDTH="15" VPOS="286" HPOS="915"/>
							<String ID="string_45" HPOS="930" VPOS="286" WIDTH="6" HEIGHT="21" WC="0.96" CONTENT="i"/><SP WIDTH="18" VPOS="286" HPOS="936"/>
							<String ID="string_46" HPOS="954" VPOS="287" WIDTH="54" HEIGHT="21" WC="0.96" CONTENT="1865"/>
						</TextLine>
						<TextLine ID="line_5" HPOS="179" VPOS="314" WIDTH="830" HEIGHT="27">
							<String ID="string_47" HPOS="179" VPOS="315" WIDTH="36" HEIGHT="21" WC="0.92" CONTENT="års"/><SP WIDTH="18" VPOS="315" HPOS="215"/>
							<String ID="string_48" HPOS="233" VPOS="314" WIDTH="169" HEIGHT="27" WC="0.91" CONTENT="komitéförslag,"/><SP WIDTH="16" VPOS="314" HPOS="402"/>
							<String ID="string_49" HPOS="418" VPOS="314" WIDTH="81" HEIGHT="21" WC="0.96" CONTENT="hvilket"/><SP WIDTH="15" VPOS="314" HPOS="499"/>
							<String ID="string_50" HPOS="514" VPOS="315" WIDTH="73" HEIGHT="26" WC="0.92" CONTENT="utgick"/><SP WIDTH="16" VPOS="315" HPOS="587"/>
							<String ID="string_51" HPOS="603" VPOS="315" WIDTH="65" HEIGHT="26" WC="0.92" CONTENT="derpå"/><SP WIDTH="16" VPOS="315" HPOS="668"/>
							<String ID="string_52" HPOS="684" VPOS="316" WIDTH="33" HEIGHT="19" WC="0.93" CONTENT="att"/><SP WIDTH="15" VPOS="316" HPOS="717"/>
							<String ID="string_53" HPOS="732" VPOS="314" WIDTH="191" HEIGHT="27" WC="0.91" CONTENT="skjutshållningen"/><SP WIDTH="16" VPOS="314" HPOS="923"/>
							<String ID="string_54" HPOS="939" VPOS="315" WIDTH="70" HEIGHT="21" WC="0.96" CONTENT="skulle"/>
						</TextLine>
						<TextLine ID="line_6" HPOS="180" VPOS="343" WIDTH="827" HEIGHT="27">
							<String ID="string_55" HPOS="180" VPOS="343" WIDTH="109" HEIGHT="27" WC="0.92" CONTENT="uppbäras"/><SP WIDTH="15" VPOS="343" HPOS="289"/>
							<String ID="string_56" HPOS="304" VPOS="343" WIDTH="24" HEIGHT="21" WC="0.95" CONTENT="af"/><SP WIDTH="16" VPOS="343" HPOS="328"/>
							<String ID="string_57" HPOS="344" VPOS="343" WIDTH="96" HEIGHT="21" WC="0.94" CONTENT="trafiken."/><SP WIDTH="28" VPOS="343" HPOS="440"/>
							<String ID="string_58" HPOS="468" VPOS="343" WIDTH="41" HEIGHT="21" WC="0.96" CONTENT="Det"/><SP WIDTH="15" VPOS="343" HPOS="509"/>
							<String ID="string_59" HPOS="524" VPOS="345" WIDTH="24" HEIGHT="19" WC="0.96" CONTENT="är"/><SP WIDTH="15" VPOS="345" HPOS="548"/>
							<String ID="string_60" HPOS="563" VPOS="343" WIDTH="46" HEIGHT="21" WC="0.96" CONTENT="icke"/><SP WIDTH="16" VPOS="343" HPOS="609"/>
							<String ID="string_61" HPOS="625" VPOS="343" WIDTH="24" HEIGHT="21" WC="0.96" CONTENT="sä"/><SP WIDTH="16" VPOS="343" HPOS="649"/>
							<String ID="string_62" HPOS="665" VPOS="343" WIDTH="61" HEIGHT="26" WC="0.96" CONTENT="länge"/><SP WIDTH="15" VPOS="343" HPOS="726"/>
							<String ID="string_63" HPOS="741" VPOS="343" WIDTH="66" HEIGHT="21" WC="0.96" CONTENT="sedan"/><SP WIDTH="16" VPOS="343" HPOS="807"/>
							<String ID="string_64" HPOS="823" VPOS="349" WIDTH="45" HEIGHT="15" WC="0.93" CONTENT="som"/><SP WIDTH="16" VPOS="349" HPOS="868"/>
							<String ID="string_65" HPOS="884" VPOS="343" WIDTH="123" HEIGHT="26" WC="0.92" CONTENT="skjutshäll-"/>
						</TextLine>
						<TextLine ID="line_7" HPOS="178" VPOS="371" WIDTH="830" HEIGHT="27">
							<String ID="string_66" HPOS="178" VPOS="372" WIDTH="78" HEIGHT="26" WC="0.92" CONTENT="ningen"/><SP WIDTH="16" VPOS="372" HPOS="256"/>
							<String ID="string_67" HPOS="272" VPOS="372" WIDTH="7" HEIGHT="21" WC="0.93" CONTENT="i"/><SP WIDTH="15" VPOS="372" HPOS="279"/>
							<String ID="string_68" HPOS="294" VPOS="372" WIDTH="47" HEIGHT="21" WC="0.91" CONTENT="värt"/><SP WIDTH="15" VPOS="372" HPOS="341"/>
							<String ID="string_69" HPOS="356" VPOS="372" WIDTH="50" HEIGHT="21" WC="0.93" CONTENT="land"/><SP WIDTH="16" VPOS="372" HPOS="406"/>
							<String ID="string_70" HPOS="422" VPOS="371" WIDTH="46" HEIGHT="22" WC="0.91" CONTENT="icke"/><SP WIDTH="16" VPOS="371" HPOS="468"/>
							<String ID="string_71" HPOS="484" VPOS="371" WIDTH="137" HEIGHT="22" WC="0.92" CONTENT="betraktades"/><SP WIDTH="15" VPOS="371" HPOS="621"/>
							<String ID="string_72" HPOS="636" VPOS="371" WIDTH="70" HEIGHT="22" WC="0.92" CONTENT="säsom"/><SP WIDTH="14" VPOS="371" HPOS="706"/>
							<String ID="string_73" HPOS="720" VPOS="378" WIDTH="25" HEIGHT="15" WC="0.93" CONTENT="en"/><SP WIDTH="12" VPOS="378" HPOS="745"/>
							<String ID="string_74" HPOS="757" VPOS="373" WIDTH="66" HEIGHT="25" WC="0.92" CONTENT="tunga"/><SP WIDTH="11" VPOS="373" HPOS="823"/>
							<String ID="string_75" HPOS="834" VPOS="371" WIDTH="33" HEIGHT="22" WC="0.93" CONTENT="för"/><SP WIDTH="8" VPOS="371" HPOS="867"/>
							<String ID="string_76" HPOS="875" VPOS="371" WIDTH="133" HEIGHT="27" WC="0.92" CONTENT="jordegaren."/>
						</TextLine>
						<TextLine ID="line_8" HPOS="179" VPOS="389" WIDTH="828" HEIGHT="42">
							<String ID="string_77" HPOS="179" VPOS="389" WIDTH="113" HEIGHT="42" WC="0.92" CONTENT="Ätskillige"/><SP WIDTH="15" VPOS="389" HPOS="292"/>
							<String ID="string_78" HPOS="307" VPOS="400" WIDTH="49" HEIGHT="22" WC="0.91" CONTENT="utaf"/><SP WIDTH="14" VPOS="400" HPOS="356"/>
							<String ID="string_79" HPOS="370" VPOS="400" WIDTH="101" HEIGHT="22" WC="0.92" CONTENT="Ständets"/><SP WIDTH="16" VPOS="400" HPOS="471"/>
							<String ID="string_80" HPOS="487" VPOS="400" WIDTH="139" HEIGHT="22" WC="0.96" CONTENT="medlemmar"/><SP WIDTH="16" VPOS="400" HPOS="626"/>
							<String ID="string_81" HPOS="642" VPOS="400" WIDTH="60" HEIGHT="22" WC="0.93" CONTENT="torde"/><SP WIDTH="17" VPOS="400" HPOS="702"/>
							<String ID="string_82" HPOS="719" VPOS="400" WIDTH="71" HEIGHT="22" WC="0.92" CONTENT="erinra"/><SP WIDTH="16" VPOS="400" HPOS="790"/>
							<String ID="string_83" HPOS="806" VPOS="401" WIDTH="38" HEIGHT="25" WC="0.96" CONTENT="sig,"/><SP WIDTH="16" VPOS="401" HPOS="844"/>
							<String ID="string_84" HPOS="860" VPOS="403" WIDTH="33" HEIGHT="19" WC="0.96" CONTENT="att"/><SP WIDTH="15" VPOS="403" HPOS="893"/>
							<String ID="string_85" HPOS="908" VPOS="400" WIDTH="53" HEIGHT="22" WC="0.96" CONTENT="efter"/><SP WIDTH="11" VPOS="400" HPOS="961"/>
							<String ID="string_86" HPOS="972" VPOS="401" WIDTH="35" HEIGHT="21" WC="0.97" CONTENT="det"/>
						</TextLine>
						<TextLine ID="line_9" HPOS="179" VPOS="428" WIDTH="833" HEIGHT="27">
							<String ID="string_87" HPOS="179" VPOS="428" WIDTH="139" HEIGHT="22" WC="0.91" CONTENT="orientaliska"/><SP WIDTH="16" VPOS="428" HPOS="318"/>
							<String ID="string_88" HPOS="334" VPOS="429" WIDTH="76" HEIGHT="26" WC="0.96" CONTENT="kriget,"/><SP WIDTH="16" VPOS="429" HPOS="410"/>
							<String ID="string_89" HPOS="426" VPOS="431" WIDTH="38" HEIGHT="19" WC="0.96" CONTENT="när"/><SP WIDTH="16" VPOS="431" HPOS="464"/>
							<String ID="string_90" HPOS="480" VPOS="436" WIDTH="25" HEIGHT="14" WC="0.93" CONTENT="en"/><SP WIDTH="17" VPOS="436" HPOS="505"/>
							<String ID="string_91" HPOS="522" VPOS="430" WIDTH="55" HEIGHT="20" WC="0.92" CONTENT="ökad"/><SP WIDTH="16" VPOS="430" HPOS="577"/>
							<String ID="string_92" HPOS="593" VPOS="429" WIDTH="136" HEIGHT="21" WC="0.95" CONTENT="verksamhet"/><SP WIDTH="11" VPOS="429" HPOS="729"/>
							<String ID="string_93" HPOS="740" VPOS="429" WIDTH="6" HEIGHT="21" WC="0.95" CONTENT="i"/><SP WIDTH="11" VPOS="429" HPOS="746"/>
							<String ID="string_94" HPOS="757" VPOS="429" WIDTH="161" HEIGHT="26" WC="0.96" CONTENT="lagstiftningen"/><SP WIDTH="16" VPOS="429" HPOS="918"/>
							<String ID="string_95" HPOS="934" VPOS="430" WIDTH="27" HEIGHT="25" WC="0.96" CONTENT="pä"/><SP WIDTH="10" VPOS="430" HPOS="961"/>
							<String ID="string_96" HPOS="971" VPOS="430" WIDTH="41" HEIGHT="20" WC="0.95" CONTENT="det"/>
						</TextLine>
						<TextLine ID="line_10" HPOS="180" VPOS="457" WIDTH="826" HEIGHT="27">
							<String ID="string_97" HPOS="180" VPOS="457" WIDTH="137" HEIGHT="22" WC="0.93" CONTENT="ekonomiska"/><SP WIDTH="19" VPOS="457" HPOS="317"/>
							<String ID="string_98" HPOS="336" VPOS="457" WIDTH="97" HEIGHT="22" WC="0.91" CONTENT="omrädet"/><SP WIDTH="18" VPOS="457" HPOS="433"/>
							<String ID="string_99" HPOS="451" VPOS="457" WIDTH="71" HEIGHT="22" WC="0.92" CONTENT="visade"/><SP WIDTH="20" VPOS="457" HPOS="522"/>
							<String ID="string_100" HPOS="542" VPOS="459" WIDTH="38" HEIGHT="25" WC="0.96" CONTENT="sig,"/><SP WIDTH="16" VPOS="459" HPOS="580"/>
							<String ID="string_101" HPOS="596" VPOS="463" WIDTH="49" HEIGHT="16" WC="0.96" CONTENT="man"/><SP WIDTH="16" VPOS="463" HPOS="645"/>
							<String ID="string_102" HPOS="661" VPOS="463" WIDTH="75" HEIGHT="21" WC="0.96" CONTENT="genom"/><SP WIDTH="17" VPOS="463" HPOS="736"/>
							<String ID="string_103" HPOS="753" VPOS="457" WIDTH="80" HEIGHT="21" WC="0.93" CONTENT="Finska"/><SP WIDTH="14" VPOS="457" HPOS="833"/>
							<String ID="string_104" HPOS="847" VPOS="457" WIDTH="159" HEIGHT="27" WC="0.91" CONTENT="Hushällnings-"/>
						</TextLine>
						<TextLine ID="line_11" HPOS="178" VPOS="485" WIDTH="829" HEIGHT="27">
							<String ID="string_105" HPOS="178" VPOS="485" WIDTH="118" HEIGHT="27" WC="0.91" CONTENT="sällskapet"/><SP WIDTH="16" VPOS="485" HPOS="296"/>
							<String ID="string_106" HPOS="312" VPOS="487" WIDTH="30" HEIGHT="20" WC="0.93" CONTENT="lät"/><SP WIDTH="15" VPOS="487" HPOS="342"/>
							<String ID="string_107" HPOS="357" VPOS="485" WIDTH="60" HEIGHT="27" WC="0.92" CONTENT="fräga"/><SP WIDTH="16" VPOS="485" HPOS="417"/>
							<String ID="string_108" HPOS="433" VPOS="485" WIDTH="82" HEIGHT="22" WC="0.93" CONTENT="landets"/><SP WIDTH="15" VPOS="485" HPOS="515"/>
							<String ID="string_109" HPOS="530" VPOS="486" WIDTH="43" HEIGHT="21" WC="0.96" CONTENT="alla"/><SP WIDTH="14" VPOS="486" HPOS="573"/>
							<String ID="string_110" HPOS="587" VPOS="486" WIDTH="134" HEIGHT="25" WC="0.96" CONTENT="kommuner,"/><SP WIDTH="12" VPOS="486" HPOS="721"/>
							<String ID="string_111" HPOS="733" VPOS="486" WIDTH="104" HEIGHT="21" WC="0.96" CONTENT="huruvida"/><SP WIDTH="11" VPOS="486" HPOS="837"/>
							<String ID="string_112" HPOS="848" VPOS="486" WIDTH="25" HEIGHT="21" WC="0.96" CONTENT="de"/><SP WIDTH="12" VPOS="486" HPOS="873"/>
							<String ID="string_113" HPOS="885" VPOS="486" WIDTH="47" HEIGHT="21" WC="0.93" CONTENT="ville"/><SP WIDTH="11" VPOS="486" HPOS="932"/>
							<String ID="string_114" HPOS="943" VPOS="486" WIDTH="64" HEIGHT="21" WC="0.92" CONTENT="hafva"/>
						</TextLine>
						<TextLine ID="line_12" HPOS="179" VPOS="514" WIDTH="827" HEIGHT="27">
							<String ID="string_115" HPOS="179" VPOS="514" WIDTH="141" HEIGHT="27" WC="0.88" CONTENT="hällskjutsen"/><SP WIDTH="22" VPOS="514" HPOS="320"/>
							<String ID="string_116" HPOS="342" VPOS="514" WIDTH="103" HEIGHT="21" WC="0.88" CONTENT="afskaffad"/><SP WIDTH="22" VPOS="514" HPOS="445"/>
							<String ID="string_117" HPOS="467" VPOS="514" WIDTH="52" HEIGHT="21" WC="0.93" CONTENT="eller"/><SP WIDTH="23" VPOS="514" HPOS="519"/>
							<String ID="string_118" HPOS="542" VPOS="515" WIDTH="53" HEIGHT="21" WC="0.89" CONTENT="icke."/><SP WIDTH="32" VPOS="515" HPOS="595"/>
							<String ID="string_119" HPOS="627" VPOS="515" WIDTH="31" HEIGHT="20" WC="0.96" CONTENT="De"/><SP WIDTH="18" VPOS="515" HPOS="658"/>
							<String ID="string_120" HPOS="676" VPOS="521" WIDTH="56" HEIGHT="18" WC="0.96" CONTENT="svar,"/><SP WIDTH="15" VPOS="521" HPOS="732"/>
							<String ID="string_121" HPOS="747" VPOS="520" WIDTH="46" HEIGHT="15" WC="0.96" CONTENT="som"/><SP WIDTH="16" VPOS="520" HPOS="793"/>
							<String ID="string_122" HPOS="809" VPOS="514" WIDTH="27" HEIGHT="21" WC="0.93" CONTENT="dä"/><SP WIDTH="15" VPOS="514" HPOS="836"/>
							<String ID="string_123" HPOS="851" VPOS="515" WIDTH="106" HEIGHT="20" WC="0.91" CONTENT="inkommo"/><SP WIDTH="17" VPOS="515" HPOS="957"/>
							<String ID="string_124" HPOS="974" VPOS="515" WIDTH="32" HEIGHT="21" WC="0.96" CONTENT="till"/>
						</TextLine>
						<TextLine ID="line_13" HPOS="179" VPOS="543" WIDTH="830" HEIGHT="27">
							<String ID="string_125" HPOS="179" VPOS="543" WIDTH="276" HEIGHT="27" WC="0.91" CONTENT="Hushällningssällskapet,"/><SP WIDTH="24" VPOS="543" HPOS="455"/>
							<String ID="string_126" HPOS="479" VPOS="543" WIDTH="95" HEIGHT="22" WC="0.91" CONTENT="utvisade"/><SP WIDTH="23" VPOS="543" HPOS="574"/>
							<String ID="string_127" HPOS="597" VPOS="545" WIDTH="32" HEIGHT="19" WC="0.96" CONTENT="att"/><SP WIDTH="22" VPOS="545" HPOS="629"/>
							<String ID="string_128" HPOS="651" VPOS="543" WIDTH="49" HEIGHT="21" WC="0.93" CONTENT="vida"/><SP WIDTH="20" VPOS="543" HPOS="700"/>
							<String ID="string_129" HPOS="720" VPOS="545" WIDTH="79" HEIGHT="24" WC="0.92" CONTENT="vägnar"/><SP WIDTH="16" VPOS="545" HPOS="799"/>
							<String ID="string_130" HPOS="815" VPOS="545" WIDTH="78" HEIGHT="19" WC="0.96" CONTENT="största"/><SP WIDTH="16" VPOS="545" HPOS="893"/>
							<String ID="string_131" HPOS="909" VPOS="543" WIDTH="59" HEIGHT="21" WC="0.96" CONTENT="delen"/><SP WIDTH="16" VPOS="543" HPOS="968"/>
							<String ID="string_132" HPOS="984" VPOS="543" WIDTH="25" HEIGHT="21" WC="0.96" CONTENT="af"/>
						</TextLine>
						<TextLine ID="line_14" HPOS="179" VPOS="571" WIDTH="830" HEIGHT="28">
							<String ID="string_133" HPOS="179" VPOS="571" WIDTH="83" HEIGHT="22" WC="0.95" CONTENT="landets"/><SP WIDTH="23" VPOS="571" HPOS="262"/>
							<String ID="string_134" HPOS="285" VPOS="572" WIDTH="91" HEIGHT="26" WC="0.95" CONTENT="allmoge"/><SP WIDTH="20" VPOS="572" HPOS="376"/>
							<String ID="string_135" HPOS="396" VPOS="578" WIDTH="36" HEIGHT="15" WC="0.96" CONTENT="var"/><SP WIDTH="16" VPOS="578" HPOS="432"/>
							<String ID="string_136" HPOS="448" VPOS="572" WIDTH="81" HEIGHT="27" WC="0.93" CONTENT="ganska"/><SP WIDTH="15" VPOS="572" HPOS="529"/>
							<String ID="string_137" HPOS="544" VPOS="572" WIDTH="84" HEIGHT="21" WC="0.96" CONTENT="belåten"/><SP WIDTH="16" VPOS="572" HPOS="628"/>
							<String ID="string_138" HPOS="644" VPOS="572" WIDTH="48" HEIGHT="21" WC="0.93" CONTENT="med"/><SP WIDTH="16" VPOS="572" HPOS="692"/>
							<String ID="string_139" HPOS="708" VPOS="571" WIDTH="301" HEIGHT="27" WC="0.88" CONTENT="hällskjutsningsäliggandet."/>
						</TextLine>
						<TextLine ID="line_15" HPOS="179" VPOS="600" WIDTH="828" HEIGHT="21">
							<String ID="string_140" HPOS="179" VPOS="600" WIDTH="39" HEIGHT="21" WC="0.96" CONTENT="och"/><SP WIDTH="16" VPOS="600" HPOS="218"/>
							<String ID="string_141" HPOS="234" VPOS="600" WIDTH="34" HEIGHT="21" WC="0.96" CONTENT="till"/><SP WIDTH="16" VPOS="600" HPOS="268"/>
							<String ID="string_142" HPOS="284" VPOS="600" WIDTH="39" HEIGHT="21" WC="0.96" CONTENT="och"/><SP WIDTH="15" VPOS="600" HPOS="323"/>
							<String ID="string_143" HPOS="338" VPOS="600" WIDTH="48" HEIGHT="21" WC="0.96" CONTENT="med"/><SP WIDTH="16" VPOS="600" HPOS="386"/>
							<String ID="string_144" HPOS="402" VPOS="600" WIDTH="55" HEIGHT="21" WC="0.93" CONTENT="hade"/><SP WIDTH="16" VPOS="600" HPOS="457"/>
							<String ID="string_145" HPOS="473" VPOS="603" WIDTH="71" HEIGHT="18" WC="0.92" CONTENT="ansett"/><SP WIDTH="15" VPOS="603" HPOS="544"/>
							<String ID="string_146" HPOS="559" VPOS="601" WIDTH="36" HEIGHT="20" WC="0.97" CONTENT="det"/><SP WIDTH="16" VPOS="601" HPOS="595"/>
							<String ID="string_147" HPOS="611" VPOS="600" WIDTH="33" HEIGHT="21" WC="0.96" CONTENT="för"/><SP WIDTH="15" VPOS="600" HPOS="644"/>
							<String ID="string_148" HPOS="659" VPOS="607" WIDTH="25" HEIGHT="14" WC="0.92" CONTENT="en"/><SP WIDTH="17" VPOS="607" HPOS="684"/>
							<String ID="string_149" HPOS="701" VPOS="600" WIDTH="126" HEIGHT="21" WC="0.91" CONTENT="ekonomisk"/><SP WIDTH="16" VPOS="600" HPOS="827"/>
							<String ID="string_150" HPOS="843" VPOS="600" WIDTH="75" HEIGHT="21" WC="0.91" CONTENT="förlust"/><SP WIDTH="16" VPOS="600" HPOS="918"/>
							<String ID="string_151" HPOS="934" VPOS="606" WIDTH="33" HEIGHT="15" WC="0.96" CONTENT="om"/><SP WIDTH="12" VPOS="606" HPOS="967"/>
							<String ID="string_152" HPOS="979" VPOS="600" WIDTH="28" HEIGHT="21" WC="0.94" CONTENT="de"/>
						</TextLine>
						<TextLine ID="line_16" HPOS="178" VPOS="628" WIDTH="827" HEIGHT="27">
							<String ID="string_153" HPOS="178" VPOS="628" WIDTH="56" HEIGHT="22" WC="0.93" CONTENT="hade"/><SP WIDTH="15" VPOS="628" HPOS="234"/>
							<String ID="string_154" HPOS="249" VPOS="628" WIDTH="71" HEIGHT="22" WC="0.88" CONTENT="blifvit"/><SP WIDTH="15" VPOS="628" HPOS="320"/>
							<String ID="string_155" HPOS="335" VPOS="628" WIDTH="113" HEIGHT="22" WC="0.93" CONTENT="beröfvade"/><SP WIDTH="15" VPOS="628" HPOS="448"/>
							<String ID="string_156" HPOS="463" VPOS="629" WIDTH="130" HEIGHT="26" WC="0.91" CONTENT="rättigheten"/><SP WIDTH="15" VPOS="629" HPOS="593"/>
							<String ID="string_157" HPOS="608" VPOS="631" WIDTH="33" HEIGHT="19" WC="0.93" CONTENT="att"/><SP WIDTH="15" VPOS="631" HPOS="641"/>
							<String ID="string_158" HPOS="656" VPOS="629" WIDTH="90" HEIGHT="26" WC="0.92" CONTENT="skjutsa."/><SP WIDTH="27" VPOS="629" HPOS="746"/>
							<String ID="string_159" HPOS="773" VPOS="629" WIDTH="171" HEIGHT="21" WC="0.91" CONTENT="Förhällandena"/><SP WIDTH="10" VPOS="629" HPOS="944"/>
							<String ID="string_160" HPOS="954" VPOS="635" WIDTH="51" HEIGHT="15" WC="0.92" CONTENT="voro"/>
						</TextLine>
						<TextLine ID="line_17" HPOS="178" VPOS="657" WIDTH="828" HEIGHT="26">
							<String ID="string_161" HPOS="178" VPOS="657" WIDTH="28" HEIGHT="21" WC="0.95" CONTENT="dä"/><SP WIDTH="22" VPOS="657" HPOS="206"/>
							<String ID="string_162" HPOS="228" VPOS="659" WIDTH="57" HEIGHT="20" WC="0.96" CONTENT="ännu"/><SP WIDTH="23" VPOS="659" HPOS="285"/>
							<String ID="string_163" HPOS="308" VPOS="657" WIDTH="44" HEIGHT="22" WC="0.96" CONTENT="helt"/><SP WIDTH="22" VPOS="657" HPOS="352"/>
							<String ID="string_164" HPOS="374" VPOS="657" WIDTH="66" HEIGHT="21" WC="0.96" CONTENT="andra"/><SP WIDTH="21" VPOS="657" HPOS="440"/>
							<String ID="string_165" HPOS="461" VPOS="659" WIDTH="26" HEIGHT="20" WC="0.95" CONTENT="än"/><SP WIDTH="16" VPOS="659" HPOS="487"/>
							<String ID="string_166" HPOS="503" VPOS="658" WIDTH="26" HEIGHT="21" WC="0.93" CONTENT="de"/><SP WIDTH="16" VPOS="658" HPOS="529"/>
							<String ID="string_167" HPOS="545" VPOS="657" WIDTH="121" HEIGHT="22" WC="0.91" CONTENT="sedermera"/><SP WIDTH="16" VPOS="657" HPOS="666"/>
							<String ID="string_168" HPOS="682" VPOS="657" WIDTH="64" HEIGHT="21" WC="0.92" CONTENT="hafva"/><SP WIDTH="17" VPOS="657" HPOS="746"/>
							<String ID="string_169" HPOS="763" VPOS="657" WIDTH="108" HEIGHT="22" WC="0.92" CONTENT="utvecklat"/><SP WIDTH="16" VPOS="657" HPOS="871"/>
							<String ID="string_170" HPOS="887" VPOS="658" WIDTH="37" HEIGHT="25" WC="0.93" CONTENT="sig."/><SP WIDTH="31" VPOS="658" HPOS="924"/>
							<String ID="string_171" HPOS="955" VPOS="657" WIDTH="51" HEIGHT="21" WC="0.92" CONTENT="Dels"/>
						</TextLine>
						<TextLine ID="line_18" HPOS="177" VPOS="685" WIDTH="828" HEIGHT="28">
							<String ID="string_172" HPOS="177" VPOS="685" WIDTH="40" HEIGHT="22" WC="0.93" CONTENT="har"/><SP WIDTH="20" VPOS="685" HPOS="217"/>
							<String ID="string_173" HPOS="237" VPOS="686" WIDTH="127" HEIGHT="27" WC="0.93" CONTENT="jordbruket"/><SP WIDTH="23" VPOS="686" HPOS="364"/>
							<String ID="string_174" HPOS="387" VPOS="686" WIDTH="59" HEIGHT="27" WC="0.92" CONTENT="stigit"/><SP WIDTH="20" VPOS="686" HPOS="446"/>
							<String ID="string_175" HPOS="466" VPOS="685" WIDTH="39" HEIGHT="22" WC="0.96" CONTENT="och"/><SP WIDTH="22" VPOS="685" HPOS="505"/>
							<String ID="string_176" HPOS="527" VPOS="686" WIDTH="58" HEIGHT="26" WC="0.96" CONTENT="gjort"/><SP WIDTH="21" VPOS="686" HPOS="585"/>
							<String ID="string_177" HPOS="606" VPOS="688" WIDTH="32" HEIGHT="19" WC="0.93" CONTENT="att"/><SP WIDTH="15" VPOS="688" HPOS="638"/>
							<String ID="string_178" HPOS="653" VPOS="685" WIDTH="106" HEIGHT="27" WC="0.92" CONTENT="allmogen"/><SP WIDTH="15" VPOS="685" HPOS="759"/>
							<String ID="string_179" HPOS="774" VPOS="686" WIDTH="34" HEIGHT="21" WC="0.96" CONTENT="för"/><SP WIDTH="14" VPOS="686" HPOS="808"/>
							<String ID="string_180" HPOS="822" VPOS="686" WIDTH="132" HEIGHT="21" WC="0.93" CONTENT="närvarande"/><SP WIDTH="15" VPOS="686" HPOS="954"/>
							<String ID="string_181" HPOS="969" VPOS="686" WIDTH="36" HEIGHT="21" WC="0.92" CONTENT="be-"/>
						</TextLine>
						<TextLine ID="line_19" HPOS="178" VPOS="714" WIDTH="826" HEIGHT="27">
							<String ID="string_182" HPOS="178" VPOS="714" WIDTH="73" HEIGHT="21" WC="0.91" CONTENT="höfver"/><SP WIDTH="15" VPOS="714" HPOS="251"/>
							<String ID="string_183" HPOS="266" VPOS="715" WIDTH="47" HEIGHT="21" WC="0.93" CONTENT="sina"/><SP WIDTH="15" VPOS="715" HPOS="313"/>
							<String ID="string_184" HPOS="328" VPOS="715" WIDTH="73" HEIGHT="20" WC="0.96" CONTENT="hästar"/><SP WIDTH="20" VPOS="715" HPOS="401"/>
							<String ID="string_185" HPOS="421" VPOS="714" WIDTH="38" HEIGHT="21" WC="0.95" CONTENT="och"/><SP WIDTH="17" VPOS="714" HPOS="459"/>
							<String ID="string_186" HPOS="476" VPOS="714" WIDTH="46" HEIGHT="21" WC="0.93" CONTENT="sina"/><SP WIDTH="15" VPOS="714" HPOS="522"/>
							<String ID="string_187" HPOS="537" VPOS="715" WIDTH="61" HEIGHT="26" WC="0.92" CONTENT="bjons"/><SP WIDTH="16" VPOS="715" HPOS="598"/>
							<String ID="string_188" HPOS="614" VPOS="714" WIDTH="156" HEIGHT="21" WC="0.92" CONTENT="arbetskrafter"/><SP WIDTH="15" VPOS="714" HPOS="770"/>
							<String ID="string_189" HPOS="785" VPOS="714" WIDTH="32" HEIGHT="21" WC="0.96" CONTENT="för"/><SP WIDTH="16" VPOS="714" HPOS="817"/>
							<String ID="string_190" HPOS="833" VPOS="715" WIDTH="118" HEIGHT="20" WC="0.95" CONTENT="detsamma"/><SP WIDTH="14" VPOS="715" HPOS="951"/>
							<String ID="string_191" HPOS="965" VPOS="714" WIDTH="39" HEIGHT="21" WC="0.96" CONTENT="och"/>
						</TextLine>
						<TextLine ID="line_20" HPOS="177" VPOS="743" WIDTH="827" HEIGHT="27">
							<String ID="string_192" HPOS="177" VPOS="745" WIDTH="33" HEIGHT="19" WC="0.96" CONTENT="att"/><SP WIDTH="22" VPOS="745" HPOS="210"/>
							<String ID="string_193" HPOS="232" VPOS="743" WIDTH="33" HEIGHT="21" WC="0.95" CONTENT="till"/><SP WIDTH="22" VPOS="743" HPOS="265"/>
							<String ID="string_194" HPOS="287" VPOS="743" WIDTH="52" HEIGHT="27" WC="0.93" CONTENT="följd"/><SP WIDTH="24" VPOS="743" HPOS="339"/>
							<String ID="string_195" HPOS="363" VPOS="743" WIDTH="63" HEIGHT="21" WC="0.91" CONTENT="deraf"/><SP WIDTH="14" VPOS="743" HPOS="426"/>
							<String ID="string_196" HPOS="440" VPOS="743" WIDTH="35" HEIGHT="21" WC="0.93" CONTENT="det"/><SP WIDTH="16" VPOS="743" HPOS="475"/>
							<String ID="string_197" HPOS="491" VPOS="743" WIDTH="68" HEIGHT="21" WC="0.92" CONTENT="blifvit"/><SP WIDTH="16" VPOS="743" HPOS="559"/>
							<String ID="string_198" HPOS="575" VPOS="743" WIDTH="85" HEIGHT="27" WC="0.95" CONTENT="mycket"/><SP WIDTH="16" VPOS="743" HPOS="660"/>
							<String ID="string_199" HPOS="676" VPOS="749" WIDTH="58" HEIGHT="15" WC="0.93" CONTENT="mera"/><SP WIDTH="16" VPOS="749" HPOS="734"/>
							<String ID="string_200" HPOS="750" VPOS="743" WIDTH="92" HEIGHT="21" WC="0.92" CONTENT="känbart"/><SP WIDTH="15" VPOS="743" HPOS="842"/>
							<String ID="string_201" HPOS="857" VPOS="745" WIDTH="26" HEIGHT="18" WC="0.93" CONTENT="än"/><SP WIDTH="17" VPOS="745" HPOS="883"/>
							<String ID="string_202" HPOS="900" VPOS="743" WIDTH="57" HEIGHT="21" WC="0.93" CONTENT="förut"/><SP WIDTH="15" VPOS="743" HPOS="957"/>
							<String ID="string_203" HPOS="972" VPOS="746" WIDTH="32" HEIGHT="18" WC="0.97" CONTENT="att"/>
						</TextLine>
						<TextLine ID="line_21" HPOS="177" VPOS="771" WIDTH="828" HEIGHT="28">
							<String ID="string_204" HPOS="177" VPOS="771" WIDTH="95" HEIGHT="22" WC="0.92" CONTENT="undvara"/><SP WIDTH="23" VPOS="771" HPOS="272"/>
							<String ID="string_205" HPOS="295" VPOS="772" WIDTH="53" HEIGHT="21" WC="0.93" CONTENT="dem."/><SP WIDTH="32" VPOS="772" HPOS="348"/>
							<String ID="string_206" HPOS="380" VPOS="771" WIDTH="50" HEIGHT="22" WC="0.92" CONTENT="Dels"/><SP WIDTH="22" VPOS="771" HPOS="430"/>
							<String ID="string_207" HPOS="452" VPOS="771" WIDTH="40" HEIGHT="21" WC="0.93" CONTENT="har"/><SP WIDTH="15" VPOS="771" HPOS="492"/>
							<String ID="string_208" HPOS="507" VPOS="772" WIDTH="64" HEIGHT="21" WC="0.91" CONTENT="ocksä"/><SP WIDTH="16" VPOS="772" HPOS="571"/>
							<String ID="string_209" HPOS="587" VPOS="771" WIDTH="222" HEIGHT="28" WC="0.89" CONTENT="penningetillgängen"/><SP WIDTH="16" VPOS="771" HPOS="809"/>
							<String ID="string_210" HPOS="825" VPOS="771" WIDTH="6" HEIGHT="21" WC="0.96" CONTENT="i"/><SP WIDTH="16" VPOS="771" HPOS="831"/>
							<String ID="string_211" HPOS="847" VPOS="771" WIDTH="73" HEIGHT="22" WC="0.93" CONTENT="landet"/><SP WIDTH="16" VPOS="771" HPOS="920"/>
							<String ID="string_212" HPOS="936" VPOS="771" WIDTH="69" HEIGHT="22" WC="0.92" CONTENT="blifvit"/>
						</TextLine>
						<TextLine ID="line_22" HPOS="176" VPOS="800" WIDTH="827" HEIGHT="27">
							<String ID="string_213" HPOS="176" VPOS="800" WIDTH="78" HEIGHT="24" WC="0.96" CONTENT="rikare,"/><SP WIDTH="16" VPOS="800" HPOS="254"/>
							<String ID="string_214" HPOS="270" VPOS="801" WIDTH="80" HEIGHT="20" WC="0.96" CONTENT="hvilket"/><SP WIDTH="14" VPOS="801" HPOS="350"/>
							<String ID="string_215" HPOS="364" VPOS="802" WIDTH="39" HEIGHT="25" WC="0.96" CONTENT="gör"/><SP WIDTH="15" VPOS="802" HPOS="403"/>
							<String ID="string_216" HPOS="418" VPOS="802" WIDTH="32" HEIGHT="19" WC="0.96" CONTENT="att"/><SP WIDTH="14" VPOS="802" HPOS="450"/>
							<String ID="string_217" HPOS="464" VPOS="807" WIDTH="48" HEIGHT="14" WC="0.96" CONTENT="man"/><SP WIDTH="17" VPOS="807" HPOS="512"/>
							<String ID="string_218" HPOS="529" VPOS="807" WIDTH="28" HEIGHT="14" WC="0.93" CONTENT="nu"/><SP WIDTH="15" VPOS="807" HPOS="557"/>
							<String ID="string_219" HPOS="572" VPOS="800" WIDTH="46" HEIGHT="21" WC="0.96" CONTENT="icke"/><SP WIDTH="16" VPOS="800" HPOS="618"/>
							<String ID="string_220" HPOS="634" VPOS="807" WIDTH="58" HEIGHT="14" WC="0.96" CONTENT="mera"/><SP WIDTH="15" VPOS="807" HPOS="692"/>
							<String ID="string_221" HPOS="707" VPOS="800" WIDTH="24" HEIGHT="21" WC="0.96" CONTENT="sä"/><SP WIDTH="16" VPOS="800" HPOS="731"/>
							<String ID="string_222" HPOS="747" VPOS="800" WIDTH="84" HEIGHT="27" WC="0.93" CONTENT="mycket"/><SP WIDTH="16" VPOS="800" HPOS="831"/>
							<String ID="string_223" HPOS="847" VPOS="800" WIDTH="65" HEIGHT="21" WC="0.95" CONTENT="fäster"/><SP WIDTH="15" VPOS="800" HPOS="912"/>
							<String ID="string_224" HPOS="927" VPOS="801" WIDTH="32" HEIGHT="26" WC="0.97" CONTENT="sig"/><SP WIDTH="10" VPOS="801" HPOS="959"/>
							<String ID="string_225" HPOS="969" VPOS="801" WIDTH="34" HEIGHT="20" WC="0.96" CONTENT="vid"/>
						</TextLine>
						<TextLine ID="line_23" HPOS="176" VPOS="828" WIDTH="828" HEIGHT="28">
							<String ID="string_226" HPOS="176" VPOS="828" WIDTH="194" HEIGHT="28" WC="0.91" CONTENT="skjutspenningen,"/><SP WIDTH="17" VPOS="828" HPOS="370"/>
							<String ID="string_227" HPOS="387" VPOS="835" WIDTH="45" HEIGHT="15" WC="0.96" CONTENT="som"/><SP WIDTH="16" VPOS="835" HPOS="432"/>
							<String ID="string_228" HPOS="448" VPOS="829" WIDTH="27" HEIGHT="21" WC="0.96" CONTENT="dä"/><SP WIDTH="15" VPOS="829" HPOS="475"/>
							<String ID="string_229" HPOS="490" VPOS="829" WIDTH="54" HEIGHT="21" WC="0.96" CONTENT="hade"/><SP WIDTH="13" VPOS="829" HPOS="544"/>
							<String ID="string_230" HPOS="557" VPOS="831" WIDTH="31" HEIGHT="19" WC="0.93" CONTENT="ett"/><SP WIDTH="8" VPOS="831" HPOS="588"/>
							<String ID="string_231" HPOS="596" VPOS="829" WIDTH="157" HEIGHT="27" WC="0.92" CONTENT="jemförelsevis"/><SP WIDTH="12" VPOS="829" HPOS="753"/>
							<String ID="string_232" HPOS="765" VPOS="829" WIDTH="84" HEIGHT="27" WC="0.96" CONTENT="mycket"/><SP WIDTH="10" VPOS="829" HPOS="849"/>
							<String ID="string_233" HPOS="859" VPOS="831" WIDTH="69" HEIGHT="19" WC="0.96" CONTENT="större"/><SP WIDTH="10" VPOS="831" HPOS="928"/>
							<String ID="string_234" HPOS="938" VPOS="829" WIDTH="66" HEIGHT="21" WC="0.96" CONTENT="värde"/>
						</TextLine>
						<TextLine ID="line_24" HPOS="176" VPOS="857" WIDTH="828" HEIGHT="27">
							<String ID="string_235" HPOS="176" VPOS="857" WIDTH="6" HEIGHT="20" WC="0.96" CONTENT="i"/><SP WIDTH="16" VPOS="857" HPOS="182"/>
							<String ID="string_236" HPOS="198" VPOS="857" WIDTH="114" HEIGHT="27" WC="0.96" CONTENT="synnerhet"/><SP WIDTH="14" VPOS="857" HPOS="312"/>
							<String ID="string_237" HPOS="326" VPOS="858" WIDTH="7" HEIGHT="20" WC="0.93" CONTENT="i"/><SP WIDTH="16" VPOS="858" HPOS="333"/>
							<String ID="string_238" HPOS="349" VPOS="857" WIDTH="94" HEIGHT="27" WC="0.92" CONTENT="aflägsna"/><SP WIDTH="21" VPOS="857" HPOS="443"/>
							<String ID="string_239" HPOS="464" VPOS="857" WIDTH="127" HEIGHT="22" WC="0.87" CONTENT="landsorter."/><SP WIDTH="31" VPOS="857" HPOS="591"/>
							<String ID="string_240" HPOS="622" VPOS="858" WIDTH="51" HEIGHT="21" WC="0.92" CONTENT="Dels"/><SP WIDTH="16" VPOS="858" HPOS="673"/>
							<String ID="string_241" HPOS="689" VPOS="858" WIDTH="39" HEIGHT="21" WC="0.93" CONTENT="och"/><SP WIDTH="17" VPOS="858" HPOS="728"/>
							<String ID="string_242" HPOS="745" VPOS="857" WIDTH="114" HEIGHT="22" WC="0.91" CONTENT="kanhända"/><SP WIDTH="16" VPOS="857" HPOS="859"/>
							<String ID="string_243" HPOS="875" VPOS="857" WIDTH="129" HEIGHT="22" WC="0.91" CONTENT="hufvudsak-"/>
						</TextLine>
						<TextLine ID="line_25" HPOS="176" VPOS="885" WIDTH="827" HEIGHT="28">
							<String ID="string_244" HPOS="176" VPOS="885" WIDTH="63" HEIGHT="27" WC="0.89" CONTENT="ligast"/><SP WIDTH="23" VPOS="885" HPOS="239"/>
							<String ID="string_245" HPOS="262" VPOS="886" WIDTH="62" HEIGHT="21" WC="0.95" CONTENT="hafva"/><SP WIDTH="15" VPOS="886" HPOS="324"/>
							<String ID="string_246" HPOS="339" VPOS="892" WIDTH="41" HEIGHT="21" WC="0.93" CONTENT="nya"/><SP WIDTH="15" VPOS="892" HPOS="380"/>
							<String ID="string_247" HPOS="395" VPOS="886" WIDTH="207" HEIGHT="21" WC="0.96" CONTENT="kommunikationer"/><SP WIDTH="15" VPOS="886" HPOS="602"/>
							<String ID="string_248" HPOS="617" VPOS="886" WIDTH="40" HEIGHT="21" WC="0.96" CONTENT="och"/><SP WIDTH="16" VPOS="886" HPOS="657"/>
							<String ID="string_249" HPOS="673" VPOS="892" WIDTH="40" HEIGHT="20" WC="0.93" CONTENT="nya"/><SP WIDTH="17" VPOS="892" HPOS="713"/>
							<String ID="string_250" HPOS="730" VPOS="886" WIDTH="135" HEIGHT="21" WC="0.93" CONTENT="industriella"/><SP WIDTH="16" VPOS="886" HPOS="865"/>
							<String ID="string_251" HPOS="881" VPOS="886" WIDTH="122" HEIGHT="27" WC="0.42" CONTENT="anläggnin-"/>
						</TextLine>
						<TextLine ID="line_26" HPOS="176" VPOS="914" WIDTH="827" HEIGHT="27">
							<String ID="string_252" HPOS="176" VPOS="921" WIDTH="38" HEIGHT="20" WC="0.96" CONTENT="gar"/><SP WIDTH="20" VPOS="921" HPOS="214"/>
							<String ID="string_253" HPOS="234" VPOS="915" WIDTH="64" HEIGHT="26" WC="0.96" CONTENT="gjort,"/><SP WIDTH="16" VPOS="915" HPOS="298"/>
							<String ID="string_254" HPOS="314" VPOS="917" WIDTH="32" HEIGHT="19" WC="0.93" CONTENT="att"/><SP WIDTH="15" VPOS="917" HPOS="346"/>
							<String ID="string_255" HPOS="361" VPOS="914" WIDTH="190" HEIGHT="27" WC="0.91" CONTENT="skjutshällningen"/><SP WIDTH="17" VPOS="914" HPOS="551"/>
							<String ID="string_256" HPOS="568" VPOS="915" WIDTH="37" HEIGHT="21" WC="0.93" CONTENT="har"/><SP WIDTH="17" VPOS="915" HPOS="605"/>
							<String ID="string_257" HPOS="622" VPOS="915" WIDTH="68" HEIGHT="21" WC="0.88" CONTENT="blifvit"/><SP WIDTH="16" VPOS="915" HPOS="690"/>
							<String ID="string_258" HPOS="706" VPOS="915" WIDTH="81" HEIGHT="26" WC="0.91" CONTENT="ojemnt"/><SP WIDTH="16" VPOS="915" HPOS="787"/>
							<String ID="string_259" HPOS="803" VPOS="914" WIDTH="94" HEIGHT="21" WC="0.92" CONTENT="fördelad"/><SP WIDTH="16" VPOS="914" HPOS="897"/>
							<String ID="string_260" HPOS="913" VPOS="915" WIDTH="39" HEIGHT="21" WC="0.93" CONTENT="och"/><SP WIDTH="15" VPOS="915" HPOS="952"/>
							<String ID="string_261" HPOS="967" VPOS="915" WIDTH="36" HEIGHT="21" WC="0.92" CONTENT="be-"/>
						</TextLine>
						<TextLine ID="line_27" HPOS="175" VPOS="943" WIDTH="828" HEIGHT="28">
							<String ID="string_262" HPOS="175" VPOS="945" WIDTH="72" HEIGHT="19" WC="0.92" CONTENT="sväret"/><SP WIDTH="15" VPOS="945" HPOS="247"/>
							<String ID="string_263" HPOS="262" VPOS="943" WIDTH="90" HEIGHT="22" WC="0.92" CONTENT="sälunda"/><SP WIDTH="14" VPOS="943" HPOS="352"/>
							<String ID="string_264" HPOS="366" VPOS="943" WIDTH="28" HEIGHT="27" WC="0.96" CONTENT="pä"/><SP WIDTH="15" VPOS="943" HPOS="394"/>
							<String ID="string_265" HPOS="409" VPOS="944" WIDTH="56" HEIGHT="20" WC="0.93" CONTENT="vissa"/><SP WIDTH="15" VPOS="944" HPOS="465"/>
							<String ID="string_266" HPOS="480" VPOS="946" WIDTH="57" HEIGHT="18" WC="0.93" CONTENT="orter"/><SP WIDTH="16" VPOS="946" HPOS="537"/>
							<String ID="string_267" HPOS="553" VPOS="943" WIDTH="84" HEIGHT="26" WC="0.96" CONTENT="mycket"/><SP WIDTH="15" VPOS="943" HPOS="637"/>
							<String ID="string_268" HPOS="652" VPOS="949" WIDTH="58" HEIGHT="15" WC="0.92" CONTENT="mera"/><SP WIDTH="17" VPOS="949" HPOS="710"/>
							<String ID="string_269" HPOS="727" VPOS="944" WIDTH="116" HEIGHT="27" WC="0.90" CONTENT="tryckande"/><SP WIDTH="16" VPOS="944" HPOS="843"/>
							<String ID="string_270" HPOS="859" VPOS="945" WIDTH="27" HEIGHT="20" WC="0.93" CONTENT="än"/><SP WIDTH="11" VPOS="945" HPOS="886"/>
							<String ID="string_271" HPOS="897" VPOS="943" WIDTH="50" HEIGHT="22" WC="0.89" CONTENT="förr."/><SP WIDTH="24" VPOS="943" HPOS="947"/>
							<String ID="string_272" HPOS="971" VPOS="943" WIDTH="32" HEIGHT="21" WC="0.96" CONTENT="De"/>
						</TextLine>
						<TextLine ID="line_28" HPOS="175" VPOS="971" WIDTH="826" HEIGHT="27">
							<String ID="string_273" HPOS="175" VPOS="977" WIDTH="41" HEIGHT="21" WC="0.92" CONTENT="nya"/><SP WIDTH="23" VPOS="977" HPOS="216"/>
							<String ID="string_274" HPOS="239" VPOS="971" WIDTH="241" HEIGHT="26" WC="0.91" CONTENT="kommunikationerna,"/><SP WIDTH="21" VPOS="971" HPOS="480"/>
							<String ID="string_275" HPOS="501" VPOS="971" WIDTH="58" HEIGHT="22" WC="0.93" CONTENT="såväl"/><SP WIDTH="14" VPOS="971" HPOS="559"/>
							<String ID="string_276" HPOS="573" VPOS="972" WIDTH="113" HEIGHT="26" WC="0.74" CONTENT="jernvägar"/><SP WIDTH="16" VPOS="972" HPOS="686"/>
							<String ID="string_277" HPOS="702" VPOS="978" WIDTH="45" HEIGHT="15" WC="0.93" CONTENT="som"/><SP WIDTH="16" VPOS="978" HPOS="747"/>
							<String ID="string_278" HPOS="763" VPOS="971" WIDTH="238" HEIGHT="27" WC="0.90" CONTENT="ängbätskommunika-"/>
						</TextLine>
						<TextLine ID="line_29" HPOS="176" VPOS="1001" WIDTH="827" HEIGHT="26">
							<String ID="string_279" HPOS="176" VPOS="1001" WIDTH="76" HEIGHT="25" WC="0.96" CONTENT="tioner,"/><SP WIDTH="25" VPOS="1001" HPOS="252"/>
							<String ID="string_280" HPOS="277" VPOS="1001" WIDTH="65" HEIGHT="21" WC="0.93" CONTENT="verka"/><SP WIDTH="20" VPOS="1001" HPOS="342"/>
							<String ID="string_281" HPOS="362" VPOS="1001" WIDTH="103" HEIGHT="26" WC="0.91" CONTENT="nemligen"/><SP WIDTH="24" VPOS="1001" HPOS="465"/>
							<String ID="string_282" HPOS="489" VPOS="1001" WIDTH="46" HEIGHT="20" WC="0.96" CONTENT="icke"/><SP WIDTH="21" VPOS="1001" HPOS="535"/>
							<String ID="string_283" HPOS="556" VPOS="1001" WIDTH="69" HEIGHT="20" WC="0.96" CONTENT="såsom"/><SP WIDTH="16" VPOS="1001" HPOS="625"/>
							<String ID="string_284" HPOS="641" VPOS="1001" WIDTH="27" HEIGHT="26" WC="0.96" CONTENT="pä"/><SP WIDTH="15" VPOS="1001" HPOS="668"/>
							<String ID="string_285" HPOS="683" VPOS="1007" WIDTH="25" HEIGHT="14" WC="0.80" CONTENT="en"/><SP WIDTH="17" VPOS="1007" HPOS="708"/>
							<String ID="string_286" HPOS="725" VPOS="1001" WIDTH="35" HEIGHT="20" WC="0.93" CONTENT="del"/><SP WIDTH="16" VPOS="1001" HPOS="760"/>
							<String ID="string_287" HPOS="776" VPOS="1001" WIDTH="43" HEIGHT="21" WC="0.96" CONTENT="håll"/><SP WIDTH="16" VPOS="1001" HPOS="819"/>
							<String ID="string_288" HPOS="835" VPOS="1001" WIDTH="39" HEIGHT="20" WC="0.93" CONTENT="har"/><SP WIDTH="14" VPOS="1001" HPOS="874"/>
							<String ID="string_289" HPOS="888" VPOS="1001" WIDTH="115" HEIGHT="21" WC="0.92" CONTENT="föreburits"/>
						</TextLine>
						<TextLine ID="line_30" HPOS="175" VPOS="1029" WIDTH="828" HEIGHT="27">
							<String ID="string_290" HPOS="175" VPOS="1029" WIDTH="134" HEIGHT="26" WC="0.92" CONTENT="synnerligen"/><SP WIDTH="16" VPOS="1029" HPOS="309"/>
							<String ID="string_291" HPOS="325" VPOS="1029" WIDTH="85" HEIGHT="27" WC="0.96" CONTENT="mycket"/><SP WIDTH="14" VPOS="1029" HPOS="410"/>
							<String ID="string_292" HPOS="424" VPOS="1029" WIDTH="32" HEIGHT="21" WC="0.93" CONTENT="till"/><SP WIDTH="16" VPOS="1029" HPOS="456"/>
							<String ID="string_293" HPOS="472" VPOS="1029" WIDTH="202" HEIGHT="27" WC="0.92" CONTENT="skjutshällningens"/><SP WIDTH="16" VPOS="1029" HPOS="674"/>
							<String ID="string_294" HPOS="690" VPOS="1029" WIDTH="118" HEIGHT="22" WC="0.89" CONTENT="lindrande."/><SP WIDTH="31" VPOS="1029" HPOS="808"/>
							<String ID="string_295" HPOS="839" VPOS="1029" WIDTH="100" HEIGHT="21" WC="0.89" CONTENT="Tvärtom"/><SP WIDTH="11" VPOS="1029" HPOS="939"/>
							<String ID="string_296" HPOS="950" VPOS="1029" WIDTH="53" HEIGHT="22" WC="0.92" CONTENT="ökas"/>
						</TextLine>
						<TextLine ID="line_31" HPOS="175" VPOS="1057" WIDTH="826" HEIGHT="28">
							<String ID="string_297" HPOS="175" VPOS="1057" WIDTH="91" HEIGHT="22" WC="0.92" CONTENT="trafiken"/><SP WIDTH="16" VPOS="1057" HPOS="266"/>
							<String ID="string_298" HPOS="282" VPOS="1058" WIDTH="80" HEIGHT="27" WC="0.91" CONTENT="ojemnt"/><SP WIDTH="15" VPOS="1058" HPOS="362"/>
							<String ID="string_299" HPOS="377" VPOS="1057" WIDTH="39" HEIGHT="22" WC="0.95" CONTENT="och"/><SP WIDTH="16" VPOS="1057" HPOS="416"/>
							<String ID="string_300" HPOS="432" VPOS="1058" WIDTH="59" HEIGHT="21" WC="0.96" CONTENT="detta"/><SP WIDTH="14" VPOS="1058" HPOS="491"/>
							<String ID="string_301" HPOS="505" VPOS="1060" WIDTH="40" HEIGHT="25" WC="0.93" CONTENT="gör"/><SP WIDTH="15" VPOS="1060" HPOS="545"/>
							<String ID="string_302" HPOS="560" VPOS="1057" WIDTH="144" HEIGHT="27" WC="0.92" CONTENT="skjutsningen"/><SP WIDTH="18" VPOS="1057" HPOS="704"/>
							<String ID="string_303" HPOS="722" VPOS="1058" WIDTH="6" HEIGHT="21" WC="0.96" CONTENT="i"/><SP WIDTH="17" VPOS="1058" HPOS="728"/>
							<String ID="string_304" HPOS="745" VPOS="1058" WIDTH="26" HEIGHT="21" WC="0.93" CONTENT="de"/><SP WIDTH="16" VPOS="1058" HPOS="771"/>
							<String ID="string_305" HPOS="787" VPOS="1057" WIDTH="106" HEIGHT="26" WC="0.92" CONTENT="omräden,"/><SP WIDTH="17" VPOS="1057" HPOS="893"/>
							<String ID="string_306" HPOS="910" VPOS="1064" WIDTH="45" HEIGHT="15" WC="0.93" CONTENT="som"/><SP WIDTH="11" VPOS="1064" HPOS="955"/>
							<String ID="string_307" HPOS="966" VPOS="1064" WIDTH="35" HEIGHT="21" WC="0.92" CONTENT="ge-"/>
						</TextLine>
						<TextLine ID="line_32" HPOS="174" VPOS="1086" WIDTH="827" HEIGHT="27">
							<String ID="string_308" HPOS="174" VPOS="1086" WIDTH="126" HEIGHT="21" WC="0.91" CONTENT="nomskäras"/><SP WIDTH="15" VPOS="1086" HPOS="300"/>
							<String ID="string_309" HPOS="315" VPOS="1087" WIDTH="22" HEIGHT="21" WC="0.96" CONTENT="af"/><SP WIDTH="14" VPOS="1087" HPOS="337"/>
							<String ID="string_310" HPOS="351" VPOS="1087" WIDTH="26" HEIGHT="20" WC="0.96" CONTENT="de"/><SP WIDTH="16" VPOS="1087" HPOS="377"/>
							<String ID="string_311" HPOS="393" VPOS="1093" WIDTH="40" HEIGHT="20" WC="0.92" CONTENT="nya"/><SP WIDTH="15" VPOS="1093" HPOS="433"/>
							<String ID="string_312" HPOS="448" VPOS="1086" WIDTH="241" HEIGHT="27" WC="0.92" CONTENT="kommunikationerna,"/><SP WIDTH="15" VPOS="1086" HPOS="689"/>
							<String ID="string_313" HPOS="704" VPOS="1087" WIDTH="87" HEIGHT="26" WC="0.93" CONTENT="mycket"/><SP WIDTH="16" VPOS="1087" HPOS="791"/>
							<String ID="string_314" HPOS="807" VPOS="1086" WIDTH="121" HEIGHT="27" WC="0.89" CONTENT="tryckande."/><SP WIDTH="26" VPOS="1086" HPOS="928"/>
							<String ID="string_315" HPOS="954" VPOS="1087" WIDTH="47" HEIGHT="21" WC="0.96" CONTENT="Den"/>
						</TextLine>
						<TextLine ID="line_33" HPOS="174" VPOS="1115" WIDTH="829" HEIGHT="26">
							<String ID="string_316" HPOS="174" VPOS="1115" WIDTH="69" HEIGHT="20" WC="0.90" CONTENT="ökade"/><SP WIDTH="17" VPOS="1115" HPOS="243"/>
							<String ID="string_317" HPOS="260" VPOS="1115" WIDTH="92" HEIGHT="22" WC="0.92" CONTENT="rörelsen"/><SP WIDTH="17" VPOS="1115" HPOS="352"/>
							<String ID="string_318" HPOS="369" VPOS="1115" WIDTH="154" HEIGHT="26" WC="0.92" CONTENT="mängdubblar"/><SP WIDTH="16" VPOS="1115" HPOS="523"/>
							<String ID="string_319" HPOS="539" VPOS="1115" WIDTH="25" HEIGHT="21" WC="0.92" CONTENT="de"/><SP WIDTH="17" VPOS="1115" HPOS="564"/>
							<String ID="string_320" HPOS="581" VPOS="1115" WIDTH="100" HEIGHT="22" WC="0.92" CONTENT="resandes"/><SP WIDTH="15" VPOS="1115" HPOS="681"/>
							<String ID="string_321" HPOS="696" VPOS="1116" WIDTH="60" HEIGHT="21" WC="0.95" CONTENT="antal"/><SP WIDTH="16" VPOS="1116" HPOS="756"/>
							<String ID="string_322" HPOS="772" VPOS="1115" WIDTH="39" HEIGHT="21" WC="0.93" CONTENT="och"/><SP WIDTH="17" VPOS="1115" HPOS="811"/>
							<String ID="string_323" HPOS="828" VPOS="1115" WIDTH="73" HEIGHT="21" WC="0.92" CONTENT="kastar"/><SP WIDTH="12" VPOS="1115" HPOS="901"/>
							<String ID="string_324" HPOS="913" VPOS="1122" WIDTH="25" HEIGHT="15" WC="0.96" CONTENT="en"/><SP WIDTH="18" VPOS="1122" HPOS="938"/>
							<String ID="string_325" HPOS="956" VPOS="1118" WIDTH="47" HEIGHT="18" WC="0.96" CONTENT="stor"/>
						</TextLine>
						<TextLine ID="line_34" HPOS="174" VPOS="1143" WIDTH="829" HEIGHT="27">
							<String ID="string_326" HPOS="174" VPOS="1143" WIDTH="34" HEIGHT="22" WC="0.92" CONTENT="del"/><SP WIDTH="20" VPOS="1143" HPOS="208"/>
							<String ID="string_327" HPOS="228" VPOS="1144" WIDTH="89" HEIGHT="21" WC="0.92" CONTENT="resande"/><SP WIDTH="19" VPOS="1144" HPOS="317"/>
							<String ID="string_328" HPOS="336" VPOS="1143" WIDTH="27" HEIGHT="27" WC="0.96" CONTENT="pä"/><SP WIDTH="21" VPOS="1143" HPOS="363"/>
							<String ID="string_329" HPOS="384" VPOS="1144" WIDTH="25" HEIGHT="21" WC="0.92" CONTENT="de"/><SP WIDTH="15" VPOS="1144" HPOS="409"/>
							<String ID="string_330" HPOS="424" VPOS="1143" WIDTH="152" HEIGHT="27" WC="0.92" CONTENT="gästgifverier,"/><SP WIDTH="17" VPOS="1143" HPOS="576"/>
							<String ID="string_331" HPOS="593" VPOS="1150" WIDTH="45" HEIGHT="15" WC="0.93" CONTENT="som"/><SP WIDTH="16" VPOS="1150" HPOS="638"/>
							<String ID="string_332" HPOS="654" VPOS="1145" WIDTH="36" HEIGHT="20" WC="0.91" CONTENT="äro"/><SP WIDTH="16" VPOS="1145" HPOS="690"/>
							<String ID="string_333" HPOS="706" VPOS="1146" WIDTH="97" HEIGHT="19" WC="0.95" CONTENT="närmast"/><SP WIDTH="15" VPOS="1146" HPOS="803"/>
							<String ID="string_334" HPOS="818" VPOS="1144" WIDTH="32" HEIGHT="21" WC="0.96" CONTENT="till"/><SP WIDTH="17" VPOS="1144" HPOS="850"/>
							<String ID="string_335" HPOS="867" VPOS="1144" WIDTH="61" HEIGHT="21" WC="0.96" CONTENT="dessa"/><SP WIDTH="14" VPOS="1144" HPOS="928"/>
							<String ID="string_336" HPOS="942" VPOS="1146" WIDTH="61" HEIGHT="19" WC="0.95" CONTENT="stora"/>
						</TextLine>
						<TextLine ID="line_35" HPOS="173" VPOS="1172" WIDTH="827" HEIGHT="27">
							<String ID="string_337" HPOS="173" VPOS="1172" WIDTH="263" HEIGHT="21" WC="0.90" CONTENT="kommunikationslinier."/><SP WIDTH="31" VPOS="1172" HPOS="436"/>
							<String ID="string_338" HPOS="467" VPOS="1172" WIDTH="49" HEIGHT="21" WC="0.96" CONTENT="Men"/><SP WIDTH="18" VPOS="1172" HPOS="516"/>
							<String ID="string_339" HPOS="534" VPOS="1173" WIDTH="7" HEIGHT="20" WC="0.94" CONTENT="i"/><SP WIDTH="20" VPOS="1173" HPOS="541"/>
							<String ID="string_340" HPOS="561" VPOS="1172" WIDTH="153" HEIGHT="27" WC="0.93" CONTENT="sammanhang"/><SP WIDTH="19" VPOS="1172" HPOS="714"/>
							<String ID="string_341" HPOS="733" VPOS="1173" WIDTH="88" HEIGHT="20" WC="0.92" CONTENT="dermed"/><SP WIDTH="15" VPOS="1173" HPOS="821"/>
							<String ID="string_342" HPOS="836" VPOS="1172" WIDTH="52" HEIGHT="21" WC="0.92" CONTENT="ökas"/><SP WIDTH="13" VPOS="1172" HPOS="888"/>
							<String ID="string_343" HPOS="901" VPOS="1173" WIDTH="23" HEIGHT="26" WC="0.93" CONTENT="ju"/><SP WIDTH="16" VPOS="1173" HPOS="924"/>
							<String ID="string_344" HPOS="940" VPOS="1173" WIDTH="60" HEIGHT="21" WC="0.93" CONTENT="äfven"/>
						</TextLine>
						<TextLine ID="line_36" HPOS="174" VPOS="1201" WIDTH="825" HEIGHT="27">
							<String ID="string_345" HPOS="174" VPOS="1201" WIDTH="41" HEIGHT="20" WC="0.93" CONTENT="den"/><SP WIDTH="16" VPOS="1201" HPOS="215"/>
							<String ID="string_346" HPOS="231" VPOS="1201" WIDTH="100" HEIGHT="21" WC="0.92" CONTENT="resandes"/><SP WIDTH="16" VPOS="1201" HPOS="331"/>
							<String ID="string_347" HPOS="347" VPOS="1201" WIDTH="96" HEIGHT="26" WC="0.92" CONTENT="förmäga"/><SP WIDTH="15" VPOS="1201" HPOS="443"/>
							<String ID="string_348" HPOS="458" VPOS="1203" WIDTH="31" HEIGHT="19" WC="0.93" CONTENT="att"/><SP WIDTH="16" VPOS="1203" HPOS="489"/>
							<String ID="string_349" HPOS="505" VPOS="1201" WIDTH="72" HEIGHT="21" WC="0.93" CONTENT="betala"/><SP WIDTH="15" VPOS="1201" HPOS="577"/>
							<String ID="string_350" HPOS="592" VPOS="1207" WIDTH="25" HEIGHT="15" WC="0.96" CONTENT="en"/><SP WIDTH="17" VPOS="1207" HPOS="617"/>
							<String ID="string_351" HPOS="634" VPOS="1201" WIDTH="65" HEIGHT="27" WC="0.93" CONTENT="högre"/><SP WIDTH="15" VPOS="1201" HPOS="699"/>
							<String ID="string_352" HPOS="714" VPOS="1201" WIDTH="125" HEIGHT="27" WC="0.92" CONTENT="skjutslega,"/><SP WIDTH="16" VPOS="1201" HPOS="839"/>
							<String ID="string_353" HPOS="855" VPOS="1203" WIDTH="22" HEIGHT="25" WC="0.96" CONTENT="ty"/><SP WIDTH="16" VPOS="1203" HPOS="877"/>
							<String ID="string_354" HPOS="893" VPOS="1201" WIDTH="46" HEIGHT="24" WC="0.95" CONTENT="den,"/><SP WIDTH="16" VPOS="1201" HPOS="939"/>
							<String ID="string_355" HPOS="955" VPOS="1207" WIDTH="44" HEIGHT="15" WC="0.96" CONTENT="som"/>
						</TextLine>
						<TextLine ID="line_37" HPOS="174" VPOS="1229" WIDTH="827" HEIGHT="28">
							<String ID="string_356" HPOS="174" VPOS="1235" WIDTH="58" HEIGHT="15" WC="0.90" CONTENT="reser"/><SP WIDTH="23" VPOS="1235" HPOS="232"/>
							<String ID="string_357" HPOS="255" VPOS="1230" WIDTH="75" HEIGHT="21" WC="0.93" CONTENT="endast"/><SP WIDTH="18" VPOS="1230" HPOS="330"/>
							<String ID="string_358" HPOS="348" VPOS="1230" WIDTH="66" HEIGHT="27" WC="0.90" CONTENT="nägra"/><SP WIDTH="16" VPOS="1230" HPOS="414"/>
							<String ID="string_359" HPOS="430" VPOS="1229" WIDTH="21" HEIGHT="22" WC="0.90" CONTENT="fä"/><SP WIDTH="16" VPOS="1229" HPOS="451"/>
							<String ID="string_360" HPOS="467" VPOS="1229" WIDTH="42" HEIGHT="22" WC="0.91" CONTENT="häll"/><SP WIDTH="16" VPOS="1229" HPOS="509"/>
							<String ID="string_361" HPOS="525" VPOS="1230" WIDTH="32" HEIGHT="21" WC="0.96" CONTENT="för"/><SP WIDTH="16" VPOS="1230" HPOS="557"/>
							<String ID="string_362" HPOS="573" VPOS="1232" WIDTH="32" HEIGHT="19" WC="0.93" CONTENT="att"/><SP WIDTH="15" VPOS="1232" HPOS="605"/>
							<String ID="string_363" HPOS="620" VPOS="1229" WIDTH="64" HEIGHT="22" WC="0.92" CONTENT="hinna"/><SP WIDTH="12" VPOS="1229" HPOS="684"/>
							<String ID="string_364" HPOS="696" VPOS="1229" WIDTH="33" HEIGHT="22" WC="0.93" CONTENT="till"/><SP WIDTH="15" VPOS="1229" HPOS="729"/>
							<String ID="string_365" HPOS="744" VPOS="1230" WIDTH="89" HEIGHT="26" WC="0.93" CONTENT="jernväg"/><SP WIDTH="16" VPOS="1230" HPOS="833"/>
							<String ID="string_366" HPOS="849" VPOS="1229" WIDTH="51" HEIGHT="22" WC="0.93" CONTENT="eller"/><SP WIDTH="14" VPOS="1229" HPOS="900"/>
							<String ID="string_367" HPOS="914" VPOS="1230" WIDTH="87" HEIGHT="27" WC="0.89" CONTENT="ängbät,"/>
						</TextLine>
						<TextLine ID="line_38" HPOS="173" VPOS="1257" WIDTH="827" HEIGHT="29">
							<String ID="string_368" HPOS="173" VPOS="1257" WIDTH="41" HEIGHT="22" WC="0.96" CONTENT="den"/><SP WIDTH="16" VPOS="1257" HPOS="214"/>
							<String ID="string_369" HPOS="230" VPOS="1258" WIDTH="42" HEIGHT="21" WC="0.96" CONTENT="kan"/><SP WIDTH="16" VPOS="1258" HPOS="272"/>
							<String ID="string_370" HPOS="288" VPOS="1259" WIDTH="84" HEIGHT="26" WC="0.93" CONTENT="mycket"/><SP WIDTH="15" VPOS="1259" HPOS="372"/>
							<String ID="string_371" HPOS="387" VPOS="1265" WIDTH="65" HEIGHT="20" WC="0.93" CONTENT="gerna"/><SP WIDTH="17" VPOS="1265" HPOS="452"/>
							<String ID="string_372" HPOS="469" VPOS="1258" WIDTH="69" HEIGHT="21" WC="0.93" CONTENT="betala"/><SP WIDTH="15" VPOS="1258" HPOS="538"/>
							<String ID="string_373" HPOS="553" VPOS="1264" WIDTH="26" HEIGHT="15" WC="0.93" CONTENT="en"/><SP WIDTH="16" VPOS="1264" HPOS="579"/>
							<String ID="string_374" HPOS="595" VPOS="1259" WIDTH="106" HEIGHT="27" WC="0.91" CONTENT="ansenligt"/><SP WIDTH="15" VPOS="1259" HPOS="701"/>
							<String ID="string_375" HPOS="716" VPOS="1258" WIDTH="66" HEIGHT="27" WC="0.93" CONTENT="högre"/><SP WIDTH="12" VPOS="1258" HPOS="782"/>
							<String ID="string_376" HPOS="794" VPOS="1258" WIDTH="116" HEIGHT="27" WC="0.93" CONTENT="skjutslega"/><SP WIDTH="10" VPOS="1258" HPOS="910"/>
							<String ID="string_377" HPOS="920" VPOS="1261" WIDTH="26" HEIGHT="18" WC="0.97" CONTENT="än"/><SP WIDTH="13" VPOS="1261" HPOS="946"/>
							<String ID="string_378" HPOS="959" VPOS="1259" WIDTH="41" HEIGHT="20" WC="0.97" CONTENT="den"/>
						</TextLine>
						<TextLine ID="line_39" HPOS="172" VPOS="1287" WIDTH="829" HEIGHT="26">
							<String ID="string_379" HPOS="172" VPOS="1287" WIDTH="92" HEIGHT="26" WC="0.91" CONTENT="vanliga,"/><SP WIDTH="23" VPOS="1287" HPOS="264"/>
							<String ID="string_380" HPOS="287" VPOS="1293" WIDTH="44" HEIGHT="15" WC="0.93" CONTENT="som"/><SP WIDTH="23" VPOS="1293" HPOS="331"/>
							<String ID="string_381" HPOS="354" VPOS="1287" WIDTH="63" HEIGHT="26" WC="0.93" CONTENT="utgär"/><SP WIDTH="15" VPOS="1287" HPOS="417"/>
							<String ID="string_382" HPOS="432" VPOS="1289" WIDTH="39" HEIGHT="18" WC="0.96" CONTENT="när"/><SP WIDTH="15" VPOS="1289" HPOS="471"/>
							<String ID="string_383" HPOS="486" VPOS="1293" WIDTH="47" HEIGHT="15" WC="0.93" CONTENT="man"/><SP WIDTH="17" VPOS="1293" HPOS="533"/>
							<String ID="string_384" HPOS="550" VPOS="1293" WIDTH="58" HEIGHT="15" WC="0.92" CONTENT="reser"/><SP WIDTH="15" VPOS="1293" HPOS="608"/>
							<String ID="string_385" HPOS="623" VPOS="1293" WIDTH="75" HEIGHT="20" WC="0.96" CONTENT="genom"/><SP WIDTH="17" VPOS="1293" HPOS="698"/>
							<String ID="string_386" HPOS="715" VPOS="1293" WIDTH="27" HEIGHT="16" WC="0.96" CONTENT="en"/><SP WIDTH="16" VPOS="1293" HPOS="742"/>
							<String ID="string_387" HPOS="758" VPOS="1289" WIDTH="69" HEIGHT="19" WC="0.96" CONTENT="större"/><SP WIDTH="16" VPOS="1289" HPOS="827"/>
							<String ID="string_388" HPOS="843" VPOS="1287" WIDTH="33" HEIGHT="21" WC="0.96" CONTENT="del"/><SP WIDTH="16" VPOS="1287" HPOS="876"/>
							<String ID="string_389" HPOS="892" VPOS="1287" WIDTH="23" HEIGHT="21" WC="0.96" CONTENT="af"/><SP WIDTH="13" VPOS="1287" HPOS="915"/>
							<String ID="string_390" HPOS="928" VPOS="1287" WIDTH="73" HEIGHT="21" WC="0.96" CONTENT="landet"/>
						</TextLine>
						<TextLine ID="line_40" HPOS="173" VPOS="1315" WIDTH="830" HEIGHT="28">
							<String ID="string_391" HPOS="173" VPOS="1315" WIDTH="40" HEIGHT="21" WC="0.93" CONTENT="och"/><SP WIDTH="24" VPOS="1315" HPOS="213"/>
							<String ID="string_392" HPOS="237" VPOS="1315" WIDTH="107" HEIGHT="27" WC="0.96" CONTENT="begagnar"/><SP WIDTH="22" VPOS="1315" HPOS="344"/>
							<String ID="string_393" HPOS="366" VPOS="1316" WIDTH="32" HEIGHT="27" WC="0.96" CONTENT="sig"/><SP WIDTH="23" VPOS="1316" HPOS="398"/>
							<String ID="string_394" HPOS="421" VPOS="1315" WIDTH="23" HEIGHT="22" WC="0.93" CONTENT="af"/><SP WIDTH="20" VPOS="1315" HPOS="444"/>
							<String ID="string_395" HPOS="464" VPOS="1315" WIDTH="118" HEIGHT="27" WC="0.92" CONTENT="skjutshäst"/><SP WIDTH="16" VPOS="1315" HPOS="582"/>
							<String ID="string_396" HPOS="598" VPOS="1315" WIDTH="32" HEIGHT="21" WC="0.96" CONTENT="för"/><SP WIDTH="16" VPOS="1315" HPOS="630"/>
							<String ID="string_397" HPOS="646" VPOS="1315" WIDTH="48" HEIGHT="22" WC="0.95" CONTENT="hela"/><SP WIDTH="16" VPOS="1315" HPOS="694"/>
							<String ID="string_398" HPOS="710" VPOS="1317" WIDTH="74" HEIGHT="25" WC="0.95" CONTENT="vägen."/><SP WIDTH="31" VPOS="1317" HPOS="784"/>
							<String ID="string_399" HPOS="815" VPOS="1315" WIDTH="41" HEIGHT="22" WC="0.79" CONTENT="Till"/><SP WIDTH="15" VPOS="1315" HPOS="856"/>
							<String ID="string_400" HPOS="871" VPOS="1315" WIDTH="53" HEIGHT="28" WC="0.91" CONTENT="följd"/><SP WIDTH="15" VPOS="1315" HPOS="924"/>
							<String ID="string_401" HPOS="939" VPOS="1315" WIDTH="64" HEIGHT="22" WC="0.96" CONTENT="deraf"/>
						</TextLine>
						<TextLine ID="line_41" HPOS="172" VPOS="1343" WIDTH="828" HEIGHT="28">
							<String ID="string_402" HPOS="172" VPOS="1343" WIDTH="40" HEIGHT="21" WC="0.96" CONTENT="har"/><SP WIDTH="16" VPOS="1343" HPOS="212"/>
							<String ID="string_403" HPOS="228" VPOS="1350" WIDTH="48" HEIGHT="15" WC="0.92" CONTENT="man"/><SP WIDTH="17" VPOS="1350" HPOS="276"/>
							<String ID="string_404" HPOS="293" VPOS="1344" WIDTH="65" HEIGHT="21" WC="0.91" CONTENT="ocksä"/><SP WIDTH="14" VPOS="1344" HPOS="358"/>
							<String ID="string_405" HPOS="372" VPOS="1345" WIDTH="6" HEIGHT="20" WC="0.96" CONTENT="i"/><SP WIDTH="16" VPOS="1345" HPOS="378"/>
							<String ID="string_406" HPOS="394" VPOS="1344" WIDTH="86" HEIGHT="26" WC="0.93" CONTENT="Sverige"/><SP WIDTH="15" VPOS="1344" HPOS="480"/>
							<String ID="string_407" HPOS="495" VPOS="1344" WIDTH="80" HEIGHT="21" WC="0.91" CONTENT="lemnat"/><SP WIDTH="15" VPOS="1344" HPOS="575"/>
							<String ID="string_408" HPOS="590" VPOS="1344" WIDTH="26" HEIGHT="20" WC="0.96" CONTENT="de"/><SP WIDTH="16" VPOS="1344" HPOS="616"/>
							<String ID="string_409" HPOS="632" VPOS="1350" WIDTH="40" HEIGHT="21" WC="0.93" CONTENT="nya"/><SP WIDTH="16" VPOS="1350" HPOS="672"/>
							<String ID="string_410" HPOS="688" VPOS="1344" WIDTH="183" HEIGHT="26" WC="0.92" CONTENT="gästgifverierne,"/><SP WIDTH="15" VPOS="1344" HPOS="871"/>
							<String ID="string_411" HPOS="886" VPOS="1350" WIDTH="45" HEIGHT="15" WC="0.92" CONTENT="som"/><SP WIDTH="16" VPOS="1350" HPOS="931"/>
							<String ID="string_412" HPOS="947" VPOS="1350" WIDTH="53" HEIGHT="20" WC="0.92" CONTENT="upp-"/>
						</TextLine>
						<TextLine ID="line_42" HPOS="172" VPOS="1372" WIDTH="828" HEIGHT="27">
							<String ID="string_413" HPOS="172" VPOS="1372" WIDTH="34" HEIGHT="21" WC="0.93" CONTENT="stä"/><SP WIDTH="21" VPOS="1372" HPOS="206"/>
							<String ID="string_414" HPOS="227" VPOS="1374" WIDTH="95" HEIGHT="20" WC="0.92" CONTENT="närmast"/><SP WIDTH="19" VPOS="1374" HPOS="322"/>
							<String ID="string_415" HPOS="341" VPOS="1372" WIDTH="89" HEIGHT="27" WC="0.92" CONTENT="jernväg"/><SP WIDTH="20" VPOS="1372" HPOS="430"/>
							<String ID="string_416" HPOS="450" VPOS="1372" WIDTH="39" HEIGHT="21" WC="0.93" CONTENT="och"/><SP WIDTH="16" VPOS="1372" HPOS="489"/>
							<String ID="string_417" HPOS="505" VPOS="1372" WIDTH="276" HEIGHT="27" WC="0.87" CONTENT="ängbätskommunikation"/><SP WIDTH="16" VPOS="1372" HPOS="781"/>
							<String ID="string_418" HPOS="797" VPOS="1372" WIDTH="103" HEIGHT="27" WC="0.96" CONTENT="rättighet"/><SP WIDTH="15" VPOS="1372" HPOS="900"/>
							<String ID="string_419" HPOS="915" VPOS="1374" WIDTH="32" HEIGHT="20" WC="0.93" CONTENT="att"/><SP WIDTH="16" VPOS="1374" HPOS="947"/>
							<String ID="string_420" HPOS="963" VPOS="1372" WIDTH="37" HEIGHT="21" WC="0.92" CONTENT="be-"/>
						</TextLine>
						<TextLine ID="line_43" HPOS="173" VPOS="1401" WIDTH="826" HEIGHT="27">
							<String ID="string_421" HPOS="173" VPOS="1403" WIDTH="92" HEIGHT="19" WC="0.95" CONTENT="stämma"/><SP WIDTH="16" VPOS="1403" HPOS="265"/>
							<String ID="string_422" HPOS="281" VPOS="1401" WIDTH="31" HEIGHT="21" WC="0.93" CONTENT="sin"/><SP WIDTH="15" VPOS="1401" HPOS="312"/>
							<String ID="string_423" HPOS="327" VPOS="1401" WIDTH="116" HEIGHT="27" WC="0.92" CONTENT="skjutslega"/><SP WIDTH="16" VPOS="1401" HPOS="443"/>
							<String ID="string_424" HPOS="459" VPOS="1401" WIDTH="64" HEIGHT="26" WC="0.96" CONTENT="högre"/><SP WIDTH="16" VPOS="1401" HPOS="523"/>
							<String ID="string_425" HPOS="539" VPOS="1403" WIDTH="26" HEIGHT="20" WC="0.96" CONTENT="än"/><SP WIDTH="17" VPOS="1403" HPOS="565"/>
							<String ID="string_426" HPOS="582" VPOS="1401" WIDTH="40" HEIGHT="22" WC="0.93" CONTENT="den"/><SP WIDTH="14" VPOS="1401" HPOS="622"/>
							<String ID="string_427" HPOS="636" VPOS="1401" WIDTH="60" HEIGHT="27" WC="0.93" CONTENT="eljest"/><SP WIDTH="11" VPOS="1401" HPOS="696"/>
							<String ID="string_428" HPOS="707" VPOS="1401" WIDTH="114" HEIGHT="22" WC="0.93" CONTENT="faststälda"/><SP WIDTH="11" VPOS="1401" HPOS="821"/>
							<String ID="string_429" HPOS="832" VPOS="1401" WIDTH="77" HEIGHT="27" WC="0.93" CONTENT="högsta"/><SP WIDTH="11" VPOS="1401" HPOS="909"/>
							<String ID="string_430" HPOS="920" VPOS="1401" WIDTH="79" HEIGHT="27" WC="0.93" CONTENT="skjuts-"/>
						</TextLine>
						<TextLine ID="line_44" HPOS="172" VPOS="1429" WIDTH="827" HEIGHT="28">
							<String ID="string_431" HPOS="172" VPOS="1429" WIDTH="54" HEIGHT="27" WC="0.89" CONTENT="lega."/><SP WIDTH="31" VPOS="1429" HPOS="226"/>
							<String ID="string_432" HPOS="257" VPOS="1430" WIDTH="43" HEIGHT="21" WC="0.96" CONTENT="Det"/><SP WIDTH="18" VPOS="1430" HPOS="300"/>
							<String ID="string_433" HPOS="318" VPOS="1432" WIDTH="24" HEIGHT="19" WC="0.97" CONTENT="är"/><SP WIDTH="15" VPOS="1432" HPOS="342"/>
							<String ID="string_434" HPOS="357" VPOS="1429" WIDTH="61" HEIGHT="22" WC="0.93" CONTENT="dessa"/><SP WIDTH="16" VPOS="1429" HPOS="418"/>
							<String ID="string_435" HPOS="434" VPOS="1430" WIDTH="125" HEIGHT="21" WC="0.92" CONTENT="reflexioner"/><SP WIDTH="15" VPOS="1430" HPOS="559"/>
							<String ID="string_436" HPOS="574" VPOS="1436" WIDTH="45" HEIGHT="15" WC="0.96" CONTENT="som"/><SP WIDTH="16" VPOS="1436" HPOS="619"/>
							<String ID="string_437" HPOS="635" VPOS="1431" WIDTH="57" HEIGHT="26" WC="0.96" CONTENT="gjort"/><SP WIDTH="15" VPOS="1431" HPOS="692"/>
							<String ID="string_438" HPOS="707" VPOS="1433" WIDTH="35" HEIGHT="18" WC="0.96" CONTENT="att"/><SP WIDTH="13" VPOS="1433" HPOS="742"/>
							<String ID="string_439" HPOS="755" VPOS="1430" WIDTH="36" HEIGHT="27" WC="0.96" CONTENT="jag"/><SP WIDTH="14" VPOS="1430" HPOS="791"/>
							<String ID="string_440" HPOS="805" VPOS="1431" WIDTH="90" HEIGHT="20" WC="0.93" CONTENT="kommit"/><SP WIDTH="16" VPOS="1431" HPOS="895"/>
							<String ID="string_441" HPOS="911" VPOS="1429" WIDTH="31" HEIGHT="22" WC="0.88" CONTENT="tiii"/><SP WIDTH="16" VPOS="1429" HPOS="942"/>
							<String ID="string_442" HPOS="958" VPOS="1429" WIDTH="41" HEIGHT="21" WC="0.95" CONTENT="den"/>
						</TextLine>
						<TextLine ID="line_45" HPOS="171" VPOS="1457" WIDTH="830" HEIGHT="28">
							<String ID="string_443" HPOS="171" VPOS="1457" WIDTH="83" HEIGHT="28" WC="0.92" CONTENT="äsigten"/><SP WIDTH="24" VPOS="1457" HPOS="254"/>
							<String ID="string_444" HPOS="278" VPOS="1460" WIDTH="32" HEIGHT="20" WC="0.95" CONTENT="att"/><SP WIDTH="22" VPOS="1460" HPOS="310"/>
							<String ID="string_445" HPOS="332" VPOS="1458" WIDTH="57" HEIGHT="21" WC="0.96" CONTENT="tiden"/><SP WIDTH="20" VPOS="1458" HPOS="389"/>
							<String ID="string_446" HPOS="409" VPOS="1465" WIDTH="28" HEIGHT="14" WC="0.93" CONTENT="nu"/><SP WIDTH="15" VPOS="1465" HPOS="437"/>
							<String ID="string_447" HPOS="452" VPOS="1459" WIDTH="120" HEIGHT="26" WC="0.92" CONTENT="verkeligen"/><SP WIDTH="15" VPOS="1459" HPOS="572"/>
							<String ID="string_448" HPOS="587" VPOS="1461" WIDTH="25" HEIGHT="18" WC="0.93" CONTENT="är"/><SP WIDTH="14" VPOS="1461" HPOS="612"/>
							<String ID="string_449" HPOS="626" VPOS="1460" WIDTH="49" HEIGHT="20" WC="0.93" CONTENT="inne"/><SP WIDTH="15" VPOS="1460" HPOS="675"/>
							<String ID="string_450" HPOS="690" VPOS="1461" WIDTH="34" HEIGHT="19" WC="0.93" CONTENT="att"/><SP WIDTH="16" VPOS="1461" HPOS="724"/>
							<String ID="string_451" HPOS="740" VPOS="1459" WIDTH="85" HEIGHT="26" WC="0.92" CONTENT="öfvergä"/><SP WIDTH="16" VPOS="1459" HPOS="825"/>
							<String ID="string_452" HPOS="841" VPOS="1459" WIDTH="31" HEIGHT="20" WC="0.96" CONTENT="till"/><SP WIDTH="16" VPOS="1459" HPOS="872"/>
							<String ID="string_453" HPOS="888" VPOS="1461" WIDTH="30" HEIGHT="19" WC="0.96" CONTENT="ett"/><SP WIDTH="16" VPOS="1461" HPOS="918"/>
							<String ID="string_454" HPOS="934" VPOS="1461" WIDTH="67" HEIGHT="18" WC="0.96" CONTENT="annat"/>
						</TextLine>
						<TextLine ID="line_46" HPOS="170" VPOS="1487" WIDTH="830" HEIGHT="27">
							<String ID="string_455" HPOS="170" VPOS="1489" WIDTH="88" HEIGHT="24" WC="0.96" CONTENT="system,"/><SP WIDTH="23" VPOS="1489" HPOS="258"/>
							<String ID="string_456" HPOS="281" VPOS="1487" WIDTH="35" HEIGHT="21" WC="0.96" CONTENT="det"/><SP WIDTH="20" VPOS="1487" HPOS="316"/>
							<String ID="string_457" HPOS="336" VPOS="1490" WIDTH="32" HEIGHT="18" WC="0.93" CONTENT="att"/><SP WIDTH="23" VPOS="1490" HPOS="368"/>
							<String ID="string_458" HPOS="391" VPOS="1487" WIDTH="44" HEIGHT="21" WC="0.92" CONTENT="läta"/><SP WIDTH="23" VPOS="1487" HPOS="435"/>
							<String ID="string_459" HPOS="458" VPOS="1487" WIDTH="89" HEIGHT="22" WC="0.92" CONTENT="trafiken"/><SP WIDTH="17" VPOS="1487" HPOS="547"/>
							<String ID="string_460" HPOS="564" VPOS="1487" WIDTH="71" HEIGHT="22" WC="0.90" CONTENT="betala"/><SP WIDTH="15" VPOS="1487" HPOS="635"/>
							<String ID="string_461" HPOS="650" VPOS="1487" WIDTH="154" HEIGHT="27" WC="0.92" CONTENT="skjutsningen."/><SP WIDTH="30" VPOS="1487" HPOS="804"/>
							<String ID="string_462" HPOS="834" VPOS="1487" WIDTH="41" HEIGHT="27" WC="0.96" CONTENT="Jag"/><SP WIDTH="15" VPOS="1487" HPOS="875"/>
							<String ID="string_463" HPOS="890" VPOS="1493" WIDTH="62" HEIGHT="15" WC="0.96" CONTENT="anser"/><SP WIDTH="15" VPOS="1493" HPOS="952"/>
							<String ID="string_464" HPOS="967" VPOS="1489" WIDTH="33" HEIGHT="18" WC="0.97" CONTENT="att"/>
						</TextLine>
						<TextLine ID="line_47" HPOS="170" VPOS="1515" WIDTH="828" HEIGHT="28">
							<String ID="string_465" HPOS="170" VPOS="1517" WIDTH="70" HEIGHT="25" WC="0.92" CONTENT="steget"/><SP WIDTH="23" VPOS="1517" HPOS="240"/>
							<String ID="string_466" HPOS="263" VPOS="1522" WIDTH="28" HEIGHT="15" WC="0.95" CONTENT="nu"/><SP WIDTH="22" VPOS="1522" HPOS="291"/>
							<String ID="string_467" HPOS="313" VPOS="1516" WIDTH="65" HEIGHT="21" WC="0.95" CONTENT="redan"/><SP WIDTH="23" VPOS="1516" HPOS="378"/>
							<String ID="string_468" HPOS="401" VPOS="1515" WIDTH="41" HEIGHT="22" WC="0.93" CONTENT="kan"/><SP WIDTH="20" VPOS="1515" HPOS="442"/>
							<String ID="string_469" HPOS="462" VPOS="1518" WIDTH="61" HEIGHT="25" WC="0.92" CONTENT="tagas"/><SP WIDTH="15" VPOS="1518" HPOS="523"/>
							<String ID="string_470" HPOS="538" VPOS="1515" WIDTH="49" HEIGHT="22" WC="0.93" CONTENT="fullt"/><SP WIDTH="16" VPOS="1515" HPOS="587"/>
							<String ID="string_471" HPOS="603" VPOS="1518" WIDTH="23" HEIGHT="19" WC="0.96" CONTENT="ut"/><SP WIDTH="16" VPOS="1518" HPOS="626"/>
							<String ID="string_472" HPOS="642" VPOS="1516" WIDTH="38" HEIGHT="21" WC="0.96" CONTENT="och"/><SP WIDTH="14" VPOS="1516" HPOS="680"/>
							<String ID="string_473" HPOS="694" VPOS="1516" WIDTH="38" HEIGHT="27" WC="0.96" CONTENT="jag"/><SP WIDTH="16" VPOS="1516" HPOS="732"/>
							<String ID="string_474" HPOS="748" VPOS="1515" WIDTH="39" HEIGHT="22" WC="0.93" CONTENT="har"/><SP WIDTH="15" VPOS="1515" HPOS="787"/>
							<String ID="string_475" HPOS="802" VPOS="1516" WIDTH="47" HEIGHT="21" WC="0.92" CONTENT="icke"/><SP WIDTH="16" VPOS="1516" HPOS="849"/>
							<String ID="string_476" HPOS="865" VPOS="1516" WIDTH="49" HEIGHT="21" WC="0.92" CONTENT="hört"/><SP WIDTH="15" VPOS="1516" HPOS="914"/>
							<String ID="string_477" HPOS="929" VPOS="1515" WIDTH="69" HEIGHT="27" WC="0.92" CONTENT="nägon"/>
						</TextLine>
					</TextBlock>
				</ComposedBlock>
			</PrintSpace>
		</Page>
	</Layout>
</alto>
