<?xml version="1.0" encoding="UTF-8"?>
<alto xmlns="http://www.loc.gov/standards/alto/ns-v3#" xmlns:xlink="http://www.w3.org/1999/xlink" xmlns:xsi="http://www.w3.org/2001/XMLSchema-instance" xsi:schemaLocation="http://www.loc.gov/standards/alto/ns-v3# http://www.loc.gov/alto/v3/alto-3-0.xsd">
	<Description>
		<MeasurementUnit>pixel</MeasurementUnit>
		<sourceImageInformation>
			<fileName>/tmp/tess_41wl0fi5_input.PNG</fileName>
		</sourceImageInformation>
		<OCRProcessing ID="OCR_0">
			<ocrProcessingStep>
				<processingSoftware>
					<softwareName>tesseract 5.3.4</softwareName>
				</processingSoftware>
			</ocrProcessingStep>
		</OCRProcessing>
	</Description>
	<Layout>
		<Page WIDTH="1070" HEIGHT="1795" PHYSICAL_IMG_NR="0" ID="page_0">
			<PrintSpace HPOS="0" VPOS="0" WIDTH="1070" HEIGHT="1795">
				<ComposedBlock ID="cblock_0" HPOS="256" VPOS="125" WIDTH="624" HEIGHT="24">
					<TextBlock ID="block_0" HPOS="256" VPOS="125" WIDTH="624" HEIGHT="24">
						<TextLine ID="line_0" HPOS="256" VPOS="125" WIDTH="624" HEIGHT="24">
							<String ID="string_0" HPOS="256" VPOS="127" WIDTH="180" HEIGHT="22" WC="0.91" CONTENT="Borgareståndet"/><SP WIDTH="11" VPOS="127" HPOS="436"/>
							<String ID="string_1" HPOS="447" VPOS="129" WIDTH="55" HEIGHT="17" WC="0.96" CONTENT="1877."/><SP WIDTH="25" VPOS="129" HPOS="502"/>
							<String ID="string_2" HPOS="527" VPOS="129" WIDTH="21" HEIGHT="16" WC="0.96" CONTENT="11"/><SP WIDTH="13" VPOS="129" HPOS="548"/>
							<String ID="string_3" HPOS="561" VPOS="129" WIDTH="100" HEIGHT="16" WC="0.95" CONTENT="Oktober."/><SP WIDTH="163" VPOS="129" HPOS="661"/>
							<String ID="string_4" HPOS="824" VPOS="125" WIDTH="56" HEIGHT="19" WC="0.90" CONTENT="1119"/>
						</TextLine>
					</TextBlock>
				</ComposedBlock>
				<ComposedBlock ID="cblock_1" HPOS="49" VPOS="196" WIDTH="834" HEIGHT="279">
					<TextBlock ID="block_1" HPOS="49" VPOS="196" WIDTH="834" HEIGHT="279">
						<TextLine ID="line_1" HPOS="51" VPOS="196" WIDTH="827" HEIGHT="28">
							<String ID="string_5" HPOS="51" VPOS="203" WIDTH="26" HEIGHT="15" WC="0.96" CONTENT="en"/><SP WIDTH="16" VPOS="203" HPOS="77"/>
							<String ID="string_6" HPOS="93" VPOS="196" WIDTH="107" HEIGHT="25" WC="0.96" CONTENT="kommun,"/><SP WIDTH="17" VPOS="196" HPOS="200"/>
							<String ID="string_7" HPOS="217" VPOS="199" WIDTH="50" HEIGHT="18" WC="0.96" CONTENT="utan"/><SP WIDTH="16" VPOS="199" HPOS="267"/>
							<String ID="string_8" HPOS="283" VPOS="197" WIDTH="32" HEIGHT="20" WC="0.96" CONTENT="till"/><SP WIDTH="15" VPOS="197" HPOS="315"/>
							<String ID="string_9" HPOS="330" VPOS="199" WIDTH="32" HEIGHT="19" WC="0.96" CONTENT="ett"/><SP WIDTH="16" VPOS="199" HPOS="362"/>
							<String ID="string_10" HPOS="378" VPOS="197" WIDTH="87" HEIGHT="21" WC="0.96" CONTENT="område"/><SP WIDTH="15" VPOS="197" HPOS="465"/>
							<String ID="string_11" HPOS="480" VPOS="203" WIDTH="45" HEIGHT="15" WC="0.96" CONTENT="som"/><SP WIDTH="17" VPOS="203" HPOS="525"/>
							<String ID="string_12" HPOS="542" VPOS="197" WIDTH="98" HEIGHT="27" WC="0.96" CONTENT="vanligen"/><SP WIDTH="16" VPOS="197" HPOS="640"/>
							<String ID="string_13" HPOS="656" VPOS="197" WIDTH="101" HEIGHT="22" WC="0.96" CONTENT="omfattar"/><SP WIDTH="15" VPOS="197" HPOS="757"/>
							<String ID="string_14" HPOS="772" VPOS="199" WIDTH="31" HEIGHT="19" WC="0.96" CONTENT="ett"/><SP WIDTH="15" VPOS="199" HPOS="803"/>
							<String ID="string_15" HPOS="818" VPOS="198" WIDTH="60" HEIGHT="21" WC="0.83" CONTENT="antat"/>
						</TextLine>
						<TextLine ID="line_2" HPOS="51" VPOS="225" WIDTH="827" HEIGHT="27">
							<String ID="string_16" HPOS="51" VPOS="225" WIDTH="131" HEIGHT="21" WC="0.96" CONTENT="kommuner."/><SP WIDTH="31" VPOS="225" HPOS="182"/>
							<String ID="string_17" HPOS="213" VPOS="225" WIDTH="32" HEIGHT="21" WC="0.92" CONTENT="En"/><SP WIDTH="23" VPOS="225" HPOS="245"/>
							<String ID="string_18" HPOS="268" VPOS="225" WIDTH="64" HEIGHT="21" WC="0.89" CONTENT="sädan"/><SP WIDTH="23" VPOS="225" HPOS="332"/>
							<String ID="string_19" HPOS="355" VPOS="225" WIDTH="154" HEIGHT="27" WC="0.90" CONTENT="inskränkning"/><SP WIDTH="22" VPOS="225" HPOS="509"/>
							<String ID="string_20" HPOS="531" VPOS="225" WIDTH="70" HEIGHT="22" WC="0.96" CONTENT="skulle"/><SP WIDTH="19" VPOS="225" HPOS="601"/>
							<String ID="string_21" HPOS="620" VPOS="232" WIDTH="51" HEIGHT="15" WC="0.96" CONTENT="vara"/><SP WIDTH="15" VPOS="232" HPOS="671"/>
							<String ID="string_22" HPOS="686" VPOS="226" WIDTH="33" HEIGHT="21" WC="0.96" CONTENT="till"/><SP WIDTH="16" VPOS="226" HPOS="719"/>
							<String ID="string_23" HPOS="735" VPOS="228" WIDTH="44" HEIGHT="19" WC="0.93" CONTENT="stor"/><SP WIDTH="15" VPOS="228" HPOS="779"/>
							<String ID="string_24" HPOS="794" VPOS="226" WIDTH="84" HEIGHT="21" WC="0.93" CONTENT="lättnad"/>
						</TextLine>
						<TextLine ID="line_3" HPOS="49" VPOS="253" WIDTH="834" HEIGHT="28">
							<String ID="string_25" HPOS="49" VPOS="254" WIDTH="35" HEIGHT="21" WC="0.95" CONTENT="för"/><SP WIDTH="22" VPOS="254" HPOS="84"/>
							<String ID="string_26" HPOS="106" VPOS="253" WIDTH="26" HEIGHT="21" WC="0.93" CONTENT="de"/><SP WIDTH="23" VPOS="253" HPOS="132"/>
							<String ID="string_27" HPOS="155" VPOS="253" WIDTH="225" HEIGHT="27" WC="0.92" CONTENT="skjutsningsskyldige"/><SP WIDTH="23" VPOS="253" HPOS="380"/>
							<String ID="string_28" HPOS="403" VPOS="255" WIDTH="27" HEIGHT="25" WC="0.93" CONTENT="pä"/><SP WIDTH="23" VPOS="255" HPOS="430"/>
							<String ID="string_29" HPOS="453" VPOS="257" WIDTH="64" HEIGHT="23" WC="0.95" CONTENT="orter,"/><SP WIDTH="24" VPOS="257" HPOS="517"/>
							<String ID="string_30" HPOS="541" VPOS="260" WIDTH="45" HEIGHT="15" WC="0.93" CONTENT="som"/><SP WIDTH="23" VPOS="260" HPOS="586"/>
							<String ID="string_31" HPOS="609" VPOS="256" WIDTH="37" HEIGHT="19" WC="0.92" CONTENT="äro"/><SP WIDTH="16" VPOS="256" HPOS="646"/>
							<String ID="string_32" HPOS="662" VPOS="255" WIDTH="180" HEIGHT="26" WC="0.91" CONTENT="sönderstyckade"/><SP WIDTH="14" VPOS="255" HPOS="842"/>
							<String ID="string_33" HPOS="856" VPOS="255" WIDTH="27" HEIGHT="21" WC="0.96" CONTENT="af"/>
						</TextLine>
						<TextLine ID="line_4" HPOS="50" VPOS="282" WIDTH="827" HEIGHT="27">
							<String ID="string_34" HPOS="50" VPOS="282" WIDTH="57" HEIGHT="27" WC="0.93" CONTENT="sjöar"/><SP WIDTH="16" VPOS="282" HPOS="107"/>
							<String ID="string_35" HPOS="123" VPOS="282" WIDTH="39" HEIGHT="21" WC="0.96" CONTENT="och"/><SP WIDTH="16" VPOS="282" HPOS="162"/>
							<String ID="string_36" HPOS="178" VPOS="282" WIDTH="66" HEIGHT="21" WC="0.96" CONTENT="andra"/><SP WIDTH="16" VPOS="282" HPOS="244"/>
							<String ID="string_37" HPOS="260" VPOS="283" WIDTH="132" HEIGHT="26" WC="0.93" CONTENT="vattendrag,"/><SP WIDTH="16" VPOS="283" HPOS="392"/>
							<String ID="string_38" HPOS="408" VPOS="282" WIDTH="71" HEIGHT="21" WC="0.93" CONTENT="hvilka"/><SP WIDTH="13" VPOS="282" HPOS="479"/>
							<String ID="string_39" HPOS="492" VPOS="283" WIDTH="97" HEIGHT="21" WC="0.92" CONTENT="försvära"/><SP WIDTH="11" VPOS="283" HPOS="589"/>
							<String ID="string_40" HPOS="600" VPOS="283" WIDTH="210" HEIGHT="21" WC="0.92" CONTENT="kommunikationen"/><SP WIDTH="11" VPOS="283" HPOS="810"/>
							<String ID="string_41" HPOS="821" VPOS="284" WIDTH="56" HEIGHT="21" WC="0.96" CONTENT="vissa"/>
						</TextLine>
						<TextLine ID="line_5" HPOS="50" VPOS="311" WIDTH="827" HEIGHT="28">
							<String ID="string_42" HPOS="50" VPOS="311" WIDTH="91" HEIGHT="20" WC="0.96" CONTENT="årstider"/><SP WIDTH="22" VPOS="311" HPOS="141"/>
							<String ID="string_43" HPOS="163" VPOS="311" WIDTH="39" HEIGHT="21" WC="0.96" CONTENT="och"/><SP WIDTH="23" VPOS="311" HPOS="202"/>
							<String ID="string_44" HPOS="225" VPOS="311" WIDTH="61" HEIGHT="26" WC="0.93" CONTENT="lägga"/><SP WIDTH="23" VPOS="311" HPOS="286"/>
							<String ID="string_45" HPOS="309" VPOS="311" WIDTH="74" HEIGHT="21" WC="0.96" CONTENT="hinder"/><SP WIDTH="23" VPOS="311" HPOS="383"/>
							<String ID="string_46" HPOS="406" VPOS="312" WIDTH="6" HEIGHT="20" WC="0.96" CONTENT="i"/><SP WIDTH="23" VPOS="312" HPOS="412"/>
							<String ID="string_47" HPOS="435" VPOS="313" WIDTH="67" HEIGHT="25" WC="0.96" CONTENT="vägen"/><SP WIDTH="24" VPOS="313" HPOS="502"/>
							<String ID="string_48" HPOS="526" VPOS="311" WIDTH="33" HEIGHT="22" WC="0.96" CONTENT="för"/><SP WIDTH="18" VPOS="311" HPOS="559"/>
							<String ID="string_49" HPOS="577" VPOS="317" WIDTH="26" HEIGHT="15" WC="0.93" CONTENT="en"/><SP WIDTH="17" VPOS="317" HPOS="603"/>
							<String ID="string_50" HPOS="620" VPOS="318" WIDTH="47" HEIGHT="15" WC="0.95" CONTENT="resa"/><SP WIDTH="16" VPOS="318" HPOS="667"/>
							<String ID="string_51" HPOS="683" VPOS="311" WIDTH="32" HEIGHT="22" WC="0.96" CONTENT="till"/><SP WIDTH="17" VPOS="311" HPOS="715"/>
							<String ID="string_52" HPOS="732" VPOS="312" WIDTH="35" HEIGHT="21" WC="0.93" CONTENT="det"/><SP WIDTH="15" VPOS="312" HPOS="767"/>
							<String ID="string_53" HPOS="782" VPOS="311" WIDTH="95" HEIGHT="28" WC="0.81" CONTENT="aflägsna"/>
						</TextLine>
						<TextLine ID="line_6" HPOS="49" VPOS="339" WIDTH="829" HEIGHT="28">
							<String ID="string_54" HPOS="49" VPOS="339" WIDTH="151" HEIGHT="28" WC="0.91" CONTENT="gästgifveriet."/><SP WIDTH="29" VPOS="339" HPOS="200"/>
							<String ID="string_55" HPOS="229" VPOS="340" WIDTH="42" HEIGHT="27" WC="0.93" CONTENT="Jag"/><SP WIDTH="22" VPOS="340" HPOS="271"/>
							<String ID="string_56" HPOS="293" VPOS="339" WIDTH="95" HEIGHT="22" WC="0.92" CONTENT="anhäller"/><SP WIDTH="15" VPOS="339" HPOS="388"/>
							<String ID="string_57" HPOS="403" VPOS="339" WIDTH="72" HEIGHT="22" WC="0.93" CONTENT="derför"/><SP WIDTH="16" VPOS="339" HPOS="475"/>
							<String ID="string_58" HPOS="491" VPOS="342" WIDTH="32" HEIGHT="19" WC="0.93" CONTENT="att"/><SP WIDTH="15" VPOS="342" HPOS="523"/>
							<String ID="string_59" HPOS="538" VPOS="340" WIDTH="181" HEIGHT="27" WC="0.92" CONTENT="Borgareständet"/><SP WIDTH="15" VPOS="340" HPOS="719"/>
							<String ID="string_60" HPOS="734" VPOS="339" WIDTH="49" HEIGHT="22" WC="0.93" CONTENT="ville"/><SP WIDTH="15" VPOS="339" HPOS="783"/>
							<String ID="string_61" HPOS="798" VPOS="344" WIDTH="80" HEIGHT="23" WC="0.92" CONTENT="antaga"/>
						</TextLine>
						<TextLine ID="line_7" HPOS="50" VPOS="368" WIDTH="829" HEIGHT="28">
							<String ID="string_62" HPOS="50" VPOS="368" WIDTH="41" HEIGHT="21" WC="0.95" CONTENT="den"/><SP WIDTH="23" VPOS="368" HPOS="91"/>
							<String ID="string_63" HPOS="114" VPOS="368" WIDTH="130" HEIGHT="21" WC="0.93" CONTENT="reservation"/><SP WIDTH="20" VPOS="368" HPOS="244"/>
							<String ID="string_64" HPOS="264" VPOS="368" WIDTH="37" HEIGHT="27" WC="0.95" CONTENT="jag"/><SP WIDTH="21" VPOS="368" HPOS="301"/>
							<String ID="string_65" HPOS="322" VPOS="368" WIDTH="40" HEIGHT="21" WC="0.93" CONTENT="har"/><SP WIDTH="22" VPOS="368" HPOS="362"/>
							<String ID="string_66" HPOS="384" VPOS="369" WIDTH="109" HEIGHT="26" WC="0.96" CONTENT="åberopat,"/><SP WIDTH="24" VPOS="369" HPOS="493"/>
							<String ID="string_67" HPOS="517" VPOS="369" WIDTH="54" HEIGHT="21" WC="0.96" CONTENT="dock"/><SP WIDTH="16" VPOS="369" HPOS="571"/>
							<String ID="string_68" HPOS="587" VPOS="369" WIDTH="48" HEIGHT="21" WC="0.96" CONTENT="med"/><SP WIDTH="16" VPOS="369" HPOS="635"/>
							<String ID="string_69" HPOS="651" VPOS="369" WIDTH="69" HEIGHT="21" WC="0.93" CONTENT="denna"/><SP WIDTH="15" VPOS="369" HPOS="720"/>
							<String ID="string_70" HPOS="735" VPOS="369" WIDTH="87" HEIGHT="27" WC="0.93" CONTENT="lydelse:"/><SP WIDTH="17" VPOS="369" HPOS="822"/>
							<String ID="string_71" HPOS="839" VPOS="369" WIDTH="40" HEIGHT="24" WC="0.51" CONTENT=",,sä"/>
						</TextLine>
						<TextLine ID="line_8" HPOS="51" VPOS="396" WIDTH="831" HEIGHT="28">
							<String ID="string_72" HPOS="51" VPOS="396" WIDTH="64" HEIGHT="22" WC="0.86" CONTENT="framt"/><SP WIDTH="22" VPOS="396" HPOS="115"/>
							<String ID="string_73" HPOS="137" VPOS="397" WIDTH="18" HEIGHT="27" WC="0.95" CONTENT="ej"/><SP WIDTH="23" VPOS="397" HPOS="155"/>
							<String ID="string_74" HPOS="178" VPOS="397" WIDTH="152" HEIGHT="21" WC="0.92" CONTENT="kommunerna"/><SP WIDTH="23" VPOS="397" HPOS="330"/>
							<String ID="string_75" HPOS="353" VPOS="397" WIDTH="67" HEIGHT="21" WC="0.96" CONTENT="önska"/><SP WIDTH="22" VPOS="397" HPOS="420"/>
							<String ID="string_76" HPOS="442" VPOS="400" WIDTH="33" HEIGHT="18" WC="0.92" CONTENT="att"/><SP WIDTH="22" VPOS="400" HPOS="475"/>
							<String ID="string_77" HPOS="497" VPOS="397" WIDTH="127" HEIGHT="27" WC="0.91" CONTENT="skjutslaget"/><SP WIDTH="22" VPOS="397" HPOS="624"/>
							<String ID="string_78" HPOS="646" VPOS="397" WIDTH="119" HEIGHT="22" WC="0.91" CONTENT="utsträckes"/><SP WIDTH="22" VPOS="397" HPOS="765"/>
							<String ID="string_79" HPOS="787" VPOS="397" WIDTH="32" HEIGHT="22" WC="0.96" CONTENT="till"/><SP WIDTH="26" VPOS="397" HPOS="819"/>
							<String ID="string_80" HPOS="845" VPOS="399" WIDTH="37" HEIGHT="20" WC="0.96" CONTENT="ett"/>
						</TextLine>
						<TextLine ID="line_9" HPOS="51" VPOS="426" WIDTH="827" HEIGHT="27">
							<String ID="string_81" HPOS="51" VPOS="427" WIDTH="68" HEIGHT="20" WC="0.88" CONTENT="större"/><SP WIDTH="22" VPOS="427" HPOS="119"/>
							<String ID="string_82" HPOS="141" VPOS="426" WIDTH="93" HEIGHT="24" WC="0.88" CONTENT="omräde,"/><SP WIDTH="16" VPOS="426" HPOS="234"/>
							<String ID="string_83" HPOS="250" VPOS="426" WIDTH="51" HEIGHT="20" WC="0.93" CONTENT="eller"/><SP WIDTH="15" VPOS="426" HPOS="301"/>
							<String ID="string_84" HPOS="316" VPOS="426" WIDTH="39" HEIGHT="21" WC="0.91" CONTENT="ock"/><SP WIDTH="16" VPOS="426" HPOS="355"/>
							<String ID="string_85" HPOS="371" VPOS="426" WIDTH="126" HEIGHT="22" WC="0.92" CONTENT="inskränkes"/><SP WIDTH="15" VPOS="426" HPOS="497"/>
							<String ID="string_86" HPOS="512" VPOS="426" WIDTH="33" HEIGHT="21" WC="0.93" CONTENT="till"/><SP WIDTH="16" VPOS="426" HPOS="545"/>
							<String ID="string_87" HPOS="561" VPOS="426" WIDTH="121" HEIGHT="27" WC="0.91" CONTENT="tingslaget,"/><SP WIDTH="16" VPOS="426" HPOS="682"/>
							<String ID="string_88" HPOS="698" VPOS="429" WIDTH="56" HEIGHT="19" WC="0.93" CONTENT="samt"/><SP WIDTH="14" VPOS="429" HPOS="754"/>
							<String ID="string_89" HPOS="768" VPOS="426" WIDTH="110" HEIGHT="22" WC="0.92" CONTENT="Guvernö-"/>
						</TextLine>
						<TextLine ID="line_10" HPOS="50" VPOS="453" WIDTH="375" HEIGHT="22">
							<String ID="string_90" HPOS="50" VPOS="460" WIDTH="37" HEIGHT="15" WC="0.93" CONTENT="ren"/><SP WIDTH="16" VPOS="460" HPOS="87"/>
							<String ID="string_91" HPOS="103" VPOS="453" WIDTH="67" HEIGHT="22" WC="0.95" CONTENT="finner"/><SP WIDTH="16" VPOS="453" HPOS="170"/>
							<String ID="string_92" HPOS="186" VPOS="453" WIDTH="45" HEIGHT="22" WC="0.93" CONTENT="skäl"/><SP WIDTH="17" VPOS="453" HPOS="231"/>
							<String ID="string_93" HPOS="248" VPOS="454" WIDTH="70" HEIGHT="21" WC="0.93" CONTENT="dertill"/><SP WIDTH="16" VPOS="454" HPOS="318"/>
							<String ID="string_94" HPOS="334" VPOS="454" WIDTH="91" HEIGHT="21" WC="0.40" CONTENT="bifalla.&quot;"/>
						</TextLine>
					</TextBlock>
				</ComposedBlock>
				<ComposedBlock ID="cblock_2" HPOS="119" VPOS="505" WIDTH="648" HEIGHT="28">
					<TextBlock ID="block_2" HPOS="119" VPOS="505" WIDTH="648" HEIGHT="28">
						<TextLine ID="line_11" HPOS="119" VPOS="505" WIDTH="648" HEIGHT="28">
							<String ID="string_95" HPOS="119" VPOS="505" WIDTH="55" HEIGHT="22" WC="0.96" CONTENT="Herr"/><SP WIDTH="16" VPOS="505" HPOS="174"/>
							<String ID="string_96" HPOS="190" VPOS="505" WIDTH="130" HEIGHT="22" WC="0.90" CONTENT="Boström"/><SP WIDTH="16" VPOS="505" HPOS="320"/>
							<String ID="string_97" HPOS="336" VPOS="505" WIDTH="100" HEIGHT="22" WC="0.90" CONTENT="förenade"/><SP WIDTH="18" VPOS="505" HPOS="436"/>
							<String ID="string_98" HPOS="454" VPOS="506" WIDTH="31" HEIGHT="27" WC="0.96" CONTENT="sig"/><SP WIDTH="15" VPOS="506" HPOS="485"/>
							<String ID="string_99" HPOS="500" VPOS="506" WIDTH="48" HEIGHT="21" WC="0.96" CONTENT="med"/><SP WIDTH="15" VPOS="506" HPOS="548"/>
							<String ID="string_100" HPOS="563" VPOS="506" WIDTH="56" HEIGHT="21" WC="0.96" CONTENT="Herr"/><SP WIDTH="15" VPOS="506" HPOS="619"/>
							<String ID="string_101" HPOS="634" VPOS="506" WIDTH="133" HEIGHT="27" WC="0.94" CONTENT="Tengström."/>
						</TextLine>
					</TextBlock>
				</ComposedBlock>
				<ComposedBlock ID="cblock_3" HPOS="47" VPOS="557" WIDTH="832" HEIGHT="370">
					<TextBlock ID="block_3" HPOS="47" VPOS="557" WIDTH="832" HEIGHT="370">
						<TextLine ID="line_12" HPOS="119" VPOS="557" WIDTH="759" HEIGHT="28">
							<String ID="string_102" HPOS="119" VPOS="557" WIDTH="55" HEIGHT="21" WC="0.96" CONTENT="Herr"/><SP WIDTH="15" VPOS="557" HPOS="174"/>
							<String ID="string_103" HPOS="189" VPOS="557" WIDTH="135" HEIGHT="22" WC="0.96" CONTENT="Jansson:"/><SP WIDTH="23" VPOS="557" HPOS="324"/>
							<String ID="string_104" HPOS="347" VPOS="557" WIDTH="41" HEIGHT="28" WC="0.96" CONTENT="Jag"/><SP WIDTH="16" VPOS="557" HPOS="388"/>
							<String ID="string_105" HPOS="404" VPOS="557" WIDTH="36" HEIGHT="22" WC="0.93" CONTENT="ber"/><SP WIDTH="16" VPOS="557" HPOS="440"/>
							<String ID="string_106" HPOS="456" VPOS="558" WIDTH="47" HEIGHT="21" WC="0.92" CONTENT="äter"/><SP WIDTH="15" VPOS="558" HPOS="503"/>
							<String ID="string_107" HPOS="518" VPOS="559" WIDTH="33" HEIGHT="20" WC="0.93" CONTENT="att"/><SP WIDTH="14" VPOS="559" HPOS="551"/>
							<String ID="string_108" HPOS="565" VPOS="557" WIDTH="22" HEIGHT="22" WC="0.92" CONTENT="fä"/><SP WIDTH="14" VPOS="557" HPOS="587"/>
							<String ID="string_109" HPOS="601" VPOS="557" WIDTH="86" HEIGHT="22" WC="0.92" CONTENT="förorda"/><SP WIDTH="15" VPOS="557" HPOS="687"/>
							<String ID="string_110" HPOS="702" VPOS="557" WIDTH="121" HEIGHT="22" WC="0.92" CONTENT="Utskottets"/><SP WIDTH="16" VPOS="557" HPOS="823"/>
							<String ID="string_111" HPOS="839" VPOS="557" WIDTH="39" HEIGHT="22" WC="0.91" CONTENT="be-"/>
						</TextLine>
						<TextLine ID="line_13" HPOS="50" VPOS="585" WIDTH="827" HEIGHT="28">
							<String ID="string_112" HPOS="50" VPOS="586" WIDTH="112" HEIGHT="21" WC="0.91" CONTENT="tänkande."/><SP WIDTH="31" VPOS="586" HPOS="162"/>
							<String ID="string_113" HPOS="193" VPOS="586" WIDTH="42" HEIGHT="21" WC="0.96" CONTENT="Det"/><SP WIDTH="15" VPOS="586" HPOS="235"/>
							<String ID="string_114" HPOS="250" VPOS="587" WIDTH="24" HEIGHT="19" WC="0.93" CONTENT="är"/><SP WIDTH="15" VPOS="587" HPOS="274"/>
							<String ID="string_115" HPOS="289" VPOS="585" WIDTH="183" HEIGHT="27" WC="0.92" CONTENT="hufvudsakligast"/><SP WIDTH="16" VPOS="585" HPOS="472"/>
							<String ID="string_116" HPOS="488" VPOS="586" WIDTH="33" HEIGHT="21" WC="0.96" CONTENT="för"/><SP WIDTH="14" VPOS="586" HPOS="521"/>
							<String ID="string_117" HPOS="535" VPOS="588" WIDTH="34" HEIGHT="19" WC="0.93" CONTENT="att"/><SP WIDTH="14" VPOS="588" HPOS="569"/>
							<String ID="string_118" HPOS="583" VPOS="586" WIDTH="21" HEIGHT="21" WC="0.93" CONTENT="fä"/><SP WIDTH="16" VPOS="586" HPOS="604"/>
							<String ID="string_119" HPOS="620" VPOS="586" WIDTH="257" HEIGHT="27" WC="0.91" CONTENT="skjutshällningstungan"/>
						</TextLine>
						<TextLine ID="line_14" HPOS="47" VPOS="614" WIDTH="831" HEIGHT="27">
							<String ID="string_120" HPOS="47" VPOS="615" WIDTH="96" HEIGHT="26" WC="0.90" CONTENT="jemnare"/><SP WIDTH="23" VPOS="615" HPOS="143"/>
							<String ID="string_121" HPOS="166" VPOS="614" WIDTH="102" HEIGHT="26" WC="0.92" CONTENT="fördelad,"/><SP WIDTH="24" VPOS="614" HPOS="268"/>
							<String ID="string_122" HPOS="292" VPOS="614" WIDTH="80" HEIGHT="21" WC="0.91" CONTENT="hvilket"/><SP WIDTH="23" VPOS="614" HPOS="372"/>
							<String ID="string_123" HPOS="395" VPOS="615" WIDTH="77" HEIGHT="21" WC="0.96" CONTENT="lättare"/><SP WIDTH="17" VPOS="615" HPOS="472"/>
							<String ID="string_124" HPOS="489" VPOS="615" WIDTH="40" HEIGHT="20" WC="0.93" CONTENT="kan"/><SP WIDTH="17" VPOS="615" HPOS="529"/>
							<String ID="string_125" HPOS="546" VPOS="615" WIDTH="38" HEIGHT="21" WC="0.92" CONTENT="ske"/><SP WIDTH="16" VPOS="615" HPOS="584"/>
							<String ID="string_126" HPOS="600" VPOS="615" WIDTH="26" HEIGHT="20" WC="0.93" CONTENT="dä"/><SP WIDTH="16" VPOS="615" HPOS="626"/>
							<String ID="string_127" HPOS="642" VPOS="614" WIDTH="130" HEIGHT="27" WC="0.91" CONTENT="skjutslagen"/><SP WIDTH="16" VPOS="614" HPOS="772"/>
							<String ID="string_128" HPOS="788" VPOS="617" WIDTH="90" HEIGHT="24" WC="0.93" CONTENT="utgöras"/>
						</TextLine>
						<TextLine ID="line_15" HPOS="50" VPOS="643" WIDTH="827" HEIGHT="27">
							<String ID="string_129" HPOS="50" VPOS="643" WIDTH="22" HEIGHT="21" WC="0.96" CONTENT="af"/><SP WIDTH="19" VPOS="643" HPOS="72"/>
							<String ID="string_130" HPOS="91" VPOS="645" WIDTH="67" HEIGHT="19" WC="0.93" CONTENT="större"/><SP WIDTH="21" VPOS="645" HPOS="158"/>
							<String ID="string_131" HPOS="179" VPOS="643" WIDTH="106" HEIGHT="24" WC="0.92" CONTENT="omräden,"/><SP WIDTH="16" VPOS="643" HPOS="285"/>
							<String ID="string_132" HPOS="301" VPOS="649" WIDTH="45" HEIGHT="15" WC="0.93" CONTENT="som"/><SP WIDTH="15" VPOS="649" HPOS="346"/>
							<String ID="string_133" HPOS="361" VPOS="643" WIDTH="112" HEIGHT="22" WC="0.92" CONTENT="Utskottet"/><SP WIDTH="15" VPOS="643" HPOS="473"/>
							<String ID="string_134" HPOS="488" VPOS="643" WIDTH="96" HEIGHT="22" WC="0.92" CONTENT="förordat"/><SP WIDTH="15" VPOS="643" HPOS="584"/>
							<String ID="string_135" HPOS="599" VPOS="643" WIDTH="165" HEIGHT="27" WC="0.91" CONTENT="godkännandet"/><SP WIDTH="15" VPOS="643" HPOS="764"/>
							<String ID="string_136" HPOS="779" VPOS="643" WIDTH="23" HEIGHT="21" WC="0.97" CONTENT="af"/><SP WIDTH="14" VPOS="643" HPOS="802"/>
							<String ID="string_137" HPOS="816" VPOS="643" WIDTH="61" HEIGHT="21" WC="0.96" CONTENT="detta"/>
						</TextLine>
						<TextLine ID="line_16" HPOS="50" VPOS="671" WIDTH="826" HEIGHT="28">
							<String ID="string_138" HPOS="50" VPOS="673" WIDTH="93" HEIGHT="20" WC="0.95" CONTENT="moment"/><SP WIDTH="15" VPOS="673" HPOS="143"/>
							<String ID="string_139" HPOS="158" VPOS="671" WIDTH="6" HEIGHT="21" WC="0.93" CONTENT="i"/><SP WIDTH="16" VPOS="671" HPOS="164"/>
							<String ID="string_140" HPOS="180" VPOS="671" WIDTH="168" HEIGHT="28" WC="0.90" CONTENT="Propositionen."/><SP WIDTH="30" VPOS="671" HPOS="348"/>
							<String ID="string_141" HPOS="378" VPOS="672" WIDTH="42" HEIGHT="21" WC="0.96" CONTENT="Det"/><SP WIDTH="14" VPOS="672" HPOS="420"/>
							<String ID="string_142" HPOS="434" VPOS="672" WIDTH="71" HEIGHT="21" WC="0.96" CONTENT="kunde"/><SP WIDTH="16" VPOS="672" HPOS="505"/>
							<String ID="string_143" HPOS="521" VPOS="672" WIDTH="40" HEIGHT="21" WC="0.93" CONTENT="lätt"/><SP WIDTH="15" VPOS="672" HPOS="561"/>
							<String ID="string_144" HPOS="576" VPOS="671" WIDTH="84" HEIGHT="22" WC="0.93" CONTENT="inträffa"/><SP WIDTH="16" VPOS="671" HPOS="660"/>
							<String ID="string_145" HPOS="676" VPOS="674" WIDTH="33" HEIGHT="19" WC="0.96" CONTENT="att"/><SP WIDTH="14" VPOS="674" HPOS="709"/>
							<String ID="string_146" HPOS="723" VPOS="672" WIDTH="34" HEIGHT="25" WC="0.93" CONTENT="dä,"/><SP WIDTH="10" VPOS="672" HPOS="757"/>
							<String ID="string_147" HPOS="767" VPOS="672" WIDTH="69" HEIGHT="21" WC="0.92" CONTENT="säsom"/><SP WIDTH="12" VPOS="672" HPOS="836"/>
							<String ID="string_148" HPOS="848" VPOS="671" WIDTH="28" HEIGHT="28" WC="0.96" CONTENT="pä"/>
						</TextLine>
						<TextLine ID="line_17" HPOS="51" VPOS="700" WIDTH="826" HEIGHT="27">
							<String ID="string_149" HPOS="51" VPOS="700" WIDTH="75" HEIGHT="27" WC="0.90" CONTENT="mänga"/><SP WIDTH="16" VPOS="700" HPOS="126"/>
							<String ID="string_150" HPOS="142" VPOS="702" WIDTH="58" HEIGHT="19" WC="0.91" CONTENT="orter"/><SP WIDTH="15" VPOS="702" HPOS="200"/>
							<String ID="string_151" HPOS="215" VPOS="701" WIDTH="6" HEIGHT="20" WC="0.93" CONTENT="i"/><SP WIDTH="16" VPOS="701" HPOS="221"/>
							<String ID="string_152" HPOS="237" VPOS="700" WIDTH="46" HEIGHT="21" WC="0.93" CONTENT="värt"/><SP WIDTH="16" VPOS="700" HPOS="283"/>
							<String ID="string_153" HPOS="299" VPOS="700" WIDTH="49" HEIGHT="21" WC="0.93" CONTENT="land"/><SP WIDTH="16" VPOS="700" HPOS="348"/>
							<String ID="string_154" HPOS="364" VPOS="700" WIDTH="60" HEIGHT="21" WC="0.91" CONTENT="fallet"/><SP WIDTH="15" VPOS="700" HPOS="424"/>
							<String ID="string_155" HPOS="439" VPOS="703" WIDTH="30" HEIGHT="22" WC="0.95" CONTENT="är,"/><SP WIDTH="16" VPOS="703" HPOS="469"/>
							<String ID="string_156" HPOS="485" VPOS="701" WIDTH="56" HEIGHT="21" WC="0.96" CONTENT="inom"/><SP WIDTH="17" VPOS="701" HPOS="541"/>
							<String ID="string_157" HPOS="558" VPOS="707" WIDTH="25" HEIGHT="14" WC="0.96" CONTENT="en"/><SP WIDTH="17" VPOS="707" HPOS="583"/>
							<String ID="string_158" HPOS="600" VPOS="701" WIDTH="81" HEIGHT="20" WC="0.96" CONTENT="mindre"/><SP WIDTH="16" VPOS="701" HPOS="681"/>
							<String ID="string_159" HPOS="697" VPOS="701" WIDTH="34" HEIGHT="20" WC="0.96" CONTENT="del"/><SP WIDTH="15" VPOS="701" HPOS="731"/>
							<String ID="string_160" HPOS="746" VPOS="700" WIDTH="23" HEIGHT="21" WC="0.93" CONTENT="af"/><SP WIDTH="9" VPOS="700" HPOS="769"/>
							<String ID="string_161" HPOS="778" VPOS="700" WIDTH="99" HEIGHT="26" WC="0.91" CONTENT="häradet,"/>
						</TextLine>
						<TextLine ID="line_18" HPOS="50" VPOS="728" WIDTH="825" HEIGHT="28">
							<String ID="string_162" HPOS="50" VPOS="731" WIDTH="13" HEIGHT="18" WC="0.92" CONTENT="t."/><SP WIDTH="17" VPOS="731" HPOS="63"/>
							<String ID="string_163" HPOS="80" VPOS="735" WIDTH="31" HEIGHT="15" WC="0.95" CONTENT="ex."/><SP WIDTH="17" VPOS="735" HPOS="111"/>
							<String ID="string_164" HPOS="128" VPOS="729" WIDTH="55" HEIGHT="21" WC="0.96" CONTENT="inom"/><SP WIDTH="23" VPOS="729" HPOS="183"/>
							<String ID="string_165" HPOS="206" VPOS="735" WIDTH="26" HEIGHT="15" WC="0.95" CONTENT="en"/><SP WIDTH="16" VPOS="735" HPOS="232"/>
							<String ID="string_166" HPOS="248" VPOS="729" WIDTH="106" HEIGHT="25" WC="0.96" CONTENT="kommun,"/><SP WIDTH="16" VPOS="729" HPOS="354"/>
							<String ID="string_167" HPOS="370" VPOS="728" WIDTH="68" HEIGHT="22" WC="0.93" CONTENT="finnas"/><SP WIDTH="16" VPOS="728" HPOS="438"/>
							<String ID="string_168" HPOS="454" VPOS="729" WIDTH="50" HEIGHT="21" WC="0.92" CONTENT="flere"/><SP WIDTH="15" VPOS="729" HPOS="504"/>
							<String ID="string_169" HPOS="519" VPOS="729" WIDTH="156" HEIGHT="27" WC="0.91" CONTENT="gästgifverier,"/><SP WIDTH="17" VPOS="729" HPOS="675"/>
							<String ID="string_170" HPOS="692" VPOS="729" WIDTH="26" HEIGHT="21" WC="0.93" CONTENT="de"/><SP WIDTH="16" VPOS="729" HPOS="718"/>
							<String ID="string_171" HPOS="734" VPOS="729" WIDTH="66" HEIGHT="27" WC="0.91" CONTENT="öfrige"/><SP WIDTH="15" VPOS="729" HPOS="800"/>
							<String ID="string_172" HPOS="815" VPOS="730" WIDTH="60" HEIGHT="20" WC="0.92" CONTENT="kom-"/>
						</TextLine>
						<TextLine ID="line_19" HPOS="50" VPOS="757" WIDTH="826" HEIGHT="28">
							<String ID="string_173" HPOS="50" VPOS="763" WIDTH="101" HEIGHT="16" WC="0.92" CONTENT="munerne"/><SP WIDTH="23" VPOS="763" HPOS="151"/>
							<String ID="string_174" HPOS="174" VPOS="757" WIDTH="68" HEIGHT="22" WC="0.93" CONTENT="skulle"/><SP WIDTH="22" VPOS="757" HPOS="242"/>
							<String ID="string_175" HPOS="264" VPOS="759" WIDTH="154" HEIGHT="20" WC="0.89" CONTENT="sammansätta"/><SP WIDTH="22" VPOS="759" HPOS="418"/>
							<String ID="string_176" HPOS="440" VPOS="758" WIDTH="32" HEIGHT="26" WC="0.96" CONTENT="sig"/><SP WIDTH="22" VPOS="758" HPOS="472"/>
							<String ID="string_177" HPOS="494" VPOS="758" WIDTH="33" HEIGHT="21" WC="0.96" CONTENT="för"/><SP WIDTH="22" VPOS="758" HPOS="527"/>
							<String ID="string_178" HPOS="549" VPOS="760" WIDTH="34" HEIGHT="19" WC="0.93" CONTENT="att"/><SP WIDTH="21" VPOS="760" HPOS="583"/>
							<String ID="string_179" HPOS="604" VPOS="757" WIDTH="53" HEIGHT="27" WC="0.92" CONTENT="yrka"/><SP WIDTH="22" VPOS="757" HPOS="657"/>
							<String ID="string_180" HPOS="679" VPOS="759" WIDTH="27" HEIGHT="26" WC="0.96" CONTENT="pä"/><SP WIDTH="16" VPOS="759" HPOS="706"/>
							<String ID="string_181" HPOS="722" VPOS="764" WIDTH="26" HEIGHT="15" WC="0.92" CONTENT="en"/><SP WIDTH="15" VPOS="764" HPOS="748"/>
							<String ID="string_182" HPOS="763" VPOS="757" WIDTH="66" HEIGHT="22" WC="0.92" CONTENT="sädan"/><SP WIDTH="16" VPOS="757" HPOS="829"/>
							<String ID="string_183" HPOS="845" VPOS="757" WIDTH="31" HEIGHT="21" WC="0.92" CONTENT="in-"/>
						</TextLine>
						<TextLine ID="line_20" HPOS="50" VPOS="786" WIDTH="826" HEIGHT="27">
							<String ID="string_184" HPOS="50" VPOS="786" WIDTH="130" HEIGHT="27" WC="0.92" CONTENT="skränkning"/><SP WIDTH="24" VPOS="786" HPOS="180"/>
							<String ID="string_185" HPOS="204" VPOS="792" WIDTH="44" HEIGHT="15" WC="0.92" CONTENT="som"/><SP WIDTH="25" VPOS="792" HPOS="248"/>
							<String ID="string_186" HPOS="273" VPOS="789" WIDTH="159" HEIGHT="18" WC="0.91" CONTENT="reservanterne"/><SP WIDTH="24" VPOS="789" HPOS="432"/>
							<String ID="string_187" HPOS="456" VPOS="786" WIDTH="65" HEIGHT="22" WC="0.92" CONTENT="afsett"/><SP WIDTH="23" VPOS="786" HPOS="521"/>
							<String ID="string_188" HPOS="544" VPOS="787" WIDTH="39" HEIGHT="21" WC="0.90" CONTENT="och"/><SP WIDTH="24" VPOS="787" HPOS="583"/>
							<String ID="string_189" HPOS="607" VPOS="787" WIDTH="121" HEIGHT="25" WC="0.90" CONTENT="derigenom"/><SP WIDTH="26" VPOS="787" HPOS="728"/>
							<String ID="string_190" HPOS="754" VPOS="786" WIDTH="27" HEIGHT="27" WC="0.96" CONTENT="pä"/><SP WIDTH="24" VPOS="786" HPOS="781"/>
							<String ID="string_191" HPOS="805" VPOS="786" WIDTH="71" HEIGHT="21" WC="0.96" CONTENT="denna"/>
						</TextLine>
						<TextLine ID="line_21" HPOS="49" VPOS="814" WIDTH="830" HEIGHT="27">
							<String ID="string_192" HPOS="49" VPOS="815" WIDTH="102" HEIGHT="21" WC="0.93" CONTENT="kommun"/><SP WIDTH="15" VPOS="815" HPOS="151"/>
							<String ID="string_193" HPOS="166" VPOS="814" WIDTH="83" HEIGHT="22" WC="0.91" CONTENT="hvälfva"/><SP WIDTH="16" VPOS="814" HPOS="249"/>
							<String ID="string_194" HPOS="265" VPOS="821" WIDTH="26" HEIGHT="15" WC="0.93" CONTENT="en"/><SP WIDTH="16" VPOS="821" HPOS="291"/>
							<String ID="string_195" HPOS="307" VPOS="815" WIDTH="70" HEIGHT="21" WC="0.96" CONTENT="alltför"/><SP WIDTH="15" VPOS="815" HPOS="377"/>
							<String ID="string_196" HPOS="392" VPOS="817" WIDTH="45" HEIGHT="19" WC="0.93" CONTENT="stor"/><SP WIDTH="16" VPOS="817" HPOS="437"/>
							<String ID="string_197" HPOS="453" VPOS="817" WIDTH="72" HEIGHT="24" WC="0.93" CONTENT="tunga."/><SP WIDTH="31" VPOS="817" HPOS="525"/>
							<String ID="string_198" HPOS="556" VPOS="815" WIDTH="42" HEIGHT="21" WC="0.96" CONTENT="Det"/><SP WIDTH="15" VPOS="815" HPOS="598"/>
							<String ID="string_199" HPOS="613" VPOS="817" WIDTH="23" HEIGHT="19" WC="0.96" CONTENT="är"/><SP WIDTH="16" VPOS="817" HPOS="636"/>
							<String ID="string_200" HPOS="652" VPOS="815" WIDTH="33" HEIGHT="21" WC="0.96" CONTENT="för"/><SP WIDTH="15" VPOS="815" HPOS="685"/>
							<String ID="string_201" HPOS="700" VPOS="817" WIDTH="32" HEIGHT="19" WC="0.93" CONTENT="att"/><SP WIDTH="11" VPOS="817" HPOS="732"/>
							<String ID="string_202" HPOS="743" VPOS="815" WIDTH="136" HEIGHT="21" WC="0.92" CONTENT="förekomma"/>
						</TextLine>
						<TextLine ID="line_22" HPOS="51" VPOS="843" WIDTH="823" HEIGHT="28">
							<String ID="string_203" HPOS="51" VPOS="843" WIDTH="75" HEIGHT="22" WC="0.92" CONTENT="sädant"/><SP WIDTH="23" VPOS="843" HPOS="126"/>
							<String ID="string_204" HPOS="149" VPOS="843" WIDTH="38" HEIGHT="21" WC="0.94" CONTENT="och"/><SP WIDTH="22" VPOS="843" HPOS="187"/>
							<String ID="string_205" HPOS="209" VPOS="843" WIDTH="32" HEIGHT="21" WC="0.96" CONTENT="för"/><SP WIDTH="19" VPOS="843" HPOS="241"/>
							<String ID="string_206" HPOS="260" VPOS="846" WIDTH="32" HEIGHT="19" WC="0.93" CONTENT="att"/><SP WIDTH="15" VPOS="846" HPOS="292"/>
							<String ID="string_207" HPOS="307" VPOS="843" WIDTH="125" HEIGHT="27" WC="0.90" CONTENT="möjliggöra"/><SP WIDTH="16" VPOS="843" HPOS="432"/>
							<String ID="string_208" HPOS="448" VPOS="849" WIDTH="25" HEIGHT="16" WC="0.93" CONTENT="en"/><SP WIDTH="15" VPOS="849" HPOS="473"/>
							<String ID="string_209" HPOS="488" VPOS="844" WIDTH="95" HEIGHT="27" WC="0.92" CONTENT="jemnare"/><SP WIDTH="16" VPOS="844" HPOS="583"/>
							<String ID="string_210" HPOS="599" VPOS="843" WIDTH="119" HEIGHT="28" WC="0.92" CONTENT="fördelning"/><SP WIDTH="15" VPOS="843" HPOS="718"/>
							<String ID="string_211" HPOS="733" VPOS="843" WIDTH="22" HEIGHT="21" WC="0.93" CONTENT="af"/><SP WIDTH="14" VPOS="843" HPOS="755"/>
							<String ID="string_212" HPOS="769" VPOS="843" WIDTH="105" HEIGHT="27" WC="0.92" CONTENT="besväret,"/>
						</TextLine>
						<TextLine ID="line_23" HPOS="50" VPOS="871" WIDTH="827" HEIGHT="23">
							<String ID="string_213" HPOS="50" VPOS="878" WIDTH="45" HEIGHT="15" WC="0.93" CONTENT="som"/><SP WIDTH="21" VPOS="878" HPOS="95"/>
							<String ID="string_214" HPOS="116" VPOS="871" WIDTH="111" HEIGHT="22" WC="0.90" CONTENT="Utskottet"/><SP WIDTH="21" VPOS="871" HPOS="227"/>
							<String ID="string_215" HPOS="248" VPOS="871" WIDTH="39" HEIGHT="22" WC="0.93" CONTENT="har"/><SP WIDTH="16" VPOS="871" HPOS="287"/>
							<String ID="string_216" HPOS="303" VPOS="872" WIDTH="96" HEIGHT="21" WC="0.90" CONTENT="förordat"/><SP WIDTH="15" VPOS="872" HPOS="399"/>
							<String ID="string_217" HPOS="414" VPOS="872" WIDTH="59" HEIGHT="21" WC="0.96" CONTENT="detta"/><SP WIDTH="16" VPOS="872" HPOS="473"/>
							<String ID="string_218" HPOS="489" VPOS="875" WIDTH="94" HEIGHT="19" WC="0.96" CONTENT="moment"/><SP WIDTH="16" VPOS="875" HPOS="583"/>
							<String ID="string_219" HPOS="599" VPOS="878" WIDTH="33" HEIGHT="15" WC="0.93" CONTENT="om"/><SP WIDTH="16" VPOS="878" HPOS="632"/>
							<String ID="string_220" HPOS="648" VPOS="872" WIDTH="64" HEIGHT="21" WC="0.91" CONTENT="hvars"/><SP WIDTH="15" VPOS="872" HPOS="712"/>
							<String ID="string_221" HPOS="727" VPOS="872" WIDTH="150" HEIGHT="21" WC="0.92" CONTENT="bibehällande"/>
						</TextLine>
						<TextLine ID="line_24" HPOS="51" VPOS="900" WIDTH="389" HEIGHT="27">
							<String ID="string_222" HPOS="51" VPOS="900" WIDTH="136" HEIGHT="22" WC="0.92" CONTENT="oförändradt"/><SP WIDTH="15" VPOS="900" HPOS="187"/>
							<String ID="string_223" HPOS="202" VPOS="900" WIDTH="35" HEIGHT="27" WC="0.93" CONTENT="jag"/><SP WIDTH="16" VPOS="900" HPOS="237"/>
							<String ID="string_224" HPOS="253" VPOS="900" WIDTH="70" HEIGHT="21" WC="0.92" CONTENT="derför"/><SP WIDTH="15" VPOS="900" HPOS="323"/>
							<String ID="string_225" HPOS="338" VPOS="900" WIDTH="102" HEIGHT="22" WC="0.91" CONTENT="anhäller."/>
						</TextLine>
					</TextBlock>
				</ComposedBlock>
				<ComposedBlock ID="cblock_4" HPOS="49" VPOS="957" WIDTH="830" HEIGHT="285">
					<TextBlock ID="block_4" HPOS="49" VPOS="957" WIDTH="830" HEIGHT="285">
						<TextLine ID="line_25" HPOS="119" VPOS="957" WIDTH="759" HEIGHT="28">
							<String ID="string_226" HPOS="119" VPOS="957" WIDTH="55" HEIGHT="21" WC="0.96" CONTENT="Herr"/><SP WIDTH="22" VPOS="957" HPOS="174"/>
							<String ID="string_227" HPOS="196" VPOS="957" WIDTH="179" HEIGHT="27" WC="0.96" CONTENT="Tengström:"/><SP WIDTH="24" VPOS="957" HPOS="375"/>
							<String ID="string_228" HPOS="399" VPOS="957" WIDTH="42" HEIGHT="22" WC="0.96" CONTENT="Det"/><SP WIDTH="22" VPOS="957" HPOS="441"/>
							<String ID="string_229" HPOS="463" VPOS="959" WIDTH="24" HEIGHT="19" WC="0.96" CONTENT="är"/><SP WIDTH="15" VPOS="959" HPOS="487"/>
							<String ID="string_230" HPOS="502" VPOS="958" WIDTH="34" HEIGHT="21" WC="0.93" CONTENT="väl"/><SP WIDTH="16" VPOS="958" HPOS="536"/>
							<String ID="string_231" HPOS="552" VPOS="958" WIDTH="47" HEIGHT="21" WC="0.91" CONTENT="icke"/><SP WIDTH="14" VPOS="958" HPOS="599"/>
							<String ID="string_232" HPOS="613" VPOS="957" WIDTH="106" HEIGHT="28" WC="0.92" CONTENT="förgäfves"/><SP WIDTH="16" VPOS="957" HPOS="719"/>
							<String ID="string_233" HPOS="735" VPOS="964" WIDTH="45" HEIGHT="15" WC="0.93" CONTENT="som"/><SP WIDTH="15" VPOS="964" HPOS="780"/>
							<String ID="string_234" HPOS="795" VPOS="957" WIDTH="83" HEIGHT="22" WC="0.92" CONTENT="Guver-"/>
						</TextLine>
						<TextLine ID="line_26" HPOS="49" VPOS="986" WIDTH="828" HEIGHT="27">
							<String ID="string_235" HPOS="49" VPOS="988" WIDTH="66" HEIGHT="19" WC="0.92" CONTENT="nören"/><SP WIDTH="24" VPOS="988" HPOS="115"/>
							<String ID="string_236" HPOS="139" VPOS="986" WIDTH="54" HEIGHT="21" WC="0.93" CONTENT="skall"/><SP WIDTH="23" VPOS="986" HPOS="193"/>
							<String ID="string_237" HPOS="216" VPOS="986" WIDTH="75" HEIGHT="27" WC="0.92" CONTENT="pröfva"/><SP WIDTH="22" VPOS="986" HPOS="291"/>
							<String ID="string_238" HPOS="313" VPOS="986" WIDTH="39" HEIGHT="21" WC="0.93" CONTENT="och"/><SP WIDTH="23" VPOS="986" HPOS="352"/>
							<String ID="string_239" HPOS="375" VPOS="986" WIDTH="75" HEIGHT="21" WC="0.92" CONTENT="bifalla"/><SP WIDTH="22" VPOS="986" HPOS="450"/>
							<String ID="string_240" HPOS="472" VPOS="987" WIDTH="32" HEIGHT="20" WC="0.96" CONTENT="till"/><SP WIDTH="16" VPOS="987" HPOS="504"/>
							<String ID="string_241" HPOS="520" VPOS="988" WIDTH="32" HEIGHT="19" WC="0.93" CONTENT="ett"/><SP WIDTH="16" VPOS="988" HPOS="552"/>
							<String ID="string_242" HPOS="568" VPOS="987" WIDTH="121" HEIGHT="21" WC="0.93" CONTENT="framstäldt"/><SP WIDTH="15" VPOS="987" HPOS="689"/>
							<String ID="string_243" HPOS="704" VPOS="986" WIDTH="79" HEIGHT="26" WC="0.96" CONTENT="förslag"/><SP WIDTH="14" VPOS="986" HPOS="783"/>
							<String ID="string_244" HPOS="797" VPOS="988" WIDTH="32" HEIGHT="19" WC="0.93" CONTENT="att"/><SP WIDTH="15" VPOS="988" HPOS="829"/>
							<String ID="string_245" HPOS="844" VPOS="987" WIDTH="33" HEIGHT="20" WC="0.91" CONTENT="in-"/>
						</TextLine>
						<TextLine ID="line_27" HPOS="51" VPOS="1014" WIDTH="825" HEIGHT="27">
							<String ID="string_246" HPOS="51" VPOS="1014" WIDTH="92" HEIGHT="22" WC="0.92" CONTENT="skränka"/><SP WIDTH="22" VPOS="1014" HPOS="143"/>
							<String ID="string_247" HPOS="165" VPOS="1014" WIDTH="52" HEIGHT="22" WC="0.93" CONTENT="eller"/><SP WIDTH="22" VPOS="1014" HPOS="217"/>
							<String ID="string_248" HPOS="239" VPOS="1015" WIDTH="109" HEIGHT="21" WC="0.92" CONTENT="utsträcka"/><SP WIDTH="15" VPOS="1015" HPOS="348"/>
							<String ID="string_249" HPOS="363" VPOS="1015" WIDTH="138" HEIGHT="26" WC="0.78" CONTENT="skjutslagen."/><SP WIDTH="32" VPOS="1015" HPOS="501"/>
							<String ID="string_250" HPOS="533" VPOS="1015" WIDTH="46" HEIGHT="22" WC="0.93" CONTENT="Den"/><SP WIDTH="16" VPOS="1015" HPOS="579"/>
							<String ID="string_251" HPOS="595" VPOS="1015" WIDTH="89" HEIGHT="22" WC="0.96" CONTENT="sålunda"/><SP WIDTH="16" VPOS="1015" HPOS="684"/>
							<String ID="string_252" HPOS="700" VPOS="1015" WIDTH="22" HEIGHT="22" WC="0.93" CONTENT="ät"/><SP WIDTH="15" VPOS="1015" HPOS="722"/>
							<String ID="string_253" HPOS="737" VPOS="1015" WIDTH="139" HEIGHT="21" WC="0.96" CONTENT="Guvernören"/>
						</TextLine>
						<TextLine ID="line_28" HPOS="50" VPOS="1043" WIDTH="825" HEIGHT="27">
							<String ID="string_254" HPOS="50" VPOS="1043" WIDTH="97" HEIGHT="22" WC="0.91" CONTENT="lemnade"/><SP WIDTH="20" VPOS="1043" HPOS="147"/>
							<String ID="string_255" HPOS="167" VPOS="1043" WIDTH="124" HEIGHT="27" WC="0.92" CONTENT="pröfningen"/><SP WIDTH="16" VPOS="1043" HPOS="291"/>
							<String ID="string_256" HPOS="307" VPOS="1043" WIDTH="38" HEIGHT="21" WC="0.96" CONTENT="bör"/><SP WIDTH="15" VPOS="1043" HPOS="345"/>
							<String ID="string_257" HPOS="360" VPOS="1045" WIDTH="77" HEIGHT="25" WC="0.96" CONTENT="utgöra"/><SP WIDTH="15" VPOS="1045" HPOS="437"/>
							<String ID="string_258" HPOS="452" VPOS="1045" WIDTH="32" HEIGHT="20" WC="0.93" CONTENT="ett"/><SP WIDTH="14" VPOS="1045" HPOS="484"/>
							<String ID="string_259" HPOS="498" VPOS="1043" WIDTH="73" HEIGHT="22" WC="0.92" CONTENT="säkert"/><SP WIDTH="16" VPOS="1043" HPOS="571"/>
							<String ID="string_260" HPOS="587" VPOS="1044" WIDTH="108" HEIGHT="21" WC="0.92" CONTENT="korrektiv"/><SP WIDTH="16" VPOS="1044" HPOS="695"/>
							<String ID="string_261" HPOS="711" VPOS="1045" WIDTH="57" HEIGHT="20" WC="0.96" CONTENT="emot"/><SP WIDTH="15" VPOS="1045" HPOS="768"/>
							<String ID="string_262" HPOS="783" VPOS="1043" WIDTH="42" HEIGHT="22" WC="0.93" CONTENT="alla"/><SP WIDTH="15" VPOS="1043" HPOS="825"/>
							<String ID="string_263" HPOS="840" VPOS="1044" WIDTH="35" HEIGHT="20" WC="0.93" CONTENT="be-"/>
						</TextLine>
						<TextLine ID="line_29" HPOS="49" VPOS="1071" WIDTH="828" HEIGHT="28">
							<String ID="string_264" HPOS="49" VPOS="1072" WIDTH="73" HEIGHT="21" WC="0.92" CONTENT="farade"/><SP WIDTH="23" VPOS="1072" HPOS="122"/>
							<String ID="string_265" HPOS="145" VPOS="1071" WIDTH="143" HEIGHT="28" WC="0.96" CONTENT="olägenheter,"/><SP WIDTH="21" VPOS="1071" HPOS="288"/>
							<String ID="string_266" HPOS="309" VPOS="1078" WIDTH="44" HEIGHT="15" WC="0.95" CONTENT="som"/><SP WIDTH="16" VPOS="1078" HPOS="353"/>
							<String ID="string_267" HPOS="369" VPOS="1078" WIDTH="76" HEIGHT="20" WC="0.96" CONTENT="genom"/><SP WIDTH="17" VPOS="1078" HPOS="445"/>
							<String ID="string_268" HPOS="462" VPOS="1078" WIDTH="25" HEIGHT="15" WC="0.93" CONTENT="en"/><SP WIDTH="16" VPOS="1078" HPOS="487"/>
							<String ID="string_269" HPOS="503" VPOS="1072" WIDTH="90" HEIGHT="22" WC="0.96" CONTENT="sålunda"/><SP WIDTH="14" VPOS="1072" HPOS="593"/>
							<String ID="string_270" HPOS="607" VPOS="1073" WIDTH="22" HEIGHT="21" WC="0.93" CONTENT="åt"/><SP WIDTH="15" VPOS="1073" HPOS="629"/>
							<String ID="string_271" HPOS="644" VPOS="1072" WIDTH="131" HEIGHT="27" WC="0.92" CONTENT="skjutslagen"/><SP WIDTH="16" VPOS="1072" HPOS="775"/>
							<String ID="string_272" HPOS="791" VPOS="1072" WIDTH="86" HEIGHT="21" WC="0.91" CONTENT="lemnad"/>
						</TextLine>
						<TextLine ID="line_30" HPOS="49" VPOS="1101" WIDTH="828" HEIGHT="26">
							<String ID="string_273" HPOS="49" VPOS="1102" WIDTH="68" HEIGHT="20" WC="0.93" CONTENT="större"/><SP WIDTH="24" VPOS="1102" HPOS="117"/>
							<String ID="string_274" HPOS="141" VPOS="1101" WIDTH="103" HEIGHT="26" WC="0.92" CONTENT="rättighet"/><SP WIDTH="21" VPOS="1101" HPOS="244"/>
							<String ID="string_275" HPOS="265" VPOS="1101" WIDTH="69" HEIGHT="21" WC="0.96" CONTENT="skulle"/><SP WIDTH="22" VPOS="1101" HPOS="334"/>
							<String ID="string_276" HPOS="356" VPOS="1101" WIDTH="72" HEIGHT="21" WC="0.93" CONTENT="kunna"/><SP WIDTH="22" VPOS="1101" HPOS="428"/>
							<String ID="string_277" HPOS="450" VPOS="1101" WIDTH="135" HEIGHT="26" WC="0.92" CONTENT="uppkomma."/><SP WIDTH="31" VPOS="1101" HPOS="585"/>
							<String ID="string_278" HPOS="616" VPOS="1101" WIDTH="32" HEIGHT="21" WC="0.93" CONTENT="En"/><SP WIDTH="20" VPOS="1101" HPOS="648"/>
							<String ID="string_279" HPOS="668" VPOS="1101" WIDTH="111" HEIGHT="22" WC="0.92" CONTENT="Guvernör"/><SP WIDTH="16" VPOS="1101" HPOS="779"/>
							<String ID="string_280" HPOS="795" VPOS="1101" WIDTH="82" HEIGHT="21" WC="0.92" CONTENT="känner"/>
						</TextLine>
						<TextLine ID="line_31" HPOS="49" VPOS="1129" WIDTH="826" HEIGHT="27">
							<String ID="string_281" HPOS="49" VPOS="1129" WIDTH="96" HEIGHT="27" WC="0.96" CONTENT="vanligen"/><SP WIDTH="23" VPOS="1129" HPOS="145"/>
							<String ID="string_282" HPOS="168" VPOS="1135" WIDTH="42" HEIGHT="21" WC="0.96" CONTENT="nog"/><SP WIDTH="22" VPOS="1135" HPOS="210"/>
							<String ID="string_283" HPOS="232" VPOS="1129" WIDTH="37" HEIGHT="22" WC="0.96" CONTENT="sitt"/><SP WIDTH="23" VPOS="1129" HPOS="269"/>
							<String ID="string_284" HPOS="292" VPOS="1129" WIDTH="34" HEIGHT="21" WC="0.96" CONTENT="län"/><SP WIDTH="24" VPOS="1129" HPOS="326"/>
							<String ID="string_285" HPOS="350" VPOS="1129" WIDTH="39" HEIGHT="22" WC="0.95" CONTENT="och"/><SP WIDTH="23" VPOS="1129" HPOS="389"/>
							<String ID="string_286" HPOS="412" VPOS="1129" WIDTH="39" HEIGHT="21" WC="0.95" CONTENT="har"/><SP WIDTH="22" VPOS="1129" HPOS="451"/>
							<String ID="string_287" HPOS="473" VPOS="1129" WIDTH="34" HEIGHT="22" WC="0.93" CONTENT="för"/><SP WIDTH="16" VPOS="1129" HPOS="507"/>
							<String ID="string_288" HPOS="523" VPOS="1129" WIDTH="64" HEIGHT="26" WC="0.95" CONTENT="öfrigt"/><SP WIDTH="15" VPOS="1129" HPOS="587"/>
							<String ID="string_289" HPOS="602" VPOS="1129" WIDTH="82" HEIGHT="22" WC="0.96" CONTENT="tillfälle"/><SP WIDTH="16" VPOS="1129" HPOS="684"/>
							<String ID="string_290" HPOS="700" VPOS="1131" WIDTH="38" HEIGHT="24" WC="0.93" CONTENT="att,"/><SP WIDTH="16" VPOS="1131" HPOS="738"/>
							<String ID="string_291" HPOS="754" VPOS="1129" WIDTH="63" HEIGHT="22" WC="0.95" CONTENT="innan"/><SP WIDTH="16" VPOS="1129" HPOS="817"/>
							<String ID="string_292" HPOS="833" VPOS="1129" WIDTH="42" HEIGHT="21" WC="0.95" CONTENT="han"/>
						</TextLine>
						<TextLine ID="line_32" HPOS="50" VPOS="1157" WIDTH="825" HEIGHT="28">
							<String ID="string_293" HPOS="50" VPOS="1158" WIDTH="66" HEIGHT="21" WC="0.93" CONTENT="fattar"/><SP WIDTH="15" VPOS="1158" HPOS="116"/>
							<String ID="string_294" HPOS="131" VPOS="1158" WIDTH="37" HEIGHT="21" WC="0.97" CONTENT="sitt"/><SP WIDTH="15" VPOS="1158" HPOS="168"/>
							<String ID="string_295" HPOS="183" VPOS="1157" WIDTH="75" HEIGHT="28" WC="0.93" CONTENT="beslut,"/><SP WIDTH="16" VPOS="1157" HPOS="258"/>
							<String ID="string_296" HPOS="274" VPOS="1157" WIDTH="94" HEIGHT="22" WC="0.93" CONTENT="infordra"/><SP WIDTH="15" VPOS="1157" HPOS="368"/>
							<String ID="string_297" HPOS="383" VPOS="1158" WIDTH="110" HEIGHT="21" WC="0.92" CONTENT="utlätande"/><SP WIDTH="16" VPOS="1158" HPOS="493"/>
							<String ID="string_298" HPOS="509" VPOS="1157" WIDTH="22" HEIGHT="22" WC="0.93" CONTENT="af"/><SP WIDTH="14" VPOS="1157" HPOS="531"/>
							<String ID="string_299" HPOS="545" VPOS="1159" WIDTH="153" HEIGHT="26" WC="0.92" CONTENT="kronofogden,"/><SP WIDTH="16" VPOS="1159" HPOS="698"/>
							<String ID="string_300" HPOS="714" VPOS="1158" WIDTH="52" HEIGHT="21" WC="0.96" CONTENT="eller"/><SP WIDTH="16" VPOS="1158" HPOS="766"/>
							<String ID="string_301" HPOS="782" VPOS="1158" WIDTH="41" HEIGHT="21" WC="0.96" CONTENT="kan"/><SP WIDTH="10" VPOS="1158" HPOS="823"/>
							<String ID="string_302" HPOS="833" VPOS="1157" WIDTH="42" HEIGHT="22" WC="0.96" CONTENT="han"/>
						</TextLine>
						<TextLine ID="line_33" HPOS="49" VPOS="1186" WIDTH="830" HEIGHT="27">
							<String ID="string_303" HPOS="49" VPOS="1186" WIDTH="54" HEIGHT="21" WC="0.90" CONTENT="inför"/><SP WIDTH="22" VPOS="1186" HPOS="103"/>
							<String ID="string_304" HPOS="125" VPOS="1187" WIDTH="155" HEIGHT="21" WC="0.91" CONTENT="Häradsrätten"/><SP WIDTH="23" VPOS="1187" HPOS="280"/>
							<String ID="string_305" HPOS="303" VPOS="1186" WIDTH="43" HEIGHT="21" WC="0.92" CONTENT="läta"/><SP WIDTH="23" VPOS="1186" HPOS="346"/>
							<String ID="string_306" HPOS="369" VPOS="1187" WIDTH="53" HEIGHT="20" WC="0.92" CONTENT="höra"/><SP WIDTH="23" VPOS="1187" HPOS="422"/>
							<String ID="string_307" HPOS="445" VPOS="1186" WIDTH="182" HEIGHT="27" WC="0.92" CONTENT="tingslagsboerne"/><SP WIDTH="20" VPOS="1186" HPOS="627"/>
							<String ID="string_308" HPOS="647" VPOS="1187" WIDTH="40" HEIGHT="21" WC="0.96" CONTENT="och"/><SP WIDTH="16" VPOS="1187" HPOS="687"/>
							<String ID="string_309" HPOS="703" VPOS="1187" WIDTH="25" HEIGHT="21" WC="0.96" CONTENT="de"/><SP WIDTH="17" VPOS="1187" HPOS="728"/>
							<String ID="string_310" HPOS="745" VPOS="1187" WIDTH="134" HEIGHT="25" WC="0.96" CONTENT="kommuner,"/>
						</TextLine>
						<TextLine ID="line_34" HPOS="49" VPOS="1215" WIDTH="710" HEIGHT="27">
							<String ID="string_311" HPOS="49" VPOS="1215" WIDTH="84" HEIGHT="21" WC="0.90" CONTENT="hvilkas"/><SP WIDTH="15" VPOS="1215" HPOS="133"/>
							<String ID="string_312" HPOS="148" VPOS="1217" WIDTH="43" HEIGHT="19" WC="0.96" CONTENT="rätt"/><SP WIDTH="15" VPOS="1217" HPOS="191"/>
							<String ID="string_313" HPOS="206" VPOS="1215" WIDTH="41" HEIGHT="21" WC="0.96" CONTENT="kan"/><SP WIDTH="17" VPOS="1215" HPOS="247"/>
							<String ID="string_314" HPOS="264" VPOS="1215" WIDTH="84" HEIGHT="21" WC="0.96" CONTENT="komma"/><SP WIDTH="15" VPOS="1215" HPOS="348"/>
							<String ID="string_315" HPOS="363" VPOS="1215" WIDTH="7" HEIGHT="21" WC="0.93" CONTENT="i"/><SP WIDTH="15" VPOS="1215" HPOS="370"/>
							<String ID="string_316" HPOS="385" VPOS="1215" WIDTH="61" HEIGHT="27" WC="0.92" CONTENT="fräga"/><SP WIDTH="15" VPOS="1215" HPOS="446"/>
							<String ID="string_317" HPOS="461" VPOS="1218" WIDTH="33" HEIGHT="19" WC="0.96" CONTENT="att"/><SP WIDTH="15" VPOS="1218" HPOS="494"/>
							<String ID="string_318" HPOS="509" VPOS="1215" WIDTH="23" HEIGHT="22" WC="0.93" CONTENT="af"/><SP WIDTH="13" VPOS="1215" HPOS="532"/>
							<String ID="string_319" HPOS="545" VPOS="1216" WIDTH="103" HEIGHT="26" WC="0.93" CONTENT="ätgärden"/><SP WIDTH="17" VPOS="1216" HPOS="648"/>
							<String ID="string_320" HPOS="665" VPOS="1215" WIDTH="94" HEIGHT="22" WC="0.91" CONTENT="beröras."/>
						</TextLine>
					</TextBlock>
				</ComposedBlock>
				<ComposedBlock ID="cblock_5" HPOS="118" VPOS="1267" WIDTH="666" HEIGHT="27">
					<TextBlock ID="block_5" HPOS="118" VPOS="1267" WIDTH="666" HEIGHT="27">
						<TextLine ID="line_35" HPOS="118" VPOS="1267" WIDTH="666" HEIGHT="27">
							<String ID="string_321" HPOS="118" VPOS="1267" WIDTH="56" HEIGHT="21" WC="0.96" CONTENT="Herr"/><SP WIDTH="15" VPOS="1267" HPOS="174"/>
							<String ID="string_322" HPOS="189" VPOS="1267" WIDTH="147" HEIGHT="22" WC="0.93" CONTENT="Snellman"/><SP WIDTH="16" VPOS="1267" HPOS="336"/>
							<String ID="string_323" HPOS="352" VPOS="1267" WIDTH="102" HEIGHT="22" WC="0.93" CONTENT="förenade"/><SP WIDTH="15" VPOS="1267" HPOS="454"/>
							<String ID="string_324" HPOS="469" VPOS="1267" WIDTH="32" HEIGHT="27" WC="0.96" CONTENT="sig"/><SP WIDTH="16" VPOS="1267" HPOS="501"/>
							<String ID="string_325" HPOS="517" VPOS="1267" WIDTH="48" HEIGHT="21" WC="0.96" CONTENT="med"/><SP WIDTH="16" VPOS="1267" HPOS="565"/>
							<String ID="string_326" HPOS="581" VPOS="1267" WIDTH="55" HEIGHT="21" WC="0.96" CONTENT="Herr"/><SP WIDTH="15" VPOS="1267" HPOS="636"/>
							<String ID="string_327" HPOS="651" VPOS="1267" WIDTH="133" HEIGHT="27" WC="0.95" CONTENT="Tengström."/>
						</TextLine>
					</TextBlock>
				</ComposedBlock>
				<ComposedBlock ID="cblock_6" HPOS="49" VPOS="1318" WIDTH="826" HEIGHT="50">
					<TextBlock ID="block_6" HPOS="49" VPOS="1318" WIDTH="826" HEIGHT="50">
						<TextLine ID="line_36" HPOS="117" VPOS="1318" WIDTH="758" HEIGHT="27">
							<String ID="string_328" HPOS="117" VPOS="1319" WIDTH="57" HEIGHT="20" WC="0.96" CONTENT="Herr"/><SP WIDTH="15" VPOS="1319" HPOS="174"/>
							<String ID="string_329" HPOS="189" VPOS="1318" WIDTH="139" HEIGHT="22" WC="0.96" CONTENT="Molander:"/><SP WIDTH="16" VPOS="1318" HPOS="328"/>
							<String ID="string_330" HPOS="344" VPOS="1319" WIDTH="40" HEIGHT="26" WC="0.96" CONTENT="Jag"/><SP WIDTH="16" VPOS="1319" HPOS="384"/>
							<String ID="string_331" HPOS="400" VPOS="1319" WIDTH="38" HEIGHT="21" WC="0.93" CONTENT="ber"/><SP WIDTH="16" VPOS="1319" HPOS="438"/>
							<String ID="string_332" HPOS="454" VPOS="1319" WIDTH="96" HEIGHT="21" WC="0.92" CONTENT="deremot"/><SP WIDTH="15" VPOS="1319" HPOS="550"/>
							<String ID="string_333" HPOS="565" VPOS="1320" WIDTH="32" HEIGHT="20" WC="0.96" CONTENT="att"/><SP WIDTH="15" VPOS="1320" HPOS="597"/>
							<String ID="string_334" HPOS="612" VPOS="1318" WIDTH="33" HEIGHT="21" WC="0.96" CONTENT="för"/><SP WIDTH="15" VPOS="1318" HPOS="645"/>
							<String ID="string_335" HPOS="660" VPOS="1319" WIDTH="43" HEIGHT="20" WC="0.96" CONTENT="min"/><SP WIDTH="17" VPOS="1319" HPOS="703"/>
							<String ID="string_336" HPOS="720" VPOS="1319" WIDTH="33" HEIGHT="20" WC="0.86" CONTENT="del"/><SP WIDTH="13" VPOS="1319" HPOS="753"/>
							<String ID="string_337" HPOS="766" VPOS="1318" WIDTH="21" HEIGHT="21" WC="0.93" CONTENT="få"/><SP WIDTH="12" VPOS="1318" HPOS="787"/>
							<String ID="string_338" HPOS="799" VPOS="1318" WIDTH="76" HEIGHT="21" WC="0.90" CONTENT="under-"/>
						</TextLine>
						<TextLine ID="line_37" HPOS="49" VPOS="1347" WIDTH="245" HEIGHT="21">
							<String ID="string_339" HPOS="49" VPOS="1347" WIDTH="62" HEIGHT="21" WC="0.92" CONTENT="stöda"/><SP WIDTH="16" VPOS="1347" HPOS="111"/>
							<String ID="string_340" HPOS="127" VPOS="1347" WIDTH="55" HEIGHT="21" WC="0.96" CONTENT="Herr"/><SP WIDTH="14" VPOS="1347" HPOS="182"/>
							<String ID="string_341" HPOS="196" VPOS="1347" WIDTH="98" HEIGHT="21" WC="0.96" CONTENT="Jansson."/>
						</TextLine>
					</TextBlock>
				</ComposedBlock>
				<ComposedBlock ID="cblock_7" HPOS="49" VPOS="1397" WIDTH="828" HEIGHT="58">
					<TextBlock ID="block_7" HPOS="49" VPOS="1397" WIDTH="828" HEIGHT="58">
						<TextLine ID="line_38" HPOS="118" VPOS="1397" WIDTH="759" HEIGHT="23">
							<String ID="string_342" HPOS="118" VPOS="1398" WIDTH="69" HEIGHT="22" WC="0.93" CONTENT="Sedan"/><SP WIDTH="23" VPOS="1398" HPOS="187"/>
							<String ID="string_343" HPOS="210" VPOS="1399" WIDTH="146" HEIGHT="21" WC="0.90" CONTENT="diskussionen"/><SP WIDTH="25" VPOS="1399" HPOS="356"/>
							<String ID="string_344" HPOS="381" VPOS="1399" WIDTH="89" HEIGHT="21" WC="0.90" CONTENT="härmed"/><SP WIDTH="25" VPOS="1399" HPOS="470"/>
							<String ID="string_345" HPOS="495" VPOS="1398" WIDTH="114" HEIGHT="22" WC="0.91" CONTENT="förklarats"/><SP WIDTH="25" VPOS="1398" HPOS="609"/>
							<String ID="string_346" HPOS="634" VPOS="1398" WIDTH="94" HEIGHT="22" WC="0.92" CONTENT="afslutad"/><SP WIDTH="24" VPOS="1398" HPOS="728"/>
							<String ID="string_347" HPOS="752" VPOS="1397" WIDTH="125" HEIGHT="22" WC="0.92" CONTENT="framstälde"/>
						</TextLine>
						<TextLine ID="line_39" HPOS="49" VPOS="1427" WIDTH="509" HEIGHT="28">
							<String ID="string_348" HPOS="49" VPOS="1427" WIDTH="54" HEIGHT="21" WC="0.93" CONTENT="Herr"/><SP WIDTH="16" VPOS="1427" HPOS="103"/>
							<String ID="string_349" HPOS="119" VPOS="1427" WIDTH="176" HEIGHT="22" WC="0.90" CONTENT="Talmannen"/><SP WIDTH="15" VPOS="1427" HPOS="295"/>
							<String ID="string_350" HPOS="310" VPOS="1428" WIDTH="33" HEIGHT="21" WC="0.93" CONTENT="till"/><SP WIDTH="16" VPOS="1428" HPOS="343"/>
							<String ID="string_351" HPOS="359" VPOS="1427" WIDTH="91" HEIGHT="22" WC="0.93" CONTENT="Ständet"/><SP WIDTH="15" VPOS="1427" HPOS="450"/>
							<String ID="string_352" HPOS="465" VPOS="1427" WIDTH="93" HEIGHT="28" WC="0.97" CONTENT="följande"/>
						</TextLine>
					</TextBlock>
				</ComposedBlock>
				<ComposedBlock ID="cblock_8" HPOS="48" VPOS="1483" WIDTH="830" HEIGHT="57">
					<TextBlock ID="block_8" HPOS="48" VPOS="1483" WIDTH="830" HEIGHT="57">
						<TextLine ID="line_40" HPOS="117" VPOS="1483" WIDTH="761" HEIGHT="28">
							<String ID="string_353" HPOS="117" VPOS="1484" WIDTH="172" HEIGHT="27" WC="0.95" CONTENT="Proposition:"/><SP WIDTH="24" VPOS="1484" HPOS="289"/>
							<String ID="string_354" HPOS="313" VPOS="1485" WIDTH="31" HEIGHT="21" WC="0.96" CONTENT="De"/><SP WIDTH="15" VPOS="1485" HPOS="344"/>
							<String ID="string_355" HPOS="359" VPOS="1491" WIDTH="45" HEIGHT="14" WC="0.93" CONTENT="som"/><SP WIDTH="16" VPOS="1491" HPOS="404"/>
							<String ID="string_356" HPOS="420" VPOS="1484" WIDTH="115" HEIGHT="27" WC="0.96" CONTENT="godkänna"/><SP WIDTH="15" VPOS="1484" HPOS="535"/>
							<String ID="string_357" HPOS="550" VPOS="1484" WIDTH="66" HEIGHT="21" WC="0.93" CONTENT="första"/><SP WIDTH="15" VPOS="1484" HPOS="616"/>
							<String ID="string_358" HPOS="631" VPOS="1484" WIDTH="83" HEIGHT="27" WC="0.96" CONTENT="stycket"/><SP WIDTH="16" VPOS="1484" HPOS="714"/>
							<String ID="string_359" HPOS="730" VPOS="1484" WIDTH="6" HEIGHT="21" WC="0.89" CONTENT="i"/><SP WIDTH="17" VPOS="1484" HPOS="736"/>
							<String ID="string_360" HPOS="753" VPOS="1484" WIDTH="12" HEIGHT="27" WC="0.55" CONTENT="$"/><SP WIDTH="16" VPOS="1484" HPOS="765"/>
							<String ID="string_361" HPOS="781" VPOS="1485" WIDTH="12" HEIGHT="20" WC="0.97" CONTENT="3"/><SP WIDTH="16" VPOS="1485" HPOS="793"/>
							<String ID="string_362" HPOS="809" VPOS="1483" WIDTH="69" HEIGHT="27" WC="0.96" CONTENT="enligt"/>
						</TextLine>
						<TextLine ID="line_41" HPOS="48" VPOS="1511" WIDTH="829" HEIGHT="29">
							<String ID="string_363" HPOS="48" VPOS="1513" WIDTH="120" HEIGHT="22" WC="0.93" CONTENT="Utskottets"/><SP WIDTH="22" VPOS="1513" HPOS="168"/>
							<String ID="string_364" HPOS="190" VPOS="1513" WIDTH="79" HEIGHT="27" WC="0.93" CONTENT="förslag"/><SP WIDTH="15" VPOS="1513" HPOS="269"/>
							<String ID="string_365" HPOS="284" VPOS="1519" WIDTH="62" HEIGHT="16" WC="0.92" CONTENT="svara"/><SP WIDTH="13" VPOS="1519" HPOS="346"/>
							<String ID="string_366" HPOS="359" VPOS="1513" WIDTH="35" HEIGHT="27" WC="0.93" CONTENT="ja;"/><SP WIDTH="17" VPOS="1513" HPOS="394"/>
							<String ID="string_367" HPOS="411" VPOS="1513" WIDTH="73" HEIGHT="21" WC="0.92" CONTENT="vinner"/><SP WIDTH="15" VPOS="1513" HPOS="484"/>
							<String ID="string_368" HPOS="499" VPOS="1513" WIDTH="50" HEIGHT="27" WC="0.96" CONTENT="nej,"/><SP WIDTH="17" VPOS="1513" HPOS="549"/>
							<String ID="string_369" HPOS="566" VPOS="1519" WIDTH="61" HEIGHT="16" WC="0.93" CONTENT="anses"/><SP WIDTH="16" VPOS="1519" HPOS="627"/>
							<String ID="string_370" HPOS="643" VPOS="1512" WIDTH="181" HEIGHT="27" WC="0.92" CONTENT="Borgareständet"/><SP WIDTH="15" VPOS="1512" HPOS="824"/>
							<String ID="string_371" HPOS="839" VPOS="1511" WIDTH="38" HEIGHT="22" WC="0.91" CONTENT="be-"/>
						</TextLine>
					</TextBlock>
				</ComposedBlock>
			</PrintSpace>
		</Page>
	</Layout>
</alto>
