1070 1795
188 116 42 21 982
403 120 179 21 Borgareståndet
595 121 54 17 1877.
674 121 12 16 3
699 121 97 17 Oktober.

577 213 10 25 8
605 213 32 20 14.

260 269 78 21 Mom.
357 270 9 19 1
386 270 76 25 antogs
478 270 51 20 utan
545 268 125 22 diskussion.

505 343 168 20 Momentet
688 343 20 20 2.

261 406 56 22 Herr
332 405 145 27 Procopé:
509 405 74 21 Ehuru
597 405 35 27 jag
648 405 105 22 erkänner
769 407 32 19 att
817 405 36 21 det
863 411 49 16 vore
924 405 94 22 utmärkt

192 435 40 21 bra
251 434 33 21 för
306 435 77 26 fattiga
402 434 58 25 barn,
477 436 32 19 att
525 435 26 20 de
566 436 68 19 sättas
649 434 5 20 i
670 434 126 25 folkskolan,
813 440 62 15 anser
887 434 37 27 jag
938 436 31 19 ett
985 435 33 20 så-

193 463 51 21 dant
262 463 126 26 stadgande,
411 469 45 14 som
479 462 39 21 här
539 464 24 19 är
579 462 120 27 föreslaget,
716 463 54 20 dock
787 462 94 21 medföra
897 463 61 21 svåra
973 463 46 20 olä-

191 491 104 27 genheter
317 491 27 27 på
361 491 77 25 landet,
456 491 37 21 der
508 491 91 21 socknen
616 493 24 18 är
655 494 45 18 stor
716 491 39 21 och
771 491 116 21 folkskolor
902 491 46 21 icke
963 493 55 19 ännu

192 520 68 21 finnas
283 521 7 20 i
310 519 124 27 tillräckligt
456 520 65 21 antal.
551 519 41 27 Jag
614 519 68 22 skulle
704 520 71 21 derför
797 519 78 22 föreslå
898 521 30 20 ett
946 519 72 26 tillägg

193 549 137 26 hvarigenom
346 549 66 20 slutet
427 548 21 21 af
463 555 62 14 mom.
541 548 84 21 komme
642 551 31 18 att
689 548 57 27 lyda:
763 548 50 26 ,och
829 548 38 21 bör
879 547 73 22 barnet
963 548 56 26 förty

192 577 90 22 beredas
307 577 93 21 tillträde
424 577 32 20 till
474 576 113 25 folkskola,
606 577 37 20 der
660 577 66 20 sådan
742 577 67 20 finnes
824 577 6 20 i
846 577 126 20 kommunen
988 576 31 21 in-

191 606 78 23 rättad,
293 605 38 22 och
355 605 77 22 sådant
454 607 51 19 utan
524 605 106 27 synnerlig
646 605 114 27 olägenhet
775 605 37 20 ske
827 605 62 21 kan".
920 605 41 21 Det
976 605 42 20 kan

192 635 45 20 ofta
252 634 65 21 blifva
338 634 94 21 särdeles
447 633 135 27 betungande
597 634 33 21 för
645 634 142 27 fattigvården
801 635 31 20 att
847 635 55 20 sätta
918 633 79 22 barnen
1013 634 5 19 i

191 663 107 21 folkskola
314 663 36 21 der
366 663 56 21 blott
437 669 26 14 en
479 662 57 27 dylik
552 662 72 21 finnes.

262 720 55 21 Herr
340 719 163 27 Lindberg:
534 719 40 27 Jag
595 719 35 21 vill
646 719 94 22 erkänna
756 721 32 20 att
803 719 130 28 svårigheter
948 719 71 21 kunna

193 748 123 25 förefinnas;
340 755 48 14 men
411 755 62 14 anser
495 748 54 21 dock
572 748 98 21 behofvet
686 748 22 21 af
722 749 103 26 skolgång
841 749 38 20 och
896 748 122 27 uppfostran

196 777 33 21 för
253 777 62 21 dessa
337 777 140 26 vanvårdade,
500 777 23 20 åt
545 776 141 27 fattigvården
710 777 97 21 lemnade
822 777 59 27 barn,
897 783 50 14 vara
962 779 57 18 ännu

190 807 72 20 större
278 807 26 19 än
319 806 69 20 under
403 805 83 27 vanliga
501 805 153 26 förhållanden,
669 805 39 22 och
725 805 72 22 derför
812 805 53 21 böra
879 805 140 27 fattigvården

195 834 39 21 och
258 834 127 21 kommunen
407 834 46 21 icke
472 834 79 27 skygga
575 834 33 21 för
631 834 25 21 de
679 834 89 27 utgifter
789 834 73 21 härvid
885 834 71 21 kunna
971 834 48 21 dem

193 863 124 26 ytterligare
340 862 133 27 tillskyndas,
493 863 36 26 jag
549 862 97 22 förordar
667 865 33 19 att
720 863 123 21 Utskottets
863 862 156 22 betänkande
1008 858 14 36 i

194 891 69 22 denna
278 891 67 27 punkt
361 891 66 21 måtte
442 893 95 25 antagas.

262 954 70 21 Sedan
349 953 146 22 diskussionen
511 953 116 22 förklarats
643 953 99 27 afslutad,
760 953 123 22 framstälde
899 953 48 22 herr
961 953 58 22 Tal-

192 989 114 14 mannen
322 982 100 27 följande:

262 1039 202 27 Proposition:
495 1039 32 21 De
550 1045 45 16 som
616 1039 114 26 godkänna
746 1046 63 14 mom.
826 1040 12 20 2
854 1039 7 21 i
877 1041 12 24 &
906 1041 32 24 14,
954 1040 66 26 enligt

192 1068 122 21 Utskottets
337 1068 79 26 förslag
432 1074 61 15 svara
506 1068 33 26 ja;
556 1068 74 21 vinner
645 1068 40 27 nej,
702 1074 63 15 anses
780 1069 117 20 momentet
911 1068 109 26 godkändt

193 1097 48 20 med
266 1099 30 18 ett
313 1097 23 21 sä
352 1096 90 27 lydande
459 1096 81 27 tillägg:
558 1097 52 25 ,och
626 1097 76 21 sådant
718 1099 52 19 utan
787 1097 106 26 synnerlig
908 1096 112 27 olägenhet

192 1125 38 21 ske
245 1125 62 21 kan".

262 1183 41 20 Vid
320 1182 85 22 anstäld
426 1167 137 47 omröstning,
579 1182 127 22 besvarades
719 1182 159 28 propositionen
894 1183 47 21 med
957 1184 26 20 27
997 1183 23 26 ja

191 1211 39 22 och
248 1211 26 21 14
290 1211 40 27 nej.

262 1269 64 20 Emot
342 1267 93 22 beslutet
452 1269 106 21 anmäldes
574 1269 130 21 reservation
720 1269 24 21 af
759 1268 49 21 herr
823 1268 142 22 Snellman.

575 1355 11 25 $
604 1354 32 21 15.

262 1411 56 21 Herr
340 1411 139 27 Procopé:
509 1411 40 26 Jag
572 1411 68 21 skulle
662 1412 67 20 önska
751 1412 32 20 att
801 1411 42 21 5:te
864 1411 100 26 punkten,
985 1411 36 21 der

191 1439 36 22 det
243 1441 24 20 är
283 1439 119 26 föreslaget,
419 1442 32 19 att
465 1439 217 28 fattigvårdstyrelsen
699 1439 71 22 skulle
785 1439 77 27 åligga,
878 1442 32 19 att
925 1441 97 20 meddela

194 1467 138 22 Guvernören
355 1469 6 20 i
381 1469 58 20 länet
461 1468 40 21 alla
524 1469 24 20 de
569 1469 152 26 upplysningar
740 1468 43 21 han
804 1468 86 26 äskade,
907 1468 66 21 skulle
989 1474 32 14 er-

192 1497 60 21 hålla
269 1497 92 27 följande
377 1497 127 22 förändrade
520 1497 88 27 lydelse:
625 1499 43 25 ,att
682 1497 101 21 meddela
794 1497 157 21 vederbörande
962 1502 58 21 myn-
