1070 1795
274 121 180 22 Borgareståndet
466 122 56 17 1877.
546 122 27 18 20
586 121 96 20 Oktober.
839 116 53 21 1251

65 191 83 26 igenom
165 190 36 21 det
216 190 68 21 skulle
305 191 87 20 komma
414 192 32 19 att
465 192 78 25 utgöra
558 197 26 14 en
601 190 156 21 mönsterskola
773 190 33 21 för
822 189 71 28 dylika

65 219 143 26 inrättningar
224 219 6 21 i
246 219 26 21 de
288 221 58 19 östra
362 219 88 21 delarna
465 219 24 21 af
503 219 78 21 landet.
607 219 67 21 Dessa
689 219 121 21 landsorter
825 218 68 21 skulle

65 247 95 26 sålunda,
173 247 80 22 istället
268 249 32 20 att
313 247 81 22 erhålla
410 247 55 22 blott
481 249 32 20 ett
523 248 143 25 seminarium,
677 247 101 21 hvarutaf
787 248 26 21 de
824 246 69 23 skulle

65 275 64 22 hafva
145 275 61 28 högst
222 276 59 27 ringa
297 275 123 22 omedelbar
438 278 67 25 nytta,
529 276 88 21 emedan
631 276 152 26 jemförelsevis
800 276 21 21 få
837 275 56 22 folk-

65 305 73 21 skolor
153 304 67 22 finnas
235 305 105 21 inrättade
356 305 6 20 i
379 305 63 20 dessa
463 305 89 22 trakter,
568 305 6 20 i
591 304 115 27 synnerhet
718 306 58 19 öster
791 311 34 15 om
843 304 50 22 Sor-

65 333 82 26 davala,
163 333 89 22 beredas
268 333 88 26 tillgång
371 333 55 21 både
442 333 32 21 till
490 333 134 22 seminarium
640 333 39 21 och
696 333 31 21 till
742 339 25 15 en
779 333 113 24 folkskola,

65 368 45 15 som
126 362 70 21 kunde
212 368 62 15 anses
289 362 70 21 såsom
376 368 26 15 en
418 362 213 26 mönsterinrättning
646 362 33 21 för
694 362 86 21 sådana.
811 362 32 21 De
854 361 39 22 lät-

65 393 46 18 tare
127 390 234 21 kommunikationerna
383 390 65 21 hafva
471 391 65 21 redan
560 390 69 21 blifvit
644 390 133 26 framhållna,
793 396 48 15 men
857 390 36 21 det

65 419 66 27 gifves
152 421 56 19 ännu
232 422 31 18 ett
284 420 67 26 tredje
373 419 55 27 skäl,
450 426 45 14 som
518 419 61 21 äfven
601 421 23 19 är
646 419 21 21 af
684 420 80 26 ganska
780 421 45 19 stor
841 418 50 27 vigt,

65 448 104 26 nemligen'
192 450 33 19 att
247 448 231 21 lefnadskostnaderna
500 449 69 20 såsom
593 448 79 21 bekant
687 450 37 19 äro
740 448 48 21 vida
804 448 65 26 högre
885 448 8 20 i

65 476 116 22 Sordavala
196 478 27 19 än
239 477 7 20 i
261 475 92 28 Nyslott.
385 476 31 21 På
439 477 42 20 alla
497 477 61 20 dessa
575 477 46 20 skäl
637 478 23 19 är
676 477 42 20 min
734 475 113 23 bestämda
861 475 32 22 öf-

64 505 124 27 vertygelse,
203 507 32 19 att
251 505 35 21 det
302 505 46 21 icke
364 505 42 21 kan
422 505 69 21 finnas
507 505 69 26 någon
592 505 124 26 lämpligare
733 507 33 19 ort
777 505 33 21 för
822 505 70 26 place-

64 534 73 26 ringen
152 534 22 21 af
188 534 36 21 det
240 533 119 27 föreslagna
374 540 42 20 nya
434 534 123 21 seminariet
573 535 26 19 än
614 534 75 21 staden
705 534 86 26 Nyslott
806 535 38 20 och
859 533 34 21 får

61 563 37 26 jag
119 563 32 20 för
172 563 43 20 min
239 562 33 21 del
294 562 82 21 således
399 562 93 27 förorda,
516 565 32 18 att
570 563 31 20 uti
624 563 70 20 denna
709 562 34 21 del
758 563 39 21 den
813 562 79 26 nådiga

64 591 162 27 Propositionen
242 590 67 22 blefve
324 593 98 24 antagen.

133 648 55 21 Herr
211 648 113 27 Nybom:
356 647 79 22 Såvida
459 648 47 21 icke
529 648 116 27 någonting
667 647 24 22 af
712 647 55 22 Herr
782 647 109 22 Lindelöfs

64 677 136 26 andragande
215 676 68 21 skulle
298 676 63 21 hafva
376 677 92 26 undgått
487 677 49 26 mig,
553 677 23 20 så
592 675 67 22 finner
672 677 37 26 jag
724 679 32 18 att
771 677 56 20 Herr
841 676 50 21 Lin-

64 705 59 21 delöf
136 705 119 27 egentligen
271 705 39 21 har
325 705 93 27 angripit
434 711 89 21 svagare
538 705 40 21 och
593 705 119 21 sekundära
727 705 53 26 skäl,
795 711 46 15 som
852 705 38 21 Ut-

63 734 82 21 skottet
168 734 112 26 framstält,
304 740 47 15 men
375 734 47 21 icke
446 734 35 21 det
497 740 45 15 som
555 734 37 27 jag
607 734 136 26 åtminstone,
760 722 27 33 då
802 734 89 21 ärendet

63 762 144 21 behandlades
232 763 56 20 inom
313 762 119 26 Utskottet,
449 763 67 26 ansåg
531 762 32 21 för
579 763 36 20 det
631 751 112 38 vigtigaste
756 763 33 21 för
805 762 86 21 skolans

63 791 138 27 förläggande
217 791 31 21 till
265 791 123 22 Sordavala.
420 779 42 33 Det
477 779 114 34 återfinnes
607 791 26 26 på
648 791 39 21 sid.
703 791 27 22 20
746 791 6 21 i
768 791 123 21 Utskottets

63 819 135 22 betänkande
214 819 40 22 och
269 820 59 26 lyder
343 820 100 21 sålunda:
467 827 37 20 jen
527 820 65 33 högre
608 819 185 27 bildningsanstalt
808 819 83 28 förlagd

63 849 33 20 till
112 849 67 21 denna
194 848 96 21 landsort
305 848 74 26 skulle,
403 849 68 26 enligt
491 849 54 20 hvad
562 846 48 23 man
626 849 28 26 på
668 849 68 26 grund
752 848 23 21 af
789 849 42 20 alla
846 849 45 20 län-

63 877 48 21 ders
133 877 39 21 och
195 877 63 21 tiders
280 865 120 33 erfarenhet
423 879 24 19 är
470 877 120 26 berättigad
613 879 31 19 att
666 880 84 23 antaga,
765 879 77 25 utgöra
857 879 32 19 ett

63 905 90 27 kraftigt
168 905 69 22 medel
253 908 32 19 att
300 905 104 28 befrämja
420 894 141 38 bildningens
571 905 109 27 spridning
695 905 65 22 bland
770 905 121 22 befolknin-

62 941 41 20 gen
120 933 37 22 och
174 934 76 27 bringa
272 935 123 20 densamma
410 935 8 20 i
433 937 99 18 närmare
554 934 72 27 andlig
647 934 129 21 förbindelse
791 935 48 20 med
855 940 36 15 ve-
908 957 3 2 .

62 965 45 19 stra
131 963 61 21 delen
215 963 21 21 af
258 963 92 21 landet."
382 963 151 21 Donatorerne
551 963 24 21 af
589 963 39 21 den
644 963 46 21 icke
706 963 121 27 obetydliga
842 969 49 20 pos-

62 991 107 21 sessionen
193 991 33 22 vid
253 991 116 22 Sordavala
392 991 65 22 hafva
480 992 71 26 också,
575 992 27 21 då
617 991 26 22 de
658 991 74 27 gjorde
755 992 135 25 donationen,

63 1019 46 22 haft
125 1020 176 27 hufvudsakligen
318 1021 59 20 detta
393 1021 43 20 mål
449 1020 7 21 i
473 1021 60 25 sigte.
564 1021 43 20 Det
622 1020 60 21 heter
698 1020 27 27 på
740 1026 47 21 pag.
804 1021 25 20 18
841 1020 7 21 i
859 1022 32 19 ett

63 1048 52 21 citat
139 1055 25 14 ur
190 1049 234 21 donationsurkunden:
455 1049 44 27 ,Då
521 1055 28 15 nu
570 1049 82 21 landets
676 1051 58 19 östra
757 1049 58 20 delar
830 1049 60 20 äro
879 1044 15 37 i

63 1077 80 21 saknad
158 1077 22 21 af
195 1077 71 28 hvarje
288 1077 65 27 högre
377 1077 173 27 skolinrättning,
572 1078 38 21 och
626 1083 26 15 en
668 1077 186 27 bildningsanstalt
869 1077 23 21 af

62 1105 160 28 ifrågavarande
239 1106 145 21 beskaffenhet
400 1106 160 27 otvifvelaktigt
571 1106 74 24 skulle,
655 1106 57 21 inom
724 1107 61 20 dessa
795 1105 95 27 aflägsna

63 1135 39 20 och
118 1134 122 21 vanlottade
256 1137 64 24 orter,
336 1141 52 15 vara
404 1135 69 26 egnad
489 1137 32 19 att
537 1135 107 21 verksamt
667 1135 87 26 bidraga
769 1134 33 21 till
817 1134 73 27 höjan-

63 1163 36 21 det
113 1163 24 21 af
151 1163 173 28 folkbildningen,
348 1163 87 21 hvilken
460 1164 37 21 der
521 1165 72 26 tyvärr
616 1163 44 21 står
682 1163 58 27 lägre
756 1165 25 18 än
797 1163 6 21 i
819 1163 70 26 någon

62 1198 70 15 annan
148 1192 57 21 trakt
220 1191 22 22 af
255 1192 79 26 landet,
350 1198 63 21 synes
429 1193 71 20 denna
515 1192 188 27 behjertansvärda
725 1191 164 26 omständighet,

62 1223 52 18 utan
129 1221 67 20 andra
212 1220 52 27 skäl,
280 1221 44 21 tala
339 1221 33 21 för
387 1221 150 26 förläggandet
553 1221 22 21 af
589 1223 30 19 ett
634 1220 255 22 tolkskolläraresemina-

61 1249 55 21 rium
140 1249 57 21 inom
221 1249 116 22 Sordavala
360 1250 70 21 stad".
461 1249 42 22 Det
523 1251 24 20 är
566 1249 119 27 uppenbart
700 1251 32 19 att
748 1249 141 21 donatorerne

51 1277 50 29 och
117 1277 60 22 äfven
194 1277 110 22 Utskottet
323 1278 42 21 fäst
384 1281 46 18 stor
448 1278 46 26 vigt
517 1278 72 21 dervid
605 1280 32 19 att
652 1284 26 15 en
693 1278 66 26 högre
775 1277 114 27 bildnings-

61 1307 80 20 anstalt
157 1306 67 21 skulle
240 1307 105 26 förläggas
360 1307 24 21 sä
401 1309 53 19 nära
469 1307 84 21 landets
568 1308 64 25 gräns
648 1313 44 14 som
708 1306 89 27 möjligt,
813 1306 33 21 för
856 1307 33 20 att

61 1335 151 26 befolkningen
236 1335 37 21 der
296 1335 34 21 mä
353 1335 55 21 både
432 1335 61 27 höjas
508 1336 8 20 i
531 1335 95 26 bildning
641 1335 38 21 och
696 1335 101 26 derjemte
821 1335 68 21 denna

61 1362 95 28 bildning
178 1364 102 25 gestaltas
303 1364 29 26 sä,
353 1366 33 19 att
408 1364 151 26 befolkningen
576 1370 58 15 mera
649 1366 84 18 närmar
748 1363 32 27 sig
795 1362 40 22 och
851 1368 38 15 an-

61 1392 66 22 sluter
142 1393 32 26 sig
189 1393 31 20 till
236 1393 83 21 landets
342 1393 69 26 öfriga
434 1392 132 27 befolkning.
595 1392 31 21 Pä
648 1393 61 20 dessa
731 1392 46 21 skäl
800 1391 39 22 har
851 1391 38 27 jag

61 1421 47 22 icke
125 1421 79 27 tvekat,
219 1423 32 19 att
266 1421 89 26 bidraga
370 1421 33 21 till
418 1421 125 22 Utskottets
559 1421 79 26 förslag
653 1421 132 21 beträffande
797 1419 90 28 platsen.

61 1449 86 28 Nyslott
170 1452 24 19 är
216 1450 122 27 visserligen
360 1449 58 22 hvad
442 1450 59 27 läget
523 1449 101 22 beträffar
639 1456 26 15 en
680 1449 87 27 lämplig
783 1450 41 25 ort,
840 1454 48 15 men

60 1481 52 18 utan
136 1478 72 22 tvifvel
230 1478 54 21 skall
307 1478 65 21 också
396 1479 71 20 denna
487 1479 47 21 stad
550 1478 44 21 förr
609 1478 51 21 eller
675 1484 75 15 senare
765 1477 66 22 blifva
845 1476 43 22 till-

61 1507 109 26 godosedd
185 1507 47 22 med
248 1507 80 21 sädana
344 1507 154 22 läroanstalter
513 1513 45 16 som
574 1507 36 21 der
625 1507 73 21 kunna
713 1506 107 22 behöfvas.
845 1505 44 22 Det
