<?xml version="1.0" encoding="UTF-8"?>
<alto xmlns="http://www.loc.gov/standards/alto/ns-v3#" xmlns:xlink="http://www.w3.org/1999/xlink" xmlns:xsi="http://www.w3.org/2001/XMLSchema-instance" xsi:schemaLocation="http://www.loc.gov/standards/alto/ns-v3# http://www.loc.gov/alto/v3/alto-3-0.xsd">
	<Description>
		<MeasurementUnit>pixel</MeasurementUnit>
		<sourceImageInformation>
			<fileName>/tmp/tess_4e7jfmiy_input.PNG</fileName>
		</sourceImageInformation>
		<OCRProcessing ID="OCR_0">
			<ocrProcessingStep>
				<processingSoftware>
					<softwareName>tesseract 5.3.4</softwareName>
				</processingSoftware>
			</ocrProcessingStep>
		</OCRProcessing>
	</Description>
	<Layout>
		<Page WIDTH="1070" HEIGHT="1795" PHYSICAL_IMG_NR="0" ID="page_0">
			<PrintSpace HPOS="0" VPOS="0" WIDTH="1070" HEIGHT="1795">
				<ComposedBlock ID="cblock_0" HPOS="155" VPOS="125" WIDTH="620" HEIGHT="27">
					<TextBlock ID="block_0" HPOS="155" VPOS="125" WIDTH="620" HEIGHT="27">
						<TextLine ID="line_0" HPOS="155" VPOS="125" WIDTH="620" HEIGHT="27">
							<String ID="string_0" HPOS="155" VPOS="125" WIDTH="55" HEIGHT="22" WC="0.96" CONTENT="1324"/><SP WIDTH="154" VPOS="125" HPOS="210"/>
							<String ID="string_1" HPOS="364" VPOS="129" WIDTH="180" HEIGHT="23" WC="0.91" CONTENT="Borgareståndet"/><SP WIDTH="13" VPOS="129" HPOS="544"/>
							<String ID="string_2" HPOS="557" VPOS="131" WIDTH="56" HEIGHT="18" WC="0.96" CONTENT="1877."/><SP WIDTH="24" VPOS="131" HPOS="613"/>
							<String ID="string_3" HPOS="637" VPOS="131" WIDTH="26" HEIGHT="17" WC="0.89" CONTENT="28"/><SP WIDTH="13" VPOS="131" HPOS="663"/>
							<String ID="string_4" HPOS="676" VPOS="130" WIDTH="99" HEIGHT="18" WC="0.95" CONTENT="Oktober."/>
						</TextLine>
					</TextBlock>
				</ComposedBlock>
				<GraphicalElement ID="cblock_1" HPOS="155" VPOS="158" WIDTH="827" HEIGHT="4"></GraphicalElement >
				<ComposedBlock ID="cblock_2" HPOS="152" VPOS="198" WIDTH="830" HEIGHT="58">
					<TextBlock ID="block_1" HPOS="152" VPOS="198" WIDTH="830" HEIGHT="58">
						<TextLine ID="line_1" HPOS="222" VPOS="198" WIDTH="760" HEIGHT="28">
							<String ID="string_5" HPOS="222" VPOS="199" WIDTH="145" HEIGHT="22" WC="0.91" CONTENT="Momenten"/><SP WIDTH="23" VPOS="199" HPOS="367"/>
							<String ID="string_6" HPOS="390" VPOS="199" WIDTH="23" HEIGHT="27" WC="0.90" CONTENT="d)"/><SP WIDTH="16" VPOS="199" HPOS="413"/>
							<String ID="string_7" HPOS="429" VPOS="199" WIDTH="40" HEIGHT="22" WC="0.93" CONTENT="och"/><SP WIDTH="14" VPOS="199" HPOS="469"/>
							<String ID="string_8" HPOS="483" VPOS="200" WIDTH="21" HEIGHT="23" WC="0.91" CONTENT="e)"/><SP WIDTH="15" VPOS="200" HPOS="504"/>
							<String ID="string_9" HPOS="519" VPOS="201" WIDTH="57" HEIGHT="20" WC="0.96" CONTENT="samt"/><SP WIDTH="14" VPOS="201" HPOS="576"/>
							<String ID="string_10" HPOS="590" VPOS="199" WIDTH="171" HEIGHT="27" WC="0.96" CONTENT="inledningen"/><SP WIDTH="16" VPOS="199" HPOS="761"/>
							<String ID="string_11" HPOS="777" VPOS="198" WIDTH="39" HEIGHT="22" WC="0.95" CONTENT="och"/><SP WIDTH="16" VPOS="198" HPOS="816"/>
							<String ID="string_12" HPOS="832" VPOS="199" WIDTH="53" HEIGHT="21" WC="0.96" CONTENT="sista"/><SP WIDTH="14" VPOS="199" HPOS="885"/>
							<String ID="string_13" HPOS="899" VPOS="198" WIDTH="83" HEIGHT="28" WC="0.96" CONTENT="stycket"/>
						</TextLine>
						<TextLine ID="line_2" HPOS="152" VPOS="227" WIDTH="722" HEIGHT="29">
							<String ID="string_14" HPOS="152" VPOS="228" WIDTH="7" HEIGHT="21" WC="0.89" CONTENT="i"/><SP WIDTH="15" VPOS="228" HPOS="159"/>
							<String ID="string_15" HPOS="174" VPOS="228" WIDTH="12" HEIGHT="28" WC="0.70" CONTENT="&amp;"/><SP WIDTH="16" VPOS="228" HPOS="186"/>
							<String ID="string_16" HPOS="202" VPOS="229" WIDTH="12" HEIGHT="20" WC="0.95" CONTENT="9"/><SP WIDTH="16" VPOS="229" HPOS="214"/>
							<String ID="string_17" HPOS="230" VPOS="228" WIDTH="110" HEIGHT="22" WC="0.95" CONTENT="äfvensom"/><SP WIDTH="15" VPOS="228" HPOS="340"/>
							<String ID="string_18" HPOS="355" VPOS="229" WIDTH="28" HEIGHT="26" WC="0.71" CONTENT="88"/><SP WIDTH="18" VPOS="229" HPOS="383"/>
							<String ID="string_19" HPOS="401" VPOS="230" WIDTH="24" HEIGHT="20" WC="0.96" CONTENT="10"/><SP WIDTH="16" VPOS="230" HPOS="425"/>
							<String ID="string_20" HPOS="441" VPOS="228" WIDTH="39" HEIGHT="22" WC="0.96" CONTENT="och"/><SP WIDTH="18" VPOS="228" HPOS="480"/>
							<String ID="string_21" HPOS="498" VPOS="229" WIDTH="24" HEIGHT="20" WC="0.96" CONTENT="11"/><SP WIDTH="17" VPOS="229" HPOS="522"/>
							<String ID="string_22" HPOS="539" VPOS="228" WIDTH="123" HEIGHT="28" WC="0.95" CONTENT="godkändes"/><SP WIDTH="16" VPOS="228" HPOS="662"/>
							<String ID="string_23" HPOS="678" VPOS="230" WIDTH="52" HEIGHT="19" WC="0.96" CONTENT="utan"/><SP WIDTH="16" VPOS="230" HPOS="730"/>
							<String ID="string_24" HPOS="746" VPOS="227" WIDTH="128" HEIGHT="22" WC="0.96" CONTENT="diskussion."/>
						</TextLine>
					</TextBlock>
				</ComposedBlock>
				<ComposedBlock ID="cblock_3" HPOS="222" VPOS="285" WIDTH="759" HEIGHT="28">
					<TextBlock ID="block_2" HPOS="222" VPOS="285" WIDTH="759" HEIGHT="28">
						<TextLine ID="line_3" HPOS="222" VPOS="285" WIDTH="759" HEIGHT="28">
							<String ID="string_25" HPOS="222" VPOS="285" WIDTH="80" HEIGHT="22" WC="0.96" CONTENT="Likaså"/><SP WIDTH="16" VPOS="285" HPOS="302"/>
							<String ID="string_26" HPOS="318" VPOS="285" WIDTH="46" HEIGHT="22" WC="0.96" CONTENT="blef"/><SP WIDTH="23" VPOS="285" HPOS="364"/>
							<String ID="string_27" HPOS="387" VPOS="287" WIDTH="2" HEIGHT="20" WC="0.93" CONTENT="1"/><SP WIDTH="18" VPOS="287" HPOS="389"/>
							<String ID="string_28" HPOS="407" VPOS="288" WIDTH="137" HEIGHT="19" WC="0.94" CONTENT="momentet"/><SP WIDTH="20" VPOS="288" HPOS="544"/>
							<String ID="string_29" HPOS="564" VPOS="286" WIDTH="7" HEIGHT="21" WC="0.95" CONTENT="i"/><SP WIDTH="16" VPOS="286" HPOS="571"/>
							<String ID="string_30" HPOS="587" VPOS="286" WIDTH="12" HEIGHT="27" WC="0.87" CONTENT="8"/><SP WIDTH="18" VPOS="286" HPOS="599"/>
							<String ID="string_31" HPOS="617" VPOS="287" WIDTH="25" HEIGHT="20" WC="0.96" CONTENT="12"/><SP WIDTH="16" VPOS="287" HPOS="642"/>
							<String ID="string_32" HPOS="658" VPOS="288" WIDTH="51" HEIGHT="19" WC="0.93" CONTENT="utan"/><SP WIDTH="17" VPOS="288" HPOS="709"/>
							<String ID="string_33" HPOS="726" VPOS="285" WIDTH="147" HEIGHT="27" WC="0.92" CONTENT="skiljaktighet"/><SP WIDTH="14" VPOS="285" HPOS="873"/>
							<String ID="string_34" HPOS="887" VPOS="287" WIDTH="94" HEIGHT="25" WC="0.96" CONTENT="antaget."/>
						</TextLine>
					</TextBlock>
				</ComposedBlock>
				<ComposedBlock ID="cblock_4" HPOS="151" VPOS="341" WIDTH="833" HEIGHT="58">
					<TextBlock ID="block_3" HPOS="151" VPOS="341" WIDTH="833" HEIGHT="58">
						<TextLine ID="line_4" HPOS="222" VPOS="341" WIDTH="762" HEIGHT="29">
							<String ID="string_35" HPOS="222" VPOS="343" WIDTH="12" HEIGHT="20" WC="0.95" CONTENT="2"/><SP WIDTH="22" VPOS="343" HPOS="234"/>
							<String ID="string_36" HPOS="256" VPOS="344" WIDTH="136" HEIGHT="21" WC="0.95" CONTENT="momentet"/><SP WIDTH="22" VPOS="344" HPOS="392"/>
							<String ID="string_37" HPOS="414" VPOS="343" WIDTH="7" HEIGHT="20" WC="0.96" CONTENT="i"/><SP WIDTH="21" VPOS="343" HPOS="421"/>
							<String ID="string_38" HPOS="442" VPOS="343" WIDTH="131" HEIGHT="21" WC="0.96" CONTENT="sistnämnda"/><SP WIDTH="22" VPOS="343" HPOS="573"/>
							<String ID="string_39" HPOS="595" VPOS="342" WIDTH="101" HEIGHT="28" WC="0.95" CONTENT="paragraf"/><SP WIDTH="18" VPOS="342" HPOS="696"/>
							<String ID="string_40" HPOS="714" VPOS="342" WIDTH="38" HEIGHT="27" WC="0.96" CONTENT="gaf"/><SP WIDTH="13" VPOS="342" HPOS="752"/>
							<String ID="string_41" HPOS="765" VPOS="342" WIDTH="115" HEIGHT="27" WC="0.96" CONTENT="anledning"/><SP WIDTH="15" VPOS="342" HPOS="880"/>
							<String ID="string_42" HPOS="895" VPOS="341" WIDTH="34" HEIGHT="22" WC="0.93" CONTENT="till"/><SP WIDTH="15" VPOS="341" HPOS="929"/>
							<String ID="string_43" HPOS="944" VPOS="341" WIDTH="40" HEIGHT="22" WC="0.92" CONTENT="föl-"/>
						</TextLine>
						<TextLine ID="line_5" HPOS="151" VPOS="371" WIDTH="194" HEIGHT="28">
							<String ID="string_44" HPOS="151" VPOS="371" WIDTH="65" HEIGHT="27" WC="0.92" CONTENT="jande"/><SP WIDTH="15" VPOS="371" HPOS="216"/>
							<String ID="string_45" HPOS="231" VPOS="372" WIDTH="114" HEIGHT="27" WC="0.96" CONTENT="yttranden"/>
						</TextLine>
					</TextBlock>
				</ComposedBlock>
				<ComposedBlock ID="cblock_5" HPOS="153" VPOS="428" WIDTH="831" HEIGHT="108">
					<TextBlock ID="block_4" HPOS="153" VPOS="428" WIDTH="831" HEIGHT="108">
						<TextLine ID="line_6" HPOS="222" VPOS="428" WIDTH="762" HEIGHT="28">
							<String ID="string_46" HPOS="222" VPOS="429" WIDTH="58" HEIGHT="21" WC="0.96" CONTENT="Herr"/><SP WIDTH="22" VPOS="429" HPOS="280"/>
							<String ID="string_47" HPOS="302" VPOS="428" WIDTH="166" HEIGHT="28" WC="0.96" CONTENT="Chydenius:"/><SP WIDTH="30" VPOS="428" HPOS="468"/>
							<String ID="string_48" HPOS="498" VPOS="429" WIDTH="41" HEIGHT="27" WC="0.96" CONTENT="Jag"/><SP WIDTH="22" VPOS="429" HPOS="539"/>
							<String ID="string_49" HPOS="561" VPOS="428" WIDTH="96" HEIGHT="23" WC="0.93" CONTENT="anhåller"/><SP WIDTH="21" VPOS="428" HPOS="657"/>
							<String ID="string_50" HPOS="678" VPOS="431" WIDTH="32" HEIGHT="19" WC="0.96" CONTENT="att"/><SP WIDTH="23" VPOS="431" HPOS="710"/>
							<String ID="string_51" HPOS="733" VPOS="429" WIDTH="21" HEIGHT="21" WC="0.96" CONTENT="få"/><SP WIDTH="19" VPOS="429" HPOS="754"/>
							<String ID="string_52" HPOS="773" VPOS="428" WIDTH="78" HEIGHT="22" WC="0.96" CONTENT="föreslå"/><SP WIDTH="20" VPOS="428" HPOS="851"/>
							<String ID="string_53" HPOS="871" VPOS="430" WIDTH="34" HEIGHT="19" WC="0.96" CONTENT="att"/><SP WIDTH="18" VPOS="430" HPOS="905"/>
							<String ID="string_54" HPOS="923" VPOS="428" WIDTH="61" HEIGHT="22" WC="0.96" CONTENT="detta"/>
						</TextLine>
						<TextLine ID="line_7" HPOS="153" VPOS="456" WIDTH="828" HEIGHT="29">
							<String ID="string_55" HPOS="153" VPOS="459" WIDTH="96" HEIGHT="20" WC="0.95" CONTENT="moment"/><SP WIDTH="21" VPOS="459" HPOS="249"/>
							<String ID="string_56" HPOS="270" VPOS="457" WIDTH="66" HEIGHT="22" WC="0.92" CONTENT="måtte"/><SP WIDTH="15" VPOS="457" HPOS="336"/>
							<String ID="string_57" HPOS="351" VPOS="457" WIDTH="167" HEIGHT="22" WC="0.90" CONTENT="återremitteras"/><SP WIDTH="15" VPOS="457" HPOS="518"/>
							<String ID="string_58" HPOS="533" VPOS="457" WIDTH="27" HEIGHT="28" WC="0.96" CONTENT="på"/><SP WIDTH="16" VPOS="457" HPOS="560"/>
							<String ID="string_59" HPOS="576" VPOS="458" WIDTH="36" HEIGHT="21" WC="0.96" CONTENT="det"/><SP WIDTH="15" VPOS="458" HPOS="612"/>
							<String ID="string_60" HPOS="627" VPOS="457" WIDTH="113" HEIGHT="22" WC="0.96" CONTENT="Utskottet"/><SP WIDTH="15" VPOS="457" HPOS="740"/>
							<String ID="string_61" HPOS="755" VPOS="457" WIDTH="66" HEIGHT="22" WC="0.96" CONTENT="måtte"/><SP WIDTH="15" VPOS="457" HPOS="821"/>
							<String ID="string_62" HPOS="836" VPOS="457" WIDTH="90" HEIGHT="26" WC="0.96" CONTENT="upplysa"/><SP WIDTH="16" VPOS="457" HPOS="926"/>
							<String ID="string_63" HPOS="942" VPOS="456" WIDTH="39" HEIGHT="22" WC="0.96" CONTENT="och"/>
						</TextLine>
						<TextLine ID="line_8" HPOS="153" VPOS="485" WIDTH="829" HEIGHT="28">
							<String ID="string_64" HPOS="153" VPOS="488" WIDTH="100" HEIGHT="19" WC="0.96" CONTENT="närmare"/><SP WIDTH="15" VPOS="488" HPOS="253"/>
							<String ID="string_65" HPOS="268" VPOS="485" WIDTH="118" HEIGHT="22" WC="0.96" CONTENT="bestämma"/><SP WIDTH="16" VPOS="485" HPOS="386"/>
							<String ID="string_66" HPOS="402" VPOS="485" WIDTH="85" HEIGHT="22" WC="0.95" CONTENT="hvilken"/><SP WIDTH="15" VPOS="485" HPOS="487"/>
							<String ID="string_67" HPOS="502" VPOS="486" WIDTH="41" HEIGHT="21" WC="0.96" CONTENT="den"/><SP WIDTH="14" VPOS="486" HPOS="543"/>
							<String ID="string_68" HPOS="557" VPOS="486" WIDTH="79" HEIGHT="27" WC="0.92" CONTENT="lagliga"/><SP WIDTH="15" VPOS="486" HPOS="636"/>
							<String ID="string_69" HPOS="651" VPOS="485" WIDTH="178" HEIGHT="28" WC="0.92" CONTENT="bearbetningens"/><SP WIDTH="14" VPOS="485" HPOS="829"/>
							<String ID="string_70" HPOS="843" VPOS="487" WIDTH="45" HEIGHT="20" WC="0.96" CONTENT="rätt"/><SP WIDTH="15" VPOS="487" HPOS="888"/>
							<String ID="string_71" HPOS="903" VPOS="485" WIDTH="32" HEIGHT="21" WC="0.96" CONTENT="till"/><SP WIDTH="16" VPOS="485" HPOS="935"/>
							<String ID="string_72" HPOS="951" VPOS="487" WIDTH="31" HEIGHT="19" WC="0.96" CONTENT="ett"/>
						</TextLine>
						<TextLine ID="line_9" HPOS="154" VPOS="514" WIDTH="262" HEIGHT="22">
							<String ID="string_73" HPOS="154" VPOS="514" WIDTH="128" HEIGHT="22" WC="0.95" CONTENT="dramatiskt"/><SP WIDTH="16" VPOS="514" HPOS="282"/>
							<String ID="string_74" HPOS="298" VPOS="515" WIDTH="73" HEIGHT="21" WC="0.96" CONTENT="arbete"/><SP WIDTH="15" VPOS="515" HPOS="371"/>
							<String ID="string_75" HPOS="386" VPOS="516" WIDTH="30" HEIGHT="20" WC="0.96" CONTENT="är."/>
						</TextLine>
					</TextBlock>
				</ComposedBlock>
				<ComposedBlock ID="cblock_6" HPOS="153" VPOS="570" WIDTH="830" HEIGHT="115">
					<TextBlock ID="block_5" HPOS="153" VPOS="570" WIDTH="830" HEIGHT="115">
						<TextLine ID="line_10" HPOS="222" VPOS="570" WIDTH="760" HEIGHT="29">
							<String ID="string_76" HPOS="222" VPOS="571" WIDTH="58" HEIGHT="22" WC="0.93" CONTENT="Herr"/><SP WIDTH="14" VPOS="571" HPOS="280"/>
							<String ID="string_77" HPOS="294" VPOS="571" WIDTH="33" HEIGHT="22" WC="0.92" CONTENT="W."/><SP WIDTH="18" VPOS="571" HPOS="327"/>
							<String ID="string_78" HPOS="345" VPOS="571" WIDTH="108" HEIGHT="27" WC="0.90" CONTENT="Nystén:"/><SP WIDTH="29" VPOS="571" HPOS="453"/>
							<String ID="string_79" HPOS="482" VPOS="572" WIDTH="41" HEIGHT="27" WC="0.95" CONTENT="Jag"/><SP WIDTH="18" VPOS="572" HPOS="523"/>
							<String ID="string_80" HPOS="541" VPOS="572" WIDTH="80" HEIGHT="22" WC="0.95" CONTENT="tillåter"/><SP WIDTH="14" VPOS="572" HPOS="621"/>
							<String ID="string_81" HPOS="635" VPOS="571" WIDTH="43" HEIGHT="27" WC="0.96" CONTENT="mig"/><SP WIDTH="15" VPOS="571" HPOS="678"/>
							<String ID="string_82" HPOS="693" VPOS="573" WIDTH="33" HEIGHT="20" WC="0.96" CONTENT="att"/><SP WIDTH="15" VPOS="573" HPOS="726"/>
							<String ID="string_83" HPOS="741" VPOS="571" WIDTH="56" HEIGHT="22" WC="0.96" CONTENT="fästa"/><SP WIDTH="15" VPOS="571" HPOS="797"/>
							<String ID="string_84" HPOS="812" VPOS="571" WIDTH="57" HEIGHT="22" WC="0.93" CONTENT="Herr"/><SP WIDTH="10" VPOS="571" HPOS="869"/>
							<String ID="string_85" HPOS="879" VPOS="570" WIDTH="103" HEIGHT="28" WC="0.92" CONTENT="Chydenii"/>
						</TextLine>
						<TextLine ID="line_11" HPOS="153" VPOS="599" WIDTH="830" HEIGHT="28">
							<String ID="string_86" HPOS="153" VPOS="600" WIDTH="190" HEIGHT="27" WC="0.93" CONTENT="uppmärksamhet"/><SP WIDTH="15" VPOS="600" HPOS="343"/>
							<String ID="string_87" HPOS="358" VPOS="601" WIDTH="66" HEIGHT="26" WC="0.92" CONTENT="derpå"/><SP WIDTH="14" VPOS="601" HPOS="424"/>
							<String ID="string_88" HPOS="438" VPOS="603" WIDTH="32" HEIGHT="19" WC="0.96" CONTENT="att"/><SP WIDTH="15" VPOS="603" HPOS="470"/>
							<String ID="string_89" HPOS="485" VPOS="601" WIDTH="40" HEIGHT="22" WC="0.96" CONTENT="den"/><SP WIDTH="16" VPOS="601" HPOS="525"/>
							<String ID="string_90" HPOS="541" VPOS="601" WIDTH="79" HEIGHT="26" WC="0.96" CONTENT="lagliga"/><SP WIDTH="14" VPOS="601" HPOS="620"/>
							<String ID="string_91" HPOS="634" VPOS="602" WIDTH="70" HEIGHT="19" WC="0.96" CONTENT="rätten"/><SP WIDTH="12" VPOS="602" HPOS="704"/>
							<String ID="string_92" HPOS="716" VPOS="600" WIDTH="58" HEIGHT="22" WC="0.96" CONTENT="såväl"/><SP WIDTH="11" VPOS="600" HPOS="774"/>
							<String ID="string_93" HPOS="785" VPOS="600" WIDTH="32" HEIGHT="21" WC="0.92" CONTENT="till"/><SP WIDTH="12" VPOS="600" HPOS="817"/>
							<String ID="string_94" HPOS="829" VPOS="599" WIDTH="154" HEIGHT="28" WC="0.91" CONTENT="öfversättning"/>
						</TextLine>
						<TextLine ID="line_12" HPOS="154" VPOS="628" WIDTH="828" HEIGHT="29">
							<String ID="string_95" HPOS="154" VPOS="635" WIDTH="45" HEIGHT="15" WC="0.96" CONTENT="som"/><SP WIDTH="24" VPOS="635" HPOS="199"/>
							<String ID="string_96" HPOS="223" VPOS="629" WIDTH="32" HEIGHT="21" WC="0.94" CONTENT="till"/><SP WIDTH="22" VPOS="629" HPOS="255"/>
							<String ID="string_97" HPOS="277" VPOS="629" WIDTH="140" HEIGHT="28" WC="0.96" CONTENT="bearbetning"/><SP WIDTH="19" VPOS="629" HPOS="417"/>
							<String ID="string_98" HPOS="436" VPOS="629" WIDTH="23" HEIGHT="22" WC="0.96" CONTENT="af"/><SP WIDTH="15" VPOS="629" HPOS="459"/>
							<String ID="string_99" HPOS="474" VPOS="636" WIDTH="25" HEIGHT="15" WC="0.96" CONTENT="en"/><SP WIDTH="16" VPOS="636" HPOS="499"/>
							<String ID="string_100" HPOS="515" VPOS="629" WIDTH="123" HEIGHT="22" WC="0.96" CONTENT="författares"/><SP WIDTH="16" VPOS="629" HPOS="638"/>
							<String ID="string_101" HPOS="654" VPOS="629" WIDTH="89" HEIGHT="22" WC="0.93" CONTENT="arbeten"/><SP WIDTH="13" VPOS="629" HPOS="743"/>
							<String ID="string_102" HPOS="756" VPOS="629" WIDTH="96" HEIGHT="26" WC="0.91" CONTENT="betingas"/><SP WIDTH="15" VPOS="629" HPOS="852"/>
							<String ID="string_103" HPOS="867" VPOS="628" WIDTH="22" HEIGHT="21" WC="0.96" CONTENT="af"/><SP WIDTH="14" VPOS="628" HPOS="889"/>
							<String ID="string_104" HPOS="903" VPOS="630" WIDTH="31" HEIGHT="20" WC="0.92" CONTENT="ett"/><SP WIDTH="15" VPOS="630" HPOS="934"/>
							<String ID="string_105" HPOS="949" VPOS="631" WIDTH="33" HEIGHT="18" WC="0.92" CONTENT="ut-"/>
						</TextLine>
						<TextLine ID="line_13" HPOS="154" VPOS="657" WIDTH="411" HEIGHT="28">
							<String ID="string_106" HPOS="154" VPOS="657" WIDTH="102" HEIGHT="28" WC="0.92" CONTENT="tryckligt"/><SP WIDTH="16" VPOS="657" HPOS="256"/>
							<String ID="string_107" HPOS="272" VPOS="657" WIDTH="96" HEIGHT="22" WC="0.96" CONTENT="tillstånd"/><SP WIDTH="15" VPOS="657" HPOS="368"/>
							<String ID="string_108" HPOS="383" VPOS="658" WIDTH="22" HEIGHT="21" WC="0.96" CONTENT="af"/><SP WIDTH="14" VPOS="658" HPOS="405"/>
							<String ID="string_109" HPOS="419" VPOS="657" WIDTH="77" HEIGHT="22" WC="0.94" CONTENT="honom"/><SP WIDTH="16" VPOS="657" HPOS="496"/>
							<String ID="string_110" HPOS="512" VPOS="658" WIDTH="53" HEIGHT="27" WC="0.95" CONTENT="sjelf."/>
						</TextLine>
					</TextBlock>
				</ComposedBlock>
				<ComposedBlock ID="cblock_7" HPOS="155" VPOS="714" WIDTH="830" HEIGHT="56">
					<TextBlock ID="block_6" HPOS="155" VPOS="714" WIDTH="830" HEIGHT="56">
						<TextLine ID="line_14" HPOS="223" VPOS="714" WIDTH="762" HEIGHT="27">
							<String ID="string_111" HPOS="223" VPOS="714" WIDTH="32" HEIGHT="21" WC="0.96" CONTENT="På"/><SP WIDTH="23" VPOS="714" HPOS="255"/>
							<String ID="string_112" HPOS="278" VPOS="714" WIDTH="71" HEIGHT="22" WC="0.95" CONTENT="derom"/><SP WIDTH="22" VPOS="714" HPOS="349"/>
							<String ID="string_113" HPOS="371" VPOS="714" WIDTH="23" HEIGHT="22" WC="0.95" CONTENT="af"/><SP WIDTH="16" VPOS="714" HPOS="394"/>
							<String ID="string_114" HPOS="410" VPOS="715" WIDTH="55" HEIGHT="21" WC="0.96" CONTENT="Herr"/><SP WIDTH="15" VPOS="715" HPOS="465"/>
							<String ID="string_115" HPOS="480" VPOS="715" WIDTH="162" HEIGHT="21" WC="0.96" CONTENT="Talmannen"/><SP WIDTH="16" VPOS="715" HPOS="642"/>
							<String ID="string_116" HPOS="658" VPOS="714" WIDTH="120" HEIGHT="22" WC="0.95" CONTENT="framställd"/><SP WIDTH="15" VPOS="714" HPOS="778"/>
							<String ID="string_117" HPOS="793" VPOS="714" WIDTH="131" HEIGHT="27" WC="0.96" CONTENT="proposition"/><SP WIDTH="16" VPOS="714" HPOS="924"/>
							<String ID="string_118" HPOS="940" VPOS="714" WIDTH="45" HEIGHT="21" WC="0.95" CONTENT="blef"/>
						</TextLine>
						<TextLine ID="line_15" HPOS="155" VPOS="743" WIDTH="826" HEIGHT="27">
							<String ID="string_119" HPOS="155" VPOS="743" WIDTH="59" HEIGHT="22" WC="0.96" CONTENT="detta"/><SP WIDTH="16" VPOS="743" HPOS="214"/>
							<String ID="string_120" HPOS="230" VPOS="745" WIDTH="94" HEIGHT="20" WC="0.96" CONTENT="moment"/><SP WIDTH="14" VPOS="745" HPOS="324"/>
							<String ID="string_121" HPOS="338" VPOS="743" WIDTH="24" HEIGHT="21" WC="0.93" CONTENT="af"/><SP WIDTH="14" VPOS="743" HPOS="362"/>
							<String ID="string_122" HPOS="376" VPOS="743" WIDTH="89" HEIGHT="22" WC="0.91" CONTENT="Ståndet"/><SP WIDTH="12" VPOS="743" HPOS="465"/>
							<String ID="string_123" HPOS="477" VPOS="743" WIDTH="48" HEIGHT="22" WC="0.93" CONTENT="med"/><SP WIDTH="11" VPOS="743" HPOS="525"/>
							<String ID="string_124" HPOS="536" VPOS="743" WIDTH="154" HEIGHT="27" WC="0.92" CONTENT="öfvervägande"/><SP WIDTH="10" VPOS="743" HPOS="690"/>
							<String ID="string_125" HPOS="700" VPOS="743" WIDTH="157" HEIGHT="27" WC="0.91" CONTENT="röstpluralitet"/><SP WIDTH="9" VPOS="743" HPOS="857"/>
							<String ID="string_126" HPOS="866" VPOS="743" WIDTH="115" HEIGHT="26" WC="0.89" CONTENT="godkändt."/>
						</TextLine>
					</TextBlock>
				</ComposedBlock>
				<ComposedBlock ID="cblock_8" HPOS="224" VPOS="800" WIDTH="591" HEIGHT="28">
					<TextBlock ID="block_7" HPOS="224" VPOS="800" WIDTH="591" HEIGHT="28">
						<TextLine ID="line_16" HPOS="224" VPOS="800" WIDTH="591" HEIGHT="28">
							<String ID="string_127" HPOS="224" VPOS="800" WIDTH="28" HEIGHT="28" WC="0.69" CONTENT="8&amp;"/><SP WIDTH="18" VPOS="800" HPOS="252"/>
							<String ID="string_128" HPOS="270" VPOS="801" WIDTH="26" HEIGHT="21" WC="0.95" CONTENT="13"/><SP WIDTH="15" VPOS="801" HPOS="296"/>
							<String ID="string_129" HPOS="311" VPOS="800" WIDTH="39" HEIGHT="22" WC="0.96" CONTENT="och"/><SP WIDTH="16" VPOS="800" HPOS="350"/>
							<String ID="string_130" HPOS="366" VPOS="801" WIDTH="27" HEIGHT="21" WC="0.93" CONTENT="14"/><SP WIDTH="15" VPOS="801" HPOS="393"/>
							<String ID="string_131" HPOS="408" VPOS="802" WIDTH="89" HEIGHT="26" WC="0.92" CONTENT="antogos"/><SP WIDTH="15" VPOS="802" HPOS="497"/>
							<String ID="string_132" HPOS="512" VPOS="800" WIDTH="66" HEIGHT="27" WC="0.96" CONTENT="enligt"/><SP WIDTH="15" VPOS="800" HPOS="578"/>
							<String ID="string_133" HPOS="593" VPOS="800" WIDTH="121" HEIGHT="22" WC="0.96" CONTENT="Utskottets"/><SP WIDTH="16" VPOS="800" HPOS="714"/>
							<String ID="string_134" HPOS="730" VPOS="800" WIDTH="85" HEIGHT="27" WC="0.96" CONTENT="förslag."/>
						</TextLine>
					</TextBlock>
				</ComposedBlock>
				<ComposedBlock ID="cblock_9" HPOS="224" VPOS="888" WIDTH="531" HEIGHT="141">
					<TextBlock ID="block_8" HPOS="224" VPOS="888" WIDTH="531" HEIGHT="141">
						<TextLine ID="line_17" HPOS="540" VPOS="888" WIDTH="60" HEIGHT="25">
							<String ID="string_135" HPOS="540" VPOS="888" WIDTH="10" HEIGHT="25" WC="0.81" CONTENT="$"/><SP WIDTH="18" VPOS="888" HPOS="550"/>
							<String ID="string_136" HPOS="568" VPOS="888" WIDTH="32" HEIGHT="20" WC="0.94" CONTENT="15."/>
						</TextLine>
						<TextLine ID="line_18" HPOS="226" VPOS="944" WIDTH="529" HEIGHT="26">
							<String ID="string_137" HPOS="226" VPOS="945" WIDTH="9" HEIGHT="20" WC="0.94" CONTENT="1"/><SP WIDTH="18" VPOS="945" HPOS="235"/>
							<String ID="string_138" HPOS="253" VPOS="946" WIDTH="143" HEIGHT="19" WC="0.91" CONTENT="momentet"/><SP WIDTH="15" VPOS="946" HPOS="396"/>
							<String ID="string_139" HPOS="411" VPOS="944" WIDTH="45" HEIGHT="21" WC="0.91" CONTENT="bief"/><SP WIDTH="12" VPOS="944" HPOS="456"/>
							<String ID="string_140" HPOS="468" VPOS="946" WIDTH="51" HEIGHT="19" WC="0.96" CONTENT="utan"/><SP WIDTH="16" VPOS="946" HPOS="519"/>
							<String ID="string_141" HPOS="535" VPOS="944" WIDTH="120" HEIGHT="21" WC="0.92" CONTENT="diskussion"/><SP WIDTH="15" VPOS="944" HPOS="655"/>
							<String ID="string_142" HPOS="670" VPOS="944" WIDTH="85" HEIGHT="26" WC="0.92" CONTENT="gilladt."/>
						</TextLine>
						<TextLine ID="line_19" HPOS="224" VPOS="1000" WIDTH="471" HEIGHT="29">
							<String ID="string_143" HPOS="224" VPOS="1000" WIDTH="138" HEIGHT="23" WC="0.95" CONTENT="Beträffande"/><SP WIDTH="24" VPOS="1000" HPOS="362"/>
							<String ID="string_144" HPOS="386" VPOS="1003" WIDTH="4" HEIGHT="19" WC="0.96" CONTENT="2"/><SP WIDTH="16" VPOS="1003" HPOS="390"/>
							<String ID="string_145" HPOS="406" VPOS="1003" WIDTH="145" HEIGHT="20" WC="0.96" CONTENT="momentet"/><SP WIDTH="14" VPOS="1003" HPOS="551"/>
							<String ID="string_146" HPOS="565" VPOS="1001" WIDTH="84" HEIGHT="28" WC="0.96" CONTENT="yttrade"/><SP WIDTH="15" VPOS="1001" HPOS="649"/>
							<String ID="string_147" HPOS="664" VPOS="1001" WIDTH="31" HEIGHT="27" WC="0.96" CONTENT="sig"/>
						</TextLine>
					</TextBlock>
				</ComposedBlock>
				<ComposedBlock ID="cblock_10" HPOS="153" VPOS="1057" WIDTH="830" HEIGHT="114">
					<TextBlock ID="block_9" HPOS="153" VPOS="1057" WIDTH="830" HEIGHT="114">
						<TextLine ID="line_20" HPOS="224" VPOS="1057" WIDTH="759" HEIGHT="28">
							<String ID="string_148" HPOS="224" VPOS="1058" WIDTH="56" HEIGHT="21" WC="0.96" CONTENT="Herr"/><SP WIDTH="22" VPOS="1058" HPOS="280"/>
							<String ID="string_149" HPOS="302" VPOS="1058" WIDTH="86" HEIGHT="21" WC="0.96" CONTENT="Gadd:"/><SP WIDTH="30" VPOS="1058" HPOS="388"/>
							<String ID="string_150" HPOS="418" VPOS="1058" WIDTH="41" HEIGHT="27" WC="0.96" CONTENT="Jag"/><SP WIDTH="22" VPOS="1058" HPOS="459"/>
							<String ID="string_151" HPOS="481" VPOS="1065" WIDTH="61" HEIGHT="14" WC="0.96" CONTENT="anser"/><SP WIDTH="23" VPOS="1065" HPOS="542"/>
							<String ID="string_152" HPOS="565" VPOS="1059" WIDTH="59" HEIGHT="21" WC="0.96" CONTENT="detta"/><SP WIDTH="17" VPOS="1059" HPOS="624"/>
							<String ID="string_153" HPOS="641" VPOS="1060" WIDTH="95" HEIGHT="19" WC="0.96" CONTENT="moment"/><SP WIDTH="16" VPOS="1060" HPOS="736"/>
							<String ID="string_154" HPOS="752" VPOS="1057" WIDTH="53" HEIGHT="22" WC="0.96" CONTENT="böra"/><SP WIDTH="15" VPOS="1057" HPOS="805"/>
							<String ID="string_155" HPOS="820" VPOS="1057" WIDTH="163" HEIGHT="22" WC="0.95" CONTENT="omformuleras"/>
						</TextLine>
						<TextLine ID="line_21" HPOS="154" VPOS="1086" WIDTH="829" HEIGHT="28">
							<String ID="string_156" HPOS="154" VPOS="1087" WIDTH="33" HEIGHT="21" WC="0.95" CONTENT="till"/><SP WIDTH="16" VPOS="1087" HPOS="187"/>
							<String ID="string_157" HPOS="203" VPOS="1087" WIDTH="40" HEIGHT="21" WC="0.96" CONTENT="den"/><SP WIDTH="16" VPOS="1087" HPOS="243"/>
							<String ID="string_158" HPOS="259" VPOS="1087" WIDTH="79" HEIGHT="27" WC="0.96" CONTENT="lydelse"/><SP WIDTH="19" VPOS="1087" HPOS="338"/>
							<String ID="string_159" HPOS="357" VPOS="1086" WIDTH="110" HEIGHT="23" WC="0.93" CONTENT="Professor"/><SP WIDTH="15" VPOS="1086" HPOS="467"/>
							<String ID="string_160" HPOS="482" VPOS="1087" WIDTH="111" HEIGHT="21" WC="0.92" CONTENT="Ehrström"/><SP WIDTH="14" VPOS="1087" HPOS="593"/>
							<String ID="string_161" HPOS="607" VPOS="1087" WIDTH="7" HEIGHT="21" WC="0.96" CONTENT="i"/><SP WIDTH="16" VPOS="1087" HPOS="614"/>
							<String ID="string_162" HPOS="630" VPOS="1087" WIDTH="32" HEIGHT="21" WC="0.96" CONTENT="sin"/><SP WIDTH="16" VPOS="1087" HPOS="662"/>
							<String ID="string_163" HPOS="678" VPOS="1087" WIDTH="132" HEIGHT="22" WC="0.96" CONTENT="reservation"/><SP WIDTH="15" VPOS="1087" HPOS="810"/>
							<String ID="string_164" HPOS="825" VPOS="1086" WIDTH="109" HEIGHT="27" WC="0.95" CONTENT="föreslagit"/><SP WIDTH="15" VPOS="1086" HPOS="934"/>
							<String ID="string_165" HPOS="949" VPOS="1087" WIDTH="34" HEIGHT="21" WC="0.96" CONTENT="för"/>
						</TextLine>
						<TextLine ID="line_22" HPOS="154" VPOS="1115" WIDTH="827" HEIGHT="26">
							<String ID="string_166" HPOS="154" VPOS="1117" WIDTH="12" HEIGHT="24" WC="0.96" CONTENT="8"/><SP WIDTH="17" VPOS="1117" HPOS="166"/>
							<String ID="string_167" HPOS="183" VPOS="1117" WIDTH="32" HEIGHT="20" WC="0.96" CONTENT="16."/><SP WIDTH="31" VPOS="1117" HPOS="215"/>
							<String ID="string_168" HPOS="246" VPOS="1115" WIDTH="65" HEIGHT="22" WC="0.96" CONTENT="Detta"/><SP WIDTH="23" VPOS="1115" HPOS="311"/>
							<String ID="string_169" HPOS="334" VPOS="1115" WIDTH="68" HEIGHT="22" WC="0.95" CONTENT="skulle"/><SP WIDTH="22" VPOS="1115" HPOS="402"/>
							<String ID="string_170" HPOS="424" VPOS="1116" WIDTH="62" HEIGHT="21" WC="0.92" CONTENT="äfven"/><SP WIDTH="21" VPOS="1116" HPOS="486"/>
							<String ID="string_171" HPOS="507" VPOS="1116" WIDTH="188" HEIGHT="21" WC="0.91" CONTENT="öfverensstämma"/><SP WIDTH="21" VPOS="1116" HPOS="695"/>
							<String ID="string_172" HPOS="716" VPOS="1116" WIDTH="49" HEIGHT="21" WC="0.96" CONTENT="med"/><SP WIDTH="22" VPOS="1116" HPOS="765"/>
							<String ID="string_173" HPOS="787" VPOS="1115" WIDTH="36" HEIGHT="22" WC="0.96" CONTENT="det"/><SP WIDTH="15" VPOS="1115" HPOS="823"/>
							<String ID="string_174" HPOS="838" VPOS="1115" WIDTH="71" HEIGHT="22" WC="0.93" CONTENT="beslut"/><SP WIDTH="14" VPOS="1115" HPOS="909"/>
							<String ID="string_175" HPOS="923" VPOS="1115" WIDTH="58" HEIGHT="22" WC="0.92" CONTENT="hvari"/>
						</TextLine>
						<TextLine ID="line_23" HPOS="153" VPOS="1144" WIDTH="404" HEIGHT="27">
							<String ID="string_176" HPOS="153" VPOS="1144" WIDTH="158" HEIGHT="27" WC="0.93" CONTENT="Ridderskapet"/><SP WIDTH="15" VPOS="1144" HPOS="311"/>
							<String ID="string_177" HPOS="326" VPOS="1144" WIDTH="39" HEIGHT="21" WC="0.93" CONTENT="och"/><SP WIDTH="15" VPOS="1144" HPOS="365"/>
							<String ID="string_178" HPOS="380" VPOS="1144" WIDTH="68" HEIGHT="22" WC="0.91" CONTENT="Adeln"/><SP WIDTH="15" VPOS="1144" HPOS="448"/>
							<String ID="string_179" HPOS="463" VPOS="1146" WIDTH="94" HEIGHT="20" WC="0.96" CONTENT="stannat."/>
						</TextLine>
					</TextBlock>
				</ComposedBlock>
				<ComposedBlock ID="cblock_11" HPOS="153" VPOS="1196" WIDTH="831" HEIGHT="90">
					<TextBlock ID="block_10" HPOS="153" VPOS="1196" WIDTH="831" HEIGHT="90">
						<TextLine ID="line_24" HPOS="222" VPOS="1196" WIDTH="760" HEIGHT="27">
							<String ID="string_180" HPOS="222" VPOS="1196" WIDTH="69" HEIGHT="26" WC="0.96" CONTENT="Äfven"/><SP WIDTH="16" VPOS="1196" HPOS="291"/>
							<String ID="string_181" HPOS="307" VPOS="1201" WIDTH="59" HEIGHT="21" WC="0.96" CONTENT="detta"/><SP WIDTH="15" VPOS="1201" HPOS="366"/>
							<String ID="string_182" HPOS="381" VPOS="1203" WIDTH="94" HEIGHT="20" WC="0.96" CONTENT="moment"/><SP WIDTH="15" VPOS="1203" HPOS="475"/>
							<String ID="string_183" HPOS="490" VPOS="1201" WIDTH="43" HEIGHT="22" WC="0.96" CONTENT="blef"/><SP WIDTH="14" VPOS="1201" HPOS="533"/>
							<String ID="string_184" HPOS="547" VPOS="1201" WIDTH="56" HEIGHT="22" WC="0.96" CONTENT="efter"/><SP WIDTH="15" VPOS="1201" HPOS="603"/>
							<String ID="string_185" HPOS="618" VPOS="1201" WIDTH="72" HEIGHT="22" WC="0.96" CONTENT="derom"/><SP WIDTH="16" VPOS="1201" HPOS="690"/>
							<String ID="string_186" HPOS="706" VPOS="1201" WIDTH="21" HEIGHT="21" WC="0.96" CONTENT="af"/><SP WIDTH="17" VPOS="1201" HPOS="727"/>
							<String ID="string_187" HPOS="744" VPOS="1201" WIDTH="56" HEIGHT="21" WC="0.96" CONTENT="Herr"/><SP WIDTH="15" VPOS="1201" HPOS="800"/>
							<String ID="string_188" HPOS="815" VPOS="1201" WIDTH="167" HEIGHT="22" WC="0.96" CONTENT="Talmannen"/>
						</TextLine>
						<TextLine ID="line_25" HPOS="153" VPOS="1229" WIDTH="831" HEIGHT="28">
							<String ID="string_189" HPOS="153" VPOS="1229" WIDTH="122" HEIGHT="22" WC="0.96" CONTENT="framställd"/><SP WIDTH="23" VPOS="1229" HPOS="275"/>
							<String ID="string_190" HPOS="298" VPOS="1230" WIDTH="131" HEIGHT="27" WC="0.96" CONTENT="proposition"/><SP WIDTH="22" VPOS="1230" HPOS="429"/>
							<String ID="string_191" HPOS="451" VPOS="1231" WIDTH="22" HEIGHT="20" WC="0.93" CONTENT="af"/><SP WIDTH="14" VPOS="1231" HPOS="473"/>
							<String ID="string_192" HPOS="487" VPOS="1230" WIDTH="90" HEIGHT="21" WC="0.91" CONTENT="Ståndet"/><SP WIDTH="15" VPOS="1230" HPOS="577"/>
							<String ID="string_193" HPOS="592" VPOS="1230" WIDTH="48" HEIGHT="21" WC="0.93" CONTENT="med"/><SP WIDTH="16" VPOS="1230" HPOS="640"/>
							<String ID="string_194" HPOS="656" VPOS="1229" WIDTH="156" HEIGHT="28" WC="0.90" CONTENT="öfvervägande"/><SP WIDTH="15" VPOS="1229" HPOS="812"/>
							<String ID="string_195" HPOS="827" VPOS="1229" WIDTH="157" HEIGHT="27" WC="0.91" CONTENT="röstpluralitet"/>
						</TextLine>
						<TextLine ID="line_26" HPOS="154" VPOS="1258" WIDTH="404" HEIGHT="28">
							<String ID="string_196" HPOS="154" VPOS="1260" WIDTH="88" HEIGHT="25" WC="0.96" CONTENT="antaget"/><SP WIDTH="16" VPOS="1260" HPOS="242"/>
							<String ID="string_197" HPOS="258" VPOS="1259" WIDTH="66" HEIGHT="26" WC="0.95" CONTENT="enligt"/><SP WIDTH="12" VPOS="1259" HPOS="324"/>
							<String ID="string_198" HPOS="336" VPOS="1258" WIDTH="122" HEIGHT="22" WC="0.96" CONTENT="Utskottets"/><SP WIDTH="14" VPOS="1258" HPOS="458"/>
							<String ID="string_199" HPOS="472" VPOS="1259" WIDTH="86" HEIGHT="27" WC="0.95" CONTENT="förslag."/>
						</TextLine>
					</TextBlock>
				</ComposedBlock>
				<ComposedBlock ID="cblock_12" HPOS="223" VPOS="1316" WIDTH="548" HEIGHT="113">
					<TextBlock ID="block_11" HPOS="223" VPOS="1316" WIDTH="548" HEIGHT="113">
						<TextLine ID="line_27" HPOS="223" VPOS="1316" WIDTH="548" HEIGHT="27">
							<String ID="string_200" HPOS="223" VPOS="1317" WIDTH="25" HEIGHT="26" WC="0.72" CONTENT="$$"/><SP WIDTH="18" VPOS="1317" HPOS="248"/>
							<String ID="string_201" HPOS="266" VPOS="1317" WIDTH="82" HEIGHT="20" WC="0.89" CONTENT="16—23"/><SP WIDTH="15" VPOS="1317" HPOS="348"/>
							<String ID="string_202" HPOS="363" VPOS="1316" WIDTH="70" HEIGHT="22" WC="0.96" CONTENT="blefvo"/><SP WIDTH="17" VPOS="1316" HPOS="433"/>
							<String ID="string_203" HPOS="450" VPOS="1318" WIDTH="50" HEIGHT="20" WC="0.96" CONTENT="utan"/><SP WIDTH="15" VPOS="1318" HPOS="500"/>
							<String ID="string_204" HPOS="515" VPOS="1316" WIDTH="120" HEIGHT="22" WC="0.96" CONTENT="diskussion"/><SP WIDTH="15" VPOS="1316" HPOS="635"/>
							<String ID="string_205" HPOS="650" VPOS="1316" WIDTH="121" HEIGHT="27" WC="0.96" CONTENT="godkända."/>
						</TextLine>
						<TextLine ID="line_28" HPOS="538" VPOS="1403" WIDTH="61" HEIGHT="26">
							<String ID="string_206" HPOS="538" VPOS="1403" WIDTH="11" HEIGHT="26" WC="0.83" CONTENT="8"/><SP WIDTH="16" VPOS="1403" HPOS="549"/>
							<String ID="string_207" HPOS="565" VPOS="1403" WIDTH="34" HEIGHT="20" WC="0.96" CONTENT="24."/>
						</TextLine>
					</TextBlock>
				</ComposedBlock>
				<ComposedBlock ID="cblock_13" HPOS="154" VPOS="1458" WIDTH="829" HEIGHT="86">
					<TextBlock ID="block_12" HPOS="154" VPOS="1458" WIDTH="829" HEIGHT="86">
						<TextLine ID="line_29" HPOS="223" VPOS="1458" WIDTH="760" HEIGHT="28">
							<String ID="string_208" HPOS="223" VPOS="1459" WIDTH="57" HEIGHT="21" WC="0.96" CONTENT="Herr"/><SP WIDTH="15" VPOS="1459" HPOS="280"/>
							<String ID="string_209" HPOS="295" VPOS="1459" WIDTH="146" HEIGHT="26" WC="0.93" CONTENT="Ignatius:"/><SP WIDTH="30" VPOS="1459" HPOS="441"/>
							<String ID="string_210" HPOS="471" VPOS="1458" WIDTH="112" HEIGHT="22" WC="0.92" CONTENT="Utskottet"/><SP WIDTH="14" VPOS="1458" HPOS="583"/>
							<String ID="string_211" HPOS="597" VPOS="1459" WIDTH="39" HEIGHT="22" WC="0.96" CONTENT="har"/><SP WIDTH="14" VPOS="1459" HPOS="636"/>
							<String ID="string_212" HPOS="650" VPOS="1459" WIDTH="40" HEIGHT="21" WC="0.96" CONTENT="här"/><SP WIDTH="15" VPOS="1459" HPOS="690"/>
							<String ID="string_213" HPOS="705" VPOS="1459" WIDTH="29" HEIGHT="27" WC="0.93" CONTENT="pä"/><SP WIDTH="15" VPOS="1459" HPOS="734"/>
							<String ID="string_214" HPOS="749" VPOS="1459" WIDTH="56" HEIGHT="26" WC="0.93" CONTENT="goda"/><SP WIDTH="14" VPOS="1459" HPOS="805"/>
							<String ID="string_215" HPOS="819" VPOS="1459" WIDTH="47" HEIGHT="21" WC="0.90" CONTENT="skäl"/><SP WIDTH="10" VPOS="1459" HPOS="866"/>
							<String ID="string_216" HPOS="876" VPOS="1459" WIDTH="46" HEIGHT="21" WC="0.90" CONTENT="icke"/><SP WIDTH="10" VPOS="1459" HPOS="922"/>
							<String ID="string_217" HPOS="932" VPOS="1459" WIDTH="51" HEIGHT="26" WC="0.92" CONTENT="god-"/>
						</TextLine>
						<TextLine ID="line_30" HPOS="155" VPOS="1487" WIDTH="828" HEIGHT="28">
							<String ID="string_218" HPOS="155" VPOS="1487" WIDTH="53" HEIGHT="21" WC="0.92" CONTENT="känt"/><SP WIDTH="18" VPOS="1487" HPOS="208"/>
							<String ID="string_219" HPOS="226" VPOS="1490" WIDTH="8" HEIGHT="18" WC="0.94" CONTENT="1"/><SP WIDTH="18" VPOS="1490" HPOS="234"/>
							<String ID="string_220" HPOS="252" VPOS="1493" WIDTH="63" HEIGHT="16" WC="0.95" CONTENT="mom."/><SP WIDTH="23" VPOS="1493" HPOS="315"/>
							<String ID="string_221" HPOS="338" VPOS="1487" WIDTH="7" HEIGHT="21" WC="0.93" CONTENT="i"/><SP WIDTH="22" VPOS="1487" HPOS="345"/>
							<String ID="string_222" HPOS="367" VPOS="1487" WIDTH="13" HEIGHT="27" WC="0.88" CONTENT="&amp;"/><SP WIDTH="23" VPOS="1487" HPOS="380"/>
							<String ID="string_223" HPOS="403" VPOS="1488" WIDTH="26" HEIGHT="21" WC="0.96" CONTENT="26"/><SP WIDTH="23" VPOS="1488" HPOS="429"/>
							<String ID="string_224" HPOS="452" VPOS="1487" WIDTH="7" HEIGHT="21" WC="0.95" CONTENT="i"/><SP WIDTH="24" VPOS="1487" HPOS="459"/>
							<String ID="string_225" HPOS="483" VPOS="1487" WIDTH="40" HEIGHT="22" WC="0.92" CONTENT="den"/><SP WIDTH="22" VPOS="1487" HPOS="523"/>
							<String ID="string_226" HPOS="545" VPOS="1488" WIDTH="77" HEIGHT="27" WC="0.92" CONTENT="nädiga"/><SP WIDTH="18" VPOS="1488" HPOS="622"/>
							<String ID="string_227" HPOS="640" VPOS="1487" WIDTH="161" HEIGHT="28" WC="0.96" CONTENT="propositionen"/><SP WIDTH="16" VPOS="1487" HPOS="801"/>
							<String ID="string_228" HPOS="817" VPOS="1487" WIDTH="28" HEIGHT="28" WC="0.96" CONTENT="pä"/><SP WIDTH="14" VPOS="1487" HPOS="845"/>
							<String ID="string_229" HPOS="859" VPOS="1487" WIDTH="41" HEIGHT="22" WC="0.96" CONTENT="den"/><SP WIDTH="15" VPOS="1487" HPOS="900"/>
							<String ID="string_230" HPOS="915" VPOS="1487" WIDTH="68" HEIGHT="27" WC="0.96" CONTENT="grund"/>
						</TextLine>
						<TextLine ID="line_31" HPOS="154" VPOS="1515" WIDTH="829" HEIGHT="29">
							<String ID="string_231" HPOS="154" VPOS="1515" WIDTH="106" HEIGHT="28" WC="0.96" CONTENT="nämligen"/><SP WIDTH="23" VPOS="1515" HPOS="260"/>
							<String ID="string_232" HPOS="283" VPOS="1517" WIDTH="32" HEIGHT="20" WC="0.96" CONTENT="att"/><SP WIDTH="20" VPOS="1517" HPOS="315"/>
							<String ID="string_233" HPOS="335" VPOS="1516" WIDTH="69" HEIGHT="21" WC="0.93" CONTENT="denna"/><SP WIDTH="22" VPOS="1516" HPOS="404"/>
							<String ID="string_234" HPOS="426" VPOS="1516" WIDTH="101" HEIGHT="27" WC="0.93" CONTENT="paragraf"/><SP WIDTH="16" VPOS="1516" HPOS="527"/>
							<String ID="string_235" HPOS="543" VPOS="1516" WIDTH="121" HEIGHT="28" WC="0.92" CONTENT="pätagligen"/><SP WIDTH="16" VPOS="1516" HPOS="664"/>
							<String ID="string_236" HPOS="680" VPOS="1516" WIDTH="55" HEIGHT="22" WC="0.96" CONTENT="lider"/><SP WIDTH="15" VPOS="1516" HPOS="735"/>
							<String ID="string_237" HPOS="750" VPOS="1515" WIDTH="24" HEIGHT="22" WC="0.93" CONTENT="af"/><SP WIDTH="13" VPOS="1515" HPOS="774"/>
							<String ID="string_238" HPOS="787" VPOS="1518" WIDTH="32" HEIGHT="20" WC="0.96" CONTENT="ett"/><SP WIDTH="15" VPOS="1518" HPOS="819"/>
							<String ID="string_239" HPOS="834" VPOS="1516" WIDTH="39" HEIGHT="27" WC="0.96" CONTENT="fel;"/><SP WIDTH="16" VPOS="1516" HPOS="873"/>
							<String ID="string_240" HPOS="889" VPOS="1522" WIDTH="47" HEIGHT="16" WC="0.97" CONTENT="men"/><SP WIDTH="16" VPOS="1522" HPOS="936"/>
							<String ID="string_241" HPOS="952" VPOS="1518" WIDTH="31" HEIGHT="20" WC="0.96" CONTENT="ett"/>
						</TextLine>
					</TextBlock>
				</ComposedBlock>
			</PrintSpace>
		</Page>
	</Layout>
</alto>
