1070 1795
272 123 180 21 Borgareständet
467 123 56 17 1877.
548 123 20 16 11
582 122 98 17 Oktober.
830 119 55 35 1113

57 191 119 28 egentligen
192 192 46 21 icke
253 192 6 21 i
275 192 65 21 saken
356 193 51 20 utan
424 191 75 22 endast
515 192 6 21 i
532 191 80 21 formen
624 191 73 26 skiljer
707 191 33 27 sig
751 191 46 21 från
808 191 77 22 redak-

58 221 72 21 tionen
152 220 6 21 i
181 220 121 22 Utskottets
325 220 141 21 betänkande.
496 219 41 27 Jag
559 220 38 21 ber
618 222 33 19 att
673 221 57 20 ännu
753 226 24 15 en
793 221 56 26 gång
865 220 21 21 få

57 249 90 27 uppläsa
169 249 105 21 hvardera
296 248 137 22 redaktionen
450 248 32 21 för
497 251 33 18 att
545 248 132 27 ådagalägga
692 248 113 21 skilnaden
821 249 64 20 emel-

57 277 35 21 lan
116 277 54 21 dem.
201 277 120 22 Utskottets
344 277 135 21 betänkande
503 277 68 26 lyder:
587 277 159 27 ,skyldigheten
762 279 31 19 att
809 279 76 24 utgöra

58 306 114 27 hållskjuts
195 306 39 21 och
256 305 124 22 underhålla
403 305 176 28 gästgifverierne
602 306 26 26 på
652 305 72 21 landet
746 306 80 26 åligger
841 305 44 22 tills

58 334 72 21 vidare
146 334 27 21 all
189 334 7 21 i
212 335 80 20 mantal
307 337 43 18 satt
362 335 49 26 jord
427 341 46 14 som
490 334 45 21 icke
551 340 75 20 genom
640 334 105 27 grundlag
756 334 52 21 eller
819 334 66 21 andra

59 363 141 26 öfverhetliga
222 363 131 28 stadganden
376 365 24 19 är
424 363 92 21 derifrån
541 362 91 26 befriad;
649 363 39 20 och
704 363 96 26 deltager
815 363 71 21 denna

55 392 49 27 jord
125 392 31 21 uti
178 392 92 21 nämnda
292 391 74 22 besvär
380 391 54 22 efter
450 392 49 22 dess
514 397 75 21 genom
605 391 154 27 uppskattning
774 391 52 21 eller
841 391 44 22 för-

58 420 93 27 medling
174 421 111 21 tillkomna
307 426 41 22 nya
370 420 99 22 mantal”.
500 420 32 21 En
555 420 22 21 af
597 421 54 20 Herr
666 420 82 21 Kurtén
765 420 119 27 föreslagen

59 448 173 27 omformulering
247 449 95 21 deremot
358 449 68 27 lyder:
442 450 46 25 ,vid
504 449 78 20 allmän
599 449 69 20 lands-
685 448 38 21 och
740 450 72 26 sjöväg
824 448 62 22 skola

58 478 77 26 nödiga
150 477 148 28 gästgifverier
313 483 49 16 vara
378 478 38 20 der
431 477 90 22 resande
537 478 72 20 kunna
624 477 80 21 erhålla
716 477 108 27 herberge,
836 478 49 21 kost

59 505 40 22 och
115 506 67 27 skjuts
198 509 58 18 emot
271 506 65 21 sådan
352 506 119 26 ersättning
486 512 45 15 som
548 507 96 20 deremot
656 505 95 28 skäligen
762 512 73 15 svarar
845 506 39 21 och

59 535 5 20 i
82 535 69 21 denna
172 535 123 27 förordning
316 537 96 19 närmare
429 535 148 21 bestämmes".
608 535 40 26 Jag
664 534 73 27 tycker
752 537 32 18 att
799 535 85 21 skillna-

59 564 40 21 den
123 563 89 22 emellan
236 564 62 21 dessa
319 566 76 19 tvenne
413 563 138 21 redaktioner
566 563 46 21 icke
627 565 24 18 är
667 563 123 26 oväsentlig.
820 563 11 22 1
847 563 38 22 Ut-

58 592 93 22 skottets
166 592 79 26 förslag
261 591 57 22 såväl
334 598 43 15 som
394 592 6 21 i
416 592 41 21 den
473 592 78 26 nådiga
565 591 171 27 Propositionen,
748 592 35 21 vill
795 598 47 15 man
852 591 32 22 till

58 621 35 26 lag
115 621 93 26 upphöja
231 623 31 18 ett
277 621 119 26 åliggande,
412 627 44 14 som
473 620 77 21 hittills
566 627 57 14 mera
640 620 30 21 till
687 620 51 26 följd
754 620 23 21 af
791 620 50 21 häfd
857 622 28 19 än

58 655 77 21 genom
158 649 124 27 uttryckligt
305 649 75 26 lagbud
397 651 24 19 är
436 649 83 21 åhvälft
531 649 82 27 jorden.
646 649 49 20 Man
712 649 34 21 vill
762 649 69 21 såsom
848 649 36 20 det

58 677 65 22 också
144 678 141 27 uttryckligen
307 677 7 22 i
329 678 107 26 ingressen
452 680 67 24 säges,
536 677 106 27 upphäfva
658 678 26 21 28
700 678 48 27 kap.
765 678 22 21 af
800 677 23 21 B.
840 677 23 21 B.
878 677 6 20 i

59 707 55 20 1734
131 706 33 21 års
181 707 34 26 lag
230 707 38 21 och
285 707 71 20 derför
371 707 61 20 äfven
448 707 40 20 den
502 707 45 26 just
563 707 5 20 i
579 713 81 14 samma
671 706 79 27 kapitel
761 707 56 20 klart
828 709 57 18 utta-

58 735 48 21 lade
127 736 108 26 principen
259 737 31 19 att
312 735 192 27 skjutshållningen
524 735 38 21 bör
577 735 157 26 upprätthållas
749 735 24 20 af
786 734 98 22 trafiken.

58 763 46 22 Den
128 764 118 26 redaktion,
266 764 37 26 jag
326 764 39 21 har
387 763 46 22 haft
457 764 40 21 den
519 765 50 20 äran
586 766 32 19 att
633 763 39 21 här
687 763 91 25 förorda,
795 764 38 21 har
849 763 36 21 det

59 792 118 21 företrädet
192 795 32 18 att
240 793 39 21 den
296 793 43 20 står
354 793 7 20 i
376 792 139 22 konformitet
530 792 47 21 med
596 793 52 20 1734
666 792 34 21 års
715 792 41 26 lag,
772 793 47 20 med
833 792 51 21 hvil-

59 821 40 20 ken
123 821 40 20 den
180 821 60 21 äfven
256 821 198 21 öfverensstämmer
469 821 71 21 deruti
556 823 32 19 att
604 821 39 21 den
659 821 93 26 stadgar,
769 823 32 19 att
816 821 69 26 skjuts

58 849 54 21 skall
128 849 92 22 erhållas
235 852 68 24 ,emot
318 849 64 22 sådan
398 850 121 34 ersättning
533 856 45 15 som
594 849 96 22 deremot
706 850 93 25 skäligen
811 855 74 15 svarar

58 878 39 21 och
121 878 6 21 i
151 878 69 21 denna
242 878 122 27 förordning
383 880 98 19 närmare
497 878 149 21 bestämmes".
677 878 65 21 Detta
758 880 23 19 är
796 878 89 27 ungefär

56 913 83 14 samma
161 907 109 21 uttalande
293 913 44 15 som
351 891 124 47 "återfinnes
497 907 6 21 i
526 907 26 21 28
569 907 47 26 kap.
632 906 26 28 $$
675 907 13 20 3
704 907 39 20 och
759 909 12 18 4
788 907 37 21 der
848 907 36 20 det

58 935 55 21 talas
136 941 33 15 om
193 935 55 21 skild
271 936 123 25 ersättning.
424 935 51 22 Med
496 935 48 21 mitt
559 935 77 26 förslag
652 935 32 21 till
700 935 146 22 omredaktion
863 935 23 21 af

58 964 91 25 denna
137 959 14 36 $
165 964 81 27 åsyftar
266 964 37 27 jag
325 964 97 27 föröfrigt
444 964 47 21 icke
514 966 31 19 ett
568 964 136 21 förkastande
726 964 22 21 af
762 963 122 22 Utskottets

58 992 134 22 betänkande
216 993 6 20 i
246 993 47 21 dess
316 993 78 24 helhet,
419 995 21 24 ty
454 993 38 26 jag
507 993 68 21 skulle
592 992 32 21 för
640 993 41 20 min
698 993 34 20 del
749 999 49 14 vara
814 992 69 26 färdig

57 1023 32 19 att
112 1021 85 21 förorda
212 1022 60 21 detta
287 1021 134 22 betänkande
437 1021 7 21 i
460 1022 49 20 dess
525 1021 195 26 hufvudsakligaste
736 1021 64 26 delar,
816 1021 67 21 ehurn

55 1049 37 26 jag
113 1049 122 27 visserligen
251 1049 39 22 har
305 1049 165 27 anmärkningar
486 1052 33 19 att
533 1052 52 25 göra
601 1052 56 19 emot
673 1051 66 26 några
755 1049 128 27 paragrafer.

57 1077 73 22 Skulle
146 1079 48 20 mitt
210 1078 79 27 förslag
305 1079 74 20 endast
395 1078 62 21 hafva
473 1079 64 20 afsett
553 1085 25 14 en
595 1078 121 27 formfråga,
732 1079 24 20 så
771 1078 67 21 skulle
847 1078 37 27 jag

56 1106 134 27 sannerligen.
207 1107 44 21 icke
267 1107 85 21 dermed
368 1107 63 21 hafva
444 1107 99 27 upptagit
555 1107 99 21 Ståndets
666 1107 30 21 tid
708 1113 25 15 en
745 1107 54 21 enda
809 1107 74 25 minut,

57 1137 22 25 ty
95 1135 206 27 skjutsningsfrågan
323 1137 24 20 är
362 1139 51 18 utan
430 1136 39 21 allt
485 1135 72 22 tvifvel
573 1142 26 15 en
615 1135 22 21 af
651 1136 26 21 de
693 1138 53 19 mest
762 1135 121 22 brännande

57 1163 72 27 frågor
151 1170 44 15 som
219 1164 101 27 föreligga
342 1164 68 21 denna
426 1164 113 27 Landtdag
554 1164 33 21 till
602 1164 116 27 afgörande
734 1164 39 21 och
787 1165 36 26 jag
838 1166 46 19 tror

46 1192 63 27 icke,
120 1194 32 19 att
167 1192 35 21 det
218 1193 66 21 under
299 1193 75 21 sådant
390 1193 135 21 förhållande
540 1199 50 15 vore
605 1193 97 26 lämpligt
717 1195 32 19 att
760 1193 80 21 riskera
851 1194 34 19 att

56 1221 87 21 komma
166 1221 32 21 till
221 1223 31 19 ett
274 1221 67 26 dåligt
364 1222 90 21 resultat
471 1221 54 22 blott
541 1221 33 21 till
589 1221 51 27 följd
656 1222 22 20 af
692 1223 32 20 ett
738 1221 102 21 öfverflöd
856 1221 27 26 på

57 1249 214 28 förbättringsplaner
287 1251 6 20 i
309 1249 99 22 afseende
424 1250 12 21 å
452 1250 41 21 den
510 1253 65 24 tunga
590 1250 19 21 vi
626 1257 27 14 nu
670 1250 52 21 böra
737 1251 52 20 söka
804 1252 32 19 att
852 1249 31 22 af-

56 1279 58 26 lyfta.
144 1277 41 27 Jag
200 1281 46 18 tror
261 1278 98 27 föröfrigt
374 1281 32 18 att
422 1279 68 21 under
505 1279 127 26 föregående
648 1279 56 21 tider
715 1279 167 21 missförhällan-

57 1307 36 21 det
107 1306 91 21 emellan
214 1307 142 27 skjutslegans
372 1307 76 27 belopp
465 1307 40 22 och
522 1307 26 21 de
563 1307 93 22 rådande
670 1307 212 27 prisförhållandena,

57 1335 68 27 aldrig
149 1335 55 21 varit
220 1337 23 19 så
258 1338 55 18 stort
328 1342 45 14 som
389 1342 33 14 nu.
453 1336 34 21 De
503 1336 113 26 uppgifter,
632 1342 45 15 som
694 1336 66 21 finnas
775 1336 6 20 i
795 1335 87 22 Utskot-

55 1366 43 18 tets
114 1363 141 26 betänkande,
271 1364 38 21 och
324 1370 45 15 som
386 1364 65 21 redan
468 1364 67 22 under
551 1364 127 27 föregående
693 1364 125 27 landtdagar
834 1364 48 20 blif-

56 1392 30 21 vit
107 1392 101 26 samlade,
232 1393 131 27 ådagalägga
385 1395 32 19 att
439 1393 133 27 skjutslegan
596 1394 6 20 i
625 1393 132 22 förhållande
773 1393 30 21 till
819 1395 14 18 t.
851 1399 31 14 ex.

55 1421 195 26 spannmålsprisen
266 1421 5 21 i
287 1422 59 21 äldre
362 1421 54 22 tider
431 1428 39 15 var
487 1421 103 27 betydligt
605 1421 65 28 högre
686 1424 27 19 än
728 1422 54 21 hvad
798 1421 40 21 den
854 1427 29 15 nu

55 1451 30 19 är.
117 1449 78 22 Härtill
217 1450 42 21 kan
281 1452 55 19 ännu
360 1450 106 27 tilläggas,
491 1453 32 18 att
546 1450 68 27 aldrig
634 1451 58 20 förut
707 1457 25 14 en
748 1451 23 20 så
787 1450 48 26 lång
851 1449 32 22 tid

55 1477 91 22 förflutit
169 1478 65 21 sedan
256 1479 131 26 skjutslegan
410 1479 119 26 undergick
544 1485 25 15 en
585 1479 127 27 förhöjning.
743 1479 44 21 Den
803 1478 7 21 i
829 1478 53 21 1734

54 1507 36 21 års
105 1506 35 27 lag
155 1509 82 19 utsatta
252 1507 130 28 skjutslegan
399 1507 75 27 höjdes
491 1507 52 22 först
561 1508 53 21 1756
631 1507 39 22 och
686 1507 120 22 sedermera
816 1509 66 25 ytter-
