1070 1795
307 120 179 21 Borgareståndet
499 120 55 17 1877.
578 121 23 16 31
615 119 97 18 Oktober.
866 115 53 20 1527

91 189 42 22 han
156 189 54 21 dock
222 184 14 36 i
262 189 84 21 tillfälle
362 190 32 20 att
408 189 59 26 gifva
482 189 43 27 mig
541 190 31 20 ett
587 189 45 24 råd,
648 189 55 21 huru
717 189 35 26 jag
768 188 48 22 bort
831 189 6 20 i
853 188 66 22 saken

92 218 120 27 tillvägagå.
241 217 73 27 Enligt
336 217 56 22 Herr
414 217 94 22 Kurténs
530 217 138 22 förmenande
684 217 54 21 hade
754 217 73 26 frågan
843 223 34 15 om
893 223 27 15 en

90 246 72 21 skolas
185 245 128 27 behöflighet
335 246 47 21 icke
405 246 49 21 bort
469 246 74 21 ställas
558 247 7 20 i
581 246 103 21 samband
700 246 47 21 med
762 245 157 28 folkmängden,

91 274 177 22 utan
154 270 12 36 i
174 274 94 22 samband
284 275 48 21 med
348 275 41 21 den
404 274 131 27 folkmängd,
550 281 46 15 som
611 275 40 21 har
666 275 38 21 råd
720 276 33 19 att
767 275 90 21 bekosta
873 275 46 20 sina

91 303 53 21 barn
159 303 7 21 i
180 303 72 22 skolor
274 303 39 22 och
336 303 72 21 derför
430 303 55 22 hade
497 303 38 27 jag
550 303 49 21 bort
614 303 104 27 genomgå
733 303 186 28 bevillningsläng-

91 332 73 26 derna,
183 332 27 21 då
231 331 42 22 har
288 332 108 21 förmodar
411 334 33 19 att
456 332 38 27 jag
509 332 69 21 skulle
593 332 90 21 kommit
698 331 33 21 till
747 334 31 19 ett
793 331 46 22 helt
854 333 66 20 annat

91 360 96 25 resultat,
209 361 96 26 troligen,
328 362 60 25 säger
411 360 56 21 Herr
488 360 88 27 Kurtén,
593 361 46 20 icke
660 360 22 21 så
704 360 105 27 skriande,
824 367 48 14 men
889 362 30 19 ett

91 389 95 27 resultat,
208 396 46 15 som
276 389 8 21 i
306 389 72 27 hvarje
401 389 37 21 fall
461 389 55 22 hade
537 389 114 27 ådagalagt
674 391 30 19 ett
727 389 192 21 missförhållande.

89 418 42 27 Jag
146 418 67 22 måste
228 418 98 22 bekänna
348 420 33 19 att
396 418 56 21 Herr
467 418 95 21 Kurténs
577 418 56 26 åsigt
648 418 6 20 i
671 418 68 21 denna
754 418 38 21 sak
803 418 116 27 ingalunda

91 447 60 21 torde
174 447 70 21 kunna
266 446 64 21 hafva
348 446 93 27 anspråk
456 448 28 25 på
499 449 33 18 att
547 446 116 27 efterföljas
679 446 23 21 af
716 446 69 27 någon
800 446 119 21 statistiker

90 475 7 20 i
112 475 92 22 verlden.
234 475 42 21 Det
291 481 50 15 vore
356 477 32 19 att
404 475 139 21 underkänna
558 477 32 19 ett
604 475 90 21 allmänt
708 475 67 21 kännt
790 474 81 22 faktum
887 476 32 20 att

90 503 46 22 från
160 505 40 20 den
215 506 55 19 mest
284 503 116 22 medellösa
414 504 188 21 samhällsklassen
618 504 90 26 mången
730 504 55 26 gång
807 504 70 27 utgått
893 503 26 22 de

90 535 55 19 mest
160 533 141 21 framstående
317 534 54 24 män,
387 539 45 14 som
448 533 101 21 nationen
572 532 53 21 haft.
655 533 43 20 Det
720 531 67 22 finnes
803 533 24 20 så
842 532 76 27 många

89 561 41 22 och
146 561 149 26 oberäkneliga
311 561 101 26 faktorer,
428 567 46 15 som
498 561 71 21 kunna
592 561 68 21 förmå
680 561 124 21 menniskan
819 563 33 19 att
867 561 52 20 söka

91 589 101 28 bildning,
215 590 75 21 främst
312 589 56 27 vilja,
392 589 121 27 ihärdighet
535 590 40 21 och
597 589 109 26 fallenhet,
730 592 32 19 att
777 590 6 20 i
796 589 122 27 jemförelse

90 619 49 21 med
160 619 47 21 dem
224 619 25 21 de
271 618 138 21 ekonomiska
428 619 209 26 omständigheterna
653 619 59 26 spela
728 625 25 14 en
769 618 149 21 underordnad

90 647 45 22 roll.
166 647 66 22 Minst
254 647 22 21 af
297 647 43 21 alla
362 647 42 21 kan
426 647 206 27 bildningsbehofvet
647 647 105 21 beräknas
767 647 54 21 efter
837 646 81 21 inkom-

89 678 77 19 sterna.

159 732 55 21 Herr
236 732 158 21 Ahlström:
417 733 56 20 Herr
497 733 82 21 Kurtén
602 733 99 21 framhöll
721 735 33 19 att
768 733 57 21 Herr
840 732 77 27 Ignatii

89 761 119 21 statistiska
231 761 107 27 uppgifter
360 761 111 27 angående
491 762 26 21 de
532 761 68 22 finska
615 762 39 21 och
670 762 91 21 svenska
775 761 86 22 talande
877 761 41 21 ele-

90 795 74 16 vernas
186 790 59 21 antal
267 790 7 20 i
296 789 91 22 Finland
409 790 68 21 skulle
501 797 50 14 vara
574 790 110 22 ohållbara
708 790 39 21 och
768 790 107 27 häntydde
891 790 27 27 på

89 824 27 15 en
139 824 69 15 annan
228 819 75 26 grund,
324 819 27 26 på
370 819 86 21 hvilken
472 819 57 21 Herr
543 819 95 26 Ignatius
654 819 54 21 hade
724 819 49 21 bort
788 819 69 26 bygga
872 819 46 21 sina

89 846 147 27 beräkningar.
267 847 59 21 Hans
348 847 56 27 åsigt
426 849 25 20 är
469 848 48 25 den,
533 851 32 18 att
581 849 47 24 den,
644 854 46 15 som
706 848 47 21 icke
768 848 63 21 orkar
847 847 71 22 betala

90 875 69 26 någon
181 875 120 27 bevillning,
315 875 43 22 han
374 878 24 19 är
413 876 66 21 också
494 877 47 20 icke
556 876 120 26 berättigad
692 879 33 18 att
739 877 95 20 inhemta
849 877 68 25 någon

89 904 96 27 kunskap
201 905 7 20 i
224 904 68 27 någon
313 904 67 27 högre
401 905 67 22 skola.
499 905 50 22 Men
565 905 53 21 efter
635 905 69 21 denna
718 905 68 27 grund
803 905 39 21 och
857 911 61 14 norm

89 933 24 20 så
135 933 68 21 skulle
225 939 48 15 man
296 933 84 21 komma
403 933 88 22 alldeles
515 934 27 27 på
557 934 121 26 villovägar.
709 934 64 21 Först
788 933 39 22 och
843 933 75 21 främst

89 963 36 20 vet
144 961 37 26 jag
202 963 33 20 att
257 961 105 28 allmogen
378 963 27 26 på
420 962 74 21 landet
510 963 45 20 haft
570 962 42 21 alla
628 962 86 27 möjliga
729 962 110 27 utskylder
854 962 63 21 innan

89 989 142 28 bevillningen
253 990 90 26 tillkom,
367 991 112 21 hvaremot
495 991 227 21 herremannaklassen
738 991 57 21 förut
810 991 47 20 icke
872 990 46 21 haft

89 1019 69 26 någon
181 1025 69 15 annan
273 1019 65 26 utgift
360 1019 33 21 till
414 1021 79 25 staten,
515 1022 27 19 än
562 1020 32 21 sin
610 1019 119 27 personella
745 1019 63 26 skatt,
825 1026 26 15 en
866 1019 52 21 eller

89 1047 36 21 två
140 1048 67 21 mark.
237 1048 227 21 Landskommunerna
480 1048 54 21 hade
551 1049 39 20 och
605 1048 63 21 hafva
684 1049 45 20 sina
742 1048 138 27 jordskatter,
892 1048 25 21 de

89 1076 87 27 bidraga
196 1076 33 21 till
244 1077 237 26 landsvägaunderhåll,
498 1077 165 27 hållskjutsning
678 1083 26 15 m.
721 1083 27 15 m.
760 1078 39 26 jag
814 1077 42 20 kan
872 1077 45 20 icke

88 1105 68 20 räkna
176 1111 43 21 upp
242 1105 42 21 alla
307 1105 61 22 dessa
384 1111 72 20 onera,
473 1112 46 15 som
535 1105 63 22 hafva
612 1106 58 26 legat
685 1106 27 27 på
728 1106 189 26 landsbyggderna.

88 1133 39 21 Att
150 1133 106 22 desamma
278 1134 53 25 icke,
355 1134 27 21 då
398 1134 116 27 bevillning
529 1134 130 24 tillkommit,
675 1134 71 21 kunna
762 1135 93 20 belastas
870 1134 48 21 med

89 1161 24 22 så
135 1162 88 27 mycken
239 1162 102 27 taxering,
357 1163 39 20 har
411 1162 46 22 helt
472 1163 73 21 enkelt
560 1163 71 21 berott
646 1163 67 26 derpå
728 1165 32 19 att
776 1163 25 21 de
817 1163 46 20 icke
878 1162 40 21 tålt

88 1197 51 14 mer.
170 1190 42 22 Vill
234 1197 49 14 man
305 1197 29 15 nu
354 1191 53 27 yrka
423 1193 33 20 att
471 1191 76 22 endast
563 1191 32 26 de,
610 1198 46 15 som
671 1192 73 21 kunna
759 1191 71 22 betala
845 1191 73 21 bevill-

88 1219 57 27 ning,
168 1221 38 19 äro
229 1219 134 27 berättigade
386 1222 33 19 att
441 1221 70 20 sända
533 1220 46 21 sina
602 1221 53 20 barn
671 1221 6 20 i
692 1219 86 22 skolor?
794 1220 42 21 Det
851 1219 67 22 finnes

88 1247 119 22 emellertid
227 1248 39 21 hos
288 1254 34 15 oss
338 1250 56 23 män,
411 1255 45 15 som
473 1249 72 27 utgått
561 1249 47 21 från
623 1249 71 27 kojan,
710 1255 47 15 men
773 1249 62 20 dessa
850 1248 68 21 skulle

89 1276 66 27 enligt
177 1277 56 21 Herr
255 1277 94 21 Kurténs
372 1277 56 27 åsigt
447 1278 48 21 icke
511 1278 48 21 bort
574 1284 50 15 vara
640 1278 133 27 berättigade
788 1279 33 19 att
835 1276 83 27 åtnjuta

88 1305 154 27 undervisning.

156 1362 58 22 Herr
235 1362 120 22 Kurtén:
378 1363 42 27 Jag
442 1363 97 21 anhåller
562 1363 76 21 endast
658 1364 7 20 i
680 1362 137 28 förbigående
837 1364 33 20 att
892 1362 26 22 de

89 1390 75 27 talare,
188 1397 44 15 som
255 1392 93 21 referera
363 1393 57 20 mina
436 1392 88 27 åsigter,
540 1392 50 27 vilja
605 1395 51 24 göra
672 1393 36 20 det
723 1392 71 27 ärligt.
824 1392 41 26 Jag
880 1391 39 21 har

88 1421 48 26 sagt
159 1421 32 20 att
214 1421 36 20 det
272 1421 39 20 har
330 1420 60 27 gladt
405 1421 94 21 Finland
515 1423 32 19 att
561 1421 62 21 äfven
638 1423 64 19 söner
716 1421 47 22 från
778 1420 77 27 fattiga
870 1419 49 22 hem

87 1448 82 21 kunnat
191 1449 53 21 söka
266 1449 95 27 bildning
376 1449 40 22 och
432 1450 48 21 nått
495 1450 81 27 platser
591 1449 27 28 på
633 1449 123 22 samhällets
771 1449 84 27 höjder;
871 1454 47 16 men

84 1477 38 26 jag
142 1477 39 22 har
204 1477 101 28 derjemte
327 1480 47 25 sagt
396 1480 34 19 att
449 1478 39 27 jag
511 1480 45 20 tror
578 1481 33 18 att
635 1485 49 14 man
699 1478 7 21 i
720 1479 61 26 fråga
795 1483 35 16 om
845 1477 74 22 behof-

88 1508 35 19 vet
145 1506 22 21 af
187 1506 72 21 skolor
281 1506 96 22 kommer
400 1507 119 27 sanningen
541 1509 98 20 närmare
662 1513 34 16 om
718 1513 48 15 man
781 1508 39 25 gör
835 1512 42 21 upp
892 1512 26 16 en
