1070 1795
266 131 179 21 Borgareståndet
457 131 56 17 1877.
538 132 19 17 11
570 131 98 18 Oktober.
829 126 54 22 1105

54 199 160 28 propositionen
237 199 93 25 grundar
345 199 38 26 sig,
400 199 39 21 har
454 200 68 26 gjorts
537 199 94 27 omöjlig.
661 193 100 28 Äterstär
776 199 84 22 säledes
876 200 7 21 i

55 229 42 20 min
119 227 63 22 tanke
204 228 76 21 endast
302 227 122 22 Utskottets
439 227 146 27 betänkande;
603 228 39 21 och
657 228 33 21 för
706 228 42 21 min
765 228 33 21 del
815 227 68 23 mäste

52 257 37 26 jag
112 262 50 15 anse
182 258 32 19 att
232 257 37 20 det
284 256 38 21 har
337 256 42 21 löst
395 256 74 27 frägan
486 256 33 21 för
535 256 133 22 närvarande
683 257 27 26 pä
727 259 31 19 ett
774 256 49 22 fullt
839 257 44 21 till-

55 284 162 22 fredsställande
238 287 49 19 sätt.
317 285 39 21 Att
373 284 192 28 skjutshällningen
582 285 38 21 och
637 285 134 22 underhället
787 285 23 22 af
823 287 60 26 gäst-

54 313 125 27 gifverierne
202 315 24 20 är
247 316 31 19 ett
300 314 39 21 den
360 313 221 27 icke-privilegierade
601 313 77 27 jorden
700 313 113 28 äliggande
829 320 54 15 onus

55 342 62 21 torde
136 342 61 27 ingen
214 343 72 20 kunna
301 342 99 21 bestrida.
432 342 47 21 Den
495 348 44 15 som
556 342 62 27 eljest
633 342 47 21 icke
695 342 39 21 har
750 343 51 21 reda
816 343 67 26 derpä

55 370 42 21 kan
116 371 94 21 inhemta
232 371 36 21 det
283 371 6 20 i
306 371 24 20 de
346 370 50 21 flere
412 371 81 26 lagrum
509 377 46 15 som
572 373 37 19 äro
625 371 139 26 uppräknade
780 371 7 21 i
802 371 81 25 ingres-

55 405 43 15 sen.
129 400 41 27 Jag
192 406 62 15 anser
274 399 64 21 också
352 401 33 19 att
400 399 69 21 denna
485 401 13 25 8
513 399 103 27 försöker,
632 399 68 22 sävidt
715 400 66 21 under
796 399 87 22 förhan-

55 428 135 22 denvarande
211 428 146 21 förhällanden
380 430 24 19 är
426 428 89 27 möjligt;
531 430 74 20 närma
620 428 65 21 saken
702 428 33 22 till
751 430 39 20 den
806 429 76 26 punkt,

55 458 32 19 att
108 457 7 20 i
137 463 25 15 en
186 457 93 24 framtid,
298 462 33 15 om
348 456 64 21 ocksä
428 457 99 26 möjligen
543 457 99 26 aflägsen,
659 457 39 21 den
715 457 94 21 erkända
824 457 59 27 prin-

54 485 61 26 cipen
137 487 32 20 att
191 485 189 26 skjutshällningen
396 485 55 21 skall
464 486 52 20 bära
531 486 32 26 sig
577 485 49 26 sjelf
641 485 42 21 kan
699 485 65 21 blifva
779 492 25 15 en
821 486 60 22 verk-

55 513 71 27 lighet.
156 514 37 21 Uti
209 514 85 26 Sverige
311 514 39 21 har
364 520 49 15 man
430 514 65 21 ocksä
509 513 82 27 ganska
605 513 85 28 mycket
706 515 83 20 närmat
804 515 33 26 sig
849 514 31 21 till

55 542 69 21 denna
146 543 86 26 princip,
255 543 7 20 i
284 542 100 21 händelse
407 549 49 14 man
479 543 34 21 fär
533 545 32 18 tro
582 543 26 20 de
623 541 69 23 siffror
707 549 46 15 som
769 543 113 21 Utskottet

56 571 38 21 har
116 571 70 21 anfört
208 572 27 26 pä
257 571 84 21 sidorna
364 571 28 21 20
408 571 39 21 och
464 573 25 19 21
506 572 7 20 i
529 571 36 21 sitt
581 571 144 26 betänkande;
742 571 39 22 och
797 574 32 19 att
844 571 37 22 be-

55 599 60 22 tvifla
130 600 62 21 deras
205 599 102 27 riktighet
322 599 61 22 faller
399 599 42 27 mig
457 600 46 21 icke
519 606 37 15 ens
571 600 28 21 in.
630 599 44 22 Der
689 601 24 20 är
728 600 105 27 nemligen
848 602 33 19 ut-

55 629 54 24 redt,
133 631 32 18 att
187 629 23 20 af
229 628 25 21 de
272 629 60 25 1,559
348 628 155 27 gästgifverier,
519 634 46 15 som
581 628 68 21 finnas
665 629 6 20 i
687 628 94 27 Sverige,
796 628 28 27 pä
839 629 43 20 269

55 657 76 21 ställen
154 659 161 24 entreprenörer
338 657 67 21 finnas
420 663 45 15 som
483 657 126 22 underhålla
623 657 191 27 skjutshällningen
830 660 51 18 utan

55 691 69 16 annan
147 686 117 25 ersättning
286 687 26 20 än
336 685 138 27 skjutslegan.
503 685 130 27 Ytterligare
656 685 99 27 upplyses
777 688 32 19 att
826 686 55 21 1875

55 714 120 21 existerade
197 715 33 20 vid
256 715 26 20 97
305 714 148 27 gästgifverier
475 717 163 24 entreprenörer
652 716 51 19 utan
720 721 68 14 annan
804 716 77 19 ersätt-

56 743 50 26 ning
128 745 26 18 än
178 743 116 26 skjutslega
316 743 23 21 af
352 749 25 15 en
395 743 66 21 krona
477 743 60 27 tjugu
553 745 44 19 öre.
627 743 42 21 Fär
684 749 48 15 man
748 745 85 24 antaga,
848 745 33 19 att

55 771 28 21 dä
99 771 211 27 entreprenadstiden
333 771 33 21 för
382 771 62 21 dessa
459 772 132 21 sistnämnde
606 771 69 27 utgår,
691 773 190 25 entreprenörerne

56 799 99 22 fortsätta
171 800 47 21 med
234 800 37 21 sitt
286 800 104 25 åtagande
406 802 34 19 att
455 802 52 19 utan
523 802 66 19 annat
604 800 76 27 bidrag
695 802 26 19 än
734 801 39 20 den
785 800 97 27 förhöjda

56 829 61 26 legan
140 829 89 21 bekosta
251 829 197 26 skjutshällningen,
471 829 40 21 och
534 831 33 19 att
585 835 48 15 man
650 829 144 26 följakteligen
810 829 71 21 kunde

57 857 62 26 lägga
142 857 59 21 detta
222 857 57 21 antal
303 857 30 22 till
358 857 39 22 den
421 857 58 22 förra
499 864 102 19 summan,
618 858 24 21 sä
657 857 67 22 skulle
741 860 31 19 ett
787 857 58 21 antal
861 857 22 21 af

56 886 65 21 minst
142 886 40 21 357
205 886 146 27 gästgifverier
374 885 98 24 erhällas,
493 887 38 20 der
551 889 65 18 annat
632 886 75 27 bidrag
722 887 27 20 än
764 885 118 27 skjutslega

56 914 46 21 icke
117 915 69 26 utgår.
215 915 64 20 Detta
295 917 61 24 utgör
372 915 66 21 redan
454 915 90 26 ungefär
559 915 93 27 tjugotre
668 915 39 21 och
724 921 25 15 en
765 914 46 21 half
825 920 56 21 proc.

55 943 23 20 af
93 943 81 21 antalet
188 943 147 27 gästgifverier
350 944 5 20 i
372 943 94 27 Sverige.
497 944 40 21 Att
552 943 62 21 dessa
628 949 124 21 gynsamma
767 943 115 21 förhällan-

56 971 40 21 den
112 971 124 28 ytterligare
250 971 59 22 skola
324 972 123 25 förbättras,
464 974 33 19 att
509 979 49 14 man
574 973 47 20 med
638 972 108 27 framgäng
762 971 54 21 skall
829 971 53 22 fort-

56 999 73 22 skrida
151 1000 27 27 pä
201 1001 69 20 denna
290 1001 60 24 bana,
373 1006 62 15 anser
452 1001 39 26 jag
510 1001 47 21 icke
572 1001 52 21 böra
639 1001 27 26 pä
682 1001 76 21 minsta
773 1002 43 19 sätt
831 1006 51 15 vara

55 1028 72 22 tvifvel
150 1029 160 25 underkastadt,
334 1031 51 19 utan
409 1031 24 19 är
448 1031 93 20 tvärtom
557 1029 125 27 öfvertygad
698 1029 72 21 derom
786 1030 33 19 att
833 1029 7 20 i
855 1035 27 14 en

56 1057 85 21 framtid
157 1058 29 21 all
202 1057 163 28 skjutshällning
376 1057 54 22 skall
441 1058 73 21 kunna
526 1058 27 27 pä
564 1058 140 27 entreprenad
716 1057 97 27 upplätas
824 1059 58 19 emot

56 1085 96 22 bestämd
173 1087 53 26 lega,
242 1092 45 15 som
304 1086 134 27 naturligtvis
454 1087 53 21 efter
523 1087 208 21 ortsförhällandena
746 1087 39 20 bör
801 1085 27 28 pä
844 1086 38 21 bil-

56 1115 39 26 ligt
116 1116 44 19 sätt
175 1117 108 19 motsvara
298 1115 36 21 det
349 1121 59 19 onus,
424 1121 46 15 som
488 1115 86 21 dermed
589 1117 24 19 är
628 1115 105 21 förenadt.
763 1115 39 20 Att
817 1114 66 27 nägot

56 1145 88 19 motsatt
167 1143 131 22 förhällande
319 1143 39 22 hos
380 1149 34 16 oss
438 1143 55 22 skall
512 1143 67 22 blifva
600 1143 105 27 gällande,
728 1143 41 21 kan
786 1143 34 26 jag
836 1143 46 21 icke

56 1171 110 22 föreställa
188 1172 48 27 mig.
266 1172 99 21 Tvärtom
385 1175 46 18 tror
448 1173 38 26 jag
501 1175 32 18 att
548 1173 65 20 saken
630 1172 131 27 småningom
774 1171 54 22 skall
844 1171 39 22 hos

55 1206 35 15 oss
112 1201 92 26 gestalta
227 1201 31 26 sig
280 1202 26 26 pä
326 1207 81 15 samma
428 1203 51 19 sätt.
510 1201 38 21 Ett
571 1201 68 21 vilkor
654 1203 24 18 är
694 1201 53 21 dock
763 1200 71 21 dervid
850 1201 33 20 att

57 1232 49 23 taga
121 1229 6 20 i
141 1229 148 26 betraktande,
306 1229 103 27 nemligen
426 1232 32 19 att
475 1230 131 27 skjutslegan
621 1229 59 27 höjes
696 1229 32 21 till
744 1229 23 21 sä
782 1230 55 20 stort
847 1228 36 21 be-

56 1258 56 26 lopp,
135 1259 32 20 att
188 1258 40 21 den
247 1258 56 21 helst
318 1258 65 27 nägot
398 1258 24 21 sä
438 1260 40 19 när
493 1260 119 19 motsvarar
627 1258 99 21 besväret
740 1258 28 27 pä
781 1258 26 21 de
822 1257 61 21 flesta

55 1288 65 19 orter.
151 1286 183 27 Undantagsorter
356 1287 60 21 skola
438 1287 56 21 dock
517 1287 61 21 alltid
600 1287 74 25 finnas,
698 1287 37 20 der
753 1285 130 28 skjutslegan

55 1315 46 21 icke
117 1315 41 20 kan
175 1315 60 27 höjas
250 1315 23 21 sä
289 1315 89 27 mycket,
394 1317 32 19 att
442 1315 41 21 den
494 1315 68 22 skulle
573 1317 106 19 motsvara
690 1315 35 21 det
736 1315 75 21 besvär
823 1315 61 20 hvar-

55 1343 33 21 för
103 1344 40 20 den
159 1343 39 21 bör
216 1346 77 24 utgöra
311 1344 123 26 ersättning.
467 1344 33 20 Då
515 1344 37 20 det
567 1344 6 20 i
590 1344 13 26 $
620 1346 9 18 1
646 1343 104 27 ingående
765 1343 118 26 stadgande

55 1372 107 21 dessutom
180 1372 74 22 endast
270 1374 24 19 är
309 1374 31 19 ett
356 1372 253 27 öfvergängsstadgande,
625 1375 46 18 tror
684 1372 36 27 jag
736 1372 32 21 för
783 1372 43 21 min
843 1371 40 27 del,

55 1402 33 19 att
111 1401 12 26 &
148 1401 39 21 bör
208 1401 71 22 kunna
294 1401 123 27 godkännas
434 1401 67 21 sädan
517 1401 40 22 den
573 1401 65 27 lyder.
668 1401 76 26 Nägon
760 1399 123 23 äterremiss

55 1429 42 21 kan
117 1429 37 27 jag
174 1429 46 22 icke
242 1430 111 27 medgifva,
377 1430 90 21 emedan
484 1436 47 15 man
548 1429 70 22 derti!l
634 1430 79 21 saknar
727 1430 29 21 all
771 1428 60 29 giltig
846 1434 38 15 an-

55 1457 92 28 ledning,
170 1458 28 21 dä
219 1459 77 21 sädant
317 1459 69 21 skulle
401 1458 39 21 ske
456 1459 77 21 endast
548 1459 27 26 pä
591 1460 31 19 ett
637 1458 111 27 obestyrkt
763 1457 120 25 antagande

55 1488 33 19 att
103 1488 31 19 ett
149 1489 65 19 annat
234 1487 68 22 Ständ
316 1487 56 27 gjort
387 1487 66 26 nägot
469 1487 76 27 dylikt.
575 1487 113 21 Dessutom
705 1487 60 21 torde
781 1486 17 27 ej
815 1485 69 22 heller

55 1515 58 21 tiden
130 1515 32 22 för
178 1515 140 28 landtdagens
334 1516 94 21 fortvaro
445 1515 71 22 tilläta
532 1515 67 28 nägra
613 1515 81 22 sädana
709 1515 104 22 remisser.

791 1554 24 17 70
