1070 1795
271 140 179 21 Borgareståndet
463 141 53 16 1877.
541 141 12 16 5
567 140 98 17 Oktober.
828 137 53 20 1063

122 209 100 22 Härefter
244 209 108 28 föredrogs
376 209 36 21 det
434 209 12 20 å
466 215 47 20 pag.
537 209 48 21 12
577 205 14 36 i
608 209 116 21 utskottets
747 209 135 22 betänkande

53 238 174 21 förekommande

370 300 161 21 Momentet
546 300 19 21 4.

123 357 57 20 Herr
198 357 154 21 Snellman:
377 357 41 26 Jag
433 363 63 14 anser
511 359 32 19 att
559 357 58 21 detta
634 359 99 23 moment,
750 364 33 14 om
800 357 36 22 det
851 357 31 22 af-

55 385 93 22 fattades
163 385 7 21 i
186 385 93 26 enlighet
294 386 48 20 med
358 385 171 21 Bondeståndets
545 385 75 26 beslut,
636 385 18 27 ej
671 385 69 21 skulle
756 386 32 21 för
799 386 83 23 delega-

54 415 72 20 tionen
150 414 68 21 lemna
234 414 123 26 tillräckligt
372 414 40 21 fria
428 414 81 21 händer
526 415 26 20 då
569 414 35 21 det
619 415 69 20 skulle
705 414 49 22 heta
769 418 32 18 att
817 415 64 27 bygg-

54 443 69 20 naden
139 443 7 20 i
162 443 47 20 dess
232 443 138 20 hufvuddelar
385 444 69 19 skulle
470 449 52 14 vara
537 443 24 21 så
576 444 110 20 anordnad
703 449 44 15 som
763 444 118 26 planeskis-

53 478 38 15 sen
107 471 39 21 N:o
163 472 11 19 1
192 471 83 21 utvisar.

123 499 58 22 Utan
202 502 32 19 att
250 506 46 15 man
313 500 126 21 omnämnde
455 502 32 19 att
503 499 102 22 afvikelse
621 499 45 22 från
683 500 69 21 denna
767 501 67 21 eskiss
849 501 33 21 får

55 528 44 21 ske.
129 528 50 21 Man
196 529 65 20 borde
277 529 74 25 tillika,
368 529 69 20 såsom
454 529 61 20 äfven
531 529 56 20 Herr
604 529 22 20 E.
643 529 71 26 Bergh
730 530 73 26 antydt
816 529 65 22 fram-

54 557 58 21 hålla
129 559 31 19 att
176 557 36 21 det
227 563 49 14 vore
292 557 98 26 önskligt,
407 563 33 15 om
456 557 63 21 huset
537 557 71 21 kunde
623 557 91 21 inrättas
724 558 47 20 med
783 558 98 21 afseende

54 586 13 21 å
83 592 25 15 en
132 586 107 21 blifvande
262 585 121 27 förändring
406 586 6 20 i
428 586 247 26 representationssättet
691 586 31 21 till
738 587 142 21 tvåkammar-

56 618 78 23 system
156 614 39 21 och
218 616 32 19 att
272 614 70 21 derför
358 614 33 21 vid
407 615 88 26 planens
511 615 137 26 uppgörande
664 615 66 20 borde
746 617 59 22 tagas
821 616 6 20 i
844 617 37 20 be-

55 643 114 21 traktande
186 643 98 21 behofvet
299 643 46 21 icke
360 643 23 21 af
397 649 25 15 en
438 645 51 19 utan
505 643 24 21 af
544 646 74 18 tvenne
630 645 68 19 större
709 643 120 27 plenisalar,
841 643 40 22 och

55 671 56 22 tillse
134 674 32 19 att
182 672 59 21 detta
263 678 75 21 genom
362 679 24 14 en
404 671 81 22 mindre
501 672 122 25 förändring
638 671 24 21 af
676 672 62 21 huset
753 672 70 21 kunde
838 673 43 20 vin-

55 706 46 19 nas,
117 702 55 19 samt
188 703 32 18 att
236 701 36 20 det
286 701 6 20 i
308 700 115 21 allmänhet
440 700 69 21 skulle
521 701 80 20 uttalas
612 703 32 18 att
656 701 145 26 delegationen
813 701 68 20 skulle

55 728 64 21 hafva
142 729 40 20 fria
204 729 80 20 händer
306 731 32 19 att
360 729 26 26 gå
410 729 46 21 från
479 729 60 21 detta
561 729 84 26 förslag.
678 729 40 21 Det
741 729 38 21 bör
799 729 82 21 således

56 757 66 21 blifva
145 757 113 27 bestämdt,
281 760 32 19 att
336 758 35 21 det
394 757 39 22 bör
449 757 64 22 blifva
529 760 76 18 tvenne
620 757 116 28 plenisalar
750 757 39 22 och
805 758 77 26 nödiga

56 792 46 15 rum
118 785 33 22 för
166 786 126 21 Utskottens
308 786 68 21 behof.

127 849 54 21 Herr
197 849 138 21 Lindelöf:
350 849 67 21 Afven
431 849 37 26 jag
483 855 63 15 anser
562 849 36 21 det
613 856 52 14 vara
681 849 81 21 mindre
777 849 104 27 lämpligt,

56 879 33 20 att
109 878 41 20 den
170 878 106 21 blifvande
299 878 147 26 delagationen
471 884 27 15 nu
515 877 69 22 skulle
599 878 76 21 bindas
691 879 33 20 vid
741 878 141 21 eskissritnin-

55 913 41 20 gen
113 906 38 21 N:o
168 907 18 20 1.
216 907 42 26 Jag
278 913 61 14 anser
354 907 36 20 det
406 913 50 14 vara
471 907 47 20 skäl
534 909 31 18 att
581 907 26 21 de
623 907 66 26 derpå
704 906 95 28 syftande
815 907 67 21 orden

56 935 55 20 ifrån
129 935 89 21 beslutet
235 935 67 21 skulle
317 935 123 21 utelemnas.

127 998 55 20 Herr
197 998 24 21 E.
233 997 90 27 Bergh:
340 998 67 21 Afven
422 997 36 28 jag
474 1003 68 20 anser,
558 999 32 19 att
601 997 36 21 det
647 1004 51 14 vore
708 998 83 26 mycket
802 998 80 26 olämp-

58 1026 37 26 ligt
111 1029 32 18 att
158 1026 64 21 binda
239 1026 147 27 delegationen
402 1026 34 21 vid
453 1026 137 21 alternativet
606 1026 39 21 N:o
661 1027 17 24 1,
696 1027 87 20 emedan
799 1027 26 20 dä
841 1027 41 20 till-

57 1055 43 20 lika
119 1055 146 26 delegationen
281 1055 67 21 skulle
364 1055 21 21 fä
400 1055 32 25 sig
448 1055 83 26 inrymd
547 1055 90 21 friheten
654 1057 32 18 att
702 1055 54 26 välja
772 1061 25 15 en
813 1061 69 15 annan

57 1083 62 27 plats,
141 1084 80 25 ganska
242 1083 92 28 betydlig
350 1083 147 21 modifikation
513 1084 6 20 i
536 1083 90 21 nämnde
642 1083 114 21 alternativ
772 1083 59 22 torde
848 1083 33 22 be-

57 1112 63 21 höfva
135 1114 68 25 göras,
220 1112 39 21 och
274 1113 35 26 jag
324 1118 62 15 anser
401 1114 31 19 att
449 1112 69 27 nägon
535 1112 107 27 synnerlig
656 1112 108 26 svärighet
779 1115 32 18 att
825 1111 58 22 finna

56 1147 26 14 en
99 1147 68 14 annan
184 1141 86 26 lämplig
286 1142 54 25 plats
356 1141 46 20 icke
418 1141 67 20 borde
501 1140 119 25 förefinnas,
635 1141 27 20 dä
678 1147 47 14 man
743 1143 14 18 t.
773 1147 31 14 ex.
821 1141 62 20 turde

57 1169 72 21 kunna
145 1173 49 23 taga
210 1170 7 20 i
233 1170 97 26 anspräk,
347 1169 25 21 de
389 1169 86 27 platser,
492 1175 45 15 som
554 1171 32 18 för
601 1169 132 21 närvarande
746 1171 104 25 upptagas
863 1169 22 21 af

56 1197 121 28 högvakten
194 1198 38 21 och
249 1198 115 27 packhuset
376 1200 55 18 samt
443 1197 61 27 flytta
515 1197 121 27 högvakten
647 1197 31 21 till
691 1201 106 23 gvarteret
808 1198 75 21 Serva-

57 1227 40 25 len,
122 1227 135 26 hvarigenom
280 1227 36 20 det
339 1233 41 20 nya
396 1227 62 20 huset
473 1227 71 20 kunde
559 1226 22 21 få
596 1228 31 19 ett
642 1227 84 26 mycket
743 1226 140 21 framstående

56 1255 48 27 läge
120 1255 47 21 med
183 1255 88 21 facaden
287 1255 109 27 placeradt
412 1255 112 21 midtemot
540 1255 204 27 Alexandersgatan.

126 1319 56 20 Herr
203 1318 133 21 Boström:
360 1318 113 21 Likaledes
495 1324 62 15 anser
577 1318 37 26 jag
636 1319 32 20 att
693 1318 68 21 denna
776 1317 107 22 eskissrit-

57 1346 50 26 ning
131 1346 45 21 icke
199 1346 39 21 bör
260 1346 72 27 läggas
355 1347 69 20 säsom
448 1347 65 26 nägot
537 1346 68 21 vilkor
621 1346 33 21 för
670 1346 146 27 delegationen
832 1348 51 19 utan

56 1375 41 22 bör
117 1375 26 21 fri
167 1374 65 22 täflan
254 1381 34 16 om
308 1375 105 26 ritningen
429 1374 118 27 medgifvas
562 1376 70 21 såsom
648 1374 159 22 Presteständet
823 1374 60 22 äfven

57 1404 93 21 beslutit.

127 1467 55 20 Herr
204 1466 155 22 Snellman:
382 1467 41 26 Jag
446 1466 69 21 skulle
538 1466 78 21 föreslå
637 1473 26 14 en
680 1467 65 21 sådan
761 1466 123 27 förändring

56 1495 33 21 uti
112 1497 116 19 momentet
242 1496 19 25 4,
277 1495 32 21 till
332 1495 36 21 det
389 1495 112 22 uttalande
523 1501 45 15 som
593 1495 21 21 af
635 1495 160 22 Bondeståndet
814 1494 70 22 blifvit

55 1523 78 28 gjordt,
149 1526 33 19 att
197 1524 65 21 slutet
277 1523 22 21 af
312 1526 117 19 momentet
444 1524 69 21 skulle
529 1524 83 21 erhålla
627 1523 94 28 följande
736 1524 90 27 lydelse:
