1070 1795
272 123 179 22 Borgareståndet
463 125 56 17 1877.
541 125 23 17 16
577 123 97 18 Oktober.
837 119 58 21 1199

65 193 66 22 blifva
153 193 111 26 obehörigt
286 193 103 24 befriade,
413 194 27 20 än
463 195 32 19 att
518 199 25 15 en
567 193 55 21 enda
644 193 99 27 oskyldig
758 193 54 22 skall
827 193 69 22 blifva

64 221 59 22 fälld.
153 222 47 21 Här
214 223 24 20 är
252 221 34 22 väl
302 221 46 22 icke
363 221 61 26 fråga
440 227 34 16 om
489 222 66 27 något
571 221 115 26 kriminelt,
702 228 48 15 men
765 221 128 27 ordspråket

66 256 50 20 eger
132 251 53 20 dock
201 249 62 22 äfven
278 250 6 21 i
300 250 59 21 detta
374 249 38 22 fall
427 249 38 22 full
488 250 158 27 tillämplighet.
678 250 42 21 Det
735 252 24 19 är
774 251 70 21 bättre
860 252 36 21 att

64 279 65 26 några
145 279 20 21 få
180 278 124 23 bemedlade
320 279 64 21 blifva
400 278 103 26 lindrade,
519 281 28 19 än
562 281 33 19 att
610 281 32 19 ett
657 279 24 21 så
696 281 56 20 stort
765 279 60 21 antal
841 279 51 22 obe-

64 307 97 22 medlade
176 307 60 22 skola
250 307 22 22 få
287 307 67 27 plikta
370 307 34 22 för
419 307 26 22 de
459 308 67 21 andre
542 307 39 22 och
603 307 67 22 blifva
692 307 108 28 oskyldigt
815 307 79 22 betun-

65 337 60 26 gade.
155 336 63 21 Hvad
233 336 46 21 åter
294 335 102 23 beträffar
406 336 61 29 Herr
482 336 82 27 Berghs
579 336 148 27 anmärkning,
739 336 23 22 så
774 337 42 21 kan
828 343 63 14 mom.

64 365 23 26 b)
104 365 6 20 i
126 365 10 26 8
153 365 12 21 3
180 365 7 21 i
203 365 121 21 Utskottets
344 364 80 27 förslag
446 367 57 19 ännu
517 365 47 21 icke
579 365 111 27 åberopas.
721 365 41 22 Det
778 367 24 20 är
817 364 76 22 nämli-

63 399 41 21 gen
119 393 83 27 tvistigt
224 393 40 22 och
286 393 52 22 strid
361 393 161 27 underkastadt,
546 393 105 23 huruvida
673 394 33 26 de,
722 399 44 16 som
782 394 28 27 på
821 393 71 29 grund

65 422 21 22 af
100 422 58 22 ålder
182 424 36 20 äro
240 422 93 22 befriade
356 422 47 21 från
425 422 221 28 rnantalspenningars
670 422 134 28 erläggande,
828 422 65 22 äfven

65 450 61 22 skola
141 451 82 27 åtnjuta
239 450 96 22 befrielse
351 450 48 21 från
418 451 161 26 tingsgästning.
610 451 46 22 Den
672 451 78 27 nådiga
764 451 127 27 propositio-

65 485 40 16 nen
121 479 80 22 tillåter
216 479 46 22 icke
278 479 64 27 något
357 479 83 22 sådant.
469 480 42 21 Det
527 481 24 20 är
565 481 64 20 sannt
644 482 33 19 att
692 479 119 28 Utskottet,
827 480 68 21 hvars

64 508 55 27 åsigt
132 509 36 26 jag
183 508 59 21 delar
257 508 39 21 och
311 507 36 22 vill
363 507 47 22 med
426 508 42 21 min
485 510 45 19 röst
547 509 137 23 understöda,
700 508 139 22 tillerkänner
854 508 37 22 be-

65 536 70 23 frielse
150 537 46 22 från
211 536 155 27 tingsgästning
381 537 61 21 äfven
457 537 24 21 åt
495 537 87 24 sådana,
605 543 45 16 som
673 536 33 22 för
727 537 110 22 ålderdom
852 539 41 20 äro

63 565 95 22 befriade
180 565 46 22 från
248 565 221 28 mantalspenningars
489 565 135 27 erläggande,
639 572 49 15 men
704 565 46 22 icke
766 566 81 21 mindre
863 567 28 20 än

64 593 47 28 fyra
139 594 137 22 medlemmar
298 594 21 21 af
340 594 159 21 Sammansatta
523 594 70 22 Stats-
615 594 41 22 och
678 595 213 21 Ekonomiutskottet

63 622 65 22 hafva
143 625 117 19 reserverat
275 623 32 26 sig
321 625 58 19 emot
400 623 41 21 den
461 623 227 27 undantagsställning,
702 629 46 16 som
764 623 22 22 af
800 623 93 22 Utskot-

63 653 43 20 tets
121 651 108 27 pluralitet
244 653 24 19 är
282 651 32 22 för
329 651 93 22 nämnda
436 651 132 27 ålderstigna
583 651 126 28 föreslagen.

132 708 55 21 Herr
201 709 125 21 Jansson:
358 709 42 21 Det
415 708 81 27 tillägg,
512 715 45 15 som
573 708 57 22 Herr
644 709 71 26 Bergh
732 709 38 21 har
785 709 56 27 gjort
857 709 34 21 till

64 737 26 21 de
113 736 46 22 skäl
179 737 37 26 jag
238 737 69 22 anfört
329 739 57 20 emot
408 737 56 21 Herr
487 737 131 27 Tengström,
634 737 43 22 kan
691 737 37 27 jag
742 738 28 27 på
784 737 68 27 grund
869 737 24 22 af

63 765 57 22 hvad
135 765 42 22 min
192 766 130 21 reservation
345 768 105 25 upptager
464 766 47 21 icke
526 766 120 27 godkänna.
676 766 56 21 Lika
746 766 23 21 så
784 766 47 21 litet
846 766 45 21 kan

62 794 37 27 jag
121 794 113 26 godkänna
256 794 54 22 hvad
332 794 56 21 Herr
411 794 128 27 Tengström
562 794 32 22 till
616 795 74 21 vidare
712 795 81 22 försvar
809 795 32 21 för
856 795 35 22 sin

63 823 55 27 åsigt
141 829 27 15 nu
189 825 71 19 senast
280 823 123 22 framhållit.
434 823 31 27 Ty
480 825 33 20 att
528 823 60 22 stifta
603 823 60 26 lagar
678 823 34 22 för
726 823 163 27 undantagsför-

63 851 113 22 hållanden
199 857 61 22 synes
282 852 41 27 mig
346 851 101 27 temligen
470 851 113 28 vanskligt.
614 852 78 21 Finnes
714 852 37 21 det
773 852 24 21 så
812 852 78 26 fattiga

63 880 170 27 sytningstagare
255 882 32 19 att
309 881 26 21 de
357 880 48 22 icke
427 881 73 21 kunna
521 881 71 21 betala
607 881 41 21 den
664 881 163 27 tingsgästning,
843 887 48 15 som

63 909 62 27 lagen
141 908 100 28 pälägger
256 909 53 25 dem,
324 909 25 21 sä
364 909 68 22 finnes
447 909 37 22 det
499 911 32 20 ett
545 909 119 27 stadgande
678 909 7 22 i
701 909 69 22 denna
784 909 41 28 lag,
842 915 48 16 som

62 937 81 22 befriar
158 937 46 22 dem
220 937 34 22 för
268 937 119 28 fattigdom.

131 994 69 22 Sedan
224 995 145 22 diskussionen
397 995 92 22 rörande
511 1001 64 16 mom.
597 996 22 26 a)
643 996 7 21 i
679 995 6 27 $
711 996 8 20 1
744 995 87 22 härmed
857 994 35 22 af-

63 1025 92 24 stannat,
178 1023 131 22 framställde
332 1024 56 21 Herr
412 1023 162 22 Talmannen
592 1024 32 21 till
640 1024 102 22 Ständets
757 1023 134 22 besvarande

62 1051 93 28 följande

131 1109 202 27 Proposition:
363 1110 39 26 De,
418 1115 45 16 som
483 1110 112 26 godkänna
610 1116 64 15 mom.
690 1110 19 26 a)
724 1111 7 20 i
747 1111 12 25 8
775 1111 9 20 1
802 1109 86 22 oförän-

63 1137 69 26 dradt,
154 1143 63 16 svara
236 1138 38 27 ja;
296 1139 74 20 vinner
388 1139 39 26 nej
443 1145 63 15 anses
522 1141 116 20 momentet
651 1139 112 27 godkändt
777 1139 49 21 med
841 1140 49 20 ute-

61 1166 98 22 slutande
174 1167 23 21 af
210 1167 61 22 ordet
285 1167 202 27 ,sytningstagare*.

129 1223 75 22 Denna
218 1224 131 27 proposition
364 1224 135 27 besvarades,
521 1225 34 21 vid
571 1225 28 26 pä
614 1224 93 27 begäran
722 1223 92 22 anställd
829 1226 59 19 vote-

61 1252 53 27 ring,
130 1252 48 21 med
193 1253 27 20 29
234 1253 27 27 ja
276 1253 39 21 och
331 1255 11 19 9
359 1253 54 26 nej;
430 1253 47 21 med
495 1253 114 27 anledning
623 1253 77 22 hvaraf
713 1259 62 15 mom.
789 1253 22 26 a)
826 1253 7 21 i
849 1253 36 26 $1

60 1280 133 22 förklaredes
208 1281 23 21 af
244 1281 89 22 Ständet
348 1281 141 22 oförändradt
503 1281 107 27 godkänd.

129 1338 10 21 I
154 1338 60 27 fråga
228 1345 35 15 om
278 1345 62 15 mom.
356 1339 23 27 b)
395 1339 7 21 i
418 1339 13 28 $
449 1341 8 19 1
476 1339 85 27 yttrade
576 1339 31 26 sig

128 1395 55 22 Herr
198 1396 132 27 Ignatius,
346 1402 46 15 som
407 1395 72 28 följer:
510 1397 41 26 Jag
566 1396 97 23 anhäller
678 1397 31 21 att
724 1396 32 21 till
771 1396 59 21 detta
841 1401 46 16 mo-

59 1426 59 20 ment
139 1424 20 21 fä
180 1425 78 21 föreslä
280 1427 31 20 ett
333 1425 75 27 tillägg
422 1425 7 21 i
444 1425 78 22 sädant
537 1425 54 28 syfte
606 1427 33 20 att
654 1425 26 21 de
696 1425 6 21 i
718 1425 58 21 detta
791 1425 94 21 moment

59 1453 88 22 afsedda
168 1459 101 21 personer
291 1453 68 22 skulle
382 1459 39 21 ega
444 1455 45 20 rätt
511 1456 32 19 att
559 1455 85 26 erlägga
659 1454 33 21 sin
707 1452 177 29 tingsgästning
871 1448 17 38 i

58 1482 116 27 penningar
189 1481 54 22 efter
262 1481 32 22 för
317 1483 45 21 äret
380 1482 100 27 gällande
503 1482 204 27 medelmarkegäng.
736 1483 42 21 Det
793 1483 24 20 är
832 1481 56 21 visst

58 1513 48 19 sant
127 1512 32 20 att
181 1510 111 28 löntagare
307 1511 69 22 skulle
391 1511 106 27 betydligt
513 1511 80 22 förlora
608 1512 7 21 i
630 1511 117 22 inkomster
762 1517 34 16 om
812 1515 26 16 en
851 1509 32 22 sä-
