1070 1795
302 132 178 22 Borgareståndet
493 133 54 17 1877.
572 133 27 17 25
611 133 98 17 Oktober.

81 201 48 27 ring
145 202 55 21 Herr
216 207 40 15 von
272 201 115 22 Bonsdorff
399 201 61 26 gifvit
475 202 22 21 åt
509 201 59 21 detta
578 204 94 19 moment
686 207 64 16 anser
754 201 37 27 jag
800 201 113 27 magistra-

82 233 36 18 ten
140 231 52 20 eller
206 230 145 27 kronofogden
367 236 51 15 vara
433 230 40 21 den
489 230 105 21 sökandes
610 229 96 22 enskilda
722 229 125 27 rådgifvare,
864 236 48 15 men

82 259 110 26 ingenting
213 261 71 22 annat,
307 259 73 20 såvida
402 259 47 20 icke
471 261 31 19 ett
525 259 125 26 uttryckligt
665 258 71 22 beslut
752 259 38 20 bör
805 259 22 20 af
842 259 70 21 denna

83 287 124 27 myndighet
229 287 108 21 meddelas
360 287 97 21 deröfver
479 289 33 19 att
527 287 42 21 alla
585 287 128 21 föreskrifna
729 287 183 27 omständigheter

83 317 38 20 äro
137 315 116 27 iakttagna.
284 315 45 21 Den
345 315 249 28 redaktionsförändring
609 316 56 21 Herr
680 315 125 28 Tengström
821 315 39 22 har
872 316 41 27 gif-

84 345 30 20 vit
130 344 67 21 skulle
212 344 128 21 åtminstone
353 344 37 27 jag
406 343 66 22 förstå
486 344 89 21 sålunda
591 346 32 19 att
639 344 39 21 den
694 344 115 21 innefattar
822 345 91 26 ungefär

84 374 118 20 detsamma
224 379 46 14 som
294 373 38 20 den
356 373 76 25 nådiga
455 373 166 26 propositionen.
658 373 40 21 Om
718 373 37 26 jag
777 373 46 21 icke
846 373 67 21 hörde

84 401 80 25 misste,
187 401 24 21 så
232 401 80 28 yrkade
332 401 57 21 Herr
404 401 125 27 Tengström
545 404 33 19 att
593 401 139 28 näringsyrke
747 401 46 22 icke
809 401 55 27 finge
880 404 34 19 ut-

83 430 61 21 öfvas
166 431 64 20 innan
251 430 98 21 anmälan
370 432 24 19 är
409 430 60 26 gjord
485 430 39 21 och
542 430 57 21 bevis
615 431 90 20 lemnats
721 430 59 21 öfver
796 432 32 19 att
844 431 70 20 denna

83 459 100 21 anmälan
207 459 57 20 skett
280 459 6 20 i
302 458 138 21 föreskrifven
464 458 94 27 ordning.
589 458 88 22 Förstår
697 459 37 26 jag
750 459 59 21 detta
824 460 51 23 rätt,
891 459 24 20 så

85 487 68 22 måste
168 487 24 21 af
206 487 69 21 denna
290 487 79 27 lydelse
385 487 51 26 följa
452 489 31 19 att
499 487 124 27 myndighet
638 487 38 22 der
692 487 40 21 den
744 493 61 16 anser
816 487 99 22 anmälan

86 517 48 20 icke
158 516 57 21 skett
230 516 6 21 i
252 515 137 22 föreskrifven
405 516 91 27 ordning
511 516 46 21 icke
573 522 49 21 eger
638 515 57 27 gifva
711 518 31 19 ett
757 517 77 20 sådant
849 516 66 21 bevis.

85 545 95 21 Sålunda
195 544 85 21 komma
293 545 24 25 ju
332 544 26 21 då
374 544 176 27 myndigheterna
565 547 32 19 att
612 545 74 26 pröfva
702 551 34 14 om
753 545 35 20 det
803 547 24 19 är
839 545 76 27 styrkt,

85 579 46 15 som
153 573 242 26 författningsförslaget
417 573 143 21 föreskrifver.
590 573 41 26 Jag
651 573 69 21 skulle
736 573 70 21 derför
821 573 33 21 för
871 573 44 21 min

85 601 35 22 del
143 601 113 27 godkänna
278 604 121 23 wiomentet,
421 602 77 21 sådant
521 602 36 21 det
580 602 140 21 förekommer
744 602 6 21 i
774 602 40 21 den
837 602 78 27 nådiga

85 630 166 27 propositionen.

155 687 56 21 Herr
234 687 158 21 Molander:
416 687 10 21 I
450 687 120 22 hufvudsak
593 688 85 21 förenar
698 688 37 27 jag
758 688 42 26 mig
816 688 44 21 helt
876 688 39 21 och

86 715 67 22 hållet
175 716 47 21 med
245 716 80 21 Herrar
346 716 92 21 Jansson
461 717 40 20 och
516 716 82 27 Nystén
614 717 39 20 och
669 716 61 21 äfven
746 717 55 20 Herr
816 717 99 20 Boström

86 745 29 26 på
138 745 25 20 de
186 744 46 21 skäl
250 744 56 21 Herr
321 744 98 22 Boström
435 745 24 21 så
474 745 57 21 klart
545 745 106 26 framlagt.
682 745 46 21 Mot
743 745 55 21 Herr
814 745 102 21 Masalins

86 773 117 27 påstående
226 775 32 19 att
280 773 191 27 Borgareståndets
493 773 70 22 beslut
584 773 68 22 skulle
668 774 54 21 varit
738 773 32 22 till
785 773 83 22 förmon
883 774 34 21 för

87 802 123 21 Utskottets
233 802 133 21 betänkande
390 801 35 22 vill
446 802 37 27 jag
505 802 120 25 framhålla,
641 804 39 24 att,
696 802 24 21 så
735 802 84 27 mycket
833 803 36 26 jag
885 803 31 20 åt-

88 831 104 20 minstone
215 830 63 21 fattat
303 830 90 21 beslutet
409 832 25 19 är
450 831 35 21 det
501 833 91 19 tvertom
608 831 33 21 till
656 830 68 22 fördel
739 831 33 21 för
787 831 129 26 propositio-

87 865 48 15 nen.
165 859 11 21 I
196 859 58 21 förra
276 861 116 19 momentet
413 859 44 21 blef
477 860 22 26 ju
521 859 62 22 ordet
605 859 97 28 ,styrke*
719 859 116 22 bibehållet
850 860 66 26 enligt

87 887 159 27 propositionen
269 887 38 21 och
327 887 123 22 Utskottets
466 888 134 21 betänkande
616 888 47 26 gick
678 888 46 21 icke
740 889 90 26 igenom.
861 888 56 21 Herr

88 916 120 27 Chydenius
231 916 39 21 har
293 919 46 23 sagt
359 918 31 19 att
412 917 19 20 vi
447 917 46 20 icke
509 919 37 18 äro
563 917 103 20 hindrade
681 917 6 20 i
704 917 50 21 våra
770 916 69 22 beslut
855 917 22 20 af
891 916 25 21 de

88 945 150 26 efterföljande
261 945 156 26 paragraferna.
448 945 41 21 Det
512 945 116 27 medgifver
640 945 38 27 jag
693 945 70 22 också.
779 951 48 15 men
844 945 19 20 vi
879 947 37 19 äro

89 974 55 20 dock
165 973 86 22 bundna
272 973 23 21 af
315 973 49 21 våra
379 973 128 26 föregående
523 974 75 21 beslut.
629 973 93 22 Sålunda
737 974 64 21 hafva
816 973 19 22 vi
852 973 65 22 redan

88 1003 7 19 i
111 1001 67 22 första
202 1004 115 19 momentet
332 1002 21 21 af
368 1003 10 25 $
395 1003 11 19 2
423 1002 94 21 beslutat
539 1002 72 21 hvilka
634 1002 170 27 gvalifikationer
828 1003 40 20 den
884 1004 33 19 sö-

89 1031 70 20 kande
177 1031 55 20 skall
248 1031 69 20 hafva.
349 1030 105 21 Anmälan
471 1031 52 21 skall
540 1037 51 15 vara
607 1031 96 25 skriftlig,
718 1032 69 20 såsom
804 1031 56 21 Herr
875 1031 43 20 Bo-

89 1061 67 19 ström
172 1059 132 26 omnämnde,
320 1059 40 21 och
375 1059 61 21 äfven
452 1060 67 21 andra
535 1060 159 25 bestämningar
709 1061 37 20 äro
762 1059 81 27 gjorda.
872 1059 45 21 När

89 1088 20 20 vi
125 1094 26 14 en
166 1087 56 27 gång
237 1087 64 28 hafva
317 1087 85 22 beslutit
418 1089 55 24 dem,
489 1089 24 20 så
528 1089 67 20 måste
611 1088 20 21 vi
647 1088 33 21 väl
697 1088 69 21 dertill
776 1088 63 21 hafva
847 1089 69 26 någon

89 1115 121 27 anledning.
240 1117 43 20 Äro
307 1117 25 20 de
354 1116 38 21 der
414 1116 56 21 blott
493 1117 32 20 för
547 1119 32 19 att
598 1117 36 21 det
649 1117 65 21 sedan
730 1117 52 21 skall
799 1116 80 21 lemnas
895 1116 23 21 åt

89 1145 93 21 domstol
205 1147 32 19 att
260 1145 80 26 pröfva,
363 1145 104 21 huruvida
483 1145 42 21 han
540 1145 102 26 iakttagit
656 1145 43 21 alla
714 1145 165 26 bestämningar,
894 1145 24 21 så

89 1174 70 20 lemna
175 1173 26 25 vi,
218 1174 70 21 såsom
304 1173 60 21 äfven
381 1179 26 15 en
422 1173 213 27 föregående
557 1169 8 36 '
566 1173 69 27 talare
650 1174 77 25 anfört,
743 1174 92 27 spelrum
848 1173 33 21 för
891 1173 26 21 de

89 1204 72 19 värsta
184 1202 155 26 bönhasjagter,
362 1208 45 15 som
431 1203 56 20 varit
501 1203 7 20 i
524 1203 47 21 vårt
592 1203 55 21 land.
678 1202 30 27 Ty
724 1203 36 20 det
775 1204 24 19 är
813 1201 58 22 klart
886 1203 32 20 att

88 1237 36 14 om
140 1231 46 20 icke
202 1231 136 26 magistraten
355 1230 81 21 lemnar
451 1231 23 21 åt
489 1231 63 22 aktor
567 1231 127 27 upplysning
709 1231 58 21 öfver
783 1231 26 20 de
825 1230 34 25 fel,
872 1237 45 14 som

89 1259 196 26 näringssökanden
301 1259 38 21 har
355 1259 73 26 begått
444 1259 6 21 i
466 1259 31 21 sin
514 1259 200 27 anmälningsskrift,
732 1259 51 22 eller
798 1259 119 27 mundtliga

88 1288 129 27 anmälning,
240 1287 23 22 så
285 1287 32 22 får
338 1287 113 28 åklagaren
468 1289 69 20 snoka
552 1289 82 26 igenom
651 1288 211 27 domstolspapperen
879 1287 38 22 och

89 1316 94 21 derefter
205 1316 121 21 trakassera
342 1316 39 21 och
396 1316 79 21 tilltala
491 1317 182 26 näringsidkaren.
704 1317 41 26 Jag
760 1317 68 20 skulle
845 1316 73 21 derför

89 1345 7 20 i
112 1345 26 20 de
160 1345 191 26 näringssökandes
374 1345 89 21 intresse
486 1346 54 25 yrka
558 1346 27 26 på
601 1347 32 19 att
648 1345 56 21 Herr
718 1346 104 20 Janssons
838 1344 81 26 förslag

89 1373 123 26 godkännes
229 1373 55 22 helst
299 1379 75 21 genom
390 1373 123 22 återremiss
529 1374 32 21 till
577 1374 107 21 utskottet
699 1374 33 21 för
747 1375 32 20 att
792 1373 126 22 formuleras

89 1402 81 21 derhän
186 1404 32 19 att
234 1408 24 15 ur
274 1402 117 21 detsamma
406 1402 95 27 tydligen
516 1403 68 21 skulle
599 1403 82 26 framgå
696 1405 32 19 att
739 1403 68 20 denna
817 1401 101 28 pröfning

88 1430 56 21 skall
160 1431 37 20 ske
213 1431 27 26 på
255 1430 77 22 landet.

160 1488 56 21 Herr
231 1487 20 22 S.
268 1488 166 26 Björkstén:
450 1488 33 21 Då
499 1488 181 27 Borgareståndet
695 1488 32 21 för
743 1488 129 26 rättigheten
888 1490 32 19 att

90 1516 51 21 idka
160 1516 76 21 handel
260 1516 84 21 fordrar
360 1516 64 21 bland
440 1519 66 19 annat
521 1517 42 26 god
579 1517 54 26 frejd
649 1517 39 21 och
705 1517 102 26 rättighet
822 1518 32 19 att
870 1516 51 21 råda
