1070 1795
165 116 55 20 1144
370 120 179 21 Borgareständet
561 120 55 18 1877.
642 121 22 16 13
678 121 94 16 Oktober.

164 195 46 16 som
225 189 7 21 i
248 189 100 22 städerna
362 190 112 26 upprättas
489 189 48 22 med
553 189 129 27 gästgifvare
698 195 35 16 om
748 189 163 32 skjutshållning
926 189 66 22 måtte

163 218 35 21 väl
219 224 26 15 en
262 217 52 22 eller
328 224 70 15 annan
413 217 134 28 bestämning
562 217 73 28 inflyta
651 224 33 15 om
701 218 56 21 huru
771 217 7 22 i
793 217 77 22 sådant
885 217 36 22 fall
937 218 54 21 skall

164 245 110 28 förhållas,
294 246 89 21 likasom
396 246 38 27 jag
448 247 63 20 äfven
527 247 121 21 föreställer
662 247 44 26 mig
721 248 33 19 att
768 246 7 21 i
791 248 201 25 entreprenörernas

163 275 105 22 kontrakt
282 275 29 27 på
325 274 73 23 landet
413 275 70 27 dylika
499 275 131 26 stadganden
646 275 68 22 måste
725 274 121 22 förefinnas.
869 275 49 22 Men
929 275 63 22 hvar-

163 304 35 21 för
220 304 55 21 talas
290 303 8 22 i
313 303 69 22 denna
400 303 100 27 paragraf
514 303 47 22 icke
576 311 33 14 om
625 303 131 28 gästgifvare
771 303 7 22 i
793 303 62 22 stad?
870 304 42 21 Det
926 306 25 19 är
965 310 26 15 en

163 332 61 27 brist,
240 338 47 16 som
302 332 39 21 bör
356 332 153 27 kompletteras
524 333 40 21 och
580 332 60 22 äfven
655 333 8 20 i
673 333 61 20 detta
744 332 99 21 afseende
853 332 66 22 borde
930 339 61 21 para-

164 360 74 28 grafen
253 361 175 26 återremitteras,
444 360 34 22 för
493 363 32 20 att
540 361 22 21 af
576 361 112 22 Utskottet
703 360 152 27 omredigeras.

234 418 57 22 Herr
305 418 107 22 Kurtén:
428 418 11 21 I
454 418 39 22 den
509 424 75 16 senare
594 418 61 22 delen
666 418 24 21 af
699 418 57 22 Herr
766 418 107 22 Höckerts
883 418 108 28 ändrings-

165 447 81 26 förslag
262 446 84 21 förenar
359 447 37 26 jag
411 447 42 26 mig
469 447 39 20 och
523 447 36 21 vill
571 447 71 21 dertill
652 447 62 26 lägga
724 449 34 19 att
767 452 82 16 samma
860 447 131 21 förhållande

164 475 106 22 existerar
292 475 48 21 med
361 475 99 22 afseende
483 475 13 21 å
518 475 67 22 första
607 475 111 26 meningen
742 475 28 27 på
792 481 83 16 samma
889 475 46 22 sida
951 475 40 28 ,på

164 503 74 22 landet
262 503 38 22 der
322 505 162 26 entreprenörer
506 503 69 22 finnas
590 504 39 21 bör
645 504 59 21 detta
719 503 38 22 ske
772 503 28 28 på
815 504 53 21 hans
884 504 39 21 och
939 504 52 21 hans

164 531 126 22 löftesmans
305 532 125 26 bekostnad,
439 539 47 14 men
503 532 62 27 eljest
579 533 28 26 på
622 532 138 27 skjutsfogets
776 532 139 22 bekostnad".
942 532 49 21 Tol-

164 561 40 21 kar
226 567 50 15 man
300 561 68 21 denna
388 561 85 26 mening
487 561 55 21 efter
557 561 66 22 orden
639 561 24 21 så
677 561 57 22 skall
750 567 33 16 om
800 561 146 22 försummelse
960 561 31 21 in-

166 589 74 22 träffar
256 590 7 20 i
278 589 100 22 städerna
393 590 60 21 detta
468 589 122 28 inbegripas
605 590 67 21 under
684 590 41 21 den
741 590 52 21 sista
809 590 61 21 delen
881 589 22 22 af
914 589 77 22 menin-

165 624 47 21 gen.
242 618 42 27 Jag
306 618 48 21 ville
370 618 72 22 derför
457 619 68 20 ändra
540 619 70 21 denna
624 619 86 26 mening
725 618 90 22 sålunda
829 620 34 19 att
877 619 62 21 ordet
953 619 38 26 ,på

164 646 86 22 landet"
271 647 111 22 uteslutes.
412 647 45 21 Den
479 647 70 21 skulle
571 647 28 22 då
613 647 86 22 komma
714 649 33 20 att
762 647 50 28 lyda
826 647 97 22 sålunda:
940 647 52 24 ,der

166 677 164 25 entreprenörer
354 675 68 22 finnas
444 682 18 15 o.
485 682 18 15 s.
518 677 33 20 v.*
575 675 137 28 hvarigenom
737 675 162 28 bestämningen
924 675 67 22 skulle

166 704 86 21 komma
267 706 33 19 att
314 704 56 27 gälla
386 704 43 21 lika
444 705 33 20 för
492 705 51 21 land
558 704 39 22 och
613 704 33 22 för
661 705 55 21 stad.

236 761 58 21 Herr
315 761 137 22 Jansson:
476 761 61 22 Hvad
561 761 41 22 den
625 761 67 22 första
714 761 169 27 anmärkningen
899 761 22 22 af
934 761 56 22 Herr

165 789 97 22 Höckert
284 789 66 27 angär
372 789 24 22 sä
418 789 38 22 ber
475 790 37 26 jag
533 792 33 19 att
585 790 22 21 fä
622 790 71 21 erinra
708 792 34 19 att
757 790 137 22 Guvernören
910 792 24 19 är
949 790 40 21 den

165 818 78 27 högsta
258 818 172 21 administrativa
444 818 131 28 myndighet,
591 819 39 21 den
646 825 45 15 som
708 819 41 21 den
764 818 169 22 administrativa
943 818 47 22 vär-

166 847 41 21 den
222 853 36 15 om
274 847 48 21 hela
336 847 59 21 länet
410 847 135 21 tillkommer.
577 847 207 27 Skjutshällningens
800 847 119 27 utgörande
934 849 24 19 är
968 847 24 21 af

166 876 40 21 den
228 877 64 20 natur
313 877 32 20 att
366 876 40 21 den
422 875 46 22 icke
483 876 42 21 kan
541 876 127 21 inskränkas
683 876 32 21 till
732 882 26 15 en
774 876 42 21 viss
831 878 46 22 ort;
892 876 26 21 de
933 875 58 22 olika

166 906 88 19 orterna
268 904 34 21 stä
317 905 6 20 i
336 904 59 27 jemn
411 904 130 21 förbindelse
557 905 48 21 med
620 905 120 21 hvarandra
756 905 40 21 och
813 905 36 20 det
865 905 67 21 mäste
942 905 48 20 der-

165 932 35 22 för
222 932 68 22 finnas
312 933 77 27 nägon,
412 939 45 15 som
479 933 126 21 öfvervakar
627 933 39 22 och
689 933 79 22 ordnar
781 933 39 28 det
835 933 49 21 hela
900 933 6 21 i
922 935 69 19 större

165 961 60 22 krets
240 963 28 20 än
284 962 55 21 Herr
354 961 96 22 Höckert
464 967 63 22 synes
541 968 52 23 anse
609 962 35 21 det
660 962 81 27 nödigt.
771 957 31 26 Är
814 961 143 28 fullgörandet
970 961 23 22 af

164 989 282 28 skjutsningsskyldigheten
461 990 112 27 bristfällig
579 987 44 24 vid
638 992 32 19 ett
685 991 53 21 eller
752 992 67 19 annat
830 990 128 27 gästgifveri,
967 990 24 21 sä

165 1019 102 21 inverkar
288 1019 36 21 det
347 1018 62 22 äfven
432 1019 27 27 pä
480 1019 26 21 de
522 1019 69 26 öfriga
606 1019 183 28 gästgifverierna,
805 1025 47 16 som
867 1019 48 21 med
930 1019 60 22 detta

165 1047 34 22 stä
222 1047 6 22 i
252 1047 136 22 förbindelse.
418 1047 41 28 Jag
481 1050 46 19 tror
550 1047 71 22 derför
642 1050 32 19 att
695 1048 37 21 det
747 1049 24 20 är
786 1048 83 27 ganska
884 1047 106 28 befogadt,

165 1076 91 21 likasom
273 1076 36 21 det
324 1075 62 22 äfven
402 1076 199 22 öfverensstämmer
616 1077 48 21 med
680 1076 55 22 hvad
752 1076 58 22 förut
821 1077 55 21 varit
885 1076 105 27 gällande,

166 1106 32 20 att
214 1105 78 27 högsta
306 1105 102 27 tillsynen
424 1105 58 21 öfver
496 1105 191 27 skjutshällningen
704 1105 130 22 tillkommer
847 1105 143 22 Guvernören.

165 1133 63 22 Hvad
251 1133 41 22 den
315 1139 75 16 senare
405 1133 166 27 anmärkningen
587 1134 73 25 angär,
676 1134 23 21 sä
714 1133 112 28 uppfattar
839 1133 37 27 jag
891 1133 100 28 förslaget

164 1162 32 23 sä,
212 1164 33 19 att
261 1162 54 21 hvad
332 1162 100 21 förseelse
448 1162 6 21 i
469 1163 47 20 stad
532 1162 67 27 angär
613 1162 38 21 der
665 1165 140 24 permanenta
821 1162 116 21 domstolar
952 1163 39 21 all-

165 1191 32 21 tid
220 1190 74 27 finnas,
317 1191 24 21 sä
363 1190 68 22 skulle
453 1191 118 21 domstolen
595 1197 51 15 vara
661 1191 47 26 den,
723 1197 46 16 som
784 1191 61 26 afgör
861 1190 74 27 frägan
951 1191 40 22 och

166 1219 37 22 det
218 1219 7 21 i
241 1219 72 28 vanlig
336 1219 151 27 rättsordning.
519 1219 62 22 Hvad
604 1219 146 27 landsbygden
773 1219 47 22 äter
842 1219 67 27 angär
930 1219 61 22 heter

165 1248 108 27 nämligen
289 1248 7 21 i
312 1248 52 21 sista
386 1248 113 27 meningen
521 1249 28 26 pä
571 1248 68 21 första
656 1249 71 20 sidan:
744 1250 35 25 jär
795 1247 160 22 försummelsen
971 1248 22 21 af

165 1276 87 21 svårare
276 1276 145 22 beskaffenhet
444 1277 52 21 eller
518 1277 39 21 har
580 1279 137 24 entreprenör
733 1277 52 21 eller
800 1276 129 28 gästgifvare
944 1277 47 21 icke

165 1305 50 22 lätit
238 1305 23 21 af
281 1306 89 26 varning
392 1305 33 27 sig
447 1307 64 24 rätta,
533 1305 55 22 skall
610 1306 65 21 saken
694 1305 34 22 till
744 1305 103 22 domstols
863 1305 128 27 behandling

165 1333 149 27 öfverlemnas,
336 1340 48 14 men
406 1333 138 22 Guvernören
559 1340 51 20 eger
625 1334 58 21 makt
698 1337 34 18 att
750 1334 40 20 den
806 1334 123 26 försumlige
944 1334 47 21 från

164 1362 128 22 utöfvandet
306 1362 23 21 af
342 1362 32 21 sin
390 1362 119 27 befattning
525 1362 117 22 tillsvidare
658 1362 83 27 skilja".
766 1362 65 22 Detta
847 1362 88 22 innebär
947 1364 44 20 rätt

165 1393 33 20 att
220 1391 87 32 vidtaga
330 1397 26 15 en
376 1390 96 22 interims
492 1379 82 46 åtgärd,
590 1390 32 22 för
638 1391 131 21 oförtöfvadt
784 1390 100 22 rättande
899 1390 23 22 af
936 1391 55 21 hvad

164 1421 70 20 rättas
256 1420 49 25 bör;
328 1419 112 22 hvaremot
461 1419 37 22 det
520 1421 25 20 är
567 1419 125 26 domstolen,
716 1426 46 15 som
778 1419 102 22 bedömer
895 1419 97 32 frågan
980 1415 15 40 i

165 1448 49 22 dess
230 1448 82 26 helhet;
328 1448 40 21 och
383 1448 41 21 kan
440 1448 61 21 äfven
517 1448 106 21 definitivt
638 1433 62 47 skilja
715 1449 42 21 den
773 1448 127 27 försumliga
914 1450 55 19 samt
985 1448 7 21 i

164 1477 39 21 sitt
219 1465 94 34 domslut
327 1477 107 21 fastställa
449 1476 60 22 äfven
525 1476 42 22 alla
583 1477 67 27 öfriga
664 1477 107 27 påföljder
783 1477 22 21 af
824 1477 167 21 försummelsen.
