1070 1795
260 135 178 22 Borgareståndet
450 125 56 28 1877.
530 136 24 17 13
567 135 98 18 Oktober.
832 130 55 20 1169

129 205 152 22 Diskussionen
304 204 126 23 afstannade
451 204 90 22 härmed
567 204 40 22 och
632 204 56 21 Herr
713 203 176 22 Talmannen

60 234 133 22 framställde
208 233 93 28 följande

129 285 190 28 Proposition:
343 285 37 27 De,
403 291 45 15 som
471 283 115 28 godkänna
608 286 117 19 momentet
740 284 13 20 2
768 283 23 22 af
811 283 79 28 ifråga-

61 315 92 21 varande
176 313 100 28 paragraf
297 313 65 27 enligt
385 313 122 22 Utskottets
529 312 85 27 förslag,
630 319 63 15 svara
706 313 36 26 ja;
759 313 72 22 vinner
846 312 43 27 nej

61 343 95 22 kommer
172 345 32 19 att
219 344 103 20 omröstas
339 348 34 15 om
388 342 217 27 kontraproposition.

130 371 161 28 Propositionen
306 371 127 22 besvarades
448 370 49 22 med
513 370 157 27 öfvervägande
682 369 34 28 ja.

131 424 64 21 Emot
217 423 61 21 detta
300 422 100 22 Ståndets
415 422 72 22 beslut
502 422 110 22 anmäldes
628 421 131 23 reservation
774 421 21 22 af
809 422 82 21 Herrar

62 451 127 28 Ignatius
205 451 39 22 och
260 451 131 27 Sopanen.

446 503 13 27 8
476 504 34 20 23.

133 555 55 22 Herr
203 554 85 22 Gadd:
304 555 64 20 Detta
383 554 120 27 stadgande
517 554 38 27 gär
571 553 83 22 utöfver
669 553 43 22 alla
724 555 93 24 gränser.
847 553 44 21 En-

63 584 40 27 ligt
119 584 68 21 denna
202 583 101 27 paragraf
316 583 86 27 älägges
418 583 47 26 den,
481 589 46 15 som
543 583 40 21 har
597 583 96 20 fördelen
708 582 24 21 af
746 584 31 19 att
789 582 28 21 bo
829 581 62 22 bred-

64 613 34 21 vid
122 613 36 20 det
173 613 63 20 ställe
251 611 21 22 af
287 612 133 27 landsvägen,
436 612 38 21 der
490 617 25 15 en
531 611 49 21 häst
595 611 72 27 bryter
682 613 31 18 ett
729 610 46 27 ben,
792 610 52 21 eller
859 612 32 19 ett

64 641 45 28 hjul
124 642 39 26 går
177 641 84 25 sönder,
278 643 32 18 att
325 643 44 18 mot
384 640 119 27 skjutslega
517 641 62 20 träda
594 640 20 21 in
630 639 41 22 och
686 639 81 27 skjutsa
783 639 54 21 fram
851 639 40 21 den

65 671 95 20 resande.
190 670 33 21 En
246 675 59 15 mera
320 669 88 21 orättvis
424 668 123 28 skyldighet
562 669 42 21 kan
619 675 48 14 man
684 668 46 21 icke
746 669 61 26 lägga
822 667 28 27 pä
865 673 26 15 en

65 699 116 20 menniska.
212 698 72 21 Skulle
300 704 47 15 man
363 697 39 22 här
418 699 113 20 omnämna
546 699 33 19 att
595 697 58 21 detta
666 697 116 26 stadgande
793 698 24 19 är
827 696 64 21 fram-

65 727 83 21 kalladt
167 726 24 22 af
210 726 100 22 behofvet
325 728 32 19 att
372 726 72 27 hjelpa
459 733 26 14 en
501 726 105 26 nödstäld,
622 732 51 15 vore
688 726 36 21 det
739 725 65 27 nägot
819 726 72 20 annat.

135 784 56 21 Herr
213 783 159 22 Ahlström:
395 783 31 22 Pä
451 790 82 15 samma
557 785 44 20 sätt
626 789 44 15 som
698 783 40 21 den
763 781 128 29 föregäende

67 813 82 21 talaren
172 819 62 15 anser
257 812 61 21 äfven
332 813 36 26 jag
384 813 36 20 det
436 819 51 14 vara
502 813 63 26 högst
581 811 83 27 obilligt
679 814 33 19 att
727 811 26 22 de
768 811 123 26 egendoms-

67 841 141 26 innehafvare,
232 847 46 15 som
301 841 61 22 hafva
386 843 51 19 äran
461 843 33 19 att
517 841 26 21 bo
566 843 52 19 nära
642 840 128 27 landsvägen
785 840 67 26 skola,
868 840 24 21 sä

65 872 60 19 snart
147 871 68 26 nägon
237 870 49 21 häst
300 871 98 26 tröttnar,
414 876 51 15 vara
480 873 95 23 tvungna
590 871 32 20 att
637 869 35 21 vid
687 869 43 25 vite
746 868 22 21 af
781 869 60 26 tjugu
856 868 36 21 mk

66 899 70 21 lemna
159 899 31 21 sin
213 898 48 22 häst
277 902 43 18 mot
335 898 69 27 vanlig
420 898 167 27 skjutspenning.
617 898 33 21 Då
666 898 36 21 det
717 898 6 20 i
739 897 13 28 &
767 898 14 21 4
796 898 24 20 är
835 897 58 21 stad-

67 928 51 26 gadt
141 929 39 24 att,
197 927 6 21 i
220 927 100 22 händelse
342 927 42 22 alla
406 927 145 26 skjutshästar
574 929 37 19 äro
627 927 114 26 utgångna,
758 925 25 22 de
799 927 94 20 närmast

67 956 89 27 belägna
180 956 106 26 gärdarna
307 958 37 19 äro
360 955 97 28 skyldiga
472 958 33 19 att
519 955 70 22 lemna
604 955 46 21 sina
666 954 74 22 hästar
754 956 45 19 mot
814 954 79 21 dubbel

67 985 123 26 skjutslega,
213 985 24 20 sä
259 985 79 21 förstår
358 984 37 27 jag
418 985 46 20 icke
487 984 86 21 hvarför
593 984 7 21 i
620 984 59 21 detta
694 983 36 22 fall
746 989 25 15 en
787 983 106 26 hjelphäst

68 1014 67 21 mäste
151 1014 80 21 lemnas
247 1013 33 21 för
295 1013 61 21 enkel
372 1013 123 26 skjutslega,
511 1013 123 27 isynnerhet
648 1018 46 15 som
710 1012 36 21 det
756 1011 81 27 ganska
847 1011 46 22 ofta

68 1043 68 20 under
157 1042 138 21 menförestid
310 1042 80 21 händer
406 1044 32 19 att
454 1042 100 21 hästarne
570 1043 82 19 tröttna
667 1047 35 15 om
717 1041 26 20 de
758 1040 68 21 mäste
841 1041 53 26 göra

68 1071 68 26 skjuts
157 1071 35 21 tvä
207 1071 79 26 gänger
302 1071 26 26 pä
344 1073 30 18 ett
390 1071 62 26 dygn.
482 1070 41 26 Jag
539 1076 62 15 anser
616 1070 35 21 det
666 1076 52 15 vara
733 1069 62 26 högst
810 1068 84 28 obilligt

67 1105 35 15 om
123 1105 26 15 en
164 1099 245 26 lägenhetsinnehafvare
426 1102 14 18 t.
457 1105 32 15 ex.
505 1099 67 21 under
587 1098 151 27 säningstiden,
754 1104 45 15 som
814 1099 24 19 är
853 1097 40 21 den

68 1128 32 21 för
113 1127 157 27 jordbrukaren
286 1128 124 27 dyrbaraste
426 1128 65 25 tiden,
507 1133 50 16 vore
573 1127 83 27 skyldig
671 1129 32 19 att
719 1127 69 20 lemna
803 1126 32 21 sin
845 1125 49 22 häst

69 1157 33 20 för
125 1156 70 27 vanlig
218 1157 166 26 skjutspenning.
414 1157 41 26 Jag
479 1156 78 21 önskar
580 1156 70 21 derför
666 1157 32 19 att
714 1155 89 21 böterna
827 1154 66 21 mätte

68 1185 101 21 bortfalla
192 1191 34 16 om
248 1185 47 22 icke
318 1185 78 21 dubbel
418 1185 118 27 skjutslega
558 1185 34 20 vid
615 1183 162 28 ifrägavarande
801 1182 38 22 fall
857 1183 37 21 be-

67 1215 107 20 stämmes.

139 1265 55 22 Herr
216 1265 88 22 Gadd:
326 1265 41 27 Jag
389 1271 63 15 anser
472 1265 49 21 hela
543 1265 69 21 denna
627 1264 101 27 paragraf
741 1270 50 15 vara
805 1263 34 21 till
854 1263 41 22 den

67 1294 54 27 grad
137 1294 103 27 lagvidrig
256 1296 32 19 att
300 1294 36 27 jag
352 1294 28 27 pä
394 1294 58 21 förut
467 1294 95 21 uttalade
578 1293 45 21 skäl
639 1293 78 21 önskar
732 1295 31 18 att
776 1292 40 21 den
828 1292 67 21 mätte

68 1322 28 26 gä
112 1325 29 18 ut.
171 1322 11 21 I
197 1323 60 21 detta
279 1323 165 25 aktningsvärda
468 1322 66 22 Ständ
558 1322 39 21 har
619 1322 57 21 förut
698 1321 147 27 petitionerats
860 1327 35 15 om

69 1350 100 28 mildring
192 1351 33 21 för
247 1351 56 21 vissa
326 1354 58 18 orter
406 1351 6 21 i
435 1351 245 27 ingvarteringstungan.
710 1349 62 22 Hvad
787 1351 24 19 är
827 1349 69 21 denna

69 1381 66 26 tunga
157 1381 33 20 att
209 1380 102 26 jemföras
333 1380 48 21 med
397 1380 41 21 den
454 1386 49 15 man
518 1380 40 21 här
573 1379 35 21 vill
623 1379 63 28 lägga
701 1380 27 25 pä
744 1378 40 21 den
799 1377 96 22 enskilda

69 1415 111 20 personen.

138 1465 56 22 Herr
209 1465 147 22 Snellman:
372 1466 10 21 I
398 1465 68 22 likhet
484 1465 48 22 med
547 1465 56 22 Herr
618 1465 110 22 Ahlström
744 1470 61 15 anser
813 1463 36 28 jag
860 1463 37 22 det

69 1501 52 14 vara
143 1495 83 26 obilligt
248 1497 32 18 att
300 1495 39 21 den
354 1494 256 28 lägenhetsinnehafvare,
626 1500 45 15 som
687 1494 65 21 räkar
767 1493 27 21 bo
810 1492 34 22 vid
861 1492 36 22 det

69 1523 62 21 ställe
154 1523 22 21 af
197 1523 136 27 landsvägen,
357 1523 37 22 der
417 1529 26 15 en
467 1523 49 21 häst
539 1525 93 19 tröttnar
647 1523 51 21 eller
714 1523 37 20 der
765 1521 52 28 eljes
832 1521 65 28 nägot

805 1561 23 18 74
