<?xml version="1.0" encoding="UTF-8"?>
<alto xmlns="http://www.loc.gov/standards/alto/ns-v3#" xmlns:xlink="http://www.w3.org/1999/xlink" xmlns:xsi="http://www.w3.org/2001/XMLSchema-instance" xsi:schemaLocation="http://www.loc.gov/standards/alto/ns-v3# http://www.loc.gov/alto/v3/alto-3-0.xsd">
	<Description>
		<MeasurementUnit>pixel</MeasurementUnit>
		<sourceImageInformation>
			<fileName>/tmp/tess_74sldjch_input.PNG</fileName>
		</sourceImageInformation>
		<OCRProcessing ID="OCR_0">
			<ocrProcessingStep>
				<processingSoftware>
					<softwareName>tesseract 5.3.4</softwareName>
				</processingSoftware>
			</ocrProcessingStep>
		</OCRProcessing>
	</Description>
	<Layout>
		<Page WIDTH="1070" HEIGHT="1795" PHYSICAL_IMG_NR="0" ID="page_0">
			<PrintSpace HPOS="0" VPOS="0" WIDTH="1070" HEIGHT="1795">
				<ComposedBlock ID="cblock_0" HPOS="271" VPOS="121" WIDTH="595" HEIGHT="25">
					<TextBlock ID="block_0" HPOS="271" VPOS="121" WIDTH="595" HEIGHT="25">
						<TextLine ID="line_0" HPOS="271" VPOS="121" WIDTH="595" HEIGHT="25">
							<String ID="string_0" HPOS="271" VPOS="125" WIDTH="177" HEIGHT="21" WC="0.90" CONTENT="Borgareståndet"/><SP WIDTH="16" VPOS="125" HPOS="448"/>
							<String ID="string_1" HPOS="464" VPOS="127" WIDTH="54" HEIGHT="16" WC="0.96" CONTENT="1877."/><SP WIDTH="25" VPOS="127" HPOS="518"/>
							<String ID="string_2" HPOS="543" VPOS="127" WIDTH="12" HEIGHT="16" WC="0.95" CONTENT="5"/><SP WIDTH="12" VPOS="127" HPOS="555"/>
							<String ID="string_3" HPOS="567" VPOS="125" WIDTH="97" HEIGHT="18" WC="0.96" CONTENT="Oktober."/><SP WIDTH="151" VPOS="125" HPOS="664"/>
							<String ID="string_4" HPOS="815" VPOS="121" WIDTH="51" HEIGHT="21" WC="0.96" CONTENT="1021"/>
						</TextLine>
					</TextBlock>
				</ComposedBlock>
				<GraphicalElement ID="cblock_1" HPOS="352" VPOS="154" WIDTH="327" HEIGHT="3"></GraphicalElement >
				<ComposedBlock ID="cblock_2" HPOS="43" VPOS="193" WIDTH="827" HEIGHT="85">
					<TextBlock ID="block_1" HPOS="43" VPOS="193" WIDTH="827" HEIGHT="85">
						<TextLine ID="line_1" HPOS="112" VPOS="193" WIDTH="758" HEIGHT="27">
							<String ID="string_5" HPOS="112" VPOS="195" WIDTH="160" HEIGHT="25" WC="0.96" CONTENT="Propositionen"/><SP WIDTH="25" VPOS="195" HPOS="272"/>
							<String ID="string_6" HPOS="297" VPOS="194" WIDTH="127" HEIGHT="21" WC="0.96" CONTENT="besvarades"/><SP WIDTH="22" VPOS="194" HPOS="424"/>
							<String ID="string_7" HPOS="446" VPOS="194" WIDTH="48" HEIGHT="21" WC="0.92" CONTENT="med"/><SP WIDTH="24" VPOS="194" HPOS="494"/>
							<String ID="string_8" HPOS="518" VPOS="193" WIDTH="103" HEIGHT="22" WC="0.91" CONTENT="blandadt"/><SP WIDTH="19" VPOS="193" HPOS="621"/>
							<String ID="string_9" HPOS="640" VPOS="194" WIDTH="22" HEIGHT="26" WC="0.96" CONTENT="ja"/><SP WIDTH="24" VPOS="194" HPOS="662"/>
							<String ID="string_10" HPOS="686" VPOS="194" WIDTH="39" HEIGHT="21" WC="0.96" CONTENT="och"/><SP WIDTH="22" VPOS="194" HPOS="725"/>
							<String ID="string_11" HPOS="747" VPOS="194" WIDTH="40" HEIGHT="26" WC="0.92" CONTENT="nej,"/><SP WIDTH="24" VPOS="194" HPOS="787"/>
							<String ID="string_12" HPOS="811" VPOS="193" WIDTH="59" HEIGHT="27" WC="0.92" CONTENT="iföljd"/>
						</TextLine>
						<TextLine ID="line_2" HPOS="43" VPOS="223" WIDTH="827" HEIGHT="26">
							<String ID="string_13" HPOS="43" VPOS="223" WIDTH="75" HEIGHT="21" WC="0.96" CONTENT="hvaraf"/><SP WIDTH="21" VPOS="223" HPOS="118"/>
							<String ID="string_14" HPOS="139" VPOS="223" WIDTH="130" HEIGHT="26" WC="0.96" CONTENT="omröstning"/><SP WIDTH="23" VPOS="223" HPOS="269"/>
							<String ID="string_15" HPOS="292" VPOS="223" WIDTH="103" HEIGHT="26" WC="0.95" CONTENT="begärdes"/><SP WIDTH="21" VPOS="223" HPOS="395"/>
							<String ID="string_16" HPOS="416" VPOS="223" WIDTH="37" HEIGHT="21" WC="0.91" CONTENT="och"/><SP WIDTH="17" VPOS="223" HPOS="453"/>
							<String ID="string_17" HPOS="470" VPOS="223" WIDTH="108" HEIGHT="20" WC="0.91" CONTENT="anstäldes"/><SP WIDTH="16" VPOS="223" HPOS="578"/>
							<String ID="string_18" HPOS="594" VPOS="225" WIDTH="54" HEIGHT="18" WC="0.95" CONTENT="samt"/><SP WIDTH="16" VPOS="225" HPOS="648"/>
							<String ID="string_19" HPOS="664" VPOS="223" WIDTH="63" HEIGHT="20" WC="0.96" CONTENT="utföll"/><SP WIDTH="16" VPOS="223" HPOS="727"/>
							<String ID="string_20" HPOS="743" VPOS="223" WIDTH="47" HEIGHT="20" WC="0.96" CONTENT="med"/><SP WIDTH="16" VPOS="223" HPOS="790"/>
							<String ID="string_21" HPOS="806" VPOS="223" WIDTH="27" HEIGHT="21" WC="0.96" CONTENT="28"/><SP WIDTH="14" VPOS="223" HPOS="833"/>
							<String ID="string_22" HPOS="847" VPOS="223" WIDTH="23" HEIGHT="26" WC="0.96" CONTENT="ja"/>
						</TextLine>
						<TextLine ID="line_3" HPOS="43" VPOS="252" WIDTH="138" HEIGHT="26">
							<String ID="string_23" HPOS="43" VPOS="252" WIDTH="40" HEIGHT="21" WC="0.95" CONTENT="och"/><SP WIDTH="17" VPOS="252" HPOS="83"/>
							<String ID="string_24" HPOS="100" VPOS="253" WIDTH="25" HEIGHT="20" WC="0.95" CONTENT="13"/><SP WIDTH="16" VPOS="253" HPOS="125"/>
							<String ID="string_25" HPOS="141" VPOS="252" WIDTH="40" HEIGHT="26" WC="0.96" CONTENT="nej."/>
						</TextLine>
					</TextBlock>
				</ComposedBlock>
				<ComposedBlock ID="cblock_3" HPOS="43" VPOS="308" WIDTH="828" HEIGHT="222">
					<TextBlock ID="block_2" HPOS="43" VPOS="308" WIDTH="828" HEIGHT="222">
						<TextLine ID="line_4" HPOS="112" VPOS="308" WIDTH="758" HEIGHT="27">
							<String ID="string_26" HPOS="112" VPOS="308" WIDTH="169" HEIGHT="27" WC="0.96" CONTENT="Proposition"/><SP WIDTH="24" VPOS="308" HPOS="281"/>
							<String ID="string_27" HPOS="305" VPOS="310" WIDTH="38" HEIGHT="19" WC="0.96" CONTENT="N:o"/><SP WIDTH="24" VPOS="310" HPOS="343"/>
							<String ID="string_28" HPOS="367" VPOS="310" WIDTH="22" HEIGHT="19" WC="0.96" CONTENT="3:"/><SP WIDTH="31" VPOS="310" HPOS="389"/>
							<String ID="string_29" HPOS="420" VPOS="309" WIDTH="38" HEIGHT="24" WC="0.94" CONTENT="De,"/><SP WIDTH="23" VPOS="309" HPOS="458"/>
							<String ID="string_30" HPOS="481" VPOS="314" WIDTH="45" HEIGHT="15" WC="0.96" CONTENT="som"/><SP WIDTH="23" VPOS="314" HPOS="526"/>
							<String ID="string_31" HPOS="549" VPOS="308" WIDTH="114" HEIGHT="27" WC="0.96" CONTENT="godkänna"/><SP WIDTH="21" VPOS="308" HPOS="663"/>
							<String ID="string_32" HPOS="684" VPOS="308" WIDTH="50" HEIGHT="21" WC="0.93" CONTENT="herr"/><SP WIDTH="18" VPOS="308" HPOS="734"/>
							<String ID="string_33" HPOS="752" VPOS="308" WIDTH="118" HEIGHT="21" WC="0.91" CONTENT="Törnroths"/>
						</TextLine>
						<TextLine ID="line_5" HPOS="43" VPOS="337" WIDTH="827" HEIGHT="26">
							<String ID="string_34" HPOS="43" VPOS="337" WIDTH="79" HEIGHT="26" WC="0.96" CONTENT="förslag"/><SP WIDTH="20" VPOS="337" HPOS="122"/>
							<String ID="string_35" HPOS="142" VPOS="337" WIDTH="72" HEIGHT="21" WC="0.96" CONTENT="derom"/><SP WIDTH="19" VPOS="337" HPOS="214"/>
							<String ID="string_36" HPOS="233" VPOS="339" WIDTH="33" HEIGHT="19" WC="0.96" CONTENT="att"/><SP WIDTH="14" VPOS="339" HPOS="266"/>
							<String ID="string_37" HPOS="280" VPOS="337" WIDTH="36" HEIGHT="21" WC="0.96" CONTENT="vid"/><SP WIDTH="14" VPOS="337" HPOS="316"/>
							<String ID="string_38" HPOS="330" VPOS="337" WIDTH="123" HEIGHT="21" WC="0.93" CONTENT="återremiss"/><SP WIDTH="16" VPOS="337" HPOS="453"/>
							<String ID="string_39" HPOS="469" VPOS="337" WIDTH="213" HEIGHT="21" WC="0.90" CONTENT="Ekonomiutskottet"/><SP WIDTH="16" VPOS="337" HPOS="682"/>
							<String ID="string_40" HPOS="698" VPOS="337" WIDTH="53" HEIGHT="20" WC="0.92" CONTENT="skall"/><SP WIDTH="16" VPOS="337" HPOS="751"/>
							<String ID="string_41" HPOS="767" VPOS="337" WIDTH="80" HEIGHT="21" WC="0.91" CONTENT="lemnas"/><SP WIDTH="16" VPOS="337" HPOS="847"/>
							<String ID="string_42" HPOS="863" VPOS="337" WIDTH="7" HEIGHT="20" WC="0.96" CONTENT="i"/>
						</TextLine>
						<TextLine ID="line_6" HPOS="43" VPOS="364" WIDTH="827" HEIGHT="29">
							<String ID="string_43" HPOS="43" VPOS="365" WIDTH="97" HEIGHT="27" WC="0.96" CONTENT="uppdrag"/><SP WIDTH="16" VPOS="365" HPOS="140"/>
							<String ID="string_44" HPOS="156" VPOS="368" WIDTH="32" HEIGHT="19" WC="0.96" CONTENT="att"/><SP WIDTH="15" VPOS="368" HPOS="188"/>
							<String ID="string_45" HPOS="203" VPOS="365" WIDTH="108" HEIGHT="22" WC="0.92" CONTENT="inkomma"/><SP WIDTH="13" VPOS="365" HPOS="311"/>
							<String ID="string_46" HPOS="324" VPOS="365" WIDTH="50" HEIGHT="22" WC="0.86" CONTENT="ined"/><SP WIDTH="16" VPOS="365" HPOS="374"/>
							<String ID="string_47" HPOS="390" VPOS="365" WIDTH="79" HEIGHT="28" WC="0.96" CONTENT="förslag"/><SP WIDTH="15" VPOS="365" HPOS="469"/>
							<String ID="string_48" HPOS="484" VPOS="365" WIDTH="33" HEIGHT="21" WC="0.96" CONTENT="till"/><SP WIDTH="16" VPOS="365" HPOS="517"/>
							<String ID="string_49" HPOS="533" VPOS="365" WIDTH="124" HEIGHT="26" WC="0.96" CONTENT="förändring"/><SP WIDTH="15" VPOS="365" HPOS="657"/>
							<String ID="string_50" HPOS="672" VPOS="364" WIDTH="24" HEIGHT="22" WC="0.96" CONTENT="af"/><SP WIDTH="14" VPOS="364" HPOS="696"/>
							<String ID="string_51" HPOS="710" VPOS="371" WIDTH="62" HEIGHT="15" WC="0.96" CONTENT="mom."/><SP WIDTH="17" VPOS="371" HPOS="772"/>
							<String ID="string_52" HPOS="789" VPOS="367" WIDTH="11" HEIGHT="19" WC="0.96" CONTENT="2"/><SP WIDTH="17" VPOS="367" HPOS="800"/>
							<String ID="string_53" HPOS="817" VPOS="366" WIDTH="7" HEIGHT="20" WC="0.93" CONTENT="i"/><SP WIDTH="13" VPOS="366" HPOS="824"/>
							<String ID="string_54" HPOS="837" VPOS="366" WIDTH="33" HEIGHT="21" WC="0.92" CONTENT="så-"/>
						</TextLine>
						<TextLine ID="line_7" HPOS="43" VPOS="393" WIDTH="828" HEIGHT="28">
							<String ID="string_55" HPOS="43" VPOS="395" WIDTH="52" HEIGHT="20" WC="0.92" CONTENT="dant"/><SP WIDTH="23" VPOS="395" HPOS="95"/>
							<String ID="string_56" HPOS="118" VPOS="394" WIDTH="53" HEIGHT="27" WC="0.92" CONTENT="syfle"/><SP WIDTH="22" VPOS="394" HPOS="171"/>
							<String ID="string_57" HPOS="193" VPOS="396" WIDTH="32" HEIGHT="20" WC="0.96" CONTENT="att"/><SP WIDTH="17" VPOS="396" HPOS="225"/>
							<String ID="string_58" HPOS="242" VPOS="396" WIDTH="132" HEIGHT="25" WC="0.96" CONTENT="guvernören"/><SP WIDTH="16" VPOS="396" HPOS="374"/>
							<String ID="string_59" HPOS="390" VPOS="395" WIDTH="46" HEIGHT="21" WC="0.96" CONTENT="icke"/><SP WIDTH="16" VPOS="395" HPOS="436"/>
							<String ID="string_60" HPOS="452" VPOS="394" WIDTH="55" HEIGHT="21" WC="0.96" CONTENT="skall"/><SP WIDTH="15" VPOS="394" HPOS="507"/>
							<String ID="string_61" HPOS="522" VPOS="401" WIDTH="51" HEIGHT="14" WC="0.96" CONTENT="vara"/><SP WIDTH="16" VPOS="401" HPOS="573"/>
							<String ID="string_62" HPOS="589" VPOS="393" WIDTH="119" HEIGHT="28" WC="0.96" CONTENT="berättigad"/><SP WIDTH="16" VPOS="393" HPOS="708"/>
							<String ID="string_63" HPOS="724" VPOS="396" WIDTH="32" HEIGHT="19" WC="0.96" CONTENT="att"/><SP WIDTH="15" VPOS="396" HPOS="756"/>
							<String ID="string_64" HPOS="771" VPOS="394" WIDTH="100" HEIGHT="22" WC="0.96" CONTENT="förordna"/>
						</TextLine>
						<TextLine ID="line_8" HPOS="44" VPOS="423" WIDTH="825" HEIGHT="27">
							<String ID="string_65" HPOS="44" VPOS="423" WIDTH="92" HEIGHT="21" WC="0.95" CONTENT="domstol"/><SP WIDTH="22" VPOS="423" HPOS="136"/>
							<String ID="string_66" HPOS="158" VPOS="425" WIDTH="32" HEIGHT="19" WC="0.96" CONTENT="att"/><SP WIDTH="22" VPOS="425" HPOS="190"/>
							<String ID="string_67" HPOS="212" VPOS="423" WIDTH="90" HEIGHT="21" WC="0.96" CONTENT="anställa"/><SP WIDTH="24" VPOS="423" HPOS="302"/>
							<String ID="string_68" HPOS="326" VPOS="423" WIDTH="72" HEIGHT="21" WC="0.92" CONTENT="förhör"/><SP WIDTH="23" VPOS="423" HPOS="398"/>
							<String ID="string_69" HPOS="421" VPOS="423" WIDTH="29" HEIGHT="21" WC="0.96" CONTENT="uti"/><SP WIDTH="19" VPOS="423" HPOS="450"/>
							<String ID="string_70" HPOS="469" VPOS="423" WIDTH="161" HEIGHT="26" WC="0.95" CONTENT="ifrågavarande"/><SP WIDTH="16" VPOS="423" HPOS="630"/>
							<String ID="string_71" HPOS="646" VPOS="423" WIDTH="100" HEIGHT="25" WC="0.96" CONTENT="ärenden,"/><SP WIDTH="16" VPOS="423" HPOS="746"/>
							<String ID="string_72" HPOS="762" VPOS="429" WIDTH="62" HEIGHT="15" WC="0.96" CONTENT="svara"/><SP WIDTH="13" VPOS="429" HPOS="824"/>
							<String ID="string_73" HPOS="837" VPOS="423" WIDTH="32" HEIGHT="27" WC="0.96" CONTENT="ja;"/>
						</TextLine>
						<TextLine ID="line_9" HPOS="44" VPOS="451" WIDTH="826" HEIGHT="27">
							<String ID="string_74" HPOS="44" VPOS="451" WIDTH="73" HEIGHT="22" WC="0.95" CONTENT="vinner"/><SP WIDTH="25" VPOS="451" HPOS="117"/>
							<String ID="string_75" HPOS="142" VPOS="452" WIDTH="33" HEIGHT="26" WC="0.96" CONTENT="nej"/><SP WIDTH="24" VPOS="452" HPOS="175"/>
							<String ID="string_76" HPOS="199" VPOS="458" WIDTH="61" HEIGHT="15" WC="0.93" CONTENT="anses"/><SP WIDTH="24" VPOS="458" HPOS="260"/>
							<String ID="string_77" HPOS="284" VPOS="451" WIDTH="90" HEIGHT="22" WC="0.91" CONTENT="Ståndet"/><SP WIDTH="16" VPOS="451" HPOS="374"/>
							<String ID="string_78" HPOS="390" VPOS="451" WIDTH="6" HEIGHT="21" WC="0.96" CONTENT="i"/><SP WIDTH="16" VPOS="451" HPOS="396"/>
							<String ID="string_79" HPOS="412" VPOS="451" WIDTH="93" HEIGHT="27" WC="0.96" CONTENT="enlighet"/><SP WIDTH="18" VPOS="451" HPOS="505"/>
							<String ID="string_80" HPOS="523" VPOS="451" WIDTH="47" HEIGHT="22" WC="0.96" CONTENT="med"/><SP WIDTH="17" VPOS="451" HPOS="570"/>
							<String ID="string_81" HPOS="587" VPOS="451" WIDTH="55" HEIGHT="21" WC="0.96" CONTENT="Herr"/><SP WIDTH="15" VPOS="451" HPOS="642"/>
							<String ID="string_82" HPOS="657" VPOS="451" WIDTH="103" HEIGHT="21" WC="0.96" CONTENT="Janssons"/><SP WIDTH="15" VPOS="451" HPOS="760"/>
							<String ID="string_83" HPOS="775" VPOS="451" WIDTH="95" HEIGHT="27" WC="0.96" CONTENT="yrkande"/>
						</TextLine>
						<TextLine ID="line_10" HPOS="45" VPOS="479" WIDTH="826" HEIGHT="28">
							<String ID="string_84" HPOS="45" VPOS="480" WIDTH="91" HEIGHT="21" WC="0.96" CONTENT="beslutat"/><SP WIDTH="16" VPOS="480" HPOS="136"/>
							<String ID="string_85" HPOS="152" VPOS="483" WIDTH="32" HEIGHT="18" WC="0.96" CONTENT="att"/><SP WIDTH="15" VPOS="483" HPOS="184"/>
							<String ID="string_86" HPOS="199" VPOS="480" WIDTH="65" HEIGHT="27" WC="0.86" CONTENT="något"/><SP WIDTH="14" VPOS="480" HPOS="264"/>
							<String ID="string_87" HPOS="278" VPOS="480" WIDTH="102" HEIGHT="21" WC="0.96" CONTENT="särskildt"/><SP WIDTH="15" VPOS="480" HPOS="380"/>
							<String ID="string_88" HPOS="395" VPOS="481" WIDTH="96" HEIGHT="26" WC="0.96" CONTENT="uppdrag"/><SP WIDTH="15" VPOS="481" HPOS="491"/>
							<String ID="string_89" HPOS="506" VPOS="479" WIDTH="132" HEIGHT="22" WC="0.96" CONTENT="beträffande"/><SP WIDTH="12" VPOS="479" HPOS="638"/>
							<String ID="string_90" HPOS="650" VPOS="480" WIDTH="59" HEIGHT="21" WC="0.96" CONTENT="detta"/><SP WIDTH="11" VPOS="480" HPOS="709"/>
							<String ID="string_91" HPOS="720" VPOS="482" WIDTH="93" HEIGHT="19" WC="0.96" CONTENT="moment"/><SP WIDTH="11" VPOS="482" HPOS="813"/>
							<String ID="string_92" HPOS="824" VPOS="480" WIDTH="47" HEIGHT="21" WC="0.96" CONTENT="icke"/>
						</TextLine>
						<TextLine ID="line_11" HPOS="44" VPOS="509" WIDTH="606" HEIGHT="21">
							<String ID="string_93" HPOS="44" VPOS="509" WIDTH="54" HEIGHT="20" WC="0.96" CONTENT="skall"/><SP WIDTH="15" VPOS="509" HPOS="98"/>
							<String ID="string_94" HPOS="113" VPOS="509" WIDTH="34" HEIGHT="21" WC="0.96" CONTENT="vid"/><SP WIDTH="17" VPOS="509" HPOS="147"/>
							<String ID="string_95" HPOS="164" VPOS="509" WIDTH="120" HEIGHT="21" WC="0.96" CONTENT="återremiss"/><SP WIDTH="16" VPOS="509" HPOS="284"/>
							<String ID="string_96" HPOS="300" VPOS="509" WIDTH="21" HEIGHT="20" WC="0.93" CONTENT="åt"/><SP WIDTH="16" VPOS="509" HPOS="321"/>
							<String ID="string_97" HPOS="337" VPOS="509" WIDTH="212" HEIGHT="21" WC="0.92" CONTENT="Ekonomiutskottet"/><SP WIDTH="15" VPOS="509" HPOS="549"/>
							<String ID="string_98" HPOS="564" VPOS="509" WIDTH="86" HEIGHT="20" WC="0.91" CONTENT="lemnas."/>
						</TextLine>
					</TextBlock>
				</ComposedBlock>
				<ComposedBlock ID="cblock_4" HPOS="44" VPOS="565" WIDTH="827" HEIGHT="194">
					<TextBlock ID="block_3" HPOS="44" VPOS="565" WIDTH="827" HEIGHT="194">
						<TextLine ID="line_12" HPOS="113" VPOS="565" WIDTH="758" HEIGHT="28">
							<String ID="string_99" HPOS="113" VPOS="566" WIDTH="161" HEIGHT="27" WC="0.96" CONTENT="Propositionen"/><SP WIDTH="23" VPOS="566" HPOS="274"/>
							<String ID="string_100" HPOS="297" VPOS="566" WIDTH="127" HEIGHT="21" WC="0.96" CONTENT="besvarades"/><SP WIDTH="15" VPOS="566" HPOS="424"/>
							<String ID="string_101" HPOS="439" VPOS="566" WIDTH="34" HEIGHT="21" WC="0.96" CONTENT="vid"/><SP WIDTH="16" VPOS="566" HPOS="473"/>
							<String ID="string_102" HPOS="489" VPOS="567" WIDTH="28" HEIGHT="26" WC="0.96" CONTENT="på"/><SP WIDTH="15" VPOS="567" HPOS="517"/>
							<String ID="string_103" HPOS="532" VPOS="565" WIDTH="92" HEIGHT="27" WC="0.93" CONTENT="begäran"/><SP WIDTH="16" VPOS="565" HPOS="624"/>
							<String ID="string_104" HPOS="640" VPOS="566" WIDTH="84" HEIGHT="21" WC="0.91" CONTENT="anstäld"/><SP WIDTH="16" VPOS="566" HPOS="724"/>
							<String ID="string_105" HPOS="740" VPOS="566" WIDTH="131" HEIGHT="27" WC="0.96" CONTENT="omröstning"/>
						</TextLine>
						<TextLine ID="line_13" HPOS="45" VPOS="594" WIDTH="826" HEIGHT="27">
							<String ID="string_106" HPOS="45" VPOS="595" WIDTH="47" HEIGHT="21" WC="0.96" CONTENT="med"/><SP WIDTH="27" VPOS="595" HPOS="92"/>
							<String ID="string_107" HPOS="119" VPOS="596" WIDTH="26" HEIGHT="20" WC="0.95" CONTENT="35"/><SP WIDTH="23" VPOS="596" HPOS="145"/>
							<String ID="string_108" HPOS="168" VPOS="595" WIDTH="23" HEIGHT="26" WC="0.96" CONTENT="ja"/><SP WIDTH="22" VPOS="595" HPOS="191"/>
							<String ID="string_109" HPOS="213" VPOS="595" WIDTH="39" HEIGHT="20" WC="0.96" CONTENT="och"/><SP WIDTH="24" VPOS="595" HPOS="252"/>
							<String ID="string_110" HPOS="276" VPOS="596" WIDTH="12" HEIGHT="19" WC="0.94" CONTENT="6"/><SP WIDTH="23" VPOS="596" HPOS="288"/>
							<String ID="string_111" HPOS="311" VPOS="595" WIDTH="39" HEIGHT="26" WC="0.95" CONTENT="nej,"/><SP WIDTH="19" VPOS="595" HPOS="350"/>
							<String ID="string_112" HPOS="369" VPOS="595" WIDTH="6" HEIGHT="20" WC="0.96" CONTENT="i"/><SP WIDTH="21" VPOS="595" HPOS="375"/>
							<String ID="string_113" HPOS="396" VPOS="594" WIDTH="52" HEIGHT="27" WC="0.96" CONTENT="följd"/><SP WIDTH="16" VPOS="594" HPOS="448"/>
							<String ID="string_114" HPOS="464" VPOS="595" WIDTH="76" HEIGHT="20" WC="0.93" CONTENT="hvaraf"/><SP WIDTH="14" VPOS="595" HPOS="540"/>
							<String ID="string_115" HPOS="554" VPOS="595" WIDTH="90" HEIGHT="21" WC="0.92" CONTENT="Ståndet"/><SP WIDTH="17" VPOS="595" HPOS="644"/>
							<String ID="string_116" HPOS="661" VPOS="594" WIDTH="130" HEIGHT="21" WC="0.96" CONTENT="förklarades"/><SP WIDTH="17" VPOS="594" HPOS="791"/>
							<String ID="string_117" HPOS="808" VPOS="594" WIDTH="63" HEIGHT="21" WC="0.96" CONTENT="hafva"/>
						</TextLine>
						<TextLine ID="line_14" HPOS="44" VPOS="623" WIDTH="827" HEIGHT="26">
							<String ID="string_118" HPOS="44" VPOS="623" WIDTH="96" HEIGHT="26" WC="0.96" CONTENT="godkänt"/><SP WIDTH="21" VPOS="623" HPOS="140"/>
							<String ID="string_119" HPOS="161" VPOS="624" WIDTH="50" HEIGHT="20" WC="0.93" CONTENT="herr"/><SP WIDTH="21" VPOS="624" HPOS="211"/>
							<String ID="string_120" HPOS="232" VPOS="623" WIDTH="116" HEIGHT="21" WC="0.91" CONTENT="Törnroths"/><SP WIDTH="19" VPOS="623" HPOS="348"/>
							<String ID="string_121" HPOS="367" VPOS="623" WIDTH="79" HEIGHT="26" WC="0.95" CONTENT="förslag"/><SP WIDTH="23" VPOS="623" HPOS="446"/>
							<String ID="string_122" HPOS="469" VPOS="625" WIDTH="32" HEIGHT="19" WC="0.96" CONTENT="att"/><SP WIDTH="16" VPOS="625" HPOS="501"/>
							<String ID="string_123" HPOS="517" VPOS="629" WIDTH="62" HEIGHT="15" WC="0.95" CONTENT="mom."/><SP WIDTH="17" VPOS="629" HPOS="579"/>
							<String ID="string_124" HPOS="596" VPOS="625" WIDTH="11" HEIGHT="19" WC="0.96" CONTENT="2"/><SP WIDTH="17" VPOS="625" HPOS="607"/>
							<String ID="string_125" HPOS="624" VPOS="623" WIDTH="68" HEIGHT="21" WC="0.96" CONTENT="skulle"/><SP WIDTH="16" VPOS="623" HPOS="692"/>
							<String ID="string_126" HPOS="708" VPOS="623" WIDTH="32" HEIGHT="21" WC="0.93" CONTENT="till"/><SP WIDTH="16" VPOS="623" HPOS="740"/>
							<String ID="string_127" HPOS="756" VPOS="623" WIDTH="115" HEIGHT="21" WC="0.92" CONTENT="Ekonomi-"/>
						</TextLine>
						<TextLine ID="line_15" HPOS="45" VPOS="652" WIDTH="826" HEIGHT="27">
							<String ID="string_128" HPOS="45" VPOS="653" WIDTH="106" HEIGHT="20" WC="0.92" CONTENT="utskottet"/><SP WIDTH="23" VPOS="653" HPOS="151"/>
							<String ID="string_129" HPOS="174" VPOS="652" WIDTH="166" HEIGHT="21" WC="0.91" CONTENT="återremitteras"/><SP WIDTH="22" VPOS="652" HPOS="340"/>
							<String ID="string_130" HPOS="362" VPOS="653" WIDTH="47" HEIGHT="20" WC="0.95" CONTENT="med"/><SP WIDTH="25" VPOS="653" HPOS="409"/>
							<String ID="string_131" HPOS="434" VPOS="652" WIDTH="97" HEIGHT="27" WC="0.95" CONTENT="uppdrag"/><SP WIDTH="22" VPOS="652" HPOS="531"/>
							<String ID="string_132" HPOS="553" VPOS="652" WIDTH="34" HEIGHT="21" WC="0.96" CONTENT="för"/><SP WIDTH="23" VPOS="652" HPOS="587"/>
							<String ID="string_133" HPOS="610" VPOS="652" WIDTH="59" HEIGHT="21" WC="0.96" CONTENT="detta"/><SP WIDTH="21" VPOS="652" HPOS="669"/>
							<String ID="string_134" HPOS="690" VPOS="652" WIDTH="83" HEIGHT="21" WC="0.96" CONTENT="utskott"/><SP WIDTH="18" VPOS="652" HPOS="773"/>
							<String ID="string_135" HPOS="791" VPOS="654" WIDTH="32" HEIGHT="19" WC="0.93" CONTENT="att"/><SP WIDTH="15" VPOS="654" HPOS="823"/>
							<String ID="string_136" HPOS="838" VPOS="652" WIDTH="33" HEIGHT="20" WC="0.91" CONTENT="in-"/>
						</TextLine>
						<TextLine ID="line_16" HPOS="45" VPOS="680" WIDTH="826" HEIGHT="27">
							<String ID="string_137" HPOS="45" VPOS="681" WIDTH="86" HEIGHT="20" WC="0.96" CONTENT="komma"/><SP WIDTH="22" VPOS="681" HPOS="131"/>
							<String ID="string_138" HPOS="153" VPOS="680" WIDTH="48" HEIGHT="21" WC="0.95" CONTENT="med"/><SP WIDTH="15" VPOS="680" HPOS="201"/>
							<String ID="string_139" HPOS="216" VPOS="680" WIDTH="79" HEIGHT="27" WC="0.95" CONTENT="förslag"/><SP WIDTH="16" VPOS="680" HPOS="295"/>
							<String ID="string_140" HPOS="311" VPOS="680" WIDTH="31" HEIGHT="21" WC="0.96" CONTENT="till"/><SP WIDTH="17" VPOS="680" HPOS="342"/>
							<String ID="string_141" HPOS="359" VPOS="680" WIDTH="65" HEIGHT="21" WC="0.96" CONTENT="sådan"/><SP WIDTH="16" VPOS="680" HPOS="424"/>
							<String ID="string_142" HPOS="440" VPOS="681" WIDTH="91" HEIGHT="26" WC="0.96" CONTENT="ändring"/><SP WIDTH="15" VPOS="681" HPOS="531"/>
							<String ID="string_143" HPOS="546" VPOS="681" WIDTH="22" HEIGHT="20" WC="0.96" CONTENT="af"/><SP WIDTH="14" VPOS="681" HPOS="568"/>
							<String ID="string_144" HPOS="582" VPOS="683" WIDTH="122" HEIGHT="23" WC="0.96" CONTENT="momentet,"/><SP WIDTH="16" VPOS="683" HPOS="704"/>
							<String ID="string_145" HPOS="720" VPOS="683" WIDTH="31" HEIGHT="18" WC="0.96" CONTENT="att"/><SP WIDTH="15" VPOS="683" HPOS="751"/>
							<String ID="string_146" HPOS="766" VPOS="682" WIDTH="105" HEIGHT="25" WC="0.95" CONTENT="guvernör"/>
						</TextLine>
						<TextLine ID="line_17" HPOS="46" VPOS="708" WIDTH="825" HEIGHT="27">
							<String ID="string_147" HPOS="46" VPOS="709" WIDTH="46" HEIGHT="21" WC="0.96" CONTENT="icke"/><SP WIDTH="21" VPOS="709" HPOS="92"/>
							<String ID="string_148" HPOS="113" VPOS="715" WIDTH="50" HEIGHT="15" WC="0.96" CONTENT="vore"/><SP WIDTH="23" VPOS="715" HPOS="163"/>
							<String ID="string_149" HPOS="186" VPOS="709" WIDTH="120" HEIGHT="26" WC="0.96" CONTENT="berättigad"/><SP WIDTH="24" VPOS="709" HPOS="306"/>
							<String ID="string_150" HPOS="330" VPOS="711" WIDTH="32" HEIGHT="19" WC="0.96" CONTENT="att"/><SP WIDTH="15" VPOS="711" HPOS="362"/>
							<String ID="string_151" HPOS="377" VPOS="709" WIDTH="100" HEIGHT="21" WC="0.95" CONTENT="förordna"/><SP WIDTH="16" VPOS="709" HPOS="477"/>
							<String ID="string_152" HPOS="493" VPOS="709" WIDTH="91" HEIGHT="21" WC="0.96" CONTENT="domstol"/><SP WIDTH="15" VPOS="709" HPOS="584"/>
							<String ID="string_153" HPOS="599" VPOS="712" WIDTH="33" HEIGHT="18" WC="0.96" CONTENT="att"/><SP WIDTH="16" VPOS="712" HPOS="632"/>
							<String ID="string_154" HPOS="648" VPOS="709" WIDTH="92" HEIGHT="21" WC="0.96" CONTENT="anställa"/><SP WIDTH="14" VPOS="709" HPOS="740"/>
							<String ID="string_155" HPOS="754" VPOS="708" WIDTH="71" HEIGHT="22" WC="0.96" CONTENT="förhör"/><SP WIDTH="15" VPOS="708" HPOS="825"/>
							<String ID="string_156" HPOS="840" VPOS="709" WIDTH="31" HEIGHT="21" WC="0.96" CONTENT="uti"/>
						</TextLine>
						<TextLine ID="line_18" HPOS="45" VPOS="738" WIDTH="401" HEIGHT="21">
							<String ID="string_157" HPOS="45" VPOS="739" WIDTH="26" HEIGHT="20" WC="0.96" CONTENT="de"/><SP WIDTH="16" VPOS="739" HPOS="71"/>
							<String ID="string_158" HPOS="87" VPOS="738" WIDTH="6" HEIGHT="20" WC="0.96" CONTENT="i"/><SP WIDTH="17" VPOS="738" HPOS="93"/>
							<String ID="string_159" HPOS="110" VPOS="740" WIDTH="117" HEIGHT="19" WC="0.96" CONTENT="momentet"/><SP WIDTH="15" VPOS="740" HPOS="227"/>
							<String ID="string_160" HPOS="242" VPOS="738" WIDTH="88" HEIGHT="21" WC="0.93" CONTENT="berörda"/><SP WIDTH="17" VPOS="738" HPOS="330"/>
							<String ID="string_161" HPOS="347" VPOS="738" WIDTH="99" HEIGHT="21" WC="0.96" CONTENT="ärenden."/>
						</TextLine>
					</TextBlock>
				</ComposedBlock>
				<ComposedBlock ID="cblock_5" HPOS="430" VPOS="823" WIDTH="59" HEIGHT="27">
					<TextBlock ID="block_4" HPOS="430" VPOS="823" WIDTH="59" HEIGHT="27">
						<TextLine ID="line_19" HPOS="430" VPOS="823" WIDTH="59" HEIGHT="27">
							<String ID="string_162" HPOS="430" VPOS="823" WIDTH="11" HEIGHT="27" WC="0.79" CONTENT="$"/><SP WIDTH="17" VPOS="823" HPOS="441"/>
							<String ID="string_163" HPOS="458" VPOS="825" WIDTH="31" HEIGHT="20" WC="0.94" CONTENT="38."/>
						</TextLine>
					</TextBlock>
				</ComposedBlock>
				<ComposedBlock ID="cblock_6" HPOS="46" VPOS="880" WIDTH="825" HEIGHT="83">
					<TextBlock ID="block_5" HPOS="46" VPOS="880" WIDTH="825" HEIGHT="83">
						<TextLine ID="line_20" HPOS="116" VPOS="880" WIDTH="755" HEIGHT="21">
							<String ID="string_164" HPOS="116" VPOS="880" WIDTH="117" HEIGHT="21" WC="0.79" CONTENT="Momentet"/><SP WIDTH="21" VPOS="880" HPOS="233"/>
							<String ID="string_165" HPOS="254" VPOS="882" WIDTH="9" HEIGHT="19" WC="0.93" CONTENT="1"/><SP WIDTH="19" VPOS="882" HPOS="263"/>
							<String ID="string_166" HPOS="282" VPOS="880" WIDTH="194" HEIGHT="21" WC="0.91" CONTENT="återremitterades"/><SP WIDTH="16" VPOS="880" HPOS="476"/>
							<String ID="string_167" HPOS="492" VPOS="880" WIDTH="32" HEIGHT="21" WC="0.96" CONTENT="till"/><SP WIDTH="15" VPOS="880" HPOS="524"/>
							<String ID="string_168" HPOS="539" VPOS="881" WIDTH="105" HEIGHT="20" WC="0.96" CONTENT="utskottet"/><SP WIDTH="16" VPOS="881" HPOS="644"/>
							<String ID="string_169" HPOS="660" VPOS="881" WIDTH="33" HEIGHT="20" WC="0.96" CONTENT="för"/><SP WIDTH="15" VPOS="881" HPOS="693"/>
							<String ID="string_170" HPOS="708" VPOS="882" WIDTH="32" HEIGHT="19" WC="0.96" CONTENT="att"/><SP WIDTH="15" VPOS="882" HPOS="740"/>
							<String ID="string_171" HPOS="755" VPOS="880" WIDTH="116" HEIGHT="21" WC="0.96" CONTENT="behandlas"/>
						</TextLine>
						<TextLine ID="line_21" HPOS="46" VPOS="909" WIDTH="825" HEIGHT="27">
							<String ID="string_172" HPOS="46" VPOS="909" WIDTH="6" HEIGHT="20" WC="0.96" CONTENT="i"/><SP WIDTH="17" VPOS="909" HPOS="52"/>
							<String ID="string_173" HPOS="69" VPOS="909" WIDTH="151" HEIGHT="27" WC="0.95" CONTENT="sammanhang"/><SP WIDTH="16" VPOS="909" HPOS="220"/>
							<String ID="string_174" HPOS="236" VPOS="909" WIDTH="48" HEIGHT="21" WC="0.96" CONTENT="med"/><SP WIDTH="16" VPOS="909" HPOS="284"/>
							<String ID="string_175" HPOS="300" VPOS="909" WIDTH="66" HEIGHT="26" WC="0.96" CONTENT="öfriga"/><SP WIDTH="16" VPOS="909" HPOS="366"/>
							<String ID="string_176" HPOS="382" VPOS="909" WIDTH="32" HEIGHT="21" WC="0.96" CONTENT="till"/><SP WIDTH="12" VPOS="909" HPOS="414"/>
							<String ID="string_177" HPOS="426" VPOS="909" WIDTH="111" HEIGHT="22" WC="0.96" CONTENT="Utskottet"/><SP WIDTH="10" VPOS="909" HPOS="537"/>
							<String ID="string_178" HPOS="547" VPOS="909" WIDTH="57" HEIGHT="21" WC="0.93" CONTENT="förut"/><SP WIDTH="10" VPOS="909" HPOS="604"/>
							<String ID="string_179" HPOS="614" VPOS="909" WIDTH="185" HEIGHT="21" WC="0.91" CONTENT="återremitterade"/><SP WIDTH="11" VPOS="909" HPOS="799"/>
							<String ID="string_180" HPOS="810" VPOS="915" WIDTH="61" HEIGHT="21" WC="0.91" CONTENT="para-"/>
						</TextLine>
						<TextLine ID="line_22" HPOS="46" VPOS="937" WIDTH="76" HEIGHT="26">
							<String ID="string_181" HPOS="46" VPOS="937" WIDTH="76" HEIGHT="26" WC="0.96" CONTENT="grafer."/>
						</TextLine>
					</TextBlock>
				</ComposedBlock>
				<ComposedBlock ID="cblock_7" HPOS="369" VPOS="994" WIDTH="177" HEIGHT="22">
					<TextBlock ID="block_6" HPOS="369" VPOS="994" WIDTH="177" HEIGHT="22">
						<TextLine ID="line_23" HPOS="369" VPOS="994" WIDTH="177" HEIGHT="22">
							<String ID="string_182" HPOS="369" VPOS="994" WIDTH="140" HEIGHT="22" WC="0.95" CONTENT="Momentet"/><SP WIDTH="19" VPOS="994" HPOS="509"/>
							<String ID="string_183" HPOS="528" VPOS="997" WIDTH="18" HEIGHT="18" WC="0.95" CONTENT="2."/>
						</TextLine>
					</TextBlock>
				</ComposedBlock>
				<ComposedBlock ID="cblock_8" HPOS="47" VPOS="1051" WIDTH="826" HEIGHT="113">
					<TextBlock ID="block_7" HPOS="47" VPOS="1051" WIDTH="826" HEIGHT="113">
						<TextLine ID="line_24" HPOS="117" VPOS="1051" WIDTH="755" HEIGHT="27">
							<String ID="string_184" HPOS="117" VPOS="1051" WIDTH="55" HEIGHT="21" WC="0.96" CONTENT="Herr"/><SP WIDTH="16" VPOS="1051" HPOS="172"/>
							<String ID="string_185" HPOS="188" VPOS="1051" WIDTH="153" HEIGHT="27" WC="0.96" CONTENT="Tengström"/><SP WIDTH="17" VPOS="1051" HPOS="341"/>
							<String ID="string_186" HPOS="358" VPOS="1052" WIDTH="113" HEIGHT="21" WC="0.95" CONTENT="anmärkte"/><SP WIDTH="15" VPOS="1052" HPOS="471"/>
							<String ID="string_187" HPOS="486" VPOS="1054" WIDTH="32" HEIGHT="19" WC="0.96" CONTENT="att"/><SP WIDTH="15" VPOS="1054" HPOS="518"/>
							<String ID="string_188" HPOS="533" VPOS="1051" WIDTH="112" HEIGHT="22" WC="0.96" CONTENT="Utskottet"/><SP WIDTH="15" VPOS="1051" HPOS="645"/>
							<String ID="string_189" HPOS="660" VPOS="1051" WIDTH="32" HEIGHT="22" WC="0.95" CONTENT="till"/><SP WIDTH="17" VPOS="1051" HPOS="692"/>
							<String ID="string_190" HPOS="709" VPOS="1051" WIDTH="60" HEIGHT="21" WC="0.95" CONTENT="detta"/><SP WIDTH="10" VPOS="1051" HPOS="769"/>
							<String ID="string_191" HPOS="779" VPOS="1053" WIDTH="93" HEIGHT="19" WC="0.96" CONTENT="moment"/>
						</TextLine>
						<TextLine ID="line_25" HPOS="47" VPOS="1079" WIDTH="826" HEIGHT="27">
							<String ID="string_192" HPOS="47" VPOS="1079" WIDTH="82" HEIGHT="27" WC="0.96" CONTENT="bifogat"/><SP WIDTH="22" VPOS="1079" HPOS="129"/>
							<String ID="string_193" HPOS="151" VPOS="1081" WIDTH="30" HEIGHT="20" WC="0.91" CONTENT="ett"/><SP WIDTH="23" VPOS="1081" HPOS="181"/>
							<String ID="string_194" HPOS="204" VPOS="1081" WIDTH="106" HEIGHT="20" WC="0.91" CONTENT="eventuelt"/><SP WIDTH="23" VPOS="1081" HPOS="310"/>
							<String ID="string_195" HPOS="333" VPOS="1080" WIDTH="86" HEIGHT="26" WC="0.95" CONTENT="förslag,"/><SP WIDTH="23" VPOS="1080" HPOS="419"/>
							<String ID="string_196" HPOS="442" VPOS="1087" WIDTH="45" HEIGHT="14" WC="0.96" CONTENT="som"/><SP WIDTH="20" VPOS="1087" HPOS="487"/>
							<String ID="string_197" HPOS="507" VPOS="1081" WIDTH="82" HEIGHT="20" WC="0.96" CONTENT="talaren"/><SP WIDTH="20" VPOS="1081" HPOS="589"/>
							<String ID="string_198" HPOS="609" VPOS="1081" WIDTH="53" HEIGHT="20" WC="0.96" CONTENT="dock"/><SP WIDTH="15" VPOS="1081" HPOS="662"/>
							<String ID="string_199" HPOS="677" VPOS="1080" WIDTH="47" HEIGHT="21" WC="0.96" CONTENT="icke"/><SP WIDTH="15" VPOS="1080" HPOS="724"/>
							<String ID="string_200" HPOS="739" VPOS="1080" WIDTH="66" HEIGHT="26" WC="0.96" CONTENT="ansåg"/><SP WIDTH="15" VPOS="1080" HPOS="805"/>
							<String ID="string_201" HPOS="820" VPOS="1080" WIDTH="53" HEIGHT="20" WC="0.96" CONTENT="böra"/>
						</TextLine>
						<TextLine ID="line_26" HPOS="48" VPOS="1107" WIDTH="825" HEIGHT="28">
							<String ID="string_202" HPOS="48" VPOS="1108" WIDTH="85" HEIGHT="21" WC="0.96" CONTENT="komma"/><SP WIDTH="19" VPOS="1108" HPOS="133"/>
							<String ID="string_203" HPOS="152" VPOS="1109" WIDTH="5" HEIGHT="20" WC="0.96" CONTENT="i"/><SP WIDTH="19" VPOS="1109" HPOS="157"/>
							<String ID="string_204" HPOS="176" VPOS="1109" WIDTH="66" HEIGHT="26" WC="0.96" CONTENT="fråga,"/><SP WIDTH="16" VPOS="1109" HPOS="242"/>
							<String ID="string_205" HPOS="258" VPOS="1109" WIDTH="64" HEIGHT="21" WC="0.93" CONTENT="sedan"/><SP WIDTH="16" VPOS="1109" HPOS="322"/>
							<String ID="string_206" HPOS="338" VPOS="1109" WIDTH="120" HEIGHT="22" WC="0.91" CONTENT="Ständerna"/><SP WIDTH="16" VPOS="1109" HPOS="458"/>
							<String ID="string_207" HPOS="474" VPOS="1109" WIDTH="82" HEIGHT="26" WC="0.96" CONTENT="antagit"/><SP WIDTH="15" VPOS="1109" HPOS="556"/>
							<String ID="string_208" HPOS="571" VPOS="1108" WIDTH="150" HEIGHT="27" WC="0.95" CONTENT="författningen"/><SP WIDTH="17" VPOS="1108" HPOS="721"/>
							<String ID="string_209" HPOS="738" VPOS="1115" WIDTH="33" HEIGHT="15" WC="0.92" CONTENT="om"/><SP WIDTH="16" VPOS="1115" HPOS="771"/>
							<String ID="string_210" HPOS="787" VPOS="1107" WIDTH="86" HEIGHT="22" WC="0.90" CONTENT="lösdrif-"/>
						</TextLine>
						<TextLine ID="line_27" HPOS="48" VPOS="1137" WIDTH="330" HEIGHT="27">
							<String ID="string_211" HPOS="48" VPOS="1143" WIDTH="49" HEIGHT="15" WC="0.96" CONTENT="vare"/><SP WIDTH="16" VPOS="1143" HPOS="97"/>
							<String ID="string_212" HPOS="113" VPOS="1137" WIDTH="39" HEIGHT="21" WC="0.96" CONTENT="och"/><SP WIDTH="16" VPOS="1137" HPOS="152"/>
							<String ID="string_213" HPOS="168" VPOS="1137" WIDTH="60" HEIGHT="22" WC="0.96" CONTENT="deras"/><SP WIDTH="16" VPOS="1137" HPOS="228"/>
							<String ID="string_214" HPOS="244" VPOS="1137" WIDTH="134" HEIGHT="27" WC="0.96" CONTENT="behandling."/>
						</TextLine>
					</TextBlock>
				</ComposedBlock>
				<ComposedBlock ID="cblock_9" HPOS="46" VPOS="1193" WIDTH="827" HEIGHT="114">
					<TextBlock ID="block_8" HPOS="46" VPOS="1193" WIDTH="827" HEIGHT="114">
						<TextLine ID="line_28" HPOS="117" VPOS="1193" WIDTH="756" HEIGHT="28">
							<String ID="string_215" HPOS="117" VPOS="1193" WIDTH="69" HEIGHT="22" WC="0.96" CONTENT="Sedan"/><SP WIDTH="25" VPOS="1193" HPOS="186"/>
							<String ID="string_216" HPOS="211" VPOS="1194" WIDTH="49" HEIGHT="21" WC="0.96" CONTENT="herr"/><SP WIDTH="24" VPOS="1194" HPOS="260"/>
							<String ID="string_217" HPOS="284" VPOS="1195" WIDTH="152" HEIGHT="21" WC="0.94" CONTENT="Talmannen"/><SP WIDTH="24" VPOS="1195" HPOS="436"/>
							<String ID="string_218" HPOS="460" VPOS="1195" WIDTH="85" HEIGHT="26" WC="0.94" CONTENT="upplyst"/><SP WIDTH="20" VPOS="1195" HPOS="545"/>
							<String ID="string_219" HPOS="565" VPOS="1195" WIDTH="32" HEIGHT="26" WC="0.96" CONTENT="sig"/><SP WIDTH="22" VPOS="1195" HPOS="597"/>
							<String ID="string_220" HPOS="619" VPOS="1194" WIDTH="62" HEIGHT="21" WC="0.95" CONTENT="hafva"/><SP WIDTH="25" VPOS="1194" HPOS="681"/>
							<String ID="string_221" HPOS="706" VPOS="1194" WIDTH="56" HEIGHT="21" WC="0.96" CONTENT="varit"/><SP WIDTH="22" VPOS="1194" HPOS="762"/>
							<String ID="string_222" HPOS="784" VPOS="1193" WIDTH="21" HEIGHT="22" WC="0.93" CONTENT="af"/><SP WIDTH="20" VPOS="1193" HPOS="805"/>
							<String ID="string_223" HPOS="825" VPOS="1193" WIDTH="48" HEIGHT="21" WC="0.92" CONTENT="full-"/>
						</TextLine>
						<TextLine ID="line_29" HPOS="47" VPOS="1222" WIDTH="826" HEIGHT="27">
							<String ID="string_224" HPOS="47" VPOS="1223" WIDTH="91" HEIGHT="26" WC="0.91" CONTENT="komligt"/><SP WIDTH="16" VPOS="1223" HPOS="138"/>
							<String ID="string_225" HPOS="154" VPOS="1223" WIDTH="110" HEIGHT="21" WC="0.93" CONTENT="enahanda"/><SP WIDTH="16" VPOS="1223" HPOS="264"/>
							<String ID="string_226" HPOS="280" VPOS="1223" WIDTH="60" HEIGHT="26" WC="0.92" CONTENT="åsigt,"/><SP WIDTH="17" VPOS="1223" HPOS="340"/>
							<String ID="string_227" HPOS="357" VPOS="1223" WIDTH="69" HEIGHT="22" WC="0.93" CONTENT="beslöt"/><SP WIDTH="16" VPOS="1223" HPOS="426"/>
							<String ID="string_228" HPOS="442" VPOS="1223" WIDTH="90" HEIGHT="22" WC="0.92" CONTENT="Ståndet"/><SP WIDTH="15" VPOS="1223" HPOS="532"/>
							<String ID="string_229" HPOS="547" VPOS="1223" WIDTH="28" HEIGHT="26" WC="0.96" CONTENT="på"/><SP WIDTH="15" VPOS="1223" HPOS="575"/>
							<String ID="string_230" HPOS="590" VPOS="1223" WIDTH="48" HEIGHT="21" WC="0.93" CONTENT="herr"/><SP WIDTH="16" VPOS="1223" HPOS="638"/>
							<String ID="string_231" HPOS="654" VPOS="1223" WIDTH="141" HEIGHT="21" WC="0.90" CONTENT="Talmannens"/><SP WIDTH="14" VPOS="1223" HPOS="795"/>
							<String ID="string_232" HPOS="809" VPOS="1222" WIDTH="64" HEIGHT="21" WC="0.92" CONTENT="fram-"/>
						</TextLine>
						<TextLine ID="line_30" HPOS="48" VPOS="1251" WIDTH="825" HEIGHT="27">
							<String ID="string_233" HPOS="48" VPOS="1251" WIDTH="101" HEIGHT="27" WC="0.96" CONTENT="ställning"/><SP WIDTH="20" VPOS="1251" HPOS="149"/>
							<String ID="string_234" HPOS="169" VPOS="1254" WIDTH="32" HEIGHT="19" WC="0.96" CONTENT="att"/><SP WIDTH="23" VPOS="1254" HPOS="201"/>
							<String ID="string_235" HPOS="224" VPOS="1251" WIDTH="59" HEIGHT="22" WC="0.96" CONTENT="äfven"/><SP WIDTH="22" VPOS="1251" HPOS="283"/>
							<String ID="string_236" HPOS="305" VPOS="1252" WIDTH="112" HEIGHT="21" WC="0.95" CONTENT="remittera"/><SP WIDTH="23" VPOS="1252" HPOS="417"/>
							<String ID="string_237" HPOS="440" VPOS="1253" WIDTH="59" HEIGHT="20" WC="0.96" CONTENT="detta"/><SP WIDTH="19" VPOS="1253" HPOS="499"/>
							<String ID="string_238" HPOS="518" VPOS="1254" WIDTH="93" HEIGHT="19" WC="0.96" CONTENT="moment"/><SP WIDTH="16" VPOS="1254" HPOS="611"/>
							<String ID="string_239" HPOS="627" VPOS="1251" WIDTH="31" HEIGHT="22" WC="0.96" CONTENT="till"/><SP WIDTH="16" VPOS="1251" HPOS="658"/>
							<String ID="string_240" HPOS="674" VPOS="1251" WIDTH="132" HEIGHT="22" WC="0.96" CONTENT="Utskottet"/><SP WIDTH="-6" VPOS="1251" HPOS="806"/>
							<String ID="string_241" HPOS="800" VPOS="1247" WIDTH="12" HEIGHT="35" WC="0.93" CONTENT="i"/><SP WIDTH="11" VPOS="1247" HPOS="812"/>
							<String ID="string_242" HPOS="823" VPOS="1257" WIDTH="50" HEIGHT="15" WC="0.91" CONTENT="ena-"/>
						</TextLine>
						<TextLine ID="line_31" HPOS="46" VPOS="1279" WIDTH="370" HEIGHT="28">
							<String ID="string_243" HPOS="46" VPOS="1280" WIDTH="71" HEIGHT="21" WC="0.96" CONTENT="handa"/><SP WIDTH="16" VPOS="1280" HPOS="117"/>
							<String ID="string_244" HPOS="133" VPOS="1279" WIDTH="55" HEIGHT="28" WC="0.96" CONTENT="syfte"/><SP WIDTH="15" VPOS="1279" HPOS="188"/>
							<String ID="string_245" HPOS="203" VPOS="1286" WIDTH="46" HEIGHT="15" WC="0.96" CONTENT="som"/><SP WIDTH="16" VPOS="1286" HPOS="249"/>
							<String ID="string_246" HPOS="265" VPOS="1283" WIDTH="116" HEIGHT="19" WC="0.96" CONTENT="momentet"/><SP WIDTH="17" VPOS="1283" HPOS="381"/>
							<String ID="string_247" HPOS="398" VPOS="1282" WIDTH="18" HEIGHT="20" WC="0.96" CONTENT="1."/>
						</TextLine>
					</TextBlock>
				</ComposedBlock>
				<ComposedBlock ID="cblock_10" HPOS="430" VPOS="1366" WIDTH="62" HEIGHT="27">
					<TextBlock ID="block_9" HPOS="430" VPOS="1366" WIDTH="62" HEIGHT="27">
						<TextLine ID="line_32" HPOS="430" VPOS="1366" WIDTH="62" HEIGHT="27">
							<String ID="string_248" HPOS="430" VPOS="1366" WIDTH="12" HEIGHT="27" WC="0.90" CONTENT="8"/><SP WIDTH="17" VPOS="1366" HPOS="442"/>
							<String ID="string_249" HPOS="459" VPOS="1367" WIDTH="33" HEIGHT="20" WC="0.96" CONTENT="39."/>
						</TextLine>
					</TextBlock>
				</ComposedBlock>
				<ComposedBlock ID="cblock_11" HPOS="46" VPOS="1422" WIDTH="827" HEIGHT="115">
					<TextBlock ID="block_10" HPOS="46" VPOS="1422" WIDTH="827" HEIGHT="115">
						<TextLine ID="line_33" HPOS="116" VPOS="1422" WIDTH="757" HEIGHT="28">
							<String ID="string_250" HPOS="116" VPOS="1423" WIDTH="56" HEIGHT="21" WC="0.93" CONTENT="Herr"/><SP WIDTH="18" VPOS="1423" HPOS="172"/>
							<String ID="string_251" HPOS="190" VPOS="1423" WIDTH="36" HEIGHT="21" WC="0.90" CONTENT="W."/><SP WIDTH="26" VPOS="1423" HPOS="226"/>
							<String ID="string_252" HPOS="252" VPOS="1423" WIDTH="111" HEIGHT="27" WC="0.92" CONTENT="Nystén:"/><SP WIDTH="31" VPOS="1423" HPOS="363"/>
							<String ID="string_253" HPOS="394" VPOS="1423" WIDTH="75" HEIGHT="21" WC="0.96" CONTENT="Denna"/><SP WIDTH="25" VPOS="1423" HPOS="469"/>
							<String ID="string_254" HPOS="494" VPOS="1423" WIDTH="101" HEIGHT="26" WC="0.96" CONTENT="paragraf"/><SP WIDTH="21" VPOS="1423" HPOS="595"/>
							<String ID="string_255" HPOS="616" VPOS="1423" WIDTH="68" HEIGHT="25" WC="0.96" CONTENT="torde,"/><SP WIDTH="22" VPOS="1423" HPOS="684"/>
							<String ID="string_256" HPOS="706" VPOS="1423" WIDTH="7" HEIGHT="20" WC="0.96" CONTENT="i"/><SP WIDTH="23" VPOS="1423" HPOS="713"/>
							<String ID="string_257" HPOS="736" VPOS="1422" WIDTH="67" HEIGHT="21" WC="0.96" CONTENT="likhet"/><SP WIDTH="22" VPOS="1422" HPOS="803"/>
							<String ID="string_258" HPOS="825" VPOS="1423" WIDTH="48" HEIGHT="20" WC="0.96" CONTENT="med"/>
						</TextLine>
						<TextLine ID="line_34" HPOS="46" VPOS="1451" WIDTH="827" HEIGHT="28">
							<String ID="string_259" HPOS="46" VPOS="1451" WIDTH="70" HEIGHT="27" WC="0.96" CONTENT="öfriga"/><SP WIDTH="15" VPOS="1451" HPOS="116"/>
							<String ID="string_260" HPOS="131" VPOS="1451" WIDTH="131" HEIGHT="28" WC="0.96" CONTENT="paragrafer,"/><SP WIDTH="16" VPOS="1451" HPOS="262"/>
							<String ID="string_261" HPOS="278" VPOS="1458" WIDTH="44" HEIGHT="15" WC="0.96" CONTENT="som"/><SP WIDTH="17" VPOS="1458" HPOS="322"/>
							<String ID="string_262" HPOS="339" VPOS="1451" WIDTH="79" HEIGHT="22" WC="0.95" CONTENT="handla"/><SP WIDTH="16" VPOS="1451" HPOS="418"/>
							<String ID="string_263" HPOS="434" VPOS="1458" WIDTH="34" HEIGHT="15" WC="0.92" CONTENT="om"/><SP WIDTH="17" VPOS="1458" HPOS="468"/>
							<String ID="string_264" HPOS="485" VPOS="1452" WIDTH="82" HEIGHT="26" WC="0.92" CONTENT="tiggeri,"/><SP WIDTH="16" VPOS="1452" HPOS="567"/>
							<String ID="string_265" HPOS="583" VPOS="1451" WIDTH="65" HEIGHT="22" WC="0.93" CONTENT="blifva"/><SP WIDTH="11" VPOS="1451" HPOS="648"/>
							<String ID="string_266" HPOS="659" VPOS="1451" WIDTH="170" HEIGHT="21" WC="0.91" CONTENT="återremitterad"/><SP WIDTH="11" VPOS="1451" HPOS="829"/>
							<String ID="string_267" HPOS="840" VPOS="1451" WIDTH="33" HEIGHT="20" WC="0.96" CONTENT="till"/>
						</TextLine>
						<TextLine ID="line_35" HPOS="48" VPOS="1479" WIDTH="825" HEIGHT="28">
							<String ID="string_268" HPOS="48" VPOS="1480" WIDTH="111" HEIGHT="21" WC="0.96" CONTENT="Utskottet"/><SP WIDTH="15" VPOS="1480" HPOS="159"/>
							<String ID="string_269" HPOS="174" VPOS="1480" WIDTH="32" HEIGHT="21" WC="0.96" CONTENT="för"/><SP WIDTH="15" VPOS="1480" HPOS="206"/>
							<String ID="string_270" HPOS="221" VPOS="1482" WIDTH="33" HEIGHT="19" WC="0.93" CONTENT="att"/><SP WIDTH="15" VPOS="1482" HPOS="254"/>
							<String ID="string_271" HPOS="269" VPOS="1480" WIDTH="94" HEIGHT="27" WC="0.96" CONTENT="undergå"/><SP WIDTH="16" VPOS="1480" HPOS="363"/>
							<String ID="string_272" HPOS="379" VPOS="1480" WIDTH="40" HEIGHT="21" WC="0.96" CONTENT="den"/><SP WIDTH="16" VPOS="1480" HPOS="419"/>
							<String ID="string_273" HPOS="435" VPOS="1480" WIDTH="154" HEIGHT="27" WC="0.96" CONTENT="omarbetning,"/><SP WIDTH="16" VPOS="1480" HPOS="589"/>
							<String ID="string_274" HPOS="605" VPOS="1487" WIDTH="45" HEIGHT="14" WC="0.96" CONTENT="som"/><SP WIDTH="17" VPOS="1487" HPOS="650"/>
							<String ID="string_275" HPOS="667" VPOS="1480" WIDTH="95" HEIGHT="26" WC="0.96" CONTENT="påkallas"/><SP WIDTH="15" VPOS="1480" HPOS="762"/>
							<String ID="string_276" HPOS="777" VPOS="1479" WIDTH="23" HEIGHT="21" WC="0.93" CONTENT="af"/><SP WIDTH="12" VPOS="1479" HPOS="800"/>
							<String ID="string_277" HPOS="812" VPOS="1479" WIDTH="61" HEIGHT="21" WC="0.91" CONTENT="Stån-"/>
						</TextLine>
						<TextLine ID="line_36" HPOS="46" VPOS="1508" WIDTH="827" HEIGHT="29">
							<String ID="string_278" HPOS="46" VPOS="1509" WIDTH="47" HEIGHT="21" WC="0.96" CONTENT="dets"/><SP WIDTH="17" VPOS="1509" HPOS="93"/>
							<String ID="string_279" HPOS="110" VPOS="1509" WIDTH="70" HEIGHT="22" WC="0.96" CONTENT="beslut"/><SP WIDTH="15" VPOS="1509" HPOS="180"/>
							<String ID="string_280" HPOS="195" VPOS="1509" WIDTH="131" HEIGHT="22" WC="0.92" CONTENT="beträffande"/><SP WIDTH="16" VPOS="1509" HPOS="326"/>
							<String ID="string_281" HPOS="342" VPOS="1510" WIDTH="11" HEIGHT="27" WC="0.92" CONTENT="&amp;"/><SP WIDTH="17" VPOS="1510" HPOS="353"/>
							<String ID="string_282" HPOS="370" VPOS="1511" WIDTH="27" HEIGHT="20" WC="0.96" CONTENT="38"/><SP WIDTH="15" VPOS="1511" HPOS="397"/>
							<String ID="string_283" HPOS="412" VPOS="1509" WIDTH="7" HEIGHT="20" WC="0.96" CONTENT="i"/><SP WIDTH="16" VPOS="1509" HPOS="419"/>
							<String ID="string_284" HPOS="435" VPOS="1509" WIDTH="40" HEIGHT="21" WC="0.96" CONTENT="den"/><SP WIDTH="16" VPOS="1509" HPOS="475"/>
							<String ID="string_285" HPOS="491" VPOS="1509" WIDTH="78" HEIGHT="27" WC="0.96" CONTENT="nådiga"/><SP WIDTH="14" VPOS="1509" HPOS="569"/>
							<String ID="string_286" HPOS="583" VPOS="1509" WIDTH="161" HEIGHT="26" WC="0.96" CONTENT="propositionen"/><SP WIDTH="16" VPOS="1509" HPOS="744"/>
							<String ID="string_287" HPOS="760" VPOS="1508" WIDTH="51" HEIGHT="21" WC="0.93" CONTENT="eller"/><SP WIDTH="13" VPOS="1508" HPOS="811"/>
							<String ID="string_288" HPOS="824" VPOS="1508" WIDTH="11" HEIGHT="26" WC="0.90" CONTENT="$"/><SP WIDTH="12" VPOS="1508" HPOS="835"/>
							<String ID="string_289" HPOS="847" VPOS="1509" WIDTH="26" HEIGHT="20" WC="0.96" CONTENT="36"/>
						</TextLine>
					</TextBlock>
				</ComposedBlock>
			</PrintSpace>
		</Page>
	</Layout>
</alto>
