1070 1795
168 131 54 20 1150
385 136 181 21 Borgareständet
577 137 53 17 1877.
655 137 23 16 13
691 135 97 18 Oktober.

164 205 110 22 behöfvas.
304 205 40 26 Jag
366 205 69 22 skulle
455 205 8 22 i
483 205 68 22 likhet
571 205 48 22 med
634 205 56 22 Herr
705 205 92 22 Jansson
813 205 74 22 förena
901 205 43 28 mig
959 211 35 16 om

164 235 132 20 momentets
309 234 141 21 oförändrade
465 234 126 27 antagande.

234 303 57 21 Herr
305 302 84 22 Gadd:
407 303 43 26 Mig
465 309 69 20 synes,
550 303 28 22 då
593 309 48 16 man
652 303 58 21 velat
722 303 63 21 hafva
798 303 58 20 detta
869 302 127 27 stadgande,

166 337 45 16 som
232 337 34 15 om
283 337 47 15 man
346 331 7 21 i
368 332 88 27 ängslan
473 331 59 22 öfver
547 334 32 19 att
595 331 137 22 Guvernören
747 331 47 22 icke
809 331 78 21 förstår
901 333 33 19 att
948 331 45 21 vid-

164 363 51 24 taga
238 366 26 15 en
285 359 83 28 åtgärd,
391 366 45 16 som
459 360 69 21 skulle
550 366 51 15 vara
616 361 7 20 i
639 361 41 21 den
695 361 109 20 allmänna
819 359 127 27 ordningens
961 359 31 22 in-

164 391 68 19 tresse
255 388 56 21 velat
326 388 45 22 låta
386 389 78 22 honom
481 389 149 27 understödjas
645 389 23 22 af
682 389 131 21 domstolens
828 388 163 28 undersökning.

164 417 43 27 Jag
229 419 25 19 är
276 417 124 27 öfvertygad
422 424 34 15 om
480 420 32 19 att
527 418 6 20 i
549 418 44 21 alla
613 418 81 21 sådana
708 418 51 26 mål,
775 418 38 21 der
827 417 168 27 anmärkningar

164 449 46 18 mot
225 446 245 27 gästgifverihållningen
486 446 138 25 förekomma,
639 446 45 22 ifall
697 446 167 25 anmärkningen
874 446 46 21 icke
930 446 63 21 faller

164 474 58 21 inom
245 475 37 20 det
303 474 119 22 kriminella
444 475 105 27 området,
573 475 89 27 ordning
686 475 68 26 aldrig
777 475 41 21 kan
834 474 161 21 åstadkommas

162 503 49 21 med
234 503 82 21 mindre
343 505 27 19 än
399 506 33 19 att
453 503 24 22 åt
499 503 137 22 Guvernören
645 503 54 28 och
722 503 141 27 polismakten
878 503 27 26 på
920 503 74 21 stället

162 531 116 28 inrymmes
294 531 40 22 den
349 534 79 19 största
443 531 87 28 möjliga
545 532 66 21 makt.
641 532 131 27 Öfvertygad
782 538 45 15 som
837 532 36 26 jag
883 533 24 20 är
918 531 75 22 härom

162 560 66 27 yrkar
247 560 37 27 jag
304 561 26 26 på
350 563 32 19 att
397 561 39 21 allt
450 560 55 22 skall
521 563 76 19 stanna
612 561 73 21 dervid
701 563 33 19 att
750 560 241 27 undersökningsproto-

162 589 69 21 kollet
253 589 99 22 insändes
374 589 32 22 till
429 589 144 27 Guvernören,
596 596 45 15 som
664 589 62 27 afgör
748 590 71 24 saken,
837 589 37 21 der
889 589 39 21 den
945 588 48 21 icke

162 617 61 22 faller
245 618 58 21 inom
325 617 36 22 det
379 617 120 22 kriminella
515 618 97 22 området
627 619 27 21 då
669 618 66 22 målet
750 617 105 28 sjelffallet
870 617 54 22 skall
940 617 50 21 hän-

163 646 82 27 skjutas
260 646 68 21 under
342 647 99 21 domstol.

236 715 55 21 Herr
311 714 160 23 Molander:
487 715 10 22 I
512 715 67 22 likhet
595 715 47 22 med
658 716 82 21 Herrar
754 715 91 22 Jansson
861 714 40 22 och
916 715 76 25 Björk-

163 743 55 25 stén,
241 749 63 16 anser
323 743 37 28 jag
383 744 36 21 det
441 744 57 21 klart
516 744 82 27 framgå
612 747 33 18 att
660 744 74 27 sjelfva
750 743 242 28 polisundersökningen

163 772 55 21 skall
241 772 127 21 verkställas
390 772 24 22 af
432 773 95 21 länsman
543 773 52 21 eller
610 775 72 19 ortens
697 772 187 28 polismyndighet,
899 778 45 15 som
959 772 30 21 in-

162 801 87 21 skickar
272 801 36 21 sitt
329 801 108 27 protokoll
458 802 34 21 till
515 801 143 22 Guvernören.
690 801 98 22 Derefter
807 801 90 21 förvisar
911 800 79 22 Guver-

162 831 67 20 nören
252 830 65 21 saken
340 829 31 22 till
394 830 127 25 domstolen;
544 830 81 21 hvilket
648 831 6 20 i
670 830 42 21 allo
729 831 198 20 öfverensstämmer
942 829 48 22 med

163 858 40 21 den
226 858 79 27 praxis,
327 865 45 14 som
395 859 68 21 hittils
485 859 55 21 varit
563 859 75 27 vanlig.
670 859 42 21 Det
735 859 42 21 kan
801 857 44 22 ofta
860 857 83 22 inträffa
958 860 32 19 att

162 887 67 21 saken
248 889 24 19 är
287 887 23 20 af
323 887 97 22 kriminel
437 889 62 20 natur
515 887 39 22 och
571 888 26 21 då
612 888 68 21 skulle
696 893 49 16 man
761 887 75 27 frångå
851 887 40 21 den
906 887 85 26 vanliga

162 915 249 28 rättegångsordningen,
427 916 45 21 ifall
487 922 49 15 man
552 916 68 21 skulle
637 916 82 21 förfara
735 915 140 22 annorlunda.

232 984 56 21 Herr
310 985 137 21 Höckert:
471 985 47 22 Den
540 985 84 28 vanliga
640 984 249 29 rättegångsordningen,
905 984 86 21 hvilken

163 1013 68 27 ligger
246 1013 33 21 till
294 1013 68 27 grund
378 1013 60 22 äfven
453 1013 33 22 för
501 1013 159 27 bestämningen
674 1015 5 20 i
691 1015 61 20 detta
764 1015 100 24 moment,
877 1013 115 21 återfinnes

163 1041 131 22 åtminstone
316 1042 14 27 i
346 1043 39 20 den
409 1042 32 21 för
463 1042 132 27 Helsingfors
610 1042 98 27 gällande
724 1042 145 27 polisstadgan
885 1041 22 21 af
922 1041 39 22 den
977 1043 12 20 6

162 1070 44 27 Maj
224 1071 61 21 1861.
316 1071 72 26 Ofriga
404 1071 170 27 polisordningar
589 1071 7 22 i
611 1071 73 22 landet
698 1071 64 22 torde
772 1071 7 21 i
789 1071 118 20 hufvudsak
923 1071 66 20 öfver-

163 1101 131 19 ensstämmä
315 1099 47 22 med
378 1099 74 22 denna.
483 1099 38 22 Uti
536 1106 63 15 mom.
615 1101 13 20 4
644 1100 22 21 af
687 1101 5 25 $
708 1101 12 20 5
737 1100 6 21 i
760 1099 92 22 nämnda
867 1099 122 26 förordning

163 1128 93 27 stadgas,
272 1131 32 18 att
318 1128 178 27 poliskammaren
513 1135 49 20 eger
577 1129 32 20 till
625 1129 71 26 slutlig
712 1128 100 27 pröfning
825 1127 39 22 och
875 1128 114 26 afgörande

162 1160 95 23 upptaga
279 1157 93 21 ärenden
395 1157 90 21 rörande
507 1157 129 26 gästgifvare
651 1157 40 22 och
707 1157 27 22 de
750 1156 133 28 skjutsandes
899 1157 90 21 försum-

162 1186 66 21 melse
252 1187 32 20 att
299 1185 62 21 hafva
376 1187 102 25 gästrum,
493 1185 74 22 hästar
582 1186 39 21 och
636 1187 70 20 äkdon
723 1186 6 21 i
746 1185 99 26 behörigt
859 1185 59 21 skick
934 1188 54 18 samt

162 1216 33 19 att
218 1214 86 21 dermed
327 1214 38 21 och
388 1215 47 21 med
451 1214 66 21 andra
533 1215 127 21 föreskrifna
676 1214 167 22 förnödenheter
858 1213 134 28 tillhandagä

162 1242 26 21 de
213 1243 96 21 resande.
339 1243 11 21 I
373 1243 25 21 de
420 1243 72 21 städer
513 1243 47 22 åter
575 1243 37 22 der
627 1244 166 26 poliskammare
808 1243 46 20 icke
869 1241 65 22 finnes
950 1243 39 20 har

162 1277 82 15 samma
267 1271 128 28 befogenhet
417 1272 122 21 tillkommit
559 1272 145 26 Magistraten.
722 1285 28 2 —
766 1271 74 22 Under
855 1271 136 27 åberopande

162 1299 21 21 at
199 1299 55 22 hvad
268 1300 37 27 jag
320 1300 57 21 förut
392 1301 7 20 i
415 1301 40 26 dag
471 1300 98 21 anmärkt
581 1307 35 14 om
624 1301 40 21 den
673 1301 168 24 centralisation,
849 1305 45 16 som
903 1305 84 20 genom-

162 1329 39 25 gär
224 1329 58 21 detta
305 1329 220 27 författningsförslag,
541 1329 69 21 skulle
630 1329 36 27 jag
682 1329 32 21 för
731 1329 44 21 min
791 1329 34 20 del
840 1328 107 27 tillstyrka
962 1335 27 15 en

161 1357 123 21 återremiss
307 1357 21 21 af
349 1358 37 20 det
408 1364 74 14 senare
505 1360 116 19 momentet
642 1358 21 20 af
677 1358 12 27 &
706 1358 26 20 15
750 1358 31 20 för
804 1358 33 20 att
858 1356 132 22 beträffande

162 1386 149 37 Ordningsmäl
328 1387 92 36 rörande
442 1386 147 37 gästgifverier
604 1387 6 21 i
626 1387 47 36 stad
696 1386 146 37 omredigeras
861 1386 8 21 i
884 1386 36 32 det
929 1386 60 37 syfte

162 1416 33 19 att
214 1415 26 21 de
255 1415 71 22 lokala
341 1415 174 27 myndigheterna
530 1415 68 22 skulle
613 1415 75 28 algöra
703 1415 74 27 dylika
792 1415 92 21 ärenden
900 1415 7 20 i
922 1414 66 21 Ofver-

162 1444 160 21 ensstämmelse
346 1445 47 20 med
420 1444 55 21 hvad
500 1443 130 22 beträffande
657 1444 68 21 andra
750 1443 148 28 polisärenden
922 1443 69 21 finnes

161 1473 107 26 stadgadt.
