1070 1795
282 130 180 22 Borgareståndet
475 131 55 18 1877.
556 131 23 17 18
593 130 97 18 Oktober.
840 127 54 20 1237

260 273 163 34 Torsdagen
441 273 56 26 den
516 273 33 27 18
568 273 132 27 Oktober.

134 348 96 22 Klockan
246 350 12 20 6
274 348 55 22 efter
350 348 112 27 middagen
487 348 110 22 fortsattes
620 348 191 27 Borgareståndets
833 349 33 20 till
886 348 7 21 i

65 377 42 27 dag
122 379 80 20 utsatta
217 377 164 22 sammanträde.

134 492 41 22 Vid
198 491 95 22 anstäldt
313 498 83 21 upprop
412 491 103 22 befunnos
531 491 93 28 följande
640 491 101 22 Ståndets
757 492 137 22 medlemmar

65 520 65 22 hafva
152 521 113 25 uteblifvit,
282 521 104 26 nemligen
401 520 82 21 Herrar
498 521 77 21 Julin
591 521 41 21 och
647 521 25 20 A.
688 521 157 28 Björkstén,
861 521 34 21 för

65 549 72 22 hvilka
161 549 181 28 sjukdomsförfall
364 549 118 24 anmäldes,
505 549 56 22 Herr
577 549 155 26 Snellman,
749 555 44 16 som
809 549 85 22 erhållit

66 578 94 28 ledighet
183 578 47 21 från
252 578 175 24 sammanträdet,
450 578 81 21 Herrar
550 578 75 24 Bade,
641 578 110 21 Jansson
766 578 40 21 och
821 579 37 20 Ek
873 577 22 22 af

65 607 74 22 hvilka
160 607 57 21 Herr
239 606 66 22 Bade
328 613 25 15 en
376 607 64 21 stund
463 607 54 21 efter
540 609 106 24 uppropet
669 606 73 21 infann
758 607 37 26 sig.
811 619 27 3 —
853 607 41 21 Be-

65 635 104 22 träffande
188 635 82 21 Herrar
285 636 92 21 Jansson
393 635 39 21 och
448 635 34 21 Ek
498 635 142 26 tillkännagaf
653 635 57 21 Herr
725 635 169 22 Talmannen

65 666 34 19 att
114 665 26 20 de
155 664 39 21 hos
209 664 78 21 honom
302 664 90 21 anhällit
407 670 34 15 om
457 663 98 22 tillstånd
570 666 33 19 att
617 664 33 21 för
660 664 97 21 enskilda
767 664 127 27 angelägen-

66 693 61 21 heter
149 693 22 21 få
193 693 103 21 uteblifva
317 693 46 21 från
388 693 177 25 sammanträdet;
585 692 40 22 och
647 692 50 21 fann
712 692 182 27 Borgareståndet

66 721 58 27 godt,
147 722 28 27 på
197 722 54 20 Herr
270 721 176 22 Talmannens
462 721 74 22 derom
551 721 76 28 gjorda
642 721 162 27 framställning,
820 721 74 22 bifalla

67 749 91 22 berörda
172 749 106 22 anhållan.

136 863 40 22 Till
191 864 73 21 vidare
280 864 76 27 åtgärd
371 864 95 27 företogs
480 865 159 21 Sammansatta
650 864 68 22 Stats-
730 863 39 22 och
779 863 115 22 Ekonomi-

67 893 117 21 utskottets
206 893 134 22 betänkande
356 893 40 21 N:o
413 895 11 19 2
442 893 48 22 med
514 893 113 27 anledning
649 893 23 22 af
693 893 60 21 Hans
774 892 121 27 Kejserliga

67 921 113 27 Majestäts
202 921 77 27 nådiga
302 922 132 27 proposition
450 922 109 27 angående
575 923 73 25 anslag
664 921 22 22 af
699 921 194 27 bevillningsmedel

66 950 33 21 för
121 950 207 22 folkskoleväsendet
351 951 7 20 i
373 950 73 22 landet
461 951 41 21 och
518 951 72 26 vidtog
605 951 40 20 den
661 950 28 27 på
704 950 144 27 förmiddagen
863 950 31 21 af-

66 979 81 21 brutna
162 979 155 26 behandlingen
333 985 28 15 nu
376 979 48 22 med

135 1043 157 21 momentet
307 1044 19 25 3,
342 1042 81 21 hvilket
441 1044 51 20 utan
509 1042 120 21 diskussion
644 1041 131 28 godkändes.

135 1105 79 21 Likaså
234 1104 70 23 blefvo
318 1107 152 20 momenten
487 1107 20 23 4,
523 1106 20 23 5,
559 1105 18 26 6,
595 1105 11 20 7
623 1105 39 21 och
679 1105 13 21 8
707 1107 52 18 utan
774 1104 119 27 skiljaktig-

66 1133 37 22 het
118 1133 23 21 af
155 1133 90 22 Ståndet
259 1136 99 25 antagna.

135 1190 135 22 Beträffande
292 1192 156 20 momentet
463 1192 20 25 9,
499 1197 45 15 som
560 1190 94 22 härefter
668 1190 117 27 föredrogs,
801 1189 92 27 uppstod

65 1218 93 27 följande
174 1219 130 22 diskussion:

135 1282 57 22 Herr
215 1282 117 27 Nybom:
349 1282 75 22 Ehuru
437 1282 37 27 jag
490 1282 70 21 såsom
576 1281 90 22 medlem
682 1281 24 21 af
722 1281 109 21 Utskottet
846 1280 47 21 icke

65 1311 68 27 ansåg
154 1311 36 22 det
210 1311 75 27 nödigt
305 1313 32 20 att
352 1317 109 15 reservera
476 1311 44 26 mig
535 1310 131 22 beträffande
683 1310 70 21 denna
767 1309 74 27 punkt,
857 1308 36 22 vill

63 1340 38 26 jag
125 1340 54 20 dock
200 1339 56 22 inom
272 1339 90 22 Ständet
377 1339 70 21 uttala
461 1339 44 21 min
520 1339 47 21 från
583 1338 123 22 Utskottets
720 1337 113 22 afvikande
848 1343 45 15 me-

65 1368 56 27 ning.
152 1368 41 27 Jag
215 1368 69 21 skulle
305 1368 107 27 nemligen
427 1368 51 27 vilja
502 1367 72 22 bifalla
597 1366 143 28 Regeringens
762 1366 79 27 förslag
860 1367 34 20 att

65 1397 50 27 höja
137 1396 158 28 internafgiften
317 1397 31 26 så,
369 1400 33 19 att
426 1397 41 21 den
483 1397 66 26 något
563 1397 24 21 så
602 1398 38 19 när
656 1398 119 19 motsvarar
791 1394 25 22 de
831 1395 61 20 verk-

65 1425 43 27 liga
130 1425 144 22 kostnaderna
296 1426 28 27 på
346 1426 36 21 det
405 1427 33 20 att
453 1425 48 22 icke
517 1425 40 22 den
573 1425 147 26 föreställning
735 1424 35 21 må
785 1423 108 26 bibringas

65 1453 144 23 allmänheten
224 1456 33 19 att
272 1454 37 22 det
323 1454 69 22 blefve
408 1453 98 28 billigare
521 1456 32 19 att
569 1453 126 22 underhålla
710 1455 32 19 ett
757 1452 76 22 sådant
843 1451 50 22 hus-

65 1482 50 25 håll,
132 1489 45 15 som
192 1483 36 21 vid
242 1483 124 21 internerna
380 1482 111 27 behöfves,
507 1482 28 22 då
551 1482 36 22 det
602 1482 49 21 sker
666 1481 28 28 på
709 1483 81 20 statens
805 1480 88 22 bekost-

64 1511 49 22 nad.
144 1511 112 22 Utskottet
278 1511 65 27 ansåg
358 1513 33 20 att
406 1517 49 15 man
470 1511 29 27 på
513 1511 69 26 grund
597 1511 23 21 af
634 1512 32 20 ett
680 1511 58 26 slags
753 1509 140 27 barmbertig-
