1070 1795
280 109 178 21 Borgareständet
470 109 55 18 1877.
550 109 12 17 8
575 109 97 18 Oktober.
845 106 42 21 999

60 179 33 20 väl
116 179 25 20 de
164 178 82 27 bidrag,
268 184 45 15 som
332 177 73 28 gifvas,
424 178 81 21 lemnas
521 177 31 22 uti
568 177 123 27 penningar.
721 178 44 21 För
780 178 47 21 dem
843 179 42 21 kan

59 213 49 14 man
131 213 41 21 nog
193 207 65 20 sedan
277 207 21 21 fä
313 207 79 20 sädana
407 213 69 19 varor,
493 212 45 15 som
552 205 54 22 efter
621 206 211 27 omständigheterna
848 209 37 20 äro

59 235 110 27 behöfliga.

129 292 54 21 Herr
206 292 32 21 W.
255 292 116 27 Nystön:
402 293 41 25 Jag
458 292 67 21 måste
542 291 47 22 med
606 291 42 21 min
664 293 45 19 röst
724 293 103 20 motsätta
843 293 43 26 mig

60 321 120 20 införandet
196 321 22 20 af
232 327 24 14 en
273 321 97 26 personel
385 321 62 26 afgift
462 321 33 20 till
509 320 148 27 fattigvården,
673 321 88 20 emedan
777 327 26 14 en
819 321 66 21 sådan

60 349 136 27 beskattning
217 349 44 21 helt
284 349 38 21 och
345 349 67 21 hället
434 349 78 21 strider
527 351 58 19 emot
601 349 35 20 det
652 349 233 27 beskattningssystem,

60 384 45 15 som
128 378 67 26 enligt
215 384 29 15 nu
261 377 97 27 gällande
378 377 159 28 kommunallag
554 377 53 22 bäde
622 377 33 21 för
670 377 100 21 städerna
785 378 40 21 och
841 378 44 21 lan-

60 407 36 21 det
111 408 24 19 är
150 409 94 23 antaget.
274 407 66 21 Detta
356 406 225 28 beskattningssystem
599 406 67 21 mäste
681 405 61 22 äfven
758 413 61 15 anses
835 413 50 15 vara

61 436 35 20 det
119 436 53 20 enda
195 436 165 26 principriktiga.
392 436 72 25 Enligt
485 434 278 27 kommunalförfattningen
786 435 33 21 för
843 437 42 19 stä-

61 465 64 20 derna
148 463 109 22 beskattas
280 464 138 21 kommunens
440 464 138 21 medlemmar
593 463 95 26 sålunda,
703 466 33 18 att
751 464 40 21 den
807 464 78 21 minsta

60 492 110 21 skattbara
192 493 94 20 inkomst
307 493 80 20 åsättes
410 494 32 19 ett
463 492 84 21 skatteö
609 492 53 24 Den,
681 498 45 15 som
742 493 89 20 sålunda
847 493 39 20 har

60 521 70 26 någon
153 521 67 21 sådan
243 521 93 21 inkomst
359 523 31 19 att
413 521 91 21 derifrån
522 521 98 26 möjligen
637 521 69 26 någon
722 521 58 21 skatt
795 521 42 21 kan
853 523 32 18 ut-

59 551 68 25 göras,
150 551 96 20 kommes
269 556 41 20 nog
332 549 48 26 ihåg
403 550 34 20 vid
461 549 170 27 beskattningen.
662 549 49 21 Man
735 549 39 21 hör
796 549 89 22 allmänt

60 579 54 20 talas
136 585 33 14 om
186 579 36 20 det
237 578 109 27 pockande
362 579 27 26 på
405 578 149 26 fattigkassan,
571 585 45 14 som
632 584 28 14 nu
677 578 48 20 sker
741 578 45 21 från
801 578 84 21 arbets-

59 607 95 21 klassens
170 607 53 20 sida.
254 607 42 20 Det
311 607 37 20 har
364 607 31 21 sin
411 607 69 26 grund
497 607 69 20 deruti
582 609 38 23 att,
636 607 27 20 då
679 606 112 22 arbetaren
802 607 83 21 betalar

59 635 117 27 penningar
199 635 31 21 till
254 638 30 18 ett
308 636 49 20 visst
380 635 105 26 ändamål,
507 642 62 14 anser
585 635 40 21 han
642 635 32 26 sig
689 635 59 21 äfven
765 635 120 27 berättigad

59 666 33 19 att
114 664 83 26 åtnjuta
214 664 66 26 några
296 664 90 21 fördelar
402 664 22 21 af
438 664 69 21 denna
522 664 70 26 utgift.
622 664 151 27 Fattigkassan
789 664 96 21 kommer

60 694 33 19 att
107 698 61 15 anses
183 693 69 20 såsom
269 699 25 14 en
310 693 212 26 försäkringsanstalt
538 693 32 20 för
587 693 24 20 de
628 692 76 27 fattiga
714 693 39 20 och
765 693 120 26 pockandet

59 721 99 26 tilltager.
188 721 40 26 Jag
249 721 68 21 skulle
336 721 32 21 för
384 721 41 21 min
443 721 33 21 del
492 721 113 27 godkänna
621 721 125 27 paragrafen
762 721 65 21 sådan
844 721 40 22 den

59 749 142 22 förekommer
216 751 6 19 i
238 750 244 21 utskottsbetänkandet.

128 807 55 20 Herr
204 807 117 27 Nybom:
352 802 66 26 Äfven
437 808 36 25 jag
489 807 66 21 måste
571 807 50 26 gilla
638 807 39 20 den
692 807 24 20 af
730 807 106 21 utskottet
851 809 33 18 ut-

60 835 70 21 talade
153 835 87 27 princip,
263 842 44 14 som
331 836 35 20 det
384 835 62 22 äfven
463 836 48 20 sökt
527 836 6 20 i
549 836 37 20 sitt
602 835 134 21 betänkande
751 835 134 27 förverkliga,

59 865 33 20 att
111 864 106 27 nämligen
236 865 66 26 något
316 864 5 21 i
338 864 188 27 beskattningsväg
547 864 47 21 icke
610 864 65 21 borde
692 864 85 27 stadgas
793 864 6 21 i
816 865 69 25 någon

60 898 68 15 annan
152 892 40 27 lag,
215 895 27 19 än
265 893 30 20 uti
316 893 191 26 kommunallagen.
539 893 42 21 Det
605 895 23 18 är
654 899 25 14 en
702 893 86 20 allmänt
804 893 81 20 erkänd

59 921 81 26 princip
163 922 31 20 uti
216 921 48 22 vårt
279 921 101 21 samhälle
396 921 39 22 och
452 921 31 21 uti
498 921 67 22 andra
581 921 102 21 moderna
699 921 39 21 och
754 921 60 22 civila
830 927 55 15 sam-

58 949 71 21 hällen
152 952 32 19 att
206 950 190 27 skatteskyldighet
419 950 140 27 ovilkorligen
583 949 54 22 skall
661 956 51 15 vara
732 950 88 21 förenad
837 950 47 21 med

59 979 160 26 rösträttighet;
239 979 82 20 betalar
336 979 35 26 jag
386 979 58 21 skatt
461 979 23 20 så
499 979 54 20 skall
567 979 37 26 jag
619 979 21 20 få
656 979 43 20 tala
716 979 32 20 för
764 979 56 20 mina
835 985 50 20 pen-

59 1007 80 26 ningar.
171 1007 39 21 Om
234 1008 26 20 de
276 1007 80 26 herrar,
370 1013 45 15 som
432 1008 67 20 önska
515 1007 69 21 denna
600 1007 120 26 personella
735 1007 64 23 skatt,
816 1007 68 21 skulle

59 1035 52 26 yrka
127 1036 26 25 på
169 1042 26 15 en
210 1035 123 27 förändring
352 1037 2 19 i
370 1035 288 28 kommunalförvaltningen,
674 1036 24 21 så
713 1036 68 21 skulle
795 1036 36 27 jag
842 1035 43 21 för-

59 1064 34 21 stå
115 1064 54 25 dem,
196 1071 47 14 men
267 1065 27 20 då
315 1064 66 21 skulle
400 1065 36 20 det
452 1065 27 26 på
494 1071 81 14 samma
590 1065 56 26 gång
662 1065 67 20 måsta
746 1064 64 21 blifva
825 1064 60 27 fråga

59 1098 34 15 om
116 1094 115 20 rösträtten
256 1093 38 21 och
318 1093 71 21 derom
413 1093 43 21 kan
479 1093 18 26 ej
513 1099 66 20 gerna
596 1093 64 21 blifva
675 1093 65 26 fråga,
756 1093 46 21 icke
818 1093 67 20 heller

59 1121 38 21 har
113 1121 36 21 det
163 1122 73 27 yrkats
252 1122 22 21 af
288 1123 53 25 dem,
357 1128 45 14 som
418 1122 40 21 ifra
475 1122 32 20 för
523 1122 69 20 denna
608 1128 39 20 nya
659 1122 225 26 beskattningsmetod,

59 1151 32 20 att
107 1151 114 20 rösträtten
237 1150 68 21 skulle
320 1150 118 21 förändras.
470 1151 42 20 Det
527 1151 56 20 visar
600 1150 31 21 tili
648 1151 71 20 hvilka
729 1150 92 21 absurda
832 1150 51 21 kon-

59 1184 112 20 seqvenser
195 1185 47 14 man
266 1179 100 24 kommer,
388 1179 26 21 då
431 1185 48 15 man
495 1179 31 20 uti
543 1185 24 14 en
584 1179 160 27 fattigvårdslag
759 1178 54 21 inför
829 1179 56 20 stad-

58 1207 90 26 ganden,
165 1213 45 15 som
226 1208 52 21 böra
294 1207 67 21 finnas
377 1207 5 21 i
399 1214 25 14 en
441 1207 158 26 kommunallag
615 1208 39 20 och
670 1209 56 19 ännu
743 1213 43 15 mer
797 1207 27 21 då
835 1213 49 14 man

59 1235 63 21 söker
137 1237 32 19 att
185 1236 101 21 förändra
301 1236 185 25 kommunallagen
501 1242 76 20 genom
593 1236 196 27 fattigvårdslagen.
815 1235 70 22 Fallet

59 1266 24 19 är
105 1266 32 19 att
158 1265 91 21 artikeln
272 1266 12 20 5
308 1265 46 20 åter
373 1264 118 22 innehåller
506 1265 45 26 fyra
567 1265 128 26 paragrafer,
710 1271 45 14 som
770 1264 115 26 ingalunda

59 1293 66 20 borde
148 1293 67 21 finnas
238 1294 31 21 uti
288 1293 68 21 denna
372 1293 40 26 lag.
444 1293 49 21 Mitt
509 1293 80 27 förslag
604 1293 68 21 skulle
688 1293 83 21 derföre
786 1299 51 14 vara
853 1295 32 19 att

59 1321 12 27 8
86 1321 26 21 29
134 1321 53 22 först
208 1322 40 21 och
267 1322 64 21 sedan
347 1322 26 21 de
389 1322 67 26 öfriga
471 1322 68 21 skulle
554 1322 60 26 utgå;
631 1328 47 15 men
695 1328 32 15 om
744 1322 7 21 i
767 1322 68 21 denna
850 1321 35 27 lag

59 1350 65 26 något
147 1350 102 22 behöfver
271 1350 74 22 härom
368 1350 136 25 bestämmas,
527 1350 24 21 så
574 1356 62 15 anser
656 1350 37 27 jag
716 1350 35 21 det
771 1350 113 26 lämpligen

59 1378 71 21 kunna
153 1379 109 27 uttryckas
284 1380 47 20 med
352 1378 88 28 ungefär
464 1378 92 28 följande
579 1378 94 27 ordalag,
697 1379 70 21 hvilka
782 1378 55 21 dock
852 1381 33 18 ut-

59 1407 81 21 skottet
161 1407 65 22 borde
242 1408 150 21 omformulera
406 1407 44 22 ifall
467 1409 48 20 mitt
530 1408 79 26 förslag
625 1407 68 22 skulle
708 1407 22 22 af
744 1407 89 22 Ståndet
848 1413 37 16 an-

59 1438 68 24 tagas:
160 1437 55 24 ,För
233 1437 135 21 bestridande
385 1436 23 21 af
421 1437 26 21 de
463 1443 76 20 genom
555 1437 40 20 den
611 1437 69 26 legala
695 1436 140 26 fattigvården
852 1435 33 22 för

59 1464 151 22 kommunerne
230 1465 123 27 uppkomna
368 1465 145 21 kostnaderna
529 1465 40 21 och
585 1465 115 26 utgifterna
714 1465 90 21 förfares
820 1464 64 27 enligt

59 1493 197 28 kommunallagens
279 1493 138 27 föreskrifter,
440 1493 69 22 likaså
533 1494 48 21 med
604 1493 125 27 uppbörden
753 1493 22 22 af
795 1492 90 22 influtna
