1070 1795
182 123 55 22 1258
383 128 179 22 Borgareståndet
579 129 54 18 1877.
657 129 27 17 20
697 129 98 17 Oktober.

178 198 90 26 derlagt,
285 197 123 22 framstälde
430 198 57 21 Herr
505 197 83 27 Nybom
608 198 124 27 ytterligare
748 198 71 21 såsom
835 197 45 22 skäl
897 197 31 22 för
943 197 62 22 semi-

177 227 83 21 nariets
276 226 138 28 förläggande
429 227 32 20 till
477 226 124 26 Sordavala,
625 227 41 20 den
689 226 128 22 civilisation
838 232 45 15 som
899 233 25 14 en
940 226 65 21 sådan

177 255 165 26 läroinrättning
367 255 68 21 skulle
457 255 149 22 åstadkomma
628 255 32 21 för
682 255 80 21 nämda
777 255 47 21 stad
840 255 39 21 och
895 255 47 21 dess
958 256 47 20 när-

177 287 69 18 maste
270 284 122 27 omgifning.
423 284 42 21 För
488 284 43 21 min
555 284 33 21 del
609 291 37 20 ger
666 284 38 27 jag
726 284 59 21 detta
808 284 47 21 skäl
877 284 62 27 ingen
954 284 51 27 vigt,

177 314 93 19 tvärtom
294 312 39 21 har
352 313 36 26 jag
410 312 48 21 hört
473 312 23 21 af
509 318 102 21 personer
633 313 48 21 med
699 312 122 27 fullkomlig
836 312 119 21 kännedom
970 318 35 15 om

178 340 162 22 förhållandena
362 343 33 19 att
417 344 15 18 t.
456 347 30 15 ex.
509 341 117 27 Jyväskylä
646 341 137 22 seminarium
806 343 57 19 ännu
878 341 19 26 ej
913 341 44 21 haft
979 344 26 18 en

177 369 55 22 enda
248 370 46 21 elev
310 369 46 22 från
372 370 101 21 Laukkas
489 370 82 21 socken.
603 369 48 22 Alla
666 370 70 21 elever
752 369 62 22 hafva
824 370 55 21 varit
891 369 44 22 från
947 375 58 16 mera

177 397 95 28 aflägsna
287 399 86 21 trakter.
405 398 68 22 Deraf
486 398 68 22 skulle
567 399 38 27 jag
620 399 66 25 draga
701 399 41 21 den
759 398 94 25 slutsats,
870 400 32 19 att
913 399 35 21 det
960 399 45 21 icke

177 429 25 19 är
223 429 31 19 ett
277 427 48 21 fullt
348 428 129 26 berättigadt
499 427 128 27 antagande,
648 430 33 19 att
704 427 118 22 Sordavala
840 428 48 20 stad
903 428 38 20 och
957 428 48 20 dess

177 457 107 19 närmaste
306 455 117 28 omgifning
442 456 61 21 skola
523 455 51 27 fylla
597 456 135 21 seminarium
752 456 49 21 med
817 455 70 22 elever
901 455 52 21 eller
967 461 38 15 ens

176 484 58 25 gifva
249 484 66 25 något
338 485 116 26 synnerligt
476 485 75 26 bidrag
571 484 76 21 dertill.
678 485 46 20 Här
740 485 39 20 har
795 484 60 21 äfven
871 484 132 26 framhållits,

177 514 32 19 att
224 512 122 27 bildningen
370 513 30 21 uti
423 513 85 21 trakten
531 513 97 26 omkring
650 513 117 22 Sordavala
783 513 91 21 befunne
890 513 31 27 sig
936 513 27 26 på
978 519 26 14 en

177 541 35 27 låg
228 541 138 27 ståndpunkt.
396 542 65 21 Detta
484 541 39 22 har
536 542 57 21 'åter
616 542 101 21 bestridts
740 541 22 22 af
785 542 73 26 andra,
875 547 45 16 som
942 541 62 21 hafva

176 569 118 22 framhållit
310 570 54 21 huru
380 571 177 26 läskunnigheten
573 571 40 20 och
629 571 123 26 bildningen
769 570 38 21 der
821 571 46 20 icke
883 572 37 19 äro
936 572 68 19 sämre

176 600 28 19 än
219 598 28 27 på
263 599 68 26 någon
347 605 69 15 annan
432 602 33 18 ort
481 599 6 21 i
503 599 78 21 landet.
612 599 66 21 Detta
693 599 39 21 allt
748 599 39 21 har
799 599 56 27 gjort
866 599 68 20 denna
944 598 60 26 fråga

176 627 40 21 hos
234 627 42 27 mig
291 628 84 27 mycket
390 628 120 21 misstänkt.
540 628 42 26 Jag
597 628 40 21 kan
654 627 71 22 derför
740 628 48 21 icke
803 630 66 19 annat
879 628 65 21 tänka
954 627 49 26 mig,

176 657 27 20 än
220 658 32 19 att
268 656 142 22 förhållandet
425 657 5 20 i
447 657 74 26 sjelfva
542 656 74 22 verket
631 659 23 19 är
669 656 78 22 sådant
767 662 46 15 som
836 657 102 20 makarna
953 656 51 21 Hal-

177 684 88 21 lonblad
281 685 30 20 uti
327 686 31 20 sin
374 685 62 21 skrift
452 686 32 20 till
500 685 60 21 Hans
577 685 100 27 Majestät
692 685 65 21 hafva
773 685 111 27 uppgifvit,
900 685 104 26 nemligen

176 715 34 19 att
225 713 168 27 folkbildningen
410 715 27 25 på
452 714 68 21 denna
536 717 34 18 ort
585 714 45 21 står
645 714 58 27 lägre
719 716 27 19 än
762 714 6 20 i
785 715 70 26 någon
867 719 68 15 annan
946 713 58 21 trakt

176 741 23 22 af
213 741 79 22 landet.
322 742 41 21 Till
387 742 40 21 den
450 743 114 20 slutsatsen
587 742 39 21 har
644 743 37 26 jag
701 742 62 21 äfven
779 742 90 21 kommit
884 742 24 21 af
921 742 36 21 det
971 748 33 15 re-

176 771 135 20 sonnerande
326 773 26 18 än
369 771 31 20 hit
416 771 38 21 och
470 773 26 19 än
513 771 32 21 dit
560 777 45 15 som
621 771 6 20 i
643 771 91 22 Ståndet
755 771 102 21 förefallit
877 771 30 20 uti
926 773 77 19 ämnet.

177 799 39 21 Att
232 799 168 27 folkbildningen
416 806 75 21 genom
507 800 60 21 detta
582 799 136 22 seminarium
734 800 69 21 skulle
820 799 131 22 omedelbart
966 799 37 21 hö-

174 827 40 27 jas,
230 828 37 21 det
282 830 45 19 tror
340 828 36 27 jag
391 828 53 27 icke,
460 830 22 25 ty
498 828 70 21 dertill
592 829 101 20 behöfvas
716 829 69 20 andra
807 828 142 26 inrättningar
964 827 40 22 och

177 856 107 21 måhända
300 857 5 20 i
321 857 89 21 främsta
430 860 91 18 rummet
540 857 123 21 folkskolor.
694 858 42 25 Jag
758 859 46 19 tror
827 857 64 21 också
911 857 93 20 derför
994 852 14 36 i

176 885 69 21 likhet
264 885 48 21 med
330 885 56 22 Herr
408 885 103 28 Lindelöf,
527 888 32 19 att
575 886 68 21 denna
666 885 143 26 folkbildning
824 885 42 21 kan
881 885 123 27 tillgodoses

177 914 85 26 mycket
284 914 70 21 bättre
371 915 27 26 på
413 917 64 18 annat
500 916 49 24 sätt,
565 917 27 18 än
607 921 76 20 genom
699 917 32 19 ett
746 913 135 28 fullständigt
901 913 104 22 folkskol-

176 942 215 22 lärareseminarium.
422 943 67 21 Mätte
505 943 117 22 Siitoinska
637 943 127 25 folkskolan,
779 949 46 14 som
841 943 73 26 tyckes
929 942 75 21 hittills

176 971 66 21 hafva
257 972 56 26 gjort
328 971 24 22 så
368 972 82 27 mycket
473 972 52 27 godt
547 971 33 22 för
598 972 168 26 folkbildningen
783 972 28 26 på
827 973 60 20 orten
903 971 39 21 och
958 977 46 15 som

177 999 39 22 har
240 1001 70 20 elever
332 1000 32 21 till
388 1001 119 26 hundratal,
530 1000 100 22 fortsätta
652 1001 27 26 på
702 1001 41 20 den
765 1000 56 21 bana
845 1000 39 21 den
900 1000 103 27 påbörjat.

176 1029 128 26 Derigenom
327 1029 61 25 löses,
404 1029 65 26 enligt
490 1030 48 20 mitt
561 1029 137 22 förmenande
713 1029 76 26 frågan
804 1029 48 20 bäst
868 1028 39 22 och
922 1028 81 21 lättast.

175 1057 106 22 Behöfver
296 1058 122 21 densamma
433 1057 98 28 utvidgas
545 1057 34 22 för
593 1060 32 19 att
640 1058 125 27 ytterligare
787 1057 101 22 befordra
903 1057 36 21 det
954 1057 49 26 mål,

176 1085 88 22 hvartill
288 1087 39 20 den
349 1087 97 26 sträfvar,
462 1087 35 20 vill
517 1087 37 26 jag
569 1087 47 21 icke
631 1093 51 14 vara
697 1087 41 20 den
754 1086 59 25 siste,
829 1088 32 19 att
877 1086 68 21 såvidt
961 1086 42 21 min

176 1116 46 20 röst
236 1115 43 21 kan
295 1116 65 26 något
374 1115 63 28 gälla,
453 1115 88 27 bidraga
557 1115 77 21 dertill.

245 1173 57 21 Herr
317 1172 128 22 Masalin:
475 1172 36 21 Uti
527 1173 41 20 den
583 1173 89 26 petition
689 1179 46 15 som
751 1173 25 21 år
793 1173 54 20 1872
863 1171 61 22 afläts
940 1172 64 27 angå-

176 1201 54 20 ende
246 1201 100 27 åtgärder
361 1201 31 21 till
408 1201 130 22 inrättandet
553 1201 22 21 af
589 1204 31 19 ett
635 1204 47 24 nytt
703 1200 301 23 folkskollärareseminarium

175 1230 85 26 gjordes
284 1230 102 21 förbehåll
410 1230 77 26 derom,
504 1232 32 19 att
552 1230 45 21 deri
612 1231 75 20 endast
702 1230 71 21 skulle
796 1229 83 27 intagas
901 1232 102 19 externer.

176 1258 66 21 Detta
265 1259 79 21 skedde
367 1259 67 21 under
455 1259 106 27 intrycket
576 1258 24 21 af
614 1265 25 15 en
654 1259 8 20 i
678 1259 74 21 landet
774 1258 136 27 temmeligen
926 1258 78 21 allmän

176 1287 63 27 åsigt,
262 1289 33 19 att
317 1293 47 16 man
386 1287 71 22 kunde
479 1287 91 27 bespara
591 1287 32 26 sig
646 1287 147 22 kostnaderna
811 1287 33 21 för
859 1289 32 18 ett
905 1287 99 21 internat.

175 1315 77 22 Denna
272 1316 56 26 åsigt
348 1316 39 21 har
406 1322 29 15 nu
456 1316 131 27 öfvergifvits
601 1316 67 21 under
683 1316 26 21 de
725 1316 42 21 fem
784 1315 25 22 år
823 1321 46 16 som
885 1315 120 22 sedermera

176 1344 97 26 förflutit,
290 1345 38 21 och
350 1345 48 21 med
418 1346 63 24 rätta,
497 1346 62 25 säger
575 1345 159 21 Sammansatta
750 1344 69 22 Stats-
835 1344 39 21 och
890 1344 115 21 Ekonomi-

176 1373 107 22 utskottet
298 1374 6 20 i
319 1373 37 22 sitt
372 1373 143 28 föreliggande
531 1373 140 28 betänkande,
686 1375 33 20 att
735 1373 27 21 de
777 1373 48 21 skäl
840 1378 46 16 som
902 1372 103 22 framdra-

175 1402 43 26 gits
234 1402 34 21 för
283 1404 32 19 att
330 1402 133 20 seminarium
486 1402 34 21 må
535 1402 65 21 blifva
616 1402 54 21 både
685 1402 33 21 för
734 1402 96 21 interner
845 1401 40 22 och
901 1403 104 24 externer,

176 1431 38 21 äro
230 1430 157 29 öfvertygande:
418 1431 41 27 Jag
480 1430 61 22 anför
562 1431 59 21 detta
643 1431 47 21 icke
712 1430 57 22 blott
790 1430 34 21 för
845 1432 33 19 att
892 1429 114 22 tillkänna-

176 1459 65 26 gifva,
258 1462 33 19 att
305 1459 43 22 min
364 1459 56 27 åsigt
435 1466 34 15 om
484 1459 37 21 det
536 1459 107 22 blifvande
658 1459 127 22 seminariet
800 1461 25 19 är
840 1458 110 22 enahanda
958 1463 46 16 som

175 1487 8 21 i
199 1488 39 21 den
252 1489 77 26 nådiga
349 1488 163 27 Propositionen
533 1488 40 21 och
591 1488 31 21 uti
644 1488 59 22 detta
719 1487 237 22 Utskottsbetänkande
971 1489 34 19 ut-

176 1517 62 26 talas,
261 1519 51 20 utan
336 1517 62 21 äfven
420 1516 22 22 af
463 1523 69 15 annan
548 1517 69 21 orsak.
648 1517 33 22 Då
694 1517 39 26 jag
748 1516 108 27 nemligen
871 1517 77 20 tänker
962 1515 43 27 mig
