1070 1795
304 129 179 22 Borgareståndet
496 130 55 17 1877.
576 130 27 17 29
616 129 97 18 Oktober.
860 125 53 21 1505

400 227 168 22 Momentet
583 228 21 21 9.

155 290 56 22 Herr
230 290 190 27 Tengström:
450 291 67 21 Detta
538 292 96 20 moment
650 290 40 22 bör
705 291 57 26 utgå,
777 291 70 21 såsom
864 290 51 21 full-

85 319 91 27 komligt
193 319 140 27 öfverflödigt,
349 321 22 25 ty
386 319 37 21 det
438 321 23 19 är
477 319 88 22 alldeles
583 319 109 26 sjelffallet
707 321 33 19 att
755 319 34 21 vid
805 319 110 22 storskifte

86 348 42 21 den
143 347 142 28 provisoriska
300 347 108 28 afrösning
422 353 45 16 som
483 347 94 28 föregått
593 348 47 21 icke
655 348 42 21 kan
708 349 76 26 utgöra
796 347 75 22 hinder
881 347 34 22 för

86 383 29 21 ny
129 377 129 27 utbrytning.
288 376 42 21 Det
344 377 43 20 kan
403 376 43 21 lika
462 377 40 21 lätt
518 376 71 21 hända
599 379 33 19 att
642 376 94 22 kronans
747 375 168 28 öfverloppsjord

87 405 96 22 kommer
205 407 33 20 att
259 405 97 27 utbrytas
377 405 32 21 till
431 405 70 27 någon
521 405 34 21 del
575 405 22 21 af
612 405 40 21 den
668 405 95 21 enskilde
776 404 140 28 jordegarens

87 434 94 25 område,
197 440 45 15 som
264 436 97 19 tvärtom.
392 434 50 21 Man
457 434 40 21 bör
512 434 47 21 icke
574 434 70 21 införa
659 434 7 21 i
682 434 152 26 författningen
850 434 66 26 något

86 462 26 22 så
127 462 105 28 sjelffallet
247 469 46 14 som
308 462 66 21 detta.

157 527 54 20 Herr
252 527 124 20 Boström:
392 525 42 27 Jag
448 525 87 21 förenar
550 525 43 27 mig
602 525 7 21 i
620 525 44 21 alla
676 525 112 22 afseenden
799 525 48 21 med
857 524 56 22 hvad

89 555 57 21 Herr
160 555 126 27 Tengström
302 554 76 22 anfört.
408 554 33 21 En
456 553 41 22 slik
513 553 104 28 tautologi
632 553 66 22 borde
714 553 67 28 aldrig
791 553 68 22 finnas
869 553 8 22 i
888 559 26 16 en

87 583 132 26 författning.

158 646 61 21 Efter
233 645 87 22 härmed
336 645 93 22 afslutad
446 645 119 22 diskussion
576 645 124 22 framstälde
711 645 55 22 Herr
783 645 12 20 T
805 644 57 22 alm
871 650 41 15 an-

90 681 55 16 nen
160 675 33 21 till
209 674 89 22 Ståndet
313 674 93 28 följande

159 737 213 27 Proposition:
396 737 38 25 De,
450 743 46 15 som
511 736 113 28 godkänna
639 736 77 22 nionde
732 736 101 27 punkten,
848 741 63 17 svara

87 765 41 28 ja;
145 766 31 26 de,
192 772 45 16 som
253 766 49 27 vilja
317 768 32 19 att
364 766 77 21 nionde
457 765 96 27 punkten
568 765 54 22 skall
639 765 57 27 utgå,
712 771 61 15 svara
782 761 9 36 n
800 771 2 15 e
828 765 15 26 j.

160 829 162 26 Propositionen
337 828 128 22 besvarades
481 828 48 22 med
545 828 157 27 öfvervägande
708 824 12 36 n
732 835 1 14 e
756 828 15 27 j.

396 913 166 22 Momentet
579 915 36 20 10.

161 971 55 21 Herr
236 971 154 26 Ignatius:
421 971 42 21 Det
483 971 109 22 förefaller
611 971 44 27 mig
675 971 81 27 ganska
775 971 144 27 egendomligt

91 1001 34 20 att
139 1001 39 20 när
197 1006 49 15 man
262 999 71 28 bryter
349 1001 31 20 ett
395 999 108 28 kontrakt,
519 1006 48 15 man
583 1000 65 21 likväl
663 999 54 22 låter
734 1000 39 21 den
789 999 68 22 andra
871 1005 49 21 par-

91 1031 37 19 ten
143 1028 129 22 fortfarande
289 1028 95 27 uppfylla
399 1028 26 21 de
440 1028 145 27 skyldigheter
601 1035 45 15 som
663 1029 48 20 dem
725 1034 76 21 genom
816 1027 102 22 kontrak-

91 1059 32 20 tet
139 1057 91 27 äläggas.
261 1057 41 26 Jag
321 1057 37 21 vill
374 1057 54 21 dock
444 1057 71 21 lemna
531 1057 80 21 derhän
626 1057 56 21 huru
697 1057 65 21 saken
778 1057 35 20 mä
828 1056 92 22 förhälla

91 1086 34 27 sig
147 1086 48 21 med
215 1085 129 26 Kemiträsk,
367 1086 38 21 der
426 1085 41 22 den
485 1085 72 27 gamla
572 1086 122 27 roteringen
708 1086 34 21 väl
758 1085 61 22 torde
835 1085 85 22 inträda

92 1117 39 19 när
146 1114 123 21 kontraktet
284 1114 123 27 upphäfves.
430 1114 50 21 Men
496 1114 56 22 hvad
567 1115 111 21 Kuusamo
689 1114 39 21 och
741 1113 123 28 Kuolajärvi
875 1115 46 20 äter

92 1143 106 27 beträffar,
213 1143 24 21 sä
252 1143 83 27 ätnjuta
350 1143 62 21 dessa
427 1143 92 21 socknar
535 1143 22 21 af
571 1143 103 26 gammalt
684 1143 159 27 Lappmarkens
854 1143 66 26 privi-

92 1172 71 26 legier,
187 1171 40 22 och
245 1172 37 27 jag
304 1173 35 20 vet
358 1172 47 21 icke
428 1171 48 21 med
495 1172 55 21 hvad
566 1171 46 22 skäl
628 1171 91 22 Ständet
734 1178 28 15 nu
777 1171 69 22 skulle
862 1171 59 27 börja

91 1200 108 21 fränröfva
221 1200 47 21 dem
289 1200 67 21 dessa.
387 1201 41 26 Jag
443 1200 74 27 tycker
533 1200 72 22 derför
617 1202 33 20 att
666 1200 129 21 ätminstone
809 1199 111 22 Kuusamo

91 1229 42 22 och
149 1229 122 26 Kuolajärvi
287 1229 51 21 böra
354 1235 50 15 vara
420 1228 129 27 fullkomligt
564 1229 97 22 befriade
674 1229 47 21 frän
735 1229 25 21 de
771 1227 150 28 förpligtelser,

91 1263 48 16 som
154 1257 26 22 de
195 1263 76 22 genom
290 1257 125 22 kontraktet
434 1257 64 22 hafva
515 1257 69 28 ätagit
602 1258 40 26 sig,
658 1257 27 22 dä
700 1258 61 21 detta
775 1257 104 22 kontrakt
893 1263 29 16 nu

91 1286 24 21 af
129 1286 119 22 Ständerna
264 1286 122 27 upphäfves.
417 1286 62 21 Hvad
495 1286 46 21 åter
557 1286 101 22 beträffar
674 1286 131 25 Kemiträsk,
820 1285 24 21 sä
859 1291 61 16 anser

72 1322 3 3 *
89 1315 38 27 jag
142 1316 32 20 att
190 1315 40 21 den
245 1315 70 27 gamla
330 1315 120 26 roteringen
467 1315 38 21 der
521 1315 67 22 borde
603 1315 80 21 införas
698 1315 39 21 och
750 1314 89 22 föreslår
851 1314 71 21 derför

93 1345 32 19 att
143 1343 59 21 detta
222 1345 93 20 moment
329 1343 34 21 för
378 1343 157 27 omredigering
550 1344 7 20 i
573 1344 77 21 sädant
665 1343 99 22 afseende
780 1343 67 21 mätte
863 1343 55 21 äter-

92 1371 121 22 remitteras
228 1372 34 22 till
277 1372 118 22 Utskottet.

162 1429 55 22 Herr
232 1429 24 22 E.
270 1429 106 27 Bergh:
409 1429 113 22 Utskottet
541 1429 40 22 har
596 1429 46 22 icke
658 1429 100 22 förbisett
773 1429 40 22 den
829 1429 24 21 af
867 1429 56 21 Herr

92 1457 97 28 Ignatius
207 1458 111 27 påpekade
338 1458 193 26 omständigheten,
547 1465 49 14 men
615 1458 144 21 förhällandet
773 1457 70 22 skulle
858 1457 65 22 blifva

93 1487 42 25 det,
151 1488 32 19 att
198 1493 34 16 om
248 1487 94 26 rotering
358 1486 69 22 blefve
442 1486 77 22 anförd
534 1486 7 21 i
555 1487 131 24 Kemiträsk,
702 1487 69 21 denna
787 1486 89 22 sockens
887 1486 35 21 be-

93 1515 97 27 folkning
212 1515 69 22 skulle
304 1515 66 22 blifva
389 1515 63 28 älagd
472 1521 26 16 en
517 1515 84 28 mycket
617 1518 74 25 tyngre
707 1515 68 22 börda
790 1517 27 20 än
834 1515 41 21 den
890 1515 34 22 för

832 1554 23 19 95
