1070 1795
200 127 54 21 1104
390 163 7 1 —
412 131 179 33 Borgareståndet
604 132 54 17 1877.
684 133 20 16 11
718 131 97 18 Oktober.

197 202 89 21 farande
302 201 54 22 skall
373 201 71 26 åligga
460 201 40 21 den
515 201 8 20 i
538 201 80 21 mantal
635 203 56 18 satta
703 201 77 26 jorden
792 201 39 20 och
842 203 32 18 att
885 201 76 22 sådant
971 200 54 22 skall

197 231 69 20 finnas
283 231 6 20 i
305 230 154 26 författningen
477 230 97 25 uttaladt,
589 236 47 15 men
648 229 36 21 det
692 229 90 21 oaktadt
793 229 65 21 önska
870 230 26 21 de
906 230 27 26 på
945 235 80 16 samma

197 260 56 26 gång
268 261 33 19 att
316 259 36 21 det
367 259 47 21 icke
430 258 44 23 deri
489 258 55 21 skall
560 258 88 27 intagas.
680 257 91 22 Hvilken
787 257 67 22 fördel
870 258 72 21 dervid
958 257 67 22 skulle

197 288 75 21 vinnas
295 288 41 20 kan
357 287 37 26 jag
413 287 45 21 icke
474 287 50 20 inse.
555 287 28 21 Så
597 286 61 26 länge
674 287 36 20 det
726 286 47 21 icke
789 288 24 19 är
828 293 25 14 en
869 293 38 14 ren
923 287 102 21 orättvisa

197 318 33 19 att
246 316 40 21 den
302 317 6 20 i
324 315 80 22 mantal
420 317 57 19 satta
490 315 76 27 jorden
582 315 54 21 skall
652 317 76 24 utgöra
744 315 197 26 hållskjutsningen,
956 315 23 21 så
991 317 34 19 vet

195 345 37 27 jag
255 345 47 21 icke
324 344 86 21 hvarför
426 350 48 15 man
489 344 54 21 skall
557 343 112 22 underlåta
684 345 33 20 att
733 343 68 22 såsom
819 343 38 22 här
872 345 25 19 är
911 344 114 27 föreslaget

198 373 68 21 uttala
290 373 42 21 det.
363 372 82 21 Genom
462 372 65 21 orden
543 372 46 21 tills
605 372 75 21 vidare
695 378 46 15 som
758 372 38 21 här
811 374 37 19 äro
864 372 107 27 inskjutna
987 373 39 20 har

197 408 49 15 man
268 402 66 21 redan
357 401 124 27 tillräckligt
505 401 93 27 tydligen
617 400 79 22 uttalat
710 402 34 19 att
760 401 59 21 detta
834 400 130 22 förhållande
978 401 47 21 icke

197 437 62 15 anses
282 431 54 20 böra
357 430 5 21 i
386 430 28 21 all
437 430 85 21 framtid
538 429 95 21 fortfara.
664 429 69 21 Dessa
748 430 38 20 ord
803 429 68 21 lemna
887 430 137 26 ovilkorligen

200 465 46 15 rum
268 459 34 20 för
317 459 37 21 det
369 459 130 25 antagandet
514 460 33 19 att
562 458 118 21 Ständerne
696 457 28 21 då
740 458 26 21 de
781 457 63 22 hafva
859 458 82 26 antagit
957 458 68 21 denna

197 488 15 26 S
234 487 65 21 likväl
321 489 71 19 ansett
414 489 32 18 att
469 487 39 20 den
524 487 6 20 i
547 493 25 14 en
594 486 112 21 kanhända
721 492 51 15 snar
787 486 85 21 framtid
888 487 38 20 bör
941 487 83 20 ändras.

197 517 57 20 Herr
269 515 137 27 Tengströms
422 515 79 26 förslag
516 517 32 18 att
563 515 61 21 äfven
641 515 76 26 ålägga
734 515 55 21 vissa
804 515 132 21 industriella
950 515 74 21 inrätt-

197 545 75 26 ningar
296 544 68 21 denna
387 546 65 25 tunga
475 544 40 21 kan
530 544 37 26 jag
581 544 45 21 icke
642 543 121 27 godkänna,
779 543 88 22 emedan
883 544 35 20 det
934 549 49 15 vore
999 549 25 15 en

197 573 104 21 orättvisa
324 575 32 19 att
378 573 113 20 samhället
506 572 6 21 i
527 572 32 21 sin
583 572 73 21 helhet
674 572 69 21 skulle
759 572 90 26 pålägga
860 572 122 27 ytterligare
999 578 25 14 en

197 601 34 22 del
254 602 23 20 af
298 601 48 22 dess
368 601 136 21 medlemmar
519 607 25 14 en
561 602 72 25 tunga,
649 607 44 14 som
710 607 50 14 man
777 600 52 21 dock
845 601 6 20 i
867 601 107 26 principen
991 607 34 14 er-

195 630 83 21 känner
293 632 31 19 att
340 630 66 21 borde
422 629 81 21 drabba
518 629 49 21 hela
581 629 79 21 landet.
690 629 113 26 Förslaget
819 629 75 21 sådant
909 629 35 21 det
955 629 21 21 af
985 629 38 20 Ut-

196 659 82 21 skottet
293 658 70 21 blifvit
378 658 117 25 förordadt,
511 657 82 28 åsyftar
608 657 94 28 tydligen
718 659 33 20 att
767 658 69 21 lindra
851 664 24 14 en
887 658 72 26 börda,
978 663 45 16 som

196 693 49 15 man
269 694 62 14 anser
353 693 51 14 vara
426 687 32 20 för
481 688 58 25 tung.
570 686 66 21 Detta
657 688 23 19 är
704 686 65 21 också
787 686 36 26 i&
840 687 8 20 1
867 686 22 21 af
901 686 123 21 Utskottets

196 715 135 22 betänkande
354 715 124 26 tillräckligt
499 715 93 26 tydligen
608 715 100 26 uttryckt,
726 715 39 20 och
782 715 70 20 derför
867 715 63 26 yrkar
944 715 37 28 jag
997 715 27 26 pä

196 745 48 20 dess
260 745 125 25 antagande.

267 802 55 20 Herr
337 801 152 21 Boström:
513 800 74 22 Såsom
603 801 53 20 hvar
671 807 47 15 man
736 803 36 18 vet
787 801 63 20 hafva
865 801 67 21 under
948 801 75 26 många

196 830 24 21 är
236 830 104 21 särskilda
356 829 79 26 förslag
451 829 68 21 blifvit
533 829 125 21 framstälda
674 835 34 15 om
724 831 34 19 att
773 829 44 21 dels
833 829 72 27 aflyfta
920 829 45 21 från
979 829 45 27 jor-

197 859 41 20 den
262 859 40 20 den
325 858 68 21 börda
416 864 44 15 som
483 864 75 20 genom
581 857 193 27 skjutshällningen
794 857 39 22 och
848 857 174 28 gästgifverierne

196 887 71 26 äligga
283 887 46 23 den,
345 887 39 21 och
401 886 44 21 dels
460 888 33 19 att
508 886 69 21 sävidt
592 887 83 26 möjligt
691 888 24 19 är
731 886 70 21 lindra
817 887 128 20 densamma.
968 886 55 21 Mot-

195 915 80 27 förslag
298 915 22 21 af
340 915 89 21 särskild
446 917 33 19 art
494 915 62 21 hafva
572 915 64 21 ocksä
651 915 75 34 gjorts,
742 915 25 21 sä
781 917 33 19 att
829 921 48 14 man
892 915 7 20 i
914 915 36 21 det
965 918 58 18 stora

196 944 50 21 hela
264 944 43 21 tills
322 944 72 21 vidare
411 943 45 22 icke
472 944 89 20 kommit
576 944 69 27 nägon
661 945 40 25 väg
717 944 48 21 med
783 943 48 22 hela
846 943 79 26 frägan.
954 943 68 21 Bland

196 973 26 20 de
245 973 115 32 projekter,
380 978 46 15 som
442 974 36 19 äro
493 972 81 27 gjorda,
592 961 33 32 vill
640 973 36 25 jag
692 972 66 21 ocksä
773 972 106 26 medgifva
894 972 129 27 riktigheten

196 1001 5 20 i
218 1002 82 25 princip
320 1001 25 20 af
363 1001 42 25 det,
421 1007 44 14 som
481 1001 64 26 yrkar
560 1003 33 18 att
607 1001 193 32 skjutshällningen
817 1000 65 21 borde
898 1001 125 20 underhälla

196 1030 30 26 sig
250 1030 54 27 sjelf.
334 1030 42 21 För
398 1017 131 33 närvarande
551 1031 46 19 tror
617 1030 37 26 jag
670 1029 53 21 dock
740 1029 40 21 och
796 1031 23 18 är
835 1029 48 21 fullt
899 1029 124 27 öfvertygad

196 1059 72 20 derom
290 1060 32 19 att
338 1058 76 21 sådant
430 1060 24 19 är
469 1065 25 14 en
511 1058 129 27 omöjlighet.
672 1058 108 21 Måhända
795 1057 70 21 kunde
881 1058 76 21 sådant
971 1064 52 15 vara

195 1087 61 21 fallet
272 1087 6 20 i
294 1087 64 20 södra
373 1086 61 21 delen
450 1086 22 21 af
486 1086 46 21 vårt
547 1086 49 21 land
612 1087 37 20 der
664 1087 92 20 trafiken
773 1088 24 19 är
812 1088 68 19 större
895 1093 75 20 genom
987 1087 36 20 det

196 1117 68 19 större
280 1115 187 21 invånareantalet.
499 1115 48 21 Men
563 1115 31 21 uti
610 1115 26 21 de
652 1115 70 26 öfriga
738 1115 87 21 delarne
841 1115 6 20 i
864 1115 71 21 landet
950 1117 24 19 är
989 1115 34 21 så-

196 1144 51 21 dant
262 1144 34 21 för
311 1143 131 22 närvarande
459 1150 25 14 en
501 1143 66 27 fysisk
583 1144 135 27 omöjlighet;
735 1143 91 21 trafiken
841 1145 24 19 är
876 1143 45 21 icke
930 1144 38 21 och
980 1143 42 22 kan

194 1173 48 20 icke
266 1173 27 26 på
315 1173 77 25 många
415 1172 112 21 decennier
550 1172 39 21 och
610 1173 70 20 sekler
696 1171 67 22 blifva
779 1172 24 21 så
818 1174 45 19 stor
878 1174 31 19 att
926 1173 39 20 den
980 1172 43 21 kan

195 1201 97 27 uppbära
315 1201 31 26 sig
365 1200 54 27 sjelf.
449 1201 41 26 Jag
512 1201 41 20 kan
569 1201 71 21 derför
656 1201 45 21 icke
718 1201 34 20 för
767 1201 133 20 närvarande
915 1201 27 26 på
957 1201 66 27 något

195 1231 43 20 sätt
253 1230 114 26 godkänna
383 1230 69 21 denna
467 1229 80 27 princip
563 1230 32 20 till
610 1229 127 28 antagande.
769 1229 50 21 Man
835 1230 68 21 måste
918 1230 104 26 nemligen

194 1260 51 24 taga
267 1258 162 21 förhållandena
451 1259 79 20 sådana
551 1265 45 14 som
618 1259 26 20 de
660 1259 5 20 i
682 1258 75 27 sjelfva
773 1258 72 21 verket
862 1260 43 24 äro,
922 1258 38 21 och
976 1258 47 21 icke

195 1287 69 21 inlåta
283 1287 32 26 sig
336 1288 28 25 på
387 1287 106 26 principer
516 1287 38 20 och
571 1287 164 25 abstraktioner,
751 1293 46 14 som
813 1287 122 26 visserligen
951 1287 72 20 kunna

194 1315 65 21 hafva
274 1315 32 21 sin
322 1315 103 26 riktighet
441 1315 6 20 i
463 1315 74 26 teorin,
552 1321 47 15 men
615 1315 31 21 uti
661 1315 115 27 praktiken
787 1315 46 21 icke
843 1317 37 19 äro
893 1315 129 27 tillämpliga.

195 1344 42 20 Det
253 1344 85 26 förslag,
355 1350 46 14 som
418 1344 39 20 den
474 1344 75 26 nådiga
565 1345 158 25 propositionen
740 1344 47 20 åter
803 1343 133 26 framställer,
952 1344 70 20 kunde

194 1372 102 27 möjligen
318 1372 27 27 på
364 1374 42 19 sätt
422 1372 39 21 och
477 1372 30 21 vis
524 1372 95 21 försvara
634 1372 32 21 sin
682 1372 64 27 plats.
777 1372 102 21 Deremot
894 1374 36 19 äro
948 1372 53 21 dock
1015 1372 8 20 i

194 1401 119 21 motiverna
336 1401 33 21 till
392 1401 121 21 Utskottets
536 1401 134 21 betänkande
693 1401 24 21 så
741 1401 79 20 talrika
835 1401 45 20 skäl
896 1401 127 20 framhållna

194 1432 32 18 att
247 1430 37 27 jag
305 1429 109 22 förmodar
430 1431 31 20 att
477 1429 79 22 enhvar
571 1430 68 21 måste
655 1429 63 22 blifva
736 1429 124 27 öfvertygad
876 1436 33 15 om
926 1429 97 27 omöjlig-

194 1457 65 22 heten
276 1460 32 19 att
322 1459 131 20 åtminstone
468 1458 33 21 för
516 1459 132 20 närvarande
662 1458 126 27 genomföra
804 1458 40 21 det.
876 1457 76 22 Dertill
963 1458 59 21 kom-

194 1492 46 15 mer
255 1487 124 27 ytterligare
400 1489 32 18 att
444 1487 156 26 Ridderskapet
615 1487 39 21 och
670 1487 70 21 Adeln
757 1487 65 20 redan
838 1487 81 26 antagit
934 1486 88 22 Utskot-

194 1517 43 19 tets
253 1516 85 27 förslag,
348 1515 88 22 hvarför
450 1515 158 27 upphäfvandet
623 1515 23 21 af
660 1515 40 22 den
715 1515 173 27 privilegiefräga
899 1515 27 27 pä
936 1515 85 21 hvilken
