1070 1795
168 125 54 20 1504
241 121 29 18 %
384 129 179 22 Borgareständet
575 130 57 17 1877.
655 130 27 17 29
694 129 99 18 Oktober.

166 199 42 21 dan
224 199 19 21 3.
274 197 67 22 Deraf
355 197 93 28 framgär
461 200 34 20 att
509 198 32 22 uti
555 198 123 22 Kemiträsk
694 197 68 22 finnes
779 197 90 27 ungefär
883 197 41 22 tolf
936 203 57 17 man-

166 227 30 22 tal
212 227 40 21 och
272 227 41 21 236
334 226 181 27 hemmansrökar,
532 227 19 21 d.
566 233 19 15 v.
601 233 15 15 s.
632 229 98 19 närmare
746 226 58 27 tjugo
820 226 174 22 hemmansrökar

166 256 28 27 pä
210 258 31 19 ett
257 255 89 26 mantal;
363 255 31 22 uti
410 255 109 22 Kuusamo
535 257 99 20 närmare
648 256 36 21 nio
700 255 14 22 ä
729 255 29 21 tio
775 255 40 21 och
829 256 31 21 uti
870 254 123 28 Kuolajärvi

166 284 91 21 emellan
277 284 30 21 tio
323 272 40 33 och
379 284 61 21 elfva.
469 285 47 21 Den
529 284 100 27 jordvidd
645 291 44 14 som
706 283 69 22 skulle
790 284 80 21 lemnas
885 284 23 21 ät
922 284 72 27 lägen-

167 313 101 21 heternas
289 312 137 22 innehafvare
446 313 31 21 uti
494 313 111 21 Kuusamo
625 313 68 21 skulle
712 313 89 21 sälunda
817 312 82 27 bestiga
913 313 33 26 sig
961 311 33 22 till

167 341 99 26 omkring
281 341 248 27 femhundratjugotusen
545 341 103 22 tunnland
664 342 75 21 medan
755 342 81 20 kronan
847 341 68 21 skulle
925 341 69 21 förbe-

168 369 58 22 hålla
241 370 33 27 sig
290 369 58 22 öfver
363 376 26 15 en
404 370 262 21 milliontrehundratusen
686 369 105 22 tunnland
805 371 83 20 ensamt
903 370 7 21 i
925 369 69 22 denna

167 399 86 21 socken.
284 399 87 21 Kronan
394 399 33 21 får
448 399 89 21 sålunda
554 399 7 21 i
579 399 43 21 alla
645 398 37 22 fall
701 398 59 22 öfver
780 398 73 27 sjuttio
869 400 88 25 procent
972 397 24 22 af

168 428 70 21 denna
258 428 54 27 jord.
343 427 50 21 Som
411 427 37 27 jag
463 428 66 21 redan
545 427 91 22 nämnde
652 427 68 22 skulle
739 427 3 21 i
758 426 122 22 Kemiträsk
895 433 26 15 en
934 424 59 24 hem-

168 456 39 21 rök
222 456 22 21 fä
260 455 75 22 endast
352 455 99 28 omkring
465 456 117 21 trehundra
597 456 104 21 tunnland
717 455 40 22 och
773 456 36 21 det
824 457 25 20 är
858 457 68 20 större
935 455 58 27 jord-

165 485 51 20 vidd
236 486 27 19 än
286 484 39 21 den
341 485 6 20 i
363 485 64 21 södra
448 485 91 21 Finland
557 484 121 22 innehafda.
708 485 42 26 Jag
769 486 46 20 tror
833 486 32 19 att
881 490 26 15 en
922 483 72 22 alltför

167 515 46 19 stor
235 513 136 27 sparsamhet
394 515 56 20 emot
473 514 62 21 dessa
557 513 102 22 socknars
674 513 128 22 innevänare
818 513 47 22 icke
880 514 24 19 är
919 513 27 26 pä
961 513 32 20 sin

166 542 62 27 plats.
260 541 88 22 Kronan
372 541 32 22 fär
426 542 56 21 ändä
506 542 41 21 den
563 542 154 27 jemförelsevis
737 543 80 20 största
835 541 69 26 delen,
920 541 73 27 sjuttio

151 581 5 5 »
166 572 88 25 procent
270 570 22 21 af
304 571 83 26 jorden,
406 571 39 21 och
463 571 61 20 faran
543 571 33 20 för
591 570 90 27 sköfling
696 573 25 18 är
736 571 81 26 ganska
832 570 66 27 ringa.
929 570 64 21 Dess-

166 601 59 19 utom
247 599 39 21 ber
303 599 37 26 jag
360 601 33 19 att
413 599 22 22 få
450 599 69 21 erinra
535 601 32 20 att
583 605 25 15 en
624 601 44 19 stor
684 599 74 21 dehaf
771 599 107 26 skogarna
893 599 6 20 i
914 598 80 21 Kuola-

166 627 56 27 järvi
243 627 41 22 oeh
303 627 109 22 Kuusamo
431 628 67 27 ligger
514 628 35 21 vid
563 627 127 27 vattendrag
704 634 46 15 som
766 627 63 22 hafva
845 627 37 22 sitt
897 627 74 27 utlopp
987 627 6 21 i

167 656 65 21 Hvita
248 656 78 26 hafvet,
343 656 39 21 och
399 657 67 26 någon
483 659 75 24 export
574 657 92 21 derifrän
682 657 62 21 torde
756 656 128 21 åtminstone
895 656 27 27 pä
932 655 61 27 länge

167 685 19 26 ej
202 685 88 21 komma
304 685 6 20 i
326 684 66 27 fräga.
424 685 61 21 Hvad
501 685 37 27 jag
552 685 91 21 nämnde
660 691 33 15 om
710 685 149 26 svedjebruket
874 685 42 20 kan
932 684 62 21 hafva

168 713 54 22 varit
240 715 32 20 ett
292 713 152 24 missförständ,
463 720 33 15 om
516 715 36 20 det
571 714 55 21 hade
642 714 66 21 afsett
723 713 43 22 alla
781 713 99 26 socknar;
897 719 47 15 men
957 713 37 27 jag

167 741 60 28 afsäg
243 741 175 28 hufvudsakligen
432 743 117 26 Kuusamo,
566 742 37 21 der
619 743 35 20 det
670 743 27 26 pä
712 742 68 27 grund
797 742 22 21 af
828 741 34 28 lag
873 742 39 21 har
920 742 74 26 pågått

168 783 26 3 —
211 771 7 20 i
234 770 84 21 hvilken
334 771 61 21 skala
410 771 41 21 kan
464 771 37 26 jag
516 771 33 21 för
561 771 131 21 närvarande
706 771 48 21 icke
764 772 83 19 nämna.
869 770 40 27 Jag
922 771 72 26 tycker

167 799 133 22 fortfarande
315 801 32 19 att
363 799 68 22 denna
446 800 119 27 förhöjning
581 799 66 22 borde
658 800 89 27 beviljas
760 799 23 21 sä
795 799 84 27 mycket
891 805 45 15 mer
948 805 45 15 som

164 828 37 27 jag
216 828 48 21 icke
278 828 41 21 kan
334 827 58 22 finna
407 830 32 19 att
454 828 75 22 Staten
545 828 71 21 derför
632 828 68 22 skulle
715 828 95 21 afhända
825 827 32 28 sig
871 827 70 28 nägon
957 827 36 22 be-

167 857 67 27 tydlig
255 857 105 26 jordvidd.
391 857 46 21 Den
460 856 67 23 blefve
549 857 34 21 för
603 857 25 21 de
649 857 41 22 tolf
712 857 108 21 mantalen
842 856 7 21 i
871 856 122 22 Kemiträsk

167 885 75 22 inalles
263 885 167 27 tjugofyratusen
448 886 110 25 tunnland,
574 886 68 21 under
662 887 36 20 det
714 885 49 22 hela
777 885 105 21 socknens
897 885 57 21 areal
969 887 25 19 är

167 913 59 22 öfver
248 913 261 22 sexhundraättatiotusen
531 915 104 20 tunnland
653 914 23 21 af
694 914 72 21 hvilka
784 914 126 21 hemmanen
926 913 67 22 skulle

171 942 21 21 få
208 942 181 27 sjuttiofemtusen
404 943 113 26 tunnland;
533 949 34 15 om
583 949 27 15 nu
628 943 169 27 tjugofyratusen
808 942 103 21 tunnland
922 942 71 27 läggas

168 971 77 25 dertill,
264 971 24 21 så
305 971 81 21 återstå
402 972 53 21 dock
471 971 32 22 för
518 972 82 21 kronan
616 972 97 27 omkring
729 971 264 21 femhundraåttatiotusen

167 1000 111 21 tunnland.

237 1057 61 21 Efter
319 1057 88 21 härmed
430 1057 91 22 afslutad
544 1057 120 22 diskussion
687 1057 137 22 framstäldes
847 1056 33 22 till
905 1056 89 22 Ståndet

168 1085 92 28 följande

236 1143 219 26 Proposition:
485 1144 40 27 De,
547 1150 45 15 som
614 1144 115 27 godkänna
751 1144 68 21 första
840 1145 116 20 momentet
973 1143 22 21 af

168 1171 124 22 Utskottets
307 1171 85 28 förslag,
409 1179 61 15 svara
483 1173 40 26 ja;
539 1173 73 20 vinner
629 1173 50 26 nej,
695 1179 63 15 anses
775 1173 118 20 detsamma
909 1174 86 24 antaget

168 1201 48 21 med
237 1201 67 21 sådan
326 1201 90 26 ändring
438 1203 32 19 att
491 1201 151 28 lägenheterna
661 1202 2 20 i
679 1201 110 22 Kuusamo
811 1201 39 21 och
872 1201 123 26 Kuolajärvi

168 1230 91 21 socknar
274 1229 68 22 skulle
357 1229 22 21 få
394 1230 32 27 sig
442 1230 140 26 provisoriskt
597 1230 97 21 tilldelad
707 1230 61 21 mark
781 1229 53 22 efter
846 1229 116 27 beräkning
972 1229 25 21 af

168 1258 103 21 tolftusen
294 1258 102 21 tunnland
420 1259 39 20 och
475 1259 6 20 i
497 1259 122 21 Kemiträsk
643 1259 54 20 efter
721 1259 108 21 åttatusen
850 1258 102 21 tunnland
968 1258 27 27 på

168 1287 74 27 hvarje
258 1287 140 26 provisoriskt
413 1287 79 22 mantal
504 1287 40 22 och
557 1287 6 21 i
574 1287 135 22 förbållande
721 1287 93 22 derefter
824 1287 28 27 på
862 1293 41 20 nya
914 1287 81 21 mindre

167 1315 131 27 lägenheter.

237 1372 164 27 Propositionen
421 1373 126 22 besvarades
562 1373 34 21 vid
612 1372 27 28 på
654 1373 94 27 begäran
764 1372 84 22 anstäld
864 1373 131 27 omröstning

168 1401 48 22 med
234 1402 31 20 12
278 1402 28 26 ja
320 1401 40 21 och
376 1402 30 21 26
421 1401 49 27 nej.

237 1459 123 21 Momenten
376 1460 20 26 2,
412 1459 18 26 3,
446 1460 19 26 4,
482 1461 19 25 5,
518 1460 19 26 6,
554 1461 12 20 7
582 1459 40 22 och
638 1461 12 20 8
665 1459 71 22 blefvo
752 1460 51 20 utan
815 1459 119 22 diskussion
944 1459 52 27 god-

168 1487 77 22 kända.
