1070 1795
277 123 182 22 Borgareståndet
472 124 54 18 1877.
547 125 27 16 20
587 124 97 17 Oktober.
837 119 54 21 1257

64 192 75 22 endast
153 193 67 26 några
235 193 126 26 landsvägar
375 193 111 21 förbinder
501 192 117 22 Sordavala
633 193 49 20 med
698 193 41 21 den
754 192 67 26 öfriga
836 193 55 21 verl-

65 221 47 21 den.
143 221 85 22 Sådana
248 221 210 22 kommunikationer
488 221 73 22 kunna
582 221 46 22 icke
647 221 103 26 jemföras
772 221 48 21 med
843 221 48 21 dem

63 249 87 27 Nyslott
170 256 55 20 eger,
245 250 39 21 och
307 250 71 21 kunna
398 250 70 27 aldrig
487 252 108 19 motsvara
610 250 56 21 hvad
681 256 45 15 som
743 249 100 22 behöfves
858 249 33 22 för

64 280 31 19 att
111 277 45 22 föra
171 278 54 21 fram
240 279 40 20 och
296 279 45 21 åter
356 278 51 22 flere
423 279 114 21 hundratal
553 279 75 21 elever.
660 278 104 27 Slutligen
780 279 39 20 bör
829 278 62 22 äfven

64 306 87 27 erinras,
176 307 55 21 hvad
249 307 65 22 redan
336 307 68 21 under
426 307 148 22 diskussionen
589 307 70 22 biifvit
674 307 94 24 berördt,
785 307 105 26 nemligen

64 337 32 19 att
111 335 116 22 Sordavala
242 336 60 21 stads
317 336 95 26 omnejds
428 335 41 22 och
484 336 48 21 hela
547 336 36 21 det
599 336 111 26 östligaste
725 335 102 22 Finlands
842 336 49 27 låga

63 363 243 28 bildningsståndpunkt,
322 371 46 15 som
382 364 68 27 gifver
465 364 115 27 tillräcklig
595 364 115 27 anledning
725 367 32 18 att
772 364 72 21 befara
857 366 33 19 att

64 394 31 20 ett
111 393 133 21 seminarium
260 393 6 21 i
282 393 116 22 Sordavala
418 394 47 21 icke
488 393 54 22 skall
565 393 22 22 få
609 393 70 21 elever
702 393 40 22 och
760 393 48 21 dess
824 393 67 21 inrät-

63 422 65 20 tande
151 422 89 21 sålunda
262 422 99 26 möjligen
380 422 43 21 kan
445 422 67 22 blifva
533 424 31 20 ett
579 422 97 21 likadant
691 422 137 27 experiment,
843 428 48 15 som

63 450 131 22 inrättandet
210 451 22 20 af
246 450 161 21 forstinstitutet
422 451 6 21 i
447 451 68 21 Evois.
545 451 41 26 Jag
601 450 91 21 föreslår
706 450 33 21 för
754 451 42 20 min
813 450 34 21 del
857 452 34 19 att

64 481 31 19 ett
109 479 135 27 fullständigt
258 479 299 22 folkskollärareseminarium
579 479 66 21 måtte
665 479 90 21 inrättas
776 479 6 21 i
804 479 87 28 Nyslott

64 507 39 22 och
119 510 30 19 ett
164 507 126 28 tvåklassigt
305 507 67 28 dylikt
395 509 6 20 å
415 508 93 27 Kymölä
523 508 99 21 hemman
637 508 59 21 invid
707 507 117 22 Sordavala
833 508 56 21 stad.

132 565 56 21 Herr
203 565 133 21 Boström:
367 565 41 27 Jag
423 565 86 22 förenar
525 565 42 27 mig
583 565 6 22 i
604 565 42 22 alla
661 565 114 22 afseenden
791 565 7 21 i
814 566 26 21 de
850 571 40 15 an-

64 593 143 27 märkningar,
231 599 44 16 som
299 593 55 22 Herr
377 594 102 21 Lindelöf
500 595 65 20 redan
581 594 113 21 framstält.
725 594 60 21 Dock
801 594 38 21 ber
851 593 38 27 jag

63 623 32 19 att
114 622 21 21 få
157 623 53 26 göra
227 629 25 14 en
274 622 49 21 liten
345 623 89 21 rättelse
456 623 31 21 uti
511 623 54 21 Herr
584 622 108 22 Lindelöfs
707 623 83 26 uppgift
806 629 34 14 om
856 624 33 19 att

63 649 107 22 afståndet
192 651 90 21 emellan
305 651 117 22 Sordavala
445 651 40 22 och
507 651 91 28 Kymölä
620 651 98 22 hemman
738 651 68 22 skulle
823 651 66 26 enligt

63 679 155 26 planritningen
240 681 77 25 utgöra
338 680 98 27 omkring
458 687 27 15 en
507 683 62 19 verst.
601 680 41 21 Det
664 682 25 19 är
704 681 7 20 i
727 680 36 21 det
781 682 108 19 närmaste

63 707 40 21 två.
135 707 63 22 Först
214 710 38 19 när
267 715 24 14 en
308 714 26 21 ny
350 709 138 26 projekterad
512 711 39 24 väg
571 709 39 21 och
626 715 25 15 en
667 709 39 20 bro
723 709 58 21 öfver
796 709 69 20 elfven
881 708 7 21 i

63 741 26 16 en
105 736 71 27 möjlig
192 736 93 27 aflägsen
300 737 85 22 framtid
402 737 97 22 kommer
519 737 32 22 till
567 737 69 24 stånd,
652 739 62 25 utgör
730 737 105 22 afståndet
850 743 38 15 un-

63 764 60 27 gefär
145 771 25 15 en
192 767 63 20 verst.
286 765 42 22 För
351 766 64 26 öfrigt
437 766 36 21 vill
489 767 38 26 jag
542 766 74 21 förena
631 766 43 27 mig
690 772 33 15 om
740 766 39 21 och
794 766 95 26 åberopa

63 793 27 21 de
112 793 52 26 skäl,
186 800 46 15 som
254 794 55 21 Herr
331 795 131 21 Vesterlund
483 795 31 21 uti
535 795 32 21 sin
583 795 130 21 reservation
729 794 32 21 till
775 794 114 22 Allmänna

62 821 206 23 Besvärsutskottets
290 823 134 22 betänkande
447 824 31 21 uti
501 823 161 27 ifrågavarande
684 825 63 20 ämne
764 823 124 26 framhållit,

63 850 38 22 och
117 850 72 22 hvilka
202 851 36 27 jag
254 857 61 16 anser
330 858 52 15 vara
397 853 6 20 i
419 853 45 20 alla
479 852 114 21 afseenden
609 852 84 26 riktiga.

131 879 33 21 Då
180 880 35 21 vid
231 880 57 21 förra
303 880 130 27 landtdagen
450 881 74 26 frågan
539 887 34 15 om
585 883 31 19 ett
626 883 48 25 nytt
684 880 137 22 seminarium
832 880 57 21 före-

61 913 44 20 var,
121 908 24 21 så
160 908 99 22 förenade
272 909 36 26 jag
323 909 43 26 mig
388 909 50 22 med
461 909 115 22 Allmänna
598 910 195 21 Besvärsutskottet
809 909 79 26 derom,

62 939 33 18 att
118 937 60 21 detta
200 938 136 21 seminarium
359 938 66 21 borde
448 939 108 26 förläggas
571 938 31 21 till
618 938 94 27 Nyslott.
742 938 78 21 Derom
836 943 51 16 voro

61 965 62 21 äfven
139 966 68 21 andra
222 972 48 15 ense
286 966 66 21 ehuru
372 973 49 14 man
443 967 55 21 dock
513 967 98 26 slutligen
627 967 50 21 kom
693 967 32 20 till
741 967 36 21 det
792 967 96 25 resultat,

61 995 33 20 att
109 994 65 27 något
197 994 106 22 bestämdt
326 995 111 22 uttalande
461 1002 33 15 om
519 997 60 20 orten
595 995 47 22 icke
658 995 66 22 borde
740 995 43 21 ske.
814 994 74 22 Skulle

62 1023 69 26 någon
147 1023 27 21 då
189 1023 62 21 hafva
266 1023 109 26 föreslagit
396 1024 119 21 Sordavala
537 1025 33 20 för
592 1024 132 27 anläggande
744 1023 21 22 af
779 1025 31 20 ett
825 1023 63 22 semi-

61 1051 90 26 narium,
173 1054 46 19 tror
238 1052 37 27 jag
297 1053 61 26 ingen
382 1053 63 25 enda,
461 1059 46 15 som
529 1053 46 21 icke
591 1053 54 21 hade
660 1053 48 21 låtit
723 1053 118 21 bestämma
856 1052 33 27 sig

61 1079 45 22 helt
122 1080 39 21 och
177 1080 66 21 hållet
258 1081 23 20 af
294 1081 159 24 ortsintressen,
476 1081 69 22 skulle
569 1081 63 22 hafva
654 1081 84 22 förenat
760 1081 32 26 sig
807 1081 80 21 derom.

62 1108 62 21 Hvad
140 1110 24 19 är
179 1109 90 21 orsaken
286 1109 32 22 till
333 1111 33 20 att
381 1116 50 15 man
448 1117 27 14 nu
492 1110 36 21 vill
544 1110 72 21 förena
632 1110 33 27 sig
676 1117 33 14 om
721 1110 116 21 Sordavala
847 1109 41 22 och

61 1143 62 15 anser
133 1138 40 20 den
185 1144 51 15 vara
244 1138 23 21 så
277 1138 86 27 lämplig
374 1138 89 21 framför
472 1139 67 21 andra
550 1141 58 19 orter
618 1139 6 20 i
635 1139 87 21 landet?
737 1139 32 26 Jo,
781 1138 44 21 helt
835 1139 52 20 visst

61 1165 40 22 den
112 1168 59 19 stora
186 1172 82 15 summa
283 1173 45 15 som
344 1173 25 14 en
386 1167 84 22 enskild
483 1173 78 22 person
571 1167 98 28 erbjudit.
693 1167 43 22 För
746 1167 42 21 min
800 1167 34 20 del
845 1166 41 21 kan

58 1194 37 27 jag
110 1195 46 21 icke
171 1195 113 26 godkänna
299 1198 31 18 ett
344 1196 78 21 sådant
437 1196 54 26 skäl,
507 1198 51 19 utan
574 1197 68 20 måste
657 1196 69 21 uttala
736 1197 42 20 min
789 1195 98 27 djupaste

59 1223 133 26 indignation
208 1223 58 22 öfver
282 1226 31 19 att
328 1224 84 22 landets
436 1225 93 21 Ständer
545 1225 67 21 skulle
628 1225 21 21 af
663 1225 66 26 några
744 1225 86 25 lumpna
845 1223 40 28 fyr-

59 1251 40 22 kar
115 1251 44 22 låta
174 1252 118 22 bestämma
313 1253 38 26 sig,
372 1253 40 21 och
428 1253 91 22 sålunda
541 1253 75 27 köpslå
632 1260 33 15 om
682 1255 67 23 orten,
765 1253 32 21 dit
811 1259 26 14 en
853 1252 32 21 så-

60 1280 41 21 dan
117 1281 118 26 inrättning
256 1287 46 15 som
317 1283 31 20 ett
364 1282 138 21 seminarium
525 1282 55 21 skall
603 1282 113 27 förläggas.
747 1282 73 25 Enligt
842 1281 44 21 min

58 1309 148 27 föreställning
220 1311 24 20 är
259 1312 31 19 ett
305 1309 302 23 folkskollärareseminarium
623 1311 47 21 icke
685 1311 70 26 någon
769 1310 118 27 inrättning

59 1337 33 21 för
107 1339 32 19 att
162 1338 113 26 tillgodose
298 1339 68 26 någon
388 1345 47 15 mer
458 1339 55 21 eller
535 1339 82 21 mindre
640 1339 118 27 begränsad
780 1339 106 21 landsorts

59 1365 70 22 behof.
160 1366 42 28 Jag
224 1366 120 22 föreställer
359 1368 43 27 mig
418 1370 93 19 tvärtom
528 1370 33 19 att
575 1368 37 21 det
625 1368 91 21 inrättas
730 1368 33 21 för
778 1367 49 21 hela
841 1366 46 22 lan-

60 1395 47 21 dets
122 1397 66 26 nytta,
204 1395 39 22 och
258 1397 33 20 att
306 1396 36 21 det
357 1396 73 21 derför
453 1397 40 20 bör
515 1397 95 26 placeras
626 1397 27 26 på
668 1403 26 15 en
710 1397 65 21 sådan
791 1398 40 23 ort,
847 1395 39 22 der

58 1423 49 22 hela
122 1424 84 21 landets
222 1424 61 21 bästa
298 1425 40 20 kan
354 1425 7 20 i
377 1425 121 27 möjligaste
513 1425 68 22 måtto
597 1425 128 27 tillgodoses.
756 1425 69 26 Utgår
837 1430 49 15 man

58 1452 47 21 från
127 1453 70 22 denna
219 1453 105 26 synpunkt
342 1453 41 22 och
403 1454 75 21 kastar
499 1460 26 15 en
548 1453 56 22 blick
619 1455 27 25 på
661 1454 101 27 Finlands
777 1454 69 25 karta,
861 1453 25 20 så

58 1480 68 22 finner
141 1487 49 16 man
206 1484 32 19 att
250 1481 117 22 Sordavala
382 1482 47 21 icke
445 1484 25 20 är
485 1489 26 15 en
527 1482 112 28 förmånlig
657 1483 55 27 plats
728 1483 34 21 för
777 1483 32 21 ett
824 1482 62 21 semi-

57 1510 90 21 narium.
176 1510 103 22 Förutom
296 1511 25 21 de
336 1511 53 26 skäl,
405 1517 47 15 som
469 1512 56 21 Herr
539 1511 99 22 Lindelöf
652 1512 65 21 redan
732 1511 104 28 tillfyllest
852 1517 34 15 ve-
