1070 1795
300 131 180 22 Borgareståndet
493 133 55 16 1877.
572 133 28 16 20
612 131 98 18 Oktober.
851 126 53 21 1277

79 201 69 21 denna
172 200 122 27 utveckling
315 200 46 22 icke
384 199 70 22 skulle
477 200 72 27 fortgå
572 203 50 18 utan
646 200 26 27 gå
695 200 91 22 tillbaka
805 199 52 23 eller
871 201 34 20 stå

80 229 63 25 stilla,
165 230 25 20 så
205 229 62 21 hafva
285 229 20 21 vi
323 229 22 27 ju
362 228 222 27 Skolöfverstyrelsen,
600 229 19 20 vi
635 229 63 21 hafva
714 235 25 15 en
754 229 69 22 vaken
839 235 65 21 press,

79 257 22 22 vi
115 257 63 22 hafva
194 264 26 15 en
235 257 85 28 upplyst
335 257 101 27 Styrelse,
459 263 46 16 som
522 257 55 22 skall
592 257 54 22 vaka
662 257 98 22 deröfver
773 260 32 19 att
821 257 84 22 landets

79 287 89 20 fromma
183 286 7 21 i
206 287 68 20 denna
297 286 155 27 angelägenhet
473 285 77 22 blifver
565 286 150 26 tillgodosedd.
745 286 32 21 Dä
799 293 28 15 nu
843 286 62 22 Stän-

80 315 66 21 derna
160 317 37 19 äro
212 321 51 16 ense
278 321 40 20 om,
335 317 33 19 att
382 315 64 27 ingen
461 315 78 27 åtgärd
555 315 42 20 kan
612 314 154 27 åvägabringas
781 315 67 22 under
863 315 41 21 fem

80 343 13 22 å
108 344 29 21 tio
152 344 32 25 år,
198 343 42 22 kan
260 349 48 15 man
331 344 27 21 då
380 343 47 22 icke
446 345 40 23 tro,
503 345 32 20 att
555 349 34 15 om
610 349 26 16 en
658 343 66 21 sådan
739 344 76 26 åtgärd
830 343 75 22 blifver

80 372 126 27 nödvändig,
221 372 131 27 Regeringen
368 372 56 21 skall
439 374 50 25 taga
505 372 114 21 initiativet
630 371 40 22 och
681 371 106 28 sjelfmant
797 372 108 26 förelägga

80 401 120 21 Ständerna
214 407 26 15 en
256 401 130 27 proposition
403 401 6 21 i
425 401 36 21 det
476 401 63 27 syfte,
560 401 88 21 hvarom
664 407 48 15 man
725 407 28 15 nu
767 401 36 21 vill
819 401 86 27 petitio-

80 436 56 15 nera.
165 430 40 26 Jag
220 432 24 19 är
259 430 48 21 fullt
322 430 124 27 öfvertygad
461 436 42 19 om,
519 432 32 19 att
567 436 25 15 en
608 430 65 21 sådan
690 430 89 26 petition
796 430 47 21 icke
855 428 50 22 blif-

80 464 36 15 ver
131 458 119 27 nödvändig
266 458 88 21 emedan
370 458 37 27 jag
426 461 45 18 tror
491 461 33 18 att
539 458 40 21 den
595 457 122 27 utveckling
731 457 120 22 folkskolan
867 464 38 15 un-

79 487 38 21 der
132 487 26 21 de
174 489 84 19 senaste
276 487 49 21 åren
347 487 54 26 tagit
420 487 61 21 äfven
498 487 55 21 skall
569 486 95 22 fortfara.
694 487 41 26 Jag
750 488 23 19 är
789 487 71 21 derför
875 486 30 21 öf-

79 516 109 27 vertygad,
208 517 34 20 att
264 517 38 19 när
324 515 120 22 Ständerna
466 516 161 21 sammanträda
650 515 33 22 vid
707 515 40 21 den
762 515 101 27 tidpunkt
878 515 27 22 då

78 545 118 21 folkskolor
212 544 5 21 i
234 544 72 26 hvarje
324 543 125 28 församling
464 544 32 21 uti
512 544 71 21 landet
605 543 69 22 skulle
689 543 71 22 kunna
775 544 66 21 förses
857 544 48 21 med

80 573 75 24 lärare,
174 573 36 21 det
232 573 64 21 också
316 573 54 21 skall
386 573 96 21 befinnas
498 573 88 26 onödigt
601 575 32 19 att
650 573 86 26 vidtaga
751 579 25 14 en
791 573 66 21 sådan
873 573 32 21 åt-

78 602 60 27 gärd.
168 602 41 26 Jag
229 603 24 19 är
276 601 122 27 öfvertygad
420 608 34 15 om
478 604 33 19 att
532 601 7 21 i
562 601 72 27 sjelfva
657 601 73 22 verket
753 601 152 22 kommunerna

79 630 61 21 skola
154 637 51 14 vara
220 630 117 27 angelägna
352 636 34 15 om
403 632 32 19 att
450 631 81 20 inrätta
545 631 23 20 åt
584 631 32 26 sig
631 630 73 21 skolor
718 630 6 21 i
741 630 24 21 de
776 629 129 28 progressio-

80 665 37 15 ner
132 665 44 15 som
194 659 36 21 det
244 659 42 20 kan
301 665 50 15 vara
366 659 139 27 nödvändigt.
535 659 42 26 Jag
599 658 96 22 anhåller
710 659 71 21 derför
795 661 33 18 att
843 658 62 21 Stån-

79 687 38 21 det
137 687 50 21 ville
209 687 72 22 förena
304 687 30 27 sig
356 693 35 16 om
411 688 56 21 Herr
481 687 66 22 Reins
561 687 79 27 förslag
656 689 32 20 att
703 687 141 28 petitionerna
859 687 46 21 icke

80 716 66 21 måtte
161 716 111 21 föranleda
286 716 32 21 till
334 716 69 27 någon
419 717 83 26 åtgärd.

149 773 56 21 Herr
219 773 131 22 Lindelöf:
381 773 33 22 Då
438 773 70 22 denna
530 773 60 27 fråga
613 774 65 21 redan
696 775 24 20 är
736 773 122 26 tillräckligt
873 773 32 21 di-

79 802 108 26 skuterad,
202 803 24 20 så
240 802 36 21 vill
290 802 36 27 jag
342 802 76 21 endast
433 802 74 21 förena
524 802 43 27 mig
582 802 7 21 i
605 802 25 21 de
645 803 65 20 ärade
725 803 78 20 talares
819 802 86 26 åsigter,

79 837 46 15 som
148 831 96 21 förordat
266 831 129 26 antagandet
418 831 22 20 af
462 831 123 22 Utskottets
609 831 140 22 betänkande.
778 831 42 26 Jag
843 836 62 15 anser

80 859 104 28 nemligen
200 862 32 19 att
248 859 39 21 den
303 859 75 28 åtgärd
394 866 45 15 som
455 859 40 22 här
511 859 90 22 föreslås
616 861 24 20 är
653 859 21 22 af
691 862 44 19 stor
746 859 109 27 betydelse
865 859 39 21 och

79 888 81 21 kanske
176 888 40 21 den
232 888 111 27 vigtigaste
364 894 46 15 som
428 888 73 22 kunde
519 889 89 27 komma
623 889 6 20 i
646 888 60 27 fråga
720 888 34 21 för
768 887 102 28 höjandet
885 887 22 22 af

79 916 48 22 vårt
141 916 57 22 folks
220 916 95 27 bildning
337 916 147 22 öfverhufvud.
515 912 68 26 Äfven
602 917 36 21 det
661 917 74 26 tillägg
749 923 45 15 som
811 916 38 21 här
864 917 41 20 för-

79 945 73 22 ordats
174 945 23 22 af
218 945 108 27 åtskilliga
348 945 68 21 talare
439 945 49 22 ville
501 946 38 27 jag
558 945 33 22 för
607 945 42 22 min
666 946 33 21 del
714 945 112 27 godkänna
841 945 8 21 i
865 945 40 20 den

79 973 54 22 form
155 975 55 20 Herr
232 974 120 27 Chydenius
373 974 63 27 gifvit
459 975 126 25 detsamma,
609 974 103 27 nemligen
731 981 25 14 en
772 973 133 27 bestämning

79 1002 73 21 derom
168 1004 32 19 att
216 1003 72 27 hvarje
303 1003 101 21 kommun
428 1009 50 15 vore
495 1003 82 27 skyldig
593 1005 31 19 att
641 1003 87 26 bidraga
743 1003 32 20 till
791 1002 114 21 underhål-

78 1031 31 21 let
124 1031 23 21 af
159 1031 127 26 folkskolan,
309 1032 47 21 med
378 1037 83 16 samma
483 1031 77 28 belopp
581 1038 44 15 som
642 1031 73 22 Staten
732 1031 69 22 dertill
818 1031 85 21 lemnat.

79 1059 62 22 Hvad
156 1059 99 27 slutligen
271 1060 35 21 det
321 1060 23 21 af
359 1060 57 21 Herr
430 1060 97 27 Ignatius
543 1061 75 26 gjorda
633 1061 100 26 förslaget
748 1059 109 24 beträffar,
873 1062 32 19 att

78 1087 90 22 Ståndet
183 1095 28 14 nu
227 1089 60 20 äfven
304 1089 66 20 skulle
387 1089 91 25 besluta,
494 1092 33 18 att
542 1089 73 26 frågan
632 1089 45 21 icke
688 1089 55 26 finge
754 1088 89 25 förfalla,
855 1090 50 19 utan

79 1119 32 19 att
125 1117 126 28 inbjudning
266 1117 66 22 skulle
349 1117 37 22 ske
402 1118 32 21 till
455 1118 26 21 de
497 1117 67 27 öfrige
580 1117 93 22 Stånden
688 1124 45 15 som
749 1117 32 21 till
798 1116 107 28 äfventyrs

78 1145 47 22 icke
143 1146 95 27 godkänt
260 1146 150 24 betänkandet,
426 1146 24 21 så
466 1153 64 15 anser
546 1147 37 26 jag
606 1147 68 20 denna
690 1146 60 27 fråga
764 1151 51 16 vara
830 1145 33 21 för
879 1145 26 22 ti-

77 1174 46 27 digt
138 1175 63 21 väckt
216 1174 39 21 och
270 1175 42 21 kan
328 1175 82 21 således
425 1175 33 21 för
474 1175 43 21 min
534 1175 33 21 del
583 1175 45 21 icke
644 1181 28 15 nu
687 1175 73 21 förena
771 1175 42 25 mig
824 1174 79 21 derom.

147 1231 56 22 Herr
218 1231 158 28 Chydenius:
407 1232 58 21 Herr
487 1232 99 21 Talman!
616 1232 48 21 Den
678 1232 64 21 ärade
758 1233 145 25 representan-

78 1262 36 19 ten
129 1259 33 22 för
177 1260 108 27 Uleäborg
300 1261 38 20 har
353 1260 49 21 sökt
417 1261 112 26 gendrifva
544 1260 121 22 Utskottets
679 1261 128 21 konklusion
829 1266 76 21 genom

79 1291 32 18 att
133 1289 107 26 uppställa
264 1295 26 16 en
313 1289 77 26 mängd
412 1289 123 27 spådomar.
565 1289 42 22 Det
629 1289 39 22 har
687 1289 6 21 i
709 1289 43 21 alla
774 1288 54 22 tider
851 1288 54 21 varit

77 1317 108 26 vanskligt
207 1320 33 19 att
261 1319 44 25 spå,
329 1319 39 20 och
386 1318 37 27 jag
439 1318 37 21 vill
491 1319 46 21 icke
549 1318 67 21 inläta
632 1318 42 27 mig
688 1319 28 26 pä
731 1318 58 21 detta
805 1317 44 26 fält,
865 1317 40 21 och

77 1345 91 21 Ständet
183 1346 66 21 borde
265 1346 18 27 ej
299 1346 67 22 heller
382 1348 52 25 göra
450 1347 46 25 det;
513 1352 48 16 men
577 1346 35 22 det
628 1346 66 21 finnes
710 1346 96 21 deremot
821 1348 31 18 ett
867 1352 38 14 an-

77 1375 38 20 nat
130 1374 39 21 fält
184 1380 45 16 som
246 1376 23 20 är
284 1375 72 22 säkert
369 1377 33 19 att
417 1375 60 22 hälla
492 1375 33 27 sig
540 1375 33 27 pä,
589 1375 39 22 och
644 1382 52 18 som,
712 1375 67 22 ehuru
795 1374 60 21 äfven
868 1374 37 21 det

77 1405 26 19 är
117 1403 83 27 mycket
216 1404 134 25 förkättradt,
367 1404 54 21 dock
432 1404 40 21 sist
483 1405 39 20 och
535 1405 99 25 slutligen
651 1404 75 21 blifver
742 1405 41 24 det,
799 1409 46 15 som
856 1409 49 14 man

78 1434 55 19 mest
147 1431 67 22 häller
230 1433 31 26 sig
275 1432 31 21 till
323 1432 40 22 och
378 1439 46 15 som
437 1433 59 21 leder
512 1433 84 21 säkrast
611 1433 31 21 till
653 1433 64 21 mälet
732 1432 104 27 nemligen
847 1431 58 27 prin-

78 1461 66 26 eipen.
175 1461 45 21 Här
236 1463 24 18 är
274 1461 73 26 frägan
364 1467 34 16 om
414 1461 20 21 vi
450 1462 62 21 skola
528 1461 94 22 erkänna
637 1461 40 22 och
690 1463 94 25 upptaga
796 1460 108 27 principen

77 1491 34 19 att
126 1489 69 22 införa
210 1489 137 27 obligatorisk
362 1489 125 28 skyldighet
503 1490 33 21 för
552 1491 73 20 Staten
646 1490 40 21 och
701 1491 154 20 kommunerna
873 1491 32 19 att

78 1517 124 22 underhälla
218 1518 117 22 folkskolor
350 1519 7 20 i
372 1519 81 21 landet.
486 1519 74 22 Skulle
579 1519 35 21 det
630 1519 64 21 ocksä
708 1519 45 21 visa
768 1519 32 26 sig
816 1519 33 20 att
863 1517 42 22 alla
