1070 1795
171 137 56 22 1490
376 143 180 22 Borgareständet
569 144 55 17 1877.
648 144 27 18 29
688 143 98 18 Oktober.

169 211 157 27 framställning
349 217 45 16 som
413 211 181 28 Borgareståndet
611 212 72 27 gjordt
698 212 40 21 hos
754 211 171 28 Statsutskottet,
941 213 56 22 befo-

168 240 44 26 gad
227 239 41 22 och
278 239 176 23 Statsutskottets
469 240 70 22 beslut
554 240 33 22 för
603 241 66 26 öfrigt
684 241 18 27 ej
719 240 68 22 heller
802 243 56 20 ännu
873 243 24 20 är
912 241 85 22 officielt

168 268 69 21 kändt
259 270 52 19 utan
334 269 56 21 blott
412 269 103 27 ryktesvis
539 269 111 26 omtaladt,
673 270 24 21 så
719 275 64 16 anser
795 269 38 27 jag
848 270 36 21 det
899 277 50 15 vara
963 270 34 22 för

169 297 64 26 tidigt
256 299 33 19 att
307 297 86 27 vidtaga
414 297 69 27 någon
506 297 77 28 åtgärd
605 297 6 22 i
626 298 66 21 saken
714 299 65 21 innan
799 298 119 22 Ständerna
933 299 64 22 fattat

168 325 72 22 beslut
254 326 92 21 rörande
362 326 175 22 Statsutskottets
553 327 135 21 betänkande
703 327 110 26 angående
824 327 174 27 landtdagskost-

169 354 103 22 naderna.
301 355 39 21 Att
364 361 29 15 nu
415 355 114 27 hänskjuta
551 355 69 22 denna
636 355 61 27 fråga
712 355 32 22 till
761 355 96 22 enskilda
871 356 126 21 Besvärsut-

169 383 81 21 skottet
273 385 24 19 är
319 385 51 20 utan
394 383 105 22 ändamål.
529 383 71 22 Saken
622 383 40 22 har
676 384 66 22 redan
758 384 57 21 förut
831 391 26 15 en
872 385 55 27 gång
941 385 56 21 varit

168 411 90 22 föremål
274 411 33 22 för
322 411 96 23 enskilda
428 412 208 22 Besvärsutskottets
646 412 131 27 behandling
788 413 39 21 och
839 413 76 22 sakens
925 414 72 21 stånd-

169 440 70 27 punkt
263 442 25 19 är
309 440 46 22 icke
377 441 65 21 sedan
458 441 47 21 dess
520 441 28 27 på
563 442 66 26 något
644 444 44 19 sätt
702 442 124 24 förändrad,
841 442 24 21 så
880 444 33 19 att
927 442 69 27 någon

168 475 29 20 ny
212 469 115 26 utredning
342 469 24 21 af
380 469 60 22 detta
455 469 78 22 ärende
548 469 90 27 troligen
654 470 46 22 icke
716 469 69 22 skulle
793 470 71 22 kunna
872 470 23 22 af
901 470 96 22 enskilda

168 497 198 22 Besvärsutskottet
381 498 166 21 åstadkommas.

238 553 56 22 Herr
315 554 125 27 Procopé:
471 555 73 22 Såvidt
563 555 37 27 jag
622 555 39 22 har
683 555 111 28 uppfattat
813 555 182 27 framställningen

168 582 24 21 af
214 582 70 22 denna
306 583 60 27 fråga
381 583 88 22 innebär
485 584 40 21 den
541 583 61 27 blott,
617 586 32 19 att
664 585 28 26 på
707 586 33 19 ett
756 584 51 21 eller
822 587 66 18 annat
902 586 44 20 sätt
960 584 35 22 be-

168 611 52 22 reda
236 611 27 22 de
278 611 118 22 ledamöter
411 619 44 14 som
471 614 37 19 äro
524 612 99 22 indelade
637 613 7 21 i
655 613 149 27 Expeditions-
817 613 40 22 och
867 613 127 27 Justerings-

168 639 84 22 utskott
275 640 89 26 tillfälle,
380 642 31 20 att
430 641 22 21 få
467 641 26 21 de
509 641 47 21 dem
573 641 129 22 tillerkända
716 641 95 22 arvoden
827 642 40 21 och
882 648 62 15 anser
957 642 38 27 jag

168 668 71 22 denna
261 668 61 27 fråga
340 669 87 22 alldeles
442 669 47 22 icke
504 675 52 16 vara
571 669 106 22 beroende
692 671 24 20 af
729 670 166 27 hufvudfrågans
909 670 87 27 slutliga

167 697 91 26 lösning.
279 697 41 22 Det
335 697 79 27 förslag
429 704 45 15 som
490 700 24 19 är
529 698 72 27 gjordt
616 700 24 19 är
655 700 32 20 att
702 699 28 21 de
745 699 78 26 nödiga
834 699 82 21 medlen
927 699 68 21 skulle

168 725 48 22 från
231 725 96 28 Nylands
335 727 46 20 läns
396 727 79 21 ränteri
491 726 137 22 förskottsvis
643 727 109 22 utbetalas
765 727 39 22 och
813 729 33 20 att
854 727 61 22 dessa
930 727 65 22 sedan

168 754 70 22 skulle
261 754 107 27 betäckas,
392 755 99 27 antingen
513 756 24 21 af
557 755 197 28 bevillningsmedel
773 755 52 22 eller
841 756 64 21 också
919 761 75 22 genom

168 783 156 22 sammanskott
346 783 22 22 af
389 784 105 21 städerna.
524 783 50 22 Men
598 785 27 20 då
640 791 49 14 man
704 785 49 21 icke
768 785 82 21 känner
865 785 38 21 det
917 785 78 26 belopp

168 817 46 16 som
236 812 44 21 kan
302 811 64 22 blifva
389 813 80 26 nödigt,
491 812 23 22 så
536 812 36 21 vill
593 813 36 27 jag
644 813 32 21 för
691 813 45 21 min
752 813 33 22 del
800 813 74 22 förena
889 813 43 26 mig
946 813 49 21 med

168 840 50 21 herr
240 840 96 22 Höckert
358 841 39 21 och
418 847 62 15 anser
502 843 32 20 att
557 842 89 21 ärendet
667 841 73 22 kunde
756 842 90 21 beredas
861 842 23 21 af
894 841 101 22 Ståndets

168 869 98 22 enskilda
281 869 180 22 Besvärsutskott.

236 925 71 23 Sedan
323 926 147 22 diskussionen
485 927 87 22 härmed
589 927 114 22 förklarats
713 927 94 22 afslutad
815 927 122 22 framstälde
945 927 51 22 herr

168 954 145 23 Talmannen
349 955 33 22 till
398 955 89 22 Ståndet
501 956 94 27 följande

236 1012 179 28 Proposition:
432 1013 92 26 De,som
540 1013 51 26 vilja
605 1014 111 21 remittera
731 1013 56 22 Herr
795 1013 90 22 Fabritii
893 1013 101 28 ifrågava-

167 1041 66 21 rande
256 1041 155 27 framställning
432 1042 32 21 till
479 1042 112 21 utlåtande
606 1042 22 21 af
643 1042 103 22 Ståndets
762 1042 95 21 enskilda
872 1043 121 21 Besvärsut-

167 1069 64 26 skott,
248 1075 62 16 svara
322 1070 35 27 ja;
366 1071 74 20 vinner
454 1071 47 26 nej,
517 1077 61 15 anses
594 1071 89 22 Ståndet
699 1071 90 21 beslutit
803 1073 33 19 att
846 1071 69 22 lemna
926 1071 69 22 denna

166 1097 158 28 framställning
338 1099 44 21 tills
397 1099 72 22 vidare
484 1099 113 22 beroende.

236 1155 165 28 Propositionen
416 1156 127 22 besvarades
559 1157 49 21 med
624 1157 157 27 öfvervägande
795 1157 35 26 ja.

235 1299 121 27 Föredrogs
379 1299 248 22 Ständerhusutskottets
649 1299 121 27 bordlagda
792 1299 81 29 förslag
891 1299 31 22 till
937 1306 54 16 sam-

165 1327 157 27 manjemkning
345 1327 21 21 af
387 1327 106 22 Ständens
515 1328 121 27 skiljaktiga
654 1329 72 21 beslut
749 1329 7 20 i
778 1329 59 26 fräga
859 1335 33 15 om
914 1329 77 26 uppfö-

165 1356 67 20 rande
249 1356 21 21 af
284 1358 31 18 ett
330 1356 143 27 Ständerhus;
489 1357 40 21 och
545 1357 73 27 vidtog
632 1356 160 28 behandlingen
807 1357 48 21 med
871 1357 66 21 första
947 1364 45 15 mo-

164 1386 82 20 mentet
262 1385 7 21 i
284 1384 106 27 förslaget.

234 1442 153 22 Diskussionen
403 1443 95 22 inleddes
513 1443 24 21 af

233 1499 58 22 Herr
311 1499 125 22 Höckert
450 1506 45 15 som
517 1501 97 26 yttrade:
645 1501 77 21 Säsom
745 1500 94 21 ledamot
860 1500 23 21 af
897 1500 35 22 det
947 1501 44 20 sär-

165 1527 70 22 skilda
258 1528 87 22 Utskott
370 1534 45 16 som
437 1529 22 21 af
480 1529 120 22 Ständerna
614 1529 68 22 blifvit
697 1529 80 22 tillsatt
791 1528 33 22 för
839 1529 116 27 beredning
970 1528 24 21 af
