1070 1795
282 129 176 22 Borgareståndet
471 130 56 17 1877.
551 130 25 17 25
589 129 97 18 Oktober.
836 125 54 20 1355

65 205 81 15 samma
162 199 38 21 ord
215 199 6 20 i
236 199 68 21 andra
318 201 122 20 momentet.
463 199 45 21 Där
523 199 60 21 heter
599 199 35 21 det
650 199 116 26 nämligen:
784 199 106 27 ,börande

65 228 6 20 i
87 227 131 22 sistnämnda
234 227 36 22 fall
284 228 77 26 jemväl
378 228 85 27 utredas
479 230 32 19 att
527 227 135 28 förmyndare
677 228 33 21 för
719 228 171 27 uppkommande

66 256 140 21 förbindelser
229 259 119 18 ansvarar".
377 257 68 20 Afven
461 257 37 20 der
514 256 144 21 förekommer
673 257 89 20 sålunda
777 263 25 14 en
819 257 71 20 utred-

66 285 55 27 ning,
138 291 44 15 som
199 285 125 21 förutsätter
340 285 103 26 pröfning.
468 285 72 26 Några
555 286 67 20 andra
638 285 75 21 ställen
730 285 159 27 ilagförslaget,

65 314 76 21 sådant
164 314 36 21 det
221 315 23 20 är
262 314 24 21 af
301 314 109 21 Utskottet
424 314 115 26 godkändt,
555 313 95 28 häntyda
666 314 63 21 också
745 315 26 26 på
786 313 104 28 pröfning,

65 349 47 14 men
136 342 100 21 särskildt
252 343 33 20 vill
300 343 36 26 jag
352 345 55 18 ännu
424 343 112 20 framhålla
552 343 11 26 8
579 343 33 20 23.
644 343 43 20 Der
703 343 60 21 heter
779 343 35 20 det
830 345 59 18 näm-

65 371 55 26 ligen
144 373 31 19 att
196 371 149 27 ,magistrater,
362 371 175 27 ordningsrätter,
553 371 144 27 kronofogdar
713 371 39 22 och
767 371 123 27 länestyrel-

65 406 34 15 ser
114 399 60 22 skola
190 400 45 20 föra
250 400 103 21 särskilda
371 400 156 27 förteckningar
543 400 57 21 öfver
616 400 147 28 anmälningar
778 400 38 21 och
833 400 57 21 med-

66 428 74 22 delade
162 428 96 22 tillstånd
275 430 30 20 till
322 429 113 21 utöfvande
451 429 22 21 af
487 429 145 27 näringsyrke,
649 430 107 20 äfvensom
772 429 117 21 anmälnin-

64 463 37 20 gar
125 464 33 14 om
182 457 137 26 upphörande
343 458 85 21 dermed
450 460 56 18 samt
529 457 84 21 förvara
635 458 25 21 de
676 457 32 21 till
724 458 47 21 dem
787 458 6 20 i
809 457 80 22 sådana

65 486 91 21 ärenden
178 486 80 26 ingifna
273 486 79 27 betyg".
383 487 41 20 För
441 488 31 19 att
488 487 71 20 kunna
575 486 97 21 meddela
688 488 30 19 ett
735 486 94 21 tillstånd
845 487 44 20 må-

65 516 31 19 ste
119 515 33 20 väl
168 521 25 14 en
208 514 97 27 pröfning
321 515 80 27 föregå.
431 515 40 26 Jag
487 521 62 15 anser
566 515 42 27 mig
623 515 81 21 således
720 515 47 21 med
783 515 56 21 hvad
852 515 36 26 jag

65 549 27 15 nu
115 543 45 21 haft
183 545 50 19 äran
257 544 73 21 anföra
352 543 63 22 hafva
438 544 114 27 ådagalagt
573 546 31 19 att
620 544 69 21 denna
704 544 123 27 förändring
843 544 46 21 icke

64 572 44 21 står
131 573 5 20 i
160 572 218 21 öfverensstämmelse
402 573 46 20 med
471 573 106 21 särskilda
595 573 66 21 andra
676 573 131 26 stadganden
824 573 5 20 i
846 572 42 21 för-

65 601 116 26 fattningen
202 601 38 21 och
256 601 45 21 icke
317 601 66 21 heller
398 602 46 20 med
461 601 164 27 författningens
641 607 33 16 ur'
682 601 61 22 dessa
758 601 131 27 stadganden

64 629 136 27 framgående
223 630 61 27 syfte.
314 631 40 26 Jag
378 630 37 21 ber
438 630 73 21 därför
534 633 32 18 att
582 630 20 21 få
617 630 86 21 förorda
719 630 170 27 propositionens

64 658 85 27 lydelse,
176 665 44 14 som
247 659 55 21 afser
324 661 32 19 att
379 659 98 21 befordra
499 659 89 27 ordning
609 659 39 22 och
672 659 58 21 skick
746 659 33 21 för
794 659 95 26 närings-

64 687 97 21 rörelser.
434 701 3 2 :

134 745 55 20 Herr
204 745 190 26 Tengström:
418 744 42 22 För
476 745 43 21 min
536 745 33 21 del
586 745 67 21 skulle
666 745 37 27 jag
718 751 51 15 anse
784 746 32 19 att
826 744 63 21 hvar-

65 773 40 21 ken
126 773 39 21 den
182 773 78 28 nådiga
275 773 165 27 propositionen,
457 774 63 21 hvars
535 774 80 27 lydelse
631 773 22 21 af
667 775 160 20 reservanterne
843 773 45 21 blif-

64 803 29 20 vit
117 802 137 25 understödd,
278 802 50 21 eller
351 802 121 21 Utskottets
489 803 133 20 betänkande
639 803 30 20 uti
685 802 159 27 ifrågavarande
859 802 30 21 af-

64 831 77 21 seende
156 833 24 18 är
196 831 49 21 fullt
260 831 194 21 tillfredsställande
470 831 39 22 och
526 833 31 19 att
571 831 34 21 det
621 831 49 21 med
685 831 78 21 lätthet
774 831 41 20 kan
826 832 62 25 göras

65 866 24 14 en
112 859 95 27 ändring,
226 866 44 15 som
286 859 164 22 tillfredsställer
466 859 43 22 alla
524 860 85 26 möjliga
624 860 98 27 anspråk.
754 860 87 27 ,Styrke
857 861 32 19 att

64 895 19 14 0.
100 895 15 14 s.
133 890 31 19 v.*
182 888 60 21 heter
251 889 36 20 det
302 888 5 21 i
323 888 119 27 Kejserliga
457 889 166 26 propositionen,
640 895 47 15 men
704 889 35 21 det
755 889 79 20 lemnas
851 888 37 21 all-

65 917 56 21 deles
145 917 79 21 derhän
248 917 54 21 huru
324 919 31 19 ett
376 917 75 21 sådant
467 917 115 27 styrkande
597 917 55 22 skall
668 917 65 26 tillgå.
764 917 41 21 Det
821 918 67 21 måste

64 946 77 27 betyda
164 947 32 20 att
218 945 66 22 förete
305 946 47 27 laga
368 945 57 22 bevis
442 948 31 19 att
488 946 75 21 firman
579 946 69 21 blifvit
663 946 6 21 i
685 946 47 27 laga
748 947 89 26 ordning
853 952 35 15 an-

63 974 64 26 mäld,
151 981 46 14 men
221 977 31 19 att
268 975 74 26 pröfva
358 975 54 21 hvad
428 981 44 15 som
490 977 61 24 utgör
567 975 48 26 laga
631 975 109 26 bevisning
755 975 41 20 kan
811 975 46 20 icke
874 977 14 18 t.

63 1009 31 15 ex.
118 1009 25 15 en
159 1003 130 26 kronofogde
305 1010 50 14 vara
370 1004 125 26 kompetent
510 1003 37 22 till.
578 1004 32 20 En
626 1010 68 15 annan
711 1004 38 20 sak
764 1003 54 22 hade
834 1003 54 21 varit

64 1038 33 15 om
114 1032 35 21 det
164 1031 56 22 hade
236 1031 97 22 beslutits
348 1034 33 19 att
396 1033 99 20 anmälan
511 1039 33 14 om
562 1033 90 21 idkande
668 1032 22 21 af
704 1033 74 26 näring
793 1031 12 22 å
816 1032 72 21 landet

63 1060 54 21 skall
141 1061 36 20 ske
200 1061 56 20 inför
271 1063 135 25 guvernören.
439 1061 28 21 Sä
483 1061 83 27 mycket
582 1067 50 20 mer,
650 1068 44 15 som
711 1068 24 14 en
752 1061 99 26 pröfning
867 1060 23 21 af

64 1089 57 21 detta
145 1089 55 26 slags
217 1089 64 26 bevis,
298 1096 32 15 om
348 1090 38 21 den
403 1089 22 21 af
439 1089 132 28 kronofogde
587 1089 130 26 verkställes,
734 1090 45 21 icke
795 1089 42 21 kan
853 1095 34 20 ge-

63 1124 49 15 nom
129 1117 75 22 besvär
219 1118 140 21 underkastas
375 1118 98 27 pröfning
489 1118 23 21 af
526 1119 65 26 högre
607 1119 153 26 myndigheter,
777 1125 62 14 anser
853 1119 35 26 jag

63 1147 60 20 ordet
139 1147 97 26 ,,styrke"
252 1153 50 14 vara
318 1147 114 26 olämpligt.
461 1147 111 21 Utskottet
588 1147 38 21 har
642 1147 109 26 föreslagit
765 1147 65 21 orden
846 1147 42 26 ,bi-

63 1175 60 27 lägge
146 1175 76 27 intyg".
242 1175 72 22 .Hvad
329 1175 33 22 för
377 1175 55 27 slags
448 1176 72 27 intyg?
550 1176 33 21 En
600 1176 97 27 försupen
714 1175 173 26 knutskrifvares,

63 1211 24 14 en
103 1204 152 26 afsigkommen
271 1206 78 19 matros
366 1204 50 21 eller
432 1211 24 14 en
473 1205 128 21 hambuses?
617 1205 58 21 Blott
691 1205 39 21 den
747 1205 94 21 sökande
857 1204 29 21 bi-

62 1233 72 26 lägger
150 1235 30 18 ett
196 1233 65 27 intyg,
277 1234 23 20 så
315 1233 53 21 skall
385 1233 35 21 det
436 1233 63 26 gälla,
516 1240 33 14 om
566 1234 35 21 det
616 1234 65 21 sedan
698 1235 23 20 är
737 1234 23 21 af
768 1233 55 21 Pehr
836 1232 51 22 eller

62 1261 44 27 Pål,
130 1261 22 21 af
173 1268 25 14 en
222 1262 34 21 väl
274 1262 82 26 frejdad
372 1262 50 21 eller
438 1263 53 20 icke.
522 1262 71 27 Något
609 1268 75 15 ansvar
700 1262 32 21 för
748 1261 139 28 uppvisandet

62 1290 23 21 af
105 1292 32 19 ett
158 1293 76 18 osannt
257 1291 58 26 intyg
338 1290 65 22 finnes
419 1291 46 21 icke
482 1293 74 19 utsatt.
587 1291 39 26 Jag
642 1295 36 17 vet
692 1291 133 25 sannerligen
841 1290 46 21 icke

62 1318 66 21 heller
151 1318 55 21 hvad
229 1319 33 21 för
284 1326 76 15 ansvar
375 1319 66 27 enligt
457 1320 35 26 lag
508 1319 32 21 för
556 1321 31 20 ett
603 1322 75 19 osannt
694 1320 60 27 intyg
769 1320 22 21 af
806 1319 5 21 i
827 1319 60 28 fråga

62 1347 92 21 varande
170 1347 93 21 innehåll
278 1348 40 20 kan
336 1348 92 26 åläggas,
444 1354 35 15 om
496 1348 92 27 intygets
603 1349 104 25 utgifvare
722 1350 61 25 säger
798 1350 32 19 att
846 1347 40 22 han

62 1376 38 21 har
117 1376 48 21 hört
181 1376 95 21 berättas
292 1378 32 20 att
339 1377 23 21 så
378 1377 51 21 eller
445 1376 23 22 så
485 1378 24 20 är
525 1377 66 22 fallet.
621 1378 41 26 Jag
678 1377 68 21 skulle
762 1376 78 22 föreslå
855 1379 32 19 att

61 1405 95 26 afhjelpa
179 1406 62 20 dessa
263 1405 167 27 betänkligheter
446 1405 96 27 sålunda,
559 1409 30 18 att
605 1405 85 22 framför
706 1406 61 21 ordet
783 1406 82 27 ,intyg*
881 1406 6 20 i

62 1433 120 22 Utskottets
206 1433 79 27 förslag
307 1434 67 21 skulle
398 1435 72 26 läggas
487 1435 60 21 ordet
563 1451 9 8 ,
577 1435 160 26 vederbörligt".
768 1435 65 21 Detta
849 1435 38 20 ord

61 1462 89 27 betyder
166 1465 31 18 att
213 1463 81 21 beviset
310 1463 38 20 bör
364 1470 50 15 vara
429 1463 111 22 utfärdadt
556 1464 66 21 under
633 1464 155 27 tjensteansvar
799 1463 22 21 af
833 1463 54 27 tjen-

61 1493 89 24 steman,
174 1491 36 21 det
232 1491 35 21 må
288 1491 25 22 då
329 1498 50 15 vara
395 1492 22 21 af
432 1492 39 21 den
489 1492 127 27 myndighet,
630 1492 54 21 inför
699 1492 85 21 hvilken
800 1491 87 22 firmans

61 1519 101 22 stiftande
186 1519 68 22 blifvit
278 1521 100 26 anmäldt,
401 1520 51 21 eller
468 1521 48 21 dess
532 1521 138 26 sekreterare,
685 1521 89 26 notarie,
790 1521 96 26 kanslist,
