1070 1795
176 135 53 19 1348
378 139 179 21 Borgareståndet
569 139 55 18 1877.
648 140 26 17 23
687 139 97 18 Oktober.

242 208 57 21 Herr
321 207 142 27 Lindberg:
486 207 41 28 Jag
549 207 38 22 vill
609 208 75 21 endast
706 208 7 21 i
736 207 87 22 korthet
845 208 85 21 bemöta
945 207 56 22 Herr

172 237 92 21 Jansson
281 243 45 15 som
342 236 99 21 hänvisat
457 237 42 26 mig
515 237 32 21 till
570 237 4 26 $
590 237 19 25 6,
626 237 38 21 der
679 236 137 27 vanfrejdade
832 243 100 20 personer
943 237 57 20 med-

172 265 67 27 gifves
263 265 104 27 rättighet
386 265 33 21 till
442 265 137 22 bedrifvande
600 264 21 22 af
636 267 31 20 ett
682 265 58 28 yrke.
770 265 43 21 Det
828 267 24 19 är
864 265 45 27 just
924 271 76 20 genom

173 294 69 21 denna
257 295 13 25 &
285 300 49 15 man
350 293 73 26 finner,
448 296 31 19 att
495 293 41 22 han
553 294 46 21 icke
614 296 24 19 är
654 293 87 22 likstäld
757 294 47 21 med
821 294 66 26 öfrige
904 293 97 22 medbor-

172 329 51 20 gare
246 322 40 22 och
310 324 32 19 att
364 322 43 21 han
431 321 68 22 blifvit
515 323 139 21 brännmärkt
669 323 33 21 för
718 323 48 21 hela
781 323 37 21 sitt
833 323 32 26 lif,
881 322 72 22 derför
968 324 33 19 att

172 351 42 21 han
230 351 40 21 har
285 351 41 21 fått
341 351 7 20 i
363 351 146 27 prestbetyget
523 357 25 16 en
565 351 141 27 anmärkning
721 353 57 20 emot
793 351 32 22 sin
841 351 60 26 frejd.
925 351 41 21 Det
977 353 24 19 är

173 380 60 21 detta
249 379 73 22 odiösa
337 379 140 27 förhållande,
493 386 45 15 som
552 379 37 28 jag
605 380 34 21 vill
656 379 132 27 undanrödja
805 380 45 21 från
860 379 37 22 vär
905 380 94 27 närings-

173 408 140 28 lagstiftning,
339 408 27 22 dä
378 408 38 28 jag
430 408 71 28 yrkar,
517 410 32 20 att
564 408 72 28 hvarje
652 415 76 21 person
745 415 44 15 som
806 409 71 21 dertill
893 410 23 20 är
931 409 69 21 skick-

172 437 30 26 lig
218 437 39 21 och
274 438 72 26 duglig
362 437 38 21 bör
415 437 21 21 fä
451 437 73 21 utöfva
539 438 36 20 det
590 438 52 26 yrke
657 437 41 23 han
715 438 33 21 för
762 438 52 25 godt
830 438 73 24 finner,
919 437 38 21 och
965 438 36 27 jag

173 466 41 21 kan
238 466 33 21 för
294 465 63 26 öfrigt
378 465 47 22 icke
447 465 68 22 heller
536 466 56 21 finna
608 467 32 20 att
655 467 69 26 nägon
740 465 47 22 fara
802 466 66 27 ligger
883 465 70 28 deruti
968 467 33 20 att

173 501 26 15 en
215 494 125 27 vanfrejdad
355 500 77 21 person
448 500 49 21 eger
513 494 102 27 rättighet
630 496 32 20 att
678 497 79 24 antaga
776 494 106 27 lärlingar.
914 494 29 21 Ar
958 494 41 21 han

174 529 25 15 en
216 523 101 27 odugling
332 523 32 21 till
379 523 33 21 sin
428 523 107 27 karakter,
551 524 24 21 sä
590 523 70 22 lemna
675 524 34 21 väl
724 523 47 22 icke
786 523 103 22 föräldrar
897 523 51 21 eller
957 522 43 22 för-

174 552 104 27 myndare
294 551 53 22 barn
362 551 8 22 i
384 551 54 22 hans
454 551 57 22 värd.

242 609 58 21 Herr
315 609 130 21 Boström:
461 609 49 21 Med
526 609 112 26 anledning
654 609 24 22 af
692 609 39 22 den
748 609 127 27 upplysning
890 615 44 15 som
946 615 55 15 sam-

174 639 108 20 mansatta
302 637 70 22 Stats-
390 638 39 21 och
445 638 222 21 Ekonomiutskottets
683 637 128 22 ordförande
827 638 79 21 lemnat
921 638 79 25 derom,

174 668 34 19 att
224 667 6 20 i
246 665 75 28 sjelfva
336 666 75 21 verket
426 666 119 21 fosterbarn
562 667 39 20 och
618 667 104 26 stjufbarn
739 667 68 20 skulle
823 666 21 22 få
859 667 84 21 biträda
956 667 45 21 sina

173 695 63 26 stjuf-
262 695 41 21 oeh
326 694 179 26 fosterföräldrar,
525 695 40 21 har
578 695 36 27 jag
629 695 124 28 ytterligare
769 695 69 21 blifvit
853 696 69 27 styrkt
938 695 6 21 i
960 695 40 21 den

174 723 82 27 äsigten
273 725 32 20 att
320 723 71 22 ordet:
406 724 82 27 ,egna*,
504 729 45 16 som
565 725 25 20 är
605 724 107 27 inskjutet,
728 726 25 19 är
768 723 88 22 alldeles
869 723 132 27 öfverflödigt

174 752 40 21 och
238 751 95 28 oriktigt.
364 752 82 22 Genom
468 752 61 21 ordet
551 752 202 27 ,hemmavarande*
774 759 45 15 som
832 753 37 26 jag
884 753 116 26 föreslagit,

174 783 45 18 tror
240 781 38 26 jag
299 781 65 26 nägot
386 781 147 22 missförständ
555 781 46 21 icke
624 788 66 20 gerna
712 781 73 22 kunde
800 781 83 27 uppstä,
900 782 18 27 ej
934 781 67 22 heller

174 815 63 15 anser
250 809 37 26 jag
303 809 34 21 det
353 815 51 16 vara
420 812 30 19 ett
466 810 115 27 oegentligt
597 810 91 27 uttryck,
705 810 88 21 emedan
810 816 47 15 man
873 810 83 27 mycket
967 810 34 21 väl

174 838 42 21 kan
233 838 68 21 tänka
315 838 32 27 sig
362 840 32 19 att
410 845 25 15 en
451 844 88 21 persons
555 839 143 27 minderäriga
713 839 54 21 barn
783 839 41 20 kan
841 839 64 21 vistas
920 839 39 21 hos
975 845 25 15 en

174 873 70 14 annan
265 873 77 20 person
366 873 47 15 men
435 867 54 21 dock
512 867 85 21 biträda
620 868 46 21 sina
687 867 106 21 föräldrar
815 867 30 21 uti
867 867 60 22 deras
942 868 58 26 yrke.

174 895 41 26 Jag
230 895 37 21 vill
284 895 53 22 dock
353 895 47 22 icke
416 896 68 21 envist
499 895 92 22 vidhälla
607 896 119 27 uttryckets
742 895 117 27 införande,
869 898 50 19 utan
932 896 69 21 afstär

175 923 95 22 derifrän
289 930 65 21 gerna
369 924 39 21 och
424 924 84 21 förenar
523 925 42 26 mig
579 925 6 20 i
601 925 42 21 allo
660 931 33 15 om
710 924 148 27 ordalydelsen
874 925 6 20 i
897 925 58 22 detta
970 925 30 21 af-

174 953 79 21 seende
277 953 30 20 uti
330 953 40 21 den
394 953 77 26 nädiga
493 953 168 27 Propositionen.
692 954 42 26 Jag
757 955 38 24 gör
818 953 35 21 det
876 954 23 21 sä
918 953 83 28 mycket

174 981 74 25 hellre,
273 987 44 15 som
340 981 98 27 tillägget
460 982 72 27 tyckes
555 981 63 22 hafva
640 983 58 20 skett
714 983 6 20 i
738 981 92 22 brådska
853 982 39 21 och
907 982 47 21 icke
969 981 31 22 till

174 1009 52 27 följd
242 1010 23 21 af
279 1010 68 25 någon
364 1010 92 27 egentlig
471 1010 139 27 öfvertygelse
626 1011 38 21 hos
680 1011 112 21 Utskottet
808 1016 33 15 om
854 1011 47 21 dess
910 1011 91 21 nödvän-

175 1039 79 26 dighet,
279 1038 26 21 då
325 1039 24 26 ju
371 1041 32 19 ett
418 1039 94 21 likadant
527 1039 85 27 uttryck
627 1040 47 21 icke
689 1039 70 27 ingätt
774 1039 7 20 i
797 1039 11 27 $
824 1040 19 25 5,
860 1039 37 22 der
913 1039 87 22 alldeles

174 1073 82 16 samma
272 1067 38 21 ord
326 1067 39 22 och
380 1068 85 27 mening
480 1067 136 22 förekomma.
640 1068 49 21 Men
706 1068 97 21 deremot
818 1068 80 26 nödgas
911 1069 37 26 jag
957 1069 43 20 vid-

174 1096 60 21 hålla
255 1095 42 22 min
320 1096 55 27 åsigt
399 1096 78 26 derom,
493 1097 32 20 att
540 1096 138 22 Guvernören
695 1097 39 20 bör
750 1103 51 14 vara
816 1097 40 20 den
872 1097 128 26 myndighet,

174 1131 46 15 som
244 1126 119 25 emottager
386 1125 98 21 anmälan
506 1125 23 21 af
543 1125 6 21 i
565 1125 59 27 fråga
643 1125 95 22 varande
754 1125 151 22 beskaffenhet.
936 1125 65 22 Detta

174 1155 24 20 är
213 1153 62 22 äfven
292 1153 142 22 förhållandet
449 1153 7 22 i
471 1153 92 28 Sverige,
580 1154 36 21 der
632 1153 189 28 Landshöfdingen
837 1156 119 25 emottager
968 1155 33 21 så-

174 1183 56 20 dana
253 1182 146 26 anmälanden,
422 1182 68 21 ehuru
511 1183 25 21 de
558 1183 39 21 ock
613 1183 72 21 kunna
700 1184 64 25 göras
780 1182 39 21 hos
835 1183 144 26 kronofogden
995 1183 6 20 i

174 1213 61 19 orten
259 1211 52 20 eller
333 1211 38 21 hos
387 1217 69 15 annan
471 1217 83 21 person,
570 1217 45 16 som
631 1212 125 26 konungens
772 1211 229 28 befallningshafvande

174 1240 28 26 på
223 1241 44 19 sätt
290 1239 34 21 det
346 1239 61 22 heter
421 1240 7 21 i
445 1239 149 28 förordningen
610 1240 22 21 af
647 1241 62 25 1864,
726 1240 51 24 ,,der
793 1240 208 27 omständigheterna

174 1268 24 21 så
222 1268 109 21 föranleda
347 1267 41 22 kan
404 1268 32 21 för
451 1269 50 20 visst
517 1269 82 21 mindre
614 1269 87 21 område
719 1268 101 22 förordna
835 1271 32 19 att
881 1269 66 22 sådan
963 1275 37 15 an-

175 1297 71 21 mälan
270 1298 129 25 emottaga.*
430 1297 48 21 Men
500 1297 6 21 i
530 1297 101 22 händelse
650 1297 148 26 kronofogden
814 1297 51 22 eller
881 1298 60 21 desse
957 1300 44 19 sär-

174 1325 67 22 skildt
257 1325 89 22 tillsatta
361 1331 101 21 personer
477 1327 107 25 emottaga
599 1326 80 21 sådana
694 1325 142 22 anmälanden
845 1326 60 21 skola
913 1327 26 21 de
948 1327 53 21 dock

174 1354 33 21 för
223 1354 73 26 hvarje
311 1354 78 20 månad
405 1354 38 21 hos
458 1354 124 26 konungens
591 1354 232 27 befallningshafvande
834 1354 84 22 anmäla
927 1355 74 21 härom

174 1383 39 21 och
229 1382 96 22 inskicka
340 1382 26 22 de
382 1382 70 27 betyg,
467 1388 45 17 som
529 1382 67 23 blifvit
611 1383 32 22 till
659 1383 48 21 dem
724 1383 126 22 inlemnade.
874 1384 41 21 Det
931 1386 23 19 är
970 1384 31 21 så-

174 1412 59 21 ledes
256 1413 78 26 ytterst
356 1411 39 22 hos
417 1412 123 27 konungens
564 1411 240 27 befallningshafvande,
820 1418 45 15 som
881 1413 69 20 denna
965 1419 36 14 an-

174 1441 70 20 mälan
269 1440 38 21 bör
329 1439 45 22 ske.
404 1441 41 26 Jag
464 1442 45 19 tror
523 1440 46 21 icke
585 1441 69 21 såsom
670 1441 58 21 Herr
743 1441 24 20 E.
782 1441 77 27 Bergh,
875 1443 32 19 att
922 1441 80 26 svårig-

174 1469 62 22 heter
252 1469 22 21 af
288 1468 69 27 någon
374 1469 105 27 synnerlig
495 1469 43 26 vigt
553 1469 67 21 skulle
637 1469 72 22 kunna
726 1471 57 20 möta
799 1469 105 27 allmogen
915 1470 40 21 och
965 1476 37 15 an-

175 1497 38 22 dra
228 1498 128 21 innevånare
371 1498 27 26 på
413 1497 146 22 landsorterna
575 1498 45 21 ofta
635 1504 41 21 nog
693 1498 64 21 hafva
772 1499 92 20 ärenden
881 1499 5 20 i
899 1498 102 21 residens-

174 1526 99 21 städerna
298 1526 38 21 och
358 1526 139 27 synnerligast
520 1526 39 21 hos
585 1526 139 21 Guvernören
747 1529 55 19 samt
818 1527 27 20 då
867 1527 98 21 anmälan
981 1527 22 21 af
