1070 1795
290 127 179 23 Borgareståndet
481 128 56 17 1877.
560 128 23 17 16
595 127 98 18 Oktober.
847 123 53 20 1185

141 197 174 27 Proposition
338 197 50 22 N:o
412 197 23 20 1:
467 197 38 25 De,
520 202 45 16 som
582 195 49 28 vilja
646 198 34 19 att
695 195 89 22 Ståndet
800 195 57 22 skall
874 195 31 22 öf-

72 226 65 27 vergå
152 225 32 22 till
200 225 118 22 diskussion
334 225 91 33 rörande
447 225 248 26 Bevillningsutskottets
711 224 142 22 förevarande
868 223 36 23 be-

73 255 113 26 tänkande,
212 260 62 16 svara
294 255 38 26 ja;
355 253 74 22 vinner
451 253 48 28 nej,
515 237 96 48 kommer
626 255 33 20 att
676 255 105 20 omröstas
797 253 107 22 huruvida

72 289 47 16 som
134 271 210 39 kontraproposition
359 283 97 21 häremot
471 282 56 21 skall
543 282 119 27 uppställas
678 282 57 21 Herr
749 281 95 22 Kurténs
860 281 43 22 för-

72 311 53 28 slag,
141 313 33 20 att
188 311 48 22 med
251 311 71 22 vidare
345 311 129 27 behandling
490 310 23 23 af
526 310 146 22 betänkandet
694 310 55 21 skall
769 310 80 22 lemnas
865 310 38 22 be-

73 341 81 21 roende
168 340 55 21 intill
239 340 48 21 dess
303 340 178 21 Statsutskottets
504 339 135 22 betänkande
662 339 41 22 N:o
727 340 26 20 10
775 339 24 22 af
813 339 92 22 Ståndet

73 369 121 27 handlagts,
217 368 51 22 eller
291 369 55 21 Herr
369 369 107 26 Procopés
499 368 87 26 förslag,
615 367 67 28 enligt
708 367 80 22 hvilket
813 367 92 22 Ständet

74 397 69 22 skulle
158 397 83 23 besluta
256 399 33 20 att
304 397 48 22 med
367 397 118 27 afgörande
501 396 23 22 af
538 396 59 22 detta
613 396 137 22 betänkande
771 396 82 22 lemnas
868 396 37 22 be-

73 426 81 22 roende
175 426 55 22 intill
253 426 48 22 dess
323 426 178 22 Statsutskottets
520 425 74 28 kalkyl
609 425 61 22 öfver
686 425 139 22 statsverkets
843 427 62 20 extra

74 455 67 22 behof
154 455 90 22 kommit
259 455 119 22 Ständerna
394 454 112 22 tillhanda.

145 512 75 22 Svaret
234 512 13 21 &
262 512 158 27 propositionen
437 511 68 28 afgafs
520 511 49 22 med
582 511 155 28 öfvervägande
747 511 156 28 röstpluralitet

74 541 125 22 nekande.

144 597 180 28 Proposition
339 597 47 22 N:o
407 598 23 20 2:
461 597 39 26 De,
516 603 45 16 som
577 597 34 22 till
626 597 209 28 kontraproposition
851 597 50 27 vilja

74 629 80 24 antaga
169 627 56 21 Herr
239 626 93 22 Kurténs
343 625 81 28 förslag
434 625 110 28 behagade
555 632 62 15 svara
630 626 38 27 ja;
685 626 74 22 vinner
773 626 50 27 nej;
839 631 62 16 anses

75 655 56 22 Herr
147 655 106 27 Procopés
269 655 79 27 förslag
363 661 53 15 vara
430 654 33 22 till
479 655 211 27 kontraproposition
705 656 92 25 antaget.

146 711 163 27 Propositionen
328 711 128 22 besvarades
479 712 48 21 med
550 711 106 22 blandade
677 712 26 27 ja
725 711 39 22 och
785 711 52 28 nej,
852 713 52 20 utan

74 740 98 22 bestämd
187 742 46 20 röst
248 740 109 27 öfvervigt,
374 740 85 21 hvarför
475 741 98 26 votering
587 740 123 27 anställdes,
719 740 27 22 dä
757 741 24 20 19
789 740 115 27 jakande

74 769 42 22 och
132 770 24 20 21
174 769 118 21 nekande
307 771 69 19 röster
390 769 104 27 afgåfvos.

145 825 171 28 Proposition
338 826 48 21 N:o
411 826 22 21 3:
464 826 40 25 De,
523 832 45 15 som
583 826 50 27 vilja
648 828 33 19 att
697 825 88 23 Ståndet
801 825 54 22 skall
871 825 32 22 öf-

75 855 66 26 vergå
155 855 32 20 till
203 855 120 21 diskussion
339 855 92 21 rörande
447 855 249 26 Bevillningsutskottets
711 854 138 22 förevarande
865 854 38 22 be-

75 883 115 27 tänkande,
206 889 62 15 svara
280 884 39 27 ja;
336 883 73 21 vinner
424 883 54 27 nej;
501 889 62 16 anses
579 883 90 22 Ståndet
684 883 64 22 hafva
764 883 91 22 beslutat
871 885 33 19 att

75 912 46 21 låta
136 912 48 21 med
200 912 68 21 denna
287 912 121 21 diskussion
431 912 51 21 bero
504 912 56 21 intill
575 912 48 21 dess
639 912 176 21 Statsutskottets
830 911 74 28 kalkyl

75 940 62 22 öfver
152 941 138 21 statsverkets
306 943 60 19 extra
381 940 66 22 behof
461 941 92 21 kommit
568 940 90 23 Ståndet
674 940 111 22 tillhanda.

146 997 75 22 Svaret
236 997 61 22 utföll
313 998 47 21 med
376 997 158 28 öfvervägande
549 999 47 26 nej.

146 1055 191 27 Proposition
359 1055 47 21 N:o
431 1057 25 19 4:
487 1055 39 26 De,
549 1061 46 16 som
617 1061 29 15 nu
667 1055 50 28 vilja
732 1055 53 21 fatta
801 1054 104 22 definitivt

75 1083 73 21 beslut
162 1083 132 22 beträffande
309 1083 55 22 Herr
379 1083 78 27 Ignatii
473 1083 79 28 förslag
568 1090 62 15 svara
643 1084 42 27 ja;
701 1084 74 21 vinner
790 1083 43 27 nej
844 1083 61 22 kom-

76 1117 47 16 mer
139 1111 58 22 detta
212 1112 78 27 förslag
305 1114 32 19 att
351 1115 105 24 upptagas
471 1113 7 20 i
493 1113 155 27 sammanhang
664 1113 48 21 med
728 1112 177 23 Statsutskottets

76 1140 136 22 betänkande
228 1141 40 21 N:o
285 1141 31 20 10.

144 1197 41 22 Vid
204 1198 140 21 besvarandet
363 1197 23 22 af
400 1198 70 21 denna
491 1198 139 27 proposition,
653 1204 46 16 som
714 1204 76 21 genom
806 1197 99 28 votering

75 1225 116 28 afgjordes,
206 1226 95 27 afgåfvos
317 1227 25 20 18
358 1228 70 21 röster
442 1227 34 21 för
489 1227 26 26 ja
530 1227 39 22 och
586 1228 26 20 22
628 1227 33 22 för
676 1227 48 27 nej.

146 1340 100 22 Härefter
268 1341 110 27 föredrogs
394 1341 32 21 till
442 1341 129 27 behandling
594 1341 176 22 Statsutskottets
785 1341 118 27 bordlagda

76 1368 136 22 betänkande
228 1368 40 23 N:o
285 1370 26 21 10
326 1370 7 20 i
349 1370 114 27 anledning
479 1370 23 21 af
515 1370 41 22 den
571 1370 78 27 nådiga
664 1370 159 27 propositionen
839 1370 66 27 angå-

77 1398 54 21 ende
146 1397 280 28 stämpelpappersafgiften.

147 1455 56 22 Herr
226 1456 120 21 Kurtén:
377 1456 11 21 I
410 1455 220 23 öfverensstämmelse
652 1456 48 22 med
723 1457 56 21 hvad
792 1456 37 27 jag
843 1455 7 22 i
866 1455 40 22 den

77 1483 145 22 betänkandet
243 1484 99 28 bifogade
362 1485 161 21 reservationen
544 1485 39 21 har
601 1485 63 27 yrkat
684 1485 69 22 skulle
769 1485 37 27 jag
821 1483 86 23 anhålla

76 1514 34 20 att
133 1513 48 21 hela
202 1513 185 28 handläggningen
402 1513 24 22 af
440 1513 75 28 frågan
539 1520 34 15 om
596 1513 114 28 bevillning
729 1513 23 22 af
765 1513 144 27 stämpelpap-

813 1553 21 18 75
