1070 1795
290 111 179 20 Borgareständet
481 111 56 17 1877.
565 112 12 16 5
590 111 97 17 Oktober.
828 107 55 20 1025

58 182 32 19 att
112 180 21 21 få
155 180 83 26 påpeka
259 181 32 19 att
313 179 57 22 detta
386 179 67 27 gäller
469 180 76 20 endast
559 180 119 26 ersättning
692 179 33 21 för
740 179 79 22 sådana
835 186 49 21 per-

59 215 68 19 soner,
147 209 23 20 åt
189 208 70 21 hvilka
283 208 127 21 kommunen
429 210 23 19 är
467 208 84 27 skyldig
567 210 31 19 att
614 207 70 22 lemna
699 207 120 27 fattigvård,
836 215 47 14 men

58 237 46 21 icke
127 243 106 20 personer,
254 243 32 14 om
303 236 71 21 hvilka
390 237 229 26 polismyndigheterna
635 243 39 19 ega
690 238 49 23 taga
755 237 56 20 vård.
843 237 41 26 Jag

59 265 94 21 anhäller
176 267 31 19 att
223 265 21 21 få
258 265 106 26 tillstyrka
380 265 39 21 den
436 265 64 21 ärade
515 267 185 24 representantens
717 265 33 20 för
765 265 118 22 Brahestad

59 294 86 21 motion.

129 350 54 21 Herr
207 350 157 21 Ahlström:
394 346 67 25 Äfven
479 351 37 26 jag
531 350 97 21 anhåller
642 352 32 19 att
690 349 20 22 få
726 350 106 27 tillstyrka
847 357 37 14 an-

59 379 102 25 tagandet
182 379 24 21 af
220 379 49 20 herr
284 378 92 27 Nysténs
392 379 85 26 förslag,
495 379 22 20 så
533 379 83 26 mycket
632 385 45 14 mer
692 385 45 14 som
754 379 18 21 vi
788 381 49 19 veta
852 381 32 19 att

59 407 46 21 icke
121 407 42 21 alla
179 408 59 20 delar
253 408 21 20 at
290 408 72 21 landet
377 409 37 19 äro
431 407 43 21 lika
489 407 86 21 lottade.
606 407 36 21 Uti
658 414 25 14 en
700 408 63 26 trakt,
780 407 37 22 der
825 407 58 27 jord-

59 437 76 20 månen
152 438 24 19 är
194 436 108 21 otacksam
318 437 72 20 kunna
406 437 39 20 lätt
461 436 66 21 nödår
543 436 83 27 uppstå.
658 436 111 21 Arbetsför
784 443 47 14 man
848 436 35 21 vill

58 471 66 20 gerna
147 467 127 24 qvarstanna
296 465 27 26 på
346 465 31 20 sin
398 465 90 25 hemort,
513 471 46 14 men
583 465 83 26 tvingas
682 465 22 20 af
718 465 68 20 nöden
802 467 32 19 att
850 467 34 18 ut-

59 493 81 21 vandra
154 493 32 21 till
202 494 67 20 andra
284 493 130 21 kommuner.
444 493 33 21 Då
492 495 24 19 är
532 493 35 21 det
582 493 66 21 redan
658 495 122 19 smärtsamt
790 493 33 21 för
831 493 53 21 hans

59 522 55 21 nabo
131 525 31 18 att
178 528 22 15 se
217 522 77 21 honom
310 522 82 26 tvingas
407 524 32 19 att
455 521 110 27 utvandra,
582 528 46 15 men
644 523 56 19 ännu
712 524 172 19 smärtsammare

59 551 41 20 blir
123 551 35 20 det
181 551 32 21 för
237 551 82 25 honom,
344 557 32 14 om
397 550 42 21 han
456 552 55 19 ännu
531 550 70 21 dertill
618 550 66 21 måste
701 550 87 27 bidraga
803 550 33 21 till
852 551 31 20 sin

59 585 90 20 grannes
171 579 169 27 hemskickande,
364 579 26 21 då
413 579 41 21 han
473 585 42 20 nog
530 579 49 26 sjelf
593 579 40 20 kan
651 579 63 20 hafva
730 579 34 21 det
780 579 57 21 svårt
853 581 31 19 att

59 608 72 21 kunna
152 607 76 22 lifnära
242 608 38 26 sig.
311 607 68 22 Afven
396 609 26 25 pä
438 608 68 20 denna
521 607 68 26 grund
605 607 67 21 skulle
686 608 36 31 jag
738 608 81 21 således
834 608 50 26 vilja

60 636 84 21 biträda
167 636 49 21 herr
239 623 80 39 Nystén
343 636 38 21 och
397 636 53 27 yrka
466 639 31 18 att
513 638 69 19 staten
599 637 35 20 må
648 637 27 31 gå
690 637 6 20 i
712 637 123 26 utläggning
851 636 33 21 för

59 665 79 21 sådana
158 671 107 20 personer,
282 671 43 15 som
343 665 45 21 icke
397 659 93 27 tillhöra
505 665 69 26 någon
590 665 22 20 af
627 665 25 20 de
668 665 6 20 i
690 665 12 26 $
719 667 11 18 2
748 665 136 26 uppräknade

59 693 127 27 kategorier.

129 751 55 20 Herr
208 750 147 21 Cronvall:
385 751 42 26 Jag
448 750 85 21 förenar
556 751 41 26 mig
619 750 47 21 med
683 751 48 20 herr
751 751 131 26 Tengström.

60 779 60 21 Dock
142 785 62 14 anser
223 779 37 26 jag
281 779 40 21 den
336 779 23 20 af
373 779 76 21 honom
466 779 111 21 bestämda
592 779 57 21 tiden
666 779 24 20 af
703 780 29 20 tio
748 780 24 20 år
787 785 50 15 vara
852 778 32 21 för

60 807 49 27 lång
131 807 39 22 och
194 807 68 22 skulle
277 807 5 21 i
300 807 58 21 detta
379 807 100 22 afseende
499 807 79 21 föreslå
596 808 40 21 fem
654 807 30 26 år,
700 809 21 25 ty
738 808 46 26 den,
799 814 45 15 som
860 807 25 21 så

60 824 61 38 länge
145 836 37 21 har
205 836 55 21 varit
282 836 48 21 bort
352 836 45 21 från
419 836 117 25 hemorten,
552 837 39 20 har
605 836 47 21 icke
668 836 66 21 heller
750 824 79 33 lemnat
844 836 40 21 den

60 871 44 14 som
129 865 86 26 tiggare.
246 864 44 21 Och
310 865 35 20 det
361 867 23 18 är
400 865 163 26 författningens
579 865 84 26 mening
678 867 32 18 att
725 865 32 26 de,
773 871 44 15 som
834 865 51 26 utgå

60 899 44 15 som
131 894 87 25 tiggare,
243 893 61 21 skola
329 893 28 27 på
379 893 31 21 sin
434 893 162 21 hemkommuns
620 893 118 21 bekostnad
754 893 129 21 återsändas.

60 921 49 22 Men
125 921 38 21 har
179 928 25 14 en
220 928 76 20 person
313 922 32 21 för
360 923 41 20 fem
417 923 25 20 år
456 922 65 21 sedan
537 922 71 27 utgått
624 921 46 22 från
687 923 32 20 sin
735 923 98 20 kommun
845 922 40 21 och

60 950 68 21 blifvit
144 950 32 21 dit
190 950 107 25 återsänd,
313 951 23 20 så
351 953 23 18 är
390 951 36 20 det
441 951 66 20 redan
523 957 26 14 en
565 953 45 18 stor
626 953 66 24 tunga
704 951 32 20 för
747 951 68 20 denna
825 951 60 20 kom-

61 985 56 20 mun,
141 981 31 19 att
196 979 39 20 den
257 979 55 21 skall
332 981 124 24 enmottaga
479 979 83 21 honom.
593 975 63 25 Ännu
665 967 81 33 ”större
761 979 40 21 blir
816 979 69 21 denna

60 1010 72 24 tunga,
148 1013 33 15 om
198 1007 127 22 kommunen
342 1008 108 21 dessutom
466 1008 55 21 skall
537 1008 80 27 nödgas
633 1007 71 22 betala
719 1007 116 22 kostnaden
852 1007 34 21 för

60 1036 53 21 hans
137 1036 97 25 sjukdom
258 1036 39 21 och
317 1036 164 26 hemsändande,
497 1037 66 20 sedan
578 1037 41 20 han
636 1037 6 20 i
659 1043 25 14 en
700 1043 68 14 annan
785 1037 100 20 kommun

60 1065 84 20 arbetat
166 1065 48 20 bort
236 1065 46 21 sina
304 1065 62 21 bästa
389 1065 89 20 krafter.
508 1065 41 26 Jag
572 1071 62 15 anser
656 1065 88 25 således,
763 1067 32 19 att
809 1071 34 14 om
860 1071 25 14 en

60 1099 75 20 person
153 1093 74 21 vistats
242 1094 50 20 bort
307 1093 46 22 från
369 1093 31 22 sin
416 1093 150 21 hemkommun
582 1094 5 20 i
603 1093 41 21 fem
660 1094 24 21 år
700 1093 38 22 och
754 1093 91 22 derefter
855 1093 31 21 dit

60 1122 131 23 återsändes,
208 1122 69 21 denna
292 1122 100 21 kommun
408 1122 46 21 icke
470 1122 39 21 bör
525 1122 21 21 få
561 1122 117 21 vidkännas
695 1122 65 27 några
770 1122 116 21 kostnader

61 1150 33 21 för
109 1150 70 21 denna
194 1151 194 26 hemförsändning.

131 1207 56 21 Herr
202 1207 173 27 Tengström:
399 1208 33 21 Då
448 1207 48 22 herr
512 1207 91 28 Nysténs
618 1207 80 27 förslag
708 1207 39 22 har
758 1207 73 21 vunnit
839 1207 48 21 vida

61 1238 69 19 större
151 1237 153 26 utsträckning,
320 1238 25 19 än
362 1236 54 25 mitt,
432 1238 56 19 samt
503 1237 101 21 omfattar
619 1237 45 23 allt,
679 1237 54 20 hvad
747 1237 36 26 jag
799 1236 38 20 har
851 1237 36 20 ön-

61 1265 54 25 skat,
136 1265 107 20 äfvensom
265 1265 84 27 mycket
373 1265 132 26 derutöfver;
530 1265 39 21 och
595 1265 27 21 då
644 1265 60 21 detta
726 1265 49 20 herr
796 1263 91 28 Nysténs

62 1293 80 26 förslag
157 1293 75 21 vunnit
248 1295 31 20 ett
294 1294 70 21 starkt
378 1294 124 24 understöd,
519 1294 23 20 så
557 1294 85 21 förenar
650 1294 37 27 jag
697 1294 42 26 mig
750 1293 46 22 med
809 1293 76 21 honom

61 1322 48 20 med
132 1321 92 26 verkligt
244 1322 48 26 nöje
315 1323 38 20 och
377 1323 37 20 ber
432 1322 50 21 herr
497 1322 106 27 Cronvall,
618 1329 44 14 som
680 1322 96 21 biträdde
792 1321 47 22 mitt
853 1328 34 20 yr-

61 1350 78 24 kande,
156 1352 32 19 att
204 1350 61 21 äfven
282 1350 33 21 för
330 1350 32 21 sin
378 1350 33 21 del
428 1350 88 27 öfvergå
531 1350 32 21 till
579 1350 49 22 herr
643 1351 91 26 Nysténs
749 1350 85 26 förslag,
844 1350 43 20 vin-

62 1384 37 16 ner
121 1378 59 21 detta
196 1378 81 28 förslag
292 1379 101 22 Ståndets
410 1378 66 27 bifall,
492 1380 24 21 så
532 1379 63 22 hafva
610 1380 19 20 vi
645 1379 56 22 båda
717 1379 66 21 blifvit
798 1378 89 22 tillfreds

61 1407 40 21 och
126 1407 68 27 någon
218 1409 130 26 omröstning
364 1407 91 23 emellan
471 1408 49 21 herr
535 1408 92 27 Nysténs
642 1408 39 21 och
697 1408 47 21 mitt
759 1407 78 26 förslag
852 1407 35 22 be-

61 1436 74 21 höfver
158 1436 27 21 då
207 1437 47 20 icke
277 1437 85 20 komma
380 1437 6 20 i
402 1436 65 27 fråga.
499 1437 64 21 Emot
585 1437 49 21 herr
657 1437 120 21 Molanders
793 1435 95 28 genmäle

63 1465 37 21 ber
113 1465 36 26 jag
166 1467 32 18 att
213 1465 22 21 få
250 1465 110 25 anmärka,
376 1467 32 19 att
424 1465 49 21 herr
489 1465 112 22 Molander
615 1465 73 22 säkert
703 1465 66 27 syftar
785 1465 27 26 pä
827 1465 11 25 &
854 1465 33 22 26,

61 1493 38 21 der
121 1493 35 21 det
176 1493 68 27 gäller
263 1494 191 21 hemförsändande
469 1494 24 21 af
506 1494 55 26 dem,
577 1500 45 15 som
638 1494 55 21 varit
708 1493 133 26 berättigade
857 1493 31 21 till

795 1533 22 18 65
