1070 1795
288 133 178 22 Borgareständet
479 133 54 17 1877.
557 133 13 16 3
583 133 97 17 Oktober:
847 127 55 22 1013

384 230 162 21 Momentet
569 230 19 20 4.

144 292 55 21 Herr
219 292 153 21 Boström:
403 292 47 21 Här
465 294 24 19 är
504 292 138 25 föreskrifvet,
657 294 33 19 att
705 298 34 15 om
756 294 30 19 ett
801 292 52 21 barn
869 292 33 21 till

75 320 53 27 följd
150 320 22 21 af
193 321 75 26 tiggeri
291 320 126 22 hemsändes
440 321 32 20 till
495 321 36 21 det
546 320 103 21 samhälle
665 321 31 20 dit
712 321 36 21 det
763 321 44 26 hör,
824 321 23 21 så
863 321 38 20 bör

75 349 167 27 tillsyningsman
263 349 72 21 derom
354 351 52 25 göra
422 350 99 21 anmälan
537 349 38 22 hos
591 349 238 27 fattigvårdsstyrelsen.
859 349 43 21 Det

74 377 108 22 förefaller
205 378 41 25 mig
269 377 65 27 något
356 378 117 27 oegentligt
493 380 32 19 att
541 384 25 15 en
582 378 99 21 anmälan
697 378 21 21 af
733 377 167 28 tillsyningsman

75 407 39 21 bör
129 407 37 21 ske
183 407 31 21 till
230 406 230 28 fattigvårdsstyrelsen
477 407 28 21 då
520 409 31 19 ett
566 407 76 21 sådant
656 407 53 21 barn
720 407 47 21 icke
776 407 61 21 torde
848 406 52 22 skic-

75 436 38 20 kas
135 435 32 21 till
188 435 218 26 tillsyningsmannen,
426 438 51 18 utan
493 435 32 21 till
541 435 238 27 fattigvårdsstyrelsen.
809 436 41 25 Jag
865 441 36 15 an-

75 470 33 15 ser
130 463 82 22 derföre
232 466 32 19 att
283 464 61 21 dessa
359 464 38 21 ord
414 480 11 9 ,,
428 464 52 21 eller
496 466 23 19 är
534 463 53 22 barn
603 463 31 22 till
650 463 51 27 följd
718 463 22 22 af
754 464 73 26 tiggeri
845 464 56 20 hem-

75 493 62 20 sändt
152 493 32 20 till
200 492 76 21 sådant
292 492 116 21 samhälle"
425 493 53 20 böra
493 492 47 21 från
556 493 59 20 detta
630 492 62 21 ställe
707 492 51 27 utgå
774 493 38 21 och
828 492 73 27 längre

75 521 52 21 fram
143 521 7 21 i
165 523 72 19 texten
252 520 78 21 införas
346 521 134 27 bestämning
493 521 73 21 derom
578 523 32 19 att
623 521 218 27 fattigvårdsstyrelse
848 521 53 26 jem-

75 549 33 22 väl
129 550 49 21 med
199 550 76 21 sådant
290 549 52 21 barn
359 556 49 20 eger
424 552 50 25 taga
490 550 40 21 den
548 549 120 27 befattning
683 552 116 19 momentet
814 550 7 21 i
837 549 64 27 öfrigt

74 578 124 21 innehåller.

143 641 33 22 Då
198 641 147 21 diskussionen
369 641 90 21 rörande
483 641 60 21 detta
566 643 94 19 moment
684 641 87 21 härmed
787 641 114 21 förklarats

74 669 91 22 afslutad
182 669 106 27 öfvergick
304 669 89 22 Ståndet
408 669 32 22 till
457 669 128 27 behandling
601 669 22 22 af

390 755 153 22 Momentet
565 756 19 20 5.

143 818 55 21 Herr
220 818 120 21 Kurtön:
371 819 68 20 Innan
463 819 147 21 diskussionen
634 819 23 20 af
672 819 69 20 denna
756 818 100 27 paragraf
869 818 32 21 af-

74 847 67 20 slutas
164 847 36 20 vill
219 847 43 26 jag,
283 853 44 14 som
352 847 67 21 under
440 847 25 21 de
481 847 127 26 föregående
624 849 120 19 momenten
760 847 48 21 hört
824 847 77 26 många

75 875 57 21 olika
147 875 79 26 förslag
241 877 69 25 göras,
327 876 45 21 dels
387 876 111 26 angående
514 876 129 25 återremiss,
656 876 45 21 dels
711 875 108 27 angående
831 875 70 21 direkt

75 903 171 26 omformulering
270 905 22 20 af
314 907 128 18 momentets
465 904 87 27 lydelse,
568 904 27 21 be
609 907 33 18 att
656 904 22 21 få
695 904 55 21 fästa
765 905 55 20 mine
836 904 64 21 värde

74 932 162 21 ståndsbröders
260 933 189 26 uppmärksamhet
472 934 28 26 på
523 933 62 21 hvart
600 939 25 15 en
642 933 70 21 direkt
728 933 173 26 omformulering

73 960 24 21 af
118 961 54 21 vissa
195 963 94 19 moment
311 962 52 20 eller
385 961 126 27 paragrafer
531 961 64 22 leder.
627 962 73 26 Enligt
714 961 43 21 min
771 961 56 27 åsigt
843 961 58 21 leder

74 989 40 21 den
137 989 32 22 till
194 990 53 20 intet
270 993 64 18 annat
357 992 27 19 än
406 993 32 18 att
461 991 36 20 det
513 991 41 20 blir
569 993 103 24 upptaget
688 991 6 20 i
710 990 190 27 Borgareståndets

74 1019 112 26 protokoll.
218 1018 30 21 På
271 1019 31 20 sin
326 1019 75 26 högsta
425 1019 50 26 höjd
500 1019 41 21 kan
566 1019 36 20 det
621 1019 86 20 komma
723 1019 5 20 i
746 1019 59 26 fråga
820 1018 34 21 vid
870 1020 31 19 ett

74 1047 297 27 sammanjemkningsförslag.
403 1047 30 27 Ty
450 1048 33 21 vid
499 1048 85 25 frågans
600 1047 116 27 afgörande
732 1048 31 20 uti
774 1047 46 27 fyra
831 1047 70 20 skilda

73 1075 67 21 Stånd
163 1078 25 18 är
210 1076 36 21 det
267 1076 47 21 icke
329 1076 74 26 troligt
418 1078 32 19 att
463 1077 46 26 just
524 1077 109 20 desamma
648 1076 66 21 orden
730 1075 65 27 väljas
810 1075 31 21 uti
858 1075 42 21 alla

74 1103 61 22 dessa
151 1103 74 25 Stånd,
240 1110 46 15 som
302 1105 46 20 icke
364 1104 64 21 hafva
439 1106 69 25 någon
520 1105 184 21 kommunikation
716 1105 47 20 med
773 1104 126 21 hvarandra.

73 1132 39 21 Om
129 1133 39 20 ock
184 1133 72 25 saken,
272 1139 45 15 som
333 1133 62 25 afses,
411 1139 52 15 vore
479 1134 128 26 densamma,
622 1133 24 21 så
662 1133 65 21 blifva
742 1133 54 21 dock
809 1133 91 25 troligen

73 1161 46 20 icke
135 1167 80 15 samma
230 1162 38 20 ord
284 1161 129 27 begagnade.
437 1162 41 26 Jag
493 1162 69 21 skulle
579 1162 84 21 derföre
679 1169 51 14 anse
745 1164 32 18 att
792 1161 36 21 det
840 1161 60 21 alltid

73 1191 24 18 är
119 1192 32 18 att
173 1190 111 26 föredraga
304 1193 32 18 att
357 1190 159 21 återremittera
532 1190 126 27 paragrafen
675 1191 32 20 till
725 1190 82 21 utskott
821 1189 32 21 för
869 1191 32 19 att

73 1217 47 22 låta
142 1218 40 21 den
206 1220 27 25 på
249 1219 62 20 bästa
330 1221 43 18 sätt
388 1219 163 21 omformuleras
566 1220 7 20 i
589 1219 101 21 händelse
710 1219 40 21 den
764 1218 46 21 icke
825 1224 75 21 genom

72 1247 67 20 andra
160 1247 77 21 Stånds
253 1247 69 21 beslut
338 1248 65 21 redan
420 1248 71 21 blifvit
506 1250 98 24 antagen.
635 1248 114 21 Dessutom
766 1248 38 20 bör
820 1249 31 18 ett
866 1249 35 18 ut-

72 1275 59 21 skott
146 1275 59 21 alltid
222 1275 70 22 bättre
307 1276 71 21 kunna
393 1279 53 24 göra
462 1277 36 20 det
514 1278 26 19 än
556 1277 55 20 inom
629 1276 96 26 Ständet,
742 1277 36 20 der
794 1275 35 21 det
845 1275 54 26 sker,

73 1303 23 21 sä
117 1306 32 19 att
164 1306 57 24 säga,
240 1305 28 26 pä
283 1305 38 20 rak
336 1311 45 14 arm
398 1305 40 21 och
455 1305 36 21 det
507 1305 88 21 sälunda
612 1305 70 21 kunde
697 1305 86 20 komma
798 1306 32 19 att
845 1305 33 20 stä
894 1305 6 20 i

73 1332 52 20 strid
141 1333 48 20 med
206 1333 147 27 ordalydelsen
370 1334 6 20 i
392 1334 69 20 andra
478 1334 129 26 paragrafer.
637 1333 40 26 Jag
693 1333 48 21 ville
758 1333 73 21 anföra
842 1333 59 20 detta

72 1360 55 21 blott
143 1361 32 21 för
191 1363 32 19 att
238 1362 85 25 enhvar,
338 1362 64 20 innan
418 1362 43 21 han
477 1362 60 26 afger
552 1362 32 20 sin
595 1364 45 18 röst
652 1362 33 20 för
695 1361 206 26 omformuleringen,

71 1390 99 21 närmare
194 1390 103 21 betänker
319 1397 33 14 om
376 1391 47 21 icke
442 1390 122 22 ändamålet
580 1390 70 22 bättre
666 1390 73 21 vinnes
754 1396 75 21 genom
845 1390 55 21 äter-

72 1418 81 25 remiss,
170 1419 60 20 äfven
246 1425 33 15 om
298 1419 36 21 det
350 1420 40 20 kan
408 1419 66 26 något
489 1419 114 27 uppehålla
619 1419 194 27 förhandlingarna.

140 1487 56 21 Herr
218 1487 118 28 Nybom:
367 1488 42 21 Det
432 1490 24 19 är
479 1495 34 14 om
536 1494 25 15 en
584 1488 151 27 obetydlighet,
752 1494 47 15 men
815 1487 85 22 hvilken

71 1515 54 22 dock
145 1517 24 20 är
190 1523 26 14 en
232 1517 122 26 oriktighet,
370 1523 45 14 som
430 1517 37 27 jag
483 1516 49 22 ville
547 1519 53 25 göra
615 1523 25 14 en
658 1517 140 26 anmärkning
813 1515 6 21 i
835 1516 65 21 slutet
