1070 1795
290 129 178 20 Borgareståndet
479 129 56 18 1877.
561 130 26 17 27
600 129 96 17 Oktober.
860 124 55 21 1447

156 198 203 26 Proposition
375 197 39 21 N:o
431 199 19 19 3.
473 197 39 26 De,
529 203 44 16 som
589 197 32 22 till
638 197 210 27 kontraproposition
864 197 51 27 vilja

87 228 78 24 antaga
188 226 55 21 Herr
266 226 36 21 W.
325 226 91 27 Nysténs
439 226 85 27 förslag,
548 233 46 14 som
616 226 38 27 går
670 228 24 19 ut
709 225 27 28 på
752 232 24 15 en
792 226 125 21 återremiss

87 255 34 21 för
142 254 109 21 införande
266 255 7 20 i
289 255 58 20 detta
362 257 94 18 moment
472 255 24 20 af
510 261 25 15 en
552 255 65 21 sådan
634 255 135 27 bestämning
783 257 33 19 att
831 254 87 27 försälj-

87 284 50 25 ning
160 283 24 21 af
204 283 20 21 öl
246 283 38 21 och
300 286 72 23 porter
387 283 5 21 i
410 283 187 22 landskommuner
612 283 18 27 ej
647 283 35 21 må
698 283 36 21 ske
750 286 52 18 utan
818 283 99 22 kommu-

87 317 53 16 nens
154 311 149 28 medgifvande
318 312 12 21 å
345 314 65 19 annat
425 312 62 21 ställe
503 314 26 19 än
539 312 12 21 å
562 312 126 27 bryggeriet,
700 312 77 26 svara
773 307 10 36 j
787 318 21 20 a;
825 312 33 26 de,
869 318 47 15 som

87 341 7 20 i
109 340 77 21 sådant
201 340 98 21 afseende
314 340 111 26 föredraga
440 340 57 22 Herr
512 341 94 21 Kurténs
621 340 85 27 förslag,
718 347 61 14 svara
794 341 51 26 nej.

155 397 41 21 Vid
220 397 83 22 anstäld
324 397 97 28 votering
444 397 127 23 besvarades
594 398 158 28 propositionen
773 398 47 22 med
839 398 32 21 12
885 397 31 28 ja

86 426 41 22 och
144 428 30 19 29
192 427 52 26 nej.

156 483 202 27 Proposition
374 483 40 21 N:o
432 485 18 18 4.
480 484 39 25 De,
536 490 45 15 som
597 483 32 22 till
646 483 208 28 kontraproposition
865 483 51 27 vilja

87 514 79 25 antaga
182 512 102 27 förslaget
300 514 31 19 att
346 512 113 27 godkänna
475 512 165 27 ifrägavarande
656 515 100 24 moment,
771 512 48 21 med
835 513 80 21 uteslu-

86 540 65 21 tande
174 541 24 20 af
218 541 65 20 orden
307 541 34 26 ,af
362 547 81 14 annans
466 541 159 27 tillverkning*,
646 547 60 15 svara
721 541 38 26 ja;
775 541 73 21 vinner
864 541 51 27 nej,

86 575 63 15 anses
172 569 56 21 Herr
250 569 92 21 Kurtöns
364 569 84 27 förslag,
473 569 66 27 enligt
562 569 80 22 hvilket
666 575 74 16 senare
760 569 59 22 delen
835 569 22 21 af
871 576 45 15 mo-

87 600 79 19 mentet
190 597 101 27 börjande
311 598 45 21 från
380 598 32 27 ,ej
435 598 68 21 heller
525 600 46 19 att"
596 598 69 21 skulle
688 599 109 25 uteslutas,
816 604 50 15 vara
883 598 32 21 till

87 626 209 27 kontraproposition
313 629 92 24 antaget.

155 683 164 27 Propositionen
340 683 127 22 besvarades
487 684 54 21 efter
557 684 65 21 skedd
638 684 131 27 omröstning
784 683 47 22 med
849 685 26 20 14
889 684 27 27 ja

86 711 40 22 och
143 713 26 20 27
186 712 53 27 nej.

156 769 199 27 Proposition
371 769 40 21 N:o
428 769 18 21 5.
471 769 38 26 De,
527 776 44 15 som
588 769 114 27 godkänna
716 769 67 21 första
798 771 117 20 momentet

87 797 7 21 i
109 797 12 28 $
137 798 34 25 21,
195 804 60 15 svara
276 798 39 27 ja;
338 799 73 20 vinner
434 799 55 26 nej,
513 804 62 15 anses
592 798 55 21 Herr
663 798 93 21 Kurtens
770 798 79 27 förslag
864 804 51 15 vara

87 826 23 21 af
124 825 90 22 Ständet
228 827 81 26 gilladt.

156 883 76 22 Svaret
248 883 59 22 utföll
323 883 47 22 med
386 883 156 27 öfvervägande
548 879 12 36 n
572 890 1 15 e
581 883 33 27 j.

398 969 170 22 Momentet
591 971 18 19 2.

157 1026 56 21 Herr
235 1026 130 21 Kurtén:
396 1026 50 21 Med
469 1026 116 27 anledning
607 1026 23 21 af
652 1026 36 21 det
703 1025 68 22 beslut
787 1025 60 22 hvari
863 1025 53 22 Bor-

86 1055 139 26 gareständet
248 1057 85 19 stannat
353 1055 6 21 i
375 1055 100 21 afseende
491 1055 14 21 &
521 1055 127 26 föregäende
664 1057 99 24 moment,
780 1056 23 19 är
820 1055 35 20 det
871 1054 45 22 helt

87 1083 103 27 naturligt
206 1086 32 18 att
254 1084 59 21 detta
328 1085 94 20 moment
437 1083 40 21 bör
493 1090 26 15 ur
533 1083 127 28 paragrafen
676 1083 56 27 utgä.

156 1140 34 21 Dä
212 1140 62 27 ingen
296 1139 72 23 vidare
383 1140 93 27 begärde
493 1140 62 22 ordet
569 1140 125 21 framstälde
709 1140 56 21 Herr
806 1139 110 22 Talman-

86 1174 54 15 nen
156 1169 94 26 följande

88 1253 4 4 N
154 1225 204 27 Proposition:
389 1226 38 26 De,
444 1231 46 16 som
507 1225 115 28 godkänna
637 1226 67 21 andra
719 1226 122 31 momentet,
854 1231 62 15 svara

82 1260 41 20 ja;
140 1254 32 26 de,
188 1261 45 14 som
249 1254 50 27 vilja
314 1256 32 20 att
362 1255 118 21 detsamma
497 1254 54 22 skall
567 1255 57 26 utgå,
641 1260 61 15 svara
718 1261 54 20 nej.

155 1311 161 27 Propositionen
333 1311 129 22 besvarades
474 1311 49 22 med
539 1311 156 27 öfvervägande
702 1307 11 37 n
724 1317 1 15 e
746 1311 19 27 j.

397 1397 168 21 Momentet
588 1397 18 20 3.

154 1453 57 22 Herr
232 1453 193 28 Tengström:
456 1453 48 22 Mot
527 1453 115 22 innehället
658 1453 22 22 af
695 1453 58 22 detta
768 1455 94 20 moment
878 1452 40 21 har

83 1482 38 27 jag
144 1482 18 27 ej
187 1484 32 19 att
242 1483 108 25 anmärka,
366 1489 48 15 men
430 1483 36 20 det
483 1489 63 20 synes
562 1483 42 26 mig
620 1482 111 27 olämpligt
746 1484 31 19 att
793 1482 30 21 uti
839 1487 26 15 en
880 1487 38 21 pa-

87 1511 73 26 ragraf
182 1517 45 15 som
250 1510 45 22 helt
317 1511 39 22 och
378 1511 66 21 hållet
463 1511 69 27 angår
548 1511 187 25 Jandthandlande,
751 1511 54 21 skall
821 1509 49 28 ingå
885 1512 31 19 ett
