1070 1795
191 125 41 21 964
406 131 180 20 Borgareståndet
598 131 54 17 1877.
676 131 13 16 3
702 131 98 17 Oktober.

260 200 55 21 Herr
331 200 167 21 Ahlström:
528 199 41 27 Jag
585 200 78 21 önskar
678 200 74 21 förena
768 200 43 26 mig
826 200 48 21 med
890 199 49 22 herr
951 199 68 22 Snell-

191 235 55 19 man,
264 228 24 21 så
298 228 84 27 mycket
392 235 46 14 mer
452 234 45 15 som
514 228 36 21 det
565 228 40 21 har
620 228 54 21 visat
689 229 33 26 sig
737 231 33 18 att
785 228 36 21 det
832 230 24 19 är
866 230 75 19 nästan
952 227 66 28 omöj-

190 257 40 27 ligt
250 259 33 18 att
304 257 61 21 locka
384 256 30 21 till
431 257 227 20 kommunalstämmor
674 257 24 20 så
713 257 85 26 mycket
814 256 45 21 folk
873 259 33 18 att
920 263 26 15 en
961 257 58 20 tred-

189 285 57 27 jedel
262 285 23 21 af
298 285 161 26 församlingens
476 285 178 27 röstberättigade
670 285 139 21 medlemmar
819 287 24 19 är
851 285 167 27 representerad.

190 314 44 21 Det
248 320 52 15 vore
315 314 71 21 bättre
402 316 32 19 att
449 320 25 15 en
490 313 67 22 sådan
573 314 133 26 bestämning
721 314 48 21 icke
785 314 75 21 funnes
875 313 39 26 till,
930 313 27 21 då
971 319 47 16 man

191 343 5 20 i
213 342 40 21 och
270 343 47 20 med
334 343 118 20 detsamma
468 342 125 27 omöjliggör
608 342 70 21 beslut
694 343 110 26 angående
820 342 146 27 fattigvården.

260 399 57 21 Herr
339 399 152 22 Boström:
523 399 40 21 Till
584 399 56 22 hvad
662 405 44 15 som
727 399 58 22 förut
801 401 24 20 är
839 399 82 28 yttradt
936 405 34 15 om
984 399 35 22 det

192 428 115 27 olämpliga
328 429 31 20 uti
383 428 69 21 denua
473 428 141 26 bestämning,
636 428 34 21 vill
690 428 37 27 jag
742 428 125 27 ytterligare
882 428 89 27 påpeka,
987 430 32 18 att

192 457 36 21 det
249 457 62 20 torde
327 463 50 14 vara
394 457 62 26 högst
472 456 121 27 opraktiskt
609 457 38 20 och
663 457 120 26 olämpligt,
799 459 32 18 att
846 457 27 26 på
889 463 25 14 en
929 458 90 19 stämma

191 485 54 21 först
261 485 93 21 beräkna
371 485 53 21 huru
441 486 75 26 många
531 487 76 22 röster,
623 491 44 15 som
684 487 38 19 äro
738 486 132 21 närvarande
882 485 63 21 innan
959 487 60 19 ären-

192 514 36 21 det
250 513 33 22 får
302 516 61 24 tagas
378 514 66 20 under
459 513 122 28 afgörande.
612 514 41 20 Det
668 514 42 21 kan
724 514 23 25 ju
764 514 71 21 hända
850 514 44 21 ofta
910 519 40 20 nog
965 515 32 19 att
1012 514 6 20 i

192 543 76 26 början
284 542 23 21 af
320 545 32 18 ett
367 542 77 21 sådant
458 542 159 21 sammanträde
633 544 31 19 ett
680 543 82 20 mindre
773 543 57 20 antal
842 548 100 21 personer
952 542 67 21 finnas

192 571 140 23 närvarande,
354 570 107 22 hvarefter
482 571 67 21 under
571 573 115 19 stämmans
708 571 101 26 fortgång
827 570 50 22 flere
893 570 79 21 infinna
987 570 32 27 sig

192 599 39 22 och
247 601 100 20 tvärtom.

266 656 54 22 Herr
341 656 117 27 Nybom:
489 657 42 20 Det
547 663 36 14 var
600 657 41 20 min
657 656 65 27 afsigt
737 659 33 18 att
786 657 69 20 uttala
870 657 42 25 mig
927 658 44 19 mot
985 662 34 15 ru-

194 685 74 21 briken
292 685 6 20 i
317 685 69 21 denna
408 685 83 26 artikel,
508 691 48 15 men
572 685 23 20 af
609 685 134 21 förbiseende
760 685 97 20 underlät
870 685 37 26 jag
922 687 32 18 att
968 686 52 25 göra

194 715 41 20 det.
266 713 34 21 Nu
317 715 23 19 är
356 714 36 20 det
407 713 33 21 för
455 715 46 20 sent
517 716 32 19 att
564 713 104 27 godtgöra
684 714 36 21 det
736 713 149 21 försummade.
915 713 41 26 Jag
970 714 50 25 god-

193 743 82 20 känner
298 741 120 22 Utskottets
441 748 154 20 resonnemang
613 743 27 25 på
655 742 87 21 sidorna
761 744 30 21 18,
809 743 26 20 19
851 742 39 21 och
906 742 27 21 20
948 741 22 21 af
984 741 35 22 be-

194 771 123 24 tänkandet,
342 771 37 20 der
401 772 36 19 det
456 771 63 20 söker
534 770 112 21 framhålla
661 773 33 18 att
710 771 65 21 sedan
792 771 19 20 vi
827 777 26 14 en
869 771 54 26 gång
938 770 41 21 fått
995 777 24 14 en

194 799 248 26 kommunalförfattning
463 799 34 20 för
517 799 73 21 städer
610 799 38 21 och
672 799 188 21 landskommuner
875 799 48 21 med
938 798 82 27 uppgift

194 830 31 18 att
249 830 57 19 sätta
329 828 61 21 dessa
407 828 124 21 kommuner
536 823 12 36 i
568 827 82 22 tillfälle
663 830 33 18 att
711 827 74 27 sjelfve
801 827 65 21 vårda
881 828 46 20 sina
944 827 76 22 ekono-

194 856 68 21 miska
283 856 181 27 angelägenheter,
486 856 24 21 så
533 856 66 21 borde
621 857 6 20 i
650 863 26 14 en
700 856 125 26 författning
845 856 89 21 rörande
950 856 70 26 fattig-

194 885 85 26 vården,
299 891 46 14 som
368 885 108 26 ingenting
499 887 64 18 annat
579 887 30 23 är,
625 886 26 19 än
667 887 31 19 ett
714 885 162 21 handhafvande
894 885 22 20 af
930 886 30 19 ett
975 884 44 26 slag

194 913 23 21 af
232 914 62 20 dessa
309 919 156 20 gemensamma
481 913 183 26 angelägenheter,
681 913 19 27 ej
716 913 80 21 införas
808 913 156 26 bestämningar
974 919 45 14 som

194 942 82 26 grunda
297 942 32 26 sig
348 943 26 25 på
390 942 66 21 andra
472 942 111 26 principer,
598 943 26 20 än
640 943 26 20 de
682 948 45 15 som
743 941 70 22 finnas
828 941 95 22 uttalade
938 942 6 20 i
960 941 60 21 kom-

194 970 232 27 munalförfattningen.
457 971 75 20 Deruti
547 970 62 26 gillar
622 971 37 26 jag
675 970 123 21 Utskottets
809 976 153 20 resonnemang
972 969 48 22 full-

194 999 96 27 komligt,
305 1005 47 15 men
369 999 102 26 beklagar
485 1001 32 18 att
533 999 111 21 Utskottet
659 999 47 21 icke
722 999 55 21 varit
792 999 70 20 denna
877 999 80 26 princip
973 998 47 21 allt-

193 1028 84 26 igenom
294 1028 6 20 i
315 1028 37 21 sitt
368 1027 135 22 betänkande
518 1030 81 24 trogen,
616 1030 51 19 utan
679 1028 66 21 redan
757 1028 6 20 i
777 1027 99 21 rubriken
886 1027 134 26 fattigvårds-

194 1056 104 21 samhälle
318 1056 59 27 gjort
398 1058 30 18 ett
444 1056 107 26 undantag
567 1056 46 21 från
630 1057 76 26 regeln.
739 1057 42 20 Det
795 1055 108 22 förefaller
918 1056 42 27 mig
975 1061 45 16 som

194 1091 34 14 om
246 1085 12 26 $
276 1086 26 20 10
320 1084 68 21 skulle
405 1084 68 21 tillåta
488 1087 32 18 att
541 1085 1 20 i
557 1085 128 21 kommunen
702 1085 97 21 etablera
814 1087 31 18 ett
861 1085 101 20 samhälle
975 1090 45 15 som

194 1113 69 21 skulle
286 1119 50 15 vara
357 1113 91 21 ordnadt
466 1113 53 21 efter
535 1113 67 21 andra
618 1113 105 27 principer
739 1115 26 19 än
782 1113 25 21 de
824 1113 33 20 för
872 1113 126 20 kommunen
1014 1113 6 20 i

194 1142 64 25 öfrigt
273 1141 104 27 gällande.
407 1141 88 28 Följden
511 1142 84 21 derutaf
610 1141 68 22 blefve
695 1143 46 24 den,
754 1144 31 19 att
801 1142 25 25 vi,
839 1142 70 21 såsom
922 1141 99 27 tydligen,

194 1170 22 21 af
230 1169 13 29 &
260 1171 27 20 10
302 1170 99 26 framgår,
417 1170 67 21 skulle
500 1171 5 20 i
521 1170 72 21 stället
608 1170 32 21 för
650 1177 25 14 en
688 1170 160 21 drätselnämnd
859 1170 38 21 och
909 1177 24 14 en
944 1169 77 22 finans-

194 1199 131 26 förvaltning
348 1199 32 20 för
402 1199 79 21 vården
504 1205 33 15 om
561 1199 26 21 de
608 1205 158 20 gemensamma
781 1199 204 26 angelägenheterne
1001 1198 21 21 få

194 1227 56 22 flere.
280 1227 64 21 Först
358 1227 139 21 kommunens
513 1227 106 21 allmänna
634 1228 135 26 förvaltning,
785 1228 66 20 sedan
865 1228 40 20 den
916 1227 106 21 allmänna

195 1255 155 28 förvaltningen
372 1256 32 21 för
424 1256 142 27 fattigvården
588 1256 39 21 och
650 1256 72 21 vidare
744 1258 57 19 ännu
824 1256 25 21 de
871 1256 104 21 särskilda
989 1256 33 21 för

195 1284 272 27 fattigvårdsdistrikterna.
497 1285 66 20 Detta
579 1285 66 21 måste
661 1285 139 26 ovilkorligen
816 1284 95 22 försvåra
926 1285 39 20 och
981 1284 41 21 för-

196 1313 51 27 dyra
264 1313 171 21 handhafvandet
451 1313 22 21 af
486 1313 139 21 kommunens
640 1313 98 21 finanser.
770 1313 44 21 Allt
830 1313 55 21 hvad
901 1319 47 15 man
959 1313 64 21 afsett

195 1343 32 19 att
250 1341 48 21 med
320 1342 15 26 &
362 1342 24 20 10
408 1342 6 20 i
438 1342 68 20 denna
529 1341 126 27 författning
670 1342 156 25 åstadkomma,
842 1342 42 20 kan
899 1341 66 27 enligt
980 1342 43 20 min

194 1370 87 27 mening
296 1370 44 21 lika
355 1370 33 21 väl
404 1371 38 20 och
459 1370 70 21 bättre
545 1370 158 22 åstadkommas
719 1371 27 26 på
762 1370 69 27 grund
841 1370 24 21 af
875 1370 39 21 den
925 1370 98 26 gällande

195 1399 275 21 kommunalförfattnineen.
508 1399 73 15 Skulle
604 1400 10 25 8
637 1400 33 24 10,
694 1399 66 16 sådan
784 1399 39 16 den
846 1399 39 16 här
907 1401 23 18 är
946 1399 77 21 formu-

195 1427 67 24 lerad,
285 1430 95 24 antagas,
403 1427 24 22 sä
450 1427 67 22 blefve
540 1415 196 34 beslutanderätten
754 1427 26 26 pä
795 1427 228 22 kommunalstämman

195 1455 40 22 och
256 1456 27 26 pä
305 1456 201 26 stadsfullmäktiges
526 1456 39 21 och
589 1456 27 26 pä
636 1456 268 27 kommunalfullmäktiges
919 1462 104 15 samman-

195 1485 77 20 träden
295 1485 118 20 inskränkt.
444 1485 93 26 Antager
560 1491 49 15 man
632 1486 46 20 äter
693 1487 187 24 representantens
896 1485 32 20 för
942 1485 81 21 Jakob-

195 1513 47 21 stad
267 1513 84 26 förslag,
373 1513 23 21 sä
419 1513 40 22 blir
480 1513 40 22 den
542 1513 46 22 äter
609 1513 101 27 utvidgad
732 1513 82 22 derhän
837 1516 32 19 att
885 1513 97 27 möjligen
997 1520 26 15 en
