1070 1795
264 121 180 21 Borgareständet
457 122 55 16 1877.
537 122 12 16 5
563 121 97 17 Oktober.
816 117 54 20 1059

43 190 48 21 icke
106 189 62 21 hafva
184 190 65 25 något
264 189 53 23 skäl,
333 192 31 18 att
380 191 65 25 vägra
460 189 127 26 deltagande
604 189 5 21 i
626 196 25 14 en
667 189 115 27 bevillning
797 189 32 21 för
840 191 31 20 ett

44 218 77 21 sådant
136 218 104 26 ändamål,
257 224 33 15 om
307 218 39 21 den
362 218 76 21 blifver
454 218 125 27 nödvändig.

114 275 55 20 Herr
192 274 136 21 Höckert:
352 275 40 26 Jag
414 274 93 27 begärde
529 275 61 20 ordet
606 274 118 27 egentligen
741 275 31 20 för
787 277 32 18 att
835 274 36 21 be-

45 305 58 19 möta
125 305 31 18 ett
171 303 99 27 yttrande
286 303 21 21 af
321 303 55 21 Herr
391 303 90 21 Jansson
498 303 7 21 i
521 303 74 26 frägan
611 309 34 15 om
662 303 115 21 innehället
793 303 23 21 af
830 303 41 21 den

45 332 96 27 petition,
162 338 46 15 som
229 332 37 26 jag
288 332 30 21 till
336 331 89 22 Ständet
441 332 54 21 hade
510 331 83 26 ingifvit
609 332 91 21 rörande
714 331 156 26 ständerhuset,

45 367 48 14 men
113 360 36 27 jag
171 361 39 20 har
226 361 6 20 i
248 361 40 20 den
305 360 59 21 delen
381 360 67 21 blifvit
463 361 24 20 af
501 361 56 20 Herr
572 360 82 21 Kurtén
670 360 145 21 förekommen
831 360 40 21 och

45 389 42 20 kan
107 389 82 20 säledes
210 389 84 26 förbigä
309 389 38 21 allt
362 389 73 21 vidare
451 389 128 21 bemötande
595 389 63 20 deraf.
689 389 41 27 Jag
746 392 45 18 tror
809 389 62 21 ocki

45 418 67 20 likhet
127 418 48 20 med
191 418 55 21 Herr
262 418 88 25 Kurtén,
366 420 32 19 att
413 418 40 20 den
471 424 81 15 summa
564 417 22 21 af
598 418 90 25 152,000
699 418 65 24 mark,
782 418 89 21 Ridder-

45 447 76 26 skapet
143 446 39 21 och
206 446 67 21 Adeln
297 446 85 27 ätnjutit
405 446 33 21 för
452 446 37 21 sitt
506 446 112 21 riddarhus
634 446 38 21 och
688 446 147 21 anskaffandet
850 446 23 21 af

47 475 80 21 möbler
149 475 40 20 och
212 475 128 20 inventarier
362 475 78 24 dertill,
456 481 44 14 mer
515 477 27 18 än
559 474 123 25 tillräckligt
699 478 116 18 motsvarar
831 475 40 21 den

46 503 62 26 utgift
131 503 156 27 Ridderskapet
309 503 68 21 skulle
400 503 123 26 vidkännas,
545 509 34 15 om
596 503 74 26 frågan
687 503 68 21 blefve
770 506 31 19 att
817 510 54 15 sam-

47 532 125 27 manbringa
194 532 54 21 ända
272 532 32 20 till
320 539 25 14 en
361 532 80 21 million
457 533 61 20 mark
533 532 91 21 medelst
640 531 114 26 bevillning
769 532 33 21 för
818 539 53 20 upp-

46 561 98 21 förandet
166 561 22 21 af
209 561 160 26 ifrägavarande
392 561 46 25 hus,
461 560 23 21 sä
507 563 32 18 att
555 561 68 26 nägon
640 561 54 20 skild
710 561 113 26 anledning
839 560 32 22 till

48 589 99 27 missnöje
162 589 46 22 frän
224 589 168 26 Ridderskapets
408 589 37 21 och
461 589 81 21 Adelns
557 589 46 21 sida
619 589 47 21 icke
682 589 66 21 borde
759 589 112 21 förefinnas

48 618 97 21 deröfver
167 620 33 19 att
222 618 161 27 ifrägavarande
406 618 125 21 ständerhus
547 618 69 21 skulle
632 617 100 27 uppföras
748 618 59 21 äfven
823 618 48 21 med

47 647 201 25 bevillningsmedel.

116 675 40 21 Vid
180 675 155 26 behandlingen
358 675 23 21 af
395 675 67 21 denna
478 675 61 26 fräga
554 675 5 20 i
577 675 238 21 Ständerhusutskottet
830 675 41 20 för-

48 703 56 21 lidne
127 705 43 23 vär,
194 704 108 27 upplystes
322 704 105 21 utskottet
448 710 75 20 genom
541 703 97 22 of&ciella
656 703 125 26 handlingar
796 710 32 14 om
846 710 25 14 en

49 732 162 27 omständighet,
234 739 45 14 som
303 732 34 21 det
357 733 46 20 icke
425 732 41 21 kan
483 739 49 14 vara
549 738 24 15 ur
589 734 66 24 vägen
668 735 32 18 att
716 733 38 20 här
769 731 103 26 meddela,

48 761 89 20 oaktadt
153 761 39 20 den
209 761 133 26 naturligtvis
357 761 47 20 icke
420 761 39 21 kan
476 761 63 20 hafva
554 761 64 26 nägot
635 761 69 20 direkt
719 760 114 27 inflytande
844 761 28 26 pä

48 790 69 20 denna
133 789 69 26 frägas
218 790 120 25 afgörande.
370 789 41 21 Det
428 790 109 26 upplystes
552 792 33 18 att
601 789 26 21 dä
643 789 26 21 de
680 792 32 18 tre
723 789 76 21 ofrälse
810 789 61 22 Stän-

48 819 39 20 den
105 819 5 20 i
126 818 86 27 Sverige
228 819 28 26 pä
275 819 51 20 1750
342 819 52 20 talet
410 818 64 21 funno
490 819 31 25 sig
537 818 118 21 föranlätne
671 820 32 19 att
718 817 67 22 skaffa
798 819 30 24 sig
841 820 31 19 ett

48 849 48 24 eget
117 847 45 26 hus,
179 847 5 20 i
201 847 81 20 hvilket
304 847 173 20 sessionslokaler
492 847 75 20 funnes
583 846 31 21 för
630 847 26 20 de
672 849 32 18 tre
720 847 75 20 ofrälse
811 847 61 20 Stän-

48 876 47 23 den,
117 875 106 21 äfvensom
248 876 32 20 för
302 875 42 21 alla
366 875 88 25 utskott,
479 875 23 21 sä
524 875 127 21 bekostades
667 875 87 26 inköpet
769 875 38 21 och
825 875 47 20 hela

48 905 170 25 uppställningen
234 904 6 21 i
257 904 68 26 öfrigt,
349 904 47 20 med
412 904 68 21 medel
497 903 46 22 frän
561 904 214 26 riksgäldskontorets
793 903 79 21 behäll-

48 933 55 26 ning.
135 933 41 20 Det
199 939 35 14 var
256 933 79 20 sädana
350 933 67 20 medel
433 939 44 14 som
494 932 120 21 Ständerna
629 932 70 21 kunde
716 932 111 26 disponera
843 931 28 22 öf-

48 967 43 19 ver,
107 963 49 19 utan
173 963 32 18 att
220 963 74 19 votera
310 961 113 26 bevillning
439 961 39 21 och
494 964 51 18 utan
561 963 33 18 att
604 961 66 20 anlita
680 961 130 21 statsmedel.
831 961 41 26 Jag

48 991 88 20 nämner
158 989 60 22 detta
241 990 75 25 derför,
332 992 32 18 att
380 990 60 21 dessa
456 990 68 21 medel
541 996 50 15 voro
608 990 85 24 sädane,
709 995 44 15 som
770 989 41 21 alla
826 990 46 25 fyra

47 1019 93 21 Ständen
157 1019 140 26 disponerade
313 1018 67 26 öfver;
397 1025 47 14 men
459 1019 36 26 jag
510 1021 45 18 tror
570 1018 46 21 icke
632 1021 32 18 att
680 1019 89 20 svenska
782 1018 89 21 Ridder-

47 1048 75 25 skapet
145 1047 37 21 och
206 1047 68 20 Adeln
297 1047 26 21 dä
345 1047 74 27 gjorde
436 1047 65 26 nägra
517 1047 132 26 svärigheter
665 1049 43 18 mot
724 1049 32 18 att
771 1046 32 21 för
818 1047 53 20 före-

47 1079 58 23 taget
129 1076 95 20 använda
248 1076 67 20 medel
332 1076 23 20 af
369 1077 40 19 den
426 1075 146 21 beskaffenhet
585 1076 37 26 jag
638 1075 92 27 antydde
746 1075 39 21 och
801 1075 71 21 hvilka

47 1104 68 21 medel
138 1104 64 26 enligt
226 1105 42 20 min
290 1105 64 20 tanke
369 1105 71 20 kunna
456 1104 104 21 likställas
577 1104 46 21 med
640 1104 82 26 vanliga
739 1103 132 26 bevillnings-

47 1133 73 21 medel.
152 1133 113 26 Föröfrigt,
283 1139 32 14 om
333 1133 155 26 Ridderskapet
503 1133 40 20 och
559 1132 68 21 Adeln
643 1135 82 23 strängt
737 1133 67 20 skulle
815 1132 57 21 hålla

47 1161 33 26 pä,
100 1164 32 18 att
153 1161 137 22 riddarhuset
305 1161 68 21 skulle
389 1161 33 21 för
438 1162 83 20 landets
536 1167 159 20 gemensamma
711 1161 66 21 behof
791 1161 6 20 i
813 1161 60 20 detta

47 1190 98 21 afseende
168 1190 85 25 inlösas,
278 1190 23 21 sä
324 1191 34 20 mä
381 1196 47 15 man
445 1191 27 20 dä
488 1189 67 22 hellre
570 1192 52 23 göra
638 1190 43 24 det,
697 1191 26 19 än
740 1189 43 21 låta
798 1189 73 26 frågan

47 1218 57 21 falla.
136 1219 47 20 Men
200 1219 114 20 kanhända
329 1222 32 17 att
376 1219 158 26 Ridderskapet
549 1219 39 20 och
606 1218 72 25 Adeln,
696 1219 34 25 jag
746 1219 23 20 är
785 1218 30 20 till
832 1218 39 20 och

47 1247 48 21 med
118 1247 123 27 öfvertygad
264 1247 80 24 derom,
368 1253 34 15 om
425 1248 25 20 de
474 1247 238 27 uppmärksamgjordes
736 1247 26 26 pä
787 1246 85 26 frågans

47 1276 137 26 ståndpunkt,
201 1277 46 20 icke
263 1275 59 22 skola
339 1275 67 22 drifva
423 1276 39 21 den
479 1275 32 22 till
527 1277 39 19 den
583 1279 64 23 spets,
664 1278 32 18 att
712 1275 40 21 den
767 1276 33 20 för
811 1275 61 20 deras

46 1305 56 21 skull
121 1304 53 21 skall
190 1304 89 21 förfalla.
310 1305 61 20 Hvad
388 1303 97 28 föröfrigt
501 1304 132 21 vidkommer
648 1303 169 27 Ridderskapets
833 1303 39 21 och

47 1334 80 20 Adelns
143 1333 69 21 beslut
228 1334 6 19 i
250 1333 79 26 frägan,
342 1333 24 21 sä
382 1333 66 21 ehuru
465 1333 36 21 det
516 1333 47 21 icke
579 1332 129 21 tillkommer
723 1333 42 25 mig
780 1334 32 18 att
824 1332 49 25 ingä

46 1362 7 20 i
69 1362 66 20 kritik
150 1362 102 25 deröfver,
267 1362 24 20 sä
307 1368 60 20 synes
384 1362 42 25 mig
442 1362 91 20 vilkoret
548 1363 33 19 att
597 1361 58 21 detta
667 1361 126 21 ständerhus
804 1360 68 21 skulle

47 1390 176 27 sammanbyggas
247 1390 47 21 med
317 1390 136 21 riddarhuset
476 1397 77 20 genom
569 1397 26 14 en
610 1391 56 26 gång
682 1390 62 25 högst
761 1390 111 26 besynner-

47 1419 45 27 ligt.
122 1419 41 21 Det
179 1419 107 21 förefaller
302 1419 41 26 mig
359 1425 45 15 som
420 1419 68 21 skulle
501 1419 38 26 jag
554 1425 22 15 se
593 1421 30 18 ett
636 1419 88 26 ekipage
736 1418 47 21 med
795 1420 77 19 tvänne

48 1448 61 21 rader
132 1448 68 25 sitser,
224 1448 38 21 der
284 1450 31 19 ett
334 1448 68 21 Ständ
417 1454 62 21 synes
494 1447 27 26 pä
537 1447 110 21 framsätet
662 1447 40 21 och
718 1447 26 20 de
759 1449 32 19 tre
807 1446 66 21 andra

47 1477 93 21 Ständen
163 1477 27 26 pä
213 1476 114 21 baksitsen.
358 1477 42 26 Jag
422 1477 32 20 för
475 1476 42 21 min
533 1476 34 21 del
583 1476 41 21 kan
640 1476 46 21 icke
702 1476 113 26 godkänna
829 1474 43 21 för-
