1070 1795
149 123 54 22 1548
363 128 178 21 Borgareståndet
553 129 57 18 1877.
634 129 23 17 31
670 129 98 17 Oktober.

146 197 82 27 ganska
250 197 122 22 sväfvande.
402 197 65 22 Detta
489 199 24 20 är
534 198 72 26 något,
629 204 46 15 som
694 198 37 27 jag
749 197 66 21 redan
829 197 99 22 framhöll
943 196 32 22 uti

147 225 49 22 mitt
210 226 60 21 förra
284 226 105 27 yttrande.
420 226 41 21 Det
475 226 42 21 kan
533 226 67 21 blifva
614 226 82 27 ganska
711 225 60 22 svårt
785 227 33 20 att
827 232 14 15 a
851 226 65 27 priori
927 227 48 20 veta

147 254 53 21 hvar
215 256 32 19 ett
265 254 91 27 verkligt
372 254 171 28 bildningsbehof
556 255 103 21 existerar
674 255 39 22 och
729 254 53 21 hvar
797 254 54 21 icke.
880 255 41 26 Jag
933 255 42 20 kan

147 283 47 21 icke
215 282 68 22 heller
305 283 94 21 bestrida
414 285 38 24 att,
475 289 35 16 om
531 289 49 16 man
603 283 45 22 helt
665 283 73 22 enkelt
752 283 37 21 vill
804 283 84 21 diktera
903 285 31 19 att
949 288 26 16 en

147 311 61 21 skola
230 311 56 21 skall
306 312 91 21 inrättas
419 311 39 22 här
480 312 51 21 eller
547 313 44 23 der,
607 318 49 15 man
672 312 60 27 löper
746 312 47 21 fara
808 313 32 20 att
855 311 79 22 förbise
949 311 26 22 de

147 339 95 28 verkliga
258 339 220 28 bildningsbehofven.
509 341 90 26 Misstag
614 341 6 21 i
637 341 77 21 sådant
724 340 100 21 afseende
834 342 38 19 äro
883 340 92 27 möjliga.

147 369 43 26 Jag
212 368 70 22 skulle
305 369 54 21 dock
382 375 56 20 anse,
454 371 32 20 att
501 369 40 21 den
557 369 140 27 beskyllning,
713 369 56 21 Herr
784 369 97 26 Ignatius
896 375 28 15 nu
939 371 36 24 tog

148 397 32 27 sig
202 397 115 28 anledning
338 400 33 19 att
390 397 39 22 här
443 398 47 21 åter
504 397 118 23 framkasta
637 397 278 28 mot.skolöfverstyrelsen,
929 397 46 22 icke

149 432 37 15 var
201 427 28 26 på
243 426 33 21 sin
292 427 62 26 plats,
370 428 23 25 ty
408 426 47 26 den,
471 433 46 15 som
533 427 74 26 hvarje
621 433 70 15 annan
708 426 130 27 myndighet,
849 426 42 21 kan
903 428 72 20 natur-

148 455 72 27 ligtvis
242 454 55 27 begå
319 455 89 27 misstag
430 455 40 21 och
493 455 24 21 så
539 456 86 27 mycket
640 461 50 17 mer,
706 461 46 16 som
768 455 107 26 åsigterna
891 460 33 15 om
941 454 34 22 det

148 483 96 27 verkliga
266 483 207 27 bildningsbehofvet
495 484 72 21 kunna
590 490 51 15 vara
664 484 58 21 olika
741 483 38 22 hos
796 483 58 22 olika
868 489 106 21 personer.

148 511 50 22 Man
221 511 40 22 har
285 511 99 22 klandrat
400 514 32 19 att
447 519 25 14 en
492 513 76 21 svensk
583 513 62 21 skola
660 513 101 21 inrättats
776 512 7 21 i
798 511 113 27 Uleåborg,
926 517 49 15 man

148 540 39 21 har
202 540 14 21 å
230 540 68 21 andra
312 541 60 21 sidan
389 540 98 23 klandrat
501 543 32 19 att
549 542 40 21 den
605 541 90 22 svenska
710 540 75 22 skolan
801 541 6 20 i
824 540 83 27 Kuopio
919 540 56 27 gjor-

148 569 38 21 des
208 569 32 21 till
263 571 48 19 rent
332 569 61 22 finsk.
423 570 171 27 Anmärkningar
615 570 62 21 hafva
694 569 71 22 blifvit
780 569 67 21 hörda
863 569 57 21 öfver
936 569 39 21 den

149 603 39 16 ena
204 597 39 22 och
259 598 67 21 andra
346 598 102 26 åtgärden
463 598 40 21 och
519 599 36 20 det
570 601 25 18 är
609 598 57 21 klart
681 601 33 18 att
729 604 49 15 man
794 597 6 22 i
816 604 25 15 en
857 598 66 21 sådan
938 597 37 22 sak

148 625 48 22 icke
211 626 43 21 kan
269 626 154 22 tillfredsställa
438 627 42 20 alla
495 627 126 27 fordringar.
652 627 50 21 Men
718 627 28 21 då
761 626 56 21 Herr
828 626 96 27 Ignatius
934 625 42 22 frå-

148 661 44 20 gar,
208 654 56 22 huru
274 657 31 19 ett
321 655 172 26 bildningsbehof
507 656 119 27 egentligen
642 656 56 21 visar
712 656 40 26 sig,
768 655 23 21 så
806 655 37 21 vill
855 655 38 27 jag
907 661 67 20 svara,

149 685 32 19 att
200 683 36 21 det
254 684 6 21 i
276 683 88 22 främsta
380 687 90 18 rummet
485 684 40 21 bör
539 685 44 21 visa
599 685 33 26 sig
646 691 76 20 genom
739 684 141 27 uppkomsten
896 683 22 22 af
932 683 43 27 pri-

148 714 50 19 vata
212 712 105 21 läroverk.
346 713 44 21 Der
411 713 99 21 behofvet
525 713 22 21 af
560 719 25 15 en
602 713 61 21 skola
678 712 111 27 verkligen
804 712 67 21 finnes
886 711 39 22 och
940 711 36 22 det

148 741 47 20 icke
211 742 24 19 är
250 740 57 22 blott
322 747 25 15 en
363 741 32 21 lös
410 741 93 27 opinion,
519 741 38 22 der
572 741 66 22 borde
654 741 34 22 väl
704 741 61 22 detta
780 741 65 21 behof
859 740 117 22 framträda

148 769 40 21 och
210 771 54 24 göra
286 770 32 27 sig
340 770 97 27 gällande
460 770 122 26 derigenom
605 773 32 18 att
656 771 71 26 någon
742 770 71 26 privat
827 769 61 22 skola
903 769 32 22 till
950 775 26 16 en

148 797 76 27 början
246 798 69 21 skulle
330 798 83 27 uppstå.
443 799 42 21 Det
500 801 25 19 är
539 799 76 21 endast
630 799 27 26 på
673 801 65 23 orter,
756 798 37 21 der
807 799 83 26 privata
905 798 71 21 skolor

148 826 65 21 hafva
231 827 103 26 uppstått,
350 833 46 15 som
412 833 49 15 man
477 827 41 21 kan
533 827 114 22 bedömma
662 828 82 27 graden
759 827 23 20 af
795 826 181 27 bildningsbehof-

148 857 45 24 vet;
208 855 132 22 beträffande
356 856 67 21 andra
438 858 58 19 orter
512 856 93 21 riskerar
620 863 55 20 man,
691 862 47 16 som
754 855 61 26 sagdt
831 857 30 24 är,
872 857 33 20 att
915 855 61 22 miss-

149 886 50 24 taga
222 884 33 27 sig
276 891 34 14 om
332 891 48 14 man
403 887 51 19 utan
475 885 73 21 vidare
567 885 95 21 dikterar
676 887 34 19 att
726 891 26 14 en
767 884 61 21 skola
843 885 28 26 på
886 884 36 21 det
936 890 40 15 ena

147 911 54 23 eller
216 912 68 22 andra
300 913 86 27 språket
401 913 37 21 der
454 913 53 22 skall
522 914 98 21 inrättas.

217 970 58 21 Herr
294 969 160 23 Ahlström:
484 971 55 21 Herr
560 971 100 21 Lindelöf
676 971 37 21 vill
734 970 113 21 bedömma
861 969 115 27 bildnings-

148 997 100 23 behofvet
264 999 92 21 derefter
370 999 105 22 huruvida
489 1000 83 26 privata
587 999 73 22 skolor
674 999 86 28 uppstå,
777 1005 47 15 men
835 999 56 21 Herr
901 999 74 21 Linde-

148 1026 31 21 löf
193 1027 40 21 bör
249 1027 34 21 väl
299 1027 64 22 också
379 1028 99 21 betrakta
493 1028 40 21 den
549 1029 66 20 saken
631 1035 26 14 ur
672 1034 72 15 annan
759 1027 113 28 synpunkt.
902 1027 41 21 Det
953 1029 23 20 är

148 1055 69 22 finska
239 1056 72 21 skolor
332 1062 44 15 som
396 1057 76 21 saknas
488 1057 39 21 och
543 1057 40 21 den
599 1057 69 21 finska
684 1057 89 21 talande
789 1056 149 27 befolkningen
953 1057 24 20 är

148 1084 67 21 redan
238 1084 24 21 så
284 1084 108 27 betungad
414 1085 22 22 af
457 1085 110 28 utskylder
585 1087 33 20 att
636 1086 40 21 den
691 1085 49 22 icke
755 1085 41 21 kan
812 1085 68 26 skapa
894 1085 83 26 privata

149 1113 73 21 skolor
237 1113 33 21 till
286 1113 39 22 den
340 1114 53 26 grad
408 1116 33 19 att
457 1121 47 14 man
520 1114 62 21 deraf
595 1113 69 22 skulle
679 1114 74 21 kunna
768 1113 57 22 sluta
839 1113 33 27 sig
887 1113 31 21 till
931 1119 46 21 gra-

149 1141 40 22 den
205 1141 24 22 af
243 1141 62 22 deras
321 1142 176 27 bildningsbehof.
521 1143 74 21 Redan
612 1143 36 21 det
663 1142 93 22 afhäller
767 1142 70 21 denna
847 1141 130 28 befolkning,

147 1172 34 19 att
198 1171 40 20 den
255 1173 36 18 vet
306 1173 32 19 att
352 1171 40 21 den
409 1171 99 27 bidrager
523 1171 32 22 till
571 1171 108 22 allmänna
694 1171 141 24 statskassan,
851 1171 49 20 med
915 1170 62 21 hvars

148 1199 70 21 medel
241 1199 66 22 redan
328 1199 73 22 skolor
421 1199 34 22 för
477 1200 40 21 den
535 1200 91 22 svenska
641 1200 87 21 talande
744 1199 150 26 befolkningen
910 1199 67 21 blifvit

147 1227 118 22 inrättade.
296 1228 57 21 Skall
376 1228 40 21 den
438 1228 69 21 finska
523 1229 151 27 befolkningen
688 1228 127 27 ytterligare
829 1228 46 21 visa
889 1227 49 28 prof
951 1228 27 27 på

148 1256 56 21 huru
227 1257 77 26 mänga
325 1256 83 27 privata
431 1257 72 22 skolor
521 1257 40 22 och
576 1257 56 22 huru
647 1257 79 27 mänga
741 1257 152 21 hundradetals
909 1257 69 21 elever

149 1285 40 49 de
212 1285 43 50 ju
278 1285 67 22 skaffa
368 1285 39 22 och
430 1286 27 21 dä
479 1286 52 21 först
553 1293 46 14 som
620 1285 111 22 nädebröd
750 1285 21 22 få
790 1287 31 20 ett
839 1285 75 27 bidrag
931 1285 46 22 från

164 1319 67 16 ronan

218 1370 58 22 Herr
291 1370 132 23 Masalin:
453 1371 135 22 Beträffande
604 1372 60 21 detta
678 1373 97 20 moment
791 1370 86 23 förenar
889 1370 37 28 jag
936 1371 41 27 mig

149 1400 48 21 med
213 1399 57 22 Herr
285 1399 133 27 Tengström.
437 1401 41 26 Jag
493 1401 37 20 vill
544 1401 47 20 icke
606 1400 117 28 uppehälla
738 1400 91 21 Ständet
837 1399 78 22 vidare.
937 1401 41 26 Jag

148 1428 70 21 skulle
241 1428 65 21 hafva
327 1429 46 21 haft
393 1431 66 24 nägra
474 1429 38 22 ord
527 1433 33 18 att
574 1431 59 25 yttra
648 1429 104 22 särskiidi
766 1428 49 22 med
829 1428 115 28 anledning
957 1428 23 21 af

149 1456 57 22 Herr
228 1457 78 26 Ignatii
326 1457 112 28 vidlyftiga
460 1458 135 25 andragande
618 1464 34 15 om
670 1458 32 21 St.
720 1457 91 22 Michels
825 1457 90 27 lyceum,
931 1463 47 16 men

145 1485 39 27 jag
206 1485 38 22 ber
266 1488 32 19 att
320 1485 21 22 få
362 1492 63 21 spara
440 1486 59 21 detta
514 1486 32 21 till
562 1486 47 22 dess
625 1486 150 21 diskussionen
791 1486 96 21 kommer
902 1487 32 21 att
948 1485 31 22 öf-

149 1515 65 26 vergå
229 1514 33 21 till
278 1514 37 22 det
330 1514 22 22 af
366 1515 57 22 Herr
437 1515 95 22 Höckert
547 1515 121 27 föreslagna
682 1514 211 28 tilläggsmomentet.
