1070 1795
190 123 42 20 976
421 127 179 22 Borgareständet
613 129 53 17 1877.
690 129 12 16 3
716 128 96 17 Oktober.

174 212 4 3 -
191 196 87 27 deltaga
300 197 5 20 i
327 196 232 27 fattigvärdstyrelsens
581 197 161 25 förhandlingar
764 196 39 22 och
827 197 69 20 beslut
918 197 34 20 mä
975 197 45 20 helt

192 225 39 22 och
248 225 67 21 hället
330 225 103 26 upphöra.
463 225 41 27 Jag
519 225 66 27 yrkar
601 225 71 21 derför
686 225 35 27 pä,
737 227 32 19 att
780 225 59 21 detta
849 227 94 19 moment
953 225 66 21 mätte

192 260 25 15 ur
232 253 239 28 författningsförslaget
487 254 56 26 utgä.

262 310 55 21 Herr
332 310 153 27 Ignatius:
517 311 42 20 Det
574 311 106 21 förefaller
696 311 43 26 mig
754 317 45 15 som
812 317 33 14 om
857 311 26 21 de
894 311 125 26 föregäende

192 340 65 20 ärade
273 339 102 24 talarene,
392 339 72 21 hvilka
480 341 88 20 motsatt
584 340 31 25 sig
631 339 121 22 Utskottets
764 338 133 22 betänkande
909 339 38 22 och
957 339 62 22 äfven

193 368 40 21 den
249 368 77 26 nädiga
341 368 158 26 propositionen
515 367 132 22 beträffande
663 368 59 21 detta
739 370 98 23 moment,
853 368 69 21 skulle
932 367 87 22 alldeles

192 396 65 21 hafva
280 396 98 22 förbisett
401 397 96 21 hvarföre
521 397 36 21 det
576 397 149 26 öfverklagade
746 397 128 31 stadgandet
890 396 129 22 tillkommit.

194 425 154 21 Förhållandet
370 428 24 18 är
414 426 104 25 nemligen
534 427 33 19 att
582 426 149 25 kyrkoherden
747 432 6 14 i
769 426 48 20 vårt
832 426 55 22 land,
903 425 46 21 icke
965 426 55 21 blott

193 456 25 19 är
233 460 25 14 en
275 453 84 27 kyrklig
374 454 131 27 myndighet,
522 456 51 18 utan
589 453 62 21 äfven
667 453 39 21 har
722 460 25 15 en
763 453 80 27 ganska
855 455 46 20 stor
912 454 107 26 betydelse

192 483 7 19 i
216 482 169 21 administrativa
408 482 153 32 förhållanden,
577 483 89 20 emedan
683 482 40 21 han
741 482 39 21 har
795 482 165 27 civil-registret
975 489 46 14 om-

194 511 86 20 händer.
311 511 59 20 Hans
394 511 107 26 betydelse
523 511 6 20 i
553 510 59 22 detta
633 511 106 24 afseende,
762 511 87 26 specielt
863 511 34 20 för
911 511 109 26 fattigvär-

194 539 47 24 den,
264 539 41 21 kan
328 539 46 21 icke
396 539 95 22 förbises.
521 540 42 20 Det
579 541 24 19 är
618 540 41 20 han
676 545 45 15 som
737 546 25 14 ur
777 539 139 27 kyrkoboken
931 527 41 32 kan
988 542 32 18 ut-

195 567 51 22 reda
264 567 42 22 alla
325 567 228 28 familjeförhällanden
570 568 39 21 och
625 568 60 21 äfven
702 568 212 26 slägtförhällanden,
931 567 38 22 och
985 568 36 21 det

195 598 24 19 är
242 596 76 24 derför,
340 603 45 14 som
408 597 41 20 han
469 597 39 20 bör
529 603 51 14 vara
598 597 22 20 af
634 599 44 18 stor
694 599 61 24 nytta
770 597 7 20 i
793 596 227 27 fattigvärdskomit&n.

195 625 42 20 Det
252 627 24 18 är
292 627 31 18 ett
338 625 127 26 fullkomligt
481 626 95 26 misstag,
596 627 32 20 att
644 625 41 21 han
701 626 6 20 i
724 625 85 26 Sverige
825 625 68 21 skulle
909 631 48 15 vara
974 626 45 20 ute-

194 653 70 21 sluten
286 653 100 21 derifrän.
417 653 37 22 Uti
472 654 77 26 Kongl.
568 654 152 27 förordningen
739 654 23 21 af
775 655 41 20 den
832 655 12 20 9
860 654 88 21 Januari
966 654 52 21 1871

195 682 93 27 stadgas.

266 710 167 27 »Kyrkoherden
456 711 51 21 eller
527 711 40 21 den
589 711 53 21 hans
664 711 62 21 ställe
748 711 119 21 företräder
887 717 49 20 eger
955 712 38 24 att,
1015 711 5 20 i

195 738 184 27 Ofverläggningar
395 739 38 21 och
450 739 69 21 beslut
535 740 103 26 deltaga".
669 739 111 26 Föröfrigt
796 741 36 20 äro
849 739 64 21 också
923 739 25 20 de
959 745 62 20 para-

196 767 66 26 leller,
284 774 44 14 som
351 768 49 21 herr
422 767 121 28 Chydenius
561 768 108 27 framdrog
685 768 91 21 emellan
792 774 25 15 en
833 768 96 21 luthersk
944 767 77 27 kyrko-

196 796 65 21 herde
282 798 54 19 samt
360 803 25 14 en
407 797 146 26 grekisk-rysk
573 800 58 23 prest
649 797 39 21 och
709 803 25 14 en
754 797 72 26 judisk
842 796 75 21 rabbin
932 796 47 21 icke
994 797 27 26 pä

196 825 31 20 sin
251 825 56 26 plats
331 825 43 25 här,
394 828 22 24 ty
432 825 144 22 förhällandet
591 828 24 18 är
630 826 70 21 säsom
717 826 19 20 vi
754 828 53 22 veta,
823 827 32 18 att
871 825 26 21 de
912 825 109 20 lutherska

196 853 172 27 kyrkoherdarne
392 855 36 20 äro
451 853 68 22 finska
534 854 127 26 tjenstemän
677 854 39 21 och
732 854 63 21 hafva
810 854 69 20 säsom
895 854 78 20 sädane
989 854 31 21 sin

196 882 104 27 rättsliga,
322 881 90 21 officiela
434 882 105 27 ställning.
570 883 31 20 De
623 883 63 20 hafva
708 883 63 20 äfven
791 882 230 26 representationsrätt,

195 910 112 21 hvaremot
330 911 47 20 vårt
400 911 101 21 samhälle
517 911 52 21 eller
585 911 74 21 Staten
675 911 39 21 har
730 911 119 26 egentligen
865 911 108 26 ingenting
989 913 32 18 att

196 938 68 22 skaffa
287 939 45 21 med
353 939 67 21 andra
435 940 88 26 kyrkors
539 940 141 26 presterskap.
711 939 32 22 På
758 940 26 21 de
799 939 52 26 skäl,
867 945 45 15 som
925 939 36 26 jag
977 939 44 21 haft

196 969 51 19 äran
264 967 127 28 framdraga,
408 968 67 21 skulle
489 969 36 26 jag
540 969 53 26 yrka
610 971 31 18 att
656 968 175 27 kyrkoherdarne
847 967 130 22 förklarades
986 967 33 22 be-

196 996 106 26 rättigade
324 999 32 18 att
380 997 83 26 deltaga
485 997 6 20 i
510 997 229 26 fattigvårdstyrelsens
762 997 167 26 förhandlingar;
950 1002 46 15 men
1015 997 6 20 i

196 1024 68 21 likhet
287 1026 46 19 med
358 1025 48 21 herr
428 1025 95 27 Procopé
545 1026 36 20 vill
597 1026 37 26 jag
649 1025 53 26 icke,
718 1028 33 18 att
767 1025 46 21 dem
831 1025 38 20 bör
885 1025 137 23 tillerkännas

196 1055 44 18 rätt
262 1055 32 19 att
314 1054 7 20 i
344 1053 96 22 besluten
462 1054 91 27 deltaga.
584 1054 36 27 Ty,
641 1055 70 20 såsom
728 1055 49 20 herr
792 1054 95 25 Procopé
903 1053 47 21 med
965 1055 58 19 rätta

196 1081 39 21 har
256 1084 73 24 yttrat,
352 1084 24 19 är
399 1083 36 20 det
457 1083 93 26 onödigt,
570 1089 34 14 om
620 1083 148 26 kyrkoherden
785 1083 46 20 icke
846 1081 69 22 blifvit
930 1082 70 21 invald
1015 1083 7 20 i

196 1110 228 27 fattigvårdstyrelsen,
441 1114 31 18 att
488 1111 40 21 han
545 1111 64 21 likväl
626 1112 5 20 i
649 1112 47 20 dess
712 1112 71 20 beslut
799 1111 53 20 skall
869 1111 90 25 deltaga,
974 1117 48 15 men

196 1139 28 20 då
247 1139 40 20 han
310 1140 41 20 kan
374 1139 58 27 gifva
453 1139 117 22 värdefulla
591 1140 153 27 upplysningar
760 1140 22 20 åt
798 1139 224 26 fattigvårdstyrelsen,

196 1167 24 21 så
243 1174 62 15 anser
324 1168 37 26 jag
376 1170 32 19 att
424 1168 35 21 det
475 1168 68 21 skulle
559 1169 62 20 lända
636 1169 66 20 saken
719 1168 32 21 till
767 1169 89 20 fromma
871 1174 34 15 om
922 1167 35 21 det
972 1174 51 15 vore

197 1196 77 21 honom
296 1197 86 25 tillåtet,
405 1199 32 18 att
455 1197 34 20 vid
507 1197 232 26 fattigvärdstyrelsens
755 1196 160 27 förhandlingar
931 1197 90 26 deltaga.

196 1225 40 26 Jag
259 1225 67 21 skulle
348 1225 88 22 sålunda
459 1226 52 26 yrka
531 1226 27 26 på
580 1225 159 22 bibehållandet
754 1225 21 21 af
791 1226 60 20 detta
867 1227 92 19 moment
975 1225 47 22 med

196 1253 134 22 uteslutande
346 1253 22 21 af
382 1254 65 21 orden
464 1254 53 24 ,,och
533 1255 90 20 beslut".

266 1311 54 20 Herr
335 1311 169 26 Lindberg:
535 1311 44 27 Mig
593 1311 143 22 förekommer
753 1311 60 21 detta
828 1313 93 18 moment
936 1317 45 14 som
997 1317 26 15 er

195 1339 125 21 reminisens
343 1339 47 21 från
413 1340 61 32 tider,
497 1339 26 21 då
546 1339 148 27 kyrkoherden
718 1346 38 14 var
779 1341 32 19 ett
833 1339 39 21 allt
887 1339 6 20 i
909 1339 41 21 allo
966 1340 57 20 inom

196 1369 134 24 kommunen,
347 1368 54 21 både
417 1368 6 21 i
439 1368 97 27 kyrkliga
552 1368 38 21 och
607 1368 137 21 kommunala
760 1368 184 27 angelägenheter.
975 1367 48 21 Han

197 1403 36 15 var
253 1396 140 27 sjelfskrifven
417 1397 126 21 ordförande
566 1397 6 20 i
595 1397 220 30 fattigvårdstyrelsen
831 1397 40 20 och
887 1396 35 21 vid
937 1396 87 21 socken-

196 1413 112 43 stämman,
323 1425 37 21 der
376 1425 140 27 fattigvården
531 1426 127 26 reglerades.
689 1427 39 20 Att
745 1425 40 21 han
801 1431 90 15 numera
905 1425 46 20 icke
962 1426 62 25 utgör

196 1455 40 20 den
256 1454 54 21 enda
332 1453 169 22 administrativa
523 1454 156 27 myndigheten,
703 1461 46 14 som
769 1454 68 21 skulle
853 1454 77 21 lemma
946 1453 78 26 nödiga

196 1483 109 26 uppgifter
326 1489 32 14 om
382 1482 227 27 familjeförhållanden
632 1485 24 18 är
675 1484 80 25 säkert,
772 1483 89 20 emedan
877 1482 73 27 hvarje
964 1482 59 21 kom-

196 1511 162 27 munalstyrelse
380 1511 40 22 har
441 1511 88 27 tillgång
552 1511 31 22 till
606 1511 187 27 mantalslängder,
818 1517 45 16 som
886 1511 7 20 i
913 1511 59 21 detta
987 1510 36 22 fall
