1070 1795
168 127 54 20 1438
396 131 179 22 Borgareständet
587 132 54 17 1877.
661 132 26 17 27
700 131 97 18 Oktober.

168 202 72 25 porter
256 200 53 21 eller
322 200 58 27 jästa
395 200 106 27 drycker
497 195 9 36 i
515 200 117 21 allmänhet
642 206 76 21 genom
729 199 182 22 landthandlande
928 200 68 21 skulle

167 229 101 21 befordra
290 228 158 27 oordentlighet
466 229 27 26 pä
511 229 73 21 landet
600 229 39 21 och
655 231 73 19 urarta
744 228 32 21 till
792 228 132 27 krogrörelse
940 229 57 26 ejär

167 257 24 22 sä
213 257 98 27 grundad
334 263 45 16 som
404 263 49 15 man
476 257 38 21 har
534 259 59 20 trott.
624 257 40 22 Lät
683 264 52 15 vara
750 258 32 20 att
797 257 36 21 det
849 257 64 22 ocksä
928 257 67 22 skulle

167 292 51 15 vara
234 286 66 27 nägot
315 286 53 21 ondt
384 285 107 25 deruti,sä
507 286 41 21 blir
562 286 79 26 följden
657 286 77 21 endast
750 285 39 22 den
805 288 32 19 att
852 286 68 21 denna
934 286 61 27 krog-

167 314 81 22 rörelse
264 314 132 27 öfverflyttas
412 314 54 21 ifrän
484 314 182 21 landthandlande
681 315 33 20 till
730 314 135 27 ölbryggare;
882 316 21 25 ty
919 321 34 15 om
969 321 26 15 en

168 343 182 22 landthandlande
371 342 41 22 blir
431 342 111 27 förbjuden
559 345 32 19 att
606 343 86 26 försälja
708 343 20 21 öl
744 343 24 20 af
782 349 81 15 annans
877 343 52 21 eller
944 349 52 21 egen

168 371 143 26 tillverkning,
334 371 24 21 sä
380 373 24 19 är
420 371 36 22 det
471 371 87 22 alldeles
574 371 107 27 sjelffallet
695 374 33 19 att
743 371 28 27 pä
786 373 60 20 orten
862 371 88 27 uppstär
965 375 32 18 ett

168 400 104 28 bryggeri,
296 400 39 22 och
358 399 36 22 det
416 400 41 22 kan
479 407 49 15 man
544 400 18 27 ej
579 400 110 22 förhindra
704 402 33 20 att
754 399 86 28 försälja
855 400 31 22 sin
902 400 94 22 tillverk-

168 429 56 26 ning,
249 429 27 21 då
299 429 83 27 engång
404 429 95 21 tillstånd
517 429 32 21 till
564 429 155 27 anläggningen
735 428 80 28 gifvits.
846 429 62 21 Hvad
923 429 33 21 för
970 436 25 15 en

168 457 56 22 vinst
244 457 63 22 deraf
324 457 70 22 skulle
410 457 76 28 uppstå
501 457 56 21 inser
570 458 37 27 jag
623 458 31 26 ej;
670 464 47 15 men
734 457 33 21 väl
783 463 34 16 ser
830 457 37 28 jag
881 463 27 15 en
924 457 72 28 betyd-

168 486 30 27 lig
213 485 83 27 förlust,
312 488 22 25 ty
353 486 37 21 det
404 488 24 19 är
443 486 24 21 sä
482 486 48 21 med
545 486 73 27 hvarje
633 486 174 21 fabriksindustri
823 488 32 19 att
870 486 7 21 i
889 485 24 27 ju
928 488 69 19 större

169 515 61 20 skala
252 515 41 20 den
317 516 41 19 kan
381 515 105 21 bedrifvas
507 515 48 21 dess
576 515 95 26 billigare
690 515 42 21 blir
747 515 64 21 också
827 514 115 21 fabrikatet
957 515 40 20 och

169 543 37 21 det
228 545 24 19 är
276 543 157 27 otvifvelaktigt
455 545 32 19 att
509 543 36 21 det
568 550 50 15 vore
638 550 26 15 en
684 546 46 19 stor
742 543 186 27 misshushällning
942 543 55 22 att
984 539 15 36 i

170 571 72 22 stället
265 571 33 22 för
317 574 31 19 ett
363 574 69 19 större
447 571 97 28 bryggeri
561 572 81 21 inrätta
657 572 29 21 tio
703 574 12 18 &
731 571 56 22 elfva
802 571 52 22 små.
870 585 27 2 —
912 572 33 21 En
960 578 37 15 an-

169 607 42 15 nan
232 600 47 21 sida
302 601 22 20 af
345 601 65 20 saken
432 602 25 19 är
476 601 39 20 den
531 603 32 18 att
579 601 20 21 vi
614 601 45 20 helt
674 601 86 26 nyligen
776 600 65 21 hafva
855 600 58 26 ålagt
928 601 67 21 landt-

170 629 122 21 handlande
314 631 32 19 att
370 629 129 22 fortfarande
522 629 73 21 betala
616 635 26 16 en
658 630 60 21 skatt
733 629 32 21 till
782 629 81 21 kronan
879 629 22 20 af
914 629 83 22 hundra

169 657 67 22 mark.
266 658 35 21 Nu
316 657 51 28 vilja
382 658 20 21 vi
418 658 45 21 åter
479 660 51 24 göra
545 665 25 14 en
587 658 154 27 inskränkning
756 657 6 21 i
778 658 61 21 deras
853 657 143 27 försäljnings-

170 688 43 20 rätt
235 686 47 21 icke
305 686 32 21 till
360 687 89 20 fromma
472 686 32 21 för
527 687 35 20 det
580 687 108 20 allmänna
703 689 53 18 utan
773 686 32 21 för
820 692 27 15 en
862 692 27 21 ny
904 687 57 20 klass
976 686 23 21 af

171 715 118 26 försäljare.
320 715 89 21 Derföre
432 715 67 21 skulle
519 715 38 27 jag
579 721 51 16 anse
645 717 32 19 att
693 721 25 15 ur
734 715 69 21 denna
818 715 100 26 paragraf
930 714 67 22 borde

170 744 105 21 uteslutas
298 743 36 22 det
354 744 109 27 undantag
484 750 44 15 som
551 745 24 20 är
590 745 71 25 gjordt
684 743 131 22 beträffande
829 743 57 26 jästa
901 743 96 28 drycker,

171 772 39 21 och
227 772 32 21 till
275 771 49 28 följe
340 772 60 21 deraf
414 772 66 21 borde
495 772 62 21 äfven
573 772 36 22 det
624 773 67 21 andra
707 772 40 22 och
765 772 36 21 det
819 771 68 28 fjerde
905 778 92 15 momen-

171 803 29 19 tet
216 801 58 27 utgå.

240 860 56 21 Herr
318 860 155 27 Ignatius:
503 859 68 22 Äfven
592 859 36 28 jag
644 865 62 16 anser
722 858 165 27 formuleringen
902 858 22 21 af
938 858 59 21 detta

171 891 96 20 moment
290 889 81 21 mindre
392 888 82 27 lyckad.
503 889 107 26 Antingen
632 889 68 20 måste
724 887 31 22 öl-
774 887 39 22 och
833 887 163 27 porterhandeln

171 917 45 22 helt
232 917 40 22 och
287 917 66 22 hållet
369 917 101 26 frigifvas,
487 917 50 21 eller
553 917 64 21 också
633 917 39 21 bör
687 917 42 20 den
745 917 114 26 begränsas
869 915 28 27 på
909 915 35 21 det
955 917 43 19 sätt

171 949 33 18 att
219 947 41 20 den
276 946 121 26 verkeligen
418 945 40 22 blir
481 945 124 26 begränsad,
629 945 39 22 och
691 945 47 22 icke
760 945 70 21 såsom
846 944 39 21 här
900 946 23 19 är
938 943 60 22 fallet

171 975 127 21 inskränkas
309 975 75 21 endast
400 973 131 22 beträffande
539 980 81 15 annans
628 973 145 27 tillverkning.
796 973 80 22 Genom
885 975 31 19 ett
922 973 76 20 sådant

172 1003 118 27 stadgande
306 1003 83 27 tvingas
404 1003 7 21 i
427 1003 72 26 sjelfva
516 1003 73 21 verket
607 1003 72 26 hvarje
696 1002 183 21 landthandlande
889 1003 32 19 att
931 1001 67 21 skaffa

171 1032 32 27 sig
226 1032 34 21 del
283 1032 7 21 i
312 1032 65 26 något
396 1031 29 21 öl-
441 1031 50 22 eller
506 1031 179 27 porterbryggeri,
702 1031 41 22 och
759 1031 35 20 det
810 1031 67 20 måste
892 1029 65 22 blifva
972 1036 26 15 en

172 1061 41 20 lätt
233 1060 39 21 sak
288 1062 31 19 att
334 1061 21 20 få
370 1066 26 15 en
412 1060 65 21 sådan
493 1061 40 25 del,
550 1060 27 21 då
593 1060 35 21 det
644 1059 108 27 sjelffallet
767 1059 68 26 ligger
850 1059 6 20 i
872 1065 25 14 en
913 1058 85 27 ölbryg-

171 1095 61 20 gares
252 1089 90 21 intresse
360 1091 34 18 att
409 1089 6 20 i
431 1089 58 21 detta
505 1089 98 21 afseende
617 1095 51 14 vara
683 1088 79 21 honom
779 1087 118 27 behjelplig.
928 1087 71 21 Emel-

171 1118 64 21 lertid
258 1117 63 22 hafva
344 1117 106 26 klagomål
472 1117 104 27 försports
599 1117 60 21 öfver
681 1119 39 22 att,
743 1117 27 26 på
793 1122 81 15 samma
895 1117 43 20 sätt
952 1121 46 16 som

171 1146 60 21 fallet
246 1148 24 19 är
285 1146 48 21 med
354 1145 96 26 bränvin,
466 1146 64 21 också
545 1147 29 20 öl-
590 1146 38 21 och
644 1145 227 27 porterförsäljningen
886 1144 61 27 gifvit
962 1151 37 14 an-

171 1175 87 26 ledning
274 1175 31 21 till
321 1174 112 25 missbruk,
450 1175 39 21 och
505 1175 35 21 det
555 1176 24 19 är
595 1174 83 21 derföre
693 1180 47 15 som
754 1174 37 26 jag
806 1173 32 22 för
853 1173 44 21 min
913 1173 32 21 del
961 1179 38 14 an-

171 1210 35 15 ser
228 1204 37 21 det
288 1210 50 15 vara
360 1203 48 21 skäl
429 1206 32 18 att
476 1203 129 22 öfverlemna
620 1203 120 26 fullkomlig
756 1202 63 21 frihet
834 1202 23 21 åt
872 1202 126 21 kommunen

171 1234 33 20 att
218 1232 119 22 bestämma
352 1231 104 22 huruvida
471 1238 26 15 en
507 1231 181 22 landthandlande
704 1231 34 22 får
754 1230 88 27 försälja
857 1231 28 20 öl.
906 1230 49 21 Med
966 1230 32 21 af-

171 1261 79 21 seende
272 1261 53 21 härå
347 1260 91 21 föreslår
446 1260 38 27 jag
499 1263 32 19 att
545 1261 66 21 orden
627 1260 37 25 ,af
677 1265 83 16 annans
775 1259 147 27 tillverkning"
938 1259 62 21 skola

172 1289 62 26 utgå;
256 1289 40 22 och
318 1289 68 21 skulle
402 1289 37 26 jag
454 1289 82 21 således
551 1289 6 21 i
573 1289 65 27 öfrigt
653 1289 115 26 godkänna
783 1288 60 21 detta
858 1290 99 19 moment.
989 1287 10 22 I

172 1317 26 22 de
220 1318 133 25 kommuner,
374 1318 38 21 der
427 1317 225 28 ölförsäljningsrätten
668 1317 19 26 ej
704 1317 138 25 missbrukas,
858 1316 54 21 skall
927 1316 72 21 säkert

172 1346 73 27 hvarje
271 1346 180 21 landthandlande
475 1346 21 21 få
518 1346 65 21 sådan
605 1348 53 24 rätt;
680 1346 6 20 i
709 1345 27 21 de
759 1345 126 21 kommuner
903 1345 45 21 åter
961 1345 38 20 der

172 1374 70 22 denna
266 1374 102 28 rättighet
390 1374 135 28 missbrukas,
534 1375 37 21 der
587 1374 68 22 skulle
671 1374 130 21 kommunen
817 1373 47 28 sjelf
878 1373 63 22 hafva
956 1375 44 19 rätt

172 1405 33 20 att
220 1403 114 22 inskränka
350 1403 70 22 denna
435 1403 82 21 handel.
549 1404 40 21 Det
605 1405 24 19 är
643 1403 85 22 derföre
736 1403 37 27 jag
784 1403 5 20 i
801 1404 89 20 motsats
901 1401 31 22 till
944 1401 55 22 Herr

171 1432 85 22 Kurtén
278 1432 65 27 yrkar
364 1432 29 27 på
416 1434 32 19 att
468 1432 29 21 öl-
513 1432 39 21 och
568 1431 167 28 porterhandeln
752 1431 18 27 ej
786 1431 101 26 frigifves,
904 1436 46 15 men
966 1431 34 20 att

172 1461 66 21 orden
255 1461 36 25 ,af
304 1467 80 16 annans
400 1460 149 28 tillverkning"
566 1461 67 21 skulle
648 1460 59 27 utgå,
724 1463 24 24 ty
758 1466 76 21 genom
845 1459 59 22 detta
914 1459 85 26 uttryck

172 1489 39 22 har
226 1496 49 15 man
290 1490 7 21 i
312 1489 75 27 sjelfva
402 1489 74 22 verket
491 1489 18 27 ej
526 1490 74 21 vunnit
615 1489 65 27 något
696 1489 24 21 af
734 1489 55 21 hvad
805 1495 48 15 man
869 1487 87 28 åsyftat.
