<?xml version="1.0" encoding="UTF-8"?>
<alto xmlns="http://www.loc.gov/standards/alto/ns-v3#" xmlns:xlink="http://www.w3.org/1999/xlink" xmlns:xsi="http://www.w3.org/2001/XMLSchema-instance" xsi:schemaLocation="http://www.loc.gov/standards/alto/ns-v3# http://www.loc.gov/alto/v3/alto-3-0.xsd">
	<Description>
		<MeasurementUnit>pixel</MeasurementUnit>
		<sourceImageInformation>
			<fileName>/tmp/tess_mp7ufmq2_input.PNG</fileName>
		</sourceImageInformation>
		<OCRProcessing ID="OCR_0">
			<ocrProcessingStep>
				<processingSoftware>
					<softwareName>tesseract 5.3.4</softwareName>
				</processingSoftware>
			</ocrProcessingStep>
		</OCRProcessing>
	</Description>
	<Layout>
		<Page WIDTH="1070" HEIGHT="1795" PHYSICAL_IMG_NR="0" ID="page_0">
			<PrintSpace HPOS="0" VPOS="0" WIDTH="1070" HEIGHT="1795">
				<ComposedBlock ID="cblock_0" HPOS="257" VPOS="121" WIDTH="613" HEIGHT="26">
					<TextBlock ID="block_0" HPOS="257" VPOS="121" WIDTH="613" HEIGHT="26">
						<TextLine ID="line_0" HPOS="257" VPOS="121" WIDTH="613" HEIGHT="26">
							<String ID="string_0" HPOS="257" VPOS="125" WIDTH="179" HEIGHT="22" WC="0.90" CONTENT="Borgareständet"/><SP WIDTH="12" VPOS="125" HPOS="436"/>
							<String ID="string_1" HPOS="448" VPOS="126" WIDTH="57" HEIGHT="17" WC="0.93" CONTENT="1877."/><SP WIDTH="25" VPOS="126" HPOS="505"/>
							<String ID="string_2" HPOS="530" VPOS="126" WIDTH="20" HEIGHT="16" WC="0.96" CONTENT="11"/><SP WIDTH="13" VPOS="126" HPOS="550"/>
							<String ID="string_3" HPOS="563" VPOS="125" WIDTH="98" HEIGHT="18" WC="0.96" CONTENT="Oktober."/><SP WIDTH="155" VPOS="125" HPOS="661"/>
							<String ID="string_4" HPOS="816" VPOS="121" WIDTH="54" HEIGHT="22" WC="0.96" CONTENT="1083"/>
						</TextLine>
					</TextBlock>
				</ComposedBlock>
				<GraphicalElement ID="cblock_1" HPOS="44" VPOS="154" WIDTH="827" HEIGHT="4"></GraphicalElement >
				<ComposedBlock ID="cblock_2" HPOS="44" VPOS="193" WIDTH="828" HEIGHT="114">
					<TextBlock ID="block_1" HPOS="44" VPOS="193" WIDTH="828" HEIGHT="114">
						<TextLine ID="line_1" HPOS="114" VPOS="193" WIDTH="758" HEIGHT="28">
							<String ID="string_5" HPOS="114" VPOS="193" WIDTH="100" HEIGHT="22" WC="0.96" CONTENT="Härefter"/><SP WIDTH="17" VPOS="193" HPOS="214"/>
							<String ID="string_6" HPOS="231" VPOS="195" WIDTH="108" HEIGHT="26" WC="0.93" CONTENT="föredrogs"/><SP WIDTH="16" VPOS="195" HPOS="339"/>
							<String ID="string_7" HPOS="355" VPOS="194" WIDTH="164" HEIGHT="27" WC="0.90" CONTENT="Lagutskottets"/><SP WIDTH="16" VPOS="194" HPOS="519"/>
							<String ID="string_8" HPOS="535" VPOS="194" WIDTH="31" HEIGHT="21" WC="0.96" CONTENT="till"/><SP WIDTH="16" VPOS="194" HPOS="566"/>
							<String ID="string_9" HPOS="582" VPOS="194" WIDTH="6" HEIGHT="21" WC="0.96" CONTENT="i"/><SP WIDTH="17" VPOS="194" HPOS="588"/>
							<String ID="string_10" HPOS="605" VPOS="194" WIDTH="41" HEIGHT="27" WC="0.93" CONTENT="dag"/><SP WIDTH="15" VPOS="194" HPOS="646"/>
							<String ID="string_11" HPOS="661" VPOS="194" WIDTH="118" HEIGHT="27" WC="0.92" CONTENT="bordlagda"/><SP WIDTH="15" VPOS="194" HPOS="779"/>
							<String ID="string_12" HPOS="794" VPOS="194" WIDTH="78" HEIGHT="27" WC="0.96" CONTENT="förslag"/>
						</TextLine>
						<TextLine ID="line_2" HPOS="44" VPOS="222" WIDTH="828" HEIGHT="28">
							<String ID="string_13" HPOS="44" VPOS="222" WIDTH="33" HEIGHT="21" WC="0.90" CONTENT="till"/><SP WIDTH="20" VPOS="222" HPOS="77"/>
							<String ID="string_14" HPOS="97" VPOS="223" WIDTH="203" HEIGHT="26" WC="0.90" CONTENT="sammanjemkning"/><SP WIDTH="20" VPOS="223" HPOS="300"/>
							<String ID="string_15" HPOS="320" VPOS="223" WIDTH="24" HEIGHT="20" WC="0.93" CONTENT="af"/><SP WIDTH="14" VPOS="223" HPOS="344"/>
							<String ID="string_16" HPOS="358" VPOS="223" WIDTH="104" HEIGHT="21" WC="0.92" CONTENT="Ståndens"/><SP WIDTH="16" VPOS="223" HPOS="462"/>
							<String ID="string_17" HPOS="478" VPOS="223" WIDTH="88" HEIGHT="21" WC="0.95" CONTENT="beslut"/><SP WIDTH="-4" VPOS="223" HPOS="566"/>
							<String ID="string_18" HPOS="562" VPOS="218" WIDTH="12" HEIGHT="36" WC="0.96" CONTENT="i"/><SP WIDTH="9" VPOS="218" HPOS="574"/>
							<String ID="string_19" HPOS="583" VPOS="222" WIDTH="113" HEIGHT="27" WC="0.96" CONTENT="anledning"/><SP WIDTH="16" VPOS="222" HPOS="696"/>
							<String ID="string_20" HPOS="712" VPOS="223" WIDTH="21" HEIGHT="21" WC="0.96" CONTENT="af"/><SP WIDTH="17" VPOS="223" HPOS="733"/>
							<String ID="string_21" HPOS="750" VPOS="223" WIDTH="56" HEIGHT="21" WC="0.93" CONTENT="Hans"/><SP WIDTH="16" VPOS="223" HPOS="806"/>
							<String ID="string_22" HPOS="822" VPOS="223" WIDTH="50" HEIGHT="27" WC="0.91" CONTENT="Kej-"/>
						</TextLine>
						<TextLine ID="line_3" HPOS="45" VPOS="251" WIDTH="826" HEIGHT="27">
							<String ID="string_23" HPOS="45" VPOS="251" WIDTH="77" HEIGHT="27" WC="0.91" CONTENT="serliga"/><SP WIDTH="23" VPOS="251" HPOS="122"/>
							<String ID="string_24" HPOS="145" VPOS="251" WIDTH="111" HEIGHT="26" WC="0.93" CONTENT="Majestäts"/><SP WIDTH="23" VPOS="251" HPOS="256"/>
							<String ID="string_25" HPOS="279" VPOS="251" WIDTH="77" HEIGHT="27" WC="0.91" CONTENT="nädiga"/><SP WIDTH="21" VPOS="251" HPOS="356"/>
							<String ID="string_26" HPOS="377" VPOS="251" WIDTH="133" HEIGHT="27" WC="0.96" CONTENT="proposition"/><SP WIDTH="16" VPOS="251" HPOS="510"/>
							<String ID="string_27" HPOS="526" VPOS="251" WIDTH="110" HEIGHT="26" WC="0.95" CONTENT="angående"/><SP WIDTH="16" VPOS="251" HPOS="636"/>
							<String ID="string_28" HPOS="652" VPOS="251" WIDTH="125" HEIGHT="27" WC="0.96" CONTENT="utvidgning"/><SP WIDTH="15" VPOS="251" HPOS="777"/>
							<String ID="string_29" HPOS="792" VPOS="251" WIDTH="22" HEIGHT="21" WC="0.93" CONTENT="af"/><SP WIDTH="14" VPOS="251" HPOS="814"/>
							<String ID="string_30" HPOS="828" VPOS="251" WIDTH="43" HEIGHT="22" WC="0.91" CONTENT="val-"/>
						</TextLine>
						<TextLine ID="line_4" HPOS="45" VPOS="279" WIDTH="673" HEIGHT="28">
							<String ID="string_31" HPOS="45" VPOS="281" WIDTH="44" HEIGHT="20" WC="0.96" CONTENT="rätt"/><SP WIDTH="16" VPOS="281" HPOS="89"/>
							<String ID="string_32" HPOS="105" VPOS="279" WIDTH="38" HEIGHT="22" WC="0.96" CONTENT="och"/><SP WIDTH="17" VPOS="279" HPOS="143"/>
							<String ID="string_33" HPOS="160" VPOS="280" WIDTH="110" HEIGHT="21" WC="0.95" CONTENT="valbarhet"/><SP WIDTH="15" VPOS="280" HPOS="270"/>
							<String ID="string_34" HPOS="285" VPOS="280" WIDTH="31" HEIGHT="21" WC="0.93" CONTENT="till"/><SP WIDTH="16" VPOS="280" HPOS="316"/>
							<String ID="string_35" HPOS="332" VPOS="280" WIDTH="163" HEIGHT="27" WC="0.88" CONTENT="landtdagsman"/><SP WIDTH="16" VPOS="280" HPOS="495"/>
							<String ID="string_36" HPOS="511" VPOS="280" WIDTH="6" HEIGHT="21" WC="0.93" CONTENT="i"/><SP WIDTH="16" VPOS="280" HPOS="517"/>
							<String ID="string_37" HPOS="533" VPOS="279" WIDTH="185" HEIGHT="27" WC="0.91" CONTENT="Borgareståndet."/>
						</TextLine>
					</TextBlock>
				</ComposedBlock>
				<ComposedBlock ID="cblock_3" HPOS="114" VPOS="336" WIDTH="459" HEIGHT="27">
					<TextBlock ID="block_2" HPOS="114" VPOS="336" WIDTH="459" HEIGHT="27">
						<TextLine ID="line_5" HPOS="114" VPOS="336" WIDTH="459" HEIGHT="27">
							<String ID="string_38" HPOS="114" VPOS="336" WIDTH="10" HEIGHT="21" WC="0.96" CONTENT="I"/><SP WIDTH="15" VPOS="336" HPOS="124"/>
							<String ID="string_39" HPOS="139" VPOS="336" WIDTH="73" HEIGHT="27" WC="0.96" CONTENT="frågan"/><SP WIDTH="16" VPOS="336" HPOS="212"/>
							<String ID="string_40" HPOS="228" VPOS="336" WIDTH="90" HEIGHT="27" WC="0.96" CONTENT="uppstod"/><SP WIDTH="15" VPOS="336" HPOS="318"/>
							<String ID="string_41" HPOS="333" VPOS="336" WIDTH="93" HEIGHT="27" WC="0.96" CONTENT="följande"/><SP WIDTH="17" VPOS="336" HPOS="426"/>
							<String ID="string_42" HPOS="443" VPOS="337" WIDTH="130" HEIGHT="20" WC="0.96" CONTENT="diskussion:"/>
						</TextLine>
					</TextBlock>
				</ComposedBlock>
				<ComposedBlock ID="cblock_4" HPOS="42" VPOS="393" WIDTH="829" HEIGHT="1144">
					<TextBlock ID="block_3" HPOS="42" VPOS="393" WIDTH="829" HEIGHT="1144">
						<TextLine ID="line_6" HPOS="113" VPOS="393" WIDTH="757" HEIGHT="28">
							<String ID="string_43" HPOS="113" VPOS="393" WIDTH="56" HEIGHT="21" WC="0.93" CONTENT="Herr"/><SP WIDTH="23" VPOS="393" HPOS="169"/>
							<String ID="string_44" HPOS="192" VPOS="394" WIDTH="24" HEIGHT="20" WC="0.90" CONTENT="E."/><SP WIDTH="23" VPOS="394" HPOS="216"/>
							<String ID="string_45" HPOS="239" VPOS="393" WIDTH="101" HEIGHT="27" WC="0.96" CONTENT="Bergh:"/><SP WIDTH="31" VPOS="393" HPOS="340"/>
							<String ID="string_46" HPOS="371" VPOS="393" WIDTH="43" HEIGHT="21" WC="0.96" CONTENT="För"/><SP WIDTH="22" VPOS="393" HPOS="414"/>
							<String ID="string_47" HPOS="436" VPOS="393" WIDTH="44" HEIGHT="22" WC="0.96" CONTENT="min"/><SP WIDTH="23" VPOS="393" HPOS="480"/>
							<String ID="string_48" HPOS="503" VPOS="393" WIDTH="34" HEIGHT="21" WC="0.94" CONTENT="del"/><SP WIDTH="20" VPOS="393" HPOS="537"/>
							<String ID="string_49" HPOS="557" VPOS="393" WIDTH="42" HEIGHT="21" WC="0.96" CONTENT="kan"/><SP WIDTH="14" VPOS="393" HPOS="599"/>
							<String ID="string_50" HPOS="613" VPOS="393" WIDTH="37" HEIGHT="27" WC="0.95" CONTENT="jag"/><SP WIDTH="16" VPOS="393" HPOS="650"/>
							<String ID="string_51" HPOS="666" VPOS="393" WIDTH="46" HEIGHT="21" WC="0.97" CONTENT="icke"/><SP WIDTH="15" VPOS="393" HPOS="712"/>
							<String ID="string_52" HPOS="727" VPOS="393" WIDTH="51" HEIGHT="27" WC="0.93" CONTENT="gilla"/><SP WIDTH="15" VPOS="393" HPOS="778"/>
							<String ID="string_53" HPOS="793" VPOS="393" WIDTH="77" HEIGHT="28" WC="0.92" CONTENT="ifråga-"/>
						</TextLine>
						<TextLine ID="line_7" HPOS="45" VPOS="422" WIDTH="826" HEIGHT="28">
							<String ID="string_54" HPOS="45" VPOS="422" WIDTH="94" HEIGHT="21" WC="0.93" CONTENT="varande"/><SP WIDTH="23" VPOS="422" HPOS="139"/>
							<String ID="string_55" HPOS="162" VPOS="422" WIDTH="300" HEIGHT="28" WC="0.91" CONTENT="sammanjemkningsförslag."/><SP WIDTH="30" VPOS="422" HPOS="462"/>
							<String ID="string_56" HPOS="492" VPOS="422" WIDTH="39" HEIGHT="21" WC="0.95" CONTENT="Om"/><SP WIDTH="22" VPOS="422" HPOS="531"/>
							<String ID="string_57" HPOS="553" VPOS="422" WIDTH="65" HEIGHT="26" WC="0.95" CONTENT="något"/><SP WIDTH="14" VPOS="422" HPOS="618"/>
							<String ID="string_58" HPOS="632" VPOS="422" WIDTH="24" HEIGHT="21" WC="0.96" CONTENT="af"/><SP WIDTH="14" VPOS="422" HPOS="656"/>
							<String ID="string_59" HPOS="670" VPOS="422" WIDTH="84" HEIGHT="22" WC="0.93" CONTENT="landets"/><SP WIDTH="15" VPOS="422" HPOS="754"/>
							<String ID="string_60" HPOS="769" VPOS="422" WIDTH="102" HEIGHT="22" WC="0.91" CONTENT="Ständers"/>
						</TextLine>
						<TextLine ID="line_8" HPOS="45" VPOS="450" WIDTH="826" HEIGHT="27">
							<String ID="string_61" HPOS="45" VPOS="450" WIDTH="90" HEIGHT="21" WC="0.96" CONTENT="Utskott"/><SP WIDTH="22" VPOS="450" HPOS="135"/>
							<String ID="string_62" HPOS="157" VPOS="450" WIDTH="66" HEIGHT="21" WC="0.96" CONTENT="borde"/><SP WIDTH="22" VPOS="450" HPOS="223"/>
							<String ID="string_63" HPOS="245" VPOS="451" WIDTH="81" HEIGHT="26" WC="0.96" CONTENT="grunda"/><SP WIDTH="22" VPOS="451" HPOS="326"/>
							<String ID="string_64" HPOS="348" VPOS="451" WIDTH="38" HEIGHT="20" WC="0.96" CONTENT="sitt"/><SP WIDTH="22" VPOS="451" HPOS="386"/>
							<String ID="string_65" HPOS="408" VPOS="450" WIDTH="79" HEIGHT="27" WC="0.96" CONTENT="förslag"/><SP WIDTH="15" VPOS="450" HPOS="487"/>
							<String ID="string_66" HPOS="502" VPOS="451" WIDTH="28" HEIGHT="26" WC="0.96" CONTENT="på"/><SP WIDTH="15" VPOS="451" HPOS="530"/>
							<String ID="string_67" HPOS="545" VPOS="451" WIDTH="41" HEIGHT="26" WC="0.96" CONTENT="lag,"/><SP WIDTH="17" VPOS="451" HPOS="586"/>
							<String ID="string_68" HPOS="603" VPOS="451" WIDTH="23" HEIGHT="20" WC="0.96" CONTENT="så"/><SP WIDTH="15" VPOS="451" HPOS="626"/>
							<String ID="string_69" HPOS="641" VPOS="457" WIDTH="62" HEIGHT="20" WC="0.96" CONTENT="synes"/><SP WIDTH="15" VPOS="457" HPOS="703"/>
							<String ID="string_70" HPOS="718" VPOS="451" WIDTH="37" HEIGHT="20" WC="0.96" CONTENT="det"/><SP WIDTH="15" VPOS="451" HPOS="755"/>
							<String ID="string_71" HPOS="770" VPOS="451" WIDTH="33" HEIGHT="21" WC="0.96" CONTENT="väl"/><SP WIDTH="16" VPOS="451" HPOS="803"/>
							<String ID="string_72" HPOS="819" VPOS="451" WIDTH="52" HEIGHT="21" WC="0.96" CONTENT="böra"/>
						</TextLine>
						<TextLine ID="line_9" HPOS="45" VPOS="479" WIDTH="826" HEIGHT="27">
							<String ID="string_73" HPOS="45" VPOS="485" WIDTH="52" HEIGHT="15" WC="0.93" CONTENT="vara"/><SP WIDTH="22" VPOS="485" HPOS="97"/>
							<String ID="string_74" HPOS="119" VPOS="479" WIDTH="155" HEIGHT="27" WC="0.90" CONTENT="Lagutskottet."/><SP WIDTH="31" VPOS="479" HPOS="274"/>
							<String ID="string_75" HPOS="305" VPOS="479" WIDTH="164" HEIGHT="27" WC="0.91" CONTENT="Ifrågavarande"/><SP WIDTH="16" VPOS="479" HPOS="469"/>
							<String ID="string_76" HPOS="485" VPOS="479" WIDTH="115" HEIGHT="27" WC="0.96" CONTENT="lagförslag"/><SP WIDTH="15" VPOS="479" HPOS="600"/>
							<String ID="string_77" HPOS="615" VPOS="481" WIDTH="24" HEIGHT="19" WC="0.97" CONTENT="är"/><SP WIDTH="15" VPOS="481" HPOS="639"/>
							<String ID="string_78" HPOS="654" VPOS="485" WIDTH="26" HEIGHT="15" WC="0.93" CONTENT="en"/><SP WIDTH="16" VPOS="485" HPOS="680"/>
							<String ID="string_79" HPOS="696" VPOS="480" WIDTH="175" HEIGHT="26" WC="0.91" CONTENT="grundlagsfräga"/>
						</TextLine>
						<TextLine ID="line_10" HPOS="45" VPOS="507" WIDTH="825" HEIGHT="28">
							<String ID="string_80" HPOS="45" VPOS="507" WIDTH="41" HEIGHT="22" WC="0.96" CONTENT="och"/><SP WIDTH="23" VPOS="507" HPOS="86"/>
							<String ID="string_81" HPOS="109" VPOS="508" WIDTH="33" HEIGHT="21" WC="0.96" CONTENT="vid"/><SP WIDTH="24" VPOS="508" HPOS="142"/>
							<String ID="string_82" HPOS="166" VPOS="515" WIDTH="24" HEIGHT="14" WC="0.90" CONTENT="en"/><SP WIDTH="24" VPOS="515" HPOS="190"/>
							<String ID="string_83" HPOS="214" VPOS="508" WIDTH="65" HEIGHT="21" WC="0.96" CONTENT="sådan"/><SP WIDTH="24" VPOS="508" HPOS="279"/>
							<String ID="string_84" HPOS="303" VPOS="508" WIDTH="37" HEIGHT="21" WC="0.96" CONTENT="bör"/><SP WIDTH="23" VPOS="508" HPOS="340"/>
							<String ID="string_85" HPOS="363" VPOS="508" WIDTH="34" HEIGHT="21" WC="0.96" CONTENT="väl"/><SP WIDTH="23" VPOS="508" HPOS="397"/>
							<String ID="string_86" HPOS="420" VPOS="515" WIDTH="33" HEIGHT="14" WC="0.92" CONTENT="om"/><SP WIDTH="23" VPOS="515" HPOS="453"/>
							<String ID="string_87" HPOS="476" VPOS="508" WIDTH="102" HEIGHT="27" WC="0.96" CONTENT="någonsin"/><SP WIDTH="16" VPOS="508" HPOS="578"/>
							<String ID="string_88" HPOS="594" VPOS="507" WIDTH="98" HEIGHT="28" WC="0.96" CONTENT="gällande"/><SP WIDTH="17" VPOS="507" HPOS="692"/>
							<String ID="string_89" HPOS="709" VPOS="508" WIDTH="33" HEIGHT="26" WC="0.93" CONTENT="lag"/><SP WIDTH="16" VPOS="508" HPOS="742"/>
							<String ID="string_90" HPOS="758" VPOS="508" WIDTH="112" HEIGHT="27" WC="0.96" CONTENT="iakttagas."/>
						</TextLine>
						<TextLine ID="line_11" HPOS="44" VPOS="536" WIDTH="827" HEIGHT="27">
							<String ID="string_91" HPOS="44" VPOS="536" WIDTH="152" HEIGHT="27" WC="0.92" CONTENT="Lagutskottet"/><SP WIDTH="22" VPOS="536" HPOS="196"/>
							<String ID="string_92" HPOS="218" VPOS="537" WIDTH="39" HEIGHT="20" WC="0.96" CONTENT="har"/><SP WIDTH="21" VPOS="537" HPOS="257"/>
							<String ID="string_93" HPOS="278" VPOS="537" WIDTH="53" HEIGHT="21" WC="0.96" CONTENT="dock"/><SP WIDTH="15" VPOS="537" HPOS="331"/>
							<String ID="string_94" HPOS="346" VPOS="537" WIDTH="6" HEIGHT="20" WC="0.93" CONTENT="i"/><SP WIDTH="16" VPOS="537" HPOS="352"/>
							<String ID="string_95" HPOS="368" VPOS="536" WIDTH="73" HEIGHT="21" WC="0.93" CONTENT="stället"/><SP WIDTH="16" VPOS="536" HPOS="441"/>
							<String ID="string_96" HPOS="457" VPOS="537" WIDTH="33" HEIGHT="20" WC="0.96" CONTENT="för"/><SP WIDTH="17" VPOS="537" HPOS="490"/>
							<String ID="string_97" HPOS="507" VPOS="538" WIDTH="31" HEIGHT="19" WC="0.93" CONTENT="att"/><SP WIDTH="15" VPOS="538" HPOS="538"/>
							<String ID="string_98" HPOS="553" VPOS="536" WIDTH="52" HEIGHT="27" WC="0.92" CONTENT="följa"/><SP WIDTH="16" VPOS="536" HPOS="605"/>
							<String ID="string_99" HPOS="621" VPOS="537" WIDTH="39" HEIGHT="20" WC="0.93" CONTENT="den"/><SP WIDTH="17" VPOS="537" HPOS="660"/>
							<String ID="string_100" HPOS="677" VPOS="537" WIDTH="146" HEIGHT="26" WC="0.93" CONTENT="grundsatsen,"/><SP WIDTH="15" VPOS="537" HPOS="823"/>
							<String ID="string_101" HPOS="838" VPOS="539" WIDTH="33" HEIGHT="19" WC="0.96" CONTENT="att"/>
						</TextLine>
						<TextLine ID="line_12" HPOS="45" VPOS="565" WIDTH="826" HEIGHT="27">
							<String ID="string_102" HPOS="45" VPOS="566" WIDTH="39" HEIGHT="20" WC="0.88" CONTENT="när"/><SP WIDTH="23" VPOS="566" HPOS="84"/>
							<String ID="string_103" HPOS="107" VPOS="565" WIDTH="93" HEIGHT="22" WC="0.88" CONTENT="Ständen"/><SP WIDTH="23" VPOS="565" HPOS="200"/>
							<String ID="string_104" HPOS="223" VPOS="566" WIDTH="47" HEIGHT="20" WC="0.91" CONTENT="icke"/><SP WIDTH="22" VPOS="566" HPOS="270"/>
							<String ID="string_105" HPOS="292" VPOS="565" WIDTH="70" HEIGHT="21" WC="0.96" CONTENT="kunna"/><SP WIDTH="24" VPOS="565" HPOS="362"/>
							<String ID="string_106" HPOS="386" VPOS="565" WIDTH="85" HEIGHT="21" WC="0.95" CONTENT="komma"/><SP WIDTH="20" VPOS="565" HPOS="471"/>
							<String ID="string_107" HPOS="491" VPOS="565" WIDTH="32" HEIGHT="21" WC="0.95" CONTENT="till"/><SP WIDTH="17" VPOS="565" HPOS="523"/>
							<String ID="string_108" HPOS="540" VPOS="567" WIDTH="31" HEIGHT="19" WC="0.96" CONTENT="ett"/><SP WIDTH="15" VPOS="567" HPOS="571"/>
							<String ID="string_109" HPOS="586" VPOS="567" WIDTH="132" HEIGHT="25" WC="0.96" CONTENT="gemensamt"/><SP WIDTH="16" VPOS="567" HPOS="718"/>
							<String ID="string_110" HPOS="734" VPOS="565" WIDTH="69" HEIGHT="21" WC="0.95" CONTENT="beslut"/><SP WIDTH="14" VPOS="565" HPOS="803"/>
							<String ID="string_111" HPOS="817" VPOS="566" WIDTH="6" HEIGHT="20" WC="0.95" CONTENT="i"/><SP WIDTH="16" VPOS="566" HPOS="823"/>
							<String ID="string_112" HPOS="839" VPOS="568" WIDTH="32" HEIGHT="19" WC="0.96" CONTENT="ett"/>
						</TextLine>
						<TextLine ID="line_13" HPOS="44" VPOS="593" WIDTH="827" HEIGHT="28">
							<String ID="string_113" HPOS="44" VPOS="594" WIDTH="201" HEIGHT="27" WC="0.29" CONTENT="grundlagsärende,"/><SP WIDTH="24" VPOS="594" HPOS="245"/>
							<String ID="string_114" HPOS="269" VPOS="593" WIDTH="73" HEIGHT="27" WC="0.96" CONTENT="frågan"/><SP WIDTH="23" VPOS="593" HPOS="342"/>
							<String ID="string_115" HPOS="365" VPOS="594" WIDTH="39" HEIGHT="20" WC="0.93" CONTENT="bör"/><SP WIDTH="15" VPOS="594" HPOS="404"/>
							<String ID="string_116" HPOS="419" VPOS="593" WIDTH="66" HEIGHT="22" WC="0.96" CONTENT="blifva"/><SP WIDTH="15" VPOS="593" HPOS="485"/>
							<String ID="string_117" HPOS="500" VPOS="594" WIDTH="34" HEIGHT="21" WC="0.96" CONTENT="vid"/><SP WIDTH="17" VPOS="594" HPOS="534"/>
							<String ID="string_118" HPOS="551" VPOS="594" WIDTH="36" HEIGHT="21" WC="0.96" CONTENT="det"/><SP WIDTH="15" VPOS="594" HPOS="587"/>
							<String ID="string_119" HPOS="602" VPOS="593" WIDTH="76" HEIGHT="27" WC="0.96" CONTENT="gamla,"/><SP WIDTH="17" VPOS="593" HPOS="678"/>
							<String ID="string_120" HPOS="695" VPOS="594" WIDTH="5" HEIGHT="20" WC="0.96" CONTENT="i"/><SP WIDTH="18" VPOS="594" HPOS="700"/>
							<String ID="string_121" HPOS="718" VPOS="594" WIDTH="26" HEIGHT="20" WC="0.96" CONTENT="de"/><SP WIDTH="16" VPOS="594" HPOS="744"/>
							<String ID="string_122" HPOS="760" VPOS="594" WIDTH="58" HEIGHT="20" WC="0.96" CONTENT="delar"/><SP WIDTH="15" VPOS="594" HPOS="818"/>
							<String ID="string_123" HPOS="833" VPOS="595" WIDTH="38" HEIGHT="20" WC="0.96" CONTENT="der"/>
						</TextLine>
						<TextLine ID="line_14" HPOS="45" VPOS="622" WIDTH="824" HEIGHT="27">
							<String ID="string_124" HPOS="45" VPOS="623" WIDTH="65" HEIGHT="26" WC="0.96" CONTENT="nödig"/><SP WIDTH="21" VPOS="623" HPOS="110"/>
							<String ID="string_125" HPOS="131" VPOS="622" WIDTH="182" HEIGHT="27" WC="0.96" CONTENT="samstämmighet"/><SP WIDTH="14" VPOS="622" HPOS="313"/>
							<String ID="string_126" HPOS="327" VPOS="622" WIDTH="46" HEIGHT="21" WC="0.96" CONTENT="icke"/><SP WIDTH="16" VPOS="622" HPOS="373"/>
							<String ID="string_127" HPOS="389" VPOS="622" WIDTH="82" HEIGHT="21" WC="0.93" CONTENT="kunnat"/><SP WIDTH="15" VPOS="622" HPOS="471"/>
							<String ID="string_128" HPOS="486" VPOS="623" WIDTH="79" HEIGHT="25" WC="0.96" CONTENT="vinnas,"/><SP WIDTH="17" VPOS="623" HPOS="565"/>
							<String ID="string_129" HPOS="582" VPOS="623" WIDTH="6" HEIGHT="20" WC="0.96" CONTENT="i"/><SP WIDTH="17" VPOS="623" HPOS="588"/>
							<String ID="string_130" HPOS="605" VPOS="622" WIDTH="47" HEIGHT="21" WC="0.93" CONTENT="dess"/><SP WIDTH="16" VPOS="622" HPOS="652"/>
							<String ID="string_131" HPOS="668" VPOS="622" WIDTH="68" HEIGHT="25" WC="0.95" CONTENT="ställe,"/><SP WIDTH="17" VPOS="622" HPOS="736"/>
							<String ID="string_132" HPOS="753" VPOS="624" WIDTH="60" HEIGHT="25" WC="0.97" CONTENT="säger"/><SP WIDTH="14" VPOS="624" HPOS="813"/>
							<String ID="string_133" HPOS="827" VPOS="622" WIDTH="42" HEIGHT="27" WC="0.96" CONTENT="jag,"/>
						</TextLine>
						<TextLine ID="line_15" HPOS="45" VPOS="650" WIDTH="825" HEIGHT="27">
							<String ID="string_134" HPOS="45" VPOS="650" WIDTH="39" HEIGHT="22" WC="0.90" CONTENT="har"/><SP WIDTH="22" VPOS="650" HPOS="84"/>
							<String ID="string_135" HPOS="106" VPOS="651" WIDTH="157" HEIGHT="26" WC="0.90" CONTENT="Lagutskottet,"/><SP WIDTH="23" VPOS="651" HPOS="263"/>
							<String ID="string_136" HPOS="286" VPOS="652" WIDTH="23" HEIGHT="20" WC="0.96" CONTENT="sä"/><SP WIDTH="21" VPOS="652" HPOS="309"/>
							<String ID="string_137" HPOS="330" VPOS="653" WIDTH="34" HEIGHT="19" WC="0.93" CONTENT="att"/><SP WIDTH="18" VPOS="653" HPOS="364"/>
							<String ID="string_138" HPOS="382" VPOS="653" WIDTH="56" HEIGHT="24" WC="0.93" CONTENT="säga,"/><SP WIDTH="18" VPOS="653" HPOS="438"/>
							<String ID="string_139" HPOS="456" VPOS="651" WIDTH="71" HEIGHT="21" WC="0.88" CONTENT="drifvit"/><SP WIDTH="16" VPOS="651" HPOS="527"/>
							<String ID="string_140" HPOS="543" VPOS="657" WIDTH="24" HEIGHT="14" WC="0.93" CONTENT="en"/><SP WIDTH="17" VPOS="657" HPOS="567"/>
							<String ID="string_141" HPOS="584" VPOS="651" WIDTH="217" HEIGHT="26" WC="0.78" CONTENT="konjekturalpolitik."/><SP WIDTH="32" VPOS="651" HPOS="801"/>
							<String ID="string_142" HPOS="833" VPOS="651" WIDTH="37" HEIGHT="21" WC="0.89" CONTENT="Ut-"/>
						</TextLine>
						<TextLine ID="line_16" HPOS="45" VPOS="679" WIDTH="825" HEIGHT="28">
							<String ID="string_143" HPOS="45" VPOS="680" WIDTH="80" HEIGHT="20" WC="0.95" CONTENT="skottet"/><SP WIDTH="17" VPOS="680" HPOS="125"/>
							<String ID="string_144" HPOS="142" VPOS="680" WIDTH="38" HEIGHT="20" WC="0.93" CONTENT="har"/><SP WIDTH="16" VPOS="680" HPOS="180"/>
							<String ID="string_145" HPOS="196" VPOS="679" WIDTH="48" HEIGHT="22" WC="0.96" CONTENT="sökt"/><SP WIDTH="15" VPOS="679" HPOS="244"/>
							<String ID="string_146" HPOS="259" VPOS="680" WIDTH="56" HEIGHT="27" WC="0.96" CONTENT="gissa"/><SP WIDTH="15" VPOS="680" HPOS="315"/>
							<String ID="string_147" HPOS="330" VPOS="680" WIDTH="31" HEIGHT="26" WC="0.97" CONTENT="sig"/><SP WIDTH="16" VPOS="680" HPOS="361"/>
							<String ID="string_148" HPOS="377" VPOS="679" WIDTH="37" HEIGHT="25" WC="0.94" CONTENT="till,"/><SP WIDTH="17" VPOS="679" HPOS="414"/>
							<String ID="string_149" HPOS="431" VPOS="679" WIDTH="106" HEIGHT="22" WC="0.96" CONTENT="huruvida"/><SP WIDTH="14" VPOS="679" HPOS="537"/>
							<String ID="string_150" HPOS="551" VPOS="680" WIDTH="37" HEIGHT="21" WC="0.96" CONTENT="det"/><SP WIDTH="15" VPOS="680" HPOS="588"/>
							<String ID="string_151" HPOS="603" VPOS="686" WIDTH="39" HEIGHT="15" WC="0.96" CONTENT="ena"/><SP WIDTH="16" VPOS="686" HPOS="642"/>
							<String ID="string_152" HPOS="658" VPOS="679" WIDTH="52" HEIGHT="21" WC="0.96" CONTENT="eller"/><SP WIDTH="16" VPOS="679" HPOS="710"/>
							<String ID="string_153" HPOS="726" VPOS="679" WIDTH="66" HEIGHT="21" WC="0.93" CONTENT="andra"/><SP WIDTH="16" VPOS="679" HPOS="792"/>
							<String ID="string_154" HPOS="808" VPOS="679" WIDTH="62" HEIGHT="22" WC="0.93" CONTENT="Stän-"/>
						</TextLine>
						<TextLine ID="line_17" HPOS="45" VPOS="707" WIDTH="825" HEIGHT="28">
							<String ID="string_155" HPOS="45" VPOS="708" WIDTH="36" HEIGHT="21" WC="0.91" CONTENT="det"/><SP WIDTH="22" VPOS="708" HPOS="81"/>
							<String ID="string_156" HPOS="103" VPOS="714" WIDTH="50" HEIGHT="15" WC="0.95" CONTENT="vore"/><SP WIDTH="23" VPOS="714" HPOS="153"/>
							<String ID="string_157" HPOS="176" VPOS="709" WIDTH="67" HEIGHT="26" WC="0.93" CONTENT="villigt"/><SP WIDTH="21" VPOS="709" HPOS="243"/>
							<String ID="string_158" HPOS="264" VPOS="711" WIDTH="32" HEIGHT="18" WC="0.91" CONTENT="att"/><SP WIDTH="22" VPOS="711" HPOS="296"/>
							<String ID="string_159" HPOS="318" VPOS="708" WIDTH="73" HEIGHT="27" WC="0.95" CONTENT="frångå"/><SP WIDTH="23" VPOS="708" HPOS="391"/>
							<String ID="string_160" HPOS="414" VPOS="708" WIDTH="31" HEIGHT="21" WC="0.93" CONTENT="sin"/><SP WIDTH="23" VPOS="708" HPOS="445"/>
							<String ID="string_161" HPOS="468" VPOS="709" WIDTH="56" HEIGHT="26" WC="0.76" CONTENT="äsigt"/><SP WIDTH="16" VPOS="709" HPOS="524"/>
							<String ID="string_162" HPOS="540" VPOS="709" WIDTH="5" HEIGHT="20" WC="0.96" CONTENT="i"/><SP WIDTH="16" VPOS="709" HPOS="545"/>
							<String ID="string_163" HPOS="561" VPOS="709" WIDTH="73" HEIGHT="24" WC="0.96" CONTENT="saken,"/><SP WIDTH="22" VPOS="709" HPOS="634"/>
							<String ID="string_164" HPOS="656" VPOS="707" WIDTH="39" HEIGHT="22" WC="0.96" CONTENT="och"/><SP WIDTH="21" VPOS="707" HPOS="695"/>
							<String ID="string_165" HPOS="716" VPOS="708" WIDTH="28" HEIGHT="21" WC="0.93" CONTENT="dä"/><SP WIDTH="16" VPOS="708" HPOS="744"/>
							<String ID="string_166" HPOS="760" VPOS="708" WIDTH="110" HEIGHT="21" WC="0.96" CONTENT="Utskottet"/>
						</TextLine>
						<TextLine ID="line_18" HPOS="45" VPOS="736" WIDTH="826" HEIGHT="27">
							<String ID="string_167" HPOS="45" VPOS="737" WIDTH="73" HEIGHT="26" WC="0.92" CONTENT="tyckes"/><SP WIDTH="13" VPOS="737" HPOS="118"/>
							<String ID="string_168" HPOS="131" VPOS="737" WIDTH="62" HEIGHT="20" WC="0.91" CONTENT="hafva"/><SP WIDTH="15" VPOS="737" HPOS="193"/>
							<String ID="string_169" HPOS="208" VPOS="740" WIDTH="70" HEIGHT="18" WC="0.92" CONTENT="ansett"/><SP WIDTH="15" VPOS="740" HPOS="278"/>
							<String ID="string_170" HPOS="293" VPOS="737" WIDTH="155" HEIGHT="26" WC="0.91" CONTENT="Ridderskapet"/><SP WIDTH="17" VPOS="737" HPOS="448"/>
							<String ID="string_171" HPOS="465" VPOS="737" WIDTH="39" HEIGHT="21" WC="0.93" CONTENT="och"/><SP WIDTH="16" VPOS="737" HPOS="504"/>
							<String ID="string_172" HPOS="520" VPOS="737" WIDTH="67" HEIGHT="21" WC="0.93" CONTENT="Adeln"/><SP WIDTH="18" VPOS="737" HPOS="587"/>
							<String ID="string_173" HPOS="605" VPOS="743" WIDTH="50" HEIGHT="15" WC="0.96" CONTENT="vara"/><SP WIDTH="13" VPOS="743" HPOS="655"/>
							<String ID="string_174" HPOS="668" VPOS="737" WIDTH="64" HEIGHT="20" WC="0.93" CONTENT="minst"/><SP WIDTH="10" VPOS="737" HPOS="732"/>
							<String ID="string_175" HPOS="742" VPOS="736" WIDTH="53" HEIGHT="21" WC="0.92" CONTENT="fasta"/><SP WIDTH="11" VPOS="736" HPOS="795"/>
							<String ID="string_176" HPOS="806" VPOS="737" WIDTH="6" HEIGHT="20" WC="0.96" CONTENT="i"/><SP WIDTH="12" VPOS="737" HPOS="812"/>
							<String ID="string_177" HPOS="824" VPOS="737" WIDTH="47" HEIGHT="20" WC="0.96" CONTENT="sina"/>
						</TextLine>
						<TextLine ID="line_19" HPOS="45" VPOS="765" WIDTH="825" HEIGHT="27">
							<String ID="string_178" HPOS="45" VPOS="765" WIDTH="85" HEIGHT="27" WC="0.85" CONTENT="äsigter,"/><SP WIDTH="17" VPOS="765" HPOS="130"/>
							<String ID="string_179" HPOS="147" VPOS="766" WIDTH="24" HEIGHT="20" WC="0.96" CONTENT="sä"/><SP WIDTH="15" VPOS="766" HPOS="171"/>
							<String ID="string_180" HPOS="186" VPOS="765" WIDTH="40" HEIGHT="21" WC="0.93" CONTENT="har"/><SP WIDTH="15" VPOS="765" HPOS="226"/>
							<String ID="string_181" HPOS="241" VPOS="765" WIDTH="109" HEIGHT="22" WC="0.96" CONTENT="Utskottet"/><SP WIDTH="17" VPOS="765" HPOS="350"/>
							<String ID="string_182" HPOS="367" VPOS="765" WIDTH="92" HEIGHT="27" WC="0.96" CONTENT="inbjudit"/><SP WIDTH="16" VPOS="765" HPOS="459"/>
							<String ID="string_183" HPOS="475" VPOS="766" WIDTH="58" HEIGHT="20" WC="0.93" CONTENT="detta"/><SP WIDTH="16" VPOS="766" HPOS="533"/>
							<String ID="string_184" HPOS="549" VPOS="765" WIDTH="66" HEIGHT="22" WC="0.96" CONTENT="Stånd"/><SP WIDTH="17" VPOS="765" HPOS="615"/>
							<String ID="string_185" HPOS="632" VPOS="768" WIDTH="32" HEIGHT="18" WC="0.93" CONTENT="att"/><SP WIDTH="16" VPOS="768" HPOS="664"/>
							<String ID="string_186" HPOS="680" VPOS="765" WIDTH="73" HEIGHT="27" WC="0.96" CONTENT="frångå"/><SP WIDTH="12" VPOS="765" HPOS="753"/>
							<String ID="string_187" HPOS="765" VPOS="765" WIDTH="36" HEIGHT="21" WC="0.93" CONTENT="sitt"/><SP WIDTH="12" VPOS="765" HPOS="801"/>
							<String ID="string_188" HPOS="813" VPOS="765" WIDTH="57" HEIGHT="22" WC="0.96" CONTENT="förut"/>
						</TextLine>
						<TextLine ID="line_20" HPOS="45" VPOS="793" WIDTH="825" HEIGHT="28">
							<String ID="string_189" HPOS="45" VPOS="794" WIDTH="81" HEIGHT="21" WC="0.96" CONTENT="fattade"/><SP WIDTH="23" VPOS="794" HPOS="126"/>
							<String ID="string_190" HPOS="149" VPOS="794" WIDTH="75" HEIGHT="21" WC="0.96" CONTENT="beslut."/><SP WIDTH="32" VPOS="794" HPOS="224"/>
							<String ID="string_191" HPOS="256" VPOS="795" WIDTH="37" HEIGHT="20" WC="0.93" CONTENT="Ett"/><SP WIDTH="15" VPOS="795" HPOS="293"/>
							<String ID="string_192" HPOS="308" VPOS="794" WIDTH="76" HEIGHT="21" WC="0.92" CONTENT="sädant"/><SP WIDTH="16" VPOS="794" HPOS="384"/>
							<String ID="string_193" HPOS="400" VPOS="794" WIDTH="123" HEIGHT="21" WC="0.96" CONTENT="förfarande"/><SP WIDTH="16" VPOS="794" HPOS="523"/>
							<String ID="string_194" HPOS="539" VPOS="795" WIDTH="40" HEIGHT="20" WC="0.96" CONTENT="kan"/><SP WIDTH="14" VPOS="795" HPOS="579"/>
							<String ID="string_195" HPOS="593" VPOS="794" WIDTH="37" HEIGHT="27" WC="0.93" CONTENT="jag"/><SP WIDTH="15" VPOS="794" HPOS="630"/>
							<String ID="string_196" HPOS="645" VPOS="794" WIDTH="47" HEIGHT="21" WC="0.93" CONTENT="icke"/><SP WIDTH="15" VPOS="794" HPOS="692"/>
							<String ID="string_197" HPOS="707" VPOS="793" WIDTH="55" HEIGHT="26" WC="0.92" CONTENT="gilla,"/><SP WIDTH="17" VPOS="793" HPOS="762"/>
							<String ID="string_198" HPOS="779" VPOS="794" WIDTH="38" HEIGHT="21" WC="0.96" CONTENT="och"/><SP WIDTH="17" VPOS="794" HPOS="817"/>
							<String ID="string_199" HPOS="834" VPOS="794" WIDTH="36" HEIGHT="21" WC="0.97" CONTENT="det"/>
						</TextLine>
						<TextLine ID="line_21" HPOS="45" VPOS="822" WIDTH="825" HEIGHT="27">
							<String ID="string_200" HPOS="45" VPOS="823" WIDTH="56" HEIGHT="20" WC="0.91" CONTENT="visar"/><SP WIDTH="16" VPOS="823" HPOS="101"/>
							<String ID="string_201" HPOS="117" VPOS="823" WIDTH="31" HEIGHT="26" WC="0.93" CONTENT="sig"/><SP WIDTH="16" VPOS="823" HPOS="148"/>
							<String ID="string_202" HPOS="164" VPOS="823" WIDTH="63" HEIGHT="21" WC="0.92" CONTENT="ocksä"/><SP WIDTH="16" VPOS="823" HPOS="227"/>
							<String ID="string_203" HPOS="243" VPOS="829" WIDTH="34" HEIGHT="19" WC="0.96" CONTENT="nu,"/><SP WIDTH="17" VPOS="829" HPOS="277"/>
							<String ID="string_204" HPOS="294" VPOS="826" WIDTH="31" HEIGHT="17" WC="0.96" CONTENT="att"/><SP WIDTH="16" VPOS="826" HPOS="325"/>
							<String ID="string_205" HPOS="341" VPOS="823" WIDTH="48" HEIGHT="20" WC="0.93" CONTENT="dess"/><SP WIDTH="16" VPOS="823" HPOS="389"/>
							<String ID="string_206" HPOS="405" VPOS="822" WIDTH="77" HEIGHT="27" WC="0.92" CONTENT="följder"/><SP WIDTH="16" VPOS="822" HPOS="482"/>
							<String ID="string_207" HPOS="498" VPOS="823" WIDTH="115" HEIGHT="26" WC="0.91" CONTENT="ingalunda"/><SP WIDTH="13" VPOS="823" HPOS="613"/>
							<String ID="string_208" HPOS="626" VPOS="825" WIDTH="37" HEIGHT="18" WC="0.92" CONTENT="äro"/><SP WIDTH="11" VPOS="825" HPOS="663"/>
							<String ID="string_209" HPOS="674" VPOS="822" WIDTH="97" HEIGHT="27" WC="0.93" CONTENT="lyckliga,"/><SP WIDTH="11" VPOS="822" HPOS="771"/>
							<String ID="string_210" HPOS="782" VPOS="823" WIDTH="88" HEIGHT="20" WC="0.92" CONTENT="emedan"/>
						</TextLine>
						<TextLine ID="line_22" HPOS="45" VPOS="851" WIDTH="824" HEIGHT="27">
							<String ID="string_211" HPOS="45" VPOS="851" WIDTH="36" HEIGHT="21" WC="0.96" CONTENT="det"/><SP WIDTH="22" VPOS="851" HPOS="81"/>
							<String ID="string_212" HPOS="103" VPOS="853" WIDTH="24" HEIGHT="18" WC="0.93" CONTENT="är"/><SP WIDTH="22" VPOS="853" HPOS="127"/>
							<String ID="string_213" HPOS="149" VPOS="851" WIDTH="67" HEIGHT="21" WC="0.92" CONTENT="kändt"/><SP WIDTH="21" VPOS="851" HPOS="216"/>
							<String ID="string_214" HPOS="237" VPOS="854" WIDTH="31" HEIGHT="19" WC="0.93" CONTENT="att"/><SP WIDTH="20" VPOS="854" HPOS="268"/>
							<String ID="string_215" HPOS="288" VPOS="851" WIDTH="158" HEIGHT="27" WC="0.90" CONTENT="Ridderskapet"/><SP WIDTH="16" VPOS="851" HPOS="446"/>
							<String ID="string_216" HPOS="462" VPOS="851" WIDTH="40" HEIGHT="22" WC="0.93" CONTENT="och"/><SP WIDTH="17" VPOS="851" HPOS="502"/>
							<String ID="string_217" HPOS="519" VPOS="851" WIDTH="67" HEIGHT="22" WC="0.93" CONTENT="Adeln"/><SP WIDTH="17" VPOS="851" HPOS="586"/>
							<String ID="string_218" HPOS="603" VPOS="851" WIDTH="63" HEIGHT="21" WC="0.92" CONTENT="hafva"/><SP WIDTH="16" VPOS="851" HPOS="666"/>
							<String ID="string_219" HPOS="682" VPOS="851" WIDTH="66" HEIGHT="26" WC="0.92" CONTENT="afböjt"/><SP WIDTH="15" VPOS="851" HPOS="748"/>
							<String ID="string_220" HPOS="763" VPOS="857" WIDTH="106" HEIGHT="15" WC="0.92" CONTENT="samman-"/>
						</TextLine>
						<TextLine ID="line_23" HPOS="42" VPOS="879" WIDTH="828" HEIGHT="28">
							<String ID="string_221" HPOS="42" VPOS="879" WIDTH="230" HEIGHT="28" WC="0.91" CONTENT="jemkningsförslaget."/><SP WIDTH="34" VPOS="879" HPOS="272"/>
							<String ID="string_222" HPOS="306" VPOS="880" WIDTH="42" HEIGHT="20" WC="0.93" CONTENT="Det"/><SP WIDTH="22" VPOS="880" HPOS="348"/>
							<String ID="string_223" HPOS="370" VPOS="882" WIDTH="56" HEIGHT="18" WC="0.92" CONTENT="rätta"/><SP WIDTH="24" VPOS="882" HPOS="426"/>
							<String ID="string_224" HPOS="450" VPOS="882" WIDTH="66" HEIGHT="18" WC="0.96" CONTENT="sättet"/><SP WIDTH="22" VPOS="882" HPOS="516"/>
							<String ID="string_225" HPOS="538" VPOS="883" WIDTH="32" HEIGHT="17" WC="0.93" CONTENT="att"/><SP WIDTH="22" VPOS="883" HPOS="570"/>
							<String ID="string_226" HPOS="592" VPOS="880" WIDTH="167" HEIGHT="26" WC="0.92" CONTENT="sammanjemka"/><SP WIDTH="22" VPOS="880" HPOS="759"/>
							<String ID="string_227" HPOS="781" VPOS="880" WIDTH="6" HEIGHT="20" WC="0.96" CONTENT="i"/><SP WIDTH="24" VPOS="880" HPOS="787"/>
							<String ID="string_228" HPOS="811" VPOS="880" WIDTH="59" HEIGHT="20" WC="0.96" CONTENT="detta"/>
						</TextLine>
						<TextLine ID="line_24" HPOS="45" VPOS="908" WIDTH="824" HEIGHT="28">
							<String ID="string_229" HPOS="45" VPOS="908" WIDTH="84" HEIGHT="25" WC="0.90" CONTENT="ärende,"/><SP WIDTH="24" VPOS="908" HPOS="129"/>
							<String ID="string_230" HPOS="153" VPOS="909" WIDTH="54" HEIGHT="21" WC="0.96" CONTENT="hade"/><SP WIDTH="23" VPOS="909" HPOS="207"/>
							<String ID="string_231" HPOS="230" VPOS="909" WIDTH="64" HEIGHT="27" WC="0.82" CONTENT="enligt"/><SP WIDTH="16" VPOS="909" HPOS="294"/>
							<String ID="string_232" HPOS="310" VPOS="909" WIDTH="41" HEIGHT="20" WC="0.96" CONTENT="min"/><SP WIDTH="16" VPOS="909" HPOS="351"/>
							<String ID="string_233" HPOS="367" VPOS="909" WIDTH="64" HEIGHT="20" WC="0.96" CONTENT="tanke"/><SP WIDTH="16" VPOS="909" HPOS="431"/>
							<String ID="string_234" HPOS="447" VPOS="909" WIDTH="54" HEIGHT="21" WC="0.96" CONTENT="varit"/><SP WIDTH="16" VPOS="909" HPOS="501"/>
							<String ID="string_235" HPOS="517" VPOS="910" WIDTH="32" HEIGHT="19" WC="0.93" CONTENT="att"/><SP WIDTH="16" VPOS="910" HPOS="549"/>
							<String ID="string_236" HPOS="565" VPOS="915" WIDTH="114" HEIGHT="14" WC="0.92" CONTENT="resonnera"/><SP WIDTH="15" VPOS="915" HPOS="679"/>
							<String ID="string_237" HPOS="694" VPOS="909" WIDTH="97" HEIGHT="20" WC="0.90" CONTENT="sälunda:"/><SP WIDTH="32" VPOS="909" HPOS="791"/>
							<String ID="string_238" HPOS="823" VPOS="908" WIDTH="46" HEIGHT="21" WC="0.96" CONTENT="Den"/>
						</TextLine>
						<TextLine ID="line_25" HPOS="45" VPOS="936" WIDTH="825" HEIGHT="28">
							<String ID="string_239" HPOS="45" VPOS="936" WIDTH="119" HEIGHT="28" WC="0.92" CONTENT="Kejserliga"/><SP WIDTH="16" VPOS="936" HPOS="164"/>
							<String ID="string_240" HPOS="180" VPOS="937" WIDTH="162" HEIGHT="26" WC="0.93" CONTENT="Propositionen"/><SP WIDTH="15" VPOS="937" HPOS="342"/>
							<String ID="string_241" HPOS="357" VPOS="937" WIDTH="56" HEIGHT="21" WC="0.93" CONTENT="afser"/><SP WIDTH="15" VPOS="937" HPOS="413"/>
							<String ID="string_242" HPOS="428" VPOS="939" WIDTH="32" HEIGHT="19" WC="0.96" CONTENT="att"/><SP WIDTH="17" VPOS="939" HPOS="460"/>
							<String ID="string_243" HPOS="477" VPOS="937" WIDTH="86" HEIGHT="27" WC="0.93" CONTENT="utvidga"/><SP WIDTH="16" VPOS="937" HPOS="563"/>
							<String ID="string_244" HPOS="579" VPOS="937" WIDTH="104" HEIGHT="21" WC="0.92" CONTENT="valrätten"/><SP WIDTH="17" VPOS="937" HPOS="683"/>
							<String ID="string_245" HPOS="700" VPOS="937" WIDTH="55" HEIGHT="20" WC="0.93" CONTENT="inom"/><SP WIDTH="12" VPOS="937" HPOS="755"/>
							<String ID="string_246" HPOS="767" VPOS="937" WIDTH="103" HEIGHT="26" WC="0.92" CONTENT="Borgare-"/>
						</TextLine>
						<TextLine ID="line_26" HPOS="45" VPOS="965" WIDTH="825" HEIGHT="26">
							<String ID="string_247" HPOS="45" VPOS="966" WIDTH="86" HEIGHT="21" WC="0.92" CONTENT="ständet"/><SP WIDTH="15" VPOS="966" HPOS="131"/>
							<String ID="string_248" HPOS="146" VPOS="966" WIDTH="31" HEIGHT="21" WC="0.96" CONTENT="till"/><SP WIDTH="17" VPOS="966" HPOS="177"/>
							<String ID="string_249" HPOS="194" VPOS="966" WIDTH="43" HEIGHT="21" WC="0.96" CONTENT="alla"/><SP WIDTH="15" VPOS="966" HPOS="237"/>
							<String ID="string_250" HPOS="252" VPOS="966" WIDTH="136" HEIGHT="21" WC="0.96" CONTENT="medlemmar"/><SP WIDTH="12" VPOS="966" HPOS="388"/>
							<String ID="string_251" HPOS="400" VPOS="966" WIDTH="22" HEIGHT="21" WC="0.93" CONTENT="af"/><SP WIDTH="10" VPOS="966" HPOS="422"/>
							<String ID="string_252" HPOS="432" VPOS="966" WIDTH="196" HEIGHT="25" WC="0.89" CONTENT="stadskommunen,"/><SP WIDTH="11" VPOS="966" HPOS="628"/>
							<String ID="string_253" HPOS="639" VPOS="965" WIDTH="114" HEIGHT="21" WC="0.92" CONTENT="frälsemän"/><SP WIDTH="10" VPOS="965" HPOS="753"/>
							<String ID="string_254" HPOS="763" VPOS="965" WIDTH="39" HEIGHT="21" WC="0.93" CONTENT="och"/><SP WIDTH="12" VPOS="965" HPOS="802"/>
							<String ID="string_255" HPOS="814" VPOS="965" WIDTH="56" HEIGHT="21" WC="0.91" CONTENT="med-"/>
						</TextLine>
						<TextLine ID="line_27" HPOS="45" VPOS="993" WIDTH="825" HEIGHT="28">
							<String ID="string_256" HPOS="45" VPOS="993" WIDTH="89" HEIGHT="22" WC="0.92" CONTENT="lemmar"/><SP WIDTH="20" VPOS="993" HPOS="134"/>
							<String ID="string_257" HPOS="154" VPOS="993" WIDTH="24" HEIGHT="22" WC="0.92" CONTENT="af"/><SP WIDTH="16" VPOS="993" HPOS="178"/>
							<String ID="string_258" HPOS="194" VPOS="994" WIDTH="158" HEIGHT="21" WC="0.91" CONTENT="Presteständet"/><SP WIDTH="16" VPOS="994" HPOS="352"/>
							<String ID="string_259" HPOS="368" VPOS="995" WIDTH="46" HEIGHT="20" WC="0.91" CONTENT="icke"/><SP WIDTH="15" VPOS="995" HPOS="414"/>
							<String ID="string_260" HPOS="429" VPOS="995" WIDTH="142" HEIGHT="26" WC="0.90" CONTENT="undantagne."/><SP WIDTH="32" VPOS="995" HPOS="571"/>
							<String ID="string_261" HPOS="603" VPOS="995" WIDTH="73" HEIGHT="20" WC="0.93" CONTENT="Denna"/><SP WIDTH="16" VPOS="995" HPOS="676"/>
							<String ID="string_262" HPOS="692" VPOS="994" WIDTH="124" HEIGHT="27" WC="0.92" CONTENT="utvidgning"/><SP WIDTH="16" VPOS="994" HPOS="816"/>
							<String ID="string_263" HPOS="832" VPOS="994" WIDTH="38" HEIGHT="21" WC="0.96" CONTENT="har"/>
						</TextLine>
						<TextLine ID="line_28" HPOS="45" VPOS="1022" WIDTH="824" HEIGHT="28">
							<String ID="string_264" HPOS="45" VPOS="1022" WIDTH="88" HEIGHT="22" WC="0.88" CONTENT="bifallits"/><SP WIDTH="22" VPOS="1022" HPOS="133"/>
							<String ID="string_265" HPOS="155" VPOS="1023" WIDTH="22" HEIGHT="21" WC="0.93" CONTENT="af"/><SP WIDTH="13" VPOS="1023" HPOS="177"/>
							<String ID="string_266" HPOS="190" VPOS="1023" WIDTH="162" HEIGHT="27" WC="0.92" CONTENT="Ridderskapet,"/><SP WIDTH="16" VPOS="1023" HPOS="352"/>
							<String ID="string_267" HPOS="368" VPOS="1030" WIDTH="47" HEIGHT="14" WC="0.96" CONTENT="men"/><SP WIDTH="17" VPOS="1030" HPOS="415"/>
							<String ID="string_268" HPOS="432" VPOS="1024" WIDTH="26" HEIGHT="20" WC="0.93" CONTENT="de"/><SP WIDTH="16" VPOS="1024" HPOS="458"/>
							<String ID="string_269" HPOS="474" VPOS="1024" WIDTH="65" HEIGHT="25" WC="0.92" CONTENT="öfrige"/><SP WIDTH="16" VPOS="1024" HPOS="539"/>
							<String ID="string_270" HPOS="555" VPOS="1023" WIDTH="79" HEIGHT="21" WC="0.92" CONTENT="ofrälse"/><SP WIDTH="16" VPOS="1023" HPOS="634"/>
							<String ID="string_271" HPOS="650" VPOS="1023" WIDTH="93" HEIGHT="21" WC="0.92" CONTENT="Ständen"/><SP WIDTH="17" VPOS="1023" HPOS="743"/>
							<String ID="string_272" HPOS="760" VPOS="1023" WIDTH="61" HEIGHT="20" WC="0.92" CONTENT="hafva"/><SP WIDTH="17" VPOS="1023" HPOS="821"/>
							<String ID="string_273" HPOS="838" VPOS="1022" WIDTH="31" HEIGHT="21" WC="0.91" CONTENT="bi-"/>
						</TextLine>
						<TextLine ID="line_29" HPOS="45" VPOS="1051" WIDTH="825" HEIGHT="27">
							<String ID="string_274" HPOS="45" VPOS="1051" WIDTH="56" HEIGHT="21" WC="0.92" CONTENT="fallit"/><SP WIDTH="18" VPOS="1051" HPOS="101"/>
							<String ID="string_275" HPOS="119" VPOS="1051" WIDTH="150" HEIGHT="27" WC="0.93" CONTENT="utvidgningen"/><SP WIDTH="20" VPOS="1051" HPOS="269"/>
							<String ID="string_276" HPOS="289" VPOS="1052" WIDTH="53" HEIGHT="21" WC="0.92" CONTENT="blott"/><SP WIDTH="22" VPOS="1052" HPOS="342"/>
							<String ID="string_277" HPOS="364" VPOS="1052" WIDTH="68" HEIGHT="21" WC="0.92" CONTENT="sävidt"/><SP WIDTH="16" VPOS="1052" HPOS="432"/>
							<String ID="string_278" HPOS="448" VPOS="1052" WIDTH="41" HEIGHT="21" WC="0.96" CONTENT="den"/><SP WIDTH="17" VPOS="1052" HPOS="489"/>
							<String ID="string_279" HPOS="506" VPOS="1052" WIDTH="75" HEIGHT="21" WC="0.96" CONTENT="hänför"/><SP WIDTH="15" VPOS="1052" HPOS="581"/>
							<String ID="string_280" HPOS="596" VPOS="1051" WIDTH="31" HEIGHT="27" WC="0.97" CONTENT="sig"/><SP WIDTH="17" VPOS="1051" HPOS="627"/>
							<String ID="string_281" HPOS="644" VPOS="1051" WIDTH="31" HEIGHT="21" WC="0.96" CONTENT="till"/><SP WIDTH="17" VPOS="1051" HPOS="675"/>
							<String ID="string_282" HPOS="692" VPOS="1052" WIDTH="25" HEIGHT="20" WC="0.96" CONTENT="de"/><SP WIDTH="17" VPOS="1052" HPOS="717"/>
							<String ID="string_283" HPOS="734" VPOS="1051" WIDTH="136" HEIGHT="21" WC="0.91" CONTENT="medlemmar"/>
						</TextLine>
						<TextLine ID="line_30" HPOS="45" VPOS="1079" WIDTH="825" HEIGHT="23">
							<String ID="string_284" HPOS="45" VPOS="1079" WIDTH="24" HEIGHT="21" WC="0.92" CONTENT="af"/><SP WIDTH="13" VPOS="1079" HPOS="69"/>
							<String ID="string_285" HPOS="82" VPOS="1079" WIDTH="135" HEIGHT="23" WC="0.95" CONTENT="kommunen,"/><SP WIDTH="16" VPOS="1079" HPOS="217"/>
							<String ID="string_286" HPOS="233" VPOS="1086" WIDTH="45" HEIGHT="15" WC="0.93" CONTENT="som"/><SP WIDTH="15" VPOS="1086" HPOS="278"/>
							<String ID="string_287" HPOS="293" VPOS="1081" WIDTH="46" HEIGHT="20" WC="0.95" CONTENT="icke"/><SP WIDTH="16" VPOS="1081" HPOS="339"/>
							<String ID="string_288" HPOS="355" VPOS="1082" WIDTH="37" HEIGHT="19" WC="0.93" CONTENT="äro"/><SP WIDTH="16" VPOS="1082" HPOS="392"/>
							<String ID="string_289" HPOS="408" VPOS="1080" WIDTH="113" HEIGHT="21" WC="0.92" CONTENT="frälsemän"/><SP WIDTH="17" VPOS="1080" HPOS="521"/>
							<String ID="string_290" HPOS="538" VPOS="1081" WIDTH="51" HEIGHT="20" WC="0.95" CONTENT="eller"/><SP WIDTH="17" VPOS="1081" HPOS="589"/>
							<String ID="string_291" HPOS="606" VPOS="1080" WIDTH="136" HEIGHT="21" WC="0.96" CONTENT="medlemmar"/><SP WIDTH="11" VPOS="1080" HPOS="742"/>
							<String ID="string_292" HPOS="753" VPOS="1080" WIDTH="21" HEIGHT="20" WC="0.93" CONTENT="af"/><SP WIDTH="11" VPOS="1080" HPOS="774"/>
							<String ID="string_293" HPOS="785" VPOS="1079" WIDTH="85" HEIGHT="22" WC="0.77" CONTENT="Preste-"/>
						</TextLine>
						<TextLine ID="line_31" HPOS="45" VPOS="1108" WIDTH="824" HEIGHT="27">
							<String ID="string_294" HPOS="45" VPOS="1108" WIDTH="92" HEIGHT="21" WC="0.91" CONTENT="ständet."/><SP WIDTH="29" VPOS="1108" HPOS="137"/>
							<String ID="string_295" HPOS="166" VPOS="1109" WIDTH="34" HEIGHT="23" WC="0.96" CONTENT="Ja,"/><SP WIDTH="22" VPOS="1109" HPOS="200"/>
							<String ID="string_296" HPOS="222" VPOS="1109" WIDTH="26" HEIGHT="20" WC="0.93" CONTENT="de"/><SP WIDTH="21" VPOS="1109" HPOS="248"/>
							<String ID="string_297" HPOS="269" VPOS="1109" WIDTH="61" HEIGHT="21" WC="0.92" CONTENT="hafva"/><SP WIDTH="15" VPOS="1109" HPOS="330"/>
							<String ID="string_298" HPOS="345" VPOS="1109" WIDTH="46" HEIGHT="26" WC="0.92" CONTENT="gätt"/><SP WIDTH="15" VPOS="1109" HPOS="391"/>
							<String ID="string_299" HPOS="406" VPOS="1111" WIDTH="57" HEIGHT="19" WC="0.96" CONTENT="ännu"/><SP WIDTH="16" VPOS="1111" HPOS="463"/>
							<String ID="string_300" HPOS="479" VPOS="1109" WIDTH="82" HEIGHT="26" WC="0.96" CONTENT="längre;"/><SP WIDTH="17" VPOS="1109" HPOS="561"/>
							<String ID="string_301" HPOS="578" VPOS="1109" WIDTH="26" HEIGHT="20" WC="0.93" CONTENT="de"/><SP WIDTH="15" VPOS="1109" HPOS="604"/>
							<String ID="string_302" HPOS="619" VPOS="1108" WIDTH="63" HEIGHT="21" WC="0.92" CONTENT="hafva"/><SP WIDTH="17" VPOS="1108" HPOS="682"/>
							<String ID="string_303" HPOS="699" VPOS="1109" WIDTH="100" HEIGHT="26" WC="0.89" CONTENT="derjemte"/><SP WIDTH="17" VPOS="1109" HPOS="799"/>
							<String ID="string_304" HPOS="816" VPOS="1108" WIDTH="53" HEIGHT="21" WC="0.93" CONTENT="före-"/>
						</TextLine>
						<TextLine ID="line_32" HPOS="44" VPOS="1137" WIDTH="826" HEIGHT="26">
							<String ID="string_305" HPOS="44" VPOS="1137" WIDTH="65" HEIGHT="26" WC="0.93" CONTENT="slagit"/><SP WIDTH="15" VPOS="1137" HPOS="109"/>
							<String ID="string_306" HPOS="124" VPOS="1139" WIDTH="32" HEIGHT="19" WC="0.93" CONTENT="att"/><SP WIDTH="15" VPOS="1139" HPOS="156"/>
							<String ID="string_307" HPOS="171" VPOS="1137" WIDTH="115" HEIGHT="22" WC="0.91" CONTENT="inskränka"/><SP WIDTH="16" VPOS="1137" HPOS="286"/>
							<String ID="string_308" HPOS="302" VPOS="1138" WIDTH="38" HEIGHT="21" WC="0.93" CONTENT="den"/><SP WIDTH="17" VPOS="1138" HPOS="340"/>
							<String ID="string_309" HPOS="357" VPOS="1137" WIDTH="84" HEIGHT="26" WC="0.92" CONTENT="valrätt,"/><SP WIDTH="15" VPOS="1137" HPOS="441"/>
							<String ID="string_310" HPOS="456" VPOS="1144" WIDTH="45" HEIGHT="15" WC="0.96" CONTENT="som"/><SP WIDTH="18" VPOS="1144" HPOS="501"/>
							<String ID="string_311" HPOS="519" VPOS="1144" WIDTH="26" HEIGHT="14" WC="0.93" CONTENT="nu"/><SP WIDTH="11" VPOS="1144" HPOS="545"/>
							<String ID="string_312" HPOS="556" VPOS="1137" WIDTH="130" HEIGHT="22" WC="0.92" CONTENT="tillkommer"/><SP WIDTH="11" VPOS="1137" HPOS="686"/>
							<String ID="string_313" HPOS="697" VPOS="1137" WIDTH="25" HEIGHT="21" WC="0.96" CONTENT="de"/><SP WIDTH="12" VPOS="1137" HPOS="722"/>
							<String ID="string_314" HPOS="734" VPOS="1137" WIDTH="136" HEIGHT="21" WC="0.91" CONTENT="medlemmar"/>
						</TextLine>
						<TextLine ID="line_33" HPOS="45" VPOS="1165" WIDTH="825" HEIGHT="28">
							<String ID="string_315" HPOS="45" VPOS="1165" WIDTH="23" HEIGHT="21" WC="0.92" CONTENT="af"/><SP WIDTH="23" VPOS="1165" HPOS="68"/>
							<String ID="string_316" HPOS="91" VPOS="1165" WIDTH="153" HEIGHT="27" WC="0.92" CONTENT="Ridderskapet"/><SP WIDTH="23" VPOS="1165" HPOS="244"/>
							<String ID="string_317" HPOS="267" VPOS="1173" WIDTH="44" HEIGHT="14" WC="0.93" CONTENT="som"/><SP WIDTH="19" VPOS="1173" HPOS="311"/>
							<String ID="string_318" HPOS="330" VPOS="1168" WIDTH="36" HEIGHT="19" WC="0.92" CONTENT="äro"/><SP WIDTH="18" VPOS="1168" HPOS="366"/>
							<String ID="string_319" HPOS="384" VPOS="1167" WIDTH="95" HEIGHT="26" WC="0.92" CONTENT="borgare,"/><SP WIDTH="17" VPOS="1167" HPOS="479"/>
							<String ID="string_320" HPOS="496" VPOS="1167" WIDTH="39" HEIGHT="20" WC="0.96" CONTENT="och"/><SP WIDTH="17" VPOS="1167" HPOS="535"/>
							<String ID="string_321" HPOS="552" VPOS="1167" WIDTH="26" HEIGHT="20" WC="0.93" CONTENT="de"/><SP WIDTH="16" VPOS="1167" HPOS="578"/>
							<String ID="string_322" HPOS="594" VPOS="1166" WIDTH="137" HEIGHT="21" WC="0.91" CONTENT="mediemmar"/><SP WIDTH="15" VPOS="1166" HPOS="731"/>
							<String ID="string_323" HPOS="746" VPOS="1166" WIDTH="22" HEIGHT="21" WC="0.93" CONTENT="af"/><SP WIDTH="14" VPOS="1166" HPOS="768"/>
							<String ID="string_324" HPOS="782" VPOS="1165" WIDTH="88" HEIGHT="21" WC="0.92" CONTENT="Ridder-"/>
						</TextLine>
						<TextLine ID="line_34" HPOS="43" VPOS="1194" WIDTH="826" HEIGHT="27">
							<String ID="string_325" HPOS="43" VPOS="1194" WIDTH="78" HEIGHT="27" WC="0.96" CONTENT="skapet"/><SP WIDTH="15" VPOS="1194" HPOS="121"/>
							<String ID="string_326" HPOS="136" VPOS="1194" WIDTH="38" HEIGHT="21" WC="0.93" CONTENT="och"/><SP WIDTH="17" VPOS="1194" HPOS="174"/>
							<String ID="string_327" HPOS="191" VPOS="1195" WIDTH="165" HEIGHT="26" WC="0.92" CONTENT="Presteständet,"/><SP WIDTH="16" VPOS="1195" HPOS="356"/>
							<String ID="string_328" HPOS="372" VPOS="1201" WIDTH="44" HEIGHT="15" WC="0.93" CONTENT="som"/><SP WIDTH="17" VPOS="1201" HPOS="416"/>
							<String ID="string_329" HPOS="433" VPOS="1197" WIDTH="38" HEIGHT="19" WC="0.97" CONTENT="äro"/><SP WIDTH="10" VPOS="1197" HPOS="471"/>
							<String ID="string_330" HPOS="481" VPOS="1195" WIDTH="154" HEIGHT="26" WC="0.96" CONTENT="skeppsredare"/><SP WIDTH="11" VPOS="1195" HPOS="635"/>
							<String ID="string_331" HPOS="646" VPOS="1194" WIDTH="52" HEIGHT="21" WC="0.93" CONTENT="eller"/><SP WIDTH="11" VPOS="1194" HPOS="698"/>
							<String ID="string_332" HPOS="709" VPOS="1194" WIDTH="160" HEIGHT="21" WC="0.92" CONTENT="fabriksidkare."/>
						</TextLine>
						<TextLine ID="line_35" HPOS="44" VPOS="1222" WIDTH="825" HEIGHT="29">
							<String ID="string_333" HPOS="44" VPOS="1223" WIDTH="33" HEIGHT="20" WC="0.93" CONTENT="De"/><SP WIDTH="22" VPOS="1223" HPOS="77"/>
							<String ID="string_334" HPOS="99" VPOS="1223" WIDTH="63" HEIGHT="20" WC="0.92" CONTENT="hafva"/><SP WIDTH="22" VPOS="1223" HPOS="162"/>
							<String ID="string_335" HPOS="184" VPOS="1223" WIDTH="109" HEIGHT="28" WC="0.93" CONTENT="föreslagit"/><SP WIDTH="22" VPOS="1223" HPOS="293"/>
							<String ID="string_336" HPOS="315" VPOS="1226" WIDTH="31" HEIGHT="19" WC="0.93" CONTENT="att"/><SP WIDTH="23" VPOS="1226" HPOS="346"/>
							<String ID="string_337" HPOS="369" VPOS="1224" WIDTH="61" HEIGHT="21" WC="0.92" CONTENT="desse"/><SP WIDTH="19" VPOS="1224" HPOS="430"/>
							<String ID="string_338" HPOS="449" VPOS="1224" WIDTH="68" HEIGHT="21" WC="0.93" CONTENT="skulle"/><SP WIDTH="16" VPOS="1224" HPOS="517"/>
							<String ID="string_339" HPOS="533" VPOS="1223" WIDTH="108" HEIGHT="26" WC="0.93" CONTENT="fräntagas"/><SP WIDTH="13" VPOS="1223" HPOS="641"/>
							<String ID="string_340" HPOS="654" VPOS="1225" WIDTH="43" HEIGHT="19" WC="0.96" CONTENT="rätt"/><SP WIDTH="15" VPOS="1225" HPOS="697"/>
							<String ID="string_341" HPOS="712" VPOS="1226" WIDTH="32" HEIGHT="18" WC="0.96" CONTENT="att"/><SP WIDTH="15" VPOS="1226" HPOS="744"/>
							<String ID="string_342" HPOS="759" VPOS="1223" WIDTH="56" HEIGHT="26" WC="0.96" CONTENT="välja"/><SP WIDTH="15" VPOS="1223" HPOS="815"/>
							<String ID="string_343" HPOS="830" VPOS="1222" WIDTH="39" HEIGHT="21" WC="0.97" CONTENT="och"/>
						</TextLine>
						<TextLine ID="line_36" HPOS="45" VPOS="1251" WIDTH="824" HEIGHT="28">
							<String ID="string_344" HPOS="45" VPOS="1251" WIDTH="66" HEIGHT="21" WC="0.95" CONTENT="blifva"/><SP WIDTH="22" VPOS="1251" HPOS="111"/>
							<String ID="string_345" HPOS="133" VPOS="1251" WIDTH="69" HEIGHT="22" WC="0.94" CONTENT="valda."/><SP WIDTH="29" VPOS="1251" HPOS="202"/>
							<String ID="string_346" HPOS="231" VPOS="1252" WIDTH="41" HEIGHT="27" WC="0.93" CONTENT="Jag"/><SP WIDTH="23" VPOS="1252" HPOS="272"/>
							<String ID="string_347" HPOS="295" VPOS="1253" WIDTH="80" HEIGHT="21" WC="0.90" CONTENT="lemnar"/><SP WIDTH="22" VPOS="1253" HPOS="375"/>
							<String ID="string_348" HPOS="397" VPOS="1252" WIDTH="66" HEIGHT="24" WC="0.96" CONTENT="åsido,"/><SP WIDTH="23" VPOS="1252" HPOS="463"/>
							<String ID="string_349" HPOS="486" VPOS="1252" WIDTH="105" HEIGHT="21" WC="0.93" CONTENT="huruvida"/><SP WIDTH="22" VPOS="1252" HPOS="591"/>
							<String ID="string_350" HPOS="613" VPOS="1252" WIDTH="46" HEIGHT="21" WC="0.97" CONTENT="icke"/><SP WIDTH="16" VPOS="1252" HPOS="659"/>
							<String ID="string_351" HPOS="675" VPOS="1252" WIDTH="69" HEIGHT="21" WC="0.93" CONTENT="denna"/><SP WIDTH="15" VPOS="1252" HPOS="744"/>
							<String ID="string_352" HPOS="759" VPOS="1251" WIDTH="110" HEIGHT="21" WC="0.92" CONTENT="inskränk-"/>
						</TextLine>
						<TextLine ID="line_37" HPOS="44" VPOS="1279" WIDTH="825" HEIGHT="28">
							<String ID="string_353" HPOS="44" VPOS="1280" WIDTH="52" HEIGHT="27" WC="0.95" CONTENT="ning"/><SP WIDTH="15" VPOS="1280" HPOS="96"/>
							<String ID="string_354" HPOS="111" VPOS="1280" WIDTH="7" HEIGHT="21" WC="0.96" CONTENT="i"/><SP WIDTH="16" VPOS="1280" HPOS="118"/>
							<String ID="string_355" HPOS="134" VPOS="1280" WIDTH="39" HEIGHT="21" WC="0.93" CONTENT="den"/><SP WIDTH="24" VPOS="1280" HPOS="173"/>
							<String ID="string_356" HPOS="197" VPOS="1281" WIDTH="83" HEIGHT="26" WC="0.89" CONTENT="valrätt,"/><SP WIDTH="23" VPOS="1281" HPOS="280"/>
							<String ID="string_357" HPOS="303" VPOS="1287" WIDTH="44" HEIGHT="15" WC="0.96" CONTENT="som"/><SP WIDTH="19" VPOS="1287" HPOS="347"/>
							<String ID="string_358" HPOS="366" VPOS="1281" WIDTH="34" HEIGHT="21" WC="0.96" CONTENT="för"/><SP WIDTH="15" VPOS="1281" HPOS="400"/>
							<String ID="string_359" HPOS="415" VPOS="1281" WIDTH="133" HEIGHT="21" WC="0.78" CONTENT="närvarande"/><SP WIDTH="15" VPOS="1281" HPOS="548"/>
							<String ID="string_360" HPOS="563" VPOS="1280" WIDTH="129" HEIGHT="21" WC="0.91" CONTENT="tillkommer"/><SP WIDTH="14" VPOS="1280" HPOS="692"/>
							<String ID="string_361" HPOS="706" VPOS="1287" WIDTH="26" HEIGHT="14" WC="0.96" CONTENT="en"/><SP WIDTH="16" VPOS="1287" HPOS="732"/>
							<String ID="string_362" HPOS="748" VPOS="1280" WIDTH="33" HEIGHT="21" WC="0.93" CONTENT="del"/><SP WIDTH="16" VPOS="1280" HPOS="781"/>
							<String ID="string_363" HPOS="797" VPOS="1279" WIDTH="72" HEIGHT="22" WC="0.91" CONTENT="frälse-"/>
						</TextLine>
						<TextLine ID="line_38" HPOS="44" VPOS="1308" WIDTH="826" HEIGHT="27">
							<String ID="string_364" HPOS="44" VPOS="1310" WIDTH="49" HEIGHT="19" WC="0.94" CONTENT="män"/><SP WIDTH="16" VPOS="1310" HPOS="93"/>
							<String ID="string_365" HPOS="109" VPOS="1309" WIDTH="42" HEIGHT="21" WC="0.96" CONTENT="och"/><SP WIDTH="15" VPOS="1309" HPOS="151"/>
							<String ID="string_366" HPOS="166" VPOS="1309" WIDTH="136" HEIGHT="22" WC="0.96" CONTENT="medlemmar"/><SP WIDTH="15" VPOS="1309" HPOS="302"/>
							<String ID="string_367" HPOS="317" VPOS="1310" WIDTH="22" HEIGHT="21" WC="0.93" CONTENT="af"/><SP WIDTH="14" VPOS="1310" HPOS="339"/>
							<String ID="string_368" HPOS="353" VPOS="1309" WIDTH="166" HEIGHT="26" WC="0.91" CONTENT="Presteständet,"/><SP WIDTH="15" VPOS="1309" HPOS="519"/>
							<String ID="string_369" HPOS="534" VPOS="1311" WIDTH="62" HEIGHT="24" WC="0.95" CONTENT="utgör"/><SP WIDTH="16" VPOS="1311" HPOS="596"/>
							<String ID="string_370" HPOS="612" VPOS="1311" WIDTH="30" HEIGHT="19" WC="0.93" CONTENT="ett"/><SP WIDTH="16" VPOS="1311" HPOS="642"/>
							<String ID="string_371" HPOS="658" VPOS="1309" WIDTH="123" HEIGHT="26" WC="0.89" CONTENT="ingripande"/><SP WIDTH="12" VPOS="1309" HPOS="781"/>
							<String ID="string_372" HPOS="793" VPOS="1308" WIDTH="5" HEIGHT="20" WC="0.96" CONTENT="i"/><SP WIDTH="14" VPOS="1308" HPOS="798"/>
							<String ID="string_373" HPOS="812" VPOS="1309" WIDTH="58" HEIGHT="20" WC="0.96" CONTENT="Hans"/>
						</TextLine>
						<TextLine ID="line_39" HPOS="44" VPOS="1337" WIDTH="825" HEIGHT="28">
							<String ID="string_374" HPOS="44" VPOS="1337" WIDTH="119" HEIGHT="27" WC="0.92" CONTENT="Kejserliga"/><SP WIDTH="16" VPOS="1337" HPOS="163"/>
							<String ID="string_375" HPOS="179" VPOS="1337" WIDTH="111" HEIGHT="28" WC="0.92" CONTENT="Majestäts"/><SP WIDTH="15" VPOS="1337" HPOS="290"/>
							<String ID="string_376" HPOS="305" VPOS="1339" WIDTH="143" HEIGHT="20" WC="0.92" CONTENT="motionsrätt."/><SP WIDTH="32" VPOS="1339" HPOS="448"/>
							<String ID="string_377" HPOS="480" VPOS="1339" WIDTH="45" HEIGHT="19" WC="0.93" CONTENT="Den"/><SP WIDTH="16" VPOS="1339" HPOS="525"/>
							<String ID="string_378" HPOS="541" VPOS="1337" WIDTH="73" HEIGHT="27" WC="0.92" CONTENT="frägan"/><SP WIDTH="17" VPOS="1337" HPOS="614"/>
							<String ID="string_379" HPOS="631" VPOS="1337" WIDTH="40" HEIGHT="21" WC="0.93" CONTENT="kan"/><SP WIDTH="16" VPOS="1337" HPOS="671"/>
							<String ID="string_380" HPOS="687" VPOS="1337" WIDTH="46" HEIGHT="21" WC="0.91" CONTENT="icke"/><SP WIDTH="11" VPOS="1337" HPOS="733"/>
							<String ID="string_381" HPOS="744" VPOS="1343" WIDTH="43" HEIGHT="15" WC="0.93" CONTENT="mer"/><SP WIDTH="12" VPOS="1343" HPOS="787"/>
							<String ID="string_382" HPOS="799" VPOS="1337" WIDTH="70" HEIGHT="20" WC="0.92" CONTENT="disku-"/>
						</TextLine>
						<TextLine ID="line_40" HPOS="44" VPOS="1366" WIDTH="825" HEIGHT="27">
							<String ID="string_383" HPOS="44" VPOS="1367" WIDTH="64" HEIGHT="24" WC="0.96" CONTENT="teras,"/><SP WIDTH="23" VPOS="1367" HPOS="108"/>
							<String ID="string_384" HPOS="131" VPOS="1366" WIDTH="88" HEIGHT="21" WC="0.96" CONTENT="emedan"/><SP WIDTH="24" VPOS="1366" HPOS="219"/>
							<String ID="string_385" HPOS="243" VPOS="1367" WIDTH="39" HEIGHT="20" WC="0.93" CONTENT="den"/><SP WIDTH="22" VPOS="1367" HPOS="282"/>
							<String ID="string_386" HPOS="304" VPOS="1367" WIDTH="46" HEIGHT="21" WC="0.96" CONTENT="icke"/><SP WIDTH="22" VPOS="1367" HPOS="350"/>
							<String ID="string_387" HPOS="372" VPOS="1366" WIDTH="38" HEIGHT="21" WC="0.96" CONTENT="hör"/><SP WIDTH="20" VPOS="1366" HPOS="410"/>
							<String ID="string_388" HPOS="430" VPOS="1366" WIDTH="34" HEIGHT="22" WC="0.93" CONTENT="till"/><SP WIDTH="16" VPOS="1366" HPOS="464"/>
							<String ID="string_389" HPOS="480" VPOS="1366" WIDTH="328" HEIGHT="27" WC="0.69" CONTENT="sammanjemkningsförslaget"/><SP WIDTH="1" VPOS="1366" HPOS="808"/>
							<String ID="string_390" HPOS="809" VPOS="1362" WIDTH="7" HEIGHT="35" WC="0.69" CONTENT=";"/><SP WIDTH="6" VPOS="1362" HPOS="816"/>
							<String ID="string_391" HPOS="822" VPOS="1371" WIDTH="47" HEIGHT="15" WC="0.96" CONTENT="men"/>
						</TextLine>
						<TextLine ID="line_41" HPOS="44" VPOS="1393" WIDTH="825" HEIGHT="29">
							<String ID="string_392" HPOS="44" VPOS="1395" WIDTH="35" HEIGHT="20" WC="0.94" CONTENT="det"/><SP WIDTH="24" VPOS="1395" HPOS="79"/>
							<String ID="string_393" HPOS="103" VPOS="1396" WIDTH="24" HEIGHT="20" WC="0.94" CONTENT="är"/><SP WIDTH="22" VPOS="1396" HPOS="127"/>
							<String ID="string_394" HPOS="149" VPOS="1398" WIDTH="32" HEIGHT="18" WC="0.92" CONTENT="att"/><SP WIDTH="23" VPOS="1398" HPOS="181"/>
							<String ID="string_395" HPOS="204" VPOS="1395" WIDTH="112" HEIGHT="22" WC="0.91" CONTENT="observera"/><SP WIDTH="23" VPOS="1395" HPOS="316"/>
							<String ID="string_396" HPOS="339" VPOS="1398" WIDTH="32" HEIGHT="19" WC="0.93" CONTENT="att"/><SP WIDTH="18" VPOS="1398" HPOS="371"/>
							<String ID="string_397" HPOS="389" VPOS="1395" WIDTH="63" HEIGHT="21" WC="0.93" CONTENT="äfven"/><SP WIDTH="16" VPOS="1395" HPOS="452"/>
							<String ID="string_398" HPOS="468" VPOS="1402" WIDTH="35" HEIGHT="14" WC="0.93" CONTENT="om"/><SP WIDTH="15" VPOS="1402" HPOS="503"/>
							<String ID="string_399" HPOS="518" VPOS="1395" WIDTH="157" HEIGHT="27" WC="0.88" CONTENT="Ridderskapet"/><SP WIDTH="15" VPOS="1395" HPOS="675"/>
							<String ID="string_400" HPOS="690" VPOS="1395" WIDTH="54" HEIGHT="20" WC="0.93" CONTENT="hade"/><SP WIDTH="16" VPOS="1395" HPOS="744"/>
							<String ID="string_401" HPOS="760" VPOS="1394" WIDTH="67" HEIGHT="27" WC="0.91" CONTENT="ingätt"/><SP WIDTH="15" VPOS="1394" HPOS="827"/>
							<String ID="string_402" HPOS="842" VPOS="1393" WIDTH="27" HEIGHT="27" WC="0.96" CONTENT="pä"/>
						</TextLine>
						<TextLine ID="line_42" HPOS="44" VPOS="1423" WIDTH="825" HEIGHT="28">
							<String ID="string_403" HPOS="44" VPOS="1424" WIDTH="322" HEIGHT="27" WC="0.89" CONTENT="sammanjemkningsförslaget,"/><SP WIDTH="24" VPOS="1424" HPOS="366"/>
							<String ID="string_404" HPOS="390" VPOS="1425" WIDTH="23" HEIGHT="20" WC="0.96" CONTENT="sä"/><SP WIDTH="23" VPOS="1425" HPOS="413"/>
							<String ID="string_405" HPOS="436" VPOS="1424" WIDTH="69" HEIGHT="21" WC="0.96" CONTENT="skulle"/><SP WIDTH="22" VPOS="1424" HPOS="505"/>
							<String ID="string_406" HPOS="527" VPOS="1423" WIDTH="60" HEIGHT="22" WC="0.93" CONTENT="detta"/><SP WIDTH="21" VPOS="1423" HPOS="587"/>
							<String ID="string_407" HPOS="608" VPOS="1424" WIDTH="122" HEIGHT="26" WC="0.93" CONTENT="ingripande"/><SP WIDTH="17" VPOS="1424" HPOS="730"/>
							<String ID="string_408" HPOS="747" VPOS="1424" WIDTH="6" HEIGHT="20" WC="0.93" CONTENT="i"/><SP WIDTH="16" VPOS="1424" HPOS="753"/>
							<String ID="string_409" HPOS="769" VPOS="1423" WIDTH="100" HEIGHT="21" WC="0.92" CONTENT="motions-"/>
						</TextLine>
						<TextLine ID="line_43" HPOS="44" VPOS="1452" WIDTH="826" HEIGHT="27">
							<String ID="string_410" HPOS="44" VPOS="1453" WIDTH="70" HEIGHT="20" WC="0.91" CONTENT="rätten"/><SP WIDTH="16" VPOS="1453" HPOS="114"/>
							<String ID="string_411" HPOS="130" VPOS="1452" WIDTH="63" HEIGHT="21" WC="0.93" CONTENT="hafva"/><SP WIDTH="15" VPOS="1452" HPOS="193"/>
							<String ID="string_412" HPOS="208" VPOS="1453" WIDTH="80" HEIGHT="21" WC="0.93" CONTENT="kunnat"/><SP WIDTH="17" VPOS="1453" HPOS="288"/>
							<String ID="string_413" HPOS="305" VPOS="1453" WIDTH="115" HEIGHT="26" WC="0.92" CONTENT="föranleda,"/><SP WIDTH="16" VPOS="1453" HPOS="420"/>
							<String ID="string_414" HPOS="436" VPOS="1455" WIDTH="33" HEIGHT="18" WC="0.96" CONTENT="att"/><SP WIDTH="16" VPOS="1455" HPOS="469"/>
							<String ID="string_415" HPOS="485" VPOS="1453" WIDTH="59" HEIGHT="20" WC="0.93" CONTENT="Hans"/><SP WIDTH="11" VPOS="1453" HPOS="544"/>
							<String ID="string_416" HPOS="555" VPOS="1452" WIDTH="119" HEIGHT="27" WC="0.90" CONTENT="Kejserliga"/><SP WIDTH="12" VPOS="1452" HPOS="674"/>
							<String ID="string_417" HPOS="686" VPOS="1452" WIDTH="97" HEIGHT="27" WC="0.92" CONTENT="Majestät"/><SP WIDTH="12" VPOS="1452" HPOS="783"/>
							<String ID="string_418" HPOS="795" VPOS="1453" WIDTH="75" HEIGHT="23" WC="0.93" CONTENT="vägrar"/>
						</TextLine>
						<TextLine ID="line_44" HPOS="43" VPOS="1479" WIDTH="826" HEIGHT="29">
							<String ID="string_419" HPOS="43" VPOS="1482" WIDTH="34" HEIGHT="19" WC="0.91" CONTENT="att"/><SP WIDTH="23" VPOS="1482" HPOS="77"/>
							<String ID="string_420" HPOS="100" VPOS="1480" WIDTH="106" HEIGHT="22" WC="0.96" CONTENT="fastställa"/><SP WIDTH="23" VPOS="1480" HPOS="206"/>
							<String ID="string_421" HPOS="229" VPOS="1481" WIDTH="60" HEIGHT="27" WC="0.96" CONTENT="lagen"/><SP WIDTH="16" VPOS="1481" HPOS="289"/>
							<String ID="string_422" HPOS="305" VPOS="1481" WIDTH="6" HEIGHT="21" WC="0.96" CONTENT="i"/><SP WIDTH="16" VPOS="1481" HPOS="311"/>
							<String ID="string_423" HPOS="327" VPOS="1481" WIDTH="40" HEIGHT="22" WC="0.96" CONTENT="den"/><SP WIDTH="19" VPOS="1481" HPOS="367"/>
							<String ID="string_424" HPOS="386" VPOS="1481" WIDTH="54" HEIGHT="22" WC="0.96" CONTENT="form"/><SP WIDTH="17" VPOS="1481" HPOS="440"/>
							<String ID="string_425" HPOS="457" VPOS="1481" WIDTH="40" HEIGHT="21" WC="0.93" CONTENT="den"/><SP WIDTH="16" VPOS="1481" HPOS="497"/>
							<String ID="string_426" HPOS="513" VPOS="1481" WIDTH="101" HEIGHT="27" WC="0.93" CONTENT="slutligen"/><SP WIDTH="16" VPOS="1481" HPOS="614"/>
							<String ID="string_427" HPOS="630" VPOS="1481" WIDTH="75" HEIGHT="21" WC="0.92" CONTENT="blifver"/><SP WIDTH="16" VPOS="1481" HPOS="705"/>
							<String ID="string_428" HPOS="721" VPOS="1481" WIDTH="76" HEIGHT="21" WC="0.93" CONTENT="honom"/><SP WIDTH="16" VPOS="1481" HPOS="797"/>
							<String ID="string_429" HPOS="813" VPOS="1479" WIDTH="56" HEIGHT="22" WC="0.93" CONTENT="före-"/>
						</TextLine>
						<TextLine ID="line_45" HPOS="43" VPOS="1509" WIDTH="826" HEIGHT="28">
							<String ID="string_430" HPOS="43" VPOS="1509" WIDTH="56" HEIGHT="27" WC="0.88" CONTENT="lagd."/><SP WIDTH="32" VPOS="1509" HPOS="99"/>
							<String ID="string_431" HPOS="131" VPOS="1509" WIDTH="65" HEIGHT="22" WC="0.91" CONTENT="Detta"/><SP WIDTH="22" VPOS="1509" HPOS="196"/>
							<String ID="string_432" HPOS="218" VPOS="1510" WIDTH="45" HEIGHT="21" WC="0.91" CONTENT="stär"/><SP WIDTH="21" VPOS="1510" HPOS="263"/>
							<String ID="string_433" HPOS="284" VPOS="1510" WIDTH="53" HEIGHT="21" WC="0.96" CONTENT="dock"/><SP WIDTH="23" VPOS="1510" HPOS="337"/>
							<String ID="string_434" HPOS="360" VPOS="1516" WIDTH="45" HEIGHT="15" WC="0.93" CONTENT="som"/><SP WIDTH="23" VPOS="1516" HPOS="405"/>
							<String ID="string_435" HPOS="428" VPOS="1510" WIDTH="65" HEIGHT="27" WC="0.92" CONTENT="sagdt"/><SP WIDTH="22" VPOS="1510" HPOS="493"/>
							<String ID="string_436" HPOS="515" VPOS="1516" WIDTH="94" HEIGHT="20" WC="0.92" CONTENT="numera,"/><SP WIDTH="16" VPOS="1516" HPOS="609"/>
							<String ID="string_437" HPOS="625" VPOS="1512" WIDTH="59" HEIGHT="19" WC="0.92" CONTENT="utom"/><SP WIDTH="17" VPOS="1512" HPOS="684"/>
							<String ID="string_438" HPOS="701" VPOS="1509" WIDTH="124" HEIGHT="22" WC="0.91" CONTENT="diskussion."/><SP WIDTH="17" VPOS="1509" HPOS="825"/>
							<String ID="string_439" HPOS="842" VPOS="1521" WIDTH="27" HEIGHT="2" WC="0.92" CONTENT="—"/>
						</TextLine>
					</TextBlock>
				</ComposedBlock>
			</PrintSpace>
		</Page>
	</Layout>
</alto>
