<?xml version="1.0" encoding="UTF-8"?>
<alto xmlns="http://www.loc.gov/standards/alto/ns-v3#" xmlns:xlink="http://www.w3.org/1999/xlink" xmlns:xsi="http://www.w3.org/2001/XMLSchema-instance" xsi:schemaLocation="http://www.loc.gov/standards/alto/ns-v3# http://www.loc.gov/alto/v3/alto-3-0.xsd">
	<Description>
		<MeasurementUnit>pixel</MeasurementUnit>
		<sourceImageInformation>
			<fileName>/tmp/tess_aq3e6bm7_input.PNG</fileName>
		</sourceImageInformation>
		<OCRProcessing ID="OCR_0">
			<ocrProcessingStep>
				<processingSoftware>
					<softwareName>tesseract 5.3.4</softwareName>
				</processingSoftware>
			</ocrProcessingStep>
		</OCRProcessing>
	</Description>
	<Layout>
		<Page WIDTH="1070" HEIGHT="1795" PHYSICAL_IMG_NR="0" ID="page_0">
			<PrintSpace HPOS="0" VPOS="0" WIDTH="1070" HEIGHT="1795">
				<ComposedBlock ID="cblock_0" HPOS="206" VPOS="143" WIDTH="609" HEIGHT="24">
					<TextBlock ID="block_0" HPOS="206" VPOS="143" WIDTH="609" HEIGHT="24">
						<TextLine ID="line_0" HPOS="206" VPOS="143" WIDTH="609" HEIGHT="24">
							<String ID="string_0" HPOS="206" VPOS="143" WIDTH="42" HEIGHT="19" WC="0.92" CONTENT="946"/><SP WIDTH="177" VPOS="143" HPOS="248"/>
							<String ID="string_1" HPOS="425" VPOS="146" WIDTH="179" HEIGHT="21" WC="0.90" CONTENT="Borgareständet"/><SP WIDTH="12" VPOS="146" HPOS="604"/>
							<String ID="string_2" HPOS="616" VPOS="148" WIDTH="55" HEIGHT="17" WC="0.95" CONTENT="1877."/><SP WIDTH="26" VPOS="148" HPOS="671"/>
							<String ID="string_3" HPOS="697" VPOS="148" WIDTH="8" HEIGHT="16" WC="0.96" CONTENT="1"/><SP WIDTH="14" VPOS="148" HPOS="705"/>
							<String ID="string_4" HPOS="719" VPOS="147" WIDTH="96" HEIGHT="18" WC="0.96" CONTENT="Oktober."/>
						</TextLine>
					</TextBlock>
				</ComposedBlock>
				<GraphicalElement ID="cblock_1" HPOS="517" VPOS="177" WIDTH="56" HEIGHT="2"></GraphicalElement >
				<ComposedBlock ID="cblock_2" HPOS="206" VPOS="215" WIDTH="828" HEIGHT="256">
					<TextBlock ID="block_1" HPOS="206" VPOS="215" WIDTH="828" HEIGHT="141">
						<TextLine ID="line_1" HPOS="276" VPOS="215" WIDTH="756" HEIGHT="28">
							<String ID="string_5" HPOS="276" VPOS="215" WIDTH="174" HEIGHT="27" WC="0.96" CONTENT="Proposition:"/><SP WIDTH="24" VPOS="215" HPOS="450"/>
							<String ID="string_6" HPOS="474" VPOS="215" WIDTH="32" HEIGHT="22" WC="0.96" CONTENT="De"/><SP WIDTH="22" VPOS="215" HPOS="506"/>
							<String ID="string_7" HPOS="528" VPOS="221" WIDTH="45" HEIGHT="16" WC="0.94" CONTENT="som"/><SP WIDTH="25" VPOS="221" HPOS="573"/>
							<String ID="string_8" HPOS="598" VPOS="216" WIDTH="114" HEIGHT="27" WC="0.94" CONTENT="godkänna"/><SP WIDTH="22" VPOS="216" HPOS="712"/>
							<String ID="string_9" HPOS="734" VPOS="216" WIDTH="39" HEIGHT="21" WC="0.95" CONTENT="den"/><SP WIDTH="18" VPOS="216" HPOS="773"/>
							<String ID="string_10" HPOS="791" VPOS="216" WIDTH="80" HEIGHT="27" WC="0.96" CONTENT="lydelse"/><SP WIDTH="16" VPOS="216" HPOS="871"/>
							<String ID="string_11" HPOS="887" VPOS="216" WIDTH="23" HEIGHT="21" WC="0.96" CONTENT="af"/><SP WIDTH="13" VPOS="216" HPOS="910"/>
							<String ID="string_12" HPOS="923" VPOS="217" WIDTH="14" HEIGHT="26" WC="0.87" CONTENT="8"/><SP WIDTH="15" VPOS="217" HPOS="937"/>
							<String ID="string_13" HPOS="952" VPOS="218" WIDTH="20" HEIGHT="24" WC="0.96" CONTENT="2,"/><SP WIDTH="15" VPOS="218" HPOS="972"/>
							<String ID="string_14" HPOS="987" VPOS="222" WIDTH="45" HEIGHT="16" WC="0.95" CONTENT="som"/>
						</TextLine>
						<TextLine ID="line_2" HPOS="206" VPOS="243" WIDTH="827" HEIGHT="28">
							<String ID="string_15" HPOS="206" VPOS="244" WIDTH="112" HEIGHT="21" WC="0.96" CONTENT="Utskottet"/><SP WIDTH="22" VPOS="244" HPOS="318"/>
							<String ID="string_16" HPOS="340" VPOS="243" WIDTH="102" HEIGHT="26" WC="0.96" CONTENT="förordat,"/><SP WIDTH="23" VPOS="243" HPOS="442"/>
							<String ID="string_17" HPOS="465" VPOS="250" WIDTH="62" HEIGHT="15" WC="0.96" CONTENT="svara"/><SP WIDTH="20" VPOS="250" HPOS="527"/>
							<String ID="string_18" HPOS="547" VPOS="244" WIDTH="34" HEIGHT="27" WC="0.95" CONTENT="ja,"/><SP WIDTH="22" VPOS="244" HPOS="581"/>
							<String ID="string_19" HPOS="603" VPOS="244" WIDTH="73" HEIGHT="21" WC="0.95" CONTENT="vinner"/><SP WIDTH="20" VPOS="244" HPOS="676"/>
							<String ID="string_20" HPOS="696" VPOS="245" WIDTH="48" HEIGHT="26" WC="0.96" CONTENT="nej,"/><SP WIDTH="16" VPOS="245" HPOS="744"/>
							<String ID="string_21" HPOS="760" VPOS="251" WIDTH="61" HEIGHT="15" WC="0.93" CONTENT="anses"/><SP WIDTH="16" VPOS="251" HPOS="821"/>
							<String ID="string_22" HPOS="837" VPOS="247" WIDTH="10" HEIGHT="22" WC="0.92" CONTENT="$"/><SP WIDTH="17" VPOS="247" HPOS="847"/>
							<String ID="string_23" HPOS="864" VPOS="247" WIDTH="11" HEIGHT="19" WC="0.95" CONTENT="2"/><SP WIDTH="17" VPOS="247" HPOS="875"/>
							<String ID="string_24" HPOS="892" VPOS="245" WIDTH="24" HEIGHT="21" WC="0.93" CONTENT="af"/><SP WIDTH="12" VPOS="245" HPOS="916"/>
							<String ID="string_25" HPOS="928" VPOS="245" WIDTH="105" HEIGHT="26" WC="0.92" CONTENT="Borgare-"/>
						</TextLine>
						<TextLine ID="line_3" HPOS="207" VPOS="272" WIDTH="827" HEIGHT="28">
							<String ID="string_26" HPOS="207" VPOS="273" WIDTH="85" HEIGHT="20" WC="0.96" CONTENT="ståndet"/><SP WIDTH="23" VPOS="273" HPOS="292"/>
							<String ID="string_27" HPOS="315" VPOS="272" WIDTH="99" HEIGHT="27" WC="0.96" CONTENT="godkänd"/><SP WIDTH="24" VPOS="272" HPOS="414"/>
							<String ID="string_28" HPOS="438" VPOS="273" WIDTH="47" HEIGHT="20" WC="0.96" CONTENT="med"/><SP WIDTH="24" VPOS="273" HPOS="485"/>
							<String ID="string_29" HPOS="509" VPOS="273" WIDTH="41" HEIGHT="20" WC="0.96" CONTENT="den"/><SP WIDTH="23" VPOS="273" HPOS="550"/>
							<String ID="string_30" HPOS="573" VPOS="273" WIDTH="91" HEIGHT="27" WC="0.96" CONTENT="ändring"/><SP WIDTH="15" VPOS="273" HPOS="664"/>
							<String ID="string_31" HPOS="679" VPOS="275" WIDTH="33" HEIGHT="19" WC="0.96" CONTENT="att"/><SP WIDTH="16" VPOS="275" HPOS="712"/>
							<String ID="string_32" HPOS="728" VPOS="273" WIDTH="65" HEIGHT="21" WC="0.93" CONTENT="orden"/><SP WIDTH="17" VPOS="273" HPOS="793"/>
							<String ID="string_33" HPOS="810" VPOS="273" WIDTH="83" HEIGHT="27" WC="0.91" CONTENT=",hvilka"/><SP WIDTH="15" VPOS="273" HPOS="893"/>
							<String ID="string_34" HPOS="908" VPOS="274" WIDTH="65" HEIGHT="20" WC="0.93" CONTENT="sakna"/><SP WIDTH="16" VPOS="274" HPOS="973"/>
							<String ID="string_35" HPOS="989" VPOS="280" WIDTH="45" HEIGHT="15" WC="0.93" CONTENT="om-"/>
						</TextLine>
						<TextLine ID="line_4" HPOS="207" VPOS="301" WIDTH="825" HEIGHT="27">
							<String ID="string_36" HPOS="207" VPOS="301" WIDTH="94" HEIGHT="20" WC="0.95" CONTENT="vårdnad"/><SP WIDTH="23" VPOS="301" HPOS="301"/>
							<String ID="string_37" HPOS="324" VPOS="301" WIDTH="23" HEIGHT="20" WC="0.95" CONTENT="af"/><SP WIDTH="21" VPOS="301" HPOS="347"/>
							<String ID="string_38" HPOS="368" VPOS="304" WIDTH="82" HEIGHT="18" WC="0.61" CONTENT="annan&quot;"/><SP WIDTH="17" VPOS="304" HPOS="450"/>
							<String ID="string_39" HPOS="467" VPOS="301" WIDTH="87" HEIGHT="27" WC="0.91" CONTENT="utbytas"/><SP WIDTH="16" VPOS="301" HPOS="554"/>
							<String ID="string_40" HPOS="570" VPOS="304" WIDTH="57" HEIGHT="19" WC="0.96" CONTENT="emot"/><SP WIDTH="15" VPOS="304" HPOS="627"/>
							<String ID="string_41" HPOS="642" VPOS="303" WIDTH="65" HEIGHT="20" WC="0.93" CONTENT="orden"/><SP WIDTH="18" VPOS="303" HPOS="707"/>
							<String ID="string_42" HPOS="725" VPOS="318" WIDTH="5" HEIGHT="8" WC="0.0" CONTENT=","/><SP WIDTH="1" VPOS="318" HPOS="730"/>
							<String ID="string_43" HPOS="731" VPOS="301" WIDTH="79" HEIGHT="25" WC="0.0" CONTENT="hvilka"/><SP WIDTH="15" VPOS="301" HPOS="810"/>
							<String ID="string_44" HPOS="825" VPOS="302" WIDTH="47" HEIGHT="21" WC="0.96" CONTENT="icke"/><SP WIDTH="15" VPOS="302" HPOS="872"/>
							<String ID="string_45" HPOS="887" VPOS="304" WIDTH="37" HEIGHT="19" WC="0.95" CONTENT="äro"/><SP WIDTH="16" VPOS="304" HPOS="924"/>
							<String ID="string_46" HPOS="940" VPOS="303" WIDTH="32" HEIGHT="20" WC="0.93" CONTENT="till"/><SP WIDTH="15" VPOS="303" HPOS="972"/>
							<String ID="string_47" HPOS="987" VPOS="309" WIDTH="45" HEIGHT="14" WC="0.93" CONTENT="om-"/>
						</TextLine>
						<TextLine ID="line_5" HPOS="206" VPOS="329" WIDTH="385" HEIGHT="27">
							<String ID="string_48" HPOS="206" VPOS="329" WIDTH="95" HEIGHT="22" WC="0.96" CONTENT="vårdnad"/><SP WIDTH="16" VPOS="329" HPOS="301"/>
							<String ID="string_49" HPOS="317" VPOS="329" WIDTH="22" HEIGHT="21" WC="0.96" CONTENT="af"/><SP WIDTH="13" VPOS="329" HPOS="339"/>
							<String ID="string_50" HPOS="352" VPOS="335" WIDTH="70" HEIGHT="15" WC="0.95" CONTENT="annan"/><SP WIDTH="17" VPOS="335" HPOS="422"/>
							<String ID="string_51" HPOS="439" VPOS="330" WIDTH="152" HEIGHT="26" WC="0.80" CONTENT="berättigade.&quot;"/>
						</TextLine>
					</TextBlock>
					<TextBlock ID="block_2" HPOS="206" VPOS="358" WIDTH="826" HEIGHT="113">
						<TextLine ID="line_6" HPOS="277" VPOS="358" WIDTH="755" HEIGHT="28">
							<String ID="string_52" HPOS="277" VPOS="358" WIDTH="32" HEIGHT="21" WC="0.95" CONTENT="Då"/><SP WIDTH="21" VPOS="358" HPOS="309"/>
							<String ID="string_53" HPOS="330" VPOS="358" WIDTH="158" HEIGHT="27" WC="0.95" CONTENT="propositionen"/><SP WIDTH="22" VPOS="358" HPOS="488"/>
							<String ID="string_54" HPOS="510" VPOS="358" WIDTH="126" HEIGHT="21" WC="0.96" CONTENT="besvarades"/><SP WIDTH="16" VPOS="358" HPOS="636"/>
							<String ID="string_55" HPOS="652" VPOS="359" WIDTH="47" HEIGHT="20" WC="0.96" CONTENT="med"/><SP WIDTH="18" VPOS="359" HPOS="699"/>
							<String ID="string_56" HPOS="717" VPOS="358" WIDTH="106" HEIGHT="22" WC="0.96" CONTENT="blandade"/><SP WIDTH="14" VPOS="358" HPOS="823"/>
							<String ID="string_57" HPOS="837" VPOS="360" WIDTH="26" HEIGHT="26" WC="0.96" CONTENT="ja"/><SP WIDTH="16" VPOS="360" HPOS="863"/>
							<String ID="string_58" HPOS="879" VPOS="359" WIDTH="39" HEIGHT="21" WC="0.96" CONTENT="och"/><SP WIDTH="16" VPOS="359" HPOS="918"/>
							<String ID="string_59" HPOS="934" VPOS="359" WIDTH="47" HEIGHT="26" WC="0.93" CONTENT="nej,"/><SP WIDTH="17" VPOS="359" HPOS="981"/>
							<String ID="string_60" HPOS="998" VPOS="360" WIDTH="34" HEIGHT="20" WC="0.92" CONTENT="be-"/>
						</TextLine>
						<TextLine ID="line_7" HPOS="206" VPOS="387" WIDTH="826" HEIGHT="28">
							<String ID="string_61" HPOS="206" VPOS="387" WIDTH="77" HEIGHT="26" WC="0.92" CONTENT="gärdes"/><SP WIDTH="22" VPOS="387" HPOS="283"/>
							<String ID="string_62" HPOS="305" VPOS="387" WIDTH="137" HEIGHT="27" WC="0.82" CONTENT="omröstning,"/><SP WIDTH="23" VPOS="387" HPOS="442"/>
							<String ID="string_63" HPOS="465" VPOS="393" WIDTH="46" HEIGHT="14" WC="0.93" CONTENT="som"/><SP WIDTH="24" VPOS="393" HPOS="511"/>
							<String ID="string_64" HPOS="535" VPOS="387" WIDTH="107" HEIGHT="21" WC="0.91" CONTENT="anstäldes"/><SP WIDTH="23" VPOS="387" HPOS="642"/>
							<String ID="string_65" HPOS="665" VPOS="387" WIDTH="39" HEIGHT="21" WC="0.96" CONTENT="och"/><SP WIDTH="23" VPOS="387" HPOS="704"/>
							<String ID="string_66" HPOS="727" VPOS="387" WIDTH="61" HEIGHT="21" WC="0.96" CONTENT="utföll"/><SP WIDTH="17" VPOS="387" HPOS="788"/>
							<String ID="string_67" HPOS="805" VPOS="388" WIDTH="46" HEIGHT="21" WC="0.96" CONTENT="med"/><SP WIDTH="16" VPOS="388" HPOS="851"/>
							<String ID="string_68" HPOS="867" VPOS="388" WIDTH="27" HEIGHT="21" WC="0.95" CONTENT="25"/><SP WIDTH="14" VPOS="388" HPOS="894"/>
							<String ID="string_69" HPOS="908" VPOS="388" WIDTH="28" HEIGHT="27" WC="0.95" CONTENT="ja"/><SP WIDTH="16" VPOS="388" HPOS="936"/>
							<String ID="string_70" HPOS="952" VPOS="388" WIDTH="38" HEIGHT="21" WC="0.96" CONTENT="och"/><SP WIDTH="17" VPOS="388" HPOS="990"/>
							<String ID="string_71" HPOS="1007" VPOS="389" WIDTH="25" HEIGHT="20" WC="0.96" CONTENT="14"/>
						</TextLine>
						<TextLine ID="line_8" HPOS="206" VPOS="415" WIDTH="826" HEIGHT="27">
							<String ID="string_72" HPOS="206" VPOS="415" WIDTH="42" HEIGHT="27" WC="0.93" CONTENT="nej."/><SP WIDTH="30" VPOS="415" HPOS="248"/>
							<String ID="string_73" HPOS="278" VPOS="416" WIDTH="11" HEIGHT="20" WC="0.96" CONTENT="I"/><SP WIDTH="23" VPOS="416" HPOS="289"/>
							<String ID="string_74" HPOS="312" VPOS="415" WIDTH="52" HEIGHT="27" WC="0.96" CONTENT="följd"/><SP WIDTH="24" VPOS="415" HPOS="364"/>
							<String ID="string_75" HPOS="388" VPOS="416" WIDTH="63" HEIGHT="20" WC="0.96" CONTENT="häraf"/><SP WIDTH="14" VPOS="416" HPOS="451"/>
							<String ID="string_76" HPOS="465" VPOS="416" WIDTH="133" HEIGHT="21" WC="0.91" CONTENT="förklarades"/><SP WIDTH="17" VPOS="416" HPOS="598"/>
							<String ID="string_77" HPOS="615" VPOS="418" WIDTH="11" HEIGHT="24" WC="0.91" CONTENT="$"/><SP WIDTH="16" VPOS="418" HPOS="626"/>
							<String ID="string_78" HPOS="642" VPOS="417" WIDTH="13" HEIGHT="19" WC="0.95" CONTENT="2"/><SP WIDTH="16" VPOS="417" HPOS="655"/>
							<String ID="string_79" HPOS="671" VPOS="416" WIDTH="6" HEIGHT="20" WC="0.96" CONTENT="i"/><SP WIDTH="17" VPOS="416" HPOS="677"/>
							<String ID="string_80" HPOS="694" VPOS="416" WIDTH="123" HEIGHT="22" WC="0.96" CONTENT="Utskottets"/><SP WIDTH="15" VPOS="416" HPOS="817"/>
							<String ID="string_81" HPOS="832" VPOS="417" WIDTH="135" HEIGHT="21" WC="0.96" CONTENT="betänkande"/><SP WIDTH="15" VPOS="417" HPOS="967"/>
							<String ID="string_82" HPOS="982" VPOS="423" WIDTH="50" HEIGHT="15" WC="0.96" CONTENT="vara"/>
						</TextLine>
						<TextLine ID="line_9" HPOS="206" VPOS="444" WIDTH="339" HEIGHT="27">
							<String ID="string_83" HPOS="206" VPOS="444" WIDTH="24" HEIGHT="21" WC="0.93" CONTENT="af"/><SP WIDTH="14" VPOS="444" HPOS="230"/>
							<String ID="string_84" HPOS="244" VPOS="444" WIDTH="180" HEIGHT="26" WC="0.92" CONTENT="Borgareståndet"/><SP WIDTH="15" VPOS="444" HPOS="424"/>
							<String ID="string_85" HPOS="439" VPOS="444" WIDTH="106" HEIGHT="27" WC="0.96" CONTENT="godkänd."/>
						</TextLine>
					</TextBlock>
				</ComposedBlock>
				<ComposedBlock ID="cblock_3" HPOS="597" VPOS="501" WIDTH="47" HEIGHT="27">
					<TextBlock ID="block_3" HPOS="597" VPOS="501" WIDTH="47" HEIGHT="27">
						<TextLine ID="line_10" HPOS="597" VPOS="501" WIDTH="47" HEIGHT="27">
							<String ID="string_86" HPOS="597" VPOS="501" WIDTH="47" HEIGHT="27" WC="0.50" CONTENT="SEN"/>
						</TextLine>
					</TextBlock>
				</ComposedBlock>
				<ComposedBlock ID="cblock_4" HPOS="206" VPOS="557" WIDTH="827" HEIGHT="542">
					<TextBlock ID="block_4" HPOS="206" VPOS="557" WIDTH="827" HEIGHT="485">
						<TextLine ID="line_11" HPOS="277" VPOS="557" WIDTH="754" HEIGHT="27">
							<String ID="string_87" HPOS="277" VPOS="557" WIDTH="55" HEIGHT="21" WC="0.96" CONTENT="Herr"/><SP WIDTH="22" VPOS="557" HPOS="332"/>
							<String ID="string_88" HPOS="354" VPOS="557" WIDTH="176" HEIGHT="27" WC="0.95" CONTENT="Chydenius:"/><SP WIDTH="24" VPOS="557" HPOS="530"/>
							<String ID="string_89" HPOS="554" VPOS="557" WIDTH="41" HEIGHT="27" WC="0.93" CONTENT="Jag"/><SP WIDTH="23" VPOS="557" HPOS="595"/>
							<String ID="string_90" HPOS="618" VPOS="558" WIDTH="95" HEIGHT="21" WC="0.93" CONTENT="anhäller"/><SP WIDTH="15" VPOS="558" HPOS="713"/>
							<String ID="string_91" HPOS="728" VPOS="560" WIDTH="32" HEIGHT="19" WC="0.93" CONTENT="att"/><SP WIDTH="16" VPOS="560" HPOS="760"/>
							<String ID="string_92" HPOS="776" VPOS="558" WIDTH="21" HEIGHT="21" WC="0.92" CONTENT="fä"/><SP WIDTH="14" VPOS="558" HPOS="797"/>
							<String ID="string_93" HPOS="811" VPOS="558" WIDTH="84" HEIGHT="25" WC="0.93" CONTENT="föreslä,"/><SP WIDTH="17" VPOS="558" HPOS="895"/>
							<String ID="string_94" HPOS="912" VPOS="560" WIDTH="31" HEIGHT="19" WC="0.93" CONTENT="att"/><SP WIDTH="15" VPOS="560" HPOS="943"/>
							<String ID="string_95" HPOS="958" VPOS="558" WIDTH="73" HEIGHT="21" WC="0.93" CONTENT="orden:"/>
						</TextLine>
						<TextLine ID="line_12" HPOS="207" VPOS="586" WIDTH="824" HEIGHT="27">
							<String ID="string_96" HPOS="207" VPOS="586" WIDTH="67" HEIGHT="26" WC="0.45" CONTENT="efter"/><SP WIDTH="22" VPOS="586" HPOS="274"/>
							<String ID="string_97" HPOS="296" VPOS="586" WIDTH="229" HEIGHT="27" WC="0.92" CONTENT="fattigvärdstyrelsens"/><SP WIDTH="15" VPOS="586" HPOS="525"/>
							<String ID="string_98" HPOS="540" VPOS="587" WIDTH="99" HEIGHT="26" WC="0.91" CONTENT="pröfning"/><SP WIDTH="20" VPOS="587" HPOS="639"/>
							<String ID="string_99" HPOS="659" VPOS="587" WIDTH="57" HEIGHT="23" WC="0.89" CONTENT="och&quot;,"/><SP WIDTH="16" VPOS="587" HPOS="716"/>
							<String ID="string_100" HPOS="732" VPOS="587" WIDTH="66" HEIGHT="20" WC="0.96" CONTENT="måtte"/><SP WIDTH="16" VPOS="587" HPOS="798"/>
							<String ID="string_101" HPOS="814" VPOS="587" WIDTH="57" HEIGHT="26" WC="0.96" CONTENT="utgå."/><SP WIDTH="32" VPOS="587" HPOS="871"/>
							<String ID="string_102" HPOS="903" VPOS="587" WIDTH="71" HEIGHT="26" WC="0.70" CONTENT="Enligt"/><SP WIDTH="15" VPOS="587" HPOS="974"/>
							<String ID="string_103" HPOS="989" VPOS="587" WIDTH="42" HEIGHT="20" WC="0.90" CONTENT="min"/>
						</TextLine>
						<TextLine ID="line_13" HPOS="207" VPOS="615" WIDTH="825" HEIGHT="27">
							<String ID="string_104" HPOS="207" VPOS="615" WIDTH="65" HEIGHT="20" WC="0.93" CONTENT="tanke"/><SP WIDTH="23" VPOS="615" HPOS="272"/>
							<String ID="string_105" HPOS="295" VPOS="615" WIDTH="106" HEIGHT="21" WC="0.96" CONTENT="innehålla"/><SP WIDTH="15" VPOS="615" HPOS="401"/>
							<String ID="string_106" HPOS="416" VPOS="615" WIDTH="40" HEIGHT="21" WC="0.93" CONTENT="den"/><SP WIDTH="17" VPOS="615" HPOS="456"/>
							<String ID="string_107" HPOS="473" VPOS="615" WIDTH="18" HEIGHT="27" WC="0.88" CONTENT="$,"/><SP WIDTH="16" VPOS="615" HPOS="491"/>
							<String ID="string_108" HPOS="507" VPOS="621" WIDTH="45" HEIGHT="15" WC="0.96" CONTENT="som"/><SP WIDTH="17" VPOS="621" HPOS="552"/>
							<String ID="string_109" HPOS="569" VPOS="615" WIDTH="19" HEIGHT="21" WC="0.93" CONTENT="vi"/><SP WIDTH="17" VPOS="615" HPOS="588"/>
							<String ID="string_110" HPOS="605" VPOS="621" WIDTH="48" HEIGHT="21" WC="0.93" CONTENT="nyss"/><SP WIDTH="15" VPOS="621" HPOS="653"/>
							<String ID="string_111" HPOS="668" VPOS="618" WIDTH="85" HEIGHT="18" WC="0.92" CONTENT="voterat"/><SP WIDTH="15" VPOS="618" HPOS="753"/>
							<String ID="string_112" HPOS="768" VPOS="618" WIDTH="55" HEIGHT="19" WC="0.96" CONTENT="samt"/><SP WIDTH="16" VPOS="618" HPOS="823"/>
							<String ID="string_113" HPOS="839" VPOS="616" WIDTH="40" HEIGHT="20" WC="0.93" CONTENT="den"/><SP WIDTH="16" VPOS="616" HPOS="879"/>
							<String ID="string_114" HPOS="895" VPOS="615" WIDTH="137" HEIGHT="21" WC="0.96" CONTENT="förevarande"/>
						</TextLine>
						<TextLine ID="line_14" HPOS="206" VPOS="643" WIDTH="827" HEIGHT="28">
							<String ID="string_115" HPOS="206" VPOS="643" WIDTH="74" HEIGHT="27" WC="0.90" CONTENT="sjelfva"/><SP WIDTH="21" VPOS="643" HPOS="280"/>
							<String ID="string_116" HPOS="301" VPOS="643" WIDTH="147" HEIGHT="26" WC="0.92" CONTENT="kärnpunkten"/><SP WIDTH="16" VPOS="643" HPOS="448"/>
							<String ID="string_117" HPOS="464" VPOS="644" WIDTH="6" HEIGHT="20" WC="0.96" CONTENT="i"/><SP WIDTH="17" VPOS="644" HPOS="470"/>
							<String ID="string_118" HPOS="487" VPOS="644" WIDTH="38" HEIGHT="21" WC="0.93" CONTENT="den"/><SP WIDTH="18" VPOS="644" HPOS="525"/>
							<String ID="string_119" HPOS="543" VPOS="643" WIDTH="129" HEIGHT="28" WC="0.92" CONTENT="förordning,"/><SP WIDTH="17" VPOS="643" HPOS="672"/>
							<String ID="string_120" HPOS="689" VPOS="650" WIDTH="45" HEIGHT="15" WC="0.96" CONTENT="som"/><SP WIDTH="18" VPOS="650" HPOS="734"/>
							<String ID="string_121" HPOS="752" VPOS="650" WIDTH="27" HEIGHT="15" WC="0.96" CONTENT="nu"/><SP WIDTH="16" VPOS="650" HPOS="779"/>
							<String ID="string_122" HPOS="795" VPOS="646" WIDTH="24" HEIGHT="19" WC="0.96" CONTENT="är"/><SP WIDTH="16" VPOS="646" HPOS="819"/>
							<String ID="string_123" HPOS="835" VPOS="645" WIDTH="66" HEIGHT="20" WC="0.93" CONTENT="under"/><SP WIDTH="15" VPOS="645" HPOS="901"/>
							<String ID="string_124" HPOS="916" VPOS="644" WIDTH="117" HEIGHT="27" WC="0.91" CONTENT="handlägg-"/>
						</TextLine>
						<TextLine ID="line_15" HPOS="207" VPOS="671" WIDTH="825" HEIGHT="28">
							<String ID="string_125" HPOS="207" VPOS="671" WIDTH="57" HEIGHT="27" WC="0.92" CONTENT="ning,"/><SP WIDTH="16" VPOS="671" HPOS="264"/>
							<String ID="string_126" HPOS="280" VPOS="671" WIDTH="14" HEIGHT="28" WC="0.84" CONTENT="$"/><SP WIDTH="17" VPOS="671" HPOS="294"/>
							<String ID="string_127" HPOS="311" VPOS="673" WIDTH="10" HEIGHT="20" WC="0.91" CONTENT="2"/><SP WIDTH="24" VPOS="673" HPOS="321"/>
							<String ID="string_128" HPOS="345" VPOS="672" WIDTH="136" HEIGHT="21" WC="0.91" CONTENT="föreskrifver"/><SP WIDTH="22" VPOS="672" HPOS="481"/>
							<String ID="string_129" HPOS="503" VPOS="673" WIDTH="6" HEIGHT="20" WC="0.93" CONTENT="i"/><SP WIDTH="24" VPOS="673" HPOS="509"/>
							<String ID="string_130" HPOS="533" VPOS="672" WIDTH="72" HEIGHT="21" WC="0.96" CONTENT="hvilka"/><SP WIDTH="23" VPOS="672" HPOS="605"/>
							<String ID="string_131" HPOS="628" VPOS="673" WIDTH="37" HEIGHT="20" WC="0.96" CONTENT="fall"/><SP WIDTH="23" VPOS="673" HPOS="665"/>
							<String ID="string_132" HPOS="688" VPOS="673" WIDTH="36" HEIGHT="20" WC="0.93" CONTENT="det"/><SP WIDTH="23" VPOS="673" HPOS="724"/>
							<String ID="string_133" HPOS="747" VPOS="673" WIDTH="80" HEIGHT="26" WC="0.96" CONTENT="åligger"/><SP WIDTH="23" VPOS="673" HPOS="827"/>
							<String ID="string_134" HPOS="850" VPOS="673" WIDTH="127" HEIGHT="20" WC="0.95" CONTENT="kommunen"/><SP WIDTH="24" VPOS="673" HPOS="977"/>
							<String ID="string_135" HPOS="1001" VPOS="675" WIDTH="31" HEIGHT="18" WC="0.96" CONTENT="att"/>
						</TextLine>
						<TextLine ID="line_16" HPOS="206" VPOS="700" WIDTH="826" HEIGHT="27">
							<String ID="string_136" HPOS="206" VPOS="700" WIDTH="68" HEIGHT="21" WC="0.96" CONTENT="vårda"/><SP WIDTH="15" VPOS="700" HPOS="274"/>
							<String ID="string_137" HPOS="289" VPOS="700" WIDTH="30" HEIGHT="27" WC="0.96" CONTENT="sig"/><SP WIDTH="16" VPOS="700" HPOS="319"/>
							<String ID="string_138" HPOS="335" VPOS="707" WIDTH="33" HEIGHT="14" WC="0.96" CONTENT="om"/><SP WIDTH="18" VPOS="707" HPOS="368"/>
							<String ID="string_139" HPOS="386" VPOS="701" WIDTH="25" HEIGHT="20" WC="0.93" CONTENT="de"/><SP WIDTH="16" VPOS="701" HPOS="411"/>
							<String ID="string_140" HPOS="427" VPOS="701" WIDTH="80" HEIGHT="26" WC="0.93" CONTENT="fattige."/><SP WIDTH="32" VPOS="701" HPOS="507"/>
							<String ID="string_141" HPOS="539" VPOS="701" WIDTH="75" HEIGHT="20" WC="0.96" CONTENT="Denna"/><SP WIDTH="16" VPOS="701" HPOS="614"/>
							<String ID="string_142" HPOS="630" VPOS="702" WIDTH="12" HEIGHT="25" WC="0.56" CONTENT="S"/><SP WIDTH="16" VPOS="702" HPOS="642"/>
							<String ID="string_143" HPOS="658" VPOS="701" WIDTH="68" HEIGHT="26" WC="0.92" CONTENT="gifver"/><SP WIDTH="14" VPOS="701" HPOS="726"/>
							<String ID="string_144" HPOS="740" VPOS="701" WIDTH="128" HEIGHT="21" WC="0.96" CONTENT="kommunen"/><SP WIDTH="17" VPOS="701" HPOS="868"/>
							<String ID="string_145" HPOS="885" VPOS="701" WIDTH="100" HEIGHT="26" WC="0.96" CONTENT="rättighet"/><SP WIDTH="16" VPOS="701" HPOS="985"/>
							<String ID="string_146" HPOS="1001" VPOS="703" WIDTH="31" HEIGHT="18" WC="0.96" CONTENT="att"/>
						</TextLine>
						<TextLine ID="line_17" HPOS="207" VPOS="729" WIDTH="826" HEIGHT="27">
							<String ID="string_147" HPOS="207" VPOS="729" WIDTH="110" HEIGHT="21" WC="0.96" CONTENT="utsträcka"/><SP WIDTH="16" VPOS="729" HPOS="317"/>
							<String ID="string_148" HPOS="333" VPOS="729" WIDTH="69" HEIGHT="21" WC="0.92" CONTENT="denna"/><SP WIDTH="15" VPOS="729" HPOS="402"/>
							<String ID="string_149" HPOS="417" VPOS="729" WIDTH="113" HEIGHT="26" WC="0.96" CONTENT="fattigvård"/><SP WIDTH="17" VPOS="729" HPOS="530"/>
							<String ID="string_150" HPOS="547" VPOS="730" WIDTH="78" HEIGHT="25" WC="0.96" CONTENT="längre."/><SP WIDTH="32" VPOS="730" HPOS="625"/>
							<String ID="string_151" HPOS="657" VPOS="730" WIDTH="43" HEIGHT="26" WC="0.91" CONTENT="Mig"/><SP WIDTH="16" VPOS="730" HPOS="700"/>
							<String ID="string_152" HPOS="716" VPOS="736" WIDTH="61" HEIGHT="20" WC="0.96" CONTENT="synes"/><SP WIDTH="17" VPOS="736" HPOS="777"/>
							<String ID="string_153" HPOS="794" VPOS="730" WIDTH="35" HEIGHT="20" WC="0.96" CONTENT="det"/><SP WIDTH="16" VPOS="730" HPOS="829"/>
							<String ID="string_154" HPOS="845" VPOS="736" WIDTH="50" HEIGHT="14" WC="0.93" CONTENT="vara"/><SP WIDTH="17" VPOS="736" HPOS="895"/>
							<String ID="string_155" HPOS="912" VPOS="730" WIDTH="78" HEIGHT="25" WC="0.96" CONTENT="riktigt,"/><SP WIDTH="11" VPOS="730" HPOS="990"/>
							<String ID="string_156" HPOS="1001" VPOS="732" WIDTH="32" HEIGHT="18" WC="0.94" CONTENT="att"/>
						</TextLine>
						<TextLine ID="line_18" HPOS="206" VPOS="757" WIDTH="826" HEIGHT="28">
							<String ID="string_157" HPOS="206" VPOS="757" WIDTH="128" HEIGHT="22" WC="0.90" CONTENT="kommunen"/><SP WIDTH="24" VPOS="757" HPOS="334"/>
							<String ID="string_158" HPOS="358" VPOS="758" WIDTH="53" HEIGHT="21" WC="0.93" CONTENT="skall"/><SP WIDTH="23" VPOS="758" HPOS="411"/>
							<String ID="string_159" HPOS="434" VPOS="757" WIDTH="62" HEIGHT="22" WC="0.92" CONTENT="hafva"/><SP WIDTH="15" VPOS="757" HPOS="496"/>
							<String ID="string_160" HPOS="511" VPOS="758" WIDTH="70" HEIGHT="21" WC="0.93" CONTENT="denna"/><SP WIDTH="15" VPOS="758" HPOS="581"/>
							<String ID="string_161" HPOS="596" VPOS="758" WIDTH="109" HEIGHT="26" WC="0.91" CONTENT="rättighet,"/><SP WIDTH="16" VPOS="758" HPOS="705"/>
							<String ID="string_162" HPOS="721" VPOS="759" WIDTH="7" HEIGHT="20" WC="0.96" CONTENT="i"/><SP WIDTH="16" VPOS="759" HPOS="728"/>
							<String ID="string_163" HPOS="744" VPOS="758" WIDTH="115" HEIGHT="27" WC="0.96" CONTENT="synnerhet"/><SP WIDTH="16" VPOS="758" HPOS="859"/>
							<String ID="string_164" HPOS="875" VPOS="758" WIDTH="27" HEIGHT="21" WC="0.96" CONTENT="dä"/><SP WIDTH="16" VPOS="758" HPOS="902"/>
							<String ID="string_165" HPOS="918" VPOS="758" WIDTH="35" HEIGHT="21" WC="0.96" CONTENT="det"/><SP WIDTH="12" VPOS="758" HPOS="953"/>
							<String ID="string_166" HPOS="965" VPOS="758" WIDTH="67" HEIGHT="25" WC="0.96" CONTENT="gäller"/>
						</TextLine>
						<TextLine ID="line_19" HPOS="207" VPOS="786" WIDTH="824" HEIGHT="27">
							<String ID="string_167" HPOS="207" VPOS="788" WIDTH="33" HEIGHT="19" WC="0.88" CONTENT="att"/><SP WIDTH="22" VPOS="788" HPOS="240"/>
							<String ID="string_168" HPOS="262" VPOS="786" WIDTH="27" HEIGHT="27" WC="0.88" CONTENT="gä"/><SP WIDTH="23" VPOS="786" HPOS="289"/>
							<String ID="string_169" HPOS="312" VPOS="786" WIDTH="58" HEIGHT="21" WC="0.92" CONTENT="öfver"/><SP WIDTH="23" VPOS="786" HPOS="370"/>
							<String ID="string_170" HPOS="393" VPOS="786" WIDTH="45" HEIGHT="21" WC="0.92" CONTENT="frän"/><SP WIDTH="24" VPOS="786" HPOS="438"/>
							<String ID="string_171" HPOS="462" VPOS="787" WIDTH="35" HEIGHT="20" WC="0.95" CONTENT="det"/><SP WIDTH="24" VPOS="787" HPOS="497"/>
							<String ID="string_172" HPOS="521" VPOS="790" WIDTH="83" HEIGHT="23" WC="0.95" CONTENT="system,"/><SP WIDTH="18" VPOS="790" HPOS="604"/>
							<String ID="string_173" HPOS="622" VPOS="793" WIDTH="44" HEIGHT="14" WC="0.93" CONTENT="som"/><SP WIDTH="18" VPOS="793" HPOS="666"/>
							<String ID="string_174" HPOS="684" VPOS="787" WIDTH="76" HEIGHT="21" WC="0.93" CONTENT="hittills"/><SP WIDTH="15" VPOS="787" HPOS="760"/>
							<String ID="string_175" HPOS="775" VPOS="787" WIDTH="39" HEIGHT="20" WC="0.93" CONTENT="har"/><SP WIDTH="15" VPOS="787" HPOS="814"/>
							<String ID="string_176" HPOS="829" VPOS="787" WIDTH="107" HEIGHT="21" WC="0.93" CONTENT="existerat."/><SP WIDTH="30" VPOS="787" HPOS="936"/>
							<String ID="string_177" HPOS="966" VPOS="787" WIDTH="65" HEIGHT="26" WC="0.91" CONTENT="Ingen"/>
						</TextLine>
						<TextLine ID="line_20" HPOS="207" VPOS="815" WIDTH="825" HEIGHT="26">
							<String ID="string_178" HPOS="207" VPOS="815" WIDTH="40" HEIGHT="20" WC="0.95" CONTENT="bör"/><SP WIDTH="22" VPOS="815" HPOS="247"/>
							<String ID="string_179" HPOS="269" VPOS="815" WIDTH="71" HEIGHT="20" WC="0.93" CONTENT="kunna"/><SP WIDTH="23" VPOS="815" HPOS="340"/>
							<String ID="string_180" HPOS="363" VPOS="815" WIDTH="94" HEIGHT="21" WC="0.91" CONTENT="bestrida"/><SP WIDTH="22" VPOS="815" HPOS="457"/>
							<String ID="string_181" HPOS="479" VPOS="815" WIDTH="152" HEIGHT="21" WC="0.92" CONTENT="kommunerne"/><SP WIDTH="23" VPOS="815" HPOS="631"/>
							<String ID="string_182" HPOS="654" VPOS="815" WIDTH="109" HEIGHT="26" WC="0.92" CONTENT="rättighet,"/><SP WIDTH="24" VPOS="815" HPOS="763"/>
							<String ID="string_183" HPOS="787" VPOS="817" WIDTH="38" HEIGHT="24" WC="0.96" CONTENT="att,"/><SP WIDTH="24" VPOS="817" HPOS="825"/>
							<String ID="string_184" HPOS="849" VPOS="822" WIDTH="34" HEIGHT="14" WC="0.96" CONTENT="om"/><SP WIDTH="17" VPOS="822" HPOS="883"/>
							<String ID="string_185" HPOS="900" VPOS="815" WIDTH="46" HEIGHT="21" WC="0.96" CONTENT="dem"/><SP WIDTH="16" VPOS="815" HPOS="946"/>
							<String ID="string_186" HPOS="962" VPOS="815" WIDTH="23" HEIGHT="21" WC="0.96" CONTENT="sä"/><SP WIDTH="16" VPOS="815" HPOS="985"/>
							<String ID="string_187" HPOS="1001" VPOS="815" WIDTH="31" HEIGHT="21" WC="0.96" CONTENT="för"/>
						</TextLine>
						<TextLine ID="line_21" HPOS="206" VPOS="843" WIDTH="826" HEIGHT="28">
							<String ID="string_188" HPOS="206" VPOS="843" WIDTH="53" HEIGHT="26" WC="0.96" CONTENT="godt"/><SP WIDTH="23" VPOS="843" HPOS="259"/>
							<String ID="string_189" HPOS="282" VPOS="849" WIDTH="67" HEIGHT="21" WC="0.96" CONTENT="synes,"/><SP WIDTH="22" VPOS="849" HPOS="349"/>
							<String ID="string_190" HPOS="371" VPOS="844" WIDTH="110" HEIGHT="21" WC="0.96" CONTENT="utsträcka"/><SP WIDTH="22" VPOS="844" HPOS="481"/>
							<String ID="string_191" HPOS="503" VPOS="844" WIDTH="31" HEIGHT="21" WC="0.93" CONTENT="sin"/><SP WIDTH="25" VPOS="844" HPOS="534"/>
							<String ID="string_192" HPOS="559" VPOS="843" WIDTH="115" HEIGHT="28" WC="0.95" CONTENT="fattigvård"/><SP WIDTH="24" VPOS="843" HPOS="674"/>
							<String ID="string_193" HPOS="698" VPOS="843" WIDTH="82" HEIGHT="27" WC="0.95" CONTENT="längre;"/><SP WIDTH="25" VPOS="843" HPOS="780"/>
							<String ID="string_194" HPOS="805" VPOS="850" WIDTH="47" HEIGHT="15" WC="0.96" CONTENT="men"/><SP WIDTH="17" VPOS="850" HPOS="852"/>
							<String ID="string_195" HPOS="869" VPOS="844" WIDTH="26" HEIGHT="21" WC="0.96" CONTENT="dä"/><SP WIDTH="16" VPOS="844" HPOS="895"/>
							<String ID="string_196" HPOS="911" VPOS="843" WIDTH="72" HEIGHT="28" WC="0.96" CONTENT="tycker"/><SP WIDTH="14" VPOS="843" HPOS="983"/>
							<String ID="string_197" HPOS="997" VPOS="844" WIDTH="35" HEIGHT="26" WC="0.95" CONTENT="jag"/>
						</TextLine>
						<TextLine ID="line_22" HPOS="207" VPOS="871" WIDTH="825" HEIGHT="28">
							<String ID="string_198" HPOS="207" VPOS="871" WIDTH="65" HEIGHT="22" WC="0.92" CONTENT="ocksä"/><SP WIDTH="23" VPOS="871" HPOS="272"/>
							<String ID="string_199" HPOS="295" VPOS="875" WIDTH="32" HEIGHT="18" WC="0.96" CONTENT="att"/><SP WIDTH="23" VPOS="875" HPOS="327"/>
							<String ID="string_200" HPOS="350" VPOS="873" WIDTH="25" HEIGHT="20" WC="0.96" CONTENT="de"/><SP WIDTH="22" VPOS="873" HPOS="375"/>
							<String ID="string_201" HPOS="397" VPOS="872" WIDTH="23" HEIGHT="21" WC="0.96" CONTENT="af"/><SP WIDTH="21" VPOS="872" HPOS="420"/>
							<String ID="string_202" HPOS="441" VPOS="873" WIDTH="42" HEIGHT="26" WC="0.93" CONTENT="mig"/><SP WIDTH="22" VPOS="873" HPOS="483"/>
							<String ID="string_203" HPOS="505" VPOS="873" WIDTH="89" HEIGHT="20" WC="0.90" CONTENT="anförda"/><SP WIDTH="16" VPOS="873" HPOS="594"/>
							<String ID="string_204" HPOS="610" VPOS="873" WIDTH="64" HEIGHT="20" WC="0.91" CONTENT="orden"/><SP WIDTH="17" VPOS="873" HPOS="674"/>
							<String ID="string_205" HPOS="691" VPOS="874" WIDTH="37" HEIGHT="19" WC="0.91" CONTENT="äro"/><SP WIDTH="17" VPOS="874" HPOS="728"/>
							<String ID="string_206" HPOS="745" VPOS="873" WIDTH="97" HEIGHT="26" WC="0.92" CONTENT="onödiga."/><SP WIDTH="32" VPOS="873" HPOS="842"/>
							<String ID="string_207" HPOS="874" VPOS="873" WIDTH="41" HEIGHT="20" WC="0.96" CONTENT="Det"/><SP WIDTH="15" VPOS="873" HPOS="915"/>
							<String ID="string_208" HPOS="930" VPOS="874" WIDTH="23" HEIGHT="19" WC="0.93" CONTENT="är"/><SP WIDTH="15" VPOS="874" HPOS="953"/>
							<String ID="string_209" HPOS="968" VPOS="873" WIDTH="64" HEIGHT="20" WC="0.90" CONTENT="ocksä"/>
						</TextLine>
						<TextLine ID="line_23" HPOS="208" VPOS="900" WIDTH="825" HEIGHT="27">
							<String ID="string_210" HPOS="208" VPOS="900" WIDTH="119" HEIGHT="27" WC="0.87" CONTENT="uppenbart"/><SP WIDTH="22" VPOS="900" HPOS="327"/>
							<String ID="string_211" HPOS="349" VPOS="900" WIDTH="117" HEIGHT="27" WC="0.93" CONTENT="meningen,"/><SP WIDTH="21" VPOS="900" HPOS="466"/>
							<String ID="string_212" HPOS="487" VPOS="903" WIDTH="33" HEIGHT="19" WC="0.96" CONTENT="att"/><SP WIDTH="23" VPOS="903" HPOS="520"/>
							<String ID="string_213" HPOS="543" VPOS="901" WIDTH="36" HEIGHT="21" WC="0.95" CONTENT="det"/><SP WIDTH="15" VPOS="901" HPOS="579"/>
							<String ID="string_214" HPOS="594" VPOS="901" WIDTH="54" HEIGHT="21" WC="0.93" CONTENT="skall"/><SP WIDTH="16" VPOS="901" HPOS="648"/>
							<String ID="string_215" HPOS="664" VPOS="901" WIDTH="141" HEIGHT="21" WC="0.92" CONTENT="öfverlemnas"/><SP WIDTH="15" VPOS="901" HPOS="805"/>
							<String ID="string_216" HPOS="820" VPOS="902" WIDTH="23" HEIGHT="20" WC="0.92" CONTENT="ät"/><SP WIDTH="15" VPOS="902" HPOS="843"/>
							<String ID="string_217" HPOS="858" VPOS="901" WIDTH="126" HEIGHT="20" WC="0.96" CONTENT="kommunen"/><SP WIDTH="16" VPOS="901" HPOS="984"/>
							<String ID="string_218" HPOS="1000" VPOS="902" WIDTH="33" HEIGHT="19" WC="0.96" CONTENT="att"/>
						</TextLine>
						<TextLine ID="line_24" HPOS="206" VPOS="929" WIDTH="826" HEIGHT="27">
							<String ID="string_219" HPOS="206" VPOS="929" WIDTH="50" HEIGHT="26" WC="0.96" CONTENT="sjelf"/><SP WIDTH="15" VPOS="929" HPOS="256"/>
							<String ID="string_220" HPOS="271" VPOS="929" WIDTH="117" HEIGHT="21" WC="0.96" CONTENT="bestämma"/><SP WIDTH="15" VPOS="929" HPOS="388"/>
							<String ID="string_221" HPOS="403" VPOS="930" WIDTH="7" HEIGHT="20" WC="0.96" CONTENT="i"/><SP WIDTH="16" VPOS="930" HPOS="410"/>
							<String ID="string_222" HPOS="426" VPOS="929" WIDTH="53" HEIGHT="21" WC="0.93" CONTENT="huru"/><SP WIDTH="16" VPOS="929" HPOS="479"/>
							<String ID="string_223" HPOS="495" VPOS="930" WIDTH="117" HEIGHT="21" WC="0.96" CONTENT="vidsträckt"/><SP WIDTH="17" VPOS="930" HPOS="612"/>
							<String ID="string_224" HPOS="629" VPOS="930" WIDTH="47" HEIGHT="20" WC="0.96" CONTENT="män"/><SP WIDTH="18" VPOS="930" HPOS="676"/>
							<String ID="string_225" HPOS="694" VPOS="930" WIDTH="39" HEIGHT="21" WC="0.96" CONTENT="den"/><SP WIDTH="17" VPOS="930" HPOS="733"/>
							<String ID="string_226" HPOS="750" VPOS="929" WIDTH="35" HEIGHT="21" WC="0.93" CONTENT="vill"/><SP WIDTH="16" VPOS="929" HPOS="785"/>
							<String ID="string_227" HPOS="801" VPOS="930" WIDTH="110" HEIGHT="21" WC="0.96" CONTENT="utsträcka"/><SP WIDTH="11" VPOS="930" HPOS="911"/>
							<String ID="string_228" HPOS="922" VPOS="930" WIDTH="30" HEIGHT="20" WC="0.92" CONTENT="sin"/><SP WIDTH="9" VPOS="930" HPOS="952"/>
							<String ID="string_229" HPOS="961" VPOS="929" WIDTH="71" HEIGHT="27" WC="0.90" CONTENT="fattig-"/>
						</TextLine>
						<TextLine ID="line_25" HPOS="206" VPOS="957" WIDTH="825" HEIGHT="28">
							<String ID="string_230" HPOS="206" VPOS="957" WIDTH="54" HEIGHT="22" WC="0.95" CONTENT="vård"/><SP WIDTH="15" VPOS="957" HPOS="260"/>
							<String ID="string_231" HPOS="275" VPOS="958" WIDTH="6" HEIGHT="21" WC="0.93" CONTENT="i"/><SP WIDTH="16" VPOS="958" HPOS="281"/>
							<String ID="string_232" HPOS="297" VPOS="957" WIDTH="98" HEIGHT="22" WC="0.93" CONTENT="afseende"/><SP WIDTH="15" VPOS="957" HPOS="395"/>
							<String ID="string_233" HPOS="410" VPOS="959" WIDTH="13" HEIGHT="20" WC="0.90" CONTENT="&amp;"/><SP WIDTH="15" VPOS="959" HPOS="423"/>
							<String ID="string_234" HPOS="438" VPOS="959" WIDTH="159" HEIGHT="26" WC="0.80" CONTENT=",minderäriga,"/><SP WIDTH="16" VPOS="959" HPOS="597"/>
							<String ID="string_235" HPOS="613" VPOS="959" WIDTH="131" HEIGHT="24" WC="0.93" CONTENT="vansinniga,"/><SP WIDTH="17" VPOS="959" HPOS="744"/>
							<String ID="string_236" HPOS="761" VPOS="958" WIDTH="94" HEIGHT="25" WC="0.91" CONTENT="vanföra,"/><SP WIDTH="17" VPOS="958" HPOS="855"/>
							<String ID="string_237" HPOS="872" VPOS="960" WIDTH="54" HEIGHT="19" WC="0.95" CONTENT="samt"/><SP WIDTH="16" VPOS="960" HPOS="926"/>
							<String ID="string_238" HPOS="942" VPOS="958" WIDTH="21" HEIGHT="21" WC="0.93" CONTENT="af"/><SP WIDTH="11" VPOS="958" HPOS="963"/>
							<String ID="string_239" HPOS="974" VPOS="958" WIDTH="57" HEIGHT="26" WC="0.92" CONTENT="läng-"/>
						</TextLine>
						<TextLine ID="line_26" HPOS="207" VPOS="987" WIDTH="825" HEIGHT="26">
							<String ID="string_240" HPOS="207" VPOS="987" WIDTH="59" HEIGHT="26" WC="0.92" CONTENT="varig"/><SP WIDTH="17" VPOS="987" HPOS="266"/>
							<String ID="string_241" HPOS="283" VPOS="987" WIDTH="95" HEIGHT="26" WC="0.96" CONTENT="sjukdom"/><SP WIDTH="17" VPOS="987" HPOS="378"/>
							<String ID="string_242" HPOS="395" VPOS="987" WIDTH="51" HEIGHT="20" WC="0.93" CONTENT="eller"/><SP WIDTH="15" VPOS="987" HPOS="446"/>
							<String ID="string_243" HPOS="461" VPOS="987" WIDTH="209" HEIGHT="24" WC="0.92" CONTENT="älderdomssvaghet"/><SP WIDTH="17" VPOS="987" HPOS="670"/>
							<String ID="string_244" HPOS="687" VPOS="987" WIDTH="105" HEIGHT="20" WC="0.94" CONTENT="lidande&quot;."/><SP WIDTH="30" VPOS="987" HPOS="792"/>
							<String ID="string_245" HPOS="822" VPOS="987" WIDTH="41" HEIGHT="26" WC="0.93" CONTENT="Jag"/><SP WIDTH="16" VPOS="987" HPOS="863"/>
							<String ID="string_246" HPOS="879" VPOS="989" WIDTH="44" HEIGHT="19" WC="0.93" CONTENT="tror"/><SP WIDTH="15" VPOS="989" HPOS="923"/>
							<String ID="string_247" HPOS="938" VPOS="987" WIDTH="34" HEIGHT="26" WC="0.86" CONTENT="&amp;:n"/><SP WIDTH="17" VPOS="987" HPOS="972"/>
							<String ID="string_248" HPOS="989" VPOS="987" WIDTH="43" HEIGHT="20" WC="0.92" CONTENT="vin-"/>
						</TextLine>
						<TextLine ID="line_27" HPOS="206" VPOS="1015" WIDTH="654" HEIGHT="27">
							<String ID="string_249" HPOS="206" VPOS="1021" WIDTH="38" HEIGHT="14" WC="0.92" CONTENT="ner"/><SP WIDTH="16" VPOS="1021" HPOS="244"/>
							<String ID="string_250" HPOS="260" VPOS="1015" WIDTH="7" HEIGHT="20" WC="0.93" CONTENT="i"/><SP WIDTH="16" VPOS="1015" HPOS="267"/>
							<String ID="string_251" HPOS="283" VPOS="1015" WIDTH="105" HEIGHT="27" WC="0.93" CONTENT="tydlighet"/><SP WIDTH="15" VPOS="1015" HPOS="388"/>
							<String ID="string_252" HPOS="403" VPOS="1016" WIDTH="37" HEIGHT="20" WC="0.96" CONTENT="och"/><SP WIDTH="17" VPOS="1016" HPOS="440"/>
							<String ID="string_253" HPOS="457" VPOS="1016" WIDTH="60" HEIGHT="25" WC="0.96" CONTENT="form,"/><SP WIDTH="17" VPOS="1016" HPOS="517"/>
							<String ID="string_254" HPOS="534" VPOS="1015" WIDTH="6" HEIGHT="21" WC="0.93" CONTENT="i"/><SP WIDTH="16" VPOS="1015" HPOS="540"/>
							<String ID="string_255" HPOS="556" VPOS="1015" WIDTH="100" HEIGHT="22" WC="0.88" CONTENT="händelse"/><SP WIDTH="16" VPOS="1015" HPOS="656"/>
							<String ID="string_256" HPOS="672" VPOS="1015" WIDTH="62" HEIGHT="21" WC="0.96" CONTENT="dessa"/><SP WIDTH="16" VPOS="1015" HPOS="734"/>
							<String ID="string_257" HPOS="750" VPOS="1016" WIDTH="38" HEIGHT="20" WC="0.93" CONTENT="ord"/><SP WIDTH="16" VPOS="1016" HPOS="788"/>
							<String ID="string_258" HPOS="804" VPOS="1015" WIDTH="56" HEIGHT="27" WC="0.92" CONTENT="utgä."/>
						</TextLine>
					</TextBlock>
					<TextBlock ID="block_5" HPOS="207" VPOS="1043" WIDTH="826" HEIGHT="56">
						<TextLine ID="line_28" HPOS="277" VPOS="1043" WIDTH="756" HEIGHT="25">
							<String ID="string_259" HPOS="277" VPOS="1043" WIDTH="68" HEIGHT="22" WC="0.93" CONTENT="Sedan"/><SP WIDTH="25" VPOS="1043" HPOS="345"/>
							<String ID="string_260" HPOS="370" VPOS="1044" WIDTH="146" HEIGHT="21" WC="0.92" CONTENT="diskussionen"/><SP WIDTH="24" VPOS="1044" HPOS="516"/>
							<String ID="string_261" HPOS="540" VPOS="1044" WIDTH="88" HEIGHT="21" WC="0.92" CONTENT="härmed"/><SP WIDTH="23" VPOS="1044" HPOS="628"/>
							<String ID="string_262" HPOS="651" VPOS="1044" WIDTH="115" HEIGHT="21" WC="0.92" CONTENT="förklarats"/><SP WIDTH="16" VPOS="1044" HPOS="766"/>
							<String ID="string_263" HPOS="782" VPOS="1044" WIDTH="100" HEIGHT="24" WC="0.93" CONTENT="afslutad,"/><SP WIDTH="16" VPOS="1044" HPOS="882"/>
							<String ID="string_264" HPOS="898" VPOS="1043" WIDTH="135" HEIGHT="22" WC="0.92" CONTENT="framstäldes"/>
						</TextLine>
						<TextLine ID="line_29" HPOS="207" VPOS="1071" WIDTH="254" HEIGHT="28">
							<String ID="string_265" HPOS="207" VPOS="1071" WIDTH="32" HEIGHT="22" WC="0.92" CONTENT="till"/><SP WIDTH="16" VPOS="1071" HPOS="239"/>
							<String ID="string_266" HPOS="255" VPOS="1072" WIDTH="89" HEIGHT="21" WC="0.91" CONTENT="Ständet"/><SP WIDTH="16" VPOS="1072" HPOS="344"/>
							<String ID="string_267" HPOS="360" VPOS="1072" WIDTH="101" HEIGHT="27" WC="0.96" CONTENT="följande:"/>
						</TextLine>
					</TextBlock>
				</ComposedBlock>
				<ComposedBlock ID="cblock_5" HPOS="194" VPOS="1129" WIDTH="839" HEIGHT="170">
					<TextBlock ID="block_6" HPOS="194" VPOS="1129" WIDTH="839" HEIGHT="113">
						<TextLine ID="line_30" HPOS="276" VPOS="1129" WIDTH="757" HEIGHT="28">
							<String ID="string_268" HPOS="276" VPOS="1130" WIDTH="186" HEIGHT="26" WC="0.91" CONTENT="Proposition:"/><SP WIDTH="27" VPOS="1130" HPOS="462"/>
							<String ID="string_269" HPOS="489" VPOS="1131" WIDTH="32" HEIGHT="20" WC="0.96" CONTENT="De"/><SP WIDTH="24" VPOS="1131" HPOS="521"/>
							<String ID="string_270" HPOS="545" VPOS="1136" WIDTH="44" HEIGHT="15" WC="0.93" CONTENT="som"/><SP WIDTH="26" VPOS="1136" HPOS="589"/>
							<String ID="string_271" HPOS="615" VPOS="1130" WIDTH="113" HEIGHT="27" WC="0.92" CONTENT="godkänna"/><SP WIDTH="27" VPOS="1130" HPOS="728"/>
							<String ID="string_272" HPOS="755" VPOS="1129" WIDTH="121" HEIGHT="22" WC="0.92" CONTENT="Utskottets"/><SP WIDTH="25" VPOS="1129" HPOS="876"/>
							<String ID="string_273" HPOS="901" VPOS="1129" WIDTH="77" HEIGHT="26" WC="0.96" CONTENT="förslag"/><SP WIDTH="23" VPOS="1129" HPOS="978"/>
							<String ID="string_274" HPOS="1001" VPOS="1129" WIDTH="32" HEIGHT="20" WC="0.95" CONTENT="till"/>
						</TextLine>
						<TextLine ID="line_31" HPOS="206" VPOS="1157" WIDTH="827" HEIGHT="28">
							<String ID="string_275" HPOS="206" VPOS="1157" WIDTH="80" HEIGHT="27" WC="0.96" CONTENT="lydelse"/><SP WIDTH="22" VPOS="1157" HPOS="286"/>
							<String ID="string_276" HPOS="308" VPOS="1158" WIDTH="32" HEIGHT="21" WC="0.92" CONTENT="för"/><SP WIDTH="21" VPOS="1158" HPOS="340"/>
							<String ID="string_277" HPOS="361" VPOS="1159" WIDTH="5" HEIGHT="26" WC="0.85" CONTENT="$"/><SP WIDTH="17" VPOS="1159" HPOS="366"/>
							<String ID="string_278" HPOS="383" VPOS="1159" WIDTH="12" HEIGHT="20" WC="0.93" CONTENT="3"/><SP WIDTH="16" VPOS="1159" HPOS="395"/>
							<String ID="string_279" HPOS="411" VPOS="1158" WIDTH="144" HEIGHT="24" WC="0.91" CONTENT="oförändradt,"/><SP WIDTH="17" VPOS="1158" HPOS="555"/>
							<String ID="string_280" HPOS="572" VPOS="1159" WIDTH="110" HEIGHT="25" WC="0.91" CONTENT="behagade"/><SP WIDTH="15" VPOS="1159" HPOS="682"/>
							<String ID="string_281" HPOS="697" VPOS="1165" WIDTH="63" HEIGHT="14" WC="0.96" CONTENT="svara"/><SP WIDTH="12" VPOS="1165" HPOS="760"/>
							<String ID="string_282" HPOS="772" VPOS="1158" WIDTH="36" HEIGHT="26" WC="0.93" CONTENT="ja;"/><SP WIDTH="17" VPOS="1158" HPOS="808"/>
							<String ID="string_283" HPOS="825" VPOS="1159" WIDTH="73" HEIGHT="20" WC="0.96" CONTENT="vinner"/><SP WIDTH="15" VPOS="1159" HPOS="898"/>
							<String ID="string_284" HPOS="913" VPOS="1158" WIDTH="42" HEIGHT="27" WC="0.96" CONTENT="nej"/><SP WIDTH="16" VPOS="1158" HPOS="955"/>
							<String ID="string_285" HPOS="971" VPOS="1163" WIDTH="62" HEIGHT="16" WC="0.96" CONTENT="anses"/>
						</TextLine>
						<TextLine ID="line_32" HPOS="194" VPOS="1186" WIDTH="839" HEIGHT="27">
							<String ID="string_286" HPOS="194" VPOS="1187" WIDTH="26" HEIGHT="26" WC="0.44" CONTENT="&#39;*$"/><SP WIDTH="15" VPOS="1187" HPOS="220"/>
							<String ID="string_287" HPOS="235" VPOS="1186" WIDTH="23" HEIGHT="21" WC="0.93" CONTENT="af"/><SP WIDTH="15" VPOS="1186" HPOS="258"/>
							<String ID="string_288" HPOS="273" VPOS="1187" WIDTH="179" HEIGHT="26" WC="0.91" CONTENT="Borgareständet"/><SP WIDTH="15" VPOS="1187" HPOS="452"/>
							<String ID="string_289" HPOS="467" VPOS="1187" WIDTH="99" HEIGHT="26" WC="0.96" CONTENT="godkänd"/><SP WIDTH="17" VPOS="1187" HPOS="566"/>
							<String ID="string_290" HPOS="583" VPOS="1188" WIDTH="47" HEIGHT="20" WC="0.96" CONTENT="med"/><SP WIDTH="17" VPOS="1188" HPOS="630"/>
							<String ID="string_291" HPOS="647" VPOS="1187" WIDTH="39" HEIGHT="21" WC="0.93" CONTENT="den"/><SP WIDTH="17" VPOS="1187" HPOS="686"/>
							<String ID="string_292" HPOS="703" VPOS="1187" WIDTH="125" HEIGHT="26" WC="0.96" CONTENT="förändring"/><SP WIDTH="11" VPOS="1187" HPOS="828"/>
							<String ID="string_293" HPOS="839" VPOS="1189" WIDTH="32" HEIGHT="18" WC="0.93" CONTENT="att"/><SP WIDTH="11" VPOS="1189" HPOS="871"/>
							<String ID="string_294" HPOS="882" VPOS="1187" WIDTH="74" HEIGHT="26" WC="0.92" CONTENT="orden;"/><SP WIDTH="11" VPOS="1187" HPOS="956"/>
							<String ID="string_295" HPOS="967" VPOS="1186" WIDTH="66" HEIGHT="27" WC="0.86" CONTENT=",efter"/>
						</TextLine>
						<TextLine ID="line_33" HPOS="206" VPOS="1215" WIDTH="484" HEIGHT="27">
							<String ID="string_296" HPOS="206" VPOS="1215" WIDTH="231" HEIGHT="27" WC="0.93" CONTENT="fattigvärdstyrelsens"/><SP WIDTH="16" VPOS="1215" HPOS="437"/>
							<String ID="string_297" HPOS="453" VPOS="1216" WIDTH="99" HEIGHT="26" WC="0.93" CONTENT="pröfning"/><SP WIDTH="16" VPOS="1216" HPOS="552"/>
							<String ID="string_298" HPOS="568" VPOS="1216" WIDTH="50" HEIGHT="21" WC="0.91" CONTENT="och*"/><SP WIDTH="16" VPOS="1216" HPOS="618"/>
							<String ID="string_299" HPOS="634" VPOS="1215" WIDTH="56" HEIGHT="27" WC="0.91" CONTENT="utgä."/>
						</TextLine>
					</TextBlock>
					<TextBlock ID="block_7" HPOS="206" VPOS="1243" WIDTH="826" HEIGHT="56">
						<TextLine ID="line_34" HPOS="276" VPOS="1243" WIDTH="756" HEIGHT="27">
							<String ID="string_300" HPOS="276" VPOS="1244" WIDTH="160" HEIGHT="26" WC="0.90" CONTENT="Propositionen"/><SP WIDTH="24" VPOS="1244" HPOS="436"/>
							<String ID="string_301" HPOS="460" VPOS="1244" WIDTH="127" HEIGHT="21" WC="0.90" CONTENT="besvarades"/><SP WIDTH="22" VPOS="1244" HPOS="587"/>
							<String ID="string_302" HPOS="609" VPOS="1245" WIDTH="48" HEIGHT="20" WC="0.93" CONTENT="med"/><SP WIDTH="25" VPOS="1245" HPOS="657"/>
							<String ID="string_303" HPOS="682" VPOS="1244" WIDTH="155" HEIGHT="26" WC="0.92" CONTENT="öfvervägande"/><SP WIDTH="20" VPOS="1244" HPOS="837"/>
							<String ID="string_304" HPOS="857" VPOS="1243" WIDTH="36" HEIGHT="26" WC="0.96" CONTENT="ja;"/><SP WIDTH="23" VPOS="1243" HPOS="893"/>
							<String ID="string_305" HPOS="916" VPOS="1243" WIDTH="39" HEIGHT="21" WC="0.96" CONTENT="och"/><SP WIDTH="23" VPOS="1243" HPOS="955"/>
							<String ID="string_306" HPOS="978" VPOS="1243" WIDTH="54" HEIGHT="21" WC="0.96" CONTENT="hade"/>
						</TextLine>
						<TextLine ID="line_35" HPOS="206" VPOS="1271" WIDTH="769" HEIGHT="28">
							<String ID="string_307" HPOS="206" VPOS="1271" WIDTH="84" HEIGHT="22" WC="0.92" CONTENT="således"/><SP WIDTH="15" VPOS="1271" HPOS="290"/>
							<String ID="string_308" HPOS="305" VPOS="1273" WIDTH="178" HEIGHT="26" WC="0.92" CONTENT="Borgareständet"/><SP WIDTH="17" VPOS="1273" HPOS="483"/>
							<String ID="string_309" HPOS="500" VPOS="1273" WIDTH="93" HEIGHT="21" WC="0.96" CONTENT="beslutat"/><SP WIDTH="15" VPOS="1273" HPOS="593"/>
							<String ID="string_310" HPOS="608" VPOS="1276" WIDTH="32" HEIGHT="18" WC="0.93" CONTENT="att"/><SP WIDTH="15" VPOS="1276" HPOS="640"/>
							<String ID="string_311" HPOS="655" VPOS="1273" WIDTH="114" HEIGHT="26" WC="0.91" CONTENT="godkänna"/><SP WIDTH="16" VPOS="1273" HPOS="769"/>
							<String ID="string_312" HPOS="785" VPOS="1273" WIDTH="11" HEIGHT="26" WC="0.90" CONTENT="$"/><SP WIDTH="17" VPOS="1273" HPOS="796"/>
							<String ID="string_313" HPOS="813" VPOS="1274" WIDTH="12" HEIGHT="19" WC="0.93" CONTENT="3"/><SP WIDTH="16" VPOS="1274" HPOS="825"/>
							<String ID="string_314" HPOS="841" VPOS="1272" WIDTH="134" HEIGHT="21" WC="0.96" CONTENT="oförändrad."/>
						</TextLine>
					</TextBlock>
				</ComposedBlock>
				<ComposedBlock ID="cblock_6" HPOS="206" VPOS="1330" WIDTH="828" HEIGHT="226">
					<TextBlock ID="block_8" HPOS="277" VPOS="1330" WIDTH="367" HEIGHT="85">
						<TextLine ID="line_36" HPOS="277" VPOS="1330" WIDTH="342" HEIGHT="26">
							<String ID="string_315" HPOS="277" VPOS="1330" WIDTH="12" HEIGHT="26" WC="0.83" CONTENT="$"/><SP WIDTH="16" VPOS="1330" HPOS="289"/>
							<String ID="string_316" HPOS="305" VPOS="1331" WIDTH="12" HEIGHT="19" WC="0.95" CONTENT="4"/><SP WIDTH="16" VPOS="1331" HPOS="317"/>
							<String ID="string_317" HPOS="333" VPOS="1332" WIDTH="76" HEIGHT="24" WC="0.95" CONTENT="antogs"/><SP WIDTH="15" VPOS="1332" HPOS="409"/>
							<String ID="string_318" HPOS="424" VPOS="1332" WIDTH="51" HEIGHT="18" WC="0.96" CONTENT="utan"/><SP WIDTH="16" VPOS="1332" HPOS="475"/>
							<String ID="string_319" HPOS="491" VPOS="1330" WIDTH="128" HEIGHT="21" WC="0.96" CONTENT="diskussion."/>
						</TextLine>
						<TextLine ID="line_37" HPOS="596" VPOS="1387" WIDTH="48" HEIGHT="28">
							<String ID="string_320" HPOS="596" VPOS="1387" WIDTH="13" HEIGHT="28" WC="0.73" CONTENT="8"/><SP WIDTH="16" VPOS="1387" HPOS="609"/>
							<String ID="string_321" HPOS="625" VPOS="1388" WIDTH="19" HEIGHT="20" WC="0.94" CONTENT="5."/>
						</TextLine>
					</TextBlock>
					<TextBlock ID="block_9" HPOS="206" VPOS="1443" WIDTH="828" HEIGHT="113">
						<TextLine ID="line_38" HPOS="277" VPOS="1443" WIDTH="756" HEIGHT="27">
							<String ID="string_322" HPOS="277" VPOS="1444" WIDTH="54" HEIGHT="21" WC="0.95" CONTENT="Herr"/><SP WIDTH="23" VPOS="1444" HPOS="331"/>
							<String ID="string_323" HPOS="354" VPOS="1444" WIDTH="88" HEIGHT="21" WC="0.96" CONTENT="Julin:"/><SP WIDTH="24" VPOS="1444" HPOS="442"/>
							<String ID="string_324" HPOS="466" VPOS="1445" WIDTH="75" HEIGHT="20" WC="0.96" CONTENT="Denna"/><SP WIDTH="23" VPOS="1445" HPOS="541"/>
							<String ID="string_325" HPOS="564" VPOS="1445" WIDTH="7" HEIGHT="25" WC="0.66" CONTENT="&amp;"/><SP WIDTH="21" VPOS="1445" HPOS="571"/>
							<String ID="string_326" HPOS="592" VPOS="1444" WIDTH="85" HEIGHT="25" WC="0.93" CONTENT="ålägger"/><SP WIDTH="23" VPOS="1444" HPOS="677"/>
							<String ID="string_327" HPOS="700" VPOS="1443" WIDTH="169" HEIGHT="24" WC="0.92" CONTENT="arbetsgifvaren"/><SP WIDTH="24" VPOS="1443" HPOS="869"/>
							<String ID="string_328" HPOS="893" VPOS="1445" WIDTH="38" HEIGHT="24" WC="0.93" CONTENT="att,"/><SP WIDTH="21" VPOS="1445" HPOS="931"/>
							<String ID="string_329" HPOS="952" VPOS="1443" WIDTH="81" HEIGHT="21" WC="0.92" CONTENT="utöfver"/>
						</TextLine>
						<TextLine ID="line_39" HPOS="206" VPOS="1471" WIDTH="828" HEIGHT="28">
							<String ID="string_330" HPOS="206" VPOS="1473" WIDTH="41" HEIGHT="21" WC="0.93" CONTENT="den"/><SP WIDTH="17" VPOS="1473" HPOS="247"/>
							<String ID="string_331" HPOS="264" VPOS="1472" WIDTH="98" HEIGHT="25" WC="0.93" CONTENT="atlöning,"/><SP WIDTH="16" VPOS="1472" HPOS="362"/>
							<String ID="string_332" HPOS="378" VPOS="1473" WIDTH="40" HEIGHT="20" WC="0.96" CONTENT="han"/><SP WIDTH="17" VPOS="1473" HPOS="418"/>
							<String ID="string_333" HPOS="435" VPOS="1473" WIDTH="65" HEIGHT="25" WC="0.93" CONTENT="enligt"/><SP WIDTH="15" VPOS="1473" HPOS="500"/>
							<String ID="string_334" HPOS="515" VPOS="1473" WIDTH="96" HEIGHT="26" WC="0.93" CONTENT="frivilligt"/><SP WIDTH="16" VPOS="1473" HPOS="611"/>
							<String ID="string_335" HPOS="627" VPOS="1473" WIDTH="53" HEIGHT="20" WC="0.93" CONTENT="aftal"/><SP WIDTH="13" VPOS="1473" HPOS="680"/>
							<String ID="string_336" HPOS="693" VPOS="1473" WIDTH="49" HEIGHT="20" WC="0.96" CONTENT="med"/><SP WIDTH="11" VPOS="1473" HPOS="742"/>
							<String ID="string_337" HPOS="753" VPOS="1472" WIDTH="161" HEIGHT="26" WC="0.96" CONTENT="arbetstagaren"/><SP WIDTH="11" VPOS="1472" HPOS="914"/>
							<String ID="string_338" HPOS="925" VPOS="1471" WIDTH="109" HEIGHT="22" WC="0.96" CONTENT="förbundit"/>
						</TextLine>
						<TextLine ID="line_40" HPOS="206" VPOS="1500" WIDTH="828" HEIGHT="27">
							<String ID="string_339" HPOS="206" VPOS="1501" WIDTH="33" HEIGHT="26" WC="0.96" CONTENT="sig"/><SP WIDTH="16" VPOS="1501" HPOS="239"/>
							<String ID="string_340" HPOS="255" VPOS="1504" WIDTH="32" HEIGHT="18" WC="0.93" CONTENT="att"/><SP WIDTH="15" VPOS="1504" HPOS="287"/>
							<String ID="string_341" HPOS="302" VPOS="1501" WIDTH="88" HEIGHT="26" WC="0.91" CONTENT="utgifva,"/><SP WIDTH="17" VPOS="1501" HPOS="390"/>
							<String ID="string_342" HPOS="407" VPOS="1501" WIDTH="106" HEIGHT="21" WC="0.96" CONTENT="dessutom"/><SP WIDTH="17" VPOS="1501" HPOS="513"/>
							<String ID="string_343" HPOS="530" VPOS="1501" WIDTH="56" HEIGHT="26" WC="0.96" CONTENT="sörja"/><SP WIDTH="16" VPOS="1501" HPOS="586"/>
							<String ID="string_344" HPOS="602" VPOS="1501" WIDTH="38" HEIGHT="26" WC="0.96" CONTENT="för,"/><SP WIDTH="16" VPOS="1501" HPOS="640"/>
							<String ID="string_345" HPOS="656" VPOS="1504" WIDTH="32" HEIGHT="18" WC="0.93" CONTENT="att"/><SP WIDTH="16" VPOS="1504" HPOS="688"/>
							<String ID="string_346" HPOS="704" VPOS="1501" WIDTH="93" HEIGHT="21" WC="0.92" CONTENT="hvarken"/><SP WIDTH="12" VPOS="1501" HPOS="797"/>
							<String ID="string_347" HPOS="809" VPOS="1501" WIDTH="161" HEIGHT="26" WC="0.96" CONTENT="arbetstagaren"/><SP WIDTH="13" VPOS="1501" HPOS="970"/>
							<String ID="string_348" HPOS="983" VPOS="1500" WIDTH="51" HEIGHT="21" WC="0.96" CONTENT="eller"/>
						</TextLine>
						<TextLine ID="line_41" HPOS="207" VPOS="1529" WIDTH="827" HEIGHT="27">
							<String ID="string_349" HPOS="207" VPOS="1530" WIDTH="55" HEIGHT="21" WC="0.96" CONTENT="hans"/><SP WIDTH="15" VPOS="1530" HPOS="262"/>
							<String ID="string_350" HPOS="277" VPOS="1529" WIDTH="75" HEIGHT="21" WC="0.95" CONTENT="hustru"/><SP WIDTH="16" VPOS="1529" HPOS="352"/>
							<String ID="string_351" HPOS="368" VPOS="1530" WIDTH="52" HEIGHT="21" WC="0.96" CONTENT="eller"/><SP WIDTH="15" VPOS="1530" HPOS="420"/>
							<String ID="string_352" HPOS="435" VPOS="1531" WIDTH="52" HEIGHT="20" WC="0.96" CONTENT="barn"/><SP WIDTH="16" VPOS="1531" HPOS="487"/>
							<String ID="string_353" HPOS="503" VPOS="1530" WIDTH="86" HEIGHT="21" WC="0.96" CONTENT="komma"/><SP WIDTH="16" VPOS="1530" HPOS="589"/>
							<String ID="string_354" HPOS="605" VPOS="1532" WIDTH="32" HEIGHT="19" WC="0.95" CONTENT="att"/><SP WIDTH="16" VPOS="1532" HPOS="637"/>
							<String ID="string_355" HPOS="653" VPOS="1530" WIDTH="52" HEIGHT="21" WC="0.96" CONTENT="falla"/><SP WIDTH="16" VPOS="1530" HPOS="705"/>
							<String ID="string_356" HPOS="721" VPOS="1530" WIDTH="144" HEIGHT="26" WC="0.96" CONTENT="fattigvården"/><SP WIDTH="16" VPOS="1530" HPOS="865"/>
							<String ID="string_357" HPOS="881" VPOS="1529" WIDTH="33" HEIGHT="21" WC="0.85" CONTENT="till"/><SP WIDTH="11" VPOS="1529" HPOS="914"/>
							<String ID="string_358" HPOS="925" VPOS="1529" WIDTH="46" HEIGHT="22" WC="0.85" CONTENT="last."/><SP WIDTH="22" VPOS="1529" HPOS="971"/>
							<String ID="string_359" HPOS="993" VPOS="1529" WIDTH="41" HEIGHT="26" WC="0.96" CONTENT="Jag"/>
						</TextLine>
					</TextBlock>
				</ComposedBlock>
			</PrintSpace>
		</Page>
	</Layout>
</alto>
