<?xml version="1.0" encoding="UTF-8"?>
<alto xmlns="http://www.loc.gov/standards/alto/ns-v3#" xmlns:xlink="http://www.w3.org/1999/xlink" xmlns:xsi="http://www.w3.org/2001/XMLSchema-instance" xsi:schemaLocation="http://www.loc.gov/standards/alto/ns-v3# http://www.loc.gov/alto/v3/alto-3-0.xsd">
	<Description>
		<MeasurementUnit>pixel</MeasurementUnit>
		<sourceImageInformation>
			<fileName>/tmp/tess_tx6kknv6_input.PNG</fileName>
		</sourceImageInformation>
		<OCRProcessing ID="OCR_0">
			<ocrProcessingStep>
				<processingSoftware>
					<softwareName>tesseract 5.3.4</softwareName>
				</processingSoftware>
			</ocrProcessingStep>
		</OCRProcessing>
	</Description>
	<Layout>
		<Page WIDTH="1070" HEIGHT="1795" PHYSICAL_IMG_NR="0" ID="page_0">
			<PrintSpace HPOS="0" VPOS="0" WIDTH="1070" HEIGHT="1795">
				<ComposedBlock ID="cblock_0" HPOS="194" VPOS="130" WIDTH="620" HEIGHT="25">
					<TextBlock ID="block_0" HPOS="194" VPOS="130" WIDTH="620" HEIGHT="25">
						<TextLine ID="line_0" HPOS="194" VPOS="130" WIDTH="620" HEIGHT="25">
							<String ID="string_0" HPOS="194" VPOS="130" WIDTH="56" HEIGHT="21" WC="0.96" CONTENT="1018"/><SP WIDTH="172" VPOS="130" HPOS="250"/>
							<String ID="string_1" HPOS="422" VPOS="135" WIDTH="179" HEIGHT="20" WC="0.91" CONTENT="Borgareståndet"/><SP WIDTH="13" VPOS="135" HPOS="601"/>
							<String ID="string_2" HPOS="614" VPOS="135" WIDTH="54" HEIGHT="18" WC="0.96" CONTENT="1877."/><SP WIDTH="26" VPOS="135" HPOS="668"/>
							<String ID="string_3" HPOS="694" VPOS="136" WIDTH="12" HEIGHT="16" WC="0.92" CONTENT="5"/><SP WIDTH="12" VPOS="136" HPOS="706"/>
							<String ID="string_4" HPOS="718" VPOS="135" WIDTH="96" HEIGHT="18" WC="0.96" CONTENT="Oktober."/>
						</TextLine>
					</TextBlock>
				</ComposedBlock>
				<GraphicalElement ID="cblock_1" HPOS="194" VPOS="157" WIDTH="818" HEIGHT="14"></GraphicalElement >
				<ComposedBlock ID="cblock_2" HPOS="194" VPOS="203" WIDTH="827" HEIGHT="56">
					<TextBlock ID="block_1" HPOS="194" VPOS="203" WIDTH="827" HEIGHT="56">
						<TextLine ID="line_1" HPOS="194" VPOS="203" WIDTH="827" HEIGHT="28">
							<String ID="string_5" HPOS="194" VPOS="203" WIDTH="70" HEIGHT="22" WC="0.90" CONTENT="blifvit"/><SP WIDTH="24" VPOS="203" HPOS="264"/>
							<String ID="string_6" HPOS="288" VPOS="203" WIDTH="108" HEIGHT="22" WC="0.89" CONTENT="beslutadt"/><SP WIDTH="22" VPOS="203" HPOS="396"/>
							<String ID="string_7" HPOS="418" VPOS="206" WIDTH="32" HEIGHT="19" WC="0.95" CONTENT="att"/><SP WIDTH="22" VPOS="206" HPOS="450"/>
							<String ID="string_8" HPOS="472" VPOS="204" WIDTH="43" HEIGHT="21" WC="0.95" CONTENT="alla"/><SP WIDTH="18" VPOS="204" HPOS="515"/>
							<String ID="string_9" HPOS="533" VPOS="204" WIDTH="7" HEIGHT="20" WC="0.96" CONTENT="i"/><SP WIDTH="19" VPOS="204" HPOS="540"/>
							<String ID="string_10" HPOS="559" VPOS="204" WIDTH="136" HEIGHT="26" WC="0.96" CONTENT="lagförslaget"/><SP WIDTH="23" VPOS="204" HPOS="695"/>
							<String ID="string_11" HPOS="718" VPOS="203" WIDTH="102" HEIGHT="28" WC="0.96" CONTENT="ingående"/><SP WIDTH="20" VPOS="203" HPOS="820"/>
							<String ID="string_12" HPOS="840" VPOS="203" WIDTH="131" HEIGHT="27" WC="0.92" CONTENT="stadganden"/><SP WIDTH="16" VPOS="203" HPOS="971"/>
							<String ID="string_13" HPOS="987" VPOS="203" WIDTH="34" HEIGHT="21" WC="0.91" CONTENT="be-"/>
						</TextLine>
						<TextLine ID="line_2" HPOS="194" VPOS="232" WIDTH="689" HEIGHT="27">
							<String ID="string_14" HPOS="194" VPOS="232" WIDTH="106" HEIGHT="21" WC="0.93" CONTENT="träffande"/><SP WIDTH="16" VPOS="232" HPOS="300"/>
							<String ID="string_15" HPOS="316" VPOS="232" WIDTH="98" HEIGHT="27" WC="0.91" CONTENT="tiggeriet"/><SP WIDTH="16" VPOS="232" HPOS="414"/>
							<String ID="string_16" HPOS="430" VPOS="232" WIDTH="52" HEIGHT="22" WC="0.96" CONTENT="böra"/><SP WIDTH="15" VPOS="232" HPOS="482"/>
							<String ID="string_17" HPOS="497" VPOS="232" WIDTH="47" HEIGHT="21" WC="0.96" CONTENT="från"/><SP WIDTH="17" VPOS="232" HPOS="544"/>
							<String ID="string_18" HPOS="561" VPOS="233" WIDTH="74" HEIGHT="26" WC="0.95" CONTENT="början"/><SP WIDTH="16" VPOS="233" HPOS="635"/>
							<String ID="string_19" HPOS="651" VPOS="233" WIDTH="32" HEIGHT="20" WC="0.96" CONTENT="till"/><SP WIDTH="16" VPOS="233" HPOS="683"/>
							<String ID="string_20" HPOS="699" VPOS="232" WIDTH="43" HEIGHT="21" WC="0.96" CONTENT="slut"/><SP WIDTH="15" VPOS="232" HPOS="742"/>
							<String ID="string_21" HPOS="757" VPOS="233" WIDTH="126" HEIGHT="20" WC="0.96" CONTENT="omarbetas."/>
						</TextLine>
					</TextBlock>
				</ComposedBlock>
				<ComposedBlock ID="cblock_3" HPOS="192" VPOS="289" WIDTH="828" HEIGHT="342">
					<TextBlock ID="block_2" HPOS="192" VPOS="289" WIDTH="828" HEIGHT="342">
						<TextLine ID="line_3" HPOS="264" VPOS="289" WIDTH="756" HEIGHT="28">
							<String ID="string_22" HPOS="264" VPOS="289" WIDTH="56" HEIGHT="21" WC="0.96" CONTENT="Herr"/><SP WIDTH="22" VPOS="289" HPOS="320"/>
							<String ID="string_23" HPOS="342" VPOS="289" WIDTH="84" HEIGHT="22" WC="0.96" CONTENT="Julin:"/><SP WIDTH="31" VPOS="289" HPOS="426"/>
							<String ID="string_24" HPOS="457" VPOS="290" WIDTH="42" HEIGHT="26" WC="0.96" CONTENT="Jag"/><SP WIDTH="23" VPOS="290" HPOS="499"/>
							<String ID="string_25" HPOS="522" VPOS="289" WIDTH="85" HEIGHT="22" WC="0.96" CONTENT="förenar"/><SP WIDTH="21" VPOS="289" HPOS="607"/>
							<String ID="string_26" HPOS="628" VPOS="290" WIDTH="43" HEIGHT="27" WC="0.94" CONTENT="mig"/><SP WIDTH="22" VPOS="290" HPOS="671"/>
							<String ID="string_27" HPOS="693" VPOS="290" WIDTH="47" HEIGHT="21" WC="0.96" CONTENT="med"/><SP WIDTH="23" VPOS="290" HPOS="740"/>
							<String ID="string_28" HPOS="763" VPOS="289" WIDTH="50" HEIGHT="21" WC="0.95" CONTENT="herr"/><SP WIDTH="18" VPOS="289" HPOS="813"/>
							<String ID="string_29" HPOS="831" VPOS="289" WIDTH="98" HEIGHT="22" WC="0.96" CONTENT="Lindelöf"/><SP WIDTH="17" VPOS="289" HPOS="929"/>
							<String ID="string_30" HPOS="946" VPOS="290" WIDTH="6" HEIGHT="20" WC="0.96" CONTENT="i"/><SP WIDTH="16" VPOS="290" HPOS="952"/>
							<String ID="string_31" HPOS="968" VPOS="289" WIDTH="52" HEIGHT="21" WC="0.96" CONTENT="hans"/>
						</TextLine>
						<TextLine ID="line_4" HPOS="194" VPOS="317" WIDTH="826" HEIGHT="28">
							<String ID="string_32" HPOS="194" VPOS="317" WIDTH="95" HEIGHT="28" WC="0.96" CONTENT="begäran"/><SP WIDTH="24" VPOS="317" HPOS="289"/>
							<String ID="string_33" HPOS="313" VPOS="325" WIDTH="32" HEIGHT="14" WC="0.96" CONTENT="om"/><SP WIDTH="24" VPOS="325" HPOS="345"/>
							<String ID="string_34" HPOS="369" VPOS="319" WIDTH="128" HEIGHT="24" WC="0.90" CONTENT="återremiss,"/><SP WIDTH="16" VPOS="319" HPOS="497"/>
							<String ID="string_35" HPOS="513" VPOS="319" WIDTH="46" HEIGHT="20" WC="0.96" CONTENT="icke"/><SP WIDTH="16" VPOS="319" HPOS="559"/>
							<String ID="string_36" HPOS="575" VPOS="319" WIDTH="75" HEIGHT="20" WC="0.96" CONTENT="endast"/><SP WIDTH="16" VPOS="319" HPOS="650"/>
							<String ID="string_37" HPOS="666" VPOS="318" WIDTH="23" HEIGHT="21" WC="0.96" CONTENT="af"/><SP WIDTH="13" VPOS="318" HPOS="689"/>
							<String ID="string_38" HPOS="702" VPOS="319" WIDTH="60" HEIGHT="20" WC="0.96" CONTENT="detta"/><SP WIDTH="16" VPOS="319" HPOS="762"/>
							<String ID="string_39" HPOS="778" VPOS="321" WIDTH="99" HEIGHT="22" WC="0.96" CONTENT="moment,"/><SP WIDTH="16" VPOS="321" HPOS="877"/>
							<String ID="string_40" HPOS="893" VPOS="320" WIDTH="50" HEIGHT="19" WC="0.96" CONTENT="utan"/><SP WIDTH="16" VPOS="320" HPOS="943"/>
							<String ID="string_41" HPOS="959" VPOS="318" WIDTH="61" HEIGHT="21" WC="0.96" CONTENT="äfven"/>
						</TextLine>
						<TextLine ID="line_5" HPOS="194" VPOS="346" WIDTH="826" HEIGHT="27">
							<String ID="string_42" HPOS="194" VPOS="346" WIDTH="22" HEIGHT="21" WC="0.96" CONTENT="af"/><SP WIDTH="22" VPOS="346" HPOS="216"/>
							<String ID="string_43" HPOS="238" VPOS="347" WIDTH="40" HEIGHT="20" WC="0.93" CONTENT="den"/><SP WIDTH="22" VPOS="347" HPOS="278"/>
							<String ID="string_44" HPOS="300" VPOS="347" WIDTH="62" HEIGHT="26" WC="0.91" CONTENT="sjette"/><SP WIDTH="25" VPOS="347" HPOS="362"/>
							<String ID="string_45" HPOS="387" VPOS="347" WIDTH="102" HEIGHT="21" WC="0.96" CONTENT="artikelns"/><SP WIDTH="22" VPOS="347" HPOS="489"/>
							<String ID="string_46" HPOS="511" VPOS="347" WIDTH="135" HEIGHT="21" WC="0.96" CONTENT="återstående"/><SP WIDTH="20" VPOS="347" HPOS="646"/>
							<String ID="string_47" HPOS="666" VPOS="347" WIDTH="127" HEIGHT="26" WC="0.96" CONTENT="paragrafer."/><SP WIDTH="30" VPOS="347" HPOS="793"/>
							<String ID="string_48" HPOS="823" VPOS="347" WIDTH="41" HEIGHT="26" WC="0.96" CONTENT="Jag"/><SP WIDTH="19" VPOS="347" HPOS="864"/>
							<String ID="string_49" HPOS="883" VPOS="347" WIDTH="68" HEIGHT="20" WC="0.95" CONTENT="skulle"/><SP WIDTH="16" VPOS="347" HPOS="951"/>
							<String ID="string_50" HPOS="967" VPOS="347" WIDTH="53" HEIGHT="20" WC="0.96" CONTENT="dock"/>
						</TextLine>
						<TextLine ID="line_6" HPOS="193" VPOS="375" WIDTH="827" HEIGHT="27">
							<String ID="string_51" HPOS="193" VPOS="381" WIDTH="51" HEIGHT="15" WC="0.95" CONTENT="anse"/><SP WIDTH="28" VPOS="381" HPOS="244"/>
							<String ID="string_52" HPOS="272" VPOS="375" WIDTH="36" HEIGHT="21" WC="0.96" CONTENT="det"/><SP WIDTH="23" VPOS="375" HPOS="308"/>
							<String ID="string_53" HPOS="331" VPOS="375" WIDTH="135" HEIGHT="27" WC="0.96" CONTENT="nödvändigt,"/><SP WIDTH="26" VPOS="375" HPOS="466"/>
							<String ID="string_54" HPOS="492" VPOS="375" WIDTH="81" HEIGHT="22" WC="0.96" CONTENT="hvilket"/><SP WIDTH="22" VPOS="375" HPOS="573"/>
							<String ID="string_55" HPOS="595" VPOS="375" WIDTH="81" HEIGHT="21" WC="0.96" CONTENT="kanske"/><SP WIDTH="23" VPOS="375" HPOS="676"/>
							<String ID="string_56" HPOS="699" VPOS="376" WIDTH="61" HEIGHT="21" WC="0.96" CONTENT="äfven"/><SP WIDTH="23" VPOS="376" HPOS="760"/>
							<String ID="string_57" HPOS="783" VPOS="381" WIDTH="36" HEIGHT="15" WC="0.96" CONTENT="var"/><SP WIDTH="23" VPOS="381" HPOS="819"/>
							<String ID="string_58" HPOS="842" VPOS="375" WIDTH="49" HEIGHT="21" WC="0.93" CONTENT="herr"/><SP WIDTH="23" VPOS="375" HPOS="891"/>
							<String ID="string_59" HPOS="914" VPOS="375" WIDTH="106" HEIGHT="21" WC="0.91" CONTENT="Lindelöfs"/>
						</TextLine>
						<TextLine ID="line_7" HPOS="194" VPOS="403" WIDTH="825" HEIGHT="28">
							<String ID="string_60" HPOS="194" VPOS="404" WIDTH="92" HEIGHT="26" WC="0.96" CONTENT="mening,"/><SP WIDTH="17" VPOS="404" HPOS="286"/>
							<String ID="string_61" HPOS="303" VPOS="406" WIDTH="31" HEIGHT="19" WC="0.96" CONTENT="att"/><SP WIDTH="15" VPOS="406" HPOS="334"/>
							<String ID="string_62" HPOS="349" VPOS="403" WIDTH="44" HEIGHT="22" WC="0.96" CONTENT="före"/><SP WIDTH="17" VPOS="403" HPOS="393"/>
							<String ID="string_63" HPOS="410" VPOS="404" WIDTH="67" HEIGHT="21" WC="0.93" CONTENT="denna"/><SP WIDTH="16" VPOS="404" HPOS="477"/>
							<String ID="string_64" HPOS="493" VPOS="404" WIDTH="74" HEIGHT="21" WC="0.96" CONTENT="remiss"/><SP WIDTH="16" VPOS="404" HPOS="567"/>
							<String ID="string_65" HPOS="583" VPOS="404" WIDTH="73" HEIGHT="27" WC="0.96" CONTENT="hvarje"/><SP WIDTH="16" VPOS="404" HPOS="656"/>
							<String ID="string_66" HPOS="672" VPOS="404" WIDTH="102" HEIGHT="27" WC="0.96" CONTENT="paragraf"/><SP WIDTH="13" VPOS="404" HPOS="774"/>
							<String ID="string_67" HPOS="787" VPOS="403" WIDTH="6" HEIGHT="21" WC="0.96" CONTENT="i"/><SP WIDTH="11" VPOS="403" HPOS="793"/>
							<String ID="string_68" HPOS="804" VPOS="403" WIDTH="91" HEIGHT="22" WC="0.93" CONTENT="artikeln"/><SP WIDTH="11" VPOS="403" HPOS="895"/>
							<String ID="string_69" HPOS="906" VPOS="403" WIDTH="113" HEIGHT="27" WC="0.91" CONTENT="genomgås"/>
						</TextLine>
						<TextLine ID="line_8" HPOS="193" VPOS="432" WIDTH="826" HEIGHT="27">
							<String ID="string_70" HPOS="193" VPOS="433" WIDTH="34" HEIGHT="20" WC="0.95" CONTENT="för"/><SP WIDTH="15" VPOS="433" HPOS="227"/>
							<String ID="string_71" HPOS="242" VPOS="435" WIDTH="33" HEIGHT="18" WC="0.93" CONTENT="att"/><SP WIDTH="16" VPOS="435" HPOS="275"/>
							<String ID="string_72" HPOS="291" VPOS="432" WIDTH="90" HEIGHT="21" WC="0.91" CONTENT="Ståndet"/><SP WIDTH="15" VPOS="432" HPOS="381"/>
							<String ID="string_73" HPOS="396" VPOS="433" WIDTH="35" HEIGHT="20" WC="0.95" CONTENT="må"/><SP WIDTH="15" VPOS="433" HPOS="431"/>
							<String ID="string_74" HPOS="446" VPOS="433" WIDTH="71" HEIGHT="20" WC="0.96" CONTENT="kunna"/><SP WIDTH="17" VPOS="433" HPOS="517"/>
							<String ID="string_75" HPOS="534" VPOS="433" WIDTH="118" HEIGHT="20" WC="0.96" CONTENT="bestämma"/><SP WIDTH="15" VPOS="433" HPOS="652"/>
							<String ID="string_76" HPOS="667" VPOS="434" WIDTH="6" HEIGHT="19" WC="0.96" CONTENT="i"/><SP WIDTH="16" VPOS="434" HPOS="673"/>
							<String ID="string_77" HPOS="689" VPOS="433" WIDTH="84" HEIGHT="21" WC="0.96" CONTENT="hvilken"/><SP WIDTH="16" VPOS="433" HPOS="773"/>
							<String ID="string_78" HPOS="789" VPOS="433" WIDTH="94" HEIGHT="26" WC="0.96" CONTENT="riktning"/><SP WIDTH="16" VPOS="433" HPOS="883"/>
							<String ID="string_79" HPOS="899" VPOS="432" WIDTH="120" HEIGHT="21" WC="0.96" CONTENT="Utskottets"/>
						</TextLine>
						<TextLine ID="line_9" HPOS="193" VPOS="461" WIDTH="824" HEIGHT="27">
							<String ID="string_80" HPOS="193" VPOS="461" WIDTH="157" HEIGHT="26" WC="0.91" CONTENT="omredigering"/><SP WIDTH="16" VPOS="461" HPOS="350"/>
							<String ID="string_81" HPOS="366" VPOS="461" WIDTH="38" HEIGHT="20" WC="0.96" CONTENT="bör"/><SP WIDTH="14" VPOS="461" HPOS="404"/>
							<String ID="string_82" HPOS="418" VPOS="461" WIDTH="33" HEIGHT="26" WC="0.96" CONTENT="gå,"/><SP WIDTH="17" VPOS="461" HPOS="451"/>
							<String ID="string_83" HPOS="468" VPOS="461" WIDTH="27" HEIGHT="21" WC="0.96" CONTENT="då"/><SP WIDTH="15" VPOS="461" HPOS="495"/>
							<String ID="string_84" HPOS="510" VPOS="461" WIDTH="66" HEIGHT="26" WC="0.96" CONTENT="enligt"/><SP WIDTH="15" VPOS="461" HPOS="576"/>
							<String ID="string_85" HPOS="591" VPOS="462" WIDTH="42" HEIGHT="20" WC="0.93" CONTENT="min"/><SP WIDTH="17" VPOS="462" HPOS="633"/>
							<String ID="string_86" HPOS="650" VPOS="461" WIDTH="60" HEIGHT="27" WC="0.92" CONTENT="åsigt,"/><SP WIDTH="12" VPOS="461" HPOS="710"/>
							<String ID="string_87" HPOS="722" VPOS="461" WIDTH="111" HEIGHT="22" WC="0.96" CONTENT="Utskottet"/><SP WIDTH="10" VPOS="461" HPOS="833"/>
							<String ID="string_88" HPOS="843" VPOS="461" WIDTH="46" HEIGHT="21" WC="0.96" CONTENT="icke"/><SP WIDTH="12" VPOS="461" HPOS="889"/>
							<String ID="string_89" HPOS="901" VPOS="461" WIDTH="38" HEIGHT="21" WC="0.96" CONTENT="har"/><SP WIDTH="10" VPOS="461" HPOS="939"/>
							<String ID="string_90" HPOS="949" VPOS="462" WIDTH="68" HEIGHT="26" WC="0.96" CONTENT="någon"/>
						</TextLine>
						<TextLine ID="line_10" HPOS="192" VPOS="489" WIDTH="826" HEIGHT="28">
							<String ID="string_91" HPOS="192" VPOS="490" WIDTH="106" HEIGHT="26" WC="0.96" CONTENT="rättighet"/><SP WIDTH="17" VPOS="490" HPOS="298"/>
							<String ID="string_92" HPOS="315" VPOS="492" WIDTH="39" HEIGHT="24" WC="0.96" CONTENT="att,"/><SP WIDTH="16" VPOS="492" HPOS="354"/>
							<String ID="string_93" HPOS="370" VPOS="490" WIDTH="63" HEIGHT="21" WC="0.96" CONTENT="sedan"/><SP WIDTH="17" VPOS="490" HPOS="433"/>
							<String ID="string_94" HPOS="450" VPOS="490" WIDTH="35" HEIGHT="21" WC="0.93" CONTENT="det"/><SP WIDTH="17" VPOS="490" HPOS="485"/>
							<String ID="string_95" HPOS="502" VPOS="490" WIDTH="79" HEIGHT="21" WC="0.92" CONTENT="lemnat"/><SP WIDTH="16" VPOS="490" HPOS="581"/>
							<String ID="string_96" HPOS="597" VPOS="490" WIDTH="52" HEIGHT="21" WC="0.96" CONTENT="ifrån"/><SP WIDTH="16" VPOS="490" HPOS="649"/>
							<String ID="string_97" HPOS="665" VPOS="491" WIDTH="32" HEIGHT="26" WC="0.96" CONTENT="sig"/><SP WIDTH="15" VPOS="491" HPOS="697"/>
							<String ID="string_98" HPOS="712" VPOS="490" WIDTH="151" HEIGHT="26" WC="0.93" CONTENT="betänkandet,"/><SP WIDTH="17" VPOS="490" HPOS="863"/>
							<String ID="string_99" HPOS="880" VPOS="489" WIDTH="69" HEIGHT="22" WC="0.91" CONTENT="deruti"/><SP WIDTH="15" VPOS="489" HPOS="949"/>
							<String ID="string_100" HPOS="964" VPOS="489" WIDTH="54" HEIGHT="22" WC="0.93" CONTENT="före-"/>
						</TextLine>
						<TextLine ID="line_11" HPOS="193" VPOS="518" WIDTH="823" HEIGHT="27">
							<String ID="string_101" HPOS="193" VPOS="521" WIDTH="51" HEIGHT="23" WC="0.96" CONTENT="taga"/><SP WIDTH="18" VPOS="521" HPOS="244"/>
							<String ID="string_102" HPOS="262" VPOS="519" WIDTH="66" HEIGHT="25" WC="0.96" CONTENT="några"/><SP WIDTH="15" VPOS="519" HPOS="328"/>
							<String ID="string_103" HPOS="343" VPOS="519" WIDTH="114" HEIGHT="26" WC="0.96" CONTENT="ändringar"/><SP WIDTH="16" VPOS="519" HPOS="457"/>
							<String ID="string_104" HPOS="473" VPOS="519" WIDTH="5" HEIGHT="20" WC="0.96" CONTENT="i"/><SP WIDTH="15" VPOS="519" HPOS="478"/>
							<String ID="string_105" HPOS="493" VPOS="521" WIDTH="66" HEIGHT="18" WC="0.96" CONTENT="annat"/><SP WIDTH="16" VPOS="521" HPOS="559"/>
							<String ID="string_106" HPOS="575" VPOS="518" WIDTH="60" HEIGHT="27" WC="0.96" CONTENT="syfte,"/><SP WIDTH="17" VPOS="518" HPOS="635"/>
							<String ID="string_107" HPOS="652" VPOS="521" WIDTH="26" HEIGHT="18" WC="0.96" CONTENT="än"/><SP WIDTH="17" VPOS="521" HPOS="678"/>
							<String ID="string_108" HPOS="695" VPOS="519" WIDTH="54" HEIGHT="21" WC="0.93" CONTENT="hvad"/><SP WIDTH="16" VPOS="519" HPOS="749"/>
							<String ID="string_109" HPOS="765" VPOS="519" WIDTH="95" HEIGHT="21" WC="0.91" CONTENT="Stånden"/><SP WIDTH="17" VPOS="519" HPOS="860"/>
							<String ID="string_110" HPOS="877" VPOS="518" WIDTH="139" HEIGHT="27" WC="0.96" CONTENT="uttryckligen"/>
						</TextLine>
						<TextLine ID="line_12" HPOS="193" VPOS="546" WIDTH="824" HEIGHT="27">
							<String ID="string_111" HPOS="193" VPOS="547" WIDTH="64" HEIGHT="20" WC="0.87" CONTENT="hafva"/><SP WIDTH="23" VPOS="547" HPOS="257"/>
							<String ID="string_112" HPOS="280" VPOS="546" WIDTH="135" HEIGHT="22" WC="0.88" CONTENT="föreskrifvit."/><SP WIDTH="30" VPOS="546" HPOS="415"/>
							<String ID="string_113" HPOS="445" VPOS="547" WIDTH="38" HEIGHT="21" WC="0.93" CONTENT="Om"/><SP WIDTH="24" VPOS="547" HPOS="483"/>
							<String ID="string_114" HPOS="507" VPOS="547" WIDTH="82" HEIGHT="21" WC="0.93" CONTENT="således"/><SP WIDTH="23" VPOS="547" HPOS="589"/>
							<String ID="string_115" HPOS="612" VPOS="547" WIDTH="61" HEIGHT="26" WC="0.97" CONTENT="ingen"/><SP WIDTH="24" VPOS="547" HPOS="673"/>
							<String ID="string_116" HPOS="697" VPOS="547" WIDTH="119" HEIGHT="21" WC="0.95" CONTENT="diskussion"/><SP WIDTH="16" VPOS="547" HPOS="816"/>
							<String ID="string_117" HPOS="832" VPOS="547" WIDTH="108" HEIGHT="26" WC="0.96" CONTENT="angående"/><SP WIDTH="16" VPOS="547" HPOS="940"/>
							<String ID="string_118" HPOS="956" VPOS="547" WIDTH="61" HEIGHT="20" WC="0.96" CONTENT="dessa"/>
						</TextLine>
						<TextLine ID="line_13" HPOS="193" VPOS="575" WIDTH="824" HEIGHT="27">
							<String ID="string_119" HPOS="193" VPOS="575" WIDTH="124" HEIGHT="26" WC="0.96" CONTENT="paragrafer"/><SP WIDTH="23" VPOS="575" HPOS="317"/>
							<String ID="string_120" HPOS="340" VPOS="576" WIDTH="94" HEIGHT="26" WC="0.96" CONTENT="uppstår,"/><SP WIDTH="22" VPOS="576" HPOS="434"/>
							<String ID="string_121" HPOS="456" VPOS="575" WIDTH="23" HEIGHT="21" WC="0.96" CONTENT="så"/><SP WIDTH="22" VPOS="575" HPOS="479"/>
							<String ID="string_122" HPOS="501" VPOS="576" WIDTH="42" HEIGHT="21" WC="0.95" CONTENT="kan"/><SP WIDTH="24" VPOS="576" HPOS="543"/>
							<String ID="string_123" HPOS="567" VPOS="576" WIDTH="111" HEIGHT="21" WC="0.93" CONTENT="Utskottet"/><SP WIDTH="22" VPOS="576" HPOS="678"/>
							<String ID="string_124" HPOS="700" VPOS="576" WIDTH="89" HEIGHT="21" WC="0.91" CONTENT="oaktadt"/><SP WIDTH="20" VPOS="576" HPOS="789"/>
							<String ID="string_125" HPOS="809" VPOS="576" WIDTH="147" HEIGHT="21" WC="0.91" CONTENT="återremissen"/><SP WIDTH="15" VPOS="576" HPOS="956"/>
							<String ID="string_126" HPOS="971" VPOS="575" WIDTH="46" HEIGHT="21" WC="0.96" CONTENT="icke"/>
						</TextLine>
						<TextLine ID="line_14" HPOS="192" VPOS="603" WIDTH="333" HEIGHT="28">
							<String ID="string_127" HPOS="192" VPOS="604" WIDTH="112" HEIGHT="21" WC="0.96" CONTENT="omarbeta"/><SP WIDTH="15" VPOS="604" HPOS="304"/>
							<String ID="string_128" HPOS="319" VPOS="604" WIDTH="61" HEIGHT="21" WC="0.95" CONTENT="dessa"/><SP WIDTH="16" VPOS="604" HPOS="380"/>
							<String ID="string_129" HPOS="396" VPOS="603" WIDTH="129" HEIGHT="28" WC="0.42" CONTENT="paragrafer."/>
						</TextLine>
					</TextBlock>
				</ComposedBlock>
				<ComposedBlock ID="cblock_4" HPOS="188" VPOS="660" WIDTH="829" HEIGHT="400">
					<TextBlock ID="block_3" HPOS="188" VPOS="660" WIDTH="829" HEIGHT="400">
						<TextLine ID="line_15" HPOS="263" VPOS="660" WIDTH="754" HEIGHT="28">
							<String ID="string_130" HPOS="263" VPOS="660" WIDTH="54" HEIGHT="21" WC="0.96" CONTENT="Herr"/><SP WIDTH="15" VPOS="660" HPOS="317"/>
							<String ID="string_131" HPOS="332" VPOS="661" WIDTH="118" HEIGHT="21" WC="0.96" CONTENT="Jansson:"/><SP WIDTH="32" VPOS="661" HPOS="450"/>
							<String ID="string_132" HPOS="482" VPOS="662" WIDTH="63" HEIGHT="20" WC="0.93" CONTENT="Emot"/><SP WIDTH="16" VPOS="662" HPOS="545"/>
							<String ID="string_133" HPOS="561" VPOS="661" WIDTH="49" HEIGHT="21" WC="0.93" CONTENT="herr"/><SP WIDTH="15" VPOS="661" HPOS="610"/>
							<String ID="string_134" HPOS="625" VPOS="661" WIDTH="117" HEIGHT="22" WC="0.92" CONTENT="Törnroths"/><SP WIDTH="9" VPOS="661" HPOS="742"/>
							<String ID="string_135" HPOS="751" VPOS="661" WIDTH="79" HEIGHT="27" WC="0.96" CONTENT="förslag"/><SP WIDTH="8" VPOS="661" HPOS="830"/>
							<String ID="string_136" HPOS="838" VPOS="668" WIDTH="34" HEIGHT="14" WC="0.96" CONTENT="om"/><SP WIDTH="12" VPOS="668" HPOS="872"/>
							<String ID="string_137" HPOS="884" VPOS="661" WIDTH="133" HEIGHT="21" WC="0.96" CONTENT="uteslutande"/>
						</TextLine>
						<TextLine ID="line_16" HPOS="192" VPOS="689" WIDTH="825" HEIGHT="28">
							<String ID="string_138" HPOS="192" VPOS="689" WIDTH="22" HEIGHT="21" WC="0.96" CONTENT="af"/><SP WIDTH="22" VPOS="689" HPOS="214"/>
							<String ID="string_139" HPOS="236" VPOS="689" WIDTH="65" HEIGHT="21" WC="0.95" CONTENT="orden"/><SP WIDTH="23" VPOS="689" HPOS="301"/>
							<String ID="string_140" HPOS="324" VPOS="689" WIDTH="62" HEIGHT="27" WC="0.88" CONTENT=",eller"/><SP WIDTH="23" VPOS="689" HPOS="386"/>
							<String ID="string_141" HPOS="409" VPOS="690" WIDTH="65" HEIGHT="27" WC="0.96" CONTENT="enligt"/><SP WIDTH="19" VPOS="690" HPOS="474"/>
							<String ID="string_142" HPOS="493" VPOS="690" WIDTH="48" HEIGHT="21" WC="0.96" CONTENT="dess"/><SP WIDTH="19" VPOS="690" HPOS="541"/>
							<String ID="string_143" HPOS="560" VPOS="690" WIDTH="142" HEIGHT="21" WC="0.96" CONTENT="förordnande"/><SP WIDTH="13" VPOS="690" HPOS="702"/>
							<String ID="string_144" HPOS="715" VPOS="690" WIDTH="34" HEIGHT="21" WC="0.96" CONTENT="vid"/><SP WIDTH="16" VPOS="690" HPOS="749"/>
							<String ID="string_145" HPOS="765" VPOS="689" WIDTH="91" HEIGHT="22" WC="0.96" CONTENT="domstol"/><SP WIDTH="16" VPOS="689" HPOS="856"/>
							<String ID="string_146" HPOS="872" VPOS="690" WIDTH="5" HEIGHT="20" WC="0.96" CONTENT="i"/><SP WIDTH="17" VPOS="690" HPOS="877"/>
							<String ID="string_147" HPOS="894" VPOS="691" WIDTH="70" HEIGHT="20" WC="0.66" CONTENT="orten&quot;"/><SP WIDTH="16" VPOS="691" HPOS="964"/>
							<String ID="string_148" HPOS="980" VPOS="690" WIDTH="37" HEIGHT="21" WC="0.97" CONTENT="ber"/>
						</TextLine>
						<TextLine ID="line_17" HPOS="189" VPOS="718" WIDTH="827" HEIGHT="27">
							<String ID="string_149" HPOS="189" VPOS="718" WIDTH="38" HEIGHT="26" WC="0.96" CONTENT="jag"/><SP WIDTH="22" VPOS="718" HPOS="227"/>
							<String ID="string_150" HPOS="249" VPOS="721" WIDTH="33" HEIGHT="18" WC="0.96" CONTENT="att"/><SP WIDTH="23" VPOS="721" HPOS="282"/>
							<String ID="string_151" HPOS="305" VPOS="718" WIDTH="19" HEIGHT="21" WC="0.96" CONTENT="få"/><SP WIDTH="23" VPOS="718" HPOS="324"/>
							<String ID="string_152" HPOS="347" VPOS="719" WIDTH="111" HEIGHT="26" WC="0.94" CONTENT="uppträda."/><SP WIDTH="32" VPOS="719" HPOS="458"/>
							<String ID="string_153" HPOS="490" VPOS="719" WIDTH="73" HEIGHT="20" WC="0.94" CONTENT="Såsom"/><SP WIDTH="24" VPOS="719" HPOS="563"/>
							<String ID="string_154" HPOS="587" VPOS="719" WIDTH="22" HEIGHT="20" WC="0.96" CONTENT="af"/><SP WIDTH="22" VPOS="719" HPOS="609"/>
							<String ID="string_155" HPOS="631" VPOS="719" WIDTH="59" HEIGHT="20" WC="0.96" CONTENT="detta"/><SP WIDTH="19" VPOS="719" HPOS="690"/>
							<String ID="string_156" HPOS="709" VPOS="721" WIDTH="94" HEIGHT="19" WC="0.96" CONTENT="moment"/><SP WIDTH="15" VPOS="721" HPOS="803"/>
							<String ID="string_157" HPOS="818" VPOS="725" WIDTH="68" HEIGHT="20" WC="0.93" CONTENT="synes,"/><SP WIDTH="16" VPOS="725" HPOS="886"/>
							<String ID="string_158" HPOS="902" VPOS="719" WIDTH="54" HEIGHT="20" WC="0.91" CONTENT="afser"/><SP WIDTH="15" VPOS="719" HPOS="956"/>
							<String ID="string_159" HPOS="971" VPOS="718" WIDTH="45" HEIGHT="21" WC="0.91" CONTENT="det-"/>
						</TextLine>
						<TextLine ID="line_18" HPOS="192" VPOS="747" WIDTH="825" HEIGHT="27">
							<String ID="string_160" HPOS="192" VPOS="752" WIDTH="82" HEIGHT="15" WC="0.96" CONTENT="samma"/><SP WIDTH="22" VPOS="752" HPOS="274"/>
							<String ID="string_161" HPOS="296" VPOS="747" WIDTH="64" HEIGHT="20" WC="0.96" CONTENT="bland"/><SP WIDTH="16" VPOS="747" HPOS="360"/>
							<String ID="string_162" HPOS="376" VPOS="749" WIDTH="64" HEIGHT="18" WC="0.96" CONTENT="annat"/><SP WIDTH="16" VPOS="749" HPOS="440"/>
							<String ID="string_163" HPOS="456" VPOS="747" WIDTH="59" HEIGHT="21" WC="0.96" CONTENT="äfven"/><SP WIDTH="17" VPOS="747" HPOS="515"/>
							<String ID="string_164" HPOS="532" VPOS="753" WIDTH="63" HEIGHT="15" WC="0.96" CONTENT="mom."/><SP WIDTH="16" VPOS="753" HPOS="595"/>
							<String ID="string_165" HPOS="611" VPOS="749" WIDTH="12" HEIGHT="19" WC="0.95" CONTENT="5"/><SP WIDTH="17" VPOS="749" HPOS="623"/>
							<String ID="string_166" HPOS="640" VPOS="747" WIDTH="6" HEIGHT="21" WC="0.96" CONTENT="i"/><SP WIDTH="16" VPOS="747" HPOS="646"/>
							<String ID="string_167" HPOS="662" VPOS="747" WIDTH="127" HEIGHT="27" WC="0.96" CONTENT="föregående"/><SP WIDTH="16" VPOS="747" HPOS="789"/>
							<String ID="string_168" HPOS="805" VPOS="747" WIDTH="107" HEIGHT="26" WC="0.96" CONTENT="paragraf,"/><SP WIDTH="16" VPOS="747" HPOS="912"/>
							<String ID="string_169" HPOS="928" VPOS="747" WIDTH="37" HEIGHT="21" WC="0.96" CONTENT="der"/><SP WIDTH="16" VPOS="747" HPOS="965"/>
							<String ID="string_170" HPOS="981" VPOS="747" WIDTH="36" HEIGHT="21" WC="0.96" CONTENT="det"/>
						</TextLine>
						<TextLine ID="line_19" HPOS="191" VPOS="775" WIDTH="825" HEIGHT="28">
							<String ID="string_171" HPOS="191" VPOS="775" WIDTH="70" HEIGHT="20" WC="0.93" CONTENT="heter:"/><SP WIDTH="26" VPOS="775" HPOS="261"/>
							<String ID="string_172" HPOS="287" VPOS="775" WIDTH="52" HEIGHT="24" WC="0.89" CONTENT=",har"/><SP WIDTH="23" VPOS="775" HPOS="339"/>
							<String ID="string_173" HPOS="362" VPOS="775" WIDTH="137" HEIGHT="28" WC="0.92" CONTENT="minderärigt"/><SP WIDTH="22" VPOS="775" HPOS="499"/>
							<String ID="string_174" HPOS="521" VPOS="776" WIDTH="52" HEIGHT="21" WC="0.93" CONTENT="barn"/><SP WIDTH="24" VPOS="776" HPOS="573"/>
							<String ID="string_175" HPOS="597" VPOS="776" WIDTH="54" HEIGHT="27" WC="0.92" CONTENT="tiggt"/><SP WIDTH="18" VPOS="776" HPOS="651"/>
							<String ID="string_176" HPOS="669" VPOS="776" WIDTH="27" HEIGHT="26" WC="0.96" CONTENT="på"/><SP WIDTH="17" VPOS="776" HPOS="696"/>
							<String ID="string_177" HPOS="713" VPOS="775" WIDTH="114" HEIGHT="27" WC="0.96" CONTENT="befallning"/><SP WIDTH="15" VPOS="775" HPOS="827"/>
							<String ID="string_178" HPOS="842" VPOS="776" WIDTH="52" HEIGHT="21" WC="0.96" CONTENT="eller"/><SP WIDTH="15" VPOS="776" HPOS="894"/>
							<String ID="string_179" HPOS="909" VPOS="776" WIDTH="48" HEIGHT="21" WC="0.93" CONTENT="med"/><SP WIDTH="15" VPOS="776" HPOS="957"/>
							<String ID="string_180" HPOS="972" VPOS="775" WIDTH="44" HEIGHT="22" WC="0.93" CONTENT="till-"/>
						</TextLine>
						<TextLine ID="line_20" HPOS="191" VPOS="803" WIDTH="825" HEIGHT="28">
							<String ID="string_181" HPOS="191" VPOS="803" WIDTH="76" HEIGHT="22" WC="0.96" CONTENT="låtelse"/><SP WIDTH="23" VPOS="803" HPOS="267"/>
							<String ID="string_182" HPOS="290" VPOS="804" WIDTH="21" HEIGHT="20" WC="0.93" CONTENT="af"/><SP WIDTH="23" VPOS="804" HPOS="311"/>
							<String ID="string_183" HPOS="334" VPOS="804" WIDTH="132" HEIGHT="21" WC="0.92" CONTENT="föräldrarne"/><SP WIDTH="23" VPOS="804" HPOS="466"/>
							<String ID="string_184" HPOS="489" VPOS="804" WIDTH="52" HEIGHT="21" WC="0.95" CONTENT="eller"/><SP WIDTH="22" VPOS="804" HPOS="541"/>
							<String ID="string_185" HPOS="563" VPOS="811" WIDTH="70" HEIGHT="14" WC="0.95" CONTENT="annan"/><SP WIDTH="15" VPOS="811" HPOS="633"/>
							<String ID="string_186" HPOS="648" VPOS="811" WIDTH="45" HEIGHT="14" WC="0.95" CONTENT="som"/><SP WIDTH="17" VPOS="811" HPOS="693"/>
							<String ID="string_187" HPOS="710" VPOS="807" WIDTH="24" HEIGHT="19" WC="0.96" CONTENT="är"/><SP WIDTH="12" VPOS="807" HPOS="734"/>
							<String ID="string_188" HPOS="746" VPOS="804" WIDTH="82" HEIGHT="27" WC="0.96" CONTENT="skyldig"/><SP WIDTH="15" VPOS="804" HPOS="828"/>
							<String ID="string_189" HPOS="843" VPOS="807" WIDTH="33" HEIGHT="18" WC="0.96" CONTENT="att"/><SP WIDTH="15" VPOS="807" HPOS="876"/>
							<String ID="string_190" HPOS="891" VPOS="811" WIDTH="34" HEIGHT="14" WC="0.96" CONTENT="om"/><SP WIDTH="16" VPOS="811" HPOS="925"/>
							<String ID="string_191" HPOS="941" VPOS="804" WIDTH="75" HEIGHT="21" WC="0.96" CONTENT="barnet"/>
						</TextLine>
						<TextLine ID="line_21" HPOS="191" VPOS="832" WIDTH="824" HEIGHT="27">
							<String ID="string_192" HPOS="191" VPOS="832" WIDTH="64" HEIGHT="21" WC="0.95" CONTENT="hafva"/><SP WIDTH="25" VPOS="832" HPOS="255"/>
							<String ID="string_193" HPOS="280" VPOS="833" WIDTH="55" HEIGHT="26" WC="0.96" CONTENT="vård,"/><SP WIDTH="22" VPOS="833" HPOS="335"/>
							<String ID="string_194" HPOS="357" VPOS="833" WIDTH="34" HEIGHT="20" WC="0.91" CONTENT="mä"/><SP WIDTH="25" VPOS="833" HPOS="391"/>
							<String ID="string_195" HPOS="416" VPOS="833" WIDTH="202" HEIGHT="26" WC="0.84" CONTENT="fattigvårdstyrelse"/><SP WIDTH="22" VPOS="833" HPOS="618"/>
							<String ID="string_196" HPOS="640" VPOS="833" WIDTH="99" HEIGHT="26" WC="0.96" CONTENT="antingen"/><SP WIDTH="24" VPOS="833" HPOS="739"/>
							<String ID="string_197" HPOS="763" VPOS="840" WIDTH="65" HEIGHT="14" WC="0.95" CONTENT="varna"/><SP WIDTH="22" VPOS="840" HPOS="828"/>
							<String ID="string_198" HPOS="850" VPOS="833" WIDTH="57" HEIGHT="24" WC="0.88" CONTENT="den&quot;,"/><SP WIDTH="22" VPOS="833" HPOS="907"/>
							<String ID="string_199" HPOS="929" VPOS="839" WIDTH="18" HEIGHT="15" WC="0.79" CONTENT="o."/><SP WIDTH="15" VPOS="839" HPOS="947"/>
							<String ID="string_200" HPOS="962" VPOS="839" WIDTH="17" HEIGHT="14" WC="0.79" CONTENT="s."/><SP WIDTH="17" VPOS="839" HPOS="979"/>
							<String ID="string_201" HPOS="996" VPOS="839" WIDTH="19" HEIGHT="14" WC="0.96" CONTENT="v."/>
						</TextLine>
						<TextLine ID="line_22" HPOS="191" VPOS="860" WIDTH="824" HEIGHT="28">
							<String ID="string_202" HPOS="191" VPOS="860" WIDTH="49" HEIGHT="21" WC="0.96" CONTENT="Men"/><SP WIDTH="17" VPOS="860" HPOS="240"/>
							<String ID="string_203" HPOS="257" VPOS="861" WIDTH="46" HEIGHT="26" WC="0.96" CONTENT="den,"/><SP WIDTH="15" VPOS="861" HPOS="303"/>
							<String ID="string_204" HPOS="318" VPOS="867" WIDTH="44" HEIGHT="15" WC="0.96" CONTENT="som"/><SP WIDTH="18" VPOS="867" HPOS="362"/>
							<String ID="string_205" HPOS="380" VPOS="861" WIDTH="71" HEIGHT="21" WC="0.95" CONTENT="befallt"/><SP WIDTH="16" VPOS="861" HPOS="451"/>
							<String ID="string_206" HPOS="467" VPOS="864" WIDTH="31" HEIGHT="19" WC="0.96" CONTENT="ett"/><SP WIDTH="15" VPOS="864" HPOS="498"/>
							<String ID="string_207" HPOS="513" VPOS="862" WIDTH="53" HEIGHT="20" WC="0.95" CONTENT="barn"/><SP WIDTH="22" VPOS="862" HPOS="566"/>
							<String ID="string_208" HPOS="588" VPOS="863" WIDTH="32" HEIGHT="20" WC="0.96" CONTENT="att"/><SP WIDTH="15" VPOS="863" HPOS="620"/>
							<String ID="string_209" HPOS="635" VPOS="862" WIDTH="58" HEIGHT="26" WC="0.95" CONTENT="tigga"/><SP WIDTH="15" VPOS="862" HPOS="693"/>
							<String ID="string_210" HPOS="708" VPOS="864" WIDTH="24" HEIGHT="19" WC="0.96" CONTENT="är"/><SP WIDTH="8" VPOS="864" HPOS="732"/>
							<String ID="string_211" HPOS="740" VPOS="861" WIDTH="97" HEIGHT="22" WC="0.96" CONTENT="förfallen"/><SP WIDTH="9" VPOS="861" HPOS="837"/>
							<String ID="string_212" HPOS="846" VPOS="861" WIDTH="31" HEIGHT="22" WC="0.96" CONTENT="till"/><SP WIDTH="10" VPOS="861" HPOS="877"/>
							<String ID="string_213" HPOS="887" VPOS="861" WIDTH="128" HEIGHT="26" WC="0.96" CONTENT="korrektion,"/>
						</TextLine>
						<TextLine ID="line_23" HPOS="190" VPOS="889" WIDTH="825" HEIGHT="28">
							<String ID="string_214" HPOS="190" VPOS="889" WIDTH="40" HEIGHT="21" WC="0.96" CONTENT="och"/><SP WIDTH="24" VPOS="889" HPOS="230"/>
							<String ID="string_215" HPOS="254" VPOS="889" WIDTH="36" HEIGHT="22" WC="0.96" CONTENT="det"/><SP WIDTH="23" VPOS="889" HPOS="290"/>
							<String ID="string_216" HPOS="313" VPOS="889" WIDTH="66" HEIGHT="22" WC="0.96" CONTENT="måste"/><SP WIDTH="23" VPOS="889" HPOS="379"/>
							<String ID="string_217" HPOS="402" VPOS="890" WIDTH="115" HEIGHT="21" WC="0.96" CONTENT="emellertid"/><SP WIDTH="25" VPOS="890" HPOS="517"/>
							<String ID="string_218" HPOS="542" VPOS="890" WIDTH="65" HEIGHT="21" WC="0.96" CONTENT="blifva"/><SP WIDTH="19" VPOS="890" HPOS="607"/>
							<String ID="string_219" HPOS="626" VPOS="891" WIDTH="82" HEIGHT="26" WC="0.96" CONTENT="ganska"/><SP WIDTH="23" VPOS="891" HPOS="708"/>
							<String ID="string_220" HPOS="731" VPOS="890" WIDTH="58" HEIGHT="21" WC="0.96" CONTENT="svårt"/><SP WIDTH="23" VPOS="890" HPOS="789"/>
							<String ID="string_221" HPOS="812" VPOS="893" WIDTH="31" HEIGHT="18" WC="0.96" CONTENT="att"/><SP WIDTH="16" VPOS="893" HPOS="843"/>
							<String ID="string_222" HPOS="859" VPOS="890" WIDTH="33" HEIGHT="21" WC="0.96" CONTENT="vid"/><SP WIDTH="14" VPOS="890" HPOS="892"/>
							<String ID="string_223" HPOS="906" VPOS="892" WIDTH="30" HEIGHT="19" WC="0.93" CONTENT="ett"/><SP WIDTH="16" VPOS="892" HPOS="936"/>
							<String ID="string_224" HPOS="952" VPOS="890" WIDTH="63" HEIGHT="27" WC="0.92" CONTENT="polis-"/>
						</TextLine>
						<TextLine ID="line_24" HPOS="190" VPOS="917" WIDTH="825" HEIGHT="28">
							<String ID="string_225" HPOS="190" VPOS="917" WIDTH="73" HEIGHT="22" WC="0.96" CONTENT="förhör"/><SP WIDTH="24" VPOS="917" HPOS="263"/>
							<String ID="string_226" HPOS="287" VPOS="919" WIDTH="74" HEIGHT="20" WC="0.95" CONTENT="utreda"/><SP WIDTH="19" VPOS="919" HPOS="361"/>
							<String ID="string_227" HPOS="380" VPOS="925" WIDTH="33" HEIGHT="14" WC="0.96" CONTENT="om"/><SP WIDTH="16" VPOS="925" HPOS="413"/>
							<String ID="string_228" HPOS="429" VPOS="921" WIDTH="30" HEIGHT="18" WC="0.95" CONTENT="ett"/><SP WIDTH="16" VPOS="921" HPOS="459"/>
							<String ID="string_229" HPOS="475" VPOS="919" WIDTH="76" HEIGHT="21" WC="0.96" CONTENT="sådant"/><SP WIDTH="15" VPOS="919" HPOS="551"/>
							<String ID="string_230" HPOS="566" VPOS="919" WIDTH="131" HEIGHT="21" WC="0.95" CONTENT="förhållande"/><SP WIDTH="16" VPOS="919" HPOS="697"/>
							<String ID="string_231" HPOS="713" VPOS="922" WIDTH="36" HEIGHT="23" WC="0.96" CONTENT="egt"/><SP WIDTH="15" VPOS="922" HPOS="749"/>
							<String ID="string_232" HPOS="764" VPOS="925" WIDTH="52" HEIGHT="19" WC="0.96" CONTENT="rum,"/><SP WIDTH="18" VPOS="925" HPOS="816"/>
							<String ID="string_233" HPOS="834" VPOS="919" WIDTH="51" HEIGHT="21" WC="0.96" CONTENT="eller"/><SP WIDTH="15" VPOS="919" HPOS="885"/>
							<String ID="string_234" HPOS="900" VPOS="919" WIDTH="52" HEIGHT="21" WC="0.96" CONTENT="icke."/><SP WIDTH="21" VPOS="919" HPOS="952"/>
							<String ID="string_235" HPOS="973" VPOS="919" WIDTH="42" HEIGHT="21" WC="0.96" CONTENT="Det"/>
						</TextLine>
						<TextLine ID="line_25" HPOS="190" VPOS="947" WIDTH="825" HEIGHT="28">
							<String ID="string_236" HPOS="190" VPOS="948" WIDTH="24" HEIGHT="19" WC="0.95" CONTENT="är"/><SP WIDTH="23" VPOS="948" HPOS="214"/>
							<String ID="string_237" HPOS="237" VPOS="947" WIDTH="108" HEIGHT="21" WC="0.95" CONTENT="sannolikt"/><SP WIDTH="23" VPOS="947" HPOS="345"/>
							<String ID="string_238" HPOS="368" VPOS="947" WIDTH="46" HEIGHT="21" WC="0.95" CONTENT="med"/><SP WIDTH="16" VPOS="947" HPOS="414"/>
							<String ID="string_239" HPOS="430" VPOS="947" WIDTH="98" HEIGHT="22" WC="0.93" CONTENT="afseende"/><SP WIDTH="16" VPOS="947" HPOS="528"/>
							<String ID="string_240" HPOS="544" VPOS="948" WIDTH="72" HEIGHT="27" WC="0.92" CONTENT="derpå,"/><SP WIDTH="16" VPOS="948" HPOS="616"/>
							<String ID="string_241" HPOS="632" VPOS="954" WIDTH="44" HEIGHT="15" WC="0.96" CONTENT="som"/><SP WIDTH="17" VPOS="954" HPOS="676"/>
							<String ID="string_242" HPOS="693" VPOS="948" WIDTH="111" HEIGHT="21" WC="0.96" CONTENT="Utskottet"/><SP WIDTH="16" VPOS="948" HPOS="804"/>
							<String ID="string_243" HPOS="820" VPOS="947" WIDTH="39" HEIGHT="22" WC="0.96" CONTENT="har"/><SP WIDTH="16" VPOS="947" HPOS="859"/>
							<String ID="string_244" HPOS="875" VPOS="947" WIDTH="66" HEIGHT="21" WC="0.96" CONTENT="infört"/><SP WIDTH="15" VPOS="947" HPOS="941"/>
							<String ID="string_245" HPOS="956" VPOS="947" WIDTH="59" HEIGHT="21" WC="0.96" CONTENT="detta"/>
						</TextLine>
						<TextLine ID="line_26" HPOS="189" VPOS="975" WIDTH="824" HEIGHT="28">
							<String ID="string_246" HPOS="189" VPOS="975" WIDTH="118" HEIGHT="26" WC="0.96" CONTENT="stadgande"/><SP WIDTH="19" VPOS="975" HPOS="307"/>
							<String ID="string_247" HPOS="326" VPOS="975" WIDTH="38" HEIGHT="22" WC="0.93" CONTENT="och"/><SP WIDTH="20" VPOS="975" HPOS="364"/>
							<String ID="string_248" HPOS="384" VPOS="976" WIDTH="79" HEIGHT="21" WC="0.91" CONTENT="lemnat"/><SP WIDTH="15" VPOS="976" HPOS="463"/>
							<String ID="string_249" HPOS="478" VPOS="978" WIDTH="131" HEIGHT="24" WC="0.95" CONTENT="guvernören"/><SP WIDTH="16" VPOS="978" HPOS="609"/>
							<String ID="string_250" HPOS="625" VPOS="977" WIDTH="103" HEIGHT="26" WC="0.96" CONTENT="rättighet"/><SP WIDTH="15" VPOS="977" HPOS="728"/>
							<String ID="string_251" HPOS="743" VPOS="978" WIDTH="32" HEIGHT="19" WC="0.96" CONTENT="att"/><SP WIDTH="16" VPOS="978" HPOS="775"/>
							<String ID="string_252" HPOS="791" VPOS="976" WIDTH="43" HEIGHT="21" WC="0.96" CONTENT="låta"/><SP WIDTH="16" VPOS="976" HPOS="834"/>
							<String ID="string_253" HPOS="850" VPOS="976" WIDTH="72" HEIGHT="21" WC="0.93" CONTENT="derom"/><SP WIDTH="16" VPOS="976" HPOS="922"/>
							<String ID="string_254" HPOS="938" VPOS="976" WIDTH="75" HEIGHT="21" WC="0.92" CONTENT="under-"/>
						</TextLine>
						<TextLine ID="line_27" HPOS="189" VPOS="1003" WIDTH="826" HEIGHT="29">
							<String ID="string_255" HPOS="189" VPOS="1003" WIDTH="53" HEIGHT="22" WC="0.96" CONTENT="söka"/><SP WIDTH="15" VPOS="1003" HPOS="242"/>
							<String ID="string_256" HPOS="257" VPOS="1004" WIDTH="35" HEIGHT="21" WC="0.96" CONTENT="vid"/><SP WIDTH="16" VPOS="1004" HPOS="292"/>
							<String ID="string_257" HPOS="308" VPOS="1004" WIDTH="95" HEIGHT="21" WC="0.94" CONTENT="domstol."/><SP WIDTH="30" VPOS="1004" HPOS="403"/>
							<String ID="string_258" HPOS="433" VPOS="1005" WIDTH="41" HEIGHT="26" WC="0.96" CONTENT="Jag"/><SP WIDTH="15" VPOS="1005" HPOS="474"/>
							<String ID="string_259" HPOS="489" VPOS="1011" WIDTH="62" HEIGHT="15" WC="0.96" CONTENT="anser"/><SP WIDTH="14" VPOS="1011" HPOS="551"/>
							<String ID="string_260" HPOS="565" VPOS="1005" WIDTH="33" HEIGHT="21" WC="0.96" CONTENT="för"/><SP WIDTH="16" VPOS="1005" HPOS="598"/>
							<String ID="string_261" HPOS="614" VPOS="1005" WIDTH="42" HEIGHT="21" WC="0.96" CONTENT="min"/><SP WIDTH="12" VPOS="1005" HPOS="656"/>
							<String ID="string_262" HPOS="668" VPOS="1005" WIDTH="33" HEIGHT="21" WC="0.96" CONTENT="del"/><SP WIDTH="14" VPOS="1005" HPOS="701"/>
							<String ID="string_263" HPOS="715" VPOS="1005" WIDTH="60" HEIGHT="21" WC="0.96" CONTENT="detta"/><SP WIDTH="10" VPOS="1005" HPOS="775"/>
							<String ID="string_264" HPOS="785" VPOS="1005" WIDTH="117" HEIGHT="26" WC="0.93" CONTENT="stadgande"/><SP WIDTH="11" VPOS="1005" HPOS="902"/>
							<String ID="string_265" HPOS="913" VPOS="1005" WIDTH="102" HEIGHT="27" WC="0.92" CONTENT="betrygga"/>
						</TextLine>
						<TextLine ID="line_28" HPOS="188" VPOS="1033" WIDTH="701" HEIGHT="27">
							<String ID="string_266" HPOS="188" VPOS="1033" WIDTH="182" HEIGHT="21" WC="0.95" CONTENT="rättssäkerheten"/><SP WIDTH="17" VPOS="1033" HPOS="370"/>
							<String ID="string_267" HPOS="387" VPOS="1033" WIDTH="39" HEIGHT="21" WC="0.96" CONTENT="och"/><SP WIDTH="16" VPOS="1033" HPOS="426"/>
							<String ID="string_268" HPOS="442" VPOS="1033" WIDTH="95" HEIGHT="22" WC="0.93" CONTENT="anhåller"/><SP WIDTH="16" VPOS="1033" HPOS="537"/>
							<String ID="string_269" HPOS="553" VPOS="1033" WIDTH="81" HEIGHT="22" WC="0.91" CONTENT="derföre"/><SP WIDTH="17" VPOS="1033" HPOS="634"/>
							<String ID="string_270" HPOS="651" VPOS="1036" WIDTH="32" HEIGHT="19" WC="0.96" CONTENT="att"/><SP WIDTH="15" VPOS="1036" HPOS="683"/>
							<String ID="string_271" HPOS="698" VPOS="1034" WIDTH="36" HEIGHT="21" WC="0.96" CONTENT="det"/><SP WIDTH="16" VPOS="1034" HPOS="734"/>
							<String ID="string_272" HPOS="750" VPOS="1033" WIDTH="33" HEIGHT="21" WC="0.93" CONTENT="får"/><SP WIDTH="14" VPOS="1033" HPOS="783"/>
							<String ID="string_273" HPOS="797" VPOS="1034" WIDTH="92" HEIGHT="26" WC="0.91" CONTENT="qvarstå."/>
						</TextLine>
					</TextBlock>
				</ComposedBlock>
				<ComposedBlock ID="cblock_5" HPOS="187" VPOS="1089" WIDTH="828" HEIGHT="228">
					<TextBlock ID="block_4" HPOS="187" VPOS="1089" WIDTH="828" HEIGHT="228">
						<TextLine ID="line_29" HPOS="259" VPOS="1089" WIDTH="754" HEIGHT="28">
							<String ID="string_274" HPOS="259" VPOS="1089" WIDTH="54" HEIGHT="21" WC="0.95" CONTENT="Herr"/><SP WIDTH="23" VPOS="1089" HPOS="313"/>
							<String ID="string_275" HPOS="336" VPOS="1089" WIDTH="82" HEIGHT="22" WC="0.96" CONTENT="Gadd:"/><SP WIDTH="31" VPOS="1089" HPOS="418"/>
							<String ID="string_276" HPOS="449" VPOS="1090" WIDTH="40" HEIGHT="27" WC="0.96" CONTENT="Jag"/><SP WIDTH="21" VPOS="1090" HPOS="489"/>
							<String ID="string_277" HPOS="510" VPOS="1090" WIDTH="83" HEIGHT="21" WC="0.96" CONTENT="förenar"/><SP WIDTH="24" VPOS="1090" HPOS="593"/>
							<String ID="string_278" HPOS="617" VPOS="1091" WIDTH="42" HEIGHT="26" WC="0.96" CONTENT="mig"/><SP WIDTH="23" VPOS="1091" HPOS="659"/>
							<String ID="string_279" HPOS="682" VPOS="1091" WIDTH="48" HEIGHT="20" WC="0.96" CONTENT="med"/><SP WIDTH="24" VPOS="1091" HPOS="730"/>
							<String ID="string_280" HPOS="754" VPOS="1090" WIDTH="73" HEIGHT="21" WC="0.93" CONTENT="herrar"/><SP WIDTH="22" VPOS="1090" HPOS="827"/>
							<String ID="string_281" HPOS="849" VPOS="1090" WIDTH="105" HEIGHT="21" WC="0.91" CONTENT="Törnroth"/><SP WIDTH="21" VPOS="1090" HPOS="954"/>
							<String ID="string_282" HPOS="975" VPOS="1090" WIDTH="38" HEIGHT="22" WC="0.96" CONTENT="och"/>
						</TextLine>
						<TextLine ID="line_30" HPOS="188" VPOS="1117" WIDTH="826" HEIGHT="28">
							<String ID="string_283" HPOS="188" VPOS="1117" WIDTH="132" HEIGHT="26" WC="0.96" CONTENT="Tengström,"/><SP WIDTH="16" VPOS="1117" HPOS="320"/>
							<String ID="string_284" HPOS="336" VPOS="1119" WIDTH="24" HEIGHT="20" WC="0.96" CONTENT="så"/><SP WIDTH="19" VPOS="1119" HPOS="360"/>
							<String ID="string_285" HPOS="379" VPOS="1119" WIDTH="84" HEIGHT="26" WC="0.96" CONTENT="mycket"/><SP WIDTH="18" VPOS="1119" HPOS="463"/>
							<String ID="string_286" HPOS="481" VPOS="1125" WIDTH="45" HEIGHT="14" WC="0.96" CONTENT="mer"/><SP WIDTH="18" VPOS="1125" HPOS="526"/>
							<String ID="string_287" HPOS="544" VPOS="1126" WIDTH="45" HEIGHT="14" WC="0.96" CONTENT="som"/><SP WIDTH="17" VPOS="1126" HPOS="589"/>
							<String ID="string_288" HPOS="606" VPOS="1125" WIDTH="32" HEIGHT="15" WC="0.96" CONTENT="om"/><SP WIDTH="17" VPOS="1125" HPOS="638"/>
							<String ID="string_289" HPOS="655" VPOS="1121" WIDTH="132" HEIGHT="24" WC="0.93" CONTENT="guvernören"/><SP WIDTH="16" VPOS="1121" HPOS="787"/>
							<String ID="string_290" HPOS="803" VPOS="1119" WIDTH="121" HEIGHT="26" WC="0.92" CONTENT="medgåfves"/><SP WIDTH="16" VPOS="1119" HPOS="924"/>
							<String ID="string_291" HPOS="940" VPOS="1119" WIDTH="74" HEIGHT="26" WC="0.92" CONTENT="rättig-"/>
						</TextLine>
						<TextLine ID="line_31" HPOS="188" VPOS="1146" WIDTH="825" HEIGHT="27">
							<String ID="string_292" HPOS="188" VPOS="1146" WIDTH="37" HEIGHT="21" WC="0.96" CONTENT="het"/><SP WIDTH="21" VPOS="1146" HPOS="225"/>
							<String ID="string_293" HPOS="246" VPOS="1149" WIDTH="33" HEIGHT="18" WC="0.95" CONTENT="att"/><SP WIDTH="23" VPOS="1149" HPOS="279"/>
							<String ID="string_294" HPOS="302" VPOS="1147" WIDTH="100" HEIGHT="21" WC="0.96" CONTENT="förordna"/><SP WIDTH="23" VPOS="1147" HPOS="402"/>
							<String ID="string_295" HPOS="425" VPOS="1148" WIDTH="31" HEIGHT="20" WC="0.93" CONTENT="till"/><SP WIDTH="23" VPOS="1148" HPOS="456"/>
							<String ID="string_296" HPOS="479" VPOS="1148" WIDTH="133" HEIGHT="21" WC="0.92" CONTENT="anställande"/><SP WIDTH="24" VPOS="1148" HPOS="612"/>
							<String ID="string_297" HPOS="636" VPOS="1148" WIDTH="34" HEIGHT="21" WC="0.96" CONTENT="vid"/><SP WIDTH="24" VPOS="1148" HPOS="670"/>
							<String ID="string_298" HPOS="694" VPOS="1147" WIDTH="91" HEIGHT="22" WC="0.96" CONTENT="domstol"/><SP WIDTH="20" VPOS="1147" HPOS="785"/>
							<String ID="string_299" HPOS="805" VPOS="1147" WIDTH="21" HEIGHT="21" WC="0.96" CONTENT="af"/><SP WIDTH="18" VPOS="1147" HPOS="826"/>
							<String ID="string_300" HPOS="844" VPOS="1148" WIDTH="76" HEIGHT="21" WC="0.96" CONTENT="sådant"/><SP WIDTH="15" VPOS="1148" HPOS="920"/>
							<String ID="string_301" HPOS="935" VPOS="1147" WIDTH="78" HEIGHT="26" WC="0.96" CONTENT="förhör,"/>
						</TextLine>
						<TextLine ID="line_32" HPOS="188" VPOS="1175" WIDTH="825" HEIGHT="28">
							<String ID="string_302" HPOS="188" VPOS="1181" WIDTH="44" HEIGHT="14" WC="0.96" CONTENT="som"/><SP WIDTH="17" VPOS="1181" HPOS="232"/>
							<String ID="string_303" HPOS="249" VPOS="1175" WIDTH="6" HEIGHT="20" WC="0.96" CONTENT="i"/><SP WIDTH="17" VPOS="1175" HPOS="255"/>
							<String ID="string_304" HPOS="272" VPOS="1175" WIDTH="58" HEIGHT="21" WC="0.96" CONTENT="detta"/><SP WIDTH="16" VPOS="1175" HPOS="330"/>
							<String ID="string_305" HPOS="346" VPOS="1178" WIDTH="93" HEIGHT="19" WC="0.96" CONTENT="moment"/><SP WIDTH="15" VPOS="1178" HPOS="439"/>
							<String ID="string_306" HPOS="454" VPOS="1176" WIDTH="97" HEIGHT="25" WC="0.96" CONTENT="omtalas,"/><SP WIDTH="16" VPOS="1176" HPOS="551"/>
							<String ID="string_307" HPOS="567" VPOS="1178" WIDTH="131" HEIGHT="25" WC="0.93" CONTENT="guvernören"/><SP WIDTH="16" VPOS="1178" HPOS="698"/>
							<String ID="string_308" HPOS="714" VPOS="1177" WIDTH="122" HEIGHT="25" WC="0.90" CONTENT="derigenom"/><SP WIDTH="16" VPOS="1177" HPOS="836"/>
							<String ID="string_309" HPOS="852" VPOS="1176" WIDTH="84" HEIGHT="21" WC="0.95" CONTENT="komme"/><SP WIDTH="14" VPOS="1176" HPOS="936"/>
							<String ID="string_310" HPOS="950" VPOS="1177" WIDTH="5" HEIGHT="20" WC="0.95" CONTENT="i"/><SP WIDTH="18" VPOS="1177" HPOS="955"/>
							<String ID="string_311" HPOS="973" VPOS="1177" WIDTH="40" HEIGHT="20" WC="0.96" CONTENT="den"/>
						</TextLine>
						<TextLine ID="line_33" HPOS="187" VPOS="1204" WIDTH="827" HEIGHT="27">
							<String ID="string_312" HPOS="187" VPOS="1204" WIDTH="102" HEIGHT="27" WC="0.96" CONTENT="ställning"/><SP WIDTH="15" VPOS="1204" HPOS="289"/>
							<String ID="string_313" HPOS="304" VPOS="1207" WIDTH="31" HEIGHT="18" WC="0.95" CONTENT="att"/><SP WIDTH="16" VPOS="1207" HPOS="335"/>
							<String ID="string_314" HPOS="351" VPOS="1205" WIDTH="41" HEIGHT="20" WC="0.93" CONTENT="han"/><SP WIDTH="16" VPOS="1205" HPOS="392"/>
							<String ID="string_315" HPOS="408" VPOS="1205" WIDTH="68" HEIGHT="20" WC="0.92" CONTENT="blefve"/><SP WIDTH="16" VPOS="1205" HPOS="476"/>
							<String ID="string_316" HPOS="492" VPOS="1205" WIDTH="40" HEIGHT="20" WC="0.95" CONTENT="den"/><SP WIDTH="17" VPOS="1205" HPOS="532"/>
							<String ID="string_317" HPOS="549" VPOS="1205" WIDTH="103" HEIGHT="21" WC="0.96" CONTENT="dömande"/><SP WIDTH="17" VPOS="1205" HPOS="652"/>
							<String ID="string_318" HPOS="669" VPOS="1205" WIDTH="6" HEIGHT="20" WC="0.96" CONTENT="i"/><SP WIDTH="16" VPOS="1205" HPOS="675"/>
							<String ID="string_319" HPOS="691" VPOS="1207" WIDTH="32" HEIGHT="19" WC="0.96" CONTENT="ett"/><SP WIDTH="15" VPOS="1207" HPOS="723"/>
							<String ID="string_320" HPOS="738" VPOS="1205" WIDTH="48" HEIGHT="26" WC="0.96" CONTENT="mål,"/><SP WIDTH="18" VPOS="1205" HPOS="786"/>
							<String ID="string_321" HPOS="804" VPOS="1205" WIDTH="38" HEIGHT="20" WC="0.96" CONTENT="der"/><SP WIDTH="15" VPOS="1205" HPOS="842"/>
							<String ID="string_322" HPOS="857" VPOS="1205" WIDTH="157" HEIGHT="26" WC="0.96" CONTENT="undersökning"/>
						</TextLine>
						<TextLine ID="line_34" HPOS="187" VPOS="1233" WIDTH="828" HEIGHT="28">
							<String ID="string_323" HPOS="187" VPOS="1233" WIDTH="116" HEIGHT="21" WC="0.91" CONTENT="verkstälts"/><SP WIDTH="21" VPOS="1233" HPOS="303"/>
							<String ID="string_324" HPOS="324" VPOS="1233" WIDTH="34" HEIGHT="21" WC="0.96" CONTENT="vid"/><SP WIDTH="22" VPOS="1233" HPOS="358"/>
							<String ID="string_325" HPOS="380" VPOS="1233" WIDTH="48" HEIGHT="27" WC="0.96" CONTENT="laga"/><SP WIDTH="15" VPOS="1233" HPOS="428"/>
							<String ID="string_326" HPOS="443" VPOS="1233" WIDTH="97" HEIGHT="22" WC="0.91" CONTENT="domstol."/><SP WIDTH="31" VPOS="1233" HPOS="540"/>
							<String ID="string_327" HPOS="571" VPOS="1234" WIDTH="65" HEIGHT="21" WC="0.94" CONTENT="Detta"/><SP WIDTH="15" VPOS="1234" HPOS="636"/>
							<String ID="string_328" HPOS="651" VPOS="1236" WIDTH="24" HEIGHT="19" WC="0.96" CONTENT="är"/><SP WIDTH="15" VPOS="1236" HPOS="675"/>
							<String ID="string_329" HPOS="690" VPOS="1233" WIDTH="66" HEIGHT="28" WC="0.96" CONTENT="något"/><SP WIDTH="15" VPOS="1233" HPOS="756"/>
							<String ID="string_330" HPOS="771" VPOS="1239" WIDTH="44" HEIGHT="16" WC="0.96" CONTENT="som"/><SP WIDTH="17" VPOS="1239" HPOS="815"/>
							<String ID="string_331" HPOS="832" VPOS="1233" WIDTH="51" HEIGHT="21" WC="0.96" CONTENT="våra"/><SP WIDTH="16" VPOS="1233" HPOS="883"/>
							<String ID="string_332" HPOS="899" VPOS="1233" WIDTH="116" HEIGHT="22" WC="0.96" CONTENT="domstolar"/>
						</TextLine>
						<TextLine ID="line_35" HPOS="187" VPOS="1261" WIDTH="828" HEIGHT="27">
							<String ID="string_333" HPOS="187" VPOS="1261" WIDTH="47" HEIGHT="20" WC="0.96" CONTENT="icke"/><SP WIDTH="24" VPOS="1261" HPOS="234"/>
							<String ID="string_334" HPOS="258" VPOS="1263" WIDTH="56" HEIGHT="20" WC="0.96" CONTENT="ännu"/><SP WIDTH="22" VPOS="1263" HPOS="314"/>
							<String ID="string_335" HPOS="336" VPOS="1262" WIDTH="71" HEIGHT="21" WC="0.96" CONTENT="känna"/><SP WIDTH="23" VPOS="1262" HPOS="407"/>
							<String ID="string_336" HPOS="430" VPOS="1262" WIDTH="39" HEIGHT="21" WC="0.96" CONTENT="och"/><SP WIDTH="22" VPOS="1262" HPOS="469"/>
							<String ID="string_337" HPOS="491" VPOS="1264" WIDTH="63" HEIGHT="24" WC="0.96" CONTENT="utgör"/><SP WIDTH="16" VPOS="1264" HPOS="554"/>
							<String ID="string_338" HPOS="570" VPOS="1269" WIDTH="25" HEIGHT="14" WC="0.93" CONTENT="en"/><SP WIDTH="17" VPOS="1269" HPOS="595"/>
							<String ID="string_339" HPOS="612" VPOS="1263" WIDTH="107" HEIGHT="25" WC="0.91" CONTENT="afvikelse,"/><SP WIDTH="17" VPOS="1263" HPOS="719"/>
							<String ID="string_340" HPOS="736" VPOS="1269" WIDTH="44" HEIGHT="14" WC="0.96" CONTENT="som"/><SP WIDTH="17" VPOS="1269" HPOS="780"/>
							<String ID="string_341" HPOS="797" VPOS="1262" WIDTH="47" HEIGHT="21" WC="0.96" CONTENT="icke"/><SP WIDTH="16" VPOS="1262" HPOS="844"/>
							<String ID="string_342" HPOS="860" VPOS="1261" WIDTH="21" HEIGHT="22" WC="0.93" CONTENT="af"/><SP WIDTH="15" VPOS="1261" HPOS="881"/>
							<String ID="string_343" HPOS="896" VPOS="1262" WIDTH="119" HEIGHT="21" WC="0.91" CONTENT="Ständerna"/>
						</TextLine>
						<TextLine ID="line_36" HPOS="188" VPOS="1289" WIDTH="210" HEIGHT="28">
							<String ID="string_344" HPOS="188" VPOS="1289" WIDTH="66" HEIGHT="22" WC="0.96" CONTENT="borde"/><SP WIDTH="16" VPOS="1289" HPOS="254"/>
							<String ID="string_345" HPOS="270" VPOS="1290" WIDTH="128" HEIGHT="27" WC="0.95" CONTENT="godkännas."/>
						</TextLine>
					</TextBlock>
				</ComposedBlock>
				<ComposedBlock ID="cblock_6" HPOS="187" VPOS="1347" WIDTH="829" HEIGHT="199">
					<TextBlock ID="block_5" HPOS="187" VPOS="1347" WIDTH="829" HEIGHT="199">
						<TextLine ID="line_37" HPOS="258" VPOS="1347" WIDTH="757" HEIGHT="28">
							<String ID="string_346" HPOS="258" VPOS="1347" WIDTH="55" HEIGHT="21" WC="0.93" CONTENT="Herr"/><SP WIDTH="21" VPOS="1347" HPOS="313"/>
							<String ID="string_347" HPOS="334" VPOS="1347" WIDTH="125" HEIGHT="27" WC="0.89" CONTENT="Procopé:"/><SP WIDTH="29" VPOS="1347" HPOS="459"/>
							<String ID="string_348" HPOS="488" VPOS="1348" WIDTH="71" HEIGHT="21" WC="0.92" CONTENT="Jemte"/><SP WIDTH="23" VPOS="1348" HPOS="559"/>
							<String ID="string_349" HPOS="582" VPOS="1348" WIDTH="35" HEIGHT="21" WC="0.96" CONTENT="det"/><SP WIDTH="20" VPOS="1348" HPOS="617"/>
							<String ID="string_350" HPOS="637" VPOS="1348" WIDTH="37" HEIGHT="27" WC="0.96" CONTENT="jag"/><SP WIDTH="23" VPOS="1348" HPOS="674"/>
							<String ID="string_351" HPOS="697" VPOS="1348" WIDTH="86" HEIGHT="21" WC="0.96" CONTENT="förenar"/><SP WIDTH="23" VPOS="1348" HPOS="783"/>
							<String ID="string_352" HPOS="806" VPOS="1348" WIDTH="43" HEIGHT="26" WC="0.96" CONTENT="mig"/><SP WIDTH="23" VPOS="1348" HPOS="849"/>
							<String ID="string_353" HPOS="872" VPOS="1348" WIDTH="47" HEIGHT="20" WC="0.96" CONTENT="med"/><SP WIDTH="22" VPOS="1348" HPOS="919"/>
							<String ID="string_354" HPOS="941" VPOS="1348" WIDTH="74" HEIGHT="21" WC="0.96" CONTENT="herrar"/>
						</TextLine>
						<TextLine ID="line_38" HPOS="188" VPOS="1376" WIDTH="827" HEIGHT="27">
							<String ID="string_355" HPOS="188" VPOS="1376" WIDTH="116" HEIGHT="25" WC="0.91" CONTENT="Törnroth,"/><SP WIDTH="22" VPOS="1376" HPOS="304"/>
							<String ID="string_356" HPOS="326" VPOS="1376" WIDTH="125" HEIGHT="26" WC="0.96" CONTENT="Tengström"/><SP WIDTH="24" VPOS="1376" HPOS="451"/>
							<String ID="string_357" HPOS="475" VPOS="1376" WIDTH="38" HEIGHT="22" WC="0.96" CONTENT="och"/><SP WIDTH="24" VPOS="1376" HPOS="513"/>
							<String ID="string_358" HPOS="537" VPOS="1376" WIDTH="62" HEIGHT="22" WC="0.96" CONTENT="Gadd"/><SP WIDTH="19" VPOS="1376" HPOS="599"/>
							<String ID="string_359" HPOS="618" VPOS="1376" WIDTH="90" HEIGHT="22" WC="0.96" CONTENT="föreslår"/><SP WIDTH="12" VPOS="1376" HPOS="708"/>
							<String ID="string_360" HPOS="720" VPOS="1376" WIDTH="39" HEIGHT="27" WC="0.96" CONTENT="jag"/><SP WIDTH="15" VPOS="1376" HPOS="759"/>
							<String ID="string_361" HPOS="774" VPOS="1376" WIDTH="70" HEIGHT="21" WC="0.96" CONTENT="tillika"/><SP WIDTH="15" VPOS="1376" HPOS="844"/>
							<String ID="string_362" HPOS="859" VPOS="1378" WIDTH="33" HEIGHT="19" WC="0.96" CONTENT="att"/><SP WIDTH="16" VPOS="1378" HPOS="892"/>
							<String ID="string_363" HPOS="908" VPOS="1377" WIDTH="6" HEIGHT="20" WC="0.96" CONTENT="i"/><SP WIDTH="16" VPOS="1377" HPOS="914"/>
							<String ID="string_364" HPOS="930" VPOS="1377" WIDTH="26" HEIGHT="21" WC="0.96" CONTENT="de"/><SP WIDTH="16" VPOS="1377" HPOS="956"/>
							<String ID="string_365" HPOS="972" VPOS="1376" WIDTH="43" HEIGHT="26" WC="0.96" CONTENT="fall,"/>
						</TextLine>
						<TextLine ID="line_39" HPOS="188" VPOS="1404" WIDTH="826" HEIGHT="27">
							<String ID="string_366" HPOS="188" VPOS="1404" WIDTH="27" HEIGHT="20" WC="0.95" CONTENT="då"/><SP WIDTH="22" VPOS="1404" HPOS="215"/>
							<String ID="string_367" HPOS="237" VPOS="1406" WIDTH="132" HEIGHT="25" WC="0.96" CONTENT="guvernören"/><SP WIDTH="22" VPOS="1406" HPOS="369"/>
							<String ID="string_368" HPOS="391" VPOS="1411" WIDTH="63" HEIGHT="16" WC="0.96" CONTENT="anser"/><SP WIDTH="18" VPOS="1411" HPOS="454"/>
							<String ID="string_369" HPOS="472" VPOS="1411" WIDTH="25" HEIGHT="15" WC="0.96" CONTENT="en"/><SP WIDTH="16" VPOS="1411" HPOS="497"/>
							<String ID="string_370" HPOS="513" VPOS="1405" WIDTH="158" HEIGHT="26" WC="0.96" CONTENT="undersökning"/><SP WIDTH="15" VPOS="1405" HPOS="671"/>
							<String ID="string_371" HPOS="686" VPOS="1406" WIDTH="35" HEIGHT="21" WC="0.96" CONTENT="vid"/><SP WIDTH="17" VPOS="1406" HPOS="721"/>
							<String ID="string_372" HPOS="738" VPOS="1405" WIDTH="91" HEIGHT="22" WC="0.96" CONTENT="domstol"/><SP WIDTH="17" VPOS="1405" HPOS="829"/>
							<String ID="string_373" HPOS="846" VPOS="1405" WIDTH="52" HEIGHT="22" WC="0.97" CONTENT="böra"/><SP WIDTH="15" VPOS="1405" HPOS="898"/>
							<String ID="string_374" HPOS="913" VPOS="1405" WIDTH="44" HEIGHT="26" WC="0.96" CONTENT="ske,"/><SP WIDTH="16" VPOS="1405" HPOS="957"/>
							<String ID="string_375" HPOS="973" VPOS="1405" WIDTH="41" HEIGHT="21" WC="0.96" CONTENT="han"/>
						</TextLine>
						<TextLine ID="line_40" HPOS="188" VPOS="1433" WIDTH="828" HEIGHT="27">
							<String ID="string_376" HPOS="188" VPOS="1433" WIDTH="28" HEIGHT="21" WC="0.96" CONTENT="då"/><SP WIDTH="14" VPOS="1433" HPOS="216"/>
							<String ID="string_377" HPOS="230" VPOS="1433" WIDTH="64" HEIGHT="21" WC="0.96" CONTENT="äfven"/><SP WIDTH="16" VPOS="1433" HPOS="294"/>
							<String ID="string_378" HPOS="310" VPOS="1433" WIDTH="38" HEIGHT="21" WC="0.93" CONTENT="bör"/><SP WIDTH="15" VPOS="1433" HPOS="348"/>
							<String ID="string_379" HPOS="363" VPOS="1433" WIDTH="128" HEIGHT="22" WC="0.92" CONTENT="öfverlemna"/><SP WIDTH="16" VPOS="1433" HPOS="491"/>
							<String ID="string_380" HPOS="507" VPOS="1434" WIDTH="31" HEIGHT="21" WC="0.96" CONTENT="till"/><SP WIDTH="17" VPOS="1434" HPOS="538"/>
							<String ID="string_381" HPOS="555" VPOS="1434" WIDTH="92" HEIGHT="21" WC="0.95" CONTENT="domstol"/><SP WIDTH="15" VPOS="1434" HPOS="647"/>
							<String ID="string_382" HPOS="662" VPOS="1436" WIDTH="33" HEIGHT="19" WC="0.93" CONTENT="att"/><SP WIDTH="14" VPOS="1436" HPOS="695"/>
							<String ID="string_383" HPOS="709" VPOS="1433" WIDTH="74" HEIGHT="27" WC="0.91" CONTENT="afgöra"/><SP WIDTH="16" VPOS="1433" HPOS="783"/>
							<String ID="string_384" HPOS="799" VPOS="1435" WIDTH="72" HEIGHT="25" WC="0.96" CONTENT="saken,"/><SP WIDTH="16" VPOS="1435" HPOS="871"/>
							<String ID="string_385" HPOS="887" VPOS="1435" WIDTH="24" HEIGHT="20" WC="0.96" CONTENT="så"/><SP WIDTH="15" VPOS="1435" HPOS="911"/>
							<String ID="string_386" HPOS="926" VPOS="1437" WIDTH="31" HEIGHT="18" WC="0.96" CONTENT="att"/><SP WIDTH="12" VPOS="1437" HPOS="957"/>
							<String ID="string_387" HPOS="969" VPOS="1433" WIDTH="47" HEIGHT="22" WC="0.96" CONTENT="icke"/>
						</TextLine>
						<TextLine ID="line_41" HPOS="187" VPOS="1462" WIDTH="827" HEIGHT="27">
							<String ID="string_388" HPOS="187" VPOS="1462" WIDTH="77" HEIGHT="21" WC="0.96" CONTENT="endast"/><SP WIDTH="23" VPOS="1462" HPOS="264"/>
							<String ID="string_389" HPOS="287" VPOS="1462" WIDTH="184" HEIGHT="27" WC="0.96" CONTENT="undersökningen"/><SP WIDTH="18" VPOS="1462" HPOS="471"/>
							<String ID="string_390" HPOS="489" VPOS="1463" WIDTH="96" HEIGHT="20" WC="0.96" CONTENT="kommer"/><SP WIDTH="20" VPOS="1463" HPOS="585"/>
							<String ID="string_391" HPOS="605" VPOS="1465" WIDTH="31" HEIGHT="18" WC="0.96" CONTENT="att"/><SP WIDTH="16" VPOS="1465" HPOS="636"/>
							<String ID="string_392" HPOS="652" VPOS="1463" WIDTH="35" HEIGHT="20" WC="0.96" CONTENT="vid"/><SP WIDTH="15" VPOS="1463" HPOS="687"/>
							<String ID="string_393" HPOS="702" VPOS="1463" WIDTH="93" HEIGHT="21" WC="0.96" CONTENT="domstol"/><SP WIDTH="16" VPOS="1463" HPOS="795"/>
							<String ID="string_394" HPOS="811" VPOS="1462" WIDTH="134" HEIGHT="22" WC="0.92" CONTENT="verkställas."/><SP WIDTH="30" VPOS="1462" HPOS="945"/>
							<String ID="string_395" HPOS="975" VPOS="1462" WIDTH="39" HEIGHT="21" WC="0.91" CONTENT="Be-"/>
						</TextLine>
						<TextLine ID="line_42" HPOS="187" VPOS="1490" WIDTH="828" HEIGHT="28">
							<String ID="string_396" HPOS="187" VPOS="1490" WIDTH="107" HEIGHT="22" WC="0.96" CONTENT="träffande"/><SP WIDTH="22" VPOS="1490" HPOS="294"/>
							<String ID="string_397" HPOS="316" VPOS="1490" WIDTH="48" HEIGHT="21" WC="0.96" CONTENT="herr"/><SP WIDTH="22" VPOS="1490" HPOS="364"/>
							<String ID="string_398" HPOS="386" VPOS="1491" WIDTH="102" HEIGHT="21" WC="0.96" CONTENT="Janssons"/><SP WIDTH="23" VPOS="1491" HPOS="488"/>
							<String ID="string_399" HPOS="511" VPOS="1491" WIDTH="122" HEIGHT="26" WC="0.96" CONTENT="anförande,"/><SP WIDTH="17" VPOS="1491" HPOS="633"/>
							<String ID="string_400" HPOS="650" VPOS="1498" WIDTH="62" HEIGHT="14" WC="0.96" CONTENT="anser"/><SP WIDTH="18" VPOS="1498" HPOS="712"/>
							<String ID="string_401" HPOS="730" VPOS="1491" WIDTH="37" HEIGHT="27" WC="0.96" CONTENT="jag"/><SP WIDTH="16" VPOS="1491" HPOS="767"/>
							<String ID="string_402" HPOS="783" VPOS="1491" WIDTH="36" HEIGHT="21" WC="0.96" CONTENT="det"/><SP WIDTH="15" VPOS="1491" HPOS="819"/>
							<String ID="string_403" HPOS="834" VPOS="1497" WIDTH="51" HEIGHT="15" WC="0.96" CONTENT="vara"/><SP WIDTH="16" VPOS="1497" HPOS="885"/>
							<String ID="string_404" HPOS="901" VPOS="1491" WIDTH="36" HEIGHT="21" WC="0.96" CONTENT="det"/><SP WIDTH="15" VPOS="1491" HPOS="937"/>
							<String ID="string_405" HPOS="952" VPOS="1492" WIDTH="63" HEIGHT="24" WC="0.97" CONTENT="rätta,"/>
						</TextLine>
						<TextLine ID="line_43" HPOS="187" VPOS="1519" WIDTH="827" HEIGHT="27">
							<String ID="string_406" HPOS="187" VPOS="1520" WIDTH="39" HEIGHT="23" WC="0.96" CONTENT="att,"/><SP WIDTH="24" VPOS="1520" HPOS="226"/>
							<String ID="string_407" HPOS="250" VPOS="1519" WIDTH="28" HEIGHT="21" WC="0.96" CONTENT="då"/><SP WIDTH="15" VPOS="1519" HPOS="278"/>
							<String ID="string_408" HPOS="293" VPOS="1519" WIDTH="157" HEIGHT="27" WC="0.92" CONTENT="undersökning"/><SP WIDTH="22" VPOS="1519" HPOS="450"/>
							<String ID="string_409" HPOS="472" VPOS="1519" WIDTH="125" HEIGHT="22" WC="0.91" CONTENT="verkställes"/><SP WIDTH="19" VPOS="1519" HPOS="597"/>
							<String ID="string_410" HPOS="616" VPOS="1520" WIDTH="60" HEIGHT="21" WC="0.96" CONTENT="äfven"/><SP WIDTH="16" VPOS="1520" HPOS="676"/>
							<String ID="string_411" HPOS="692" VPOS="1519" WIDTH="95" HEIGHT="22" WC="0.93" CONTENT="domslut"/><SP WIDTH="16" VPOS="1519" HPOS="787"/>
							<String ID="string_412" HPOS="803" VPOS="1519" WIDTH="61" HEIGHT="22" WC="0.91" CONTENT="fälles"/><SP WIDTH="16" VPOS="1519" HPOS="864"/>
							<String ID="string_413" HPOS="880" VPOS="1519" WIDTH="22" HEIGHT="22" WC="0.96" CONTENT="af"/><SP WIDTH="14" VPOS="1519" HPOS="902"/>
							<String ID="string_414" HPOS="916" VPOS="1519" WIDTH="98" HEIGHT="27" WC="0.96" CONTENT="domstol,"/>
						</TextLine>
					</TextBlock>
				</ComposedBlock>
			</PrintSpace>
		</Page>
	</Layout>
</alto>
