1070 1795
286 123 177 22 Borgareståndet
477 125 55 17 1877.
557 125 23 16 18
592 124 96 17 Oktober.
839 119 55 21 1215

385 157 13 13 r

135 193 196 26 Förhandlingarne
346 193 97 21 afbrötos
459 193 74 21 härvid
549 199 75 20 genom
640 193 126 21 ankomsten
783 193 22 21 af
819 199 25 15 en
857 193 37 21 de-

66 221 97 26 putation
186 221 46 22 frän
255 221 158 22 Bondeständet
436 221 75 22 anförd
531 221 23 22 af
568 221 213 27 Landtdagsmannen
803 221 89 22 Avellan

67 256 45 15 som
128 249 94 28 yttrade:

179 335 98 28 Högädle
292 335 55 22 Herr
362 335 94 27 Talman,
471 335 105 27 välloflige
592 335 187 28 Borgareständet.

135 392 70 22 Jemte
220 393 36 21 det
272 393 158 21 Bondeständet
450 392 38 22 har
507 393 76 21 önskat
603 399 75 21 genom
694 399 35 15 oss
744 392 45 22 sina
805 393 88 27 depute-

67 422 50 21 rade
141 422 33 20 till
196 421 105 27 välloflige
320 421 181 27 Borgareständet
523 422 101 21 framföra
646 422 32 21 sin
701 421 192 27 aktningsfullaste,

67 450 117 27 vänligaste
207 450 96 26 helsning
325 450 39 21 har
385 450 162 21 Bondeständet
564 450 68 21 tillika
646 450 102 21 särskildt
763 450 76 21 önskat
855 456 37 15 un-

67 479 95 21 derrätta
178 479 178 26 Borgareständet
372 485 34 15 om
423 479 36 21 det
474 478 70 22 beslut
565 479 59 20 hvari
644 479 91 21 Ständet
750 478 33 21 vid
798 478 95 21 behand-

67 507 70 27 lingen
154 507 21 21 af
189 507 59 22 Hans
267 507 117 26 Kejserliga
406 507 111 27 Majestäts
539 507 82 27 Nädiga
636 507 131 27 proposition
783 507 109 27 angäende

67 535 190 28 skjutshällningen
278 535 38 22 och
335 535 175 28 gästgifverierna
529 536 68 26 ifräga
620 542 34 15 om
678 536 130 27 skjutslegan
832 538 61 19 stan-

67 568 43 18 nat.
140 564 67 27 Djupt
230 565 133 26 öfvertygadt
386 565 79 26 derom,
490 566 32 20 att
547 564 75 27 frägan
645 564 109 27 angäende
769 564 123 27 hällskjuts-

67 593 152 27 ningstungans
241 593 113 27 aflyftande
371 593 47 22 frän
444 593 73 27 jorden
541 593 74 21 endast
631 593 132 26 smäningom
778 593 41 21 kan
835 593 57 21 brin-

66 628 37 20 gas
119 621 33 22 till
168 628 25 15 en
215 621 77 28 lycklig
310 621 82 28 lösning
410 622 40 21 och
470 624 33 19 att
525 622 35 21 det
575 622 68 21 första
658 624 47 24 steg
719 627 46 16 som
781 621 27 27 pä
823 621 70 22 denna

67 651 54 20 bana
137 651 41 20 kan
194 653 61 24 tagas
274 652 24 19 är
317 650 35 21 det
371 653 33 18 att
422 651 131 26 skjutslegan
573 650 59 27 höjes
650 650 24 21 sä
690 651 84 26 mycket
789 656 44 15 som
849 650 42 21 för-

66 679 128 21 hällandena
212 679 71 21 kunna
306 679 104 27 medgifva
436 679 39 21 och
498 680 36 21 det
557 679 27 26 pä
606 681 31 19 ett
652 679 77 21 sädant
744 680 43 20 sätt
802 681 33 18 att
849 678 44 21 alla

66 707 158 22 inskränkande
246 707 69 22 vilkor
337 708 39 21 och
399 707 168 28 begränsningar
588 707 72 22 hvilka
681 707 73 22 kunna
768 709 51 24 göra
834 707 57 21 fruk-

66 739 61 18 terna
143 736 21 21 af
178 736 140 27 skjutslegans
334 736 120 27 förhöjning
469 737 78 21 osäkra
562 735 111 28 aflägsnas,
689 736 40 21 har
739 736 153 26 Borgarestän-

67 765 36 21 det
117 767 87 19 stannat
222 765 34 21 vid
275 765 36 21 det
326 765 70 21 beslut
416 767 33 19 att
468 765 47 22 icke
535 764 55 22 blott
605 765 32 21 för
652 765 48 21 stad
715 767 51 19 utan
783 765 60 20 äfven
859 764 34 21 för

66 793 73 21 landet
154 793 132 28 skjutslegan
302 793 66 22 borde
380 800 51 15 vara
446 793 45 22 lika
506 794 39 21 och
562 793 35 22 det
612 795 52 20 utan
682 793 98 22 afseende
795 793 52 21 derä
857 799 34 15 om

67 822 140 26 entreprenad
229 822 95 21 kommer
347 822 32 21 till
402 822 61 21 ständ
488 822 52 21 eller
561 822 53 25 icke,
637 824 55 19 samt
714 824 32 19 att
769 821 124 22 densamma

66 851 67 20 borde
156 851 128 21 bestämmas
306 851 32 21 till
361 857 25 14 en
410 851 59 21 mark
490 851 67 21 sextio
580 851 64 27 penni
666 850 34 21 för
715 851 36 21 det
766 850 37 21 fall
819 852 32 19 att
866 857 25 14 en

65 885 76 20 person
166 879 52 21 äker
240 879 54 21 efter
315 885 26 15 en
364 879 48 21 häst
434 879 39 21 och
496 879 32 21 till
551 880 36 20 tvä
607 879 65 26 mark,
690 879 26 21 dä
732 881 75 19 tvenne
819 885 73 20 perso-

66 914 38 15 ner
127 908 95 26 begagna
244 914 80 15 samma
346 907 54 22 häst.
430 908 161 21 Bondeständet
605 908 39 21 har
660 908 69 21 säsom
746 907 47 22 stöd
808 907 33 21 för
856 907 35 21 det

66 936 68 21 första
155 936 92 21 beslutet
269 939 32 18 att
323 936 131 27 skjutslegan
479 937 64 21 borde
563 943 51 15 vara
629 937 43 20 lika
687 937 33 20 för
736 936 47 21 stad
798 942 45 15 som
859 935 33 22 för

65 965 73 21 landet
153 965 65 22 fästat
238 965 33 27 sig
289 965 34 21 vid
345 965 40 22 den
406 965 186 26 omständigheten
614 967 32 19 att
661 965 6 21 i
684 965 115 21 allmänhet
815 964 77 27 skjuts-

66 993 61 27 nings
143 995 79 25 tungan
238 993 39 22 har
292 994 54 21 visat
360 995 32 26 sig
408 994 46 21 icke
469 994 75 27 trycka
559 994 74 21 staden
650 1000 58 15 mera
723 995 27 20 än
760 993 131 24 landsorten,

66 1024 32 19 att
113 1022 71 21 vidare
199 1022 83 21 tillfälle
304 1024 32 19 att
351 1022 91 27 förtjena
460 1022 61 21 äfven
537 1023 28 26 pä
584 1025 64 18 annat
663 1024 44 19 sätt
722 1022 39 21 och
777 1021 67 22 skaffa
860 1021 32 26 sig

65 1051 117 21 inkomster
204 1051 48 21 med
268 1057 25 15 en
309 1051 48 21 häst
372 1053 24 19 är
412 1053 69 19 större
497 1051 6 21 i
520 1051 75 21 staden
610 1053 27 19 än
652 1051 28 27 pä
695 1051 72 21 landet
783 1050 38 21 och
837 1052 32 19 att
884 1051 8 20 i

65 1079 81 27 ganska
162 1079 76 27 många
253 1079 37 22 fall
305 1079 144 22 kostnaderna
471 1081 32 20 att
525 1079 124 22 underhålla
672 1080 91 26 dragare
777 1079 28 26 pä
820 1079 71 21 landet

65 1108 115 26 ingalunda
203 1110 36 19 äro
262 1108 82 21 mindre
365 1110 27 19 än
414 1109 31 20 uti
468 1109 108 20 städerna.
606 1108 135 21 Beträffande
757 1108 46 21 åter
818 1107 73 26 frågan

65 1138 32 19 att
121 1137 130 26 skjutslegan
274 1137 65 21 borde
362 1143 51 15 vara
436 1138 69 20 större
528 1137 27 21 då
577 1138 77 20 tvenne
677 1142 100 21 personer
795 1136 98 27 begagna

65 1171 80 15 samma
161 1165 48 22 häst
225 1167 26 19 än
268 1165 26 22 då
312 1171 24 15 en
356 1171 75 21 person
450 1167 39 26 gör
508 1165 43 26 det,
570 1166 23 21 så
611 1165 39 22 har
667 1165 160 22 Bondeståndet
846 1166 45 19 sär-

65 1193 67 22 skildt
147 1194 65 21 fästat
230 1194 33 26 sig
285 1194 34 21 vid
342 1194 46 21 icke
407 1194 55 21 blott
479 1195 36 20 det
529 1197 32 18 att
577 1194 35 21 det
627 1194 7 21 i
650 1193 115 22 allmänhet
781 1195 24 19 är
820 1195 71 19 natur-

65 1222 40 27 ligt
120 1225 32 18 att
168 1225 30 18 ett
214 1224 68 20 större
302 1222 79 26 arbete,
400 1223 40 20 här
458 1223 171 26 representeradt
647 1222 24 21 af
692 1222 40 21 den
748 1224 68 19 större
831 1223 60 25 tyng-

65 1251 47 26 den,
128 1251 40 21 bör
183 1251 82 21 betalas
281 1251 71 26 högre,
368 1257 48 16 men
432 1251 102 22 särskildt
549 1251 65 22 också
629 1251 73 21 dervid
716 1253 33 19 att
764 1257 33 15 om
813 1250 79 27 skjuts-

64 1279 61 27 legan
142 1280 6 20 i
164 1280 66 26 begge
246 1279 63 22 fallen
325 1286 51 15 vore
390 1280 44 21 lika
450 1280 36 21 det
502 1280 68 21 oftare
585 1279 53 22 skall
654 1279 64 22 blifva
734 1279 57 22 svårt
806 1279 33 21 för
854 1285 38 14 nu-

64 1308 69 21 tidens
149 1308 194 21 kommunikations
358 1309 110 24 anstalter,
485 1309 110 26 ångbåtar,
614 1308 112 27 jernvägar
748 1307 39 22 och
802 1307 89 26 diligen-

65 1343 34 15 ser
111 1338 32 19 att
158 1337 72 20 kunna
250 1337 52 21 täfla
323 1337 48 21 med
394 1337 40 21 den
450 1337 70 26 gamla
535 1337 216 27 skjutsinstitutionen
771 1336 39 21 och
827 1336 64 26 draga

65 1365 32 21 till
113 1365 31 27 sig
160 1364 98 22 trafiken.
288 1365 159 21 Bondeståndet
469 1366 40 20 har
532 1366 34 21 vid
589 1365 106 21 fattandet
711 1365 21 21 af
747 1365 58 21 detta
821 1364 70 21 beslut

64 1395 54 20 trott
138 1394 32 27 sig
192 1394 73 21 kunna
287 1394 81 27 hoppas
386 1396 32 19 att
436 1395 31 20 uti
487 1401 26 14 en
535 1394 160 27 angelägenhet,
711 1394 85 21 hvilken
813 1393 27 26 på
855 1393 36 20 det

64 1424 108 19 närmaste
187 1423 63 20 berör
263 1422 180 27 jordbrukarenes
458 1423 7 21 i
481 1423 73 21 landet
570 1423 103 21 intressen
689 1423 38 21 och
744 1422 84 21 hvilken
844 1421 47 21 der-

64 1451 45 21 före
125 1451 47 21 icke
187 1451 55 21 blott
258 1451 32 21 för
305 1451 160 22 Bondeståndet
481 1453 24 20 är
521 1458 24 15 en
557 1451 93 27 lifsfråga
660 1453 52 19 utan
724 1451 63 21 äfven
800 1450 32 21 för
842 1449 49 22 hela

64 1479 72 22 landet
152 1481 24 20 är
192 1479 24 22 af
229 1480 81 27 ganska
324 1482 46 19 stor
385 1481 51 25 vigt,
452 1480 39 21 hos
508 1480 25 21 de
549 1480 68 26 öfriga
632 1480 138 21 medstånden
787 1479 57 20 finna
859 1480 32 19 ett

64 1508 102 27 välvilligt
189 1508 190 27 tillmötesgående.
409 1509 162 22 Bondeståndet
593 1509 39 21 har
655 1508 102 22 särskildt
778 1514 29 15 nu
829 1505 62 23 äfven
