1070 1795
292 136 177 21 Borgareständet
482 137 55 17 1877.
561 137 26 17 25
600 136 98 18 Oktober.
850 132 53 21 1395

714 178 8 12 +

147 205 55 21 Herr
220 205 110 21 Kurtén:
361 205 43 21 För
418 205 44 22 min
478 205 34 22 del
527 212 62 15 anser
602 207 38 25 jag
656 207 32 20 att
704 206 59 21 detta
777 206 125 27 stadgande,

77 233 109 26 angående
201 233 54 22 hvad
272 240 44 15 som
332 233 38 22 bör
384 234 109 26 iakttagas
509 234 47 21 med
572 234 99 22 afseende
687 235 13 20 ä
715 235 137 26 manskapets
867 235 36 21 vid

77 261 40 22 den
133 262 6 21 i
154 262 74 21 landet
248 262 97 27 förlagda
366 262 63 27 ryska
448 263 108 21 militären
577 265 43 19 rätt
638 265 34 19 att
690 263 117 27 förfärdiga
825 263 78 22 handt-

76 291 151 21 verksarbeten
244 291 39 20 och
298 291 57 21 hålla
370 291 48 21 dem
434 291 33 22 till
482 291 51 26 salu,
547 291 119 28 egentligen
678 291 46 22 icke
736 292 38 21 har
784 292 32 21 sin
828 293 74 26 plats
891 287 14 36 i

77 319 36 21 vär
129 319 127 28 näringslag,
271 321 51 20 utan
334 321 32 20 att
381 320 69 21 denna
460 321 130 26 gemenskap
601 320 6 21 i
618 320 100 22 afseende
726 321 14 20 &
752 320 149 28 näringsyrkes

76 347 116 22 utöfvande
208 348 32 21 fär
255 349 129 20 underkasta
400 348 32 27 sig
448 349 26 20 de
490 349 155 26 författningar,
656 355 44 16 som
712 351 38 19 äro
760 349 99 27 gällande
869 349 33 22 för

76 376 83 21 landets
182 376 66 27 öfrige
268 377 126 21 innevänare
414 377 53 21 eller
486 377 137 27 utlänningar
638 384 46 15 som
699 377 40 22 här
754 378 49 21 idka
818 378 82 27 näring.

75 404 74 23 Skulle
160 405 80 22 befälet
250 411 50 16 anse
309 405 65 27 några
384 406 107 21 särskilda
501 406 132 27 stadganden
643 406 134 27 nödvändiga
788 406 33 22 till
833 407 68 27 skydd

75 434 33 21 för
123 434 183 27 kronopersedlar,
322 435 23 20 så
360 434 34 21 må
410 434 81 22 befälet
507 435 89 21 utverka
610 436 32 25 sig
655 435 97 21 tillstånd
762 435 33 22 till
806 436 95 26 promul-

75 463 93 26 gerande
182 463 24 21 af
219 463 26 21 de
260 462 223 27 tillkännagifvanden,
499 469 46 16 som
556 464 7 21 i
573 463 77 22 sådant
665 463 100 22 afseende
780 464 73 21 kunna
863 463 38 22 fin-

75 497 39 16 nas
129 491 139 27 nödvändiga.

146 554 61 21 Efter
230 554 36 21 det
288 554 144 21 diskussionen
456 555 87 21 härmed
565 555 115 26 afstannat,
703 555 124 22 framstälde
845 555 56 22 Herr

75 582 187 22 Talmannen
278 583 32 21 till
326 583 100 22 Ståndets
442 583 132 22 besvarande
589 583 93 28 följande
697 584 167 27 propositioner:

143 645 172 28 Proposition
330 645 46 22 N:o
394 647 22 20 1:
433 646 38 26 De,
488 653 45 15 som
543 653 30 15 nu
587 647 49 26 vilja
646 646 54 22 fatta
711 647 70 21 beslut
791 647 110 27 angående

76 676 117 20 momentet
208 675 12 20 5
233 673 29 28 i$
279 676 31 25 10,
326 681 62 15 svara
401 675 35 26 ja;
452 675 75 21 vinner
541 675 50 27 nej,
607 675 96 22 kommer
718 676 47 21 med
774 675 127 28 afgörandet

74 703 25 21 af
115 703 59 21 detta
188 705 94 19 moment
296 705 32 20 att
343 703 65 22 blifva
423 703 113 28 beroende,
551 704 33 21 till
601 705 46 20 dess
660 704 13 28 &
687 706 24 19 13
726 705 32 20 till
771 705 130 27 behandling

73 731 113 28 företages.

142 789 130 21 Besvarades
289 789 47 22 med
352 789 157 28 öfvervägande
521 790 33 27 ja.

143 851 205 28 Proposition
363 852 51 22 N:o
431 854 24 20 2:
471 853 40 26 De,
526 859 45 15 som
587 853 113 27 godkänna
709 855 118 20 momentet
838 855 12 20 5
864 859 35 16 en-

73 880 40 27 ligt
127 880 123 22 Utskottets
266 881 84 27 förslag,
359 888 62 14 svara
435 882 36 26 ja;
487 882 74 21 vinner
573 882 49 27 nej,
634 883 97 20 kommer
743 884 32 19 att
786 884 112 25 omröstas,

72 909 106 22 huruvida
197 909 55 22 Herr
272 910 136 27 Tengströms
426 910 52 21 eller
498 911 55 20 Herr
571 910 93 22 Kurténs
682 911 98 27 yrkande
795 911 56 21 skall
866 911 32 22 till

72 937 210 28 kontraproposition
297 941 93 24 antagas.
493 943 2 4 :

141 1001 75 22 Denna
231 1001 130 27 proposition
376 1002 129 21 besvarades
520 1003 48 20 med
584 1002 154 28 öfvervägande
754 1003 46 26 nej.

141 1058 205 27 Proposition
361 1059 48 21 N:o
425 1060 20 21 3:
461 1059 40 27 De,
517 1066 45 15 som
578 1059 32 22 till
625 1060 211 27 kontraproposition
847 1060 50 27 vilja

72 1089 79 24 antaga
173 1087 56 21 Herr
252 1087 135 27 Tengströms
410 1088 85 27 förslag,
516 1088 66 27 enligt
601 1089 81 21 hvilket
700 1089 64 21 femte
780 1091 117 20 momentet

73 1115 68 22 skulle
162 1118 89 25 antagas
274 1117 47 20 med
341 1117 40 20 den
401 1117 125 26 förändring
547 1119 32 19 att
600 1119 116 20 momentet
732 1118 67 21 skulle
814 1118 82 21 inledas

72 1144 48 21 med
141 1145 65 20 orden
225 1145 64 25 ,Med
307 1145 134 27 tillämpning
456 1145 23 21 af
495 1145 25 22 de
535 1146 7 21 i
558 1146 68 21 denna
647 1146 123 27 förordning
785 1146 112 21 bestämda

71 1173 111 26 grunder”,
199 1180 62 15 svara
273 1173 36 28 ja;
325 1173 32 27 de,
374 1180 45 15 som
428 1173 50 28 vilja
486 1174 33 21 till
529 1174 211 27 kontraproposition
751 1177 79 25 antaga
840 1175 57 21 Herr

71 1201 93 22 Kurténs
179 1202 95 27 yrkande
289 1204 32 19 att
335 1205 117 19 momentet
460 1203 45 21 helt
516 1203 39 21 och
566 1203 66 22 hållet
643 1203 53 22 skall
707 1204 57 27 utgå,
777 1209 62 16 svara
847 1203 49 27 nej.

140 1259 84 26 Frågan
240 1259 126 22 besvarades
380 1260 48 21 med
445 1260 157 27 öfvervägande
617 1261 48 26 nej.

139 1315 207 27 Proposition
361 1317 45 21 N:o
422 1319 20 19 4:
467 1318 38 25 De,
520 1324 45 15 som
581 1318 113 27 godkänna
706 1319 119 20 momentet
836 1318 12 21 5
860 1323 35 16 en-

70 1343 39 27 ligt
123 1343 121 22 Utskottets
260 1345 84 27 förslag,
360 1351 63 15 svara
437 1346 35 26 ja;
489 1347 74 20 vinner
577 1347 47 26 nej,
640 1352 62 16 anses
710 1346 91 22 Ståndet
809 1346 87 21 beslutit

69 1374 33 20 att
117 1372 60 21 detta
192 1376 94 19 moment
301 1374 53 21 skall
372 1375 58 26 utgå.

139 1425 69 26 Äfven
229 1431 69 20 denna
318 1432 136 26 proposition
471 1432 126 21 besvarades
613 1433 48 21 med
677 1432 156 27 öfvervägande
849 1431 46 27 nej,

69 1458 40 21 och
127 1458 55 22 hade
201 1459 82 22 således
301 1459 89 22 Ståndet
409 1461 95 26 beslutit,
523 1463 33 19 att
573 1463 117 20 momentet
705 1462 12 20 5
733 1461 54 22 skall
802 1461 7 20 i
825 1459 66 22 likhet

68 1487 49 21 med
133 1487 25 22 de
174 1487 140 28 föregäenden
329 1492 122 19 momenten
467 1489 7 21 i
489 1490 12 27 &
519 1492 24 19 10
559 1491 57 25 utgå.
