1070 1795
184 128 53 21 1362
396 133 180 22 Borgareståndet
587 135 55 17 1877.
667 134 27 17 25
706 133 102 18 Oktober.

180 202 61 27 yrke,
264 205 23 24 ty
310 202 36 22 det
368 202 43 21 kan
434 203 33 20 väl
491 203 76 20 tänkas
590 204 33 20 att
646 209 24 15 en
687 201 131 27 kronofogde
834 208 63 15 anser
912 201 36 22 det
962 207 51 16 vara

181 231 97 26 vanfrejd
294 237 34 15 om
344 233 15 19 t.
375 237 31 15 ex.
422 231 70 26 någon
507 231 40 21 har
561 231 78 26 pliktat
654 231 33 22 för
698 230 253 27 bränvinsutminutering
961 230 54 21 eller

182 259 176 28 tullförsnillning
381 259 39 22 och
444 259 71 22 derför
536 259 70 22 skulle
620 259 111 22 förhindra
746 259 78 21 honom
839 261 32 20 att
887 259 64 21 blifva
965 259 48 21 sko-

181 288 95 23 makare,
307 288 34 21 Då
364 289 24 20 är
411 288 36 21 det
461 288 35 21 väl
519 288 125 27 lämpligare
663 290 32 19 att
711 287 130 22 öfverlemna
856 287 23 22 åt
894 287 118 22 domstolen

181 318 33 19 att
233 316 82 27 pröfva,
337 316 105 22 huruvida
456 323 27 15 en
499 317 65 21 sådan
581 316 95 27 vanfrejd
692 316 55 22 skall
763 316 109 21 förhindra
887 316 76 21 honom
980 317 32 20 att

181 345 75 21 utöfva
279 345 81 26 näring,
384 347 26 19 än
426 347 32 20 att
474 351 26 16 en
515 345 67 22 sådan
598 345 99 27 pröfning
712 345 54 21 skall
783 345 139 21 öfverlemnas
938 345 21 21 åt
975 350 37 15 en-

182 373 70 22 skilda
268 379 109 21 personer,
394 380 45 15 som
455 380 58 15 mera
529 375 37 20 äro
582 377 82 18 utsatta
680 373 33 22 för
730 376 33 19 att
778 374 101 27 misstaga
895 373 37 27 sig,
948 375 26 19 än
985 379 27 15 en

182 402 101 22 domstol.

251 431 44 21 För
318 430 66 28 öfrigt
407 431 40 21 kan
461 431 38 26 jag
513 430 46 22 icke
575 431 113 22 underlåta
704 433 32 20 att
752 431 101 21 anmärka
869 432 32 20 att
916 430 26 21 de
956 430 55 21 före-

181 459 83 26 gående
279 459 144 26 granskarena
438 459 21 21 af
474 459 123 22 Utskottets
613 459 135 22 betänkande
764 459 108 27 verkligen
888 459 73 26 tyckas
976 460 35 19 tro

181 489 33 19 att
230 488 20 20 vi
266 487 39 22 här
321 487 64 22 hafva
401 490 32 19 att
446 489 51 25 göra
513 488 48 21 med
577 488 65 27 något
657 488 85 27 mycket
758 487 79 28 farligt,
851 489 32 20 att
899 487 35 21 det
943 487 68 26 gäller

181 516 137 27 tillverkning
338 516 40 21 och
394 516 124 27 försäljniog
533 516 20 21 af
567 517 46 26 gift,
629 517 53 21 eller
697 517 66 26 något
777 517 56 26 slags
849 517 33 20 för
898 515 111 22 samhället

181 545 86 26 mycket
290 545 78 26 vådligt
391 545 76 26 tilltag,
491 551 44 15 som
558 545 66 21 borde
640 545 143 27 strängeligen
799 545 131 24 öfvervakas,
945 544 64 21 innan

181 573 70 26 någon
268 573 33 21 får
316 573 98 27 begynna
429 573 93 21 dermed.
544 573 41 26 Jag
600 573 36 22 vill
651 574 71 21 erinra
738 574 47 21 dem
801 576 32 19 att
849 574 36 21 det
899 574 7 20 i
921 573 89 21 allmän-

181 601 37 22 het
239 602 67 27 gäller
329 602 81 21 sådana
430 601 110 28 oskyldiga
555 603 68 26 saker,
640 609 44 14 som
701 604 33 19 att
750 602 115 26 förfärdiga
881 603 50 20 eller
946 601 63 26 lappa

180 629 79 22 stöflor
280 631 51 20 eller
346 630 80 27 kläder,
442 633 32 18 att
490 631 87 26 försälja
592 631 261 27 nödvändighetsartiklar
868 631 52 20 eller
935 630 73 27 dylikt.

180 659 42 26 Jag
238 659 42 20 kan
296 659 108 27 verkligen
419 659 46 21 icke
481 659 44 21 inse
541 659 86 21 hvarför
642 666 49 15 man
706 659 56 22 skall
779 659 50 26 utgå
843 659 46 21 från
905 659 40 21 den
960 665 48 20 syn-

180 687 97 26 punkten
293 689 32 20 att
340 688 62 21 dessa
418 687 186 28 sysselsättningar
619 690 36 19 äro
672 687 193 27 samhällsvådliga.

250 744 57 21 Herr
328 744 119 27 Nybom:
478 744 73 22 Under
574 745 25 20 de
623 745 154 26 förhållanden,
801 744 59 21 hvari
877 744 19 21 vi
913 751 27 14 nu
953 743 56 22 lefva

181 772 39 21 och
244 773 65 21 redan
333 773 66 21 lefvat
422 779 25 15 en
470 773 49 26 lång
537 773 31 21 tid
584 773 96 25 tillbaka,
697 773 120 22 hvarunder
833 773 35 21 det
884 773 54 21 varit
953 773 55 20 före-

180 801 90 22 skrifvet
286 803 31 19 att
332 807 48 16 man
397 801 38 21 bör
450 802 85 21 anhålla
551 801 39 22 och
606 803 80 20 ansöka
701 809 35 14 om
753 801 92 27 burskap
861 801 39 21 och
916 807 33 16 om
964 803 43 19 rät-

181 829 69 27 tighet
271 831 32 20 att
324 829 21 22 få
369 830 81 25 arbeta,
473 831 68 20 under
562 831 61 20 dessa
639 831 60 26 tider,
715 833 62 24 säger
789 830 43 27 jag,
849 830 38 21 har
903 830 35 21 det
954 830 55 21 dock

180 858 56 21 varit
252 858 81 27 vanligt
348 861 32 19 att
393 859 80 21 sådana
488 859 143 26 ansökningar
646 859 47 22 icke
709 859 64 21 hafva
788 859 123 25 förkastats,
921 858 39 21 och
972 858 36 21 det

180 886 69 21 skulle
272 887 8 20 i
295 887 89 27 sanning
399 887 63 22 hafva
478 887 62 22 väckt
556 890 45 19 stor
616 888 133 26 indignation
765 888 55 21 inom
837 888 46 20 vårt
899 887 109 25 samhälle,

180 921 34 15 om
238 915 25 21 så
285 915 68 22 skulle
376 916 64 21 skett.
470 916 41 27 Jag
527 916 35 21 vill
587 917 85 20 dermed
688 918 52 25 säga
756 918 33 19 att
803 915 205 22 rättsmedvetandet

179 943 40 22 hos
242 950 36 15 oss
299 944 65 21 redan
380 944 76 21 hunnit
471 945 24 21 så
510 945 64 26 långt,
589 947 33 19 att
637 945 42 26 det,
694 951 47 15 som
758 945 68 21 denna
841 944 123 27 författning
979 950 28 15 nu

180 972 37 21 vill
240 974 53 25 göra
316 973 32 21 till
364 973 40 26 lag,
420 973 66 21 redan
501 973 58 22 förut
574 973 107 27 sjelfmant
696 973 40 22 har
752 973 70 22 blifvit
838 973 76 26 praxis,
930 985 27 2 —
970 973 38 26 jag

179 1007 75 14 menar
270 1001 128 27 rättigheten
414 1001 33 22 för
463 1001 43 22 folk
521 1004 32 19 att
569 1005 50 18 utan
635 1002 76 21 hinder
727 1002 21 21 få
763 1002 53 21 söka
830 1001 90 27 försörja
930 1001 38 26 sig,
981 1013 25 2 —

180 1029 40 21 och
242 1029 71 22 derför
329 1031 24 20 är
368 1030 37 21 det
420 1030 42 21 min
479 1031 84 26 mening
578 1032 32 19 att
625 1031 20 20 vi
661 1031 149 26 ovillkorligen
825 1030 46 21 från
887 1031 59 20 detta
961 1030 46 27 lag-

179 1057 82 28 förslag
276 1059 53 20 böra
344 1059 63 26 skilja
422 1059 38 21 allt
475 1065 45 15 som
536 1059 42 21 kan
594 1059 57 27 gifva
667 1060 71 26 någon
754 1059 69 27 skymt
839 1059 23 21 af
875 1059 47 20 stöd
933 1058 22 21 åt
966 1059 41 20 den

179 1086 140 27 uppfattning
340 1089 32 18 att
392 1087 94 22 ansökan
503 1089 55 20 ännu
573 1088 72 21 kunde
660 1087 87 22 komma
761 1088 8 21 i
783 1088 66 26 fråga.
877 1087 54 21 Herr
946 1087 61 22 Jans-

178 1121 46 18 son,
246 1121 46 16 som
307 1115 104 22 förfäktar
426 1117 40 20 den
481 1118 71 19 satsen
568 1118 32 19 att
615 1116 65 27 något
695 1117 83 26 vådligt
793 1116 33 21 för
840 1116 114 21 samhället
969 1116 40 21 här

177 1149 52 16 vore
251 1144 7 21 i
274 1144 65 26 fråga,
355 1144 39 21 och
410 1146 32 19 att
457 1145 94 21 ansökan
567 1147 56 19 ännu
638 1145 66 21 borde
720 1145 6 20 i
742 1145 70 27 någon
827 1145 113 26 lindrigare
956 1144 52 21 eller

179 1174 113 25 strängare
314 1173 54 21 form
390 1173 97 26 existera,
504 1173 38 22 har
557 1175 71 20 menat
644 1175 32 20 att
691 1173 127 28 pröfningen
833 1173 22 22 af
869 1179 25 15 en
910 1174 97 20 anmälan

178 1207 35 14 om
234 1201 100 22 tillernad
349 1201 79 22 rörelse
445 1201 70 28 kunde
530 1202 80 21 lemnas
626 1203 22 20 åt
664 1209 25 14 en
706 1202 134 27 tjensteman.
871 1202 81 21 Hittills
967 1202 41 21 har

177 1235 27 15 en
228 1230 66 21 sådan
318 1230 100 27 pröfning
440 1231 127 21 åtminstone
584 1231 54 21 varit
658 1231 144 21 öfverlemnad
818 1231 23 20 åt
856 1231 35 20 två
907 1231 100 26 korpora-

179 1257 77 27 tioner,
280 1259 52 20 först
356 1259 40 21 den
419 1259 99 26 speciella
537 1259 52 22 eller
603 1259 232 28 yrkeskorporationen
850 1259 40 21 och
905 1259 64 21 sedan
984 1260 24 20 åt

177 1287 140 26 magistraten
333 1287 39 21 och
389 1293 28 15 nu
432 1287 67 22 skulle
516 1288 40 21 den
572 1288 140 21 öfverlemnas
728 1289 24 20 åt
767 1294 25 15 en
807 1287 55 22 enda
878 1294 83 20 person,
979 1293 28 16 en

178 1315 137 26 tjensteman.
346 1315 56 22 Vore
418 1316 47 21 icke
479 1316 59 21 detta
553 1318 32 19 ett
601 1316 98 27 ofantligt
714 1317 91 26 baksteg
820 1316 39 21 och
874 1316 71 26 något,
961 1322 45 15 som

177 1345 49 19 vårt
246 1344 194 21 rättsmedvetande
462 1345 112 31 omöjligen
590 1345 71 21 kunde
676 1333 66 39 gilla?
758 1345 37 21 Om
813 1345 46 25 den,
875 1350 45 16 som
936 1333 72 33 derför

177 1373 63 31 säger
264 1374 32 19 att
318 1371 56 22 Herr
396 1372 70 28 Bergh
486 1373 7 21 i
508 1373 39 22 sitt
561 1374 137 26 andragande
714 1373 75 27 skjutit
805 1362 58 32 öfver
879 1373 69 27 målet,
964 1373 43 21 kan

173 1415 37 12 jag
234 1416 48 6 icke
304 1417 26 4 an
385 1403 57 26 säga,
459 1403 26 20 än
499 1404 31 19 att
547 1402 40 20 han
605 1402 106 21 bestämdt
727 1402 47 21 icke
789 1403 43 20 rätt
847 1390 108 38 uppfattat
970 1401 37 22 det

176 1429 65 22 enkla
258 1429 38 22 och
313 1431 69 19 tillika
398 1419 56 38 höga
469 1431 48 24 mål,
533 1437 45 15 som
595 1431 69 21 denna
678 1431 129 27 författning
817 1431 36 21 vill
865 1430 143 27 verkliggöra.

175 1457 44 22 Det
234 1457 69 22 finnes
318 1458 90 27 mången
425 1459 64 21 bland
505 1465 40 21 oss,
561 1465 45 16 som
622 1459 39 21 har
676 1459 60 21 velat
751 1459 52 22 söka
817 1460 49 21 stöd
881 1459 34 21 för
925 1465 25 15 en
962 1465 44 15 om-

175 1485 139 28 formulering
338 1487 23 20 af
382 1487 60 22 detta
464 1476 95 33 moment
582 1488 69 21 deruti
674 1490 33 19 att
724 1488 26 21 de
766 1494 74 15 senare
856 1483 150 42 paragraferna

175 1514 71 22 skulle
263 1515 85 26 betinga
365 1516 41 21 det.
433 1516 40 27 Jag
489 1516 36 21 vill
541 1516 54 22 blott
610 1516 102 28 påminna
728 1518 32 19 att
775 1517 20 21 vi
811 1517 46 21 icke
872 1518 56 19 ännu
943 1515 64 22 hafva

176 1400 35 14 jae
234 1401 48 14 icke
305 1403 63 14 annat
