1075 1761
200 153 40 22 516
448 159 25 17 R.
486 163 19 13 o.
517 159 22 16 A.
549 159 58 17 1888.
619 158 25 18 27
652 159 63 17 Mars.

171 245 35 22 vid
229 245 59 22 detta
307 244 83 22 tillfälle
412 244 54 23 böra
488 245 70 22 lemna
580 245 148 28 upplysning
721 239 13 38 i
751 251 25 15 en
791 244 128 22 hithörande
933 243 65 28 fräga,

171 280 47 15 som
233 273 87 22 beröres
335 273 7 21 i
357 273 227 27 finansexpeditionens
606 273 121 22 berättelse.
758 273 57 27 Kejs.
839 275 87 20 senaten
945 273 54 21 hade

173 302 108 22 meddelat
296 301 95 23 tillständ
407 303 31 20 att
453 302 7 21 i
475 303 33 20 tre
523 302 92 22 härader
629 302 6 21 i
651 302 99 26 Wiborgs
765 301 41 27 län,
823 302 38 20 der
871 302 60 26 ryskt
941 303 58 25 mynt

172 330 122 26 cirkulerar,
320 330 34 22 vid
381 330 211 28 uppbördsstämmor
617 330 86 27 erlägga
733 330 57 22 såväl
821 330 178 27 kronoutskylder

171 365 46 15 som
240 358 121 22 annuiteter
382 360 13 20 å
410 359 158 27 löseskillingen
591 358 32 22 för
638 359 89 27 inköpta
742 358 236 27 donationslägenheter
993 358 6 21 i

172 388 59 27 ryskt
246 389 60 25 mynt
321 387 53 22 efter
389 388 56 26 kurs,
466 394 44 15 som
527 387 67 22 skulle
610 388 31 21 tid
657 387 54 22 efter
726 394 70 15 annan
813 387 21 22 af
847 389 87 20 senaten
949 386 50 22 fast-

173 416 81 21 ställas.
273 416 33 21 En
322 416 66 21 sådan
402 416 51 21 kurs
468 416 45 21 blef
527 416 60 21 äfven
603 416 50 21 kort
668 416 45 21 före
728 415 168 28 uppbördstiden
907 415 58 22 detta
975 416 24 20 är

173 444 22 22 af
208 445 87 21 senaten
310 444 104 27 bestämd,
430 451 48 15 men
493 446 59 20 snart
567 444 92 29 derefter
673 444 112 22 inträffade
796 446 31 19 ett
837 444 84 27 mycket
931 443 68 22 starkt

172 473 89 22 kursfall
276 474 27 26 pä
319 473 35 21 det
369 473 63 28 ryska
447 475 87 26 myntet,
559 473 137 27 hvarigenom
722 475 58 20 stora
804 473 101 21 förluster
929 473 70 21 kunde

173 501 86 22 komma
274 503 31 20 att
321 501 81 22 drabba
416 502 134 21 statsverket.
567 502 50 21 Med
633 501 113 28 anledning
756 501 63 22 häraf
828 501 38 22 och
879 501 26 22 de
915 501 84 27 olägen-

172 530 67 27 heter,
255 536 46 15 som
321 536 51 15 voro
394 530 138 28 förknippade
555 531 49 21 med
627 530 59 21 detta
716 529 235 28 undantagsstadgande
966 531 33 20 rö-

172 559 66 21 rande
254 558 130 28 uppbörden,
400 559 49 22 fann
465 559 31 27 sig
511 561 87 20 senaten
613 558 119 23 föranläten
743 561 32 19 att
786 558 96 22 meddela
892 557 107 23 föreskrift

173 587 79 27 derom,
275 588 33 20 att
323 587 46 21 frän
385 587 39 22 och
439 588 48 21 med
503 588 10 20 1
530 587 190 22 nästinstundande
740 587 40 27 juli
804 587 139 21 omförmälda
964 587 34 21 til-

172 615 75 22 lätelse
262 617 31 20 att
308 615 35 22 vid
358 616 97 27 uppbörd
470 617 94 26 mottaga
579 616 60 28 ryskt
653 617 60 27 mynt
727 616 68 21 skulle
810 615 102 27 upphöra.
948 615 50 22 Som

173 644 68 22 denna
263 644 108 22 föreskrift
386 646 24 20 är
431 644 111 22 meddelad
565 644 52 22 efter
633 645 36 21 det
684 644 228 28 finansexpeditionens
927 644 70 22 berät-

173 672 53 22 telse
242 679 36 15 var
293 672 97 28 afgifven,
406 674 23 21 sä
444 673 39 22 har
496 673 36 27 jag
547 673 57 22 velat
619 673 70 22 lemna
705 674 69 21 denna
788 672 133 28 upplysning.
936 672 62 22 Hvad

174 701 41 22 den
230 701 47 22 näd.
295 708 59 21 prop.
370 702 106 24 beträffar,
493 702 23 22 sä
531 702 55 22 afser
601 702 40 21 den
657 708 26 16 en
699 702 130 26 omsättning
844 700 21 23 af
879 701 26 21 de
921 701 33 22 för
968 701 29 22 in-

172 729 59 23 lösen
254 730 22 21 af
297 730 180 28 donationgodsen
499 732 108 26 upptagna
629 730 96 27 statslän,
750 730 38 22 och
803 730 40 21 har
866 729 59 22 Hans
940 730 57 27 Kejs.

172 758 40 22 M:t
227 758 6 22 i
249 758 66 22 näder
329 758 111 23 förordnat
462 761 37 25 att,
516 760 23 21 sä
554 760 59 20 snart
636 759 69 21 denna
728 758 59 28 fräga
809 758 68 22 blifvit
899 758 99 27 slutligen

173 786 88 28 afgjord,
279 787 92 27 komma,
380 788 65 27 enligt
460 788 72 22 derom
548 788 34 21 vid
593 789 84 20 senaste
688 788 102 26 landtdag
800 787 70 27 gjordt
881 787 116 27 uttalande,

173 815 203 23 donationsfondens
398 816 117 22 inkomster
538 816 39 22 och
600 816 87 27 utgifter
702 818 32 20 att
750 816 48 21 med
813 816 106 21 allmänna
936 817 62 20 stats-

173 844 89 22 fondens
277 844 117 22 inkomster
410 845 39 21 och
465 845 86 27 utgifter
565 844 158 22 sammanföras.
745 844 40 22 Till
800 844 56 22 hvad
864 844 37 27 jag
915 850 29 15 nu
955 844 44 22 haft

173 874 50 19 äran
239 872 74 22 anföra
332 872 38 22 ber
390 874 37 26 jag
447 874 74 21 endast
543 873 21 22 fä
579 873 87 27 tillägga
688 874 32 20 att
736 880 25 14 en
777 873 62 21 karta
861 872 58 22 öfver
934 872 64 21 dona-

173 900 137 28 tionsgodsen
332 901 96 22 kommer
443 903 31 20 att
489 901 106 22 meddelas
611 901 32 22 för
658 903 32 20 att
705 901 95 27 biläggas
815 900 184 28 finansexpeditio-

173 935 52 16 nens
239 929 115 22 berättelse
370 930 39 21 och
424 930 81 28 hoppas
517 930 37 27 jag
569 932 32 19 att
616 930 41 21 den
673 930 48 21 med
736 930 37 21 det
787 929 67 22 första
865 929 52 22 skall
928 929 71 22 kunna

174 957 89 22 utdelas.
293 958 137 23 Beträffande
452 959 98 27 slutligen
566 959 35 21 det
616 959 90 26 utskott,
722 958 34 22 till
770 958 81 21 hvilket
867 958 68 21 denna
950 958 48 21 nåd.

172 992 61 44 prop.
251 987 83 49 komme
349 989 32 20 att
396 987 145 27 öfverlemnas,
556 987 61 22 torde
629 987 122 22 densamma
762 987 121 21 remitteras
893 986 32 22 till
936 988 62 20 stats-

172 1017 111 20 utskottet.

242 1111 31 22 På
289 1112 31 21 Hr
336 1112 218 21 Landtmarskalkens
572 1113 157 27 framställning
744 1113 71 21 beslöt
830 1113 25 21 R.
871 1119 18 15 o.
905 1113 25 21 A.
947 1113 52 21 härå

174 1142 33 19 att
223 1140 33 21 till
273 1140 165 23 Statsutskottet
454 1141 110 22 remittera
579 1141 40 21 den
635 1141 48 22 nåd.
700 1148 68 20 prop.,
778 1141 76 28 åtföljd
869 1141 23 22 af
906 1142 36 21 det
952 1142 49 21 utaf

173 1169 58 21 Frih.
249 1169 111 21 Molander
375 1170 6 20 i
398 1171 72 20 ämnet
484 1169 79 27 afgifna
577 1170 108 27 yttrande.

217 1350 3 4 N
242 1322 59 21 Ifrän
316 1323 160 22 Bondeständet
491 1324 55 21 hade
562 1324 88 21 anländt
666 1330 25 16 en
707 1324 134 27 deputation,
857 1324 91 26 hvilken,
963 1324 36 21 be-

173 1350 91 27 hörigen
285 1353 122 25 emottagen
423 1352 39 21 och
477 1353 136 27 beledsagad,
628 1359 77 21 genom
721 1354 32 20 sin
769 1353 134 27 ordförande,
919 1353 81 21 Landt-

173 1378 146 33 dagsmannen
340 1380 20 20 J.
384 1380 72 26 Häkli,
478 1382 32 20 till
525 1382 25 20 R.
566 1388 19 14 o.
601 1381 25 21 A.
642 1382 117 21 framförde
781 1381 172 22 Bondeständets
967 1382 33 20 in-

174 1407 103 27 bjudning
293 1410 32 19 att
340 1408 24 21 R.
382 1416 18 14 o.
417 1410 24 20 A.
458 1410 47 21 ville
521 1410 7 21 i
543 1410 60 26 fräga
619 1416 34 16 om
673 1410 69 29 anslag
764 1410 31 24 till
818 1410 101 24 understöd
935 1409 22 25 ät
971 1409 28 24 in-

173 1435 74 25 hemske
263 1436 102 25 författare
380 1437 76 22 förena
471 1438 31 27 sig
518 1444 33 16 om
570 1438 172 22 Bondeständets
756 1440 7 20 i
779 1440 72 20 ämnet
867 1438 81 22 fattade
964 1438 35 21 be-

173 1464 49 25 slut,
246 1467 99 19 närmare
366 1466 94 26 angifvet
474 1467 6 20 i
497 1467 35 20 det
547 1467 23 20 af
583 1467 154 26 deputationen
754 1474 28 14 nu
798 1467 117 21 aflemnade
931 1466 24 22 sä
969 1467 31 26 ly-

173 1493 69 21 dande
259 1494 77 27 utdrag
351 1501 26 14 ur
392 1495 171 21 Bondeständets
578 1496 117 25 protokoll:
