1078 1739
352 143 25 17 R.
390 147 18 13 o.
421 143 22 16 A.
452 143 60 16 1888.
528 143 12 16 6
553 143 63 16 Mars.
825 137 39 21 379

69 227 78 21 mellan
163 228 12 20 7
191 227 39 21 och
246 228 26 20 14
287 227 24 21 år
325 227 158 22 undervisades.
514 227 10 22 I
539 227 72 26 Norge
621 227 77 21 funnos
709 227 24 21 är
744 227 71 22 1880
804 223 12 34 i
826 227 68 21 lands-

70 257 61 20 orten
146 257 63 25 5,110
224 255 55 22 fasta
293 256 78 26 skolor,
381 256 8 20 i
399 255 73 22 hvilka
484 256 91 23 185,258
587 256 70 20 elever
667 255 156 22 undervisades.
839 255 57 22 Här-

71 286 56 19 emot
150 284 72 21 ställer
242 284 36 27 jag
299 284 56 21 talen
379 284 47 21 frän
448 284 102 21 Finland:
574 284 42 21 667
632 284 117 21 folkskolor
764 284 39 21 och
819 284 75 26 24,205

71 313 74 20 elever.

139 341 46 21 Här
199 342 68 20 möter
282 347 26 15 en
323 341 135 26 invändning,
476 341 88 20 hvarom
576 347 26 14 en
613 340 23 21 af
644 342 160 20 reservanterne
815 340 80 27 antydt,

71 369 105 27 nämligen
199 369 40 21 den
261 371 31 19 att
307 369 21 20 vi
343 369 66 21 redan
425 369 64 21 hafva
503 369 109 26 skolpligt,
634 369 52 21 eller
701 369 127 22 åtminstone
843 369 52 21 bild-

72 398 121 27 ningspligt,
208 398 105 27 nämligen
328 398 48 20 med
391 397 123 22 hänseende
528 398 34 20 till
578 398 40 21 den
642 397 129 22 elementära
789 397 108 21 undervis-

73 427 82 26 ningen.
179 432 50 15 vare
244 427 32 25 sig
294 432 76 20 genom
391 426 110 20 hemmens
524 426 52 20 eller
594 426 157 20 smäskolornas
766 425 130 27 förmedling,

73 454 86 22 hvilken
181 455 45 21 stär
244 454 66 21 under
325 454 40 21 den
380 454 98 26 kyrkliga
493 454 140 21 kommunens
648 454 63 26 hägn.
741 454 34 21 En
789 455 108 20 reservant

73 483 106 21 förmenar
201 484 33 20 att
248 483 98 20 tillvaron
362 482 22 22 af
398 483 70 21 denna
484 483 130 21 elementära
628 482 151 28 undervisning
793 482 39 22 bör
847 484 51 25 göra

73 512 87 21 fordran
175 511 28 27 pä
216 511 199 27 folkskolebildning
430 511 83 21 mindre
524 511 91 25 absolut,
626 511 83 21 mindre
720 512 122 26 trängande.
857 510 41 27 Jag

73 540 37 21 vill
123 540 33 21 för
171 540 43 20 min
230 540 33 20 del
278 542 50 24 säga
343 540 109 26 ingenting
468 542 66 18 annat
548 542 27 18 än
586 540 52 26 godt
648 546 34 14 om
694 540 69 20 denna
771 540 127 21 elementära

74 568 156 26 undervisning,
252 568 85 21 hvilken
352 568 54 21 varit
422 568 73 21 landet
511 568 33 21 till
558 570 80 19 största
653 574 56 21 gagn
723 568 67 21 under
805 568 93 21 tidernas

74 597 56 26 lopp.
161 596 50 21 Men
233 598 46 20 dess
301 596 89 22 resultat
405 596 7 21 i
427 596 100 22 afseende
547 596 13 21 &
582 596 149 27 bibringandet
754 596 22 21 af
790 596 39 21 den
845 596 53 20 mest

75 625 129 21 elementära
225 625 95 27 kunskap
344 627 36 19 äro
400 625 46 21 icke
463 631 37 15 ens
516 625 203 27 tillfyllestgörande.
751 625 40 27 Jag
805 625 42 20 kan
862 630 36 15 an-

75 654 46 20 föra
136 654 66 26 några
216 653 69 21 siffror
299 653 131 21 beträffande
445 654 179 26 läskunnigheten
639 654 36 20 vid
685 654 52 20 våra
747 652 153 27 värnepligtiga

75 682 124 26 bataljoner.
231 682 54 21 1886
300 682 75 21 funnos
390 682 94 26 följande
498 682 121 26 procenttal
634 682 47 21 icke
696 682 124 26 läskunnige
835 681 65 21 bland

75 711 134 25 manskapet:
224 710 36 20 vid
274 711 75 25 gardet
365 712 44 24 1,07,
425 710 35 21 vid
476 710 96 27 Nylands
587 710 95 27 bataljon
697 712 46 25 4,ss,
755 710 36 21 vid
801 702 48 28 Åbo
860 709 40 21 och

76 738 142 28 Björneborgs
240 738 94 27 bataljon
358 739 51 24 15,31
425 739 34 27 9/,,
484 739 36 21 vid
537 739 65 21 Wasa
618 738 95 27 bataljon
729 740 44 24 7,0,
789 738 36 21 vid
838 738 62 21 Uleå-

76 767 64 27 borgs
155 767 93 26 bataljon
264 768 44 24 7,22,
325 766 37 22 vid
376 767 84 27 Kuopio
477 768 43 20 bat.
540 768 61 26 22,74,
611 768 36 20 vid
657 767 33 21 S:t
700 767 88 21 Michels
798 767 43 21 bat.
854 766 45 26 5,71,

76 796 36 21 vid
127 796 130 20 Tavastehus
272 796 42 20 bat.
331 796 45 26 2,se,
392 796 36 20 vid
442 796 101 26 Wiborgs
559 796 47 22 bat.
618 796 46 24 4,09.
680 796 77 21 Inalles
766 802 51 14 voro
827 796 37 23 7,73
873 794 27 27 %/

77 824 46 21 icke
137 824 130 26 läskunniga.

146 852 113 22 Dessutom
280 852 55 22 hade
357 859 26 15 en
404 852 34 22 del
460 853 104 26 manskap
584 853 36 21 vid
636 852 74 27 sjelfva
724 852 121 27 bataljonen
860 851 42 21 lärt

78 881 31 27 sig
131 881 55 21 läsa:
209 881 35 21 vid
266 881 74 26 gardet
358 882 53 25 31,07
427 881 33 27 %/,
477 881 36 21 vid
529 881 94 27 Nylands
639 881 95 27 bataljon
750 882 51 24 14,79
817 880 34 26 ?/,,
866 879 36 21 vid

78 903 49 27 Åbo
143 909 40 21 och
197 909 141 29 Björneborgs
353 909 95 27 bataljon
465 910 54 25 16,94
534 910 35 26 ?/,,
585 910 36 20 vid
636 909 65 21 Wasa
715 909 95 27 bataljon
819 910 38 24 7,85
867 908 34 26 %/o,

79 938 36 20 vid
129 938 116 26 Uleåborgs
261 938 93 26 bataljon
369 938 54 23 28,16
438 938 34 27 ?/4,
490 938 35 20 vid
540 938 84 26 Kuopio
640 938 95 24 bataljon
749 938 54 24 22,35
818 937 33 25 %,
867 936 36 21 vid

80 965 32 22 S:t
127 966 87 21 Michels
229 966 93 26 bataljon
338 967 53 25 20,38
407 966 33 27 ?/,,
456 966 37 21 vid
509 966 132 21 Tavastehus
655 966 96 27 bataljon
761 966 54 21 26.12
825 965 34 27 ?/,,
867 965 36 20 vid

79 994 99 27 Wiborgs
199 994 94 27 bataljon
316 995 38 25 8,6
376 995 28 26 %/
425 995 51 20 eller
491 995 7 20 i
513 995 101 20 medeltal
638 995 52 24 19,59
706 995 27 26 %
748 994 23 21 af
784 994 47 21 hela
846 999 58 15 man-

80 1023 81 26 skapet.
192 1023 66 20 Dessa
280 1022 70 22 siffror
364 1023 74 26 tyckas
453 1023 45 27 mig
512 1023 51 25 visa,
580 1025 32 19 att
628 1023 40 21 den
684 1023 129 21 elementära
827 1021 76 21 under-

79 1051 109 26 visningen
209 1051 47 21 icke
278 1051 70 21 ernått
369 1051 23 21 så
415 1053 58 19 stora
496 1051 97 26 resultat,
617 1058 45 14 som
681 1057 48 15 man
745 1051 88 26 mången
849 1050 55 27 gång

79 1079 120 21 föreställer
220 1079 38 27 sig,
277 1079 39 21 och
332 1080 59 21 detta
406 1082 24 19 är
442 1080 24 26 ju
482 1080 48 21 icke
545 1080 140 26 oförklarligt,
702 1080 27 21 då
744 1080 121 21 densamma
880 1080 24 19 är

80 1109 61 25 svagt
163 1108 135 26 organiserad
320 1108 40 21 och
382 1108 63 21 beror
468 1108 24 21 af
504 1108 78 27 många
597 1108 106 27 tillfälliga
718 1107 185 26 omständigheter.

81 1136 49 21 Men
145 1135 72 22 härtill
231 1136 39 21 bör
285 1137 72 20 vidare
372 1137 104 26 tilläggas,
490 1139 32 18 att
534 1137 69 20 denna
614 1137 129 21 elementära
753 1136 96 25 bildning
858 1135 47 20 icke

80 1165 42 20 kan
145 1170 60 15 anses
227 1166 107 20 motsvara
350 1165 35 21 det
400 1165 165 26 kunskapsmått
581 1165 41 21 den
636 1165 123 21 nuvarande
773 1165 59 20 tiden
847 1163 57 20 kräf-

81 1199 42 15 ver.
153 1193 47 20 Den
222 1199 37 15 var
282 1193 33 21 för
337 1193 32 21 sin
392 1193 32 22 tid
448 1193 122 27 tillräcklig,
586 1200 48 15 men
649 1196 24 19 är
688 1200 88 14 numera
791 1193 33 20 för
839 1192 66 26 ringa.

80 1221 49 22 Just
151 1221 87 21 emedan
260 1228 49 15 man
331 1222 66 26 insåg,
421 1224 31 19 att
468 1222 42 21 den
526 1222 130 21 elementära
671 1222 122 26 bildningen
807 1220 47 21 icke
868 1226 38 14 var

81 1249 201 27 tillfyllestgörande,
304 1256 37 15 var
356 1251 36 20 det
405 1250 25 27 ju
444 1256 46 15 som
506 1250 284 26 folkskoleundervisningen
805 1248 99 21 infördes.

149 1278 111 27 Principen
276 1280 31 19 att
322 1278 203 27 folkskolebildning
540 1279 39 20 bör
594 1279 119 20 tillkomma
728 1279 41 20 alla
787 1277 52 21 barn
850 1277 56 20 utta-

81 1306 65 24 lades,
169 1307 69 20 såsom
253 1307 7 20 i
276 1307 144 21 betänkandet
439 1307 96 26 antydes,
551 1307 67 21 redan
633 1307 36 21 vid
683 1306 120 22 införandet
817 1305 24 21 af
853 1304 53 21 folk-

81 1334 171 27 skolereformen,
268 1341 48 15 men
332 1335 122 22 densamma
464 1335 137 27 tillämpades
612 1336 75 21 endast
696 1336 8 20 i
712 1334 98 22 afseende
819 1333 12 21 å
839 1333 67 21 stads-

81 1363 158 26 kommunerna,
254 1364 106 26 nämligen
374 1364 8 21 i
397 1364 41 21 den
452 1364 57 21 form
520 1366 33 19 att
562 1364 101 21 städerna
673 1364 72 21 ålades
754 1362 79 21 bereda
843 1363 64 20 samt-

81 1391 44 27 liga
146 1391 53 21 barn
213 1392 7 20 i
235 1392 121 21 skolåldern
375 1392 83 21 tillfälle
474 1394 34 19 att
523 1392 107 21 förvärfva
645 1391 207 26 folkskolebildning,
868 1389 39 22 och

81 1419 90 22 sålunda
193 1420 110 27 tillämpad
318 1421 38 20 har
370 1421 107 21 reformen
492 1422 54 19 utan
561 1421 79 21 minsta
655 1420 107 27 svårighet
777 1418 131 28 genomförts

81 1448 42 21 och
137 1447 61 28 gifvit
213 1448 125 27 förträffliga
353 1449 97 21 resultat.
480 1449 129 22 Statistiken
624 1449 62 24 visar,
703 1450 31 20 att
749 1448 8 21 i
771 1449 51 20 våra
837 1447 71 21 städer

81 1475 77 22 funnos
173 1476 25 21 år
215 1477 52 21 1885
283 1477 77 26 26,850
375 1477 54 21 barn
444 1477 8 21 i
467 1477 123 21 skolåldern
606 1478 70 20 7—16
692 1477 24 21 år
727 1476 38 21 och
775 1478 32 19 att
817 1475 22 21 af
848 1475 61 20 dessa

83 1504 84 26 14,251,
189 1504 89 22 sålunda
300 1505 58 21 öfver
380 1505 88 24 hälften,
488 1506 154 20 undervisades
656 1506 8 20 i
678 1504 124 22 folkskolor.
833 1501 77 23 Dertill

81 1531 97 23 kommer
193 1534 32 20 att
240 1540 26 14 en
281 1535 45 19 stor
341 1533 34 22 del
390 1533 24 22 af
427 1534 26 21 de
468 1534 70 27 öfriga
554 1534 80 21 erhålla
646 1533 151 27 undervisning
807 1532 28 27 på
845 1531 65 21 annat
