1078 1775
200 124 42 37 230
454 134 26 17 R.
492 138 18 13 o.
522 134 22 16 A.
557 134 58 16 1888.
628 134 19 17 11
658 134 59 17 Febr.

241 218 102 28 Slutligen
359 219 142 28 tillkännagaf
514 220 32 21 Hr
561 220 206 22 Landtmarskalken
783 220 33 20 att
832 220 61 20 nästa
907 218 84 27 plenum

173 247 24 51 E
217 248 83 50 Tn
333 244 123 58 UnIotetsn
478 248 70 22 blifvit
568 250 69 20 utsatt
651 248 33 22 till
698 248 103 26 lördagen
816 248 42 20 den
873 247 24 21 11
915 247 77 21 dennes

198 293 4 4 .
219 277 23 21 11
270 293 4 4 f.
290 283 28 15 m.

398 408 87 22 Plenum
501 408 117 22 afslutades
633 409 29 21 kl.
678 409 12 21 3
706 414 18 16 e.
740 415 28 15 m.

780 481 23 17 In
815 481 66 18 fidem:

740 517 23 21 J.
780 516 26 22 F.
823 516 103 28 Aminof.

291 682 153 34 Lördagen
462 683 58 27 den
538 684 32 26 11
590 683 84 28 Febr.
692 683 41 28 kl.
753 683 32 26 11
804 682 22 27 f.
844 689 38 20 m.

246 745 35 32 Hr
300 745 205 23 Landtmarskalken
528 746 140 27 tillkännagaf
689 748 32 20 att
743 746 67 27 pollet
829 744 67 23 blifvit
910 746 87 25 uttagen

179 772 33 23 för
234 773 76 27 Adliga
331 776 58 19 ätten
404 774 40 22 N:o
470 776 48 27 214,
541 781 41 16 von
596 775 85 27 Julin,
698 774 22 23 af
733 775 33 21 Hr
781 774 55 22 Emil
852 773 89 27 Lindsay
957 779 40 15 von

177 801 82 28 Julin,
275 802 137 27 Bruksegare.

245 933 225 29 Protokollsutdragen
493 935 57 22 öfver
573 935 24 21 R.
613 941 18 18 o,
647 935 37 22 A:s
700 935 35 21 vid
750 934 86 27 plenum
852 933 39 22 den
907 934 12 20 7
934 932 62 22 Febr.

178 961 79 23 fattade
270 962 69 22 beslut
350 962 126 28 justerades.

247 1092 108 23 Särskilda
377 1094 47 22 från
446 1095 138 21 medständen
605 1094 101 22 inkomna
728 1092 195 29 protokollsutdrag
945 1090 54 22 före-

180 1121 76 27 drogos
279 1122 39 21 och
335 1122 65 27 lades,
416 1124 70 20 säsom
500 1123 46 22 icke
561 1123 32 21 till
607 1123 75 27 ätgärd
697 1121 159 26 föranledande,
879 1120 32 22 till
933 1119 66 22 hand-

179 1150 102 27 lingarna,
296 1150 116 28 hvarjemte
427 1152 107 27 upplästes
550 1158 26 15 en
590 1151 109 22 skrifvelse
714 1151 49 21 frän
781 1148 219 28 Expeditionsutskot-

179 1180 37 25 tet,
239 1178 148 23 innehällande
410 1180 138 22 meddelande
572 1180 73 22 derom
668 1181 32 20 att
722 1178 106 23 utskottet
850 1177 31 22 till
905 1177 32 22 sin
953 1176 48 22 ord-

178 1206 87 23 förande
280 1209 65 21 utsett
360 1209 32 21 Hr
406 1209 124 27 Eneberg.

494 1339 194 29 Jernvägsutskottet.

246 1391 119 28 Föredrogs
387 1398 28 15 en
438 1391 106 22 skrifvelse
567 1390 46 22 frän
627 1391 25 21 R.
668 1397 19 15 o.
704 1390 39 21 A:s
758 1389 90 26 valmän,
864 1387 140 26 tillkännagif-

180 1419 68 22 vande
263 1421 32 20 att
309 1419 126 23 valmännen
450 1419 33 22 till
498 1419 117 22 ledamöter
630 1419 7 21 i
651 1417 211 28 Jernvägsutskottet
876 1417 66 20 utsett
961 1415 43 22 Hrr

179 1447 60 22 Josef
252 1447 83 28 August
350 1448 144 21 Schauman
510 1448 47 21 med
574 1448 25 21 15
615 1449 75 24 röster,
706 1447 65 26 Hugo
787 1445 92 22 Kasimir
892 1444 112 22 Norden-

179 1482 62 16 svan
263 1476 49 21 med
335 1477 26 20 14
377 1479 75 23 röster,
468 1476 52 21 Karl
535 1475 77 22 Gustaf
625 1473 227 28 Standertskjöld
866 1473 47 22 med
928 1473 28 21 20
971 1473 34 20 rö-

179 1509 44 18 ster
239 1505 39 22 och
293 1504 120 22 Alexander
428 1505 93 21 Lennart
536 1504 164 27 Gripenberg
715 1503 51 22 med
781 1503 33 23 21,
830 1504 55 20 samt
897 1501 33 33 till
940 1501 65 21 förste

180 1533 113 29 suppleant
314 1533 33 22 Hr
368 1533 100 22 Wilhelm
490 1532 118 23 Thesleff
628 1533 48 22 med
700 1533 28 21 16
751 1533 71 20 röster
838 1530 39 23 och
892 1529 33 22 till
940 1529 65 22 andra
