1078 1725
343 136 25 17 R.
381 140 18 13 o.
411 136 22 16 A.
443 136 61 16 1888.
519 136 13 16 6
544 136 63 16 Mars.
821 130 41 22 375

68 223 70 21 denna
159 222 35 20 idé
216 227 35 15 om
270 222 65 26 tvång
350 222 34 21 för
398 222 123 20 inrättande
536 221 24 21 af
573 221 125 27 folkskolor,
715 227 34 15 om
765 220 64 24 också
843 220 7 21 i
865 227 26 15 en

68 250 66 26 något
156 249 124 22 modifierad
295 250 60 21 form.
385 250 112 21 Utskottet
513 249 91 22 föreslår
618 250 116 26 nämligen:
750 250 44 26 ,att
808 248 83 22 landets

69 278 115 27 höglofliga
206 278 92 26 ständer,
314 279 7 20 i
336 278 170 26 underdånighet
528 278 67 21 måtte
611 278 92 25 anhålla,
719 279 32 19 att
767 278 58 20 Hans
841 276 51 27 Kej-

68 307 78 26 serliga
169 306 100 27 Majestät
291 306 82 22 täcktes
395 307 70 26 taga
458 300 13 38 i
482 306 161 27 öfvervägande,
665 306 105 21 huruvida
784 306 46 21 icke
846 304 47 23 skäl

68 340 57 21 vore,
149 336 32 20 att
200 335 108 27 förelägga
323 336 26 20 de
364 335 132 26 kommuner,
513 341 46 15 som
573 341 30 15 nu
618 334 67 21 sakna
700 334 66 27 högre
781 333 111 27 folkskola,

69 365 34 19 att
124 364 57 21 inom
200 364 42 20 viss
256 364 32 20 tid
303 364 79 20 enhvar
397 364 79 20 inrätta
491 364 65 20 minst
571 369 27 15 en
613 362 73 24 sådan,
700 363 72 21 derest
786 363 47 21 icke.
848 364 44 20 sär-

69 392 71 20 skilda
161 392 47 21 skäl
230 392 72 20 kunna
324 392 111 21 föranleda
456 392 95 26 uppskof
572 392 51 20 eller
646 391 120 21 befrielse".
796 391 41 20 För
860 392 32 19 att

69 421 104 21 motivera
195 427 25 15 en
243 420 66 21 sådan
331 420 106 26 slutkläm,
460 420 41 21 har
516 420 117 21 utskottets
648 420 109 26 pluralitet
772 418 122 27 genomgått

69 448 41 22 den
125 451 85 19 senaste
225 448 145 27 underdåniga
388 448 135 26 berättelsen,
539 448 109 26 angående
664 447 208 22 folkskoleväsendet
886 447 7 20 i

69 477 73 21 landet
164 477 40 21 och
226 477 48 21 med
296 478 85 26 ledning
403 477 23 21 af
446 477 38 21 der
506 477 125 21 meddelade
647 476 70 21 siffror
732 476 40 21 och
787 475 107 27 uppgifter

69 505 50 22 sökt
134 506 49 20 stöd
198 506 33 20 för
246 506 38 20 sitt
298 506 84 26 förslag.
414 505 28 21 Af
455 506 42 20 den
512 505 121 26 utredning,
642 511 45 15 som
697 504 94 26 vunnits,
799 504 94 26 framgår

71 535 32 19 att
125 533 27 27 på
177 534 26 21 de
225 534 66 26 några
314 534 38 21 och
376 534 27 21 20
418 534 30 25 år,
465 540 46 15 som
527 534 84 20 landets
626 533 197 21 folkskoleväsende
837 532 56 21 varit

69 562 69 21 under
153 562 151 27 organisation,
319 563 79 20 inemot
414 563 41 20 400
465 562 189 21 landskommuner
664 562 90 21 inrättat
764 561 65 26 högre
840 560 53 22 folk-

70 590 73 21 skolor
165 591 34 20 till
221 593 32 19 ett
268 591 57 21 antal
345 591 23 21 af
381 591 80 21 inemot
477 591 48 25 700,
542 591 108 20 äfvensom
666 592 32 19 att
713 590 33 21 för
761 589 133 22 närvarande

71 619 27 20 79
121 619 187 22 landskommuner
329 619 74 26 finnas,
422 619 73 21 hvilka
509 619 47 21 icke
571 619 65 20 hafva
650 619 72 20 skolor
738 618 23 21 af
775 618 59 21 detta
849 617 45 26 slag

70 647 58 21 inom
143 647 48 21 sina
205 649 94 25 gränser.
320 648 78 21 Vidare
414 647 94 27 framgår
523 647 22 22 af
552 647 118 21 utskottets
677 647 134 21 betänkande
826 647 34 20 att
870 645 22 22 af

71 676 63 21 dessa
157 677 26 20 79
199 676 125 21 kommuner
340 682 25 15 en
381 677 45 20 stor
441 677 35 20 del
492 678 37 19 äro
546 675 87 26 sådana,
650 682 45 15 som
710 675 48 21 med
774 675 28 20 all
817 680 77 15 sanno-

71 704 68 21 likhet
160 704 46 21 icke
229 705 71 20 kunna
322 705 79 20 inrätta
423 705 67 26 högre
505 704 125 27 folkskolor,
646 705 46 20 dels
707 704 23 21 af
743 704 35 21 det
794 703 51 26 skäl,
862 704 32 19 att

71 732 27 21 de
113 734 37 19 äro
167 733 55 26 glest
237 733 112 21 befolkade
366 733 39 21 och
419 733 134 21 vidsträckta
568 732 70 21 såsom
653 735 15 18 t.
685 739 31 14 ex.
728 733 25 20 de
765 731 129 26 nordligaste

71 761 119 21 socknarne
212 761 7 21 i
237 761 118 27 Uleåborgs
378 761 42 26 län,
443 761 52 22 eller
518 762 26 21 de
568 761 110 26 östligaste
700 761 8 20 i
729 760 104 26 Wiborgs
855 759 39 22 och

71 789 84 26 Kuopio
171 789 42 26 län,
230 790 44 21 dels
290 790 89 21 emedan
394 790 26 21 de
435 791 38 20 äro
490 790 91 26 belägna
595 790 8 20 i
611 789 136 27 skärgården,
759 789 136 26 hvarigenom

72 817 63 22 deras
155 817 134 28 geografiska
310 819 47 26 läge
380 818 40 21 och
441 818 122 27 fördelning
584 818 47 21 icke
654 817 80 22 tillåter
752 816 144 27 regelbunden

73 845 109 27 skolgång.
213 841 98 26 Återstår
334 846 23 21 så
372 848 31 20 ett
416 847 156 26 jemförelsevis
587 847 61 25 ringa
663 847 59 20 antal
737 845 159 21 landskommu-

71 880 46 20 ner,
140 874 72 21 hvilka
234 875 112 26 rätteligen
362 875 69 21 kunde
446 875 67 26 enligt
528 875 118 21 utskottets
660 874 139 22 förmenande
814 873 82 26 tvingas

59 904 46 26 "att
123 902 81 21 inrätta
226 903 67 27 högre
315 903 123 26 folkskolor,
462 904 40 20 och
525 904 37 20 det
587 905 24 19 är
629 903 47 21 med
692 902 98 22 afseende
807 901 12 21 å
835 901 62 21 dessa

72 931 132 26 kommuner,
220 938 46 14 som
280 932 106 21 utskottet
400 932 57 26 gjort
472 932 39 21 sitt
525 932 87 26 förslag.
642 932 50 20 Med
703 930 98 22 afseende
813 930 13 21 å
836 930 62 20 dessa

73 960 24 20 är
112 960 35 20 det
163 959 67 27 äfven,
246 966 46 15 som
306 961 106 21 utskottet
426 960 28 26 på
469 960 38 21 sid.
525 961 12 20 7
553 960 8 21 i
576 961 37 20 sitt
624 960 135 21 betänkande
769 958 128 22 framställer

72 987 94 27 följande
188 988 70 27 fråga:
288 989 53 26 ,Bör
363 989 72 21 landet
457 988 141 26 fortfarande,
621 989 66 20 sedan
704 988 121 21 folkskolan
839 987 7 20 i
862 986 35 21 det

72 1018 109 19 närmaste
196 1018 31 20 ett
243 1019 61 25 qvart
315 1018 57 20 sekel
388 1018 112 20 härstädes
515 1018 92 24 arbetat,
631 1017 48 21 med
694 1016 80 27 passivt
788 1016 51 26 lugn
854 1014 42 27 åse,

73 1044 102 21 hurusom
191 1046 104 20 särskilda
310 1046 124 20 kommuner
449 1046 78 20 enbart
547 1045 23 21 af
584 1046 131 26 okunnighet
730 1045 53 21 eller
798 1043 100 27 likgiltig-

73 1072 37 22 het
132 1074 114 26 utestänga
268 1074 32 21 sin
321 1075 139 25 uppväxande
483 1074 94 26 ungdom
600 1074 46 21 från
670 1074 40 20 den
729 1072 169 26 medborgerliga

73 1101 96 27 bildning
191 1102 120 22 folkskolan
333 1103 56 21 afser
412 1104 31 19 att
463 1102 84 22 skänka
561 1103 84 20 landets
659 1102 43 21 alla
717 1102 80 21 barn?"
813 1112 27 4 —
856 1100 42 20 För

74 1130 36 21 det
132 1129 67 22 första
224 1131 36 21 vill
273 1131 37 27 jag
325 1133 57 20 emot
397 1131 75 27 sjelfva
487 1131 75 27 frågan
577 1131 40 21 och
633 1131 36 21 det
685 1137 47 15 svar
748 1129 106 22 utskottet
868 1128 30 21 af-

74 1158 61 27 gifvit
150 1159 27 26 på
193 1159 122 22 densamma
330 1160 118 25 framhålla,
464 1161 34 20 att
513 1160 80 21 inemot
604 1161 31 19 ett
650 1161 62 24 qvart
728 1159 57 21 sekel
800 1157 49 21 väli
860 1157 39 20 den

74 1187 107 21 enskildes
196 1187 25 22 lif
234 1189 24 20 är
274 1194 25 15 en
314 1188 50 27 lång
378 1189 124 26 tidsperiod,
512 1195 48 14 men
575 1188 97 21 deremot
686 1188 52 25 icke,
748 1187 28 21 då
786 1187 36 20 det
832 1185 68 27 gäller

75 1216 170 26 organisationen
268 1216 23 21 af
312 1218 31 20 ett
363 1217 45 20 helt
423 1217 62 20 lands
500 1216 206 21 folkskoleväsende.
735 1216 27 21 Vi
778 1215 34 21 må
827 1214 72 21 vidare

75 1244 70 20 erinra
168 1251 35 14 oss
225 1246 33 20 att
272 1244 147 22 folkskolorna
433 1245 7 20 i
455 1245 217 21 landskommunerna
687 1244 45 21 icke
748 1244 42 20 alla
805 1243 95 21 tillkom-

74 1272 40 21 mit
135 1273 35 20 vid
193 1273 69 20 denna
277 1273 127 27 tidsperiods
419 1273 84 27 början,
519 1275 52 19 utan
586 1273 112 26 långsamt,
714 1272 131 26 småningom
860 1269 40 22 och

74 1301 90 26 ungefär
183 1301 68 26 jemnt
273 1302 107 21 fördeladt
400 1301 28 27 på
451 1302 27 21 de
501 1302 28 21 23
545 1301 30 26 år,
592 1307 45 15 som
652 1301 96 26 förflutit,
764 1300 66 21 sedan
845 1298 55 21 folk-

75 1329 212 28 skoleförordningen
309 1330 132 21 emanerade.
473 1330 80 26 Hvarje
577 1329 23 22 är
623 1336 34 15 ser
679 1336 49 14 man
751 1328 81 21 antalet
847 1326 53 21 folk-

75 1357 73 21 skolor
171 1358 57 26 ökas,
252 1358 69 27 någon
344 1359 121 26 stagnation
488 1359 43 20 kan
554 1359 134 25 sannerligen
710 1358 47 21 icke
779 1355 122 28 uppvisas
890 1351 15 38 i

75 1385 183 22 folkskolesakens
280 1387 126 26 utveckling.
436 1387 42 26 Jag
500 1389 47 18 tror
569 1387 46 20 icke
638 1387 72 26 heller,
734 1387 33 20 att
789 1385 36 21 det
841 1385 23 20 är
879 1383 23 21 af

76 1413 131 28 okunnighet
218 1415 51 21 eller
280 1415 134 26 likgiltighet,
424 1415 72 21 såsom
507 1415 108 21 utskottet
625 1417 67 24 säger,
704 1421 43 14 som
759 1420 27 14 en
796 1413 34 22 del
841 1413 60 20 kom-

75 1448 76 15 muner
166 1443 62 20 hafva
244 1444 140 26 ,tredskats*,
404 1445 31 19 ett
448 1443 80 27 jemväl
543 1443 23 21 af
579 1443 106 21 utskottet
700 1442 94 21 användt
808 1440 93 27 uttryck.

76 1469 164 28 Okunnigheten
255 1472 6 20 i
277 1472 26 21 de
318 1471 196 27 landskommuner,
525 1478 46 15 som
586 1472 71 20 kunna
673 1471 93 21 drabbas
783 1470 22 21 af
818 1469 84 21 utskot-

76 1499 43 20 tets
133 1499 81 27 förslag
229 1501 25 19 är
268 1500 46 21 icke
330 1502 69 19 större
414 1501 27 20 än
457 1500 7 21 i
481 1501 25 20 de
522 1500 168 26 närgränsande;
710 1499 28 22 då
752 1505 49 15 man
816 1502 86 21 genom-

75 1525 40 28 går
137 1528 40 21 den
193 1528 119 22 statistiska
326 1528 159 27 redogörelsen,
504 1528 69 21 finner
588 1535 49 14 man
652 1530 32 19 att
700 1528 62 21 dessa
776 1527 126 21 kommuner
