1078 1759
376 136 26 16 R.
415 140 18 12 o.
446 136 22 16 A.
481 136 61 17 1888.
557 136 13 16 6
582 136 63 17 Mars.
851 130 39 22 391

97 219 64 21 blifva
176 220 81 26 ganska
271 220 57 26 kort,
344 226 34 15 om
394 226 50 16 man
459 221 52 21 sade
526 222 34 20 att
574 220 58 22 inom
646 215 49 27 Åbo
710 221 36 21 län
760 220 67 22 finnas
843 220 23 22 sä
876 220 46 22 små

96 248 126 21 kommuner
244 250 33 19 att
299 248 26 21 de
340 248 47 22 icke
402 249 74 21 mäkta
491 249 81 21 inrätta
587 248 125 27 folkskolor,
736 255 48 15 men
799 249 60 21 detta
873 255 49 15 svar

97 276 68 22 blefve
181 276 54 22 dock
250 276 80 22 kanske
346 276 170 28 fullständigare,
532 284 35 14 om
582 284 49 14 man
647 278 74 21 tillade
737 279 32 20 att
784 277 61 22 äfven
855 277 67 21 andra

96 304 126 22 kommuner
236 304 56 22 inom
330 305 27 21 Åbo
372 306 36 20 län
423 306 71 26 hafva,
509 305 71 22 såsom
596 306 36 21 det
647 306 56 21 visat
717 306 38 27 sig,
771 306 96 22 tredskat
882 305 40 22 och

96 333 47 21 icke
158 334 57 20 velat
228 332 27 27 gä
270 334 21 20 in
306 333 28 27 pä
349 335 32 20 att
396 334 81 21 inrätta
492 334 126 25 folkskolor,
634 334 91 22 oaktadt
739 340 26 15 en
773 334 81 26 ganska
861 334 61 22 verk-

97 368 45 15 sam
156 361 141 27 pätryckning
311 361 48 22 från
382 362 184 22 auktoriteternas
582 363 46 21 sida
643 363 39 21 har
697 362 101 22 utöfvats.
827 364 41 25 Jag
882 362 40 22 har

96 390 43 27 mig
160 390 80 22 bekant
262 392 32 19 att
316 392 134 24 guvernören
472 392 8 20 i
522 392 28 20 Åbo
573 392 35 20 län
631 397 45 15 mer
699 393 27 19 än
749 398 25 14 en
799 391 54 27 gång
867 392 8 20 i
890 391 32 21 sin

97 418 197 22 embetsberättelse
316 418 108 26 hemstält,
454 420 107 21 huruvida
583 420 47 21 icke
651 420 60 21 tiden
735 426 51 15 vore
810 420 49 20 inne
882 420 40 25 att,

96 447 71 22 säsom
189 448 37 20 det
246 447 112 27 vanligtvis
380 448 68 25 heter,
471 448 71 22 förmä
556 448 155 22 kommunerna
725 450 33 19 att
772 448 81 21 inrätta
866 447 57 22 folk-

97 476 78 26 skolor,
191 482 48 14 men
254 476 70 20 denna
338 476 129 21 hemställan
482 477 41 21 har
538 476 77 22 hittills
630 477 43 26 mig
689 477 116 26 veterligen
815 476 47 22 icke
870 476 52 20 kun-

97 506 38 20 nat
149 504 111 21 föranleda
268 504 33 21 till
308 504 70 27 nägon
394 504 82 27 ätgärd.
501 505 41 26 Jag
557 511 109 21 upprepar
681 504 73 22 derför
761 505 55 21 hvad
823 504 36 27 jag
867 504 55 21 hade

97 534 53 20 äran
164 534 64 26 yttra,
251 534 32 19 att
304 532 74 27 hvarje
402 533 64 27 tvång
484 534 7 20 i
507 534 70 21 denna
592 534 34 21 för
641 533 48 22 vårt
704 534 50 20 land
769 534 79 26 vigtiga
862 532 61 28 fråga

97 561 46 21 icke
165 566 50 16 vore
237 560 179 28 lyckobringande
434 561 34 22 för
484 562 41 21 den
540 562 57 26 goda
612 562 44 26 sak,
680 568 45 15 som
741 562 48 22 med
803 561 120 22 folkskolan

98 589 55 21 skall
175 588 121 28 befrämjas,
319 590 40 21 och
374 590 72 21 derför
469 590 70 22 måste
559 590 37 27 jag
620 590 84 22 ansluta
726 591 43 26 mig
790 590 33 21 till
839 590 25 20 de
880 590 43 20 Hrr

98 619 138 24 reservanter,
259 618 72 21 hvilka
350 624 50 16 anse
416 618 60 22 förra
490 619 63 21 delen
568 619 23 21 af
604 619 117 21 utskottets
736 619 58 21 kläm
809 618 46 22 icke
870 618 53 20 böra

97 646 111 21 föranleda
232 646 33 21 till
288 646 70 26 någon
383 646 84 28 åtgärd.
507 648 63 20 Hvad
595 647 46 22 åter
671 648 41 20 den
740 646 183 27 omständigheten

98 674 102 22 beträffar
215 676 32 20 att
261 681 75 20 genom
351 675 36 21 lån
403 676 52 21 eller
470 675 28 27 på
514 677 66 20 annat
596 678 42 19 sätt
649 682 26 15 en
686 676 52 21 eller
746 682 69 15 annan
822 676 101 20 kommun

98 702 107 22 måhända
218 703 71 21 kunde
304 703 116 27 förhjelpas
435 704 33 21 till
484 704 144 22 betäckandet
650 704 23 21 af
694 705 41 20 den
750 704 68 21 första
833 703 90 27 utgiften

99 731 32 21 för
153 731 175 26 folkskolehuset,
351 732 24 21 så
396 732 77 21 tvekar
493 732 37 27 jag
553 734 33 20 att
605 733 7 21 i
628 733 40 21 den
683 732 61 22 delen
760 732 77 22 föreslå
852 732 70 26 något,

99 761 52 20 utan
166 761 45 20 tror
224 760 36 26 jag
275 762 32 19 att
321 760 8 21 i
344 761 67 21 sinom
427 761 31 21 tid
478 761 86 21 landets
586 762 89 26 styrelse
698 761 95 21 kommer
815 762 32 20 att
867 760 57 21 fästa

99 788 33 20 sin
153 788 189 27 uppmärksamhet
364 789 81 26 dervid,
468 789 57 22 huru
547 790 107 26 nämligen
677 789 60 22 äfven
759 790 6 20 i
791 788 133 22 ekonomiskt

99 816 121 22 hänseende
234 816 130 22 folkskolors
380 818 122 21 inrättande
518 818 28 26 på
561 818 73 21 landet
649 818 56 21 skall
715 818 72 21 kunna
805 817 117 21 befordras.

168 874 33 21 Hr
223 873 112 22 Schildt:
372 873 172 23 Vidkommande
570 875 117 21 utskottets
712 874 68 22 första
804 874 56 22 kläm
884 874 40 21 har

100 902 57 22 Frih.
173 902 23 21 af
210 902 100 22 Schultén
320 903 148 21 uttömmande
477 904 80 20 uttalat
566 904 25 21 de
600 904 85 26 äsigter,
701 910 46 15 som
755 904 57 21 inom
819 903 105 21 utskottet

99 930 85 28 hyllats,
207 931 39 21 och
261 931 36 21 vill
317 931 37 27 jag
375 931 56 21 blott
446 932 87 21 ansluta
548 932 43 26 mig
606 932 33 21 till
653 932 125 21 Friherrens
793 931 131 26 motivering.

100 959 49 21 Men
171 959 28 21 då
220 959 117 22 utskottets
360 960 68 21 andra
450 960 59 21 kläm
531 960 70 22 blifvit
622 961 98 26 motsagd
743 960 22 21 af
779 960 66 26 några
859 960 65 20 ärade

100 988 75 24 talare,
199 988 38 20 och
252 988 102 21 särskildt
379 990 32 20 ett
425 988 81 27 förslag
522 989 107 26 uppstälts
644 989 7 21 i
667 989 40 21 den
722 989 55 21 form
792 990 33 20 att
840 988 85 21 ståndet

100 1016 48 21 ville
170 1016 75 26 uttala,
268 1018 32 19 att
322 1016 60 22 Hans
404 1017 122 27 Kejserliga
550 1017 101 27 Majestät
676 1018 49 20 ville
750 1023 75 21 genom
849 1016 76 27 bidrag

100 1044 129 22 understöda
243 1044 76 27 fattiga
334 1045 132 25 kommuner,
491 1046 24 20 så
536 1046 40 21 ber
588 1046 38 26 jag
640 1047 32 20 att
687 1045 22 21 få
723 1047 77 19 nämna
815 1046 33 20 att
863 1044 61 22 äfven

100 1078 34 16 om
149 1072 61 22 detta
224 1075 43 19 sätt
281 1080 39 14 var
334 1073 60 27 fråga
409 1074 8 20 i
431 1074 115 26 utskottet,
562 1080 49 16 men
625 1080 50 15 man
690 1074 66 27 ansåg
766 1075 32 20 att
807 1080 26 15 en
841 1073 83 21 skilnad

99 1100 66 22 borde
180 1102 64 25 göras
259 1102 91 21 emellan
365 1102 85 21 absolut
465 1102 78 26 fattiga
558 1102 133 27 kommuner,
707 1109 45 15 som
768 1102 67 22 skulle
851 1101 74 21 fordra

99 1129 82 27 bidrag,
207 1130 38 21 och
268 1130 60 26 slika,
351 1136 46 16 som
420 1131 78 21 endast
518 1131 72 21 kunde
613 1131 97 21 erfordra
733 1132 31 20 ett
781 1130 36 22 lån
839 1129 27 27 på
880 1129 45 21 för-

99 1157 94 27 månliga
224 1158 74 26 vilkor,
335 1158 34 22 för
406 1160 32 20 att
476 1158 133 28 småningom
645 1160 73 20 kunna
754 1158 111 27 återgälda
899 1158 26 21 de

99 1186 75 26 medel,
189 1192 45 16 som
250 1186 102 22 behöfvas
374 1187 33 21 för
429 1188 145 26 uppförandet
589 1188 21 21 af
625 1189 31 20 ett
668 1187 154 27 jemförelsevis
838 1186 88 27 dyrbart

99 1214 40 22 hus
153 1215 8 20 i
176 1215 83 21 socken.
289 1216 42 20 Det
346 1222 38 14 var
399 1216 63 21 äfven
477 1216 63 26 fråga
556 1222 40 19 om,
612 1216 106 21 huruvida
733 1216 46 21 icke
795 1215 80 21 sådana
890 1214 36 22 lån

99 1243 70 21 kunde
185 1243 64 21 blifva
264 1243 129 27 fullkomligt
408 1244 112 26 räntefria,
536 1251 48 14 men
600 1245 117 21 utskottets
731 1244 110 27 pluralitet
852 1242 73 28 ansåg,

99 1273 33 19 att
153 1272 136 26 möjligheten
311 1272 23 21 af
348 1278 26 16 en
389 1272 67 21 sådan
472 1272 97 27 eftergift
583 1273 47 21 icke
652 1273 66 21 borde
733 1271 124 22 framhållas
871 1271 7 20 i
894 1273 32 19 ett

99 1300 139 25 betänkande,
254 1301 52 20 utan
321 1301 37 21 det
372 1300 68 22 borde
456 1301 142 21 öfverlemnas
615 1301 23 21 åt
647 1302 124 26 regeringen
779 1301 32 20 att
819 1299 107 21 måhända

98 1328 7 20 i
120 1327 65 27 något
199 1328 37 22 fall
252 1328 137 22 efterskänka
404 1329 70 27 någon
490 1330 44 21 tids
549 1331 69 19 ränta.
642 1330 39 26 Jag
697 1329 68 21 skulle
772 1328 29 27 på
809 1328 62 21 dessa
878 1328 48 21 skäl

98 1356 50 26 vilja
163 1356 131 22 fortfarande
309 1358 131 20 understöda
455 1358 163 21 bibehållandet
632 1358 23 20 af
668 1358 107 21 klämmen
790 1357 7 21 i
813 1356 42 21 den
870 1356 55 21 form

98 1384 106 22 utskottet
218 1385 96 21 förordat
330 1386 46 20 den.

167 1442 32 21 Hr
220 1442 209 27 Pippingsköld:
453 1443 89 21 Kanske
555 1443 37 27 jag
608 1443 119 27 egentligen
742 1442 49 21 bort
806 1441 55 21 afstå
876 1440 48 21 från

99 1470 66 26 ordet,
188 1476 48 16 men
253 1471 37 26 jag
305 1471 55 21 skall
374 1470 57 22 fatta
445 1472 43 26 mig
504 1472 57 24 kort,
577 1471 40 21 och
632 1471 37 21 vill
684 1471 56 21 blott
755 1471 88 25 tillägga
857 1468 67 27 några

99 1498 38 21 ord
152 1498 33 22 till
201 1499 36 20 det
252 1505 54 19 svar,
322 1505 46 15 som
379 1499 66 21 redan
456 1499 72 21 blifvit
539 1499 89 27 afgifvet
635 1499 28 27 på
673 1500 32 20 Hr
717 1499 130 21 Schaumans
857 1496 68 27 fråga,

99 1527 56 20 stäld
177 1527 32 21 till
224 1527 43 21 min
282 1527 163 27 kompetentare
460 1534 88 20 granne.
580 1528 56 26 Men,
651 1534 46 15 som
713 1528 68 26 sagdt,
795 1526 36 28 jag
847 1524 79 22 önskar
