1078 1767
198 117 45 39 202
447 128 25 18 R.
485 133 17 13 0.
515 129 23 17 A.
551 129 60 17 1888.
633 129 12 17 7
656 129 59 18 Febr.

174 214 46 20 stor
235 212 118 28 pluralitet,
368 214 40 22 och
423 214 66 22 saken
504 215 47 22 blef
561 216 33 20 till
607 215 53 27 följd
670 215 62 21 deraf
741 215 144 21 öfverlemnad
895 215 33 21 till
937 215 61 22 Hans

174 240 112 28 Majestäts
301 242 149 28 bepröfvande,
466 246 56 19 samt
538 250 25 15 en
578 244 81 22 komit6
673 244 23 21 af
704 244 122 27 Kejserliga
836 243 91 22 Senaten
937 244 7 21 i
955 244 42 27 Maj

173 269 78 22 mänad
275 271 54 21 1878
349 272 85 22 nedsatt
449 272 33 22 för
498 274 32 20 att
546 274 99 20 närmare
659 273 77 21 utreda
752 272 71 22 denna
836 272 61 27 fräga
912 272 40 22 och
967 273 30 21 in-

173 298 86 22 komma
274 300 48 20 med
338 302 31 19 ett
383 300 80 28 förslag
478 302 6 20 i
500 302 79 20 ämnet.
609 302 107 22 Komit6n,
732 301 34 21 till
781 300 86 22 hvilken
880 302 37 26 jag
933 301 64 21 också

173 327 56 21 hade
245 329 52 19 äran
311 328 65 21 blifva
391 329 100 27 inkallad,
508 330 173 21 sammanträdde
696 330 66 21 likväl
772 329 55 21 först
837 330 7 20 i
854 330 89 21 Januari
958 329 39 22 föl-

171 356 64 26 jande
251 355 25 21 är
292 357 61 26 1879,
369 358 67 21 under
450 358 183 27 ordförandeskap
649 358 23 22 af
684 358 104 22 konstens
804 358 115 21 förnämste
934 358 63 21 mäls-

173 390 50 15 man
237 384 7 21 i
259 384 79 26 landet,
354 386 41 21 den
410 392 34 16 om
464 387 92 21 konsten
571 387 24 21 sä
609 387 53 27 högt
677 386 109 28 förtjente,
802 386 121 22 dävarande
939 387 57 21 leda-

173 414 79 24 moten,
274 419 89 17 numera
382 415 144 22 ordföranden
541 416 7 20 i
563 416 81 21 Finska
658 415 207 27 Konstföreningens
884 415 111 26 direktion,

173 441 122 28 professorn
309 443 8 21 i
332 444 104 21 estetiken
451 445 35 21 vid
502 445 148 21 universitetet
663 444 22 22 C.
704 444 26 22 G.
749 444 122 22 Estlander.
900 444 10 21 I
928 443 68 22 första

174 471 135 26 ögonblicket
323 472 72 22 visade
411 473 31 27 sig
458 473 54 22 dock
527 474 95 21 komitén
637 480 53 15 vara
704 473 92 22 sålunda
806 474 147 23 sammansatt,
964 474 32 19 att

172 499 37 27 jag
231 499 67 22 måste
319 500 72 28 intaga
413 508 26 15 en
462 504 121 19 reservants
606 503 106 26 ställning,
728 504 23 25 ty
767 502 39 21 der
821 502 61 21 sökte
896 503 53 25 göra
965 501 31 26 sig

173 528 98 27 gällande
286 529 45 21 helt
345 529 67 22 andra
428 531 106 26 principer
549 533 27 19 än
586 531 49 21 dem
644 531 36 27 jag
691 531 87 26 hyllade
788 530 40 21 och
839 530 70 21 hvilka
920 530 75 21 funnos

173 557 96 21 uttalade
285 557 7 21 i
302 558 42 21 min
352 559 96 26 petition.
469 560 100 21 Komitén
579 560 128 21 utarbetade
718 559 122 22 emellertid
849 559 48 21 med
907 559 88 26 mycken

173 585 64 27 insigt
252 586 40 21 och
307 587 142 27 grundlighet,
468 588 70 21 såsom
554 595 49 14 man
618 589 72 20 kunde
705 590 72 23 vänta,
794 587 27 21 då
836 588 39 21 den
891 594 104 15 samman-

173 615 59 20 trädt
253 615 68 21 under
336 621 26 16 en
381 616 67 21 sådan
466 617 135 26 ordförande,
617 619 31 19 ett
663 617 81 26 förslag
760 617 33 20 till
809 616 57 21 såväl
881 623 26 14 en
923 617 72 20 konst-

175 643 65 26 skola,
263 649 46 16 som
331 645 132 21 musikskola
476 646 8 20 i
499 645 79 26 landet,
602 652 34 15 om
651 645 73 22 hvilka
739 646 68 26 begge
820 645 37 26 jag
872 645 55 21 hade
941 645 53 26 peti-

173 671 99 22 tionerat.
303 672 49 22 Som
367 674 70 26 grund
452 674 34 21 för
500 675 41 20 den
556 674 108 21 blifvande
680 674 141 21 konstskolan
832 673 59 22 lades
902 680 26 15 en
938 673 60 21 kom-

173 700 95 21 bination
283 701 24 21 af
320 701 63 22 konst
398 703 39 20 och
452 703 162 26 konstindustri,
635 703 52 21 eller
702 703 43 21 den
761 702 124 27 tillämpade
899 702 97 25 konsten,

173 735 76 20 genom
269 729 48 22 hela
332 730 128 22 läroverket.
490 732 44 20 Der
549 732 68 21 skulle
632 731 68 21 finnas
716 737 26 16 en
758 731 156 21 förberedande
929 731 67 25 skola,

173 759 55 19 samt
243 764 26 15 en
284 758 116 27 fackskola,
417 760 130 21 omfattande
563 760 58 21 såväl
637 767 26 14 en
679 759 174 28 byggnadsskola
863 766 45 15 som
919 766 25 15 en
953 759 44 22 må-

173 786 94 21 larskola
289 787 40 21 och
351 794 26 14 en
399 788 194 27 bildhuggarskola,
616 789 180 26 hufvudsakligen
819 788 54 21 efter
893 789 104 20 mönstret

172 815 24 20 af
208 821 26 14 en
250 815 27 21 då
292 816 111 21 tillämnad
419 819 67 20 större
502 818 73 21 konst-
591 818 39 21 och
645 817 175 27 teckningsskola
831 817 6 21 i
848 817 76 26 Norge.
944 817 53 21 För-

173 843 73 26 slaget,
270 850 45 15 som
337 845 131 22 inlemnades
490 846 33 21 till
546 847 130 26 regeringen,
701 849 83 24 upptog
806 845 143 22 kostnaderna
963 846 33 21 till

173 872 76 25 60,000
264 873 61 21 mark
339 873 34 22 för
388 874 145 26 konstskolan,
550 875 78 26 47,000
637 875 33 21 för
681 874 148 23 musikskolan
841 874 39 21 och
888 874 108 22 dessutom

173 901 76 23 14,000
271 902 61 21 mark
354 903 33 20 för
409 909 26 15 en
454 903 105 22 direktion
574 903 33 22 för
622 903 168 22 konstärenden.
820 903 10 20 I
846 903 76 20 sådant
937 903 59 22 skick

172 929 40 21 och
226 930 49 21 med
290 930 24 21 så
329 932 59 20 stora
402 932 88 27 utgifter
500 932 33 21 för
543 934 77 24 staten,
631 932 137 21 resolverade
778 932 125 26 regeringen
914 933 32 20 att
954 931 42 22 frå-

171 963 41 20 gan
227 964 34 15 om
277 959 63 21 dessa
355 959 73 22 skolor
436 961 68 20 skulle
512 961 117 21 tillsvidare
637 961 92 21 förfalla.
754 961 44 20 För
806 962 32 19 att
847 960 100 27 klargöra
955 961 41 21 den

171 986 108 28 ställning,
295 993 45 16 som
353 988 37 27 jag
405 989 59 27 intog
479 989 33 21 till
527 989 60 22 detta
602 989 86 27 förslag,
705 989 100 21 anhåller
817 989 37 26 jag
869 991 32 18 att
917 995 25 15 ur
953 989 43 21 min

170 1014 99 27 bifogade
285 1017 131 21 reservation
430 1017 22 22 få
468 1018 89 26 uppläsa
572 1024 39 20 par
626 1019 120 26 meningar:
766 1034 10 9 ,
779 1018 75 21 Ehuru
861 1018 38 26 jag
909 1019 34 20 vet
953 1017 43 28 mig

171 1043 34 21 stå
220 1046 57 19 emot
293 1051 26 15 en
333 1045 35 22 hel
383 1046 144 27 tidsriktning,
550 1046 66 27 vågar
629 1047 37 26 jag
681 1047 57 21 dock
753 1046 102 21 fasthålla
869 1047 43 20 min
928 1046 67 21 öfver-

171 1072 87 26 tygelse,
275 1079 34 15 om
324 1075 32 19 att
372 1074 59 21 såväl
447 1075 40 21 den
502 1075 40 21 fria
558 1075 99 21 bildande
668 1075 100 25 konsten,
778 1081 45 15 som
835 1075 40 20 den
886 1075 109 21 såkallade

169 1100 224 24 handtverkskonsten
412 1103 52 22 eller
478 1103 82 27 slöjden
576 1104 69 21 blefve
661 1104 71 21 bättre
749 1103 119 28 betjenade,
885 1110 34 15 om
935 1104 25 21 de
976 1104 19 26 ej

169 1128 90 23 blandas
282 1131 141 22 tillsammans
445 1132 39 21 och
504 1139 33 14 om
553 1133 26 20 de
594 1133 106 21 inhemtas
715 1132 127 22 förmedelst
857 1132 68 21 skilda
941 1133 54 20 läro-

171 1157 76 22 kurser
271 1160 39 20 och
325 1160 70 21 skilda
415 1160 76 27 lärare,
506 1161 71 21 fastän
592 1161 41 21 den
648 1161 68 21 första
733 1161 54 21 eller
802 1161 193 21 elementarunder-

169 1186 109 27 visningen
293 1188 7 20 i
315 1188 97 25 konsten,
434 1189 90 22 likasom
539 1190 7 21 i
561 1190 151 27 vetenskapen,
729 1191 25 19 är
774 1189 88 27 ungefär
878 1189 116 21 enahanda.

169 1213 36 22 Må
225 1215 64 27 ingen
312 1217 45 20 deri
372 1223 23 16 se
411 1219 31 20 ett
464 1218 140 27 ringaktande
619 1219 23 20 af
656 1219 40 21 den
712 1219 61 26 lägre
789 1218 52 21 eller
856 1217 139 22 handtverks-

169 1243 96 28 konsten,
282 1245 85 22 hvilken
381 1246 37 27 jag
433 1253 41 20 nog
486 1247 93 21 önskade
590 1249 31 19 att
632 1247 72 21 kunde
714 1247 64 26 höjas
789 1247 32 21 till
831 1246 82 27 verklig
922 1246 73 21 konst-

168 1272 92 22 industri
276 1273 62 22 äfven
353 1275 39 21 hos
408 1281 41 19 oss,
465 1281 33 15 om
512 1275 37 27 jag
564 1276 72 21 dertill
647 1275 50 28 säge
708 1275 72 27 nägon
792 1275 67 26 utsigt
869 1275 52 21 eller
931 1275 64 21 funne

168 1300 70 27 någon
258 1302 100 27 jordmån
381 1303 58 22 inom
457 1303 47 22 vårt
526 1305 56 20 land
614 1305 48 21 Men
688 1311 35 14 om
748 1303 41 22 ock
804 1304 7 21 i
826 1310 27 15 en
867 1303 86 22 framtid
969 1310 26 14 en

167 1329 156 23 konstindustri
338 1332 40 21 här
393 1332 71 22 kunde
479 1333 135 27 frammanas,
630 1334 23 21 så
669 1334 49 20 ville
733 1333 38 27 jag
786 1333 55 21 dock
855 1332 46 22 icke
915 1335 32 19 att
957 1339 38 14 un-

169 1358 147 28 dervisningen
331 1361 47 21 deri
393 1361 135 22 meddelades
544 1362 139 22 tillsammans
699 1362 52 21 med
767 1361 41 22 den
823 1362 6 20 i
845 1361 66 27 högre
925 1361 69 27 konst,

167 1386 90 22 emedan
270 1388 9 21 i
293 1388 42 21 den
350 1396 41 14 ena
406 1392 25 19 är
446 1390 36 21 det
496 1390 92 26 handen,
605 1397 44 15 som
664 1391 7 21 i
688 1390 94 22 främsta
792 1392 91 19 rummet
894 1390 39 21 bör
943 1396 52 20 upp-

167 1414 66 27 öfvas,
253 1416 3 20 i
271 1416 41 22 den
333 1418 69 22 andra
425 1421 24 19 är
471 1419 36 21 det
528 1419 78 25 anden,
622 1420 23 20 åt
660 1420 88 20 hvilken
764 1419 75 26 näring
854 1418 88 21 framför
956 1418 39 21 allt

167 1443 55 21 skall
243 1444 75 27 gifvas,
343 1447 40 21 och
405 1454 45 14 som
470 1447 91 21 skänker
576 1448 24 21 åt
614 1448 96 21 handens
726 1447 78 21 arbete
820 1448 47 20 dess
882 1448 58 20 rätta
955 1446 40 22 och

167 1472 107 27 egentliga
289 1474 71 21 värde.
391 1476 40 20 Att
445 1482 34 20 nu,
496 1482 45 16 som
556 1476 95 22 komitén
662 1476 122 27 föreslagit,
795 1476 79 20 inrätta
884 1482 27 14 en
921 1476 74 20 konst-

166 1501 67 27 skola,
257 1502 38 20 der
311 1502 41 22 den
367 1503 42 21 fria
424 1504 39 21 och
479 1505 40 21 den
534 1504 123 28 tillämpade
673 1505 95 21 konsten
784 1504 68 21 skulle
867 1504 105 20 inhemtas
987 1504 7 21 i

163 1529 129 26 jemnbredd
307 1532 48 21 med
371 1531 120 23 hvarandra
505 1534 32 20 uti
548 1533 43 21 alla
601 1534 86 21 skolans
698 1533 87 21 klasser
795 1532 23 22 af
826 1538 81 16 samma
917 1532 76 27 lärare,
