1078 1764
199 144 40 22 352
454 151 24 17 R.
492 156 18 12 o.
522 152 22 16 A.
559 152 58 18 1888.
633 152 13 17 3
658 152 62 17 Mars.

171 237 55 20 mast
249 235 68 23 skulle
335 236 84 22 komma
441 236 33 22 till
498 237 134 27 anläggning,
654 237 108 27 nämligen
785 237 40 21 den
848 237 89 22 emellan
951 236 45 23 Wi-

169 264 54 27 borg
237 264 40 22 och
287 264 94 22 Joensuu
391 272 75 20 genom
477 266 124 26 Sordavala,
612 266 40 22 den
664 266 91 22 emellan
766 266 97 21 Kouvola
874 266 39 22 och
924 266 73 22 Kotka

171 294 55 20 samt
249 293 40 21 den
311 293 46 21 frän
377 294 64 21 Wasa
455 294 59 22 stads
530 294 95 27 packhus
639 294 33 22 till
688 295 70 21 denna
772 294 59 22 stads
846 294 150 28 hamnbrygga,

170 320 115 22 beräknats
300 321 63 22 kosta
377 322 74 22 inalles
466 323 129 27 22,897,000
610 323 66 21 mark.
706 323 45 21 För
766 323 110 21 utförande
891 323 22 21 af
936 323 61 21 dessa

169 349 221 27 jernvägsbyggnader
412 350 38 22 har
466 351 114 22 beräknats
595 352 50 26 ätgä
660 358 27 15 en
702 352 31 21 tid
750 351 22 22 af
785 352 12 20 5
813 352 30 24 är,
860 351 79 22 hvilket
958 353 39 25 gör

171 379 32 20 ett
224 377 77 29 belopp
324 379 6 21 i
353 386 79 20 pengar
446 380 23 22 af
482 380 98 27 omkring
595 381 48 26 41/,
659 380 99 27 miljoner
773 380 59 22 mark
848 387 34 14 om
897 380 52 27 året,
965 380 32 22 sä-

170 406 58 22 ledes
243 413 46 15 mer
304 409 26 19 än
347 407 87 23 dubbelt
448 410 58 20 emot
521 409 41 21 den
578 415 81 15 summa
671 409 38 27 jag
723 408 54 22 först
792 409 96 21 nämnde.
918 409 43 21 Det
973 410 25 20 är

170 434 34 22 väl
219 439 48 18 sant
283 438 32 19 att
330 436 65 22 dessa.
412 437 129 22 ätminstone
557 438 67 21 under
639 439 62 20 nästa
716 438 143 26 finansperiod
875 437 38 21 och
928 438 6 20 i
950 438 47 20 när-

170 466 67 19 maste
253 464 84 22 framtid
353 465 46 21 icke
414 465 68 22 skulle
497 466 85 22 komma
598 468 31 19 att
644 466 94 27 betunga
754 466 37 20 vär
806 466 79 26 budget
899 466 47 21 med
957 471 40 21 nya

173 492 126 22 annuiteter,
323 499 34 15 om
380 500 49 15 man
445 494 127 22 fränräknar
586 494 27 22 de
628 495 13 21 3
649 495 28 27 %/,
693 494 148 27 obligationer.
858 500 45 16 som
918 494 32 21 till
965 495 32 20 ett

171 520 77 27 belopp
264 521 21 21 af
299 522 64 25 4,000
371 523 42 21 000
429 523 59 21 mark
504 523 68 22 skulle
588 523 107 22 utsändas.
720 524 44 21 Det
778 523 42 21 kan
832 523 62 22 också
904 523 46 21 icke
961 522 35 22 be-

170 549 78 22 stridas
263 552 32 19 att
311 551 40 20 den
365 553 70 25 utväg,
450 558 46 15 som
513 552 39 21 har
562 552 119 27 föreslagits
691 551 33 22 för
735 552 146 21 anskaffandet
891 551 22 22 af
921 551 76 25 medel,

169 577 106 28 nämligen
291 584 25 16 en
332 579 148 28 konvertering
495 581 23 21 af
532 583 76 19 tvenne
624 580 127 27 föregäende
766 580 98 24 statslän,
880 580 35 21 det
937 579 22 22 af
973 581 24 20 är

171 607 56 20 1874
243 607 39 21 och
300 608 51 21 1881
369 608 45 21 från
430 609 50 27 41/,
495 611 89 26 procent
598 609 32 22 till
646 610 20 25 4,
682 609 108 22 eventuelt
805 609 49 27 31/,
873 609 33 26 %/,
930 609 67 21 måste

170 635 8 20 i
193 635 39 22 och
247 635 33 21 för
295 636 32 27 sig
342 636 109 23 betraktas
466 639 69 20 säsom
552 644 26 15 en
593 637 77 28 lycklig
686 637 98 22 finansiel
798 638 82 27 ätgärd.
906 637 49 22 Men
971 637 26 22 dä

170 669 29 16 nu
221 664 69 21 denna
313 665 148 28 konvertering
484 668 24 19 är
530 666 74 21 afsedd
626 668 32 20 att
674 666 125 21 verkställas
814 666 94 26 sälunda,
925 667 31 20 att
971 665 26 22 de

169 693 123 22 nuvarande
307 693 147 23 annuiteterna
469 694 31 22 för
516 695 62 21 dessa
593 697 77 20 tvenne
685 695 42 27 län,
737 695 72 21 hvilka
820 695 69 27 uppgä
899 694 32 22 till
941 701 57 15 sam-

170 720 109 27 manlagdt
296 723 9 20 1
317 722 91 24 628,000
423 723 66 25 mark,
504 723 69 22 skulle
588 723 72 28 läggas
676 723 32 22 till
723 724 70 27 grund
808 723 32 22 för
856 726 29 19 ett
900 725 47 26 nytt
962 723 35 21 län

170 749 47 21 med
233 751 20 26 4,
269 750 107 21 eventuelt
391 751 12 20 3
413 751 27 27 !/,
455 752 28 27 9/,
498 751 99 28 räntefot,
613 753 24 20 sä
646 752 90 21 innebär
754 752 64 26 detta,
836 753 69 20 såsom
920 752 7 21 i
936 757 60 22 prop.

170 777 61 22 äfven
255 777 132 28 framhållits,
412 779 7 21 i
444 780 72 27 sjelfva
538 781 73 21 verket
633 780 147 28 npptagandet
802 781 22 20 af
848 783 30 18 ett
893 782 46 25 nytt
955 780 41 25 lån,

169 805 63 22 hvars
257 806 84 28 belopp,
364 813 33 16 om
419 808 36 27 jag
480 809 46 21 icke
552 809 86 22 förstått
660 809 65 22 saken
747 811 63 24 orätt,
826 809 89 27 troligen
935 809 61 21 kom-

169 840 46 16 mer
230 837 32 19 att
276 835 63 22 ställa
354 836 31 26 sig
400 836 31 21 till
449 838 126 26 14,000,000
591 838 60 21 mark
666 837 84 22 utöfver
765 838 36 21 det
816 837 85 28 kapital,
912 843 45 16 som
968 843 29 15 nu

169 863 93 22 återstår
285 863 96 22 obetaldt
403 865 27 27 på
452 866 61 21 dessa
532 872 81 15 samma
627 866 41 21 lån.
700 866 34 21 Nu
750 868 25 19 är
790 866 36 21 det
840 866 63 21 likväl
918 872 79 21 uppen-

169 890 49 22 bart
239 893 39 24 att,
302 898 34 15 om
359 893 61 22 äfven
443 894 25 21 de
490 894 67 27 årliga
580 895 147 21 annuiteterna
742 901 76 20 genom
834 897 31 19 ett
881 895 66 26 dylikt
961 894 35 21 lån

169 919 47 22 icke
231 921 66 20 varda
311 923 69 20 större
395 924 27 19 än
437 922 26 22 de
478 923 75 22 hittills
569 925 44 22 äro,
629 929 49 16 man
694 923 65 22 likväl
774 923 46 21 icke
834 923 42 21 kan
898 923 99 21 betrakta

169 947 66 23 saken
258 949 30 26 så,
311 950 70 21 såsom
405 951 60 21 detta
486 951 35 22 lån
536 951 47 22 icke
598 951 68 22 skulle
682 951 63 22 hafva
761 952 65 26 något
841 951 114 28 inflytande
970 951 27 27 på

169 976 68 22 finska
252 978 139 22 statsverkets
406 978 110 23 finansiela
526 980 100 27 ställning
636 980 7 21 i
652 980 122 22 framtiden.
801 980 62 21 Först
874 980 39 21 och
923 980 74 21 främst

169 1004 65 22 blifva
257 1012 76 20 genom
358 1007 68 22 denna
448 1008 150 28 konvertering
619 1011 82 19 statens
716 1009 119 21 inkomster
850 1008 84 22 bundna
949 1008 48 22 med

171 1032 98 23 afseende
292 1036 13 20 å
321 1036 158 22 annuiteternas
494 1037 137 21 utbetalande
646 1037 33 21 för
695 1044 25 14 en
736 1037 74 27 längre
826 1037 31 21 tid
871 1037 83 27 framåt,
969 1039 28 19 än

169 1062 52 27 eljes
236 1063 55 21 varit
306 1063 60 27 fallit,
382 1064 39 22 och
436 1065 73 21 vidare
522 1065 72 22 afskär
608 1072 48 15 man
672 1072 77 20 genom
766 1068 32 19 att
812 1072 28 15 nu
856 1066 26 26 på
898 1071 25 15 en
942 1066 55 26 gång

169 1090 128 22 konvertera
312 1092 61 21 dessa
389 1093 66 27 begge
470 1094 34 20 lån
528 1094 32 21 för
575 1094 32 27 sig
622 1094 137 27 möjligheten
776 1096 32 19 att
826 1094 6 20 i
857 1100 25 15 en
903 1093 93 25 framtid,

169 1124 34 16 om
227 1120 70 20 nöden
319 1122 87 26 tränger
429 1122 39 21 och
484 1122 65 22 behof
561 1122 119 28 föreligger,
696 1122 98 27 begagna
809 1122 110 22 enahanda
933 1124 64 25 utväg

169 1146 33 22 för
216 1148 81 22 medels
313 1148 141 23 anskaffande.
480 1150 42 22 Det
538 1157 62 21 synes
615 1151 42 27 mig
672 1157 45 15 som
734 1157 34 15 om
785 1151 36 21 det
836 1150 104 22 måhända
950 1150 47 22 icke

167 1181 51 16 vore
241 1176 47 22 skäl
311 1179 32 19 att
365 1184 28 14 nu
409 1179 27 26 på
452 1185 25 15 en
493 1180 56 26 gång
564 1179 85 27 vidtaga
664 1179 151 27 konvertering
830 1179 22 21 af
866 1179 61 21 dessa
941 1178 56 22 båda

168 1203 42 22 lån.
241 1204 79 28 Många
342 1206 75 22 tecken
439 1207 51 27 tyda
512 1208 106 26 nämligen
634 1208 72 27 derpå,
722 1210 34 19 att
771 1208 7 20 i
794 1214 25 14 en
835 1207 84 21 framtid
934 1208 63 20 stats-

169 1232 85 22 verkets
277 1234 114 26 tillgångar
413 1235 84 22 komma
512 1238 32 19 att
559 1236 91 21 behöfva
665 1236 77 21 anlitas
758 1242 46 16 mer
819 1238 27 19 än
861 1242 34 20 nu,
911 1236 39 21 och
965 1237 33 20 att

167 1261 81 21 medels
264 1262 139 22 anskaffande
419 1263 112 23 framdeles
546 1264 47 22 icke
607 1264 42 22 blir
664 1265 24 21 så
703 1265 47 23 lätt,
766 1271 46 15 som
828 1264 67 21 under
909 1264 26 22 de
951 1266 47 20 när-

167 1292 56 19 mast
238 1289 134 28 föregående,
386 1292 152 26 jemförelsevis
553 1292 90 28 lyckliga
658 1292 202 28 finansperioderna.
891 1293 32 21 En
947 1292 52 22 ärad

167 1317 74 23 talare,
265 1319 33 21 Hr
321 1319 96 27 Leopold
439 1320 111 27 Mechelin,
570 1321 39 21 har
623 1322 66 20 redan
704 1321 36 21 vid
755 1321 166 21 sammanträdet
935 1320 7 21 i
958 1321 41 27 dag

168 1345 77 26 anfört,
261 1347 114 22 huruledes
391 1349 104 26 antagligt
510 1351 24 19 är
544 1352 32 19 att
586 1350 108 27 åtskilliga
703 1350 85 21 skatter
798 1350 85 20 komma
893 1351 32 19 att
935 1348 64 22 fram-

169 1374 58 21 deles
243 1374 98 29 inbringa
357 1377 48 21 vida
421 1377 81 22 mindre
518 1380 26 19 än
560 1378 75 21 hittills
650 1378 55 22 varit
720 1378 66 21 fallet.
817 1372 18 27 Å
851 1378 65 21 andra
938 1378 61 21 sidan

169 1403 68 21 måste
261 1410 48 15 man
328 1405 96 27 återigen
440 1407 50 26 taga
505 1407 8 20 i
527 1407 147 26 betraktande,
691 1409 31 19 att
739 1408 37 20 det
791 1406 136 22 ekonomiska
942 1406 57 26 läget

167 1431 7 20 i
189 1431 73 22 landet
277 1432 47 21 icke
339 1435 25 19 är
379 1434 57 26 godt.
467 1435 40 27 Jag
522 1435 101 22 behöfver
637 1435 47 22 icke
700 1435 71 22 erinra
787 1441 34 15 om
837 1435 39 21 den
887 1434 112 27 betryckta

167 1459 108 32 ställning,
299 1461 60 21 hvari
374 1462 128 27 jordbruket
516 1463 33 21 för
564 1464 132 21 närvarande
711 1463 99 22 befinner
825 1464 36 25 sig.
879 1463 68 21 denna
962 1464 37 19 nä-

167 1493 54 22 ring,
245 1495 46 15 som
315 1490 54 21 dock
393 1493 24 19 är
439 1491 47 25 den,
508 1491 86 22 hvilken
609 1492 33 21 till
657 1493 80 20 största
753 1492 61 21 delen
830 1492 67 21 måste
913 1491 87 27 bidraga

168 1516 32 21 till
223 1517 93 28 fyllande
339 1518 22 21 af
375 1520 138 21 statsverkets
528 1520 70 21 behof.
629 1520 70 22 Också
714 1520 53 22 flera
782 1520 167 26 industrigrenar
964 1519 35 22 be-

167 1544 59 23 finna
241 1547 32 26 sig
288 1547 6 20 i
310 1549 60 19 snart
385 1548 61 27 sagdt
462 1551 31 19 ett
508 1549 240 27 upplösningstillstänä.
781 1548 71 22 Under
867 1548 76 22 sådant
957 1548 42 22 för-
