1075 1759
360 140 24 16 R.
397 145 17 12 o.
427 140 23 16 A.
464 140 59 16 1888.
540 140 13 16 4
565 140 60 16 Febr.
834 134 41 21 143

76 224 40 22 och
131 224 93 26 bespara
238 231 35 15 oss
288 227 95 20 smärtan
398 225 24 21 af
434 227 34 19 att
484 225 65 21 bland
565 226 48 20 dem
629 232 22 15 se
666 226 103 21 utkastad
785 226 41 22 den
841 226 63 20 miss-

76 253 107 20 troendets
199 253 40 22 och
253 254 135 20 missmodets
402 254 81 27 gnista,
501 260 44 15 som
561 254 107 26 upptändt
683 255 26 21 de
719 254 104 28 flammor,
832 254 73 20 hvilka

76 282 7 20 i
98 282 32 20 ett
152 282 39 20 allt
213 284 66 19 annat
301 284 27 19 än
350 282 141 27 fördelaktigt
506 282 41 26 ljus
562 282 46 22 låta
623 289 35 15 oss
677 283 68 21 skåda
760 284 26 20 de
801 284 46 20 inre
861 282 43 21 för-

77 310 130 22 hällandena
221 311 57 21 inom
294 310 49 22 flere
359 311 23 21 af
395 311 101 27 Europas
511 312 74 20 stater.

146 339 50 21 Med
218 339 48 21 stöd
289 340 23 20 af
331 340 57 20 hvad
408 340 37 26 jag
460 340 7 20 i
484 340 37 20 det
545 339 128 27 föregående
688 340 47 22 haft
753 342 52 20 äran
828 338 76 23 anföra

78 367 81 22 tilläter
173 368 36 27 jag
225 368 42 26 mig
281 368 79 21 föreslä
376 374 26 16 en
417 368 135 27 underdänig
567 368 90 26 petition
673 369 84 21 derom:

285 427 31 19 att
337 425 30 21 H.
391 424 31 22 M.
445 424 259 28 Kejsaren-Storfursten
728 425 80 21 täcktes
830 431 76 21 genom

217 460 25 14 en
269 454 30 26 af
322 453 160 28 arbetsgifvare
510 454 38 20 och
573 453 98 21 arbetare
693 453 113 21 bestående
829 452 78 22 komite

217 482 46 20 låta
285 482 99 21 utarbeta
404 482 38 21 och
454 482 46 27 för
515 482 92 20 härnäst
622 482 209 21 sammanträdande
846 483 62 19 stän-

217 510 38 21 der
272 511 130 27 jramlägga
420 510 95 28 förslag
537 517 33 14 om
593 510 71 21 sådan
681 510 140 28 förändring
837 510 30 28 af
876 516 31 14 nu

217 539 103 27 gällande
342 539 131 27 näringslag
496 542 33 18 att
551 538 114 21 arbelarne
678 546 75 20 genom
769 539 30 26 af
810 540 48 20 dem
873 540 36 19 ut-

218 568 63 20 sedde
296 570 173 24 representanter
479 568 62 27 finge
560 568 58 20 inom
634 567 26 21 de
681 568 95 26 officiela
794 567 114 27 yrkesför-

219 597 132 27 eningarnas
362 596 145 28 fullmäktige
518 597 87 27 deltaga
619 597 8 19 i
639 596 41 20 den
691 596 62 21 dessa
764 595 144 29 fullmäktige

219 625 116 27 äliggande
357 625 81 21 vården
461 632 34 14 om
511 625 122 21 industrins
649 625 113 21 allmänna
778 625 132 27 angelägen-

220 654 63 20 heter.

152 711 133 27 Helsingfors
301 711 40 21 den
357 711 24 21 31
398 711 91 21 Januari
505 711 62 21 1888.

402 770 30 20 V.
446 776 22 14 v.
484 770 100 25 Wright.

153 831 134 21 Memorialet
302 832 115 21 bordlades
432 832 33 21 till
480 833 65 20 nästa
559 832 92 26 plenum.

87 982 155 29 Motionsförslag
257 981 97 29 angående
370 981 82 23 vilkoren
468 981 32 23 för
515 981 104 28 beviljande
635 980 20 24 åf
669 980 115 24 koncession
799 978 12 24 &
826 978 87 24 enskilda

369 1015 114 29 jernvägars
503 1015 124 29 anläggande.

154 1074 29 22 Af
204 1074 57 21 Frih.
284 1073 53 21 Edv.
360 1073 131 27 Hisinger
506 1073 55 21 hade
577 1072 112 22 inlemnats
705 1072 39 22 och
759 1070 109 27 föredrogs
884 1075 29 15 nu

86 1104 32 21 ett
132 1104 24 20 sä
170 1102 91 28 lydande
275 1101 182 28 motionsförslag
448 1097 14 37 :

253 1170 40 22 Till
308 1169 120 28 Höglofliga
442 1170 157 27 Ridderskapet
613 1170 39 21 och
668 1169 74 21 Adeln.

376 1227 114 22 Vördsamt
505 1226 119 22 Memorial.

156 1284 142 28 Begagnande
313 1284 42 27 mig
371 1284 22 22 af
406 1284 40 22 den
462 1290 35 16 oss
513 1284 91 26 Nädigst
619 1282 116 22 förunnade
750 1282 163 22 motionsrätten

87 1315 61 25 tager
167 1313 38 27 jag
222 1313 42 27 mig
278 1313 90 21 friheten
384 1315 32 19 att
430 1313 105 27 härjemte
551 1312 116 27 framlägga
682 1313 31 19 ett
728 1310 93 27 Förslag
837 1309 34 32 till
887 1315 27 14 en

86 1342 143 27 Förordning
252 1341 112 27 angående
386 1341 96 21 vilkoren
499 1341 44 26 för
567 1341 122 20 concession
711 1340 14 20 å
739 1338 100 22 enskilda
850 1344 64 20 jern-

87 1372 79 25 vägars
189 1371 162 26 anläggningar
369 1370 8 20 i
396 1370 106 25 Finland;
519 1369 127 22 anhällande
662 1368 100 26 derjemte
778 1368 31 20 att
824 1366 91 22 Ridder-

87 1398 77 28 skapet
179 1399 38 21 och
233 1398 74 24 Ädeln,
323 1398 43 21 ifall
382 1398 58 22 detta
455 1398 124 27 godkännes
595 1398 39 21 och
649 1398 93 26 antages,
758 1395 48 22 ville
825 1394 90 27 inbjuda

88 1427 140 22 Medständen
244 1428 31 20 att
289 1427 32 27 sig
337 1427 73 21 derom
425 1426 80 22 förena.

157 1456 72 21 Skulle
245 1456 45 24 ock,
305 1456 71 21 säsom
392 1461 88 15 numera
495 1457 83 22 väntas,
594 1460 48 16 men
658 1454 26 21 dä
700 1452 155 23 ofvannämnda
869 1451 45 31 lag-

87 1484 80 26 förslag
188 1484 136 22 utarbetades
347 1484 47 22 icke
410 1490 37 15 var
462 1485 33 20 att
510 1483 104 26 förmoda,
631 1488 25 16 en
671 1482 69 26 Nädig
755 1480 135 28 Proposition
906 1484 8 14 i

88 1513 89 21 ärendet
191 1513 84 21 komma
290 1513 32 20 att
337 1512 120 22 Ständerna
467 1512 35 21 vid
514 1513 70 21 denna
594 1511 111 25 Landtdag
715 1510 125 26 föreläggas,
854 1506 60 34 torde

88 1540 36 22 det
147 1541 34 21 väl
199 1541 46 21 icke
260 1546 50 16 vara
325 1540 88 22 alldeles
430 1540 133 28 öfverflödigt
579 1542 32 20 att
626 1540 58 21 detta
699 1538 77 26 förslag
792 1537 22 22 af
825 1535 89 23 Ridder-
