<?xml version="1.0" encoding="UTF-8"?>
<alto xmlns="http://www.loc.gov/standards/alto/ns-v3#" xmlns:xlink="http://www.w3.org/1999/xlink" xmlns:xsi="http://www.w3.org/2001/XMLSchema-instance" xsi:schemaLocation="http://www.loc.gov/standards/alto/ns-v3# http://www.loc.gov/alto/v3/alto-3-0.xsd">
	<Description>
		<MeasurementUnit>pixel</MeasurementUnit>
		<sourceImageInformation>
			<fileName>/tmp/tess_3c7cs027_input.PNG</fileName>
		</sourceImageInformation>
		<OCRProcessing ID="OCR_0">
			<ocrProcessingStep>
				<processingSoftware>
					<softwareName>tesseract 5.3.4</softwareName>
				</processingSoftware>
			</ocrProcessingStep>
		</OCRProcessing>
	</Description>
	<Layout>
		<Page WIDTH="1073" HEIGHT="1756" PHYSICAL_IMG_NR="0" ID="page_0">
			<PrintSpace HPOS="0" VPOS="0" WIDTH="1073" HEIGHT="1756">
				<ComposedBlock ID="cblock_0" HPOS="317" VPOS="121" WIDTH="555" HEIGHT="23">
					<TextBlock ID="block_0" HPOS="317" VPOS="121" WIDTH="555" HEIGHT="23">
						<TextLine ID="line_0" HPOS="317" VPOS="121" WIDTH="555" HEIGHT="23">
							<String ID="string_0" HPOS="317" VPOS="127" WIDTH="25" HEIGHT="17" WC="0.96" CONTENT="R."/><SP WIDTH="13" VPOS="127" HPOS="342"/>
							<String ID="string_1" HPOS="355" VPOS="132" WIDTH="18" HEIGHT="12" WC="0.88" CONTENT="o."/><SP WIDTH="12" VPOS="132" HPOS="373"/>
							<String ID="string_2" HPOS="385" VPOS="128" WIDTH="23" HEIGHT="16" WC="0.93" CONTENT="A."/><SP WIDTH="15" VPOS="128" HPOS="408"/>
							<String ID="string_3" HPOS="423" VPOS="127" WIDTH="59" HEIGHT="17" WC="0.94" CONTENT="1888."/><SP WIDTH="20" VPOS="127" HPOS="482"/>
							<String ID="string_4" HPOS="502" VPOS="127" WIDTH="14" HEIGHT="16" WC="0.93" CONTENT="4"/><SP WIDTH="12" VPOS="127" HPOS="516"/>
							<String ID="string_5" HPOS="528" VPOS="126" WIDTH="59" HEIGHT="18" WC="0.89" CONTENT="Febr."/><SP WIDTH="245" VPOS="126" HPOS="587"/>
							<String ID="string_6" HPOS="832" VPOS="121" WIDTH="40" HEIGHT="21" WC="0.96" CONTENT="103"/>
						</TextLine>
					</TextBlock>
				</ComposedBlock>
				<GraphicalElement ID="cblock_1" HPOS="75" VPOS="167" WIDTH="805" HEIGHT="4"></GraphicalElement >
				<ComposedBlock ID="cblock_2" HPOS="73" VPOS="212" WIDTH="831" HEIGHT="597">
					<TextBlock ID="block_1" HPOS="73" VPOS="212" WIDTH="831" HEIGHT="597">
						<TextLine ID="line_1" HPOS="74" VPOS="212" WIDTH="826" HEIGHT="26">
							<String ID="string_7" HPOS="74" VPOS="212" WIDTH="41" HEIGHT="21" WC="0.96" CONTENT="den"/><SP WIDTH="15" VPOS="212" HPOS="115"/>
							<String ID="string_8" HPOS="130" VPOS="212" WIDTH="22" HEIGHT="21" WC="0.92" CONTENT="af"/><SP WIDTH="13" VPOS="212" HPOS="152"/>
							<String ID="string_9" HPOS="165" VPOS="212" WIDTH="56" HEIGHT="20" WC="0.85" CONTENT="Frih."/><SP WIDTH="17" VPOS="212" HPOS="221"/>
							<String ID="string_10" HPOS="238" VPOS="212" WIDTH="100" HEIGHT="26" WC="0.92" CONTENT="Hisinger"/><SP WIDTH="15" VPOS="212" HPOS="338"/>
							<String ID="string_11" HPOS="353" VPOS="212" WIDTH="124" HEIGHT="26" WC="0.96" CONTENT="åberopade"/><SP WIDTH="15" VPOS="212" HPOS="477"/>
							<String ID="string_12" HPOS="492" VPOS="212" WIDTH="13" HEIGHT="20" WC="0.96" CONTENT="2"/><SP WIDTH="15" VPOS="212" HPOS="505"/>
							<String ID="string_13" HPOS="520" VPOS="213" WIDTH="14" HEIGHT="25" WC="0.82" CONTENT="8"/><SP WIDTH="15" VPOS="213" HPOS="534"/>
							<String ID="string_14" HPOS="549" VPOS="212" WIDTH="8" HEIGHT="20" WC="0.93" CONTENT="i"/><SP WIDTH="14" VPOS="212" HPOS="557"/>
							<String ID="string_15" HPOS="571" VPOS="212" WIDTH="158" HEIGHT="21" WC="0.96" CONTENT="instruktionen"/><SP WIDTH="15" VPOS="212" HPOS="729"/>
							<String ID="string_16" HPOS="744" VPOS="212" WIDTH="33" HEIGHT="22" WC="0.93" CONTENT="för"/><SP WIDTH="19" VPOS="212" HPOS="777"/>
							<String ID="string_17" HPOS="796" VPOS="214" WIDTH="104" HEIGHT="19" WC="0.92" CONTENT="meteoro-"/>
						</TextLine>
						<TextLine ID="line_2" HPOS="73" VPOS="240" WIDTH="827" HEIGHT="28">
							<String ID="string_18" HPOS="73" VPOS="240" WIDTH="83" HEIGHT="26" WC="0.92" CONTENT="logiska"/><SP WIDTH="14" VPOS="240" HPOS="156"/>
							<String ID="string_19" HPOS="170" VPOS="240" WIDTH="190" HEIGHT="22" WC="0.91" CONTENT="centralanstalten"/><SP WIDTH="15" VPOS="240" HPOS="360"/>
							<String ID="string_20" HPOS="375" VPOS="240" WIDTH="24" HEIGHT="21" WC="0.96" CONTENT="af"/><SP WIDTH="12" VPOS="240" HPOS="399"/>
							<String ID="string_21" HPOS="411" VPOS="241" WIDTH="42" HEIGHT="21" WC="0.96" CONTENT="den"/><SP WIDTH="16" VPOS="241" HPOS="453"/>
							<String ID="string_22" HPOS="469" VPOS="241" WIDTH="27" HEIGHT="20" WC="0.96" CONTENT="27"/><SP WIDTH="15" VPOS="241" HPOS="496"/>
							<String ID="string_23" HPOS="511" VPOS="240" WIDTH="49" HEIGHT="22" WC="0.96" CONTENT="Jan."/><SP WIDTH="17" VPOS="240" HPOS="560"/>
							<String ID="string_24" HPOS="577" VPOS="241" WIDTH="55" HEIGHT="21" WC="0.93" CONTENT="1882"/><SP WIDTH="15" VPOS="241" HPOS="632"/>
							<String ID="string_25" HPOS="647" VPOS="240" WIDTH="118" HEIGHT="22" WC="0.96" CONTENT="innehåller"/><SP WIDTH="15" VPOS="240" HPOS="765"/>
							<String ID="string_26" HPOS="780" VPOS="240" WIDTH="8" HEIGHT="21" WC="0.93" CONTENT="i"/><SP WIDTH="20" VPOS="240" HPOS="788"/>
							<String ID="string_27" HPOS="808" VPOS="240" WIDTH="57" HEIGHT="28" WC="0.91" CONTENT="$:ens"/><SP WIDTH="22" VPOS="240" HPOS="865"/>
							<String ID="string_28" HPOS="887" VPOS="241" WIDTH="13" HEIGHT="20" WC="0.96" CONTENT="3"/>
						</TextLine>
						<TextLine ID="line_3" HPOS="74" VPOS="268" WIDTH="826" HEIGHT="28">
							<String ID="string_29" HPOS="74" VPOS="274" WIDTH="62" HEIGHT="16" WC="0.95" CONTENT="mom."/><SP WIDTH="25" VPOS="274" HPOS="136"/>
							<String ID="string_30" HPOS="161" VPOS="270" WIDTH="46" HEIGHT="24" WC="0.27" CONTENT="att"/><SP WIDTH="22" VPOS="270" HPOS="207"/>
							<String ID="string_31" HPOS="229" VPOS="268" WIDTH="96" HEIGHT="22" WC="0.96" CONTENT="direktor"/><SP WIDTH="24" VPOS="268" HPOS="325"/>
							<String ID="string_32" HPOS="349" VPOS="268" WIDTH="80" HEIGHT="27" WC="0.96" CONTENT="åligger"/><SP WIDTH="24" VPOS="268" HPOS="429"/>
							<String ID="string_33" HPOS="453" VPOS="270" WIDTH="33" HEIGHT="20" WC="0.96" CONTENT="att"/><SP WIDTH="22" VPOS="270" HPOS="486"/>
							<String ID="string_34" HPOS="508" VPOS="269" WIDTH="7" HEIGHT="21" WC="0.96" CONTENT="i"/><SP WIDTH="19" VPOS="269" HPOS="515"/>
							<String ID="string_35" HPOS="534" VPOS="269" WIDTH="41" HEIGHT="21" WC="0.96" CONTENT="den"/><SP WIDTH="15" VPOS="269" HPOS="575"/>
							<String ID="string_36" HPOS="590" VPOS="269" WIDTH="49" HEIGHT="21" WC="0.93" CONTENT="män"/><SP WIDTH="15" VPOS="269" HPOS="639"/>
							<String ID="string_37" HPOS="654" VPOS="269" WIDTH="246" HEIGHT="27" WC="0.92" CONTENT="vetenskapssocieteten"/>
						</TextLine>
						<TextLine ID="line_4" HPOS="74" VPOS="296" WIDTH="830" HEIGHT="28">
							<String ID="string_38" HPOS="74" VPOS="296" WIDTH="68" HEIGHT="22" WC="0.96" CONTENT="finner"/><SP WIDTH="15" VPOS="296" HPOS="142"/>
							<String ID="string_39" HPOS="157" VPOS="297" WIDTH="210" HEIGHT="27" WC="0.96" CONTENT="omständigheterna"/><SP WIDTH="15" VPOS="297" HPOS="367"/>
							<String ID="string_40" HPOS="382" VPOS="297" WIDTH="79" HEIGHT="21" WC="0.96" CONTENT="sådant"/><SP WIDTH="22" VPOS="297" HPOS="461"/>
							<String ID="string_41" HPOS="483" VPOS="297" WIDTH="94" HEIGHT="27" WC="0.96" CONTENT="påkalla,"/><SP WIDTH="23" VPOS="297" HPOS="577"/>
							<String ID="string_42" HPOS="600" VPOS="298" WIDTH="121" HEIGHT="26" WC="0.93" CONTENT="ombesörja"/><SP WIDTH="22" VPOS="298" HPOS="721"/>
							<String ID="string_43" HPOS="743" VPOS="297" WIDTH="161" HEIGHT="22" WC="0.47" CONTENT="bearbetandet"/>
						</TextLine>
						<TextLine ID="line_5" HPOS="74" VPOS="325" WIDTH="826" HEIGHT="27">
							<String ID="string_44" HPOS="74" VPOS="325" WIDTH="24" HEIGHT="22" WC="0.96" CONTENT="af"/><SP WIDTH="13" VPOS="325" HPOS="98"/>
							<String ID="string_45" HPOS="111" VPOS="326" WIDTH="35" HEIGHT="21" WC="0.93" CONTENT="det"/><SP WIDTH="15" VPOS="326" HPOS="146"/>
							<String ID="string_46" HPOS="161" VPOS="326" WIDTH="253" HEIGHT="23" WC="0.91" CONTENT="observationsmaterial,"/><SP WIDTH="15" VPOS="326" HPOS="414"/>
							<String ID="string_47" HPOS="429" VPOS="332" WIDTH="47" HEIGHT="15" WC="0.96" CONTENT="som"/><SP WIDTH="16" VPOS="332" HPOS="476"/>
							<String ID="string_48" HPOS="492" VPOS="326" WIDTH="69" HEIGHT="21" WC="0.96" CONTENT="under"/><SP WIDTH="18" VPOS="326" HPOS="561"/>
							<String ID="string_49" HPOS="579" VPOS="332" WIDTH="26" HEIGHT="15" WC="0.94" CONTENT="en"/><SP WIDTH="22" VPOS="332" HPOS="605"/>
							<String ID="string_50" HPOS="627" VPOS="326" WIDTH="128" HEIGHT="26" WC="0.94" CONTENT="föregående"/><SP WIDTH="22" VPOS="326" HPOS="755"/>
							<String ID="string_51" HPOS="777" VPOS="326" WIDTH="31" HEIGHT="22" WC="0.96" CONTENT="tid"/><SP WIDTH="23" VPOS="326" HPOS="808"/>
							<String ID="string_52" HPOS="831" VPOS="325" WIDTH="69" HEIGHT="22" WC="0.89" CONTENT="blifvit"/>
						</TextLine>
						<TextLine ID="line_6" HPOS="74" VPOS="354" WIDTH="826" HEIGHT="28">
							<String ID="string_53" HPOS="74" VPOS="354" WIDTH="35" HEIGHT="21" WC="0.96" CONTENT="vid"/><SP WIDTH="23" VPOS="354" HPOS="109"/>
							<String ID="string_54" HPOS="132" VPOS="355" WIDTH="107" HEIGHT="20" WC="0.92" CONTENT="anstalten"/><SP WIDTH="22" VPOS="355" HPOS="239"/>
							<String ID="string_55" HPOS="261" VPOS="354" WIDTH="114" HEIGHT="23" WC="0.32" CONTENT="samladt&#39;,"/><SP WIDTH="24" VPOS="354" HPOS="375"/>
							<String ID="string_56" HPOS="399" VPOS="356" WIDTH="56" HEIGHT="20" WC="0.93" CONTENT="samt"/><SP WIDTH="22" VPOS="356" HPOS="455"/>
							<String ID="string_57" HPOS="477" VPOS="354" WIDTH="252" HEIGHT="27" WC="0.92" CONTENT="vetenskapssocieteten,"/><SP WIDTH="24" VPOS="354" HPOS="729"/>
							<String ID="string_58" HPOS="753" VPOS="355" WIDTH="66" HEIGHT="27" WC="0.96" CONTENT="enligt"/><SP WIDTH="24" VPOS="355" HPOS="819"/>
							<String ID="string_59" HPOS="843" VPOS="354" WIDTH="57" HEIGHT="22" WC="0.96" CONTENT="hvad"/>
						</TextLine>
						<TextLine ID="line_7" HPOS="74" VPOS="382" WIDTH="826" HEIGHT="28">
							<String ID="string_60" HPOS="74" VPOS="382" WIDTH="67" HEIGHT="22" WC="0.96" CONTENT="kändt"/><SP WIDTH="15" VPOS="382" HPOS="141"/>
							<String ID="string_61" HPOS="156" VPOS="385" WIDTH="30" HEIGHT="24" WC="0.93" CONTENT="är,"/><SP WIDTH="16" VPOS="385" HPOS="186"/>
							<String ID="string_62" HPOS="202" VPOS="382" WIDTH="110" HEIGHT="27" WC="0.92" CONTENT="medgifvit"/><SP WIDTH="15" VPOS="382" HPOS="312"/>
							<String ID="string_63" HPOS="327" VPOS="383" WIDTH="112" HEIGHT="21" WC="0.92" CONTENT="direktorn"/><SP WIDTH="16" VPOS="383" HPOS="439"/>
							<String ID="string_64" HPOS="455" VPOS="384" WIDTH="33" HEIGHT="20" WC="0.96" CONTENT="att"/><SP WIDTH="15" VPOS="384" HPOS="488"/>
							<String ID="string_65" HPOS="503" VPOS="383" WIDTH="35" HEIGHT="21" WC="0.97" CONTENT="vid"/><SP WIDTH="17" VPOS="383" HPOS="538"/>
							<String ID="string_66" HPOS="555" VPOS="384" WIDTH="59" HEIGHT="20" WC="0.96" CONTENT="sidan"/><SP WIDTH="17" VPOS="384" HPOS="614"/>
							<String ID="string_67" HPOS="631" VPOS="383" WIDTH="22" HEIGHT="21" WC="0.96" CONTENT="af"/><SP WIDTH="14" VPOS="383" HPOS="653"/>
							<String ID="string_68" HPOS="667" VPOS="383" WIDTH="31" HEIGHT="21" WC="0.93" CONTENT="sin"/><SP WIDTH="13" VPOS="383" HPOS="698"/>
							<String ID="string_69" HPOS="711" VPOS="383" WIDTH="66" HEIGHT="27" WC="0.92" CONTENT="tjenst"/><SP WIDTH="9" VPOS="383" HPOS="777"/>
							<String ID="string_70" HPOS="786" VPOS="382" WIDTH="114" HEIGHT="23" WC="0.92" CONTENT="innehafva"/>
						</TextLine>
						<TextLine ID="line_8" HPOS="74" VPOS="411" WIDTH="826" HEIGHT="27">
							<String ID="string_71" HPOS="74" VPOS="418" WIDTH="27" HEIGHT="14" WC="0.95" CONTENT="en"/><SP WIDTH="15" VPOS="418" HPOS="101"/>
							<String ID="string_72" HPOS="116" VPOS="418" WIDTH="75" HEIGHT="19" WC="0.95" CONTENT="annan,"/><SP WIDTH="16" VPOS="418" HPOS="191"/>
							<String ID="string_73" HPOS="207" VPOS="411" WIDTH="83" HEIGHT="27" WC="0.93" CONTENT="ganska"/><SP WIDTH="14" VPOS="411" HPOS="290"/>
							<String ID="string_74" HPOS="304" VPOS="411" WIDTH="127" HEIGHT="27" WC="0.92" CONTENT="arbetsdryg"/><SP WIDTH="15" VPOS="411" HPOS="431"/>
							<String ID="string_75" HPOS="446" VPOS="412" WIDTH="127" HEIGHT="26" WC="0.91" CONTENT="befattning,"/><SP WIDTH="17" VPOS="412" HPOS="573"/>
							<String ID="string_76" HPOS="590" VPOS="412" WIDTH="42" HEIGHT="20" WC="0.96" CONTENT="kan"/><SP WIDTH="13" VPOS="412" HPOS="632"/>
							<String ID="string_77" HPOS="645" VPOS="412" WIDTH="37" HEIGHT="26" WC="0.93" CONTENT="jag"/><SP WIDTH="14" VPOS="412" HPOS="682"/>
							<String ID="string_78" HPOS="696" VPOS="412" WIDTH="47" HEIGHT="21" WC="0.93" CONTENT="icke"/><SP WIDTH="15" VPOS="412" HPOS="743"/>
							<String ID="string_79" HPOS="758" VPOS="411" WIDTH="58" HEIGHT="21" WC="0.96" CONTENT="finna"/><SP WIDTH="18" VPOS="411" HPOS="816"/>
							<String ID="string_80" HPOS="834" VPOS="413" WIDTH="66" HEIGHT="20" WC="0.96" CONTENT="annat"/>
						</TextLine>
						<TextLine ID="line_9" HPOS="74" VPOS="439" WIDTH="826" HEIGHT="27">
							<String ID="string_81" HPOS="74" VPOS="441" WIDTH="28" HEIGHT="20" WC="0.96" CONTENT="än"/><SP WIDTH="15" VPOS="441" HPOS="102"/>
							<String ID="string_82" HPOS="117" VPOS="441" WIDTH="32" HEIGHT="20" WC="0.93" CONTENT="att"/><SP WIDTH="14" VPOS="441" HPOS="149"/>
							<String ID="string_83" HPOS="163" VPOS="440" WIDTH="58" HEIGHT="21" WC="0.91" CONTENT="Frih."/><SP WIDTH="16" VPOS="440" HPOS="221"/>
							<String ID="string_84" HPOS="237" VPOS="439" WIDTH="110" HEIGHT="27" WC="0.92" CONTENT="Hisingers"/><SP WIDTH="11" VPOS="439" HPOS="347"/>
							<String ID="string_85" HPOS="358" VPOS="440" WIDTH="215" HEIGHT="26" WC="0.41" CONTENT="petitionsmemorial"/><SP WIDTH="9" VPOS="440" HPOS="573"/>
							<String ID="string_86" HPOS="582" VPOS="440" WIDTH="117" HEIGHT="21" WC="0.96" CONTENT="innefattar"/><SP WIDTH="10" VPOS="440" HPOS="699"/>
							<String ID="string_87" HPOS="709" VPOS="442" WIDTH="32" HEIGHT="19" WC="0.93" CONTENT="ett"/><SP WIDTH="11" VPOS="442" HPOS="741"/>
							<String ID="string_88" HPOS="752" VPOS="440" WIDTH="148" HEIGHT="21" WC="0.92" CONTENT="misstroende-"/>
						</TextLine>
						<TextLine ID="line_10" HPOS="76" VPOS="468" WIDTH="824" HEIGHT="27">
							<String ID="string_89" HPOS="76" VPOS="470" WIDTH="72" HEIGHT="20" WC="0.92" CONTENT="votum"/><SP WIDTH="25" VPOS="470" HPOS="148"/>
							<String ID="string_90" HPOS="173" VPOS="469" WIDTH="58" HEIGHT="20" WC="0.93" CONTENT="emot"/><SP WIDTH="24" VPOS="469" HPOS="231"/>
							<String ID="string_91" HPOS="255" VPOS="468" WIDTH="258" HEIGHT="27" WC="0.92" CONTENT="Vetenskapssocieteten,"/><SP WIDTH="23" VPOS="468" HPOS="513"/>
							<String ID="string_92" HPOS="536" VPOS="468" WIDTH="100" HEIGHT="21" WC="0.92" CONTENT="hvarföre"/><SP WIDTH="23" VPOS="468" HPOS="636"/>
							<String ID="string_93" HPOS="659" VPOS="468" WIDTH="40" HEIGHT="21" WC="0.96" CONTENT="och"/><SP WIDTH="15" VPOS="468" HPOS="699"/>
							<String ID="string_94" HPOS="714" VPOS="468" WIDTH="27" HEIGHT="21" WC="0.93" CONTENT="dä"/><SP WIDTH="16" VPOS="468" HPOS="741"/>
							<String ID="string_95" HPOS="757" VPOS="468" WIDTH="143" HEIGHT="27" WC="0.92" CONTENT="Vetenskaps-"/>
						</TextLine>
						<TextLine ID="line_11" HPOS="74" VPOS="495" WIDTH="826" HEIGHT="29">
							<String ID="string_96" HPOS="74" VPOS="497" WIDTH="116" HEIGHT="21" WC="0.92" CONTENT="societeten"/><SP WIDTH="16" VPOS="497" HPOS="190"/>
							<String ID="string_97" HPOS="206" VPOS="496" WIDTH="23" HEIGHT="21" WC="0.93" CONTENT="af"/><SP WIDTH="13" VPOS="496" HPOS="229"/>
							<String ID="string_98" HPOS="242" VPOS="497" WIDTH="57" HEIGHT="26" WC="0.92" CONTENT="Kejs."/><SP WIDTH="17" VPOS="497" HPOS="299"/>
							<String ID="string_99" HPOS="316" VPOS="495" WIDTH="93" HEIGHT="22" WC="0.92" CONTENT="Senaten"/><SP WIDTH="16" VPOS="495" HPOS="409"/>
							<String ID="string_100" HPOS="425" VPOS="496" WIDTH="86" HEIGHT="22" WC="0.92" CONTENT="erhällit"/><SP WIDTH="15" VPOS="496" HPOS="511"/>
							<String ID="string_101" HPOS="526" VPOS="497" WIDTH="7" HEIGHT="20" WC="0.93" CONTENT="i"/><SP WIDTH="16" VPOS="497" HPOS="533"/>
							<String ID="string_102" HPOS="549" VPOS="497" WIDTH="97" HEIGHT="27" WC="0.92" CONTENT="uppdrag"/><SP WIDTH="15" VPOS="497" HPOS="646"/>
							<String ID="string_103" HPOS="661" VPOS="497" WIDTH="73" HEIGHT="26" WC="0.96" CONTENT="att,"/><SP WIDTH="-23" VPOS="497" HPOS="734"/>
							<String ID="string_104" HPOS="711" VPOS="491" WIDTH="22" HEIGHT="37" WC="0.96" CONTENT="pä"/><SP WIDTH="12" VPOS="491" HPOS="733"/>
							<String ID="string_105" HPOS="745" VPOS="498" WIDTH="43" HEIGHT="19" WC="0.93" CONTENT="sätt"/><SP WIDTH="12" VPOS="498" HPOS="788"/>
							<String ID="string_106" HPOS="800" VPOS="497" WIDTH="100" HEIGHT="21" WC="0.89" CONTENT="Direktor"/>
						</TextLine>
						<TextLine ID="line_12" HPOS="74" VPOS="525" WIDTH="826" HEIGHT="27">
							<String ID="string_107" HPOS="74" VPOS="525" WIDTH="157" HEIGHT="21" WC="0.93" CONTENT="Nordenskiöld"/><SP WIDTH="23" VPOS="525" HPOS="231"/>
							<String ID="string_108" HPOS="254" VPOS="531" WIDTH="50" HEIGHT="21" WC="0.92" CONTENT="nyss"/><SP WIDTH="22" VPOS="531" HPOS="304"/>
							<String ID="string_109" HPOS="326" VPOS="525" WIDTH="87" HEIGHT="26" WC="0.91" CONTENT="anmält,"/><SP WIDTH="22" VPOS="525" HPOS="413"/>
							<String ID="string_110" HPOS="435" VPOS="526" WIDTH="59" HEIGHT="21" WC="0.93" CONTENT="inom"/><SP WIDTH="22" VPOS="526" HPOS="494"/>
							<String ID="string_111" HPOS="516" VPOS="525" WIDTH="110" HEIGHT="27" WC="0.91" CONTENT="utgängen"/><SP WIDTH="20" VPOS="525" HPOS="626"/>
							<String ID="string_112" HPOS="646" VPOS="525" WIDTH="22" HEIGHT="22" WC="0.96" CONTENT="af"/><SP WIDTH="14" VPOS="525" HPOS="668"/>
							<String ID="string_113" HPOS="682" VPOS="525" WIDTH="59" HEIGHT="22" WC="0.96" CONTENT="detta"/><SP WIDTH="15" VPOS="525" HPOS="741"/>
							<String ID="string_114" HPOS="756" VPOS="525" WIDTH="24" HEIGHT="21" WC="0.97" CONTENT="är"/><SP WIDTH="15" VPOS="525" HPOS="780"/>
							<String ID="string_115" HPOS="795" VPOS="525" WIDTH="32" HEIGHT="22" WC="0.93" CONTENT="till"/><SP WIDTH="15" VPOS="525" HPOS="827"/>
							<String ID="string_116" HPOS="842" VPOS="525" WIDTH="58" HEIGHT="26" WC="0.93" CONTENT="Kejs."/>
						</TextLine>
						<TextLine ID="line_13" HPOS="75" VPOS="553" WIDTH="826" HEIGHT="28">
							<String ID="string_117" HPOS="75" VPOS="553" WIDTH="93" HEIGHT="22" WC="0.91" CONTENT="Senaten"/><SP WIDTH="15" VPOS="553" HPOS="168"/>
							<String ID="string_118" HPOS="183" VPOS="553" WIDTH="108" HEIGHT="22" WC="0.92" CONTENT="inkomma"/><SP WIDTH="15" VPOS="553" HPOS="291"/>
							<String ID="string_119" HPOS="306" VPOS="554" WIDTH="48" HEIGHT="21" WC="0.96" CONTENT="med"/><SP WIDTH="15" VPOS="554" HPOS="354"/>
							<String ID="string_120" HPOS="369" VPOS="554" WIDTH="80" HEIGHT="27" WC="0.96" CONTENT="förslag"/><SP WIDTH="16" VPOS="554" HPOS="449"/>
							<String ID="string_121" HPOS="465" VPOS="554" WIDTH="33" HEIGHT="21" WC="0.93" CONTENT="till"/><SP WIDTH="16" VPOS="554" HPOS="498"/>
							<String ID="string_122" HPOS="514" VPOS="554" WIDTH="116" HEIGHT="21" WC="0.92" CONTENT="förändrad"/><SP WIDTH="19" VPOS="554" HPOS="630"/>
							<String ID="string_123" HPOS="649" VPOS="554" WIDTH="145" HEIGHT="27" WC="0.96" CONTENT="organisation"/><SP WIDTH="22" VPOS="554" HPOS="794"/>
							<String ID="string_124" HPOS="816" VPOS="553" WIDTH="23" HEIGHT="22" WC="0.96" CONTENT="af"/><SP WIDTH="20" VPOS="553" HPOS="839"/>
							<String ID="string_125" HPOS="859" VPOS="554" WIDTH="42" HEIGHT="21" WC="0.96" CONTENT="den"/>
						</TextLine>
						<TextLine ID="line_14" HPOS="74" VPOS="582" WIDTH="826" HEIGHT="27">
							<String ID="string_126" HPOS="74" VPOS="582" WIDTH="179" HEIGHT="27" WC="0.92" CONTENT="meteorologiska"/><SP WIDTH="15" VPOS="582" HPOS="253"/>
							<String ID="string_127" HPOS="268" VPOS="583" WIDTH="197" HEIGHT="26" WC="0.92" CONTENT="centralanstalten,"/><SP WIDTH="17" VPOS="583" HPOS="465"/>
							<String ID="string_128" HPOS="482" VPOS="583" WIDTH="82" HEIGHT="20" WC="0.93" CONTENT="hvilket"/><SP WIDTH="15" VPOS="583" HPOS="564"/>
							<String ID="string_129" HPOS="579" VPOS="583" WIDTH="80" HEIGHT="26" WC="0.93" CONTENT="förslag"/><SP WIDTH="20" VPOS="583" HPOS="659"/>
							<String ID="string_130" HPOS="679" VPOS="583" WIDTH="78" HEIGHT="26" WC="0.93" CONTENT="jemväl"/><SP WIDTH="22" VPOS="583" HPOS="757"/>
							<String ID="string_131" HPOS="779" VPOS="583" WIDTH="41" HEIGHT="20" WC="0.92" CONTENT="bör"/><SP WIDTH="21" VPOS="583" HPOS="820"/>
							<String ID="string_132" HPOS="841" VPOS="582" WIDTH="59" HEIGHT="21" WC="0.91" CONTENT="inne-"/>
						</TextLine>
						<TextLine ID="line_15" HPOS="73" VPOS="610" WIDTH="829" HEIGHT="28">
							<String ID="string_133" HPOS="73" VPOS="610" WIDTH="56" HEIGHT="22" WC="0.93" CONTENT="fatta"/><SP WIDTH="13" VPOS="610" HPOS="129"/>
							<String ID="string_134" HPOS="142" VPOS="611" WIDTH="92" HEIGHT="21" WC="0.92" CONTENT="förökad"/><SP WIDTH="15" VPOS="611" HPOS="234"/>
							<String ID="string_135" HPOS="249" VPOS="612" WIDTH="43" HEIGHT="19" WC="0.96" CONTENT="stat"/><SP WIDTH="15" VPOS="612" HPOS="292"/>
							<String ID="string_136" HPOS="307" VPOS="611" WIDTH="33" HEIGHT="21" WC="0.93" CONTENT="för"/><SP WIDTH="15" VPOS="611" HPOS="340"/>
							<String ID="string_137" HPOS="355" VPOS="611" WIDTH="114" HEIGHT="26" WC="0.88" CONTENT="anstalten,"/><SP WIDTH="17" VPOS="611" HPOS="469"/>
							<String ID="string_138" HPOS="486" VPOS="613" WIDTH="57" HEIGHT="19" WC="0.93" CONTENT="samt"/><SP WIDTH="10" VPOS="613" HPOS="543"/>
							<String ID="string_139" HPOS="553" VPOS="611" WIDTH="250" HEIGHT="27" WC="0.92" CONTENT="Vetenskapssocieteten"/><SP WIDTH="8" VPOS="611" HPOS="803"/>
							<String ID="string_140" HPOS="811" VPOS="611" WIDTH="91" HEIGHT="21" WC="0.92" CONTENT="sälunda"/>
						</TextLine>
						<TextLine ID="line_16" HPOS="76" VPOS="639" WIDTH="823" HEIGHT="27">
							<String ID="string_141" HPOS="76" VPOS="639" WIDTH="60" HEIGHT="21" WC="0.96" CONTENT="torde"/><SP WIDTH="16" VPOS="639" HPOS="136"/>
							<String ID="string_142" HPOS="152" VPOS="639" WIDTH="57" HEIGHT="21" WC="0.93" CONTENT="finna"/><SP WIDTH="15" VPOS="639" HPOS="209"/>
							<String ID="string_143" HPOS="224" VPOS="641" WIDTH="89" HEIGHT="25" WC="0.92" CONTENT="utvägar"/><SP WIDTH="15" VPOS="641" HPOS="313"/>
							<String ID="string_144" HPOS="328" VPOS="641" WIDTH="39" HEIGHT="24" WC="0.93" CONTENT="att,"/><SP WIDTH="16" VPOS="641" HPOS="367"/>
							<String ID="string_145" HPOS="383" VPOS="639" WIDTH="61" HEIGHT="22" WC="0.96" CONTENT="äfven"/><SP WIDTH="15" VPOS="639" HPOS="444"/>
							<String ID="string_146" HPOS="459" VPOS="641" WIDTH="53" HEIGHT="20" WC="0.93" CONTENT="utan"/><SP WIDTH="15" VPOS="641" HPOS="512"/>
							<String ID="string_147" HPOS="527" VPOS="640" WIDTH="102" HEIGHT="21" WC="0.96" CONTENT="särskildt"/><SP WIDTH="16" VPOS="640" HPOS="629"/>
							<String ID="string_148" HPOS="645" VPOS="640" WIDTH="74" HEIGHT="26" WC="0.96" CONTENT="anslag"/><SP WIDTH="10" VPOS="640" HPOS="719"/>
							<String ID="string_149" HPOS="729" VPOS="640" WIDTH="33" HEIGHT="21" WC="0.93" CONTENT="för"/><SP WIDTH="10" VPOS="640" HPOS="762"/>
							<String ID="string_150" HPOS="772" VPOS="639" WIDTH="127" HEIGHT="26" WC="0.96" CONTENT="ändamålet,"/>
						</TextLine>
						<TextLine ID="line_17" HPOS="74" VPOS="667" WIDTH="827" HEIGHT="28">
							<String ID="string_151" HPOS="74" VPOS="667" WIDTH="121" HEIGHT="28" WC="0.91" CONTENT="ombesörja"/><SP WIDTH="14" VPOS="667" HPOS="195"/>
							<String ID="string_152" HPOS="209" VPOS="668" WIDTH="138" HEIGHT="27" WC="0.92" CONTENT="tryckningen"/><SP WIDTH="16" VPOS="668" HPOS="347"/>
							<String ID="string_153" HPOS="363" VPOS="668" WIDTH="40" HEIGHT="21" WC="0.93" CONTENT="och"/><SP WIDTH="15" VPOS="668" HPOS="403"/>
							<String ID="string_154" HPOS="418" VPOS="668" WIDTH="157" HEIGHT="21" WC="0.92" CONTENT="bearbetandet"/><SP WIDTH="15" VPOS="668" HPOS="575"/>
							<String ID="string_155" HPOS="590" VPOS="669" WIDTH="23" HEIGHT="20" WC="0.96" CONTENT="af"/><SP WIDTH="12" VPOS="669" HPOS="613"/>
							<String ID="string_156" HPOS="625" VPOS="675" WIDTH="29" HEIGHT="14" WC="0.93" CONTENT="nu"/><SP WIDTH="14" VPOS="675" HPOS="654"/>
							<String ID="string_157" HPOS="668" VPOS="668" WIDTH="148" HEIGHT="27" WC="0.92" CONTENT="ifrägakomna"/><SP WIDTH="18" VPOS="668" HPOS="816"/>
							<String ID="string_158" HPOS="834" VPOS="669" WIDTH="67" HEIGHT="20" WC="0.90" CONTENT="mate-"/>
						</TextLine>
						<TextLine ID="line_18" HPOS="75" VPOS="696" WIDTH="826" HEIGHT="27">
							<String ID="string_159" HPOS="75" VPOS="696" WIDTH="47" HEIGHT="26" WC="0.92" CONTENT="rial,"/><SP WIDTH="15" VPOS="696" HPOS="122"/>
							<String ID="string_160" HPOS="137" VPOS="696" WIDTH="63" HEIGHT="22" WC="0.93" CONTENT="hvars"/><SP WIDTH="16" VPOS="696" HPOS="200"/>
							<String ID="string_161" HPOS="216" VPOS="696" WIDTH="109" HEIGHT="27" WC="0.96" CONTENT="betydelse"/><SP WIDTH="12" VPOS="696" HPOS="325"/>
							<String ID="string_162" HPOS="337" VPOS="696" WIDTH="38" HEIGHT="27" WC="0.96" CONTENT="jag"/><SP WIDTH="14" VPOS="696" HPOS="375"/>
							<String ID="string_163" HPOS="389" VPOS="697" WIDTH="28" HEIGHT="26" WC="0.93" CONTENT="pä"/><SP WIDTH="15" VPOS="697" HPOS="417"/>
							<String ID="string_164" HPOS="432" VPOS="697" WIDTH="54" HEIGHT="21" WC="0.93" CONTENT="intet"/><SP WIDTH="17" VPOS="697" HPOS="486"/>
							<String ID="string_165" HPOS="503" VPOS="699" WIDTH="43" HEIGHT="18" WC="0.95" CONTENT="sätt"/><SP WIDTH="15" VPOS="699" HPOS="546"/>
							<String ID="string_166" HPOS="561" VPOS="697" WIDTH="36" HEIGHT="21" WC="0.93" CONTENT="vill"/><SP WIDTH="16" VPOS="697" HPOS="597"/>
							<String ID="string_167" HPOS="613" VPOS="697" WIDTH="145" HEIGHT="26" WC="0.92" CONTENT="underskatta,"/><SP WIDTH="17" VPOS="697" HPOS="758"/>
							<String ID="string_168" HPOS="775" VPOS="697" WIDTH="69" HEIGHT="20" WC="0.96" CONTENT="skulle"/><SP WIDTH="20" VPOS="697" HPOS="844"/>
							<String ID="string_169" HPOS="864" VPOS="697" WIDTH="37" HEIGHT="26" WC="0.96" CONTENT="jag"/>
						</TextLine>
						<TextLine ID="line_19" HPOS="74" VPOS="724" WIDTH="827" HEIGHT="28">
							<String ID="string_170" HPOS="74" VPOS="724" WIDTH="34" HEIGHT="21" WC="0.96" CONTENT="för"/><SP WIDTH="23" VPOS="724" HPOS="108"/>
							<String ID="string_171" HPOS="131" VPOS="725" WIDTH="43" HEIGHT="21" WC="0.95" CONTENT="min"/><SP WIDTH="23" VPOS="725" HPOS="174"/>
							<String ID="string_172" HPOS="197" VPOS="725" WIDTH="34" HEIGHT="20" WC="0.93" CONTENT="del"/><SP WIDTH="22" VPOS="725" HPOS="231"/>
							<String ID="string_173" HPOS="253" VPOS="725" WIDTH="58" HEIGHT="21" WC="0.92" CONTENT="hälla"/><SP WIDTH="18" VPOS="725" HPOS="311"/>
							<String ID="string_174" HPOS="329" VPOS="725" WIDTH="45" HEIGHT="21" WC="0.96" CONTENT="före"/><SP WIDTH="16" VPOS="725" HPOS="374"/>
							<String ID="string_175" HPOS="390" VPOS="727" WIDTH="33" HEIGHT="19" WC="0.93" CONTENT="att"/><SP WIDTH="14" VPOS="727" HPOS="423"/>
							<String ID="string_176" HPOS="437" VPOS="725" WIDTH="59" HEIGHT="22" WC="0.90" CONTENT="Frih."/><SP WIDTH="17" VPOS="725" HPOS="496"/>
							<String ID="string_177" HPOS="513" VPOS="726" WIDTH="112" HEIGHT="26" WC="0.93" CONTENT="Hisingers"/><SP WIDTH="14" VPOS="726" HPOS="625"/>
							<String ID="string_178" HPOS="639" VPOS="725" WIDTH="218" HEIGHT="27" WC="0.91" CONTENT="petitionsmemorial,"/><SP WIDTH="16" VPOS="725" HPOS="857"/>
							<String ID="string_179" HPOS="873" VPOS="724" WIDTH="28" HEIGHT="27" WC="0.96" CONTENT="pä"/>
						</TextLine>
						<TextLine ID="line_20" HPOS="75" VPOS="753" WIDTH="825" HEIGHT="28">
							<String ID="string_180" HPOS="75" VPOS="754" WIDTH="43" HEIGHT="20" WC="0.96" CONTENT="sätt"/><SP WIDTH="15" VPOS="754" HPOS="118"/>
							<String ID="string_181" HPOS="133" VPOS="753" WIDTH="32" HEIGHT="22" WC="0.96" CONTENT="Hr"/><SP WIDTH="15" VPOS="753" HPOS="165"/>
							<String ID="string_182" HPOS="180" VPOS="753" WIDTH="120" HEIGHT="22" WC="0.96" CONTENT="Schauman"/><SP WIDTH="15" VPOS="753" HPOS="300"/>
							<String ID="string_183" HPOS="315" VPOS="754" WIDTH="66" HEIGHT="21" WC="0.93" CONTENT="redan"/><SP WIDTH="15" VPOS="754" HPOS="381"/>
							<String ID="string_184" HPOS="396" VPOS="753" WIDTH="99" HEIGHT="28" WC="0.92" CONTENT="päyrkat,"/><SP WIDTH="16" VPOS="753" HPOS="495"/>
							<String ID="string_185" HPOS="511" VPOS="754" WIDTH="34" HEIGHT="21" WC="0.96" CONTENT="för"/><SP WIDTH="16" VPOS="754" HPOS="545"/>
							<String ID="string_186" HPOS="561" VPOS="754" WIDTH="133" HEIGHT="21" WC="0.91" CONTENT="närvarande"/><SP WIDTH="15" VPOS="754" HPOS="694"/>
							<String ID="string_187" HPOS="709" VPOS="754" WIDTH="46" HEIGHT="21" WC="0.91" CONTENT="icke"/><SP WIDTH="22" VPOS="754" HPOS="755"/>
							<String ID="string_188" HPOS="777" VPOS="754" WIDTH="67" HEIGHT="21" WC="0.96" CONTENT="borde"/><SP WIDTH="22" VPOS="754" HPOS="844"/>
							<String ID="string_189" HPOS="866" VPOS="753" WIDTH="34" HEIGHT="21" WC="0.96" CONTENT="till"/>
						</TextLine>
						<TextLine ID="line_21" HPOS="75" VPOS="781" WIDTH="292" HEIGHT="28">
							<String ID="string_190" HPOS="75" VPOS="781" WIDTH="70" HEIGHT="27" WC="0.96" CONTENT="någon"/><SP WIDTH="15" VPOS="781" HPOS="145"/>
							<String ID="string_191" HPOS="160" VPOS="781" WIDTH="77" HEIGHT="28" WC="0.96" CONTENT="åtgärd"/><SP WIDTH="14" VPOS="781" HPOS="237"/>
							<String ID="string_192" HPOS="251" VPOS="782" WIDTH="116" HEIGHT="21" WC="0.96" CONTENT="föranleda."/>
						</TextLine>
					</TextBlock>
				</ComposedBlock>
				<ComposedBlock ID="cblock_3" HPOS="72" VPOS="838" WIDTH="831" HEIGHT="592">
					<TextBlock ID="block_2" HPOS="72" VPOS="838" WIDTH="830" HEIGHT="370">
						<TextLine ID="line_22" HPOS="143" VPOS="838" WIDTH="758" HEIGHT="28">
							<String ID="string_193" HPOS="143" VPOS="838" WIDTH="59" HEIGHT="21" WC="0.91" CONTENT="Frih."/><SP WIDTH="15" VPOS="838" HPOS="202"/>
							<String ID="string_194" HPOS="217" VPOS="839" WIDTH="52" HEIGHT="21" WC="0.90" CONTENT="Edv."/><SP WIDTH="20" VPOS="839" HPOS="269"/>
							<String ID="string_195" HPOS="289" VPOS="839" WIDTH="141" HEIGHT="27" WC="0.92" CONTENT="Hisinger:"/><SP WIDTH="26" VPOS="839" HPOS="430"/>
							<String ID="string_196" HPOS="456" VPOS="839" WIDTH="44" HEIGHT="21" WC="0.96" CONTENT="För"/><SP WIDTH="15" VPOS="839" HPOS="500"/>
							<String ID="string_197" HPOS="515" VPOS="839" WIDTH="44" HEIGHT="21" WC="0.96" CONTENT="min"/><SP WIDTH="16" VPOS="839" HPOS="559"/>
							<String ID="string_198" HPOS="575" VPOS="839" WIDTH="34" HEIGHT="22" WC="0.95" CONTENT="del"/><SP WIDTH="15" VPOS="839" HPOS="609"/>
							<String ID="string_199" HPOS="624" VPOS="839" WIDTH="33" HEIGHT="21" WC="0.96" CONTENT="får"/><SP WIDTH="12" VPOS="839" HPOS="657"/>
							<String ID="string_200" HPOS="669" VPOS="839" WIDTH="37" HEIGHT="27" WC="0.96" CONTENT="jag"/><SP WIDTH="15" VPOS="839" HPOS="706"/>
							<String ID="string_201" HPOS="721" VPOS="839" WIDTH="121" HEIGHT="27" WC="0.93" CONTENT="ödmjukast"/><SP WIDTH="22" VPOS="839" HPOS="842"/>
							<String ID="string_202" HPOS="864" VPOS="843" WIDTH="37" HEIGHT="17" WC="0.87" CONTENT="an-"/>
						</TextLine>
						<TextLine ID="line_23" HPOS="76" VPOS="867" WIDTH="826" HEIGHT="27">
							<String ID="string_203" HPOS="76" VPOS="867" WIDTH="57" HEIGHT="21" WC="0.96" CONTENT="hålla"/><SP WIDTH="22" VPOS="867" HPOS="133"/>
							<String ID="string_204" HPOS="155" VPOS="869" WIDTH="32" HEIGHT="19" WC="0.96" CONTENT="att"/><SP WIDTH="22" VPOS="869" HPOS="187"/>
							<String ID="string_205" HPOS="209" VPOS="867" WIDTH="50" HEIGHT="21" WC="0.93" CONTENT="mitt"/><SP WIDTH="21" VPOS="867" HPOS="259"/>
							<String ID="string_206" HPOS="280" VPOS="868" WIDTH="213" HEIGHT="26" WC="0.90" CONTENT="petitionsmemorial"/><SP WIDTH="23" VPOS="868" HPOS="493"/>
							<String ID="string_207" HPOS="516" VPOS="868" WIDTH="68" HEIGHT="21" WC="0.96" CONTENT="måtte"/><SP WIDTH="20" VPOS="868" HPOS="584"/>
							<String ID="string_208" HPOS="604" VPOS="868" WIDTH="121" HEIGHT="21" WC="0.95" CONTENT="remitteras"/><SP WIDTH="14" VPOS="868" HPOS="725"/>
							<String ID="string_209" HPOS="739" VPOS="869" WIDTH="32" HEIGHT="20" WC="0.96" CONTENT="till"/><SP WIDTH="17" VPOS="869" HPOS="771"/>
							<String ID="string_210" HPOS="788" VPOS="867" WIDTH="114" HEIGHT="22" WC="0.95" CONTENT="Allmänna"/>
						</TextLine>
						<TextLine ID="line_24" HPOS="75" VPOS="895" WIDTH="826" HEIGHT="28">
							<String ID="string_211" HPOS="75" VPOS="895" WIDTH="205" HEIGHT="27" WC="0.91" CONTENT="Besvärsutskottet,"/><SP WIDTH="23" VPOS="895" HPOS="280"/>
							<String ID="string_212" HPOS="303" VPOS="896" WIDTH="40" HEIGHT="21" WC="0.96" CONTENT="och"/><SP WIDTH="15" VPOS="896" HPOS="343"/>
							<String ID="string_213" HPOS="358" VPOS="897" WIDTH="34" HEIGHT="20" WC="0.96" CONTENT="till"/><SP WIDTH="16" VPOS="897" HPOS="392"/>
							<String ID="string_214" HPOS="408" VPOS="897" WIDTH="55" HEIGHT="20" WC="0.96" CONTENT="hvad"/><SP WIDTH="13" VPOS="897" HPOS="463"/>
							<String ID="string_215" HPOS="476" VPOS="896" WIDTH="38" HEIGHT="27" WC="0.96" CONTENT="jag"/><SP WIDTH="15" VPOS="896" HPOS="514"/>
							<String ID="string_216" HPOS="529" VPOS="897" WIDTH="56" HEIGHT="20" WC="0.96" CONTENT="hade"/><SP WIDTH="15" VPOS="897" HPOS="585"/>
							<String ID="string_217" HPOS="600" VPOS="898" WIDTH="51" HEIGHT="19" WC="0.92" CONTENT="äran"/><SP WIDTH="15" VPOS="898" HPOS="651"/>
							<String ID="string_218" HPOS="666" VPOS="897" WIDTH="36" HEIGHT="20" WC="0.96" CONTENT="vid"/><SP WIDTH="15" VPOS="897" HPOS="702"/>
							<String ID="string_219" HPOS="717" VPOS="898" WIDTH="84" HEIGHT="20" WC="0.96" CONTENT="senaste"/><SP WIDTH="14" VPOS="898" HPOS="801"/>
							<String ID="string_220" HPOS="815" VPOS="896" WIDTH="86" HEIGHT="27" WC="0.96" CONTENT="plenum"/>
						</TextLine>
						<TextLine ID="line_25" HPOS="75" VPOS="923" WIDTH="827" HEIGHT="28">
							<String ID="string_221" HPOS="75" VPOS="923" WIDTH="81" HEIGHT="27" WC="0.95" CONTENT="anföra,"/><SP WIDTH="14" VPOS="923" HPOS="156"/>
							<String ID="string_222" HPOS="170" VPOS="924" WIDTH="89" HEIGHT="27" WC="0.96" CONTENT="tillägga"/><SP WIDTH="15" VPOS="924" HPOS="259"/>
							<String ID="string_223" HPOS="274" VPOS="926" WIDTH="32" HEIGHT="19" WC="0.96" CONTENT="att"/><SP WIDTH="15" VPOS="926" HPOS="306"/>
							<String ID="string_224" HPOS="321" VPOS="925" WIDTH="36" HEIGHT="21" WC="0.96" CONTENT="det"/><SP WIDTH="15" VPOS="925" HPOS="357"/>
							<String ID="string_225" HPOS="372" VPOS="931" WIDTH="51" HEIGHT="15" WC="0.96" CONTENT="vore"/><SP WIDTH="16" VPOS="931" HPOS="423"/>
							<String ID="string_226" HPOS="439" VPOS="925" WIDTH="36" HEIGHT="21" WC="0.96" CONTENT="det"/><SP WIDTH="15" VPOS="925" HPOS="475"/>
							<String ID="string_227" HPOS="490" VPOS="927" WIDTH="81" HEIGHT="19" WC="0.96" CONTENT="största"/><SP WIDTH="14" VPOS="927" HPOS="571"/>
							<String ID="string_228" HPOS="585" VPOS="925" WIDTH="81" HEIGHT="26" WC="0.96" CONTENT="slöseri,"/><SP WIDTH="16" VPOS="925" HPOS="666"/>
							<String ID="string_229" HPOS="682" VPOS="927" WIDTH="31" HEIGHT="19" WC="0.96" CONTENT="att"/><SP WIDTH="22" VPOS="927" HPOS="713"/>
							<String ID="string_230" HPOS="735" VPOS="925" WIDTH="47" HEIGHT="22" WC="0.91" CONTENT="icke"/><SP WIDTH="22" VPOS="925" HPOS="782"/>
							<String ID="string_231" HPOS="804" VPOS="924" WIDTH="98" HEIGHT="27" WC="0.91" CONTENT="tillgodo-"/>
						</TextLine>
						<TextLine ID="line_26" HPOS="76" VPOS="953" WIDTH="826" HEIGHT="27">
							<String ID="string_232" HPOS="76" VPOS="954" WIDTH="51" HEIGHT="25" WC="0.96" CONTENT="göra"/><SP WIDTH="20" VPOS="954" HPOS="127"/>
							<String ID="string_233" HPOS="147" VPOS="953" WIDTH="32" HEIGHT="26" WC="0.96" CONTENT="sig"/><SP WIDTH="22" VPOS="953" HPOS="179"/>
							<String ID="string_234" HPOS="201" VPOS="953" WIDTH="60" HEIGHT="21" WC="0.93" CONTENT="detta"/><SP WIDTH="22" VPOS="953" HPOS="261"/>
							<String ID="string_235" HPOS="283" VPOS="953" WIDTH="252" HEIGHT="26" WC="0.89" CONTENT="observationsmaterial,"/><SP WIDTH="23" VPOS="953" HPOS="535"/>
							<String ID="string_236" HPOS="558" VPOS="953" WIDTH="101" HEIGHT="27" WC="0.96" CONTENT="liktydigt"/><SP WIDTH="22" VPOS="953" HPOS="659"/>
							<String ID="string_237" HPOS="681" VPOS="954" WIDTH="48" HEIGHT="20" WC="0.96" CONTENT="med"/><SP WIDTH="22" VPOS="954" HPOS="729"/>
							<String ID="string_238" HPOS="751" VPOS="956" WIDTH="32" HEIGHT="18" WC="0.96" CONTENT="att"/><SP WIDTH="18" VPOS="956" HPOS="783"/>
							<String ID="string_239" HPOS="801" VPOS="953" WIDTH="45" HEIGHT="21" WC="0.96" CONTENT="låta"/><SP WIDTH="15" VPOS="953" HPOS="846"/>
							<String ID="string_240" HPOS="861" VPOS="953" WIDTH="41" HEIGHT="21" WC="0.96" CONTENT="den"/>
						</TextLine>
						<TextLine ID="line_27" HPOS="75" VPOS="981" WIDTH="827" HEIGHT="27">
							<String ID="string_241" HPOS="75" VPOS="986" WIDTH="77" HEIGHT="22" WC="0.94" CONTENT="mogna"/><SP WIDTH="22" VPOS="986" HPOS="152"/>
							<String ID="string_242" HPOS="174" VPOS="981" WIDTH="65" HEIGHT="21" WC="0.93" CONTENT="säden"/><SP WIDTH="23" VPOS="981" HPOS="239"/>
							<String ID="string_243" HPOS="262" VPOS="981" WIDTH="111" HEIGHT="21" WC="0.88" CONTENT="bortrinna"/><SP WIDTH="21" VPOS="981" HPOS="373"/>
							<String ID="string_244" HPOS="394" VPOS="982" WIDTH="29" HEIGHT="26" WC="0.96" CONTENT="på"/><SP WIDTH="22" VPOS="982" HPOS="423"/>
							<String ID="string_245" HPOS="445" VPOS="982" WIDTH="73" HEIGHT="26" WC="0.95" CONTENT="åkern,"/><SP WIDTH="25" VPOS="982" HPOS="518"/>
							<String ID="string_246" HPOS="543" VPOS="984" WIDTH="52" HEIGHT="19" WC="0.96" CONTENT="utan"/><SP WIDTH="23" VPOS="984" HPOS="595"/>
							<String ID="string_247" HPOS="618" VPOS="984" WIDTH="32" HEIGHT="19" WC="0.96" CONTENT="att"/><SP WIDTH="22" VPOS="984" HPOS="650"/>
							<String ID="string_248" HPOS="672" VPOS="982" WIDTH="77" HEIGHT="21" WC="0.96" CONTENT="skörda"/><SP WIDTH="16" VPOS="982" HPOS="749"/>
							<String ID="string_249" HPOS="765" VPOS="982" WIDTH="39" HEIGHT="21" WC="0.96" CONTENT="och"/><SP WIDTH="15" VPOS="982" HPOS="804"/>
							<String ID="string_250" HPOS="819" VPOS="981" WIDTH="83" HEIGHT="21" WC="0.96" CONTENT="förädla"/>
						</TextLine>
						<TextLine ID="line_28" HPOS="75" VPOS="1009" WIDTH="827" HEIGHT="28">
							<String ID="string_251" HPOS="75" VPOS="1015" WIDTH="72" HEIGHT="15" WC="0.96" CONTENT="varan."/><SP WIDTH="29" VPOS="1015" HPOS="147"/>
							<String ID="string_252" HPOS="176" VPOS="1009" WIDTH="108" HEIGHT="22" WC="0.96" CONTENT="Måhända"/><SP WIDTH="21" VPOS="1009" HPOS="284"/>
							<String ID="string_253" HPOS="305" VPOS="1010" WIDTH="72" HEIGHT="22" WC="0.96" CONTENT="kunde"/><SP WIDTH="22" VPOS="1010" HPOS="377"/>
							<String ID="string_254" HPOS="399" VPOS="1016" WIDTH="49" HEIGHT="15" WC="0.96" CONTENT="man"/><SP WIDTH="23" VPOS="1016" HPOS="448"/>
							<String ID="string_255" HPOS="471" VPOS="1010" WIDTH="94" HEIGHT="22" WC="0.96" CONTENT="invända"/><SP WIDTH="22" VPOS="1010" HPOS="565"/>
							<String ID="string_256" HPOS="587" VPOS="1011" WIDTH="40" HEIGHT="21" WC="0.96" CONTENT="och"/><SP WIDTH="22" VPOS="1011" HPOS="627"/>
							<String ID="string_257" HPOS="649" VPOS="1011" WIDTH="39" HEIGHT="21" WC="0.96" CONTENT="har"/><SP WIDTH="24" VPOS="1011" HPOS="688"/>
							<String ID="string_258" HPOS="712" VPOS="1011" WIDTH="99" HEIGHT="26" WC="0.96" CONTENT="möjligen"/><SP WIDTH="24" VPOS="1011" HPOS="811"/>
							<String ID="string_259" HPOS="835" VPOS="1010" WIDTH="67" HEIGHT="21" WC="0.96" CONTENT="redan"/>
						</TextLine>
						<TextLine ID="line_29" HPOS="74" VPOS="1038" WIDTH="828" HEIGHT="28">
							<String ID="string_260" HPOS="74" VPOS="1038" WIDTH="94" HEIGHT="25" WC="0.89" CONTENT="invändt,"/><SP WIDTH="17" VPOS="1038" HPOS="168"/>
							<String ID="string_261" HPOS="185" VPOS="1038" WIDTH="67" HEIGHT="21" WC="0.96" CONTENT="ehuru"/><SP WIDTH="12" VPOS="1038" HPOS="252"/>
							<String ID="string_262" HPOS="264" VPOS="1038" WIDTH="37" HEIGHT="27" WC="0.96" CONTENT="jag"/><SP WIDTH="15" VPOS="1038" HPOS="301"/>
							<String ID="string_263" HPOS="316" VPOS="1038" WIDTH="47" HEIGHT="22" WC="0.96" CONTENT="icke"/><SP WIDTH="14" VPOS="1038" HPOS="363"/>
							<String ID="string_264" HPOS="377" VPOS="1039" WIDTH="82" HEIGHT="21" WC="0.96" CONTENT="kunnat"/><SP WIDTH="16" VPOS="1039" HPOS="459"/>
							<String ID="string_265" HPOS="475" VPOS="1039" WIDTH="54" HEIGHT="21" WC="0.96" CONTENT="höra"/><SP WIDTH="16" VPOS="1039" HPOS="529"/>
							<String ID="string_266" HPOS="545" VPOS="1039" WIDTH="42" HEIGHT="26" WC="0.96" CONTENT="det,"/><SP WIDTH="16" VPOS="1039" HPOS="587"/>
							<String ID="string_267" HPOS="603" VPOS="1041" WIDTH="32" HEIGHT="19" WC="0.96" CONTENT="att"/><SP WIDTH="15" VPOS="1041" HPOS="635"/>
							<String ID="string_268" HPOS="650" VPOS="1039" WIDTH="73" HEIGHT="27" WC="0.96" CONTENT="frågan"/><SP WIDTH="16" VPOS="1039" HPOS="723"/>
							<String ID="string_269" HPOS="739" VPOS="1042" WIDTH="24" HEIGHT="18" WC="0.96" CONTENT="är"/><SP WIDTH="24" VPOS="1042" HPOS="763"/>
							<String ID="string_270" HPOS="787" VPOS="1038" WIDTH="23" HEIGHT="22" WC="0.96" CONTENT="af"/><SP WIDTH="20" VPOS="1038" HPOS="810"/>
							<String ID="string_271" HPOS="830" VPOS="1038" WIDTH="72" HEIGHT="21" WC="0.96" CONTENT="alltför"/>
						</TextLine>
						<TextLine ID="line_30" HPOS="74" VPOS="1066" WIDTH="828" HEIGHT="29">
							<String ID="string_272" HPOS="74" VPOS="1066" WIDTH="78" HEIGHT="27" WC="0.96" CONTENT="speciel"/><SP WIDTH="22" VPOS="1066" HPOS="152"/>
							<String ID="string_273" HPOS="174" VPOS="1068" WIDTH="69" HEIGHT="25" WC="0.96" CONTENT="natur,"/><SP WIDTH="26" VPOS="1068" HPOS="243"/>
							<String ID="string_274" HPOS="269" VPOS="1066" WIDTH="33" HEIGHT="22" WC="0.96" CONTENT="för"/><SP WIDTH="22" VPOS="1066" HPOS="302"/>
							<String ID="string_275" HPOS="324" VPOS="1069" WIDTH="32" HEIGHT="19" WC="0.96" CONTENT="att"/><SP WIDTH="21" VPOS="1069" HPOS="356"/>
							<String ID="string_276" HPOS="377" VPOS="1068" WIDTH="25" HEIGHT="21" WC="0.96" CONTENT="R."/><SP WIDTH="20" VPOS="1068" HPOS="402"/>
							<String ID="string_277" HPOS="422" VPOS="1074" WIDTH="19" HEIGHT="14" WC="0.96" CONTENT="o."/><SP WIDTH="16" VPOS="1074" HPOS="441"/>
							<String ID="string_278" HPOS="457" VPOS="1068" WIDTH="24" HEIGHT="20" WC="0.96" CONTENT="A."/><SP WIDTH="18" VPOS="1068" HPOS="481"/>
							<String ID="string_279" HPOS="499" VPOS="1068" WIDTH="72" HEIGHT="21" WC="0.96" CONTENT="kunde"/><SP WIDTH="16" VPOS="1068" HPOS="571"/>
							<String ID="string_280" HPOS="587" VPOS="1068" WIDTH="86" HEIGHT="21" WC="0.96" CONTENT="dermed"/><SP WIDTH="15" VPOS="1068" HPOS="673"/>
							<String ID="string_281" HPOS="688" VPOS="1068" WIDTH="31" HEIGHT="27" WC="0.96" CONTENT="sig"/><SP WIDTH="15" VPOS="1068" HPOS="719"/>
							<String ID="string_282" HPOS="734" VPOS="1068" WIDTH="87" HEIGHT="21" WC="0.95" CONTENT="befatta."/><SP WIDTH="31" VPOS="1068" HPOS="821"/>
							<String ID="string_283" HPOS="852" VPOS="1066" WIDTH="50" HEIGHT="22" WC="0.96" CONTENT="Men"/>
						</TextLine>
						<TextLine ID="line_31" HPOS="72" VPOS="1094" WIDTH="830" HEIGHT="28">
							<String ID="string_284" HPOS="72" VPOS="1094" WIDTH="46" HEIGHT="27" WC="0.93" CONTENT="just"/><SP WIDTH="15" VPOS="1094" HPOS="118"/>
							<String ID="string_285" HPOS="133" VPOS="1094" WIDTH="45" HEIGHT="22" WC="0.92" CONTENT="deri"/><SP WIDTH="15" VPOS="1094" HPOS="178"/>
							<String ID="string_286" HPOS="193" VPOS="1095" WIDTH="67" HEIGHT="27" WC="0.95" CONTENT="ligger"/><SP WIDTH="15" VPOS="1095" HPOS="260"/>
							<String ID="string_287" HPOS="275" VPOS="1096" WIDTH="184" HEIGHT="26" WC="0.96" CONTENT="nödvändigheten"/><SP WIDTH="16" VPOS="1096" HPOS="459"/>
							<String ID="string_288" HPOS="475" VPOS="1096" WIDTH="27" HEIGHT="26" WC="0.96" CONTENT="af,"/><SP WIDTH="17" VPOS="1096" HPOS="502"/>
							<String ID="string_289" HPOS="519" VPOS="1098" WIDTH="33" HEIGHT="19" WC="0.96" CONTENT="att"/><SP WIDTH="15" VPOS="1098" HPOS="552"/>
							<String ID="string_290" HPOS="567" VPOS="1097" WIDTH="110" HEIGHT="21" WC="0.96" CONTENT="remittera"/><SP WIDTH="15" VPOS="1097" HPOS="677"/>
							<String ID="string_291" HPOS="692" VPOS="1097" WIDTH="40" HEIGHT="21" WC="0.94" CONTENT="den"/><SP WIDTH="24" VPOS="1097" HPOS="732"/>
							<String ID="string_292" HPOS="756" VPOS="1096" WIDTH="34" HEIGHT="21" WC="0.94" CONTENT="till"/><SP WIDTH="22" VPOS="1096" HPOS="790"/>
							<String ID="string_293" HPOS="812" VPOS="1095" WIDTH="90" HEIGHT="26" WC="0.96" CONTENT="utskott,"/>
						</TextLine>
						<TextLine ID="line_32" HPOS="75" VPOS="1123" WIDTH="827" HEIGHT="29">
							<String ID="string_294" HPOS="75" VPOS="1129" WIDTH="46" HEIGHT="15" WC="0.96" CONTENT="som"/><SP WIDTH="21" VPOS="1129" HPOS="121"/>
							<String ID="string_295" HPOS="142" VPOS="1123" WIDTH="42" HEIGHT="21" WC="0.96" CONTENT="kan"/><SP WIDTH="23" VPOS="1123" HPOS="184"/>
							<String ID="string_296" HPOS="207" VPOS="1124" WIDTH="36" HEIGHT="20" WC="0.93" CONTENT="vid"/><SP WIDTH="14" VPOS="1124" HPOS="243"/>
							<String ID="string_297" HPOS="257" VPOS="1124" WIDTH="66" HEIGHT="21" WC="0.91" CONTENT="behof"/><SP WIDTH="17" VPOS="1124" HPOS="323"/>
							<String ID="string_298" HPOS="340" VPOS="1124" WIDTH="88" HEIGHT="21" WC="0.93" CONTENT="rådföra"/><SP WIDTH="14" VPOS="1124" HPOS="428"/>
							<String ID="string_299" HPOS="442" VPOS="1124" WIDTH="33" HEIGHT="28" WC="0.95" CONTENT="sig"/><SP WIDTH="14" VPOS="1124" HPOS="475"/>
							<String ID="string_300" HPOS="489" VPOS="1125" WIDTH="50" HEIGHT="21" WC="0.96" CONTENT="med"/><SP WIDTH="16" VPOS="1125" HPOS="539"/>
							<String ID="string_301" HPOS="555" VPOS="1125" WIDTH="40" HEIGHT="21" WC="0.92" CONTENT="och"/><SP WIDTH="14" VPOS="1125" HPOS="595"/>
							<String ID="string_302" HPOS="609" VPOS="1125" WIDTH="80" HEIGHT="21" WC="0.92" CONTENT="inkalla"/><SP WIDTH="14" VPOS="1125" HPOS="689"/>
							<String ID="string_303" HPOS="703" VPOS="1123" WIDTH="199" HEIGHT="28" WC="0.91" CONTENT="Vetenskapssocie-"/>
						</TextLine>
						<TextLine ID="line_33" HPOS="74" VPOS="1152" WIDTH="828" HEIGHT="28">
							<String ID="string_304" HPOS="74" VPOS="1153" WIDTH="70" HEIGHT="19" WC="0.92" CONTENT="tetens"/><SP WIDTH="22" VPOS="1153" HPOS="144"/>
							<String ID="string_305" HPOS="166" VPOS="1152" WIDTH="176" HEIGHT="27" WC="0.91" CONTENT="metereologiska"/><SP WIDTH="21" VPOS="1152" HPOS="342"/>
							<String ID="string_306" HPOS="363" VPOS="1153" WIDTH="84" HEIGHT="21" WC="0.96" CONTENT="utskott"/><SP WIDTH="23" VPOS="1153" HPOS="447"/>
							<String ID="string_307" HPOS="470" VPOS="1154" WIDTH="32" HEIGHT="20" WC="0.96" CONTENT="att"/><SP WIDTH="23" VPOS="1154" HPOS="502"/>
							<String ID="string_308" HPOS="525" VPOS="1153" WIDTH="71" HEIGHT="27" WC="0.96" CONTENT="höras,"/><SP WIDTH="23" VPOS="1153" HPOS="596"/>
							<String ID="string_309" HPOS="619" VPOS="1154" WIDTH="81" HEIGHT="21" WC="0.96" CONTENT="hvilket"/><SP WIDTH="18" VPOS="1154" HPOS="700"/>
							<String ID="string_310" HPOS="718" VPOS="1160" WIDTH="42" HEIGHT="20" WC="0.95" CONTENT="nog"/><SP WIDTH="15" VPOS="1160" HPOS="760"/>
							<String ID="string_311" HPOS="775" VPOS="1154" WIDTH="42" HEIGHT="20" WC="0.96" CONTENT="kan"/><SP WIDTH="15" VPOS="1154" HPOS="817"/>
							<String ID="string_312" HPOS="832" VPOS="1152" WIDTH="70" HEIGHT="21" WC="0.96" CONTENT="lemna"/>
						</TextLine>
						<TextLine ID="line_34" HPOS="74" VPOS="1180" WIDTH="342" HEIGHT="28">
							<String ID="string_313" HPOS="74" VPOS="1180" WIDTH="44" HEIGHT="21" WC="0.95" CONTENT="alla"/><SP WIDTH="14" VPOS="1180" HPOS="118"/>
							<String ID="string_314" HPOS="132" VPOS="1180" WIDTH="77" HEIGHT="27" WC="0.93" CONTENT="nödiga"/><SP WIDTH="15" VPOS="1180" HPOS="209"/>
							<String ID="string_315" HPOS="224" VPOS="1181" WIDTH="192" HEIGHT="27" WC="0.91" CONTENT="specialuppgifter."/>
						</TextLine>
					</TextBlock>
					<TextBlock ID="block_3" HPOS="74" VPOS="1208" WIDTH="829" HEIGHT="222">
						<TextLine ID="line_35" HPOS="143" VPOS="1208" WIDTH="758" HEIGHT="29">
							<String ID="string_316" HPOS="143" VPOS="1208" WIDTH="32" HEIGHT="22" WC="0.96" CONTENT="De"/><SP WIDTH="16" VPOS="1208" HPOS="175"/>
							<String ID="string_317" HPOS="191" VPOS="1209" WIDTH="22" HEIGHT="21" WC="0.95" CONTENT="af"/><SP WIDTH="13" VPOS="1209" HPOS="213"/>
							<String ID="string_318" HPOS="226" VPOS="1210" WIDTH="43" HEIGHT="26" WC="0.93" CONTENT="mig"/><SP WIDTH="15" VPOS="1210" HPOS="269"/>
							<String ID="string_319" HPOS="284" VPOS="1209" WIDTH="127" HEIGHT="22" WC="0.92" CONTENT="framhållna"/><SP WIDTH="14" VPOS="1209" HPOS="411"/>
							<String ID="string_320" HPOS="425" VPOS="1210" WIDTH="146" HEIGHT="21" WC="0.96" CONTENT="kostnaderna"/><SP WIDTH="15" VPOS="1210" HPOS="571"/>
							<String ID="string_321" HPOS="586" VPOS="1210" WIDTH="33" HEIGHT="21" WC="0.93" CONTENT="för"/><SP WIDTH="15" VPOS="1210" HPOS="619"/>
							<String ID="string_322" HPOS="634" VPOS="1210" WIDTH="132" HEIGHT="27" WC="0.92" CONTENT="utgifvandet"/><SP WIDTH="15" VPOS="1210" HPOS="766"/>
							<String ID="string_323" HPOS="781" VPOS="1209" WIDTH="23" HEIGHT="22" WC="0.96" CONTENT="af"/><SP WIDTH="9" VPOS="1209" HPOS="804"/>
							<String ID="string_324" HPOS="813" VPOS="1209" WIDTH="26" HEIGHT="21" WC="0.93" CONTENT="de"/><SP WIDTH="9" VPOS="1209" HPOS="839"/>
							<String ID="string_325" HPOS="848" VPOS="1208" WIDTH="53" HEIGHT="22" WC="0.91" CONTENT="Ner-"/>
						</TextLine>
						<TextLine ID="line_36" HPOS="74" VPOS="1237" WIDTH="828" HEIGHT="29">
							<String ID="string_326" HPOS="74" VPOS="1237" WIDTH="119" HEIGHT="21" WC="0.90" CONTENT="vanderska"/><SP WIDTH="22" VPOS="1237" HPOS="193"/>
							<String ID="string_327" HPOS="215" VPOS="1238" WIDTH="106" HEIGHT="27" WC="0.96" CONTENT="fyraåriga"/><SP WIDTH="22" VPOS="1238" HPOS="321"/>
							<String ID="string_328" HPOS="343" VPOS="1238" WIDTH="190" HEIGHT="22" WC="0.96" CONTENT="observationerna"/><SP WIDTH="20" VPOS="1238" HPOS="533"/>
							<String ID="string_329" HPOS="553" VPOS="1239" WIDTH="72" HEIGHT="21" WC="0.96" CONTENT="kunna"/><SP WIDTH="18" VPOS="1239" HPOS="625"/>
							<String ID="string_330" HPOS="643" VPOS="1239" WIDTH="47" HEIGHT="21" WC="0.96" CONTENT="icke"/><SP WIDTH="14" VPOS="1239" HPOS="690"/>
							<String ID="string_331" HPOS="704" VPOS="1240" WIDTH="60" HEIGHT="26" WC="0.96" CONTENT="tagas"/><SP WIDTH="15" VPOS="1240" HPOS="764"/>
							<String ID="string_332" HPOS="779" VPOS="1244" WIDTH="46" HEIGHT="15" WC="0.96" CONTENT="som"/><SP WIDTH="16" VPOS="1244" HPOS="825"/>
							<String ID="string_333" HPOS="841" VPOS="1243" WIDTH="61" HEIGHT="15" WC="0.96" CONTENT="norm"/>
						</TextLine>
						<TextLine ID="line_37" HPOS="74" VPOS="1265" WIDTH="828" HEIGHT="29">
							<String ID="string_334" HPOS="74" VPOS="1265" WIDTH="34" HEIGHT="21" WC="0.96" CONTENT="för"/><SP WIDTH="23" VPOS="1265" HPOS="108"/>
							<String ID="string_335" HPOS="131" VPOS="1266" WIDTH="142" HEIGHT="27" WC="0.96" CONTENT="beräkningen"/><SP WIDTH="25" VPOS="1266" HPOS="273"/>
							<String ID="string_336" HPOS="298" VPOS="1267" WIDTH="23" HEIGHT="21" WC="0.96" CONTENT="af"/><SP WIDTH="15" VPOS="1267" HPOS="321"/>
							<String ID="string_337" HPOS="336" VPOS="1267" WIDTH="25" HEIGHT="21" WC="0.97" CONTENT="de"/><SP WIDTH="20" VPOS="1267" HPOS="361"/>
							<String ID="string_338" HPOS="381" VPOS="1274" WIDTH="30" HEIGHT="14" WC="0.96" CONTENT="nu"/><SP WIDTH="18" VPOS="1274" HPOS="411"/>
							<String ID="string_339" HPOS="429" VPOS="1267" WIDTH="146" HEIGHT="27" WC="0.93" CONTENT="erforderliga,"/><SP WIDTH="16" VPOS="1267" HPOS="575"/>
							<String ID="string_340" HPOS="591" VPOS="1268" WIDTH="135" HEIGHT="20" WC="0.92" CONTENT="alldenstund"/><SP WIDTH="15" VPOS="1268" HPOS="726"/>
							<String ID="string_341" HPOS="741" VPOS="1266" WIDTH="161" HEIGHT="22" WC="0.96" CONTENT="förhållandena"/>
						</TextLine>
						<TextLine ID="line_38" HPOS="74" VPOS="1294" WIDTH="827" HEIGHT="26">
							<String ID="string_342" HPOS="74" VPOS="1300" WIDTH="30" HEIGHT="15" WC="0.96" CONTENT="nu"/><SP WIDTH="22" VPOS="1300" HPOS="104"/>
							<String ID="string_343" HPOS="126" VPOS="1296" WIDTH="35" HEIGHT="19" WC="0.96" CONTENT="äro"/><SP WIDTH="17" VPOS="1296" HPOS="161"/>
							<String ID="string_344" HPOS="178" VPOS="1294" WIDTH="44" HEIGHT="22" WC="0.96" CONTENT="helt"/><SP WIDTH="18" VPOS="1294" HPOS="222"/>
							<String ID="string_345" HPOS="240" VPOS="1295" WIDTH="73" HEIGHT="21" WC="0.96" CONTENT="andra."/><SP WIDTH="32" VPOS="1295" HPOS="313"/>
							<String ID="string_346" HPOS="345" VPOS="1295" WIDTH="70" HEIGHT="22" WC="0.87" CONTENT="Sättet"/><SP WIDTH="16" VPOS="1295" HPOS="415"/>
							<String ID="string_347" HPOS="431" VPOS="1298" WIDTH="32" HEIGHT="19" WC="0.96" CONTENT="att"/><SP WIDTH="16" VPOS="1298" HPOS="463"/>
							<String ID="string_348" HPOS="479" VPOS="1296" WIDTH="76" HEIGHT="21" WC="0.96" CONTENT="arbeta"/><SP WIDTH="14" VPOS="1296" HPOS="555"/>
							<String ID="string_349" HPOS="569" VPOS="1298" WIDTH="25" HEIGHT="18" WC="0.96" CONTENT="är"/><SP WIDTH="14" VPOS="1298" HPOS="594"/>
							<String ID="string_350" HPOS="608" VPOS="1302" WIDTH="30" HEIGHT="14" WC="0.96" CONTENT="nu"/><SP WIDTH="15" VPOS="1302" HPOS="638"/>
							<String ID="string_351" HPOS="653" VPOS="1296" WIDTH="48" HEIGHT="21" WC="0.96" CONTENT="vida"/><SP WIDTH="15" VPOS="1296" HPOS="701"/>
							<String ID="string_352" HPOS="716" VPOS="1296" WIDTH="91" HEIGHT="24" WC="0.95" CONTENT="enklare,"/><SP WIDTH="17" VPOS="1296" HPOS="807"/>
							<String ID="string_353" HPOS="824" VPOS="1294" WIDTH="24" HEIGHT="21" WC="0.96" CONTENT="så"/><SP WIDTH="15" VPOS="1294" HPOS="848"/>
							<String ID="string_354" HPOS="863" VPOS="1295" WIDTH="38" HEIGHT="25" WC="0.96" CONTENT="att,"/>
						</TextLine>
						<TextLine ID="line_39" HPOS="74" VPOS="1322" WIDTH="829" HEIGHT="29">
							<String ID="string_355" HPOS="74" VPOS="1328" WIDTH="35" HEIGHT="16" WC="0.96" CONTENT="om"/><SP WIDTH="15" VPOS="1328" HPOS="109"/>
							<String ID="string_356" HPOS="124" VPOS="1323" WIDTH="64" HEIGHT="21" WC="0.96" CONTENT="också"/><SP WIDTH="15" VPOS="1323" HPOS="188"/>
							<String ID="string_357" HPOS="203" VPOS="1323" WIDTH="142" HEIGHT="22" WC="0.96" CONTENT="kostnaderna"/><SP WIDTH="15" VPOS="1323" HPOS="345"/>
							<String ID="string_358" HPOS="360" VPOS="1324" WIDTH="65" HEIGHT="21" WC="0.95" CONTENT="blifva"/><SP WIDTH="16" VPOS="1324" HPOS="425"/>
							<String ID="string_359" HPOS="441" VPOS="1324" WIDTH="65" HEIGHT="26" WC="0.96" CONTENT="högre"/><SP WIDTH="16" VPOS="1324" HPOS="506"/>
							<String ID="string_360" HPOS="522" VPOS="1326" WIDTH="28" HEIGHT="19" WC="0.96" CONTENT="än"/><SP WIDTH="15" VPOS="1326" HPOS="550"/>
							<String ID="string_361" HPOS="565" VPOS="1324" WIDTH="56" HEIGHT="22" WC="0.96" CONTENT="hvad"/><SP WIDTH="10" VPOS="1324" HPOS="621"/>
							<String ID="string_362" HPOS="631" VPOS="1324" WIDTH="38" HEIGHT="27" WC="0.96" CONTENT="jag"/><SP WIDTH="9" VPOS="1324" HPOS="669"/>
							<String ID="string_363" HPOS="678" VPOS="1324" WIDTH="108" HEIGHT="23" WC="0.96" CONTENT="beräknat,"/><SP WIDTH="11" VPOS="1324" HPOS="786"/>
							<String ID="string_364" HPOS="797" VPOS="1322" WIDTH="25" HEIGHT="22" WC="0.96" CONTENT="så"/><SP WIDTH="9" VPOS="1322" HPOS="822"/>
							<String ID="string_365" HPOS="831" VPOS="1322" WIDTH="72" HEIGHT="22" WC="0.96" CONTENT="kunna"/>
						</TextLine>
						<TextLine ID="line_40" HPOS="75" VPOS="1350" WIDTH="827" HEIGHT="30">
							<String ID="string_366" HPOS="75" VPOS="1351" WIDTH="27" HEIGHT="21" WC="0.96" CONTENT="de"/><SP WIDTH="19" VPOS="1351" HPOS="102"/>
							<String ID="string_367" HPOS="121" VPOS="1352" WIDTH="68" HEIGHT="26" WC="0.96" CONTENT="aldrig"/><SP WIDTH="14" VPOS="1352" HPOS="189"/>
							<String ID="string_368" HPOS="203" VPOS="1352" WIDTH="71" HEIGHT="27" WC="0.96" CONTENT="uppgå"/><SP WIDTH="14" VPOS="1352" HPOS="274"/>
							<String ID="string_369" HPOS="288" VPOS="1352" WIDTH="33" HEIGHT="21" WC="0.96" CONTENT="till"/><SP WIDTH="16" VPOS="1352" HPOS="321"/>
							<String ID="string_370" HPOS="337" VPOS="1352" WIDTH="118" HEIGHT="22" WC="0.96" CONTENT="detsamma"/><SP WIDTH="14" VPOS="1352" HPOS="455"/>
							<String ID="string_371" HPOS="469" VPOS="1358" WIDTH="47" HEIGHT="16" WC="0.96" CONTENT="som"/><SP WIDTH="16" VPOS="1358" HPOS="516"/>
							<String ID="string_372" HPOS="532" VPOS="1353" WIDTH="117" HEIGHT="27" WC="0.96" CONTENT="utgifterna"/><SP WIDTH="14" VPOS="1353" HPOS="649"/>
							<String ID="string_373" HPOS="663" VPOS="1353" WIDTH="33" HEIGHT="21" WC="0.96" CONTENT="för"/><SP WIDTH="15" VPOS="1353" HPOS="696"/>
							<String ID="string_374" HPOS="711" VPOS="1353" WIDTH="25" HEIGHT="21" WC="0.93" CONTENT="de"/><SP WIDTH="15" VPOS="1353" HPOS="736"/>
							<String ID="string_375" HPOS="751" VPOS="1351" WIDTH="83" HEIGHT="27" WC="0.91" CONTENT="4-åriga"/><SP WIDTH="16" VPOS="1351" HPOS="834"/>
							<String ID="string_376" HPOS="850" VPOS="1350" WIDTH="52" HEIGHT="22" WC="0.91" CONTENT="Ner-"/>
						</TextLine>
						<TextLine ID="line_41" HPOS="74" VPOS="1379" WIDTH="829" HEIGHT="29">
							<String ID="string_377" HPOS="74" VPOS="1379" WIDTH="119" HEIGHT="22" WC="0.92" CONTENT="vanderska"/><SP WIDTH="14" VPOS="1379" HPOS="193"/>
							<String ID="string_378" HPOS="207" VPOS="1380" WIDTH="192" HEIGHT="22" WC="0.96" CONTENT="observationerna."/><SP WIDTH="19" VPOS="1380" HPOS="399"/>
							<String ID="string_379" HPOS="418" VPOS="1381" WIDTH="41" HEIGHT="27" WC="0.96" CONTENT="Jag"/><SP WIDTH="15" VPOS="1381" HPOS="459"/>
							<String ID="string_380" HPOS="474" VPOS="1381" WIDTH="66" HEIGHT="27" WC="0.96" CONTENT="yrkar"/><SP WIDTH="15" VPOS="1381" HPOS="540"/>
							<String ID="string_381" HPOS="555" VPOS="1382" WIDTH="28" HEIGHT="26" WC="0.96" CONTENT="på"/><SP WIDTH="14" VPOS="1382" HPOS="583"/>
							<String ID="string_382" HPOS="597" VPOS="1382" WIDTH="75" HEIGHT="20" WC="0.95" CONTENT="remiss"/><SP WIDTH="15" VPOS="1382" HPOS="672"/>
							<String ID="string_383" HPOS="687" VPOS="1381" WIDTH="33" HEIGHT="22" WC="0.97" CONTENT="till"/><SP WIDTH="14" VPOS="1381" HPOS="720"/>
							<String ID="string_384" HPOS="734" VPOS="1380" WIDTH="114" HEIGHT="21" WC="0.93" CONTENT="Allmänna"/><SP WIDTH="14" VPOS="1380" HPOS="848"/>
							<String ID="string_385" HPOS="862" VPOS="1380" WIDTH="41" HEIGHT="21" WC="0.68" CONTENT="Ee-"/>
						</TextLine>
						<TextLine ID="line_42" HPOS="74" VPOS="1408" WIDTH="171" HEIGHT="22">
							<String ID="string_386" HPOS="74" VPOS="1408" WIDTH="171" HEIGHT="22" WC="0.92" CONTENT="svärsutskottet."/>
						</TextLine>
					</TextBlock>
				</ComposedBlock>
				<ComposedBlock ID="cblock_4" HPOS="72" VPOS="1464" WIDTH="832" HEIGHT="86">
					<TextBlock ID="block_4" HPOS="72" VPOS="1464" WIDTH="832" HEIGHT="86">
						<TextLine ID="line_43" HPOS="143" VPOS="1464" WIDTH="759" HEIGHT="29">
							<String ID="string_387" HPOS="143" VPOS="1465" WIDTH="32" HEIGHT="21" WC="0.96" CONTENT="Hr"/><SP WIDTH="15" VPOS="1465" HPOS="175"/>
							<String ID="string_388" HPOS="190" VPOS="1465" WIDTH="219" HEIGHT="23" WC="0.93" CONTENT="Nordenskiöld:"/><SP WIDTH="17" VPOS="1465" HPOS="409"/>
							<String ID="string_389" HPOS="426" VPOS="1466" WIDTH="58" HEIGHT="22" WC="0.92" CONTENT="Frih."/><SP WIDTH="17" VPOS="1466" HPOS="484"/>
							<String ID="string_390" HPOS="501" VPOS="1472" WIDTH="42" HEIGHT="16" WC="0.93" CONTENT="von"/><SP WIDTH="16" VPOS="1472" HPOS="543"/>
							<String ID="string_391" HPOS="559" VPOS="1466" WIDTH="69" HEIGHT="22" WC="0.93" CONTENT="Troils"/><SP WIDTH="10" VPOS="1466" HPOS="628"/>
							<String ID="string_392" HPOS="638" VPOS="1466" WIDTH="99" HEIGHT="27" WC="0.96" CONTENT="yttrande"/><SP WIDTH="10" VPOS="1466" HPOS="737"/>
							<String ID="string_393" HPOS="747" VPOS="1467" WIDTH="32" HEIGHT="20" WC="0.96" CONTENT="att"/><SP WIDTH="8" VPOS="1467" HPOS="779"/>
							<String ID="string_394" HPOS="787" VPOS="1465" WIDTH="37" HEIGHT="27" WC="0.97" CONTENT="jag"/><SP WIDTH="10" VPOS="1465" HPOS="824"/>
							<String ID="string_395" HPOS="834" VPOS="1464" WIDTH="68" HEIGHT="22" WC="0.97" CONTENT="skulle"/>
						</TextLine>
						<TextLine ID="line_44" HPOS="74" VPOS="1492" WIDTH="830" HEIGHT="32">
							<String ID="string_396" HPOS="74" VPOS="1492" WIDTH="64" HEIGHT="32" WC="0.96" CONTENT="hafva"/><SP WIDTH="21" VPOS="1492" HPOS="138"/>
							<String ID="string_397" HPOS="159" VPOS="1493" WIDTH="101" HEIGHT="27" WC="0.96" CONTENT="uppgjort"/><SP WIDTH="21" VPOS="1493" HPOS="260"/>
							<String ID="string_398" HPOS="281" VPOS="1494" WIDTH="183" HEIGHT="27" WC="0.96" CONTENT="kostnadsförslag"/><SP WIDTH="19" VPOS="1494" HPOS="464"/>
							<String ID="string_399" HPOS="483" VPOS="1495" WIDTH="35" HEIGHT="21" WC="0.93" CONTENT="till"/><SP WIDTH="19" VPOS="1495" HPOS="518"/>
							<String ID="string_400" HPOS="537" VPOS="1495" WIDTH="149" HEIGHT="26" WC="0.96" CONTENT="expeditionen"/><SP WIDTH="15" VPOS="1495" HPOS="686"/>
							<String ID="string_401" HPOS="701" VPOS="1495" WIDTH="7" HEIGHT="20" WC="0.96" CONTENT="i"/><SP WIDTH="15" VPOS="1495" HPOS="708"/>
							<String ID="string_402" HPOS="723" VPOS="1493" WIDTH="127" HEIGHT="27" WC="0.96" CONTENT="Sodankylä,"/><SP WIDTH="16" VPOS="1493" HPOS="850"/>
							<String ID="string_403" HPOS="866" VPOS="1492" WIDTH="38" HEIGHT="21" WC="0.97" CONTENT="ber"/>
						</TextLine>
						<TextLine ID="line_45" HPOS="72" VPOS="1521" WIDTH="831" HEIGHT="29">
							<String ID="string_404" HPOS="72" VPOS="1527" WIDTH="37" HEIGHT="20" WC="0.93" CONTENT="jag"/><SP WIDTH="22" VPOS="1527" HPOS="109"/>
							<String ID="string_405" HPOS="131" VPOS="1521" WIDTH="21" HEIGHT="21" WC="0.90" CONTENT="fä"/><SP WIDTH="22" VPOS="1521" HPOS="152"/>
							<String ID="string_406" HPOS="174" VPOS="1522" WIDTH="106" HEIGHT="27" WC="0.90" CONTENT="beriktiga"/><SP WIDTH="23" VPOS="1522" HPOS="280"/>
							<String ID="string_407" HPOS="303" VPOS="1523" WIDTH="86" HEIGHT="26" WC="0.91" CONTENT="derhän,"/><SP WIDTH="24" VPOS="1523" HPOS="389"/>
							<String ID="string_408" HPOS="413" VPOS="1525" WIDTH="33" HEIGHT="19" WC="0.96" CONTENT="att"/><SP WIDTH="15" VPOS="1525" HPOS="446"/>
							<String ID="string_409" HPOS="461" VPOS="1523" WIDTH="37" HEIGHT="27" WC="0.96" CONTENT="jag"/><SP WIDTH="20" VPOS="1523" HPOS="498"/>
							<String ID="string_410" HPOS="518" VPOS="1523" WIDTH="70" HEIGHT="27" WC="0.96" CONTENT="aldrig"/><SP WIDTH="15" VPOS="1523" HPOS="588"/>
							<String ID="string_411" HPOS="603" VPOS="1523" WIDTH="43" HEIGHT="27" WC="0.93" CONTENT="mig"/><SP WIDTH="15" VPOS="1523" HPOS="646"/>
							<String ID="string_412" HPOS="661" VPOS="1523" WIDTH="115" HEIGHT="26" WC="0.93" CONTENT="veterligen"/><SP WIDTH="15" VPOS="1523" HPOS="776"/>
							<String ID="string_413" HPOS="791" VPOS="1521" WIDTH="112" HEIGHT="28" WC="0.92" CONTENT="upprättat"/>
						</TextLine>
					</TextBlock>
				</ComposedBlock>
			</PrintSpace>
		</Page>
	</Layout>
</alto>
