1078 1759
351 141 25 18 R.
390 146 17 13 o.
420 142 22 16 A.
454 141 62 17 1888.
530 141 13 17 3
555 141 62 17 Mars.
830 134 42 22 329

206 329 154 33 Lördagen
379 329 57 26 den
454 329 18 26 3
490 328 79 27 Mars
586 328 43 27 kl.
646 328 32 27 11
698 327 22 27 f.
737 335 40 19 m.

148 399 32 22 Hr
202 397 205 22 Landtmarskalken
430 397 144 28 tillkännagaf
594 398 33 20 att
650 396 102 28 polletter
766 397 89 26 uttagits
869 395 34 22 för

79 427 78 28 Adliga
171 429 85 20 ätterna
271 425 40 23 N:o
328 427 39 20 165
378 426 196 27 Pippingsköld
585 425 24 22 af
616 426 32 21 Hr
658 425 62 22 Josef
727 425 69 22 Adam
806 424 97 22 Joachim

79 455 198 28 Pippingsköld,
300 454 111 22 Professor
433 455 109 25 emeritus,
561 454 99 22 Statsräd
676 454 39 21 och
730 454 41 21 N:o
786 453 42 22 262
843 453 60 21 Pro-

80 485 62 27 copé
165 484 22 21 af
201 484 32 21 Hr
247 483 78 22 Viktor
342 483 112 26 Napoleon
470 483 122 28 Procop6,
609 482 161 27 Generalmajor
783 482 36 21 vid
833 482 27 21 H.
875 480 27 22 K.

79 513 42 22 M:s
135 513 48 26 svit,
199 512 116 21 Guvernör.

149 643 200 26 Protokollsutdrag
365 642 59 21 öfver
438 643 24 21 R.
480 649 18 16 o.
516 643 36 21 A:s
568 643 35 21 vid
619 643 85 26 plenum
720 643 40 21 den
771 642 27 21 28
808 641 96 22 sistlidne

81 671 104 22 Februari
200 671 81 22 fattade
296 671 71 22 beslut
379 671 129 27 justerades.

152 803 109 21 Särskilda
281 802 48 21 frän
351 802 141 22 medständen
514 803 102 21 inkomna
638 801 196 28 protokollsutdrag
849 800 56 21 före-

83 831 77 27 drogos
176 831 38 22 och
230 831 60 22 lades
305 831 32 21 tili
353 831 161 26 handlingarna.

291 927 67 29 Tredje
373 928 102 29 suppleant
491 929 5 22 i
512 928 187 23 Ekonomiutskottet.

151 991 32 21 Hr
199 991 124 22 Lindelöf
343 991 125 21 meddelade
491 993 33 19 att
541 997 26 15 en
582 991 23 21 af
618 991 25 21 R.
659 997 19 15 o.
694 991 38 20 A:s
746 990 137 21 medlemmar
898 989 7 20 i

83 1019 211 22 Ekonomiutskottet
316 1019 67 22 under
406 1025 25 16 en
450 1019 91 22 månads
556 1020 32 21 tid
603 1020 83 21 komme
702 1021 32 19 att
748 1025 53 15 vara
815 1017 91 22 hindrad

83 1049 34 19 att
132 1047 85 27 deltaga
232 1049 6 20 i
254 1049 117 20 utskottets
386 1048 96 25 arbeten,
499 1050 56 19 samt
571 1048 125 25 hemstälde,
712 1053 33 16 om
761 1047 46 22 icke
823 1046 34 21 vid
873 1045 33 22 sä-

83 1075 52 22 dant
156 1076 134 22 förhällande
312 1083 26 15 en
360 1076 69 27 tredje
452 1077 115 26 suppleant
589 1077 66 21 borde
673 1077 33 20 för
720 1076 106 21 utskottet
840 1076 66 22 utses,

83 1104 56 21 helst
153 1104 62 21 äfven
230 1105 33 21 för
279 1105 67 21 andra
361 1105 23 21 af
398 1105 97 21 ständets
510 1105 119 22 ledamöter
643 1105 7 21 i
665 1105 91 21 nämnda
771 1103 83 22 utskott
864 1103 43 20 för-

83 1132 37 21 fall
135 1132 71 27 nägon
220 1133 55 28 gäng
290 1133 70 22 kunde
375 1133 96 26 inträffa;
488 1134 40 21 och
544 1140 46 15 som
605 1134 25 21 R.
646 1139 18 15 o.
681 1133 25 22 A.
722 1133 31 21 till
764 1133 68 21 denna
842 1131 65 21 fram-

84 1161 99 27 ställning
206 1161 65 28 biföll,
292 1162 134 27 uppmanade
442 1163 32 20 Hr
490 1162 207 21 Landtmarskalken
713 1161 95 22 ständets
824 1159 84 22 valmän

83 1191 34 20 att
131 1190 116 21 verhställa
262 1191 34 21 val
311 1190 24 22 af
348 1197 26 15 en
389 1191 69 27 tredje
474 1191 114 26 suppleant
602 1191 7 21 i
625 1190 138 22 merberörda
777 1189 89 22 utskott.

295 1287 167 29 Tillskottsanslag
477 1287 28 23 till
521 1286 173 24 Savolaks-banan.

153 1349 119 27 Föredrogs
295 1349 48 21 näd.
367 1355 60 21 prop.
444 1349 42 22 N:o
508 1350 34 25 33,
562 1349 108 27 angäende
685 1349 74 27 anslag
774 1347 32 22 till
820 1346 89 22 fullbor-

84 1377 70 22 dande
169 1377 24 22 af
203 1378 117 27 jernvägen
334 1377 48 22 frän
397 1378 101 21 Kouvola
512 1378 33 21 till
560 1378 91 27 Kuopio.

156 1429 152 21 Diskussionen
323 1429 7 21 i
345 1429 70 22 denna
430 1429 62 27 fräga
508 1430 109 27 öppnades
632 1429 23 21 af

154 1480 32 21 Hr
193 1480 25 21 K.
228 1480 98 26 Antell,
335 1486 45 16 som
388 1480 98 27 yttrade:
498 1480 50 22 Med
556 1481 114 27 anledning
678 1480 23 22 af
707 1480 125 22 ständernas
840 1477 72 21 beslut

86 1508 33 21 vid
135 1510 84 20 senaste
234 1508 102 27 landtdag
351 1508 41 22 och
402 1509 66 21 sedan
479 1515 126 21 noggranna
615 1509 138 21 ekonomiska
764 1508 39 22 och
813 1504 100 24 tekniska

84 1536 183 27 undersökningar
282 1536 69 22 blifvit
366 1537 126 22 verkstälda
508 1537 140 27 beträffande,
664 1538 47 21 icke
726 1536 76 23 endast
811 1533 102 27 utgängs-
