1075 1773
214 140 28 21 9
480 147 26 17 R.
519 151 18 13 o.
550 147 24 17 A.
586 147 58 17 1888.
665 148 9 16 1
686 146 57 18 Febr.

210 230 12 13 »
320 232 129 27 tillräckliga
462 232 34 22 för
511 232 156 26 fattigvärdens
681 232 144 26 bestridande,
845 232 54 21 skall
914 232 37 21 det
965 231 44 21 bri-

322 261 75 21 stande
412 260 102 28 beloppet
529 260 116 28 tillskjutas
660 260 60 22 såväl
735 260 56 22 efter
807 260 26 22 de
847 260 100 27 grunder,
962 266 46 15 som

322 288 34 22 för
378 289 137 22 kommunala
537 289 122 27 utskylders
681 289 130 27 erläggande
835 290 38 20 äro
899 288 108 28 stadgade,

322 323 46 15 som
391 317 61 22 äfven
474 324 78 20 genom
577 324 26 15 en
618 318 24 21 af
654 317 243 27 fattigvärdssamhället
910 317 98 22 bestämd

321 346 98 26 personel
442 346 69 27 afgift,
534 346 87 22 hvilken
638 346 96 27 erlägges
757 346 24 22 af
794 346 81 21 enhvar
889 346 10 20 i
913 346 96 20 kommu-

321 380 42 14 nen
379 375 131 28 mantalsjör
526 375 53 21 eller
595 376 220 26 mantalspenningar
831 374 112 21 betalunde
957 381 51 14 man

321 402 52 21 eller
387 404 86 26 gvinna.

389 443 140 26 Helsingfors,
548 443 38 21 den
602 443 27 22 30
644 443 90 22 Januari
750 443 63 22 1888.

720 488 92 22 Edvard
827 488 112 27 Hisinger.

287 545 66 22 Detta
367 545 175 27 motionsförslag
558 545 112 22 bordlades
686 546 32 21 till
734 547 63 20 nästa
811 545 92 27 plenum.

348 669 143 31 Äterinförando
511 677 22 23 af
552 677 99 23 hundskatt
665 676 24 30 pä
704 676 135 29 landsbygden.

251 732 129 27 Ytterligare
395 733 111 28 föredrogs
523 734 24 21 af
558 734 56 21 Frih.
630 735 53 21 Edv.
699 735 101 26 Hisinger
815 735 32 20 ett
861 733 90 22 sälunda
963 733 44 22 for-

183 760 106 21 muleradt
303 761 182 28 motionsförslag:

346 818 41 21 Till
403 819 124 27 Höglofliga
542 819 156 28 Ridderskapet
714 819 40 22 och
769 819 75 21 Adeln.

469 865 116 22 Vördsamt
600 865 119 22 memorial.

251 903 75 22 Säsom
348 904 89 22 allmänt
459 906 70 21 kändt
551 906 60 21 torde
633 912 57 18 vara,
711 906 42 21 har
768 905 122 21 hundarnas
906 904 58 22 antal
979 904 28 27 pä

180 932 81 26 landet,
284 932 54 22 efter
352 933 163 28 tillämpningen
538 934 22 21 af
580 934 40 22 den
636 941 19 15 n.
671 934 65 27 kung.
752 934 25 20 af
790 934 41 21 den
846 934 27 20 20
888 932 120 22 November

181 960 63 24 1882,
268 967 46 15 som
337 962 88 26 stadgar
447 964 33 19 att
500 963 119 26 utgörande
634 962 23 21 af
671 963 59 20 skatt
745 962 35 21 för
794 962 84 21 hundar
893 961 28 27 pä
934 961 74 21 landet

180 988 36 21 mä
238 989 118 22 tillsvidare
370 990 105 27 upphöra,
495 991 81 27 hastigt
591 991 39 22 och
645 991 7 21 i
668 991 79 26 otrolig
762 990 78 27 mängd
856 990 93 27 tilltagit,
965 989 40 22 och

180 1017 61 21 faran
258 1017 62 22 deraf
332 1018 59 21 såväl
406 1019 34 21 för
455 1019 41 21 den
513 1020 93 21 ordnade
619 1020 73 27 jagten
708 1025 47 16 som
771 1019 34 21 för
819 1018 155 27 utbredningen
985 1018 23 21 af

179 1045 145 27 vattuskräck,
340 1047 79 21 Rabies
435 1047 90 27 Canina,
539 1047 69 22 blifvit
626 1048 99 21 alltmera
736 1047 102 22 hotande.
858 1047 74 21 Redan
943 1046 64 22 hafva

179 1073 38 22 fall
233 1074 24 21 af
270 1075 78 22 Rabies
364 1075 81 22 Canina
459 1077 8 20 i
482 1077 48 20 stor
542 1077 78 26 mängd
634 1077 8 20 i
657 1078 59 20 östra
731 1076 88 21 delarne
835 1075 24 22 af
871 1075 73 21 landet
963 1081 43 15 om-

179 1102 77 27 talats;
277 1103 38 27 jag
329 1103 37 22 vill
381 1105 76 21 endast
471 1104 101 27 päminna
587 1111 34 16 om
636 1107 33 19 att
683 1105 68 21 fallen
765 1105 8 21 i
788 1104 118 22 Sordavala
919 1103 87 22 trakten

178 1131 70 22 under
262 1131 77 22 hösten
353 1133 56 21 varit
424 1133 24 21 sä
462 1133 80 22 talrika
556 1135 33 20 att
603 1135 134 26 guvernören
753 1134 7 20 i
776 1133 100 26 Wiborgs
890 1132 36 21 län
936 1132 71 21 funnit

178 1159 49 22 skäl
249 1160 108 27 förordna,
381 1161 36 22 det
440 1162 43 21 alla
506 1162 82 21 hundar
610 1163 56 20 inom
690 1162 121 21 Sordavala
826 1161 67 21 härad
911 1161 35 20 vid
965 1161 42 20 100

177 1188 73 21 marks
265 1189 44 21 vite
324 1189 69 22 skulle
408 1190 69 21 hällas
492 1191 94 26 bundna,
602 1191 39 21 och
656 1191 47 21 icke
719 1191 69 20 heller
803 1189 84 27 förbigä
901 1189 41 21 den
957 1189 49 21 med

177 1216 79 22 Rabies
279 1217 115 22 behäftade
416 1219 77 21 katten
509 1219 7 20 i
530 1219 156 26 Jaakimvaara,
710 1225 48 15 som
780 1218 25 21 sä
819 1218 38 21 illa
871 1217 94 27 tilltygat
980 1223 25 15 en

178 1245 84 27 avinna,
286 1248 33 19 att
341 1246 42 22 hon
406 1249 76 25 genast
498 1247 67 22 måste
584 1247 59 22 föras
658 1248 34 21 till
706 1247 77 22 läkare
797 1247 8 21 i
821 1245 33 22 S:t
869 1245 134 27 Petersburg.

176 1273 79 22 Derför
278 1276 24 19 är
324 1274 61 23 faran
408 1278 46 19 stor
476 1277 35 20 att
533 1277 68 21 denna
618 1277 99 26 sjukdom
733 1276 48 21 åter
795 1275 78 22 liksom
887 1274 47 21 före
951 1274 54 21 1878

176 1302 104 22 utbreder
296 1303 31 27 sig
342 1304 73 21 vidare
431 1305 7 20 i
453 1305 74 21 landet
541 1307 101 19 vesterut.

246 1331 143 28 Begagnande
405 1333 43 27 mig
463 1333 25 21 af
502 1333 39 21 den
558 1333 120 22 Ständerna
688 1333 95 26 Nädigst
793 1331 158 22 tillförsäkrade
962 1336 44 15 mo-

176 1359 130 22 tionsrätten
321 1361 67 27 vägar
401 1361 38 28 jag
454 1362 110 21 vördsamt
579 1361 79 22 föreslä
674 1363 33 20 att
722 1361 26 22 R.
765 1367 19 15 o.
796 1361 25 21 A.
833 1361 50 21 ville
893 1359 114 28 godkänna

176 1387 41 21 och
240 1389 78 26 antaga
337 1389 94 27 följande
447 1391 116 26 lagförslag
578 1391 39 21 och
632 1390 90 27 inbjuda
738 1390 27 21 de
780 1389 69 27 öfriga
864 1388 95 22 Ständen
974 1389 33 19 att

177 1415 73 22 derom
266 1417 32 26 sig
313 1417 81 22 förena.
