1078 1761
205 144 42 21 412
461 151 24 17 R.
498 155 18 13 o.
528 151 22 16 A.
560 151 57 17 1888.
631 151 21 17 10
660 151 63 17 Mars.

177 239 74 24 spoten
276 237 74 26 döden,
373 242 44 15 som
440 236 61 21 aktar
523 236 94 21 hvarken
639 236 164 27 regeringsform
828 236 51 22 eller
893 236 105 27 riksäags-

176 264 75 22 beslut.
282 265 42 21 Det
346 267 23 19 är
391 265 69 21 derför
482 265 160 26 propositionen
664 265 87 26 uttalar,
775 266 33 20 att
824 265 40 21 den
879 265 119 27 föreslagna

177 293 161 27 äldersgränsen
353 294 74 20 endast
440 294 8 20 i
463 293 69 27 nägon
548 294 48 20 män
611 295 63 25 utgör
689 300 26 14 en
731 293 103 22 afvikelse
844 294 46 21 frän
900 293 97 27 gällande

176 322 131 26 stadganden
329 322 107 26 angående
458 322 192 26 statstjenstemäns
672 322 134 27 rättigheter.
837 322 120 21 Afvikelsen
973 324 24 19 är

176 350 105 27 nämligen
297 356 57 16 mera
368 350 73 22 formel
456 352 28 20 än
499 351 73 26 saklig.
603 350 46 21 Den
664 351 63 21 berör
742 351 106 27 grundlag
863 351 39 21 och
917 351 40 21 den
972 353 25 19 är

177 378 70 22 derför
262 379 105 21 beroende
382 379 23 21 af
417 379 98 27 samtliga
530 380 73 20 ständs
618 379 65 26 bifall,
699 386 49 14 men
764 380 93 26 egentlig
872 380 88 26 ändring
975 379 23 21 af

175 408 104 26 grundlag
301 408 110 27 föreligger
425 408 51 21 icke.
508 408 45 21 Min
568 408 133 21 vördsamma
716 408 67 21 tanke
798 410 24 19 är
838 408 69 21 derför
921 410 32 19 att
971 408 26 21 de

175 436 64 21 ärade
261 439 158 19 reservanterne
441 436 81 21 kunnat
544 442 63 21 spara
622 437 25 20 de
662 438 59 19 stora
736 437 135 26 principerna
885 437 32 20 till
933 437 64 20 annat

175 465 89 25 tillfälle,
289 465 26 21 då
337 465 26 21 de
385 465 69 22 bättre
477 465 107 21 behöfvas.
615 465 48 21 Man
679 465 39 21 bör
733 465 48 21 icke
796 465 7 21 i
819 465 45 21 otid
879 465 69 21 ikläda
963 464 33 27 sig

174 493 39 21 full
228 493 96 27 rustning
339 494 48 21 med
404 494 46 21 lans
465 493 39 22 och
519 500 95 20 sporrar;
625 494 76 21 sädant
716 493 44 22 kan
775 494 41 21 lätt
831 494 31 21 slä
877 493 58 22 öfver
949 493 46 21 frän

175 521 35 22 det
225 522 114 26 allvarliga.

243 550 43 21 För
307 552 32 19 att
353 557 29 15 nu
396 551 54 21 ifrån
466 551 157 21 reservationen
639 551 133 21 återkomma
787 551 33 21 till
835 551 73 27 sjelfva
922 550 72 27 saken,

174 578 38 22 ber
224 579 37 27 jag
276 581 32 19 att
322 579 121 27 ytterligare
458 579 22 21 få
501 579 112 21 framhålla
627 581 32 19 att
674 582 73 18 senast
762 579 127 21 församlade
904 579 91 21 rektors-

173 608 58 20 möte
245 608 96 21 förordat
355 614 28 15 nu
397 608 8 21 i
419 608 61 26 fråga
494 608 93 21 varande
602 608 222 27 författningsförslag.
854 608 33 20 Då
902 608 31 26 de,
949 614 46 15 som

174 636 48 21 bäst
243 636 70 21 känna
335 636 73 22 skolan
431 637 39 21 och
486 637 47 21 dess
548 636 70 26 behof,
635 638 69 20 ansett
719 637 129 27 stadgandet
863 636 77 27 nyttigt
955 636 40 21 och

173 664 107 28 behöfligt,
295 665 64 27 vägar
372 665 37 27 jag
423 665 86 27 hoppas,
526 667 32 19 att
573 664 113 28 höglofliga
700 666 24 21 R.
742 672 18 15 o.
778 666 24 20 A.
818 665 47 21 icke
879 665 54 21 skall
941 666 54 20 mot-

173 695 56 19 sätta
244 694 32 26 sig
291 694 120 21 detsamma.

242 750 32 21 Hr
296 750 25 21 K.
344 750 118 22 Antell:
494 750 49 22 Man
565 751 39 21 har
626 750 108 22 tillerkänt
750 750 70 22 denna
835 750 58 27 fräga
908 756 25 16 en
949 753 45 19 stor

172 778 109 28 principiel
297 779 106 27 betydelse
419 779 38 21 och
472 779 32 21 för
520 782 32 18 att
567 779 73 27 främja
656 780 123 20 densamma
794 778 62 22 hafva
865 779 50 21 flere
926 778 66 22 talare

173 808 68 26 ingått
256 807 6 21 i
278 814 25 14 en
319 808 98 21 historisk
437 808 123 26 utläggning
571 814 33 15 om
615 808 290 26 inamovibilitetsprincipens
915 808 77 26 grund-

171 838 74 24 satser,
269 836 46 21 dess
338 836 126 27 utveckling,
487 837 47 21 dess
556 836 161 22 aristokratiska
740 842 112 21 ursprung,
867 836 46 21 dess
929 836 63 21 ända-

171 864 146 25 mälsenlighet
339 871 26 15 m.
389 871 26 14 m.
445 865 41 26 Jag
508 865 41 20 kan
572 864 33 21 för
627 864 42 21 min
685 864 34 21 del
735 864 47 22 icke
798 864 65 21 förstä
879 866 30 19 att
925 864 68 21 denna

171 892 38 21 sak
230 892 7 21 i
260 893 47 20 dess
329 892 131 27 tillämpning
482 893 68 21 skulle
572 893 80 21 erhälla
672 893 70 26 nägon
758 893 105 26 synnerlig
878 892 114 27 betydelse,

172 922 28 25 ty.
223 921 69 21 säsom
311 921 78 26 jemväl
412 922 104 21 utskottet
536 921 121 22 framhäller
671 922 28 26 pä
714 927 48 21 pag.
780 922 12 20 4
808 921 22 21 af
843 921 149 26 betänkandet,

172 949 38 21 der
225 955 25 15 en
265 949 102 21 statistisk
383 949 81 28 uppgift
478 949 66 22 finnes
560 949 96 28 vidfogad
672 949 59 22 öfver
746 949 82 22 antalet
842 949 22 22 af
877 949 26 22 de
925 949 68 22 lärare

171 977 36 22 vid
229 978 50 21 vära
301 977 104 24 läroverk,
428 985 44 14 som
496 979 90 26 uppnätt
608 978 50 21 eller
674 978 136 21 öfverskridit
825 978 166 26 äldersgränsen,

171 1005 57 22 finna
250 1006 19 21 vi
289 1008 32 19 att
337 1007 70 20 dessas
423 1007 57 21 antal
495 1007 33 21 för
542 1007 130 21 närvarande
688 1006 60 21 öfver
763 1006 48 21 hela
825 1006 72 21 landet
911 1007 82 26 uppgär

171 1034 32 21 till
229 1035 31 22 19,
283 1034 81 22 således
379 1035 46 22 icke
440 1041 37 16 ens
492 1035 32 21 till
540 1037 12 20 5
568 1036 28 27 ?/,
611 1035 22 22 af
646 1035 84 22 landets
746 1035 49 21 hela
810 1035 112 21 lärarekär.
951 1034 42 27 Jag

170 1062 43 21 kan
227 1063 46 21 icke
289 1063 65 21 förstå
369 1065 32 20 att
416 1064 36 21 det
466 1063 67 22 skulle
548 1064 63 21 hafva
625 1065 69 25 någon
710 1063 107 28 synnerlig
832 1063 94 27 praktisk
944 1063 48 21 bär-

171 1091 48 21 vidd
242 1091 32 21 för
296 1091 221 28 skolundervisningen
537 1092 6 21 i
558 1092 79 26 landet,
653 1099 34 14 om
703 1099 29 14 nu
747 1092 114 21 ständerna
875 1091 67 22 skulle
957 1091 35 22 be-

170 1121 91 20 stämma
283 1121 32 20 att
337 1120 26 21 de
385 1121 120 26 antagligen
520 1121 26 25 få,
562 1127 45 15 som
623 1120 113 22 framdeles
752 1120 129 21 öfverskrida
895 1122 96 24 gränsen,

170 1147 68 22 skulle
253 1148 101 22 afskedas.
385 1149 40 26 Jag
440 1152 46 18 tror
500 1151 32 19 att
548 1149 36 21 det
598 1149 66 21 skulle
680 1148 70 22 finnas
765 1149 84 26 mycket
863 1155 45 14 mer
922 1148 71 21 anled-

169 1176 50 26 ning
234 1176 7 20 i
256 1176 49 22 flere
321 1176 35 21 fall
371 1179 33 19 att
419 1178 23 20 så
457 1177 99 27 lagstifta,
571 1179 33 19 att
619 1184 47 14 man
682 1176 70 22 skulle
767 1177 71 21 kunna
853 1178 50 25 göra
919 1176 30 26 sig
972 1176 22 21 af

170 1204 48 21 med
233 1204 122 25 skollärare,
371 1212 45 14 som
432 1207 37 19 äro
484 1206 120 26 olämpliga,
619 1212 49 15 vare
683 1205 33 27 sig
732 1205 48 21 med
795 1204 111 27 anledning
921 1204 22 22 af
951 1204 42 21 bri-

169 1233 74 21 stande
251 1233 87 27 insigter
345 1233 52 22 eller
407 1234 39 21 ock
458 1234 110 26 oskickligt
579 1236 102 24 umgänge
692 1234 50 21 med
751 1233 75 26 elever,
838 1233 50 22 eller
901 1239 47 15 vare
959 1232 32 27 sig

169 1260 98 28 slutligen
283 1262 48 21 med
346 1262 113 27 anledning
474 1262 22 22 af
509 1262 128 27 oordentligt
651 1262 99 24 lefverne,
767 1262 79 26 hvarpå
858 1262 24 26 ju
892 1262 45 21 icke
948 1260 44 22 hel-

168 1288 32 22 ler
215 1290 93 27 exempel
323 1290 78 22 saknas
415 1290 8 21 i
438 1291 46 21 vårt
499 1291 56 21 land.
581 1291 48 21 Men
641 1291 37 27 jag
694 1292 68 20 måste
778 1297 51 15 vara
844 1296 49 16 ense
908 1290 47 21 med
966 1289 26 21 de

168 1317 60 22 fleste
251 1319 62 21 ärade
336 1319 67 21 talare
419 1319 72 21 derom
506 1321 32 19 att
554 1319 40 21 den
609 1319 121 26 föreslagna
744 1318 105 22 reformen
863 1318 88 22 innebär
965 1324 27 15 en

167 1346 77 26 partiel
267 1346 100 22 afvikelse
387 1348 46 20 från
448 1348 38 21 bos
502 1354 34 15 oss
551 1348 109 21 historiskt
675 1347 100 27 gällande
790 1348 136 26 grundsatser
940 1346 52 22 eller

167 1374 47 22 från
236 1375 286 28 inamovibilitetsprincipen,
545 1382 45 15 som
613 1376 56 21 inom
692 1376 27 21 de
742 1375 100 22 nordiska
863 1375 129 21 samhällena

168 1404 153 20 sammanvuxit
343 1405 48 21 med
415 1404 39 22 den
475 1404 105 22 allmänna
596 1404 168 28 uppfattningen.
797 1404 39 22 Om
852 1404 58 21 detta
925 1410 28 14 nu
968 1405 24 19 är

167 1430 67 27 fallet,
256 1432 80 21 hvilket
359 1433 99 21 särskildt
480 1433 32 21 Hr
533 1433 53 21 Rein
608 1434 23 20 så
653 1432 79 28 tydligt
754 1432 117 27 ådagalagt,
887 1432 51 24 (han
953 1432 39 20 har

166 1459 106 27 nämligen
287 1460 122 27 framhållit,
425 1461 99 21 hurusom
540 1461 131 26 småningom
686 1460 114 22 afvikelser
814 1461 67 26 gjorts
891 1460 45 21 från
947 1460 44 21 ina-

166 1487 259 28 movibilitetsprincipen),
441 1495 33 15 om
491 1490 58 21 detta
564 1489 107 27 verkligen
693 1491 25 19 är
742 1495 26 15 en
787 1488 75 28 partiel
885 1487 106 25 afvikelse,

167 1517 24 20 så
206 1519 24 19 är
243 1517 36 26 jag
294 1517 13 21 å
322 1517 67 21 andra
404 1517 60 22 sidan
478 1517 48 22 fullt
541 1523 49 16 ense
606 1518 47 21 med
668 1519 162 20 reservanterne
846 1516 43 22 deri
905 1518 31 19 att
956 1516 35 22 det

167 1550 51 16 vore
234 1551 58 16 mera
306 1545 89 22 korrekt
410 1547 32 20 att
456 1545 107 28 förelägga
578 1546 103 21 reformen
697 1545 35 22 för
746 1546 114 21 ständerna
874 1545 7 21 i
896 1545 32 22 sin
947 1545 43 22 hel-
