1070 1767
186 140 28 22 30
467 146 25 18 R.
506 151 17 13 o.
536 147 22 16 A.
576 147 59 17 1888.
647 147 26 17 25
685 146 48 17 Jan.

226 231 42 27 Jag
274 232 37 21 vill
326 232 7 21 i
348 231 153 28 sammanhang
516 232 90 21 härmed
620 234 79 19 nämna
707 233 32 20 att
754 231 7 22 i
776 231 10 28 $
803 232 24 20 11
845 230 67 22 finnes
927 231 58 21 stad-

158 261 60 26 gadt:
249 261 64 26 Barn,
322 267 45 15 som
383 260 46 27 fyllt
446 261 25 20 12
487 261 31 26 är,
534 261 42 25 mä,
591 261 7 20 i
613 260 101 22 händelse
730 260 132 21 föräldrarne
877 259 52 22 eller
944 259 40 22 den

158 289 23 21 af
195 289 54 26 dem,
265 289 85 22 hvilken
366 289 85 22 barnets
466 290 53 21 vård
541 289 93 27 lagligen
649 289 79 24 tillhör,
753 288 85 27 öfvergä
860 287 33 22 till
915 294 69 15 annan

158 317 99 25 troslära,
273 317 48 27 sjelf
333 317 78 27 afgöra,
428 324 17 15 o.
463 324 15 15 s.
495 324 19 15 v.
544 318 41 27 Jag
600 317 67 22 finner
685 317 47 22 icke
756 317 40 21 den
818 317 94 26 ringaste
933 316 52 21 reci-

158 346 92 27 procitet
265 346 31 21 uti
311 346 77 21 tanken
405 348 31 19 att
452 353 25 14 en
496 346 98 27 medlem,
618 346 84 21 hvilken
723 346 78 21 önskar
823 346 51 26 utgä
892 345 46 21 frän
953 346 32 20 ett

158 374 174 27 kyrkosamfund,
348 375 38 21 bör
401 375 62 22 hafva
478 376 92 26 uppnått
586 376 24 20 21
627 376 31 25 år,
674 375 68 21 under
758 375 36 21 det
808 376 33 19 att
859 380 26 15 en
907 379 77 22 person

159 403 34 21 vid
205 403 25 20 12
246 403 35 21 ärs
297 403 58 22 älder
375 403 136 22 tillerkännes
527 406 50 24 rätt,
600 405 32 20 att
647 403 97 27 bedöma,
753 409 34 16 om
803 403 43 21 han
861 402 36 21 vill
912 401 73 28 ätfölja

158 431 46 22 sina
218 431 105 22 föräldrar
337 432 37 21 vid
390 433 61 21 deras
467 432 115 27 öfvergäng
597 432 31 22 till
644 438 70 15 annan
730 431 180 26 trosbekännelse,
933 430 52 21 eller

159 462 130 25 gvarstanna
312 460 7 21 i
342 461 39 21 den
404 461 41 22 han
468 461 57 22 förut
540 461 89 22 tillhört.
660 461 10 21 I
686 461 36 21 det
737 461 57 21 förra
809 459 60 22 fallet
884 465 49 15 vore
949 459 36 21 det

159 488 112 27 högeligen
288 489 119 23 önskvärdt,
425 492 31 19 att
471 489 232 27 äldersbestämningen
717 489 110 22 nedsattes
842 488 33 21 till
891 489 26 21 18
932 488 30 25 är,
977 487 7 20 i

159 523 75 16 senare
249 517 59 22 fallet
323 520 32 19 att
370 518 160 27 äldersgränsen
546 518 73 27 höjdes
634 518 33 21 till
691 519 25 20 15
737 519 30 20 är.
798 517 78 22 Vidare
898 516 86 27 stadgas

160 546 41 26 det,
218 548 38 24 att,
272 553 34 14 om
322 553 25 15 en
363 547 89 21 medlem
468 547 79 21 önskar
562 548 50 25 utgä
635 547 45 21 frän
703 546 110 22 lutherska
835 545 88 27 kyrkan,
945 545 40 21 bör

158 574 42 22 han
206 581 34 15 om
246 575 69 22 denna
323 575 31 22 sin
363 575 62 27 afsigt
433 576 38 21 hos
479 575 160 27 församlingens
647 575 135 28 kyrkoherde
788 575 89 23 anmäla,
882 575 55 20 samt
945 575 38 23 att,

159 603 73 22 sävida
247 603 42 22 han
304 604 132 22 framhärdar
458 605 54 20 isin
536 604 70 27 afsigt,
625 604 64 21 minst
711 605 37 20 tvä
770 603 102 22 mänader
894 601 91 22 derefter

159 631 81 22 infinna
255 633 32 26 sig
302 633 39 21 och
351 633 74 28 förnya
441 633 32 21 sin
488 633 99 21 anmälan
600 633 66 27 jemte
681 632 121 27 afgifvande
818 631 22 22 af
852 630 82 28 uppgift
949 637 34 15 om

160 660 40 21 den
223 661 92 21 troslära
337 661 41 21 han
399 661 105 22 omfattar.
539 661 42 21 Vill
604 662 47 20 åter
673 661 105 21 dissenter
796 661 84 25 öfvergä
896 659 32 21 till
943 659 40 21 den

159 688 111 22 lutherska
292 690 65 26 läran,
374 690 94 22 anmäler
490 690 41 22 han
555 690 73 21 derom
651 689 38 22 hos
712 689 159 27 presterskapet
893 688 7 21 i
914 688 70 26 nägon

160 723 73 21 evang.
256 718 95 22 luthersk
367 718 127 27 församling.
535 718 171 26 Församlingens
731 718 135 27 kyrkoherde
891 716 94 22 anmäler

159 745 95 22 härefter
268 746 65 22 saken
347 747 40 21 hos
403 747 139 27 domkapitlet
558 747 39 21 och
613 746 141 28 domkapitlet
764 746 136 21 underrättar
911 745 74 21 härom

159 775 162 21 töreståndaren
336 776 32 20 för
383 776 40 21 den
439 775 227 27 dissenterförsamling
680 781 105 21 personen
800 774 7 22 i
822 774 60 26 fråga
896 774 87 21 tillhört.

160 802 88 23 Således
263 804 82 21 fordras
360 806 77 20 tvenne
452 804 146 27 anmälningar
613 804 35 21 vid
658 804 108 27 utgången
774 810 25 15 ur
807 809 74 20 evang.
889 802 97 22 luthersk

160 831 129 28 församling,
305 838 47 16 men
365 832 56 22 blott
437 839 25 15 en
477 833 35 21 vid
535 834 107 25 utgången
664 839 25 15 ur
704 839 27 15 en
752 830 232 27 dissenterförsamling.

160 860 44 21 Det
226 862 24 19 är
266 861 87 27 möjligt,
369 863 32 20 att
413 862 37 26 jag
471 861 112 27 misstager
605 861 48 27 mig,
677 867 48 15 men
749 867 35 15 om
805 860 141 21 förhållandet
961 861 25 19 är

160 888 78 22 sådant
249 889 37 27 jag
302 896 27 14 nu
344 889 122 27 framhållit,
489 896 62 15 anser
570 890 43 26 jag,
629 892 33 19 att
677 896 25 15 en
720 889 82 27 princip
817 888 69 22 blifvit
900 888 85 26 kränkt,

160 916 8 22 i
183 917 37 21 det
234 920 33 19 att
281 918 54 22 intet
349 918 94 28 religiöst
458 918 98 22 samfund
570 918 40 22 bör
625 924 40 21 ega
677 918 163 22 företrädesrätt
854 916 87 22 framför
954 919 32 19 ett

160 948 72 24 annat,
255 947 128 21 åtminstone
405 947 52 27 icke,
474 947 26 22 dä
516 948 36 21 det
567 947 66 27 gäller
652 949 32 19 att
702 946 110 28 gvarhälla
834 945 53 22 eller
907 944 79 28 frigöra

158 974 46 22 sina
219 974 144 22 medlemmar.

226 1003 44 21 Det
284 1004 86 26 stadgas
385 1004 72 22 vidare
478 1004 7 21 i
501 1004 11 28 $
529 1005 33 21 15:
593 1004 95 25 ,Varder
713 1003 103 27 rättighet
838 1002 33 22 till
890 1001 95 27 offentlig

156 1030 173 29 religionsöfning
355 1032 22 22 af
398 1033 122 27 församling
542 1032 134 22 missbrukad
698 1033 31 25 så,
751 1033 33 20 att
806 1031 121 27 derigenom
949 1030 36 27 lag

158 1060 40 21 och
220 1060 105 27 sedlighet
346 1061 93 21 kränkas
460 1061 51 22 eller
526 1062 42 26 god
591 1061 90 27 ordning
703 1060 138 25 öfverträdes,
864 1059 53 22 eller
938 1065 47 15 var-

158 1088 38 21 der
225 1089 67 21 sådan
316 1090 144 25 regelbunden
484 1090 126 26 gudstjenst,
635 1096 46 15 som
707 1090 49 20 dess
785 1087 200 26 samfundsordning

156 1116 92 27 kräfver,
271 1117 46 22 icke
339 1118 166 27 upprätthällen,
520 1119 42 26 må,
586 1118 53 21 efter
654 1117 100 28 anmälan
769 1117 80 25 derom,
867 1115 118 22 församlin-

156 1151 42 21 gen
220 1145 23 22 af
264 1148 87 20 senaten
374 1146 104 23 förklaras
498 1153 51 15 vara
571 1146 106 27 upplöst."
711 1146 69 21 Äfven
803 1145 69 22 denna
893 1144 92 21 bestäm-

156 1173 66 22 melse
238 1176 25 19 är
280 1177 109 24 strängare
404 1175 7 21 i
427 1175 59 22 detta
507 1175 86 27 förslag,
615 1177 28 19 än
665 1175 8 20 i
692 1175 41 21 den
756 1174 90 21 svenska
867 1172 118 23 förordnin-

156 1208 48 21 gen.
234 1203 211 22 Der:frånkännes
434 1196 15 38 i
467 1204 56 21 vissa
545 1203 37 22 fall
604 1203 129 27 rättigheten
757 1204 33 20 att
811 1202 58 22 hålla
891 1200 94 27 offentlig

156 1231 126 27 gudstjenst,
312 1238 48 15 men
391 1233 37 20 der
458 1233 86 26 stadgas
573 1232 46 21 icke
641 1234 33 19 att
698 1231 151 27 församlingen
878 1230 106 27 upplöses.

155 1259 42 28 Jag
221 1261 130 21 åtminstone
376 1261 39 22 har
439 1261 47 22 icke
510 1262 83 21 kunnat
617 1267 62 15 svara
701 1261 28 26 på
753 1260 40 21 den
816 1259 82 27 frågan,
922 1257 63 32 hvart

156 1294 27 15 en
205 1289 67 21 sådan
295 1289 86 27 upplöst
403 1289 123 28 församling
547 1289 55 22 skall
623 1291 51 24 taga
695 1289 85 26 vägen?
809 1286 127 28 Antagligen
951 1285 34 22 till

156 1317 137 27 statskyrkan
318 1317 96 22 tillbaka.
454 1318 40 22 Om
519 1319 24 21 så
568 1320 24 19 är
616 1317 119 28 meningen,
759 1317 67 27 ligger
848 1316 37 21 det
906 1315 79 26 någon-

155 1345 47 27 ting
216 1346 89 27 sorgligt
320 1345 33 22 uti
367 1348 33 20 att
415 1347 42 21 den
479 1353 41 15 ena
541 1346 82 22 kristna
644 1345 151 27 församlingen
818 1344 55 23 skall
894 1343 92 22 behöfva

156 1375 110 26 emottaga
282 1374 42 24 det,
341 1381 46 15 som
402 1375 47 22 icke
464 1377 24 20 är
503 1375 63 22 värdt
580 1376 33 20 att
628 1374 87 22 tillhöra
731 1374 41 21 den
786 1373 74 22 andra.

224 1402 42 27 Jag
290 1403 38 22 ber
350 1405 34 20 att
405 1403 34 22 till
460 1404 38 21 sist
520 1403 22 22 få
562 1405 113 20 omnämna
689 1404 34 20 att
737 1402 31 22 uti
791 1401 137 27 ,förordning
951 1406 35 16 om

155 1437 78 16 ansvar
255 1431 33 22 för
307 1431 47 27 den,
377 1438 46 16 som
447 1432 97 27 olofligen
566 1431 80 22 förmår
664 1432 72 25 någon
751 1430 34 23 till
801 1430 115 27 öfvergång
938 1428 48 23 från

156 1465 26 16 en
197 1459 93 22 troslära
305 1460 31 21 till
353 1467 26 15 en
395 1463 83 20 annan"
494 1461 87 26 stadgas
596 1462 43 20 att:
670 1460 61 25 ,Den
754 1466 46 15 som
822 1464 77 22 genom
914 1458 71 27 tvång,

155 1488 59 27 svek,
237 1488 63 27 gåfva
314 1488 53 22 eller
381 1489 52 22 löfte
448 1495 34 16 om
497 1489 69 26 timlig
580 1488 67 23 fördel
661 1488 81 22 förmår
757 1488 91 21 medlem
864 1486 22 22 af
899 1487 66 25 något
978 1485 8 22 i

154 1516 93 22 Finland
258 1517 97 25 erkändt,
371 1517 79 22 tillåtet
464 1518 52 22 eller
531 1517 57 22 tåldt
602 1516 198 28 religionssamfund
815 1517 33 21 att
858 1515 85 26 öfvergå
953 1513 33 22 till

156 1551 70 15 annan
244 1545 99 27 troslära,
360 1545 52 23 eller
427 1552 75 21 genom
519 1546 42 27 dop
576 1545 53 23 eller
643 1551 70 16 annan
729 1544 77 28 åtgärd
820 1543 111 23 befordrar
949 1543 37 21 nä-
