1081 1761
214 144 41 20 468
462 150 24 16 R.
499 154 17 12 0.
529 150 23 17 A.
562 150 59 17 1888.
635 150 21 17 17
664 150 62 17 Mars.

184 234 96 27 barligen
303 234 46 22 icke
372 235 56 21 velat
451 235 81 21 bränna
556 236 45 20 sina
623 235 85 27 fingrar,
732 238 54 18 utan
802 236 54 20 stött
871 235 49 21 hela
935 235 75 27 frågan

184 263 55 21 ifrån
263 263 38 27 sig,
325 264 39 20 och
386 263 24 21 så
431 266 40 25 gör
485 264 65 22 också
562 264 37 27 jag
616 264 38 22 och
670 264 37 22 det
722 265 6 21 i
745 264 41 21 den
801 264 159 21 fosterländska
974 270 36 15 en-

184 292 100 26 drägtens
300 292 96 21 intresse.

255 348 33 21 Hr
303 349 23 20 A.
344 348 22 21 F.
383 348 121 22 Granfelt
520 349 144 22 understödde
681 349 31 21 Hr
726 349 173 26 Tavaststjernas
909 349 100 21 anhållan

183 382 34 15 om
233 376 159 27 bordläggning.

255 434 32 21 Hr
302 433 94 22 Taube:
420 434 32 21 Då
472 435 139 21 förevarande
627 434 136 22 betänkande
779 433 71 22 blifvit
865 433 107 26 motsagdt
988 433 22 20 af

183 462 57 21 Frih.
257 468 41 15 von
313 462 94 26 Alfthan,
423 463 85 21 hvilken
524 464 32 20 till
572 469 25 16 en
614 463 33 21 del
663 463 52 21 eller
730 462 137 21 modifieradt
882 461 127 22 understödt

183 491 165 22 reservationen,
370 491 24 21 sä
416 491 96 22 anhäller
532 492 37 27 jag
591 494 33 19 att
639 491 21 21 fä
676 493 58 25 yttra
750 491 68 26 nägra
834 491 38 20 ord
888 490 33 21 för
936 490 72 21 betän-

183 519 91 21 kandets
290 520 125 26 antagande.
445 520 57 21 Frih.
525 527 39 14 von
580 521 88 20 Alfthan
683 518 74 28 utgick
772 519 48 21 från
836 519 41 21 den
891 519 117 27 grundsyn-

182 547 103 28 punkten,
308 549 38 25 att,
370 548 28 21 dä
420 549 53 20 skön
496 549 63 21 konst
582 549 38 21 hos
636 555 34 14 oss
687 549 63 26 njutit
767 548 73 26 rikligt
855 548 116 21 understöd
986 547 24 21 af

183 578 76 23 staten,
276 577 40 20 den
339 577 131 21 dramatiska
492 577 96 26 konsten,
612 577 167 25 mälarkonsten,
801 576 102 24 musiken,
919 575 23 21 sä
957 582 50 14 vore

183 605 37 21 det
234 606 44 20 rätt
294 606 38 20 och
349 605 75 27 billigt,
440 608 32 18 att
487 608 71 18 staten
568 606 62 21 äfven
640 605 68 21 skulle
719 604 133 22 understöda
860 604 147 21 skriftställar-

182 633 162 21 verksamheten
367 634 47 21 med
436 634 101 27 lämpliga
560 635 79 25 anslag.
669 634 41 26 Jag
734 633 70 21 finner
819 633 47 21 icke
882 632 64 28 nägot
962 632 45 22 skäl

182 663 33 20 att
230 661 90 21 sälunda
342 662 97 21 använda
461 664 81 20 statens
558 663 47 25 dyrt
620 662 135 22 förvärfvade
771 662 77 26 medel,
864 661 39 21 och
916 661 37 27 jag
968 661 39 21 har

182 690 61 21 alltid
266 690 48 21 med
336 691 94 21 särdeles
452 691 99 27 afvoghet
574 691 110 21 betraktat
699 691 26 21 de
741 691 81 26 anslag,
838 696 46 15 som
898 689 72 28 gifvits
985 689 22 22 ät

182 718 129 22 konstnärer
333 719 33 21 för
384 720 92 21 idkande
492 720 22 21 af
527 720 87 21 studier.
644 720 88 20 Enhvar
748 725 70 15 annan
834 719 38 21 hos
888 724 35 16 oss
937 718 69 22 mäste

182 747 50 27 sjelf
246 748 95 20 bestrida
355 748 144 21 kostnaderna
515 748 39 22 och
570 748 49 27 sjelf
632 748 133 21 underkasta
781 748 31 26 sig
824 748 43 20 alla
875 746 131 27 svärigheter

181 775 35 22 vid
231 775 147 22 inhemtandet
400 776 22 21 af
443 777 121 26 kunskaper
584 777 33 21 för
633 777 41 20 den
689 777 57 20 bana
762 776 43 21 han
820 776 50 21 valt.
900 775 106 27 Antingen

181 810 27 15 en
223 811 78 19 person
323 805 96 21 inträder
433 805 7 21 i
455 805 100 27 kyrkans,
578 807 88 24 statens,
689 805 53 21 eller
758 805 37 20 det
810 803 111 28 praktiska
936 803 70 22 lifvets

182 833 66 26 tjenst
271 833 67 21 mäste
361 833 42 21 han
426 834 48 27 sjelf
494 834 57 27 sörja
566 833 33 22 för
614 834 33 21 sin
662 833 117 22 fortkomst
794 833 39 21 och
850 833 86 26 hoppas,
951 834 33 19 att
999 833 7 20 i

180 860 115 22 framtiden
317 861 41 21 den
376 863 129 26 anställning
520 863 52 20 eller
588 863 36 20 det
639 861 87 24 förvärf,
743 861 88 21 hvartill
846 861 42 21 han
903 861 56 26 gjort
974 861 31 25 sig

180 889 98 27 skicklig,
293 889 54 21 skall
362 892 81 19 ersätta
458 891 61 21 dessa
534 890 121 22 kostnader.
687 890 28 22 Sä
730 890 68 20 borde
812 889 63 21 äfven
885 895 51 15 vara
946 888 60 22 fallet

179 918 50 21 med
244 918 26 21 de
286 918 67 21 sköna
368 918 126 22 konsternas
509 919 74 21 idkare
599 919 39 21 och
654 919 112 27 lärjungar
782 918 39 21 och
836 917 106 21 mähända
956 918 49 20 med

180 948 57 19 ännu
260 952 58 16 mera
340 947 53 26 skäl,
416 949 23 25 ty
455 948 46 26 den,
518 954 45 15 som
579 948 33 20 för
627 947 116 21 framtiden
759 952 66 21 egnar
840 946 32 27 sig
887 946 23 20 ät
924 947 80 19 statens

180 975 52 21 eller
254 975 92 27 kyrkans
369 976 71 26 tjenst,
464 976 95 22 kommer
580 978 33 19 att
635 982 71 20 gagna
728 976 38 20 det
781 975 113 25 allmänna,
913 974 28 21 dä
958 975 47 20 der-

179 1005 58 19 emot
252 1004 26 20 de
293 1003 62 21 flesta
370 1004 23 21 af
406 1004 52 21 vära
473 1005 133 23 konstnärer,
622 1004 66 21 sedan
704 1004 26 21 de
746 1004 49 21 med
806 1002 118 22 understöd
934 1002 23 21 af
966 1002 38 21 all-

178 1034 78 19 männa
272 1032 69 21 medel
351 1033 75 21 vunnit
435 1032 69 28 nägon
516 1033 93 21 särdeles
619 1032 161 26 fullkomlighet
789 1032 7 21 i
806 1032 33 20 sin
850 1032 68 25 konst,
928 1033 76 19 stanna

178 1066 52 20 gvar
252 1060 88 26 utrikes,
364 1061 38 21 och
425 1061 111 21 frukterna
558 1062 85 20 komma
666 1061 57 21 ossi
739 1061 65 26 högst
818 1060 22 21 fä
855 1059 37 22 fall
907 1060 95 26 tillgodo.

178 1088 29 21 Så
222 1088 102 22 förhåller
340 1089 32 27 sig
386 1090 49 20 med
450 1090 74 21 idkare
539 1090 27 26 af!
574 1090 168 25 mälarkonsten,
754 1088 127 27 skulpturen
891 1088 39 21 och
940 1088 64 21 allra-

177 1118 56 20 mest
255 1116 56 22 ändä
333 1118 49 20 med
397 1118 89 26 sängare
502 1118 39 22 och
556 1118 100 22 musiker.
686 1118 32 21 De
734 1117 63 21 flesta
812 1119 76 19 stanna
903 1122 53 21 gvar
970 1119 33 18 ut-

177 1145 57 21 rikes
250 1145 40 21 och
305 1146 119 22 emellertid
446 1146 39 22 har
502 1146 48 22 vårt
565 1146 57 26 land,
638 1152 46 16 som
699 1152 43 21 nog
757 1145 103 22 behöfver
875 1145 46 21 sina
935 1145 69 21 medel
1017 1156 2 2 :

176 1173 35 21 till
226 1174 106 26 ändamål,
348 1180 45 15 som
409 1181 45 14 mer
469 1175 71 20 direkt
554 1181 70 20 gagna
639 1181 41 18 oss,
693 1175 102 20 bekostat
806 1174 62 20 deras
879 1172 124 27 uppfostran

176 1201 41 22 och
239 1202 21 21 vi
282 1202 60 27 njuta
364 1202 33 21 för
413 1203 36 21 det
464 1203 19 21 vi
498 1203 85 26 utgifvit
598 1203 76 21 endast
689 1205 54 18 äran
758 1204 34 19 att
807 1202 63 21 hafva
885 1201 119 27 frambragt

176 1230 81 21 sädana
272 1230 114 27 förmägor.
416 1231 42 21 Det
473 1233 23 19 är
511 1232 124 26 visserligen
650 1231 92 27 mycket,
759 1237 49 14 men
823 1230 21 21 vi
854 1229 64 22 hafva
928 1229 76 27 mänga

176 1259 159 26 nödvändigare
358 1259 66 22 behof
445 1261 32 20 att
498 1259 157 22 tillfredsställa
670 1261 27 20 än
712 1261 34 20 att
762 1259 68 21 skaffa
845 1258 23 21 ät
884 1258 36 21 det
936 1257 68 28 öfriga

176 1287 89 26 Europa
280 1288 108 21 utmärkta
404 1288 86 26 målare,
506 1288 96 27 sångare,
616 1288 130 27 sångerskor
762 1287 40 22 och
818 1287 127 26 skulptörer.
971 1287 32 20 De

174 1315 8 21 i
198 1316 143 26 petitionerna
355 1316 121 27 föreslagna
492 1317 117 21 understöd
621 1317 22 20 åt
653 1316 114 21 inhemska
777 1315 150 22 skriftställare
936 1315 66 21 skulle

174 1344 125 26 visserligen
320 1351 70 20 gagna
412 1345 73 21 landet
507 1351 65 18 mera,
588 1347 27 19 än
631 1345 56 21 hvad
703 1345 26 21 de
745 1344 63 21 flesta
823 1343 74 27 anslag
912 1343 33 21 för
960 1344 43 21 stu-

176 1372 57 21 dium
250 1373 23 20 af
286 1373 54 20 skön
354 1373 65 21 konst
434 1376 58 24 göra,
508 1380 48 15 men
572 1373 28 22 då
615 1373 27 27 på
658 1374 43 21 alla
716 1373 76 26 banor,
804 1378 45 15 som
857 1372 37 27 jag
904 1372 97 25 nämnde,

174 1400 82 21 enhvar
278 1401 70 21 måste
368 1407 22 16 se
406 1402 31 26 sig
457 1402 87 26 tillgodo
561 1403 33 20 att
608 1402 87 21 komma
710 1401 34 21 till
760 1403 32 19 ett
807 1400 49 26 mål,
872 1406 45 15 som
932 1400 71 21 seder-

173 1434 61 16 mera
256 1429 82 21 lemnar
360 1429 79 22 honom
462 1430 54 21 både
532 1430 186 21 tillfredsställelse
734 1429 41 21 och
790 1428 129 27 tillräckliga
934 1428 69 21 medel

173 1456 34 22 för
222 1458 33 20 sin
271 1458 99 26 existens,
393 1458 23 21 så
431 1458 66 21 borde
517 1458 62 21 äfven
594 1458 154 21 skriftställare
764 1457 132 20 underkasta
912 1456 31 27 sig
958 1456 45 21 det-

172 1491 89 16 samma.
292 1485 31 21 Ar
345 1486 36 21 det
404 1493 25 14 en
450 1487 41 26 god
507 1486 157 26 skriftställare,
681 1488 37 19 äro
735 1485 55 21 hans
805 1485 89 21 arbeten
910 1484 92 27 dugliga,

172 1514 80 21 saknar
267 1514 43 21 han
325 1514 47 21 icke
387 1514 39 22 hos
442 1521 34 14 oss
492 1521 26 15 en
533 1515 87 21 läsande
636 1515 84 26 publik;
732 1515 25 20 är
767 1514 44 20 han
821 1519 26 16 en
858 1513 144 26 medelmåtta,

172 1541 24 22 så
212 1543 35 20 må
270 1543 42 20 han
334 1542 67 22 hellre
423 1543 52 21 söka
490 1544 32 25 sig
537 1545 30 20 ett
583 1546 66 18 annat
664 1542 88 26 förvärf,
769 1542 40 21 och
824 1541 67 22 redan
906 1541 7 21 i
928 1541 74 28 början
