1078 1764
220 140 41 21 372
477 147 23 17 R.
514 152 17 12 o.
544 148 22 16 A.
576 148 57 16 1888.
650 147 13 17 6
676 147 63 17 Mars.

193 231 65 26 helsa,
283 245 24 2 —
332 231 38 22 allt
385 232 66 21 under
466 232 36 21 det
517 231 62 28 lagen
594 232 143 27 uttryckligen
752 232 88 27 stadgar
855 233 32 20 att
902 232 26 21 de
944 231 72 26 ,,skola

192 262 75 25 genast
281 261 70 26 gripas
367 260 39 22 och
421 261 6 20 i
442 260 65 21 häkte
522 262 67 19 sättas
604 261 40 20 och
658 261 66 21 sedan
740 261 86 21 dömas"
843 260 31 21 till
889 260 62 22 böter
965 260 51 22 eller

193 289 87 22 allmänt
302 289 82 25 arbete;
408 289 58 21 detta
489 295 76 15 ansvar
588 289 92 21 drabbar
702 289 122 26 visserligen
843 289 40 21 den
899 289 116 26 brottsliga,

193 323 34 16 om
243 317 42 20 hon
301 317 121 21 underlåter
436 319 32 19 att
483 317 63 21 ställa
560 317 32 26 sig
607 317 150 27 reglementets
772 317 131 21 föreskrifter
913 317 32 22 till
956 317 61 22 efter-

193 344 96 27 rättelse;
313 351 47 16 men
382 345 72 28 bryter
476 345 42 21 hon
534 345 17 27 ej
569 346 102 25 deremot,
686 345 33 22 får
734 346 43 21 hon
792 346 89 23 ostördt,
897 346 24 21 år
935 348 24 19 ut
977 345 39 22 och

192 373 24 22 år
238 373 29 24 in,
290 373 71 22 utöfva
379 373 68 22 lasten
462 375 70 20 såsom
548 374 57 27 yrke.
637 374 49 21 Icke
702 375 40 20 den
758 374 155 27 omständighet
929 376 31 19 att
974 374 42 21 hon

193 408 75 21 genom
284 404 31 19 ett
329 401 91 22 lastbart
434 402 40 21 och
489 402 109 26 brottsligt
613 402 24 21 lif
650 403 93 20 kränker
758 402 78 21 allmän
851 402 40 27 lag,
907 404 50 19 utan
969 403 45 24 den,

193 436 34 16 om
242 430 43 21 hon
301 430 129 22 öfverträder
444 430 159 22 föreskrifterna
618 430 7 21 i
642 431 36 21 det
700 431 136 26 reglemente,
859 437 45 15 som
928 431 88 20 bestäm-

192 465 45 15 mer
262 459 101 26 vilkoren,
387 459 118 22 hvarunder
523 459 35 21 det
574 460 33 20 må
623 465 50 15 vara
688 459 69 21 henne
772 459 79 21 tillåtet
866 461 37 23 att,
920 461 53 19 trots
989 458 27 21 la-

193 493 51 20 gens
260 487 49 26 bud,
325 487 72 21 utöfva
411 488 32 21 sin
457 487 49 26 last,
522 489 24 19 är
562 487 42 26 det,
619 494 46 15 som
682 487 73 26 vållar,
772 489 31 20 att
818 487 42 22 hon
875 487 41 22 blir
926 487 90 21 behand-

193 515 35 22 lad
243 515 54 21 efter
312 515 77 22 allmän
404 515 40 27 lag,
461 516 27 21 dä
503 515 63 22 näml.
582 515 133 28 tillämpning
730 516 23 21 af
766 516 48 21 dess
829 515 115 28 stadgande
959 517 58 19 stun-

195 543 48 22 dom
257 544 44 21 kan
315 543 158 28 ifrågakomma.

260 572 33 21 De
308 572 53 26 skäl,
377 573 55 26 uppå
447 573 72 20 hvilka
534 572 32 21 Hr
582 573 146 20 Prokuratorn
744 575 70 19 ansett
830 573 57 21 detta
907 572 110 27 egendom-

192 600 41 27 liga
257 600 132 22 förhållande
411 601 45 21 icke
478 602 50 20 böra
543 601 238 26 päkalla+inskridande
796 601 22 21 af
832 601 95 26 lagarnes
942 601 76 25 högsta

195 629 94 23 väktare,
315 628 93 28 angifvas
430 629 6 21 i
452 627 142 29 föreliggande
609 629 115 21 berättelse
739 630 70 20 såsom
825 629 90 21 varande
930 628 88 22 hufvud-

196 657 94 27 sakligen
313 657 22 21 af
355 659 76 19 tvenne
452 657 52 27 slag,
527 657 63 21 näml.
615 658 43 26 1:0)
674 658 86 22 sådana,
777 664 45 15 som
837 656 88 22 hänföra
941 657 31 26 sig
987 657 31 21 till

197 685 301 28 ylämplighetssynpunkten*,
514 686 19 21 d.
550 692 18 14 v.
584 693 16 15 s.
617 686 79 26 frågan,
714 692 49 19 ,om
787 686 25 21 de
827 686 107 27 påyrkade
948 686 70 26 ätgär-

197 714 65 21 derna
277 714 71 21 kunna
362 720 51 16 vara
428 714 177 27 ändamålsenliga
621 714 39 22 och
676 715 82 26 egnade
773 716 32 20 att
822 714 145 22 åstadkomma
978 714 40 21 den

195 742 128 27 förbättring
344 742 7 21 i
375 742 36 22 det
432 742 122 22 nuvarande
569 743 125 26 tillständet,
713 749 45 15 som
774 742 119 28 antagligen
909 742 48 22 med
972 742 47 22 dem

196 770 109 28 äsyftats*,
322 770 39 22 och
376 772 41 22 2:0)
433 771 79 21 sådana
527 771 46 21 skäl
589 771 22 21 af
624 771 56 27 legal
695 773 39 23 art,
751 771 71 21 hvilka
837 770 127 22 framställas
986 770 33 22 till

195 799 128 21 bemötande
337 799 22 21 af
373 800 54 23 dem,
444 816 8 9 ,
457 799 71 21 hvilka
543 806 51 15 anse
609 800 36 21 det
660 800 154 25 Prokuratorn,
829 799 48 21 med
892 799 80 27 hänsyn
987 799 32 21 till

195 827 73 26 lagens
290 828 39 20 och
352 828 113 21 rättvisans
486 828 49 20 kraf
555 830 54 19 samt
625 828 31 21 till
672 828 56 22 hvad
744 828 52 21 hans
812 828 82 21 embete
909 828 55 26 förty
978 827 41 21 för-

196 857 82 19 menats
294 855 77 27 fordra,
387 856 67 22 borde
470 868 24 3 —
512 856 119 22 oberoende
646 856 23 22 af
682 856 42 22 alla
737 856 81 22 sädana
827 856 135 27 synpunkter,
973 862 46 15 som

197 883 108 22 ofvanföre
327 885 54 21 stått
405 884 72 27 ifråga,
496 884 52 22 eller
563 884 87 27 oafsedt,
667 884 105 22 huruvida
786 887 71 19 satsen
873 884 52 26 ,fiat
937 884 82 27 justitia

195 914 74 25 pereat
291 912 104 22 mundus*
419 913 121 27 derigenom
564 913 32 21 till
619 913 39 21 och
681 914 48 21 med
752 913 68 21 skulle
845 913 6 21 i
876 914 68 25 någon
969 914 50 20 män

196 940 85 22 komma
296 940 32 22 till
343 941 118 27 verklighet
476 954 28 3 —
518 944 50 24 taga
583 941 90 22 initiativ
689 942 87 22 derhän,
796 943 32 20 att
849 941 170 27 reglementerin-

195 974 40 21 gen
251 968 23 22 af
287 969 169 27 prostitutionen,
472 970 18 21 d.
508 976 18 14 v.
543 976 15 15 s.
576 970 218 26 besigtningstvänget
809 970 39 21 och
869 970 150 26 inskrifningen

195 997 38 21 hos
249 997 88 27 polisen,
353 998 115 26 upphäfdes
484 1000 54 19 samt
554 998 26 22 de
595 998 157 27 prostituerade
767 998 136 22 befordrades
919 998 31 21 till
972 998 48 26 laga

195 1028 96 19 ansvar".

264 1054 47 21 Den
327 1054 114 28 bevisning,
458 1061 44 15 som
518 1055 92 27 grundas
625 1056 14 21 å
654 1056 26 21 de
694 1053 148 23 förstnämnda
856 1054 79 26 skälen,
958 1056 62 25 utgör

197 1088 25 16 en
237 1082 124 27 utläggning
377 1082 22 22 af
412 1083 32 21 Hr
459 1083 156 22 Prokuratorns
630 1084 128 21 individuela
779 1083 118 27 åskådning
911 1083 7 21 i
938 1085 80 24 ämnet;

195 1110 68 22 ehuru
285 1111 84 26 mycket
391 1118 50 14 vore
464 1114 31 19 att
514 1112 97 26 invända,
627 1112 95 26 förbigår
734 1112 38 26 jag
786 1112 40 20 här
841 1111 44 21 helt
901 1111 38 21 och
955 1111 66 22 hållet

196 1139 69 21 denna
280 1139 34 21 del
330 1139 23 21 af
365 1139 186 27 framställningen,
568 1140 51 25 dels,
635 1141 88 21 emedan
736 1140 38 27 jag
788 1140 81 26 hoppas
884 1142 32 19 att
931 1140 34 21 vid
985 1146 35 15 an-

195 1169 37 19 nat
247 1167 83 21 tillfälle
345 1167 21 22 få
381 1170 57 25 yttra
454 1168 41 27 mig
510 1168 131 22 beträffande
657 1169 70 21 denna
742 1168 46 22 sida
803 1168 23 21 af
838 1168 71 26 saken,
926 1168 45 21 dels
981 1168 39 21 och

194 1195 183 27 hufvudsakligast
393 1196 76 25 derför,
485 1198 31 20 att
532 1197 62 21 dessa
608 1197 53 27 skäl,
677 1197 67 27 enligt
758 1196 43 22 min
817 1196 144 28 öfvertygelse,
983 1198 37 20 äro

196 1223 23 21 af
240 1224 41 21 den
304 1224 152 27 beskaffenhet,
471 1227 33 19 att
519 1225 25 21 de
560 1226 46 20 icke
621 1225 7 21 i
643 1226 94 26 ringaste
753 1226 49 20 mån
816 1225 71 21 kunna
903 1225 52 21 eller
969 1224 52 22 böra

194 1252 88 21 inverka
297 1252 48 21 med
361 1252 98 22 afseende
474 1253 12 21 å
502 1253 39 21 den
557 1254 32 21 Hr
604 1254 147 21 Prokuratorn
766 1253 110 27 åliggande
887 1252 134 27 embetspligt

194 1282 33 20 att
241 1280 114 22 öfvervaka
370 1281 107 21 allmänna
491 1282 73 26 lagens
579 1282 101 26 behöriga
696 1282 134 26 tillämpning
840 1281 39 21 och
890 1281 129 21 efterlefnad.

194 1308 55 22 Hela
272 1309 41 21 den
336 1309 34 21 del
393 1309 22 21 af
435 1310 135 26 berättelsen,
595 1310 44 21 deri
655 1310 32 21 Hr
707 1310 147 21 Prokuratorn
869 1310 62 20 söker
946 1309 75 21 utreda

194 1336 74 27 frågan
290 1344 25 14 ur
337 1337 275 28 lämplighetssynpunkten,
628 1338 88 22 hvarvid
732 1338 65 22 bland
812 1339 64 20 annat
891 1337 31 21 till
945 1338 75 26 sedlig-

193 1364 126 22 hetsifrarne
342 1366 71 25 quand
435 1368 67 19 möme
524 1367 66 25 rigtas
612 1366 83 27 frågan:
712 1368 25 19 är
752 1367 36 20 det
803 1366 74 26 troligt
892 1368 31 19 att
939 1366 81 21 otukts-

193 1393 81 26 synden
296 1393 55 21 skall
374 1393 95 27 upphöra
491 1396 32 19 att
540 1395 69 21 finnas
625 1395 38 26 till,
679 1401 35 15 om
730 1401 49 14 man
795 1394 93 21 häktade
903 1396 55 19 samt
972 1394 48 21 med

194 1421 167 26 penningeböter
377 1421 52 22 eller
443 1422 87 22 allmänt
546 1423 73 21 arbete
634 1423 122 21 afstraffade
772 1423 26 21 de
813 1429 29 14 nu
856 1422 7 21 i
878 1422 91 27 polisens
987 1428 33 15 re-

193 1449 66 26 gister
281 1449 83 22 införda
387 1450 122 27 gvinnorna,
533 1451 39 21 och
594 1451 69 21 tillika
678 1451 66 27 frigaf
757 1451 47 21 dem
820 1450 46 22 frän
882 1450 138 27 besigtnings-

193 1478 102 27 tvänget?
309 1478 24 21 ät
348 1478 84 22 hvilken
448 1479 34 21 del
496 1479 129 22 berättelsen
641 1486 65 20 egnar
721 1485 27 16 en
763 1479 100 26 temligen
878 1479 95 26 vidlyftig
988 1481 32 19 ut-

192 1505 107 28 läggning,
313 1508 25 19 är
353 1509 52 19 utan
420 1507 71 22 tvifvel
506 1507 22 22 af
541 1508 96 26 intresse,
652 1509 71 20 säsom
739 1507 93 22 varande
847 1507 84 26 uttryck
947 1507 22 21 af
989 1507 32 21 Hr

192 1534 158 22 Prokuratorns
373 1535 119 28 personliga
515 1536 133 27 uppfattning
664 1536 40 21 och
719 1535 81 28 äsigter
814 1536 7 21 i
836 1535 127 22 hithörande
978 1537 42 20 äm-
