1070 1756
337 139 25 17 R.
375 144 18 12 o.
405 139 23 17 A.
441 139 59 18 1888.
513 140 28 16 28
553 139 46 17 Jan.
841 133 26 20 51

200 225 73 24 Reform
288 225 20 24 af
322 225 140 29 lagstiftningen
479 232 28 16 om
523 225 71 29 lagfart
609 225 34 24 och
660 225 110 28 inteckning.

147 276 32 22 Hr
194 276 204 22 Landtmarskalken
414 276 141 27 tillkännagaf
564 278 32 19 att
606 275 105 22 särskilda
721 275 177 28 petitionsmemo-

74 304 40 22 rial
129 304 67 22 blifvit
212 305 22 21 af
247 305 136 22 medlemmar
398 304 22 22 af
433 305 25 21 R.
475 311 18 15 o.
510 305 25 21 A.
551 304 106 25 anmälda,
674 304 39 22 och
728 303 97 23 lemnade
846 303 53 22 först

76 333 61 22 ordet
151 334 23 20 ät

144 361 57 22 Frih.
217 362 25 21 R.
257 362 25 21 A.
299 362 91 21 Wrede
405 368 47 15 som
467 361 98 28 uppläste
581 363 31 20 ett
628 362 23 21 sä
666 361 91 28 lydande

365 425 113 21 Vördsamt
493 425 116 21 memorial.

145 482 50 21 Med
218 483 56 20 rätta
296 481 39 22 har
353 482 37 21 vär
405 481 132 27 lagstiftning
553 482 30 21 alt
598 481 65 22 sedan
679 481 54 22 älsta
749 481 54 21 tider
818 480 41 22 fäst
874 486 25 15 en

77 510 107 28 synnerlig
207 510 187 27 uppmärksamhet
417 511 34 21 vid
475 510 209 25 rättsförhällanden,
707 516 45 15 som
767 509 88 21 hänföra
869 508 32 27 sig

77 539 33 21 till
125 539 41 21 fast
181 539 109 26 egendom.
320 539 135 21 Beträffande
471 541 66 19 sättet
553 541 31 19 att
599 538 105 22 förvärfva
720 538 124 27 äganderätt
862 537 37 21 och

78 567 67 22 andra
160 567 106 21 sakrätter
281 567 32 21 till
328 567 99 27 fastighet
442 569 56 20 samt
513 569 75 26 trygga
603 567 143 21 förvärfvaren
762 566 34 21 vid
811 566 32 21 sin
858 567 43 19 rätt

77 595 64 22 hafva
156 596 70 21 derför
242 595 63 22 ocksä
320 595 157 27 bestämningar
492 596 46 21 icke
554 596 86 21 saknats
656 595 6 21 i
678 596 38 20 vär
730 595 40 26 lag.

147 624 49 21 Men
219 624 88 21 oaktadt
330 624 40 21 den
395 631 92 20 omsorg,
512 631 46 14 som
583 624 132 27 lagstiftaren
740 623 70 22 städse
840 623 63 26 egnat

79 653 69 21 denna
171 652 34 21 del
228 652 21 21 af
270 653 36 20 vär
329 652 184 27 civillagstiftning,
536 653 41 20 kan
601 653 36 21 det
659 652 47 21 icke
727 652 63 21 nekas
806 653 31 20 att
853 651 50 20 den-

79 687 80 16 samma
182 681 32 21 för
237 681 129 21 närvarande
388 681 7 20 i
416 681 51 22 flere
486 681 113 22 afseenden
615 681 96 21 befinner
726 681 31 26 sig
772 681 27 26 pä
814 686 25 15 en
855 679 48 26 föga

78 709 196 22 tillfredsställande
296 709 136 27 ståndpunkt.
467 710 65 21 Detta
555 712 24 19 är
601 709 101 22 särskildt
724 709 59 21 fallet
805 708 47 22 med
877 707 26 21 de

78 740 78 20 tvänne
170 737 145 27 rättsinstitut,
330 739 28 26 pä
372 738 72 21 hvilka
457 738 37 27 jag
509 744 28 15 nu
553 738 93 21 öuskade
662 739 32 20 att
710 737 20 22 få
745 737 54 22 fästa
822 735 80 28 höglof-

78 767 43 27 liga
142 766 165 27 Ridderskapets
326 767 39 21 och
381 767 78 21 Adelns
475 766 195 28 uppmärksamhet,
686 766 105 27 nämligen
805 764 99 28 lagfarts-

79 796 40 21 och
134 795 242 27 inteckningsinstituten

148 823 74 22 Såsom
238 823 79 21 bekant
331 824 55 21 hade
401 823 104 27 lagfarten
520 824 90 26 tidigare
626 823 32 21 till
674 823 104 24 ändamål,
793 824 59 20 utom
867 828 37 15 an-

79 854 44 23 nat,
139 854 31 19 att
186 852 57 21 inom
258 852 103 24 bestämd,
374 852 153 26 jemförelsevis
542 852 50 21 kort
607 852 93 27 tidrymd
715 852 84 21 afskära
817 850 87 22 klander

80 880 22 22 af
123 880 119 22 åtkomsten
266 880 32 21 till
319 880 42 22 fast
380 880 104 27 egendom
499 880 39 22 och
554 880 89 22 sålunda
658 880 78 22 bereda
752 879 152 27 äganderätten

79 909 33 21 till
134 909 66 21 sädan
224 909 102 26 egendom
348 908 38 22 full
400 909 105 27 trygghet.
537 910 50 20 Men
602 908 33 22 till
650 909 52 27 följd
718 908 22 22 af
753 908 40 22 den
808 906 97 27 tolkning

81 938 22 21 af
123 938 20 21 J.
158 938 24 20 B.
200 938 33 21 10:
250 938 26 25 1.,
292 943 45 15 som
352 937 68 21 blifvit
434 938 95 21 rådande
545 937 39 21 och
599 944 76 20 genom
691 936 71 28 Kongl
784 936 61 22 förkl.
865 935 40 21 den

82 967 27 20 14
124 966 42 26 Maj
184 966 54 21 1805
255 965 41 22 fätt
310 966 122 26 auktoritet,
448 966 41 21 har
503 966 104 27 lagfarten
622 972 89 15 numera
725 966 46 21 icke
786 966 69 26 nägon
870 963 35 21 be-

80 994 81 28 tydelse
176 994 33 21 för
224 994 140 27 uppkomsten
379 994 22 22 af
414 994 48 27 laga
474 994 49 22 häfd
534 994 33 22 till
577 994 106 27 fastighet.
710 995 52 23 Den,
773 1000 46 15 som
829 998 76 22 genom

81 1022 75 28 lagligt
179 1022 50 27 fäng
252 1023 39 21 och
313 1022 6 21 i
342 1024 41 25 god
401 1025 33 19 tro
450 1022 115 22 förvärfvat
581 1029 25 15 en
621 1022 108 27 fastighet,
745 1023 67 21 mäste
829 1020 76 26 derför,

82 1051 88 22 oaktadt
192 1051 43 21 han
251 1051 84 21 erhällit
350 1051 88 27 uppbud
453 1051 41 21 och
509 1050 102 22 fastebref
625 1052 12 20 &
654 1051 127 25 densamma,
797 1050 68 21 under
879 1055 27 15 en

81 1079 111 22 obestämd
215 1080 39 20 och
276 1082 59 19 snart
357 1079 61 27 sagdt
434 1080 156 26 oöfverskädlig
605 1080 94 27 tidrymd
714 1086 50 15 vara
779 1078 80 22 beredd
874 1078 32 20 att

81 1108 93 26 ständigt
189 1109 54 26 änyo
259 1108 93 21 försvara
367 1108 32 21 sin
415 1108 132 26 äganderätt.
577 1108 73 21 Under
666 1108 79 22 sädana
760 1106 146 23 förhällanden

81 1138 24 20 är
121 1136 35 22 det
170 1136 56 24 stöd,
242 1142 44 16 som
302 1136 102 27 lagfarten
419 1136 92 22 skänker
526 1137 154 26 äganderätten
695 1136 33 22 till
742 1136 42 22 fast
803 1134 103 28 egendom

81 1166 24 20 sä
120 1164 51 28 godt
186 1171 46 15 som
247 1165 113 21 värdelöst.

151 1193 69 21 Också
235 1194 73 26 plägar
323 1200 48 15 man
386 1200 88 15 numera
490 1193 56 21 finna
561 1193 116 27 lagfartens
691 1192 108 28 betydelse
817 1190 90 23 hufvud-

82 1221 94 27 sakligen
192 1222 69 21 däruti
278 1224 37 23 att,
332 1222 27 21 dä
374 1228 75 20 genom
465 1222 123 21 densamma
603 1222 121 21 ätkomsten
739 1221 33 21 till
786 1220 42 22 fast
846 1225 62 21 egen-

83 1250 48 22 dom
146 1252 104 25 upptages
264 1250 7 21 i
287 1257 25 15 en
328 1250 100 27 offentlig,
444 1250 33 22 för
493 1250 60 22 detta
567 1250 99 22 ändamäl
681 1249 121 28 upprättad,
815 1247 92 25 urkund,

82 1278 104 27 lagfarten
211 1279 122 27 härigenom
355 1278 66 27 gifver
446 1280 23 20 ät
495 1278 297 28 äganderättsförhällandena
816 1276 91 22 rörande

82 1307 41 21 fast
146 1308 102 26 egendom
268 1307 132 27 offentlighet
414 1308 56 20 samt
485 1307 89 21 sålunda
589 1307 61 21 äfven
663 1307 158 22 åstadkommer
835 1304 73 22 säker-

82 1336 37 21 het
135 1336 38 21 och
189 1336 75 26 stadga
279 1336 47 21 med
342 1336 98 21 afseende
455 1336 13 21 &
484 1336 61 21 dessa
560 1335 153 22 förhällanden.
744 1335 43 21 För
801 1335 32 20 att
849 1333 60 21 detta

83 1364 97 22 ändamål
196 1365 48 20 med
258 1364 104 27 lagfarten
377 1364 55 21 skall
448 1364 79 26 vinnas,
543 1366 24 19 är
583 1364 36 21 det
634 1364 54 21 dock
704 1362 133 27 naturligtvis
857 1361 51 21 nöd-

83 1392 86 27 vändigt
184 1394 32 20 att
230 1392 77 27 lagfart
322 1395 50 24 äger
387 1399 46 15 rum
448 1392 34 22 för
497 1392 72 27 hvarje
584 1392 49 27 fäng
648 1392 23 21 af
679 1392 42 22 fast
732 1391 108 28 egendom.
860 1390 48 21 Men

83 1421 60 22 detta
165 1423 29 24 är,
218 1422 70 21 säsom
310 1421 72 24 kändt,
405 1420 47 22 icke
476 1420 58 23 fallet
556 1420 39 22 hos
610 1427 41 20 oss,
668 1420 39 22 och
722 1420 66 22 redan
804 1419 22 22 af
840 1418 69 22 denna

83 1450 63 21 orsak
168 1450 42 21 kan
234 1456 48 15 man
304 1450 46 21 icke
366 1449 67 22 heller
448 1449 46 22 tala
508 1456 35 15 om
559 1449 81 27 verklig
654 1449 112 27 publicitet
781 1449 6 20 i
803 1449 47 20 värt
865 1447 44 26 lag-

83 1477 123 22 fartsväsen.

152 1507 33 20 En
208 1513 69 15 annan
300 1506 59 25 brist,
382 1513 45 14 som
450 1506 49 21 med
514 1506 98 21 afseende
627 1507 13 20 &
656 1506 69 21 denna
739 1505 111 28 publicitet
866 1503 43 21 vid-

83 1534 60 21 läder
165 1535 191 26 lagfartsväsendet
377 1535 39 21 hos
441 1541 42 18 oss,
502 1534 72 22 bestär
590 1534 45 22 deri
650 1535 33 20 att
698 1534 32 21 till
744 1533 52 27 följd
812 1532 22 22 af
847 1531 63 22 brist-
