<?xml version="1.0" encoding="UTF-8"?>
<alto xmlns="http://www.loc.gov/standards/alto/ns-v3#" xmlns:xlink="http://www.w3.org/1999/xlink" xmlns:xsi="http://www.w3.org/2001/XMLSchema-instance" xsi:schemaLocation="http://www.loc.gov/standards/alto/ns-v3# http://www.loc.gov/alto/v3/alto-3-0.xsd">
	<Description>
		<MeasurementUnit>pixel</MeasurementUnit>
		<sourceImageInformation>
			<fileName>/tmp/tess_yl03llav_input.PNG</fileName>
		</sourceImageInformation>
		<OCRProcessing ID="OCR_0">
			<ocrProcessingStep>
				<processingSoftware>
					<softwareName>tesseract 5.3.4</softwareName>
				</processingSoftware>
			</ocrProcessingStep>
		</OCRProcessing>
	</Description>
	<Layout>
		<Page WIDTH="1073" HEIGHT="1764" PHYSICAL_IMG_NR="0" ID="page_0">
			<PrintSpace HPOS="0" VPOS="0" WIDTH="1073" HEIGHT="1764">
				<ComposedBlock ID="cblock_0" HPOS="186" VPOS="134" WIDTH="535" HEIGHT="23">
					<TextBlock ID="block_0" HPOS="186" VPOS="134" WIDTH="535" HEIGHT="23">
						<TextLine ID="line_0" HPOS="186" VPOS="134" WIDTH="535" HEIGHT="23">
							<String ID="string_0" HPOS="186" VPOS="134" WIDTH="27" HEIGHT="21" WC="0.96" CONTENT="66"/><SP WIDTH="242" VPOS="134" HPOS="213"/>
							<String ID="string_1" HPOS="455" VPOS="140" WIDTH="25" HEIGHT="17" WC="0.96" CONTENT="R."/><SP WIDTH="13" VPOS="140" HPOS="480"/>
							<String ID="string_2" HPOS="493" VPOS="144" WIDTH="18" HEIGHT="13" WC="0.83" CONTENT="0."/><SP WIDTH="11" VPOS="144" HPOS="511"/>
							<String ID="string_3" HPOS="522" VPOS="140" WIDTH="23" HEIGHT="17" WC="0.85" CONTENT="A."/><SP WIDTH="13" VPOS="140" HPOS="545"/>
							<String ID="string_4" HPOS="558" VPOS="140" WIDTH="60" HEIGHT="17" WC="0.93" CONTENT="1888."/><SP WIDTH="23" VPOS="140" HPOS="618"/>
							<String ID="string_5" HPOS="641" VPOS="141" WIDTH="10" HEIGHT="16" WC="0.92" CONTENT="1"/><SP WIDTH="12" VPOS="141" HPOS="651"/>
							<String ID="string_6" HPOS="663" VPOS="139" WIDTH="58" HEIGHT="18" WC="0.92" CONTENT="Febr."/>
						</TextLine>
					</TextBlock>
				</ComposedBlock>
				<GraphicalElement ID="cblock_1" HPOS="448" VPOS="178" WIDTH="536" HEIGHT="6"></GraphicalElement >
				<ComposedBlock ID="cblock_2" HPOS="157" VPOS="224" WIDTH="829" HEIGHT="369">
					<TextBlock ID="block_1" HPOS="158" VPOS="224" WIDTH="828" HEIGHT="113">
						<TextLine ID="line_1" HPOS="158" VPOS="224" WIDTH="828" HEIGHT="28">
							<String ID="string_7" HPOS="158" VPOS="231" WIDTH="59" HEIGHT="16" WC="0.93" CONTENT="mare"/><SP WIDTH="22" VPOS="231" HPOS="217"/>
							<String ID="string_8" HPOS="239" VPOS="224" WIDTH="157" HEIGHT="28" WC="0.96" CONTENT="bestämningar"/><SP WIDTH="22" VPOS="224" HPOS="396"/>
							<String ID="string_9" HPOS="418" VPOS="232" WIDTH="34" HEIGHT="15" WC="0.90" CONTENT="om"/><SP WIDTH="23" VPOS="232" HPOS="452"/>
							<String ID="string_10" HPOS="475" VPOS="225" WIDTH="62" HEIGHT="22" WC="0.96" CONTENT="hvem"/><SP WIDTH="15" VPOS="225" HPOS="537"/>
							<String ID="string_11" HPOS="552" VPOS="231" WIDTH="45" HEIGHT="16" WC="0.96" CONTENT="som"/><SP WIDTH="16" VPOS="231" HPOS="597"/>
							<String ID="string_12" HPOS="613" VPOS="225" WIDTH="41" HEIGHT="22" WC="0.93" CONTENT="bör"/><SP WIDTH="14" VPOS="225" HPOS="654"/>
							<String ID="string_13" HPOS="668" VPOS="226" WIDTH="71" HEIGHT="21" WC="0.93" CONTENT="såsom"/><SP WIDTH="16" VPOS="226" HPOS="739"/>
							<String ID="string_14" HPOS="755" VPOS="224" WIDTH="114" HEIGHT="22" WC="0.93" CONTENT="förhärdad"/><SP WIDTH="16" VPOS="224" HPOS="869"/>
							<String ID="string_15" HPOS="885" VPOS="224" WIDTH="101" HEIGHT="21" WC="0.90" CONTENT="drinkare"/>
						</TextLine>
						<TextLine ID="line_2" HPOS="158" VPOS="252" WIDTH="826" HEIGHT="28">
							<String ID="string_16" HPOS="158" VPOS="259" WIDTH="68" HEIGHT="20" WC="0.96" CONTENT="anses,"/><SP WIDTH="15" VPOS="259" HPOS="226"/>
							<String ID="string_17" HPOS="241" VPOS="255" WIDTH="56" HEIGHT="20" WC="0.96" CONTENT="samt"/><SP WIDTH="14" VPOS="255" HPOS="297"/>
							<String ID="string_18" HPOS="311" VPOS="253" WIDTH="55" HEIGHT="22" WC="0.93" CONTENT="huru"/><SP WIDTH="15" VPOS="253" HPOS="366"/>
							<String ID="string_19" HPOS="381" VPOS="253" WIDTH="42" HEIGHT="22" WC="0.91" CONTENT="mäl"/><SP WIDTH="14" VPOS="253" HPOS="423"/>
							<String ID="string_20" HPOS="437" VPOS="253" WIDTH="23" HEIGHT="22" WC="0.96" CONTENT="af"/><SP WIDTH="14" VPOS="253" HPOS="460"/>
							<String ID="string_21" HPOS="474" VPOS="254" WIDTH="69" HEIGHT="21" WC="0.96" CONTENT="denna"/><SP WIDTH="14" VPOS="254" HPOS="543"/>
							<String ID="string_22" HPOS="557" VPOS="256" WIDTH="34" HEIGHT="19" WC="0.93" CONTENT="art"/><SP WIDTH="15" VPOS="256" HPOS="591"/>
							<String ID="string_23" HPOS="606" VPOS="253" WIDTH="53" HEIGHT="22" WC="0.92" CONTENT="böra"/><SP WIDTH="14" VPOS="253" HPOS="659"/>
							<String ID="string_24" HPOS="673" VPOS="253" WIDTH="139" HEIGHT="27" WC="0.92" CONTENT="handläggas,"/><SP WIDTH="11" VPOS="253" HPOS="812"/>
							<String ID="string_25" HPOS="823" VPOS="252" WIDTH="85" HEIGHT="22" WC="0.90" CONTENT="hvartill"/><SP WIDTH="10" VPOS="252" HPOS="908"/>
							<String ID="string_26" HPOS="918" VPOS="254" WIDTH="66" HEIGHT="26" WC="0.93" CONTENT="ytter-"/>
						</TextLine>
						<TextLine ID="line_3" HPOS="158" VPOS="281" WIDTH="827" HEIGHT="28">
							<String ID="string_27" HPOS="158" VPOS="281" WIDTH="66" HEIGHT="28" WC="0.96" CONTENT="ligare"/><SP WIDTH="21" VPOS="281" HPOS="224"/>
							<String ID="string_28" HPOS="245" VPOS="281" WIDTH="96" HEIGHT="22" WC="0.96" CONTENT="kommer"/><SP WIDTH="22" VPOS="281" HPOS="341"/>
							<String ID="string_29" HPOS="363" VPOS="284" WIDTH="43" HEIGHT="19" WC="0.96" CONTENT="stat"/><SP WIDTH="18" VPOS="284" HPOS="406"/>
							<String ID="string_30" HPOS="424" VPOS="282" WIDTH="40" HEIGHT="21" WC="0.93" CONTENT="och"/><SP WIDTH="16" VPOS="282" HPOS="464"/>
							<String ID="string_31" HPOS="480" VPOS="282" WIDTH="171" HEIGHT="27" WC="0.91" CONTENT="ordningsreglor"/><SP WIDTH="15" VPOS="282" HPOS="651"/>
							<String ID="string_32" HPOS="666" VPOS="282" WIDTH="33" HEIGHT="21" WC="0.97" CONTENT="för"/><SP WIDTH="15" VPOS="282" HPOS="699"/>
							<String ID="string_33" HPOS="714" VPOS="288" WIDTH="25" HEIGHT="15" WC="0.92" CONTENT="en"/><SP WIDTH="17" VPOS="288" HPOS="739"/>
							<String ID="string_34" HPOS="756" VPOS="281" WIDTH="86" HEIGHT="26" WC="0.92" CONTENT="anstalt,"/><SP WIDTH="18" VPOS="281" HPOS="842"/>
							<String ID="string_35" HPOS="860" VPOS="281" WIDTH="31" HEIGHT="21" WC="0.93" CONTENT="dit"/><SP WIDTH="15" VPOS="281" HPOS="891"/>
							<String ID="string_36" HPOS="906" VPOS="281" WIDTH="79" HEIGHT="21" WC="0.93" CONTENT="brotts-"/>
						</TextLine>
						<TextLine ID="line_4" HPOS="160" VPOS="309" WIDTH="607" HEIGHT="28">
							<String ID="string_37" HPOS="160" VPOS="309" WIDTH="69" HEIGHT="28" WC="0.92" CONTENT="lingar"/><SP WIDTH="14" VPOS="309" HPOS="229"/>
							<String ID="string_38" HPOS="243" VPOS="310" WIDTH="95" HEIGHT="21" WC="0.92" CONTENT="hörande"/><SP WIDTH="15" VPOS="310" HPOS="338"/>
							<String ID="string_39" HPOS="353" VPOS="310" WIDTH="32" HEIGHT="21" WC="0.96" CONTENT="till"/><SP WIDTH="16" VPOS="310" HPOS="385"/>
							<String ID="string_40" HPOS="401" VPOS="311" WIDTH="70" HEIGHT="21" WC="0.93" CONTENT="denna"/><SP WIDTH="14" VPOS="311" HPOS="471"/>
							<String ID="string_41" HPOS="485" VPOS="311" WIDTH="97" HEIGHT="26" WC="0.92" CONTENT="kategori"/><SP WIDTH="15" VPOS="311" HPOS="582"/>
							<String ID="string_42" HPOS="597" VPOS="311" WIDTH="71" HEIGHT="21" WC="0.93" CONTENT="kunde"/><SP WIDTH="15" VPOS="311" HPOS="668"/>
							<String ID="string_43" HPOS="683" VPOS="310" WIDTH="84" HEIGHT="22" WC="0.92" CONTENT="sändas."/>
						</TextLine>
					</TextBlock>
					<TextBlock ID="block_2" HPOS="157" VPOS="337" WIDTH="829" HEIGHT="227">
						<TextLine ID="line_5" HPOS="227" VPOS="337" WIDTH="758" HEIGHT="29">
							<String ID="string_44" HPOS="227" VPOS="338" WIDTH="33" HEIGHT="22" WC="0.96" CONTENT="På"/><SP WIDTH="22" VPOS="338" HPOS="260"/>
							<String ID="string_45" HPOS="282" VPOS="339" WIDTH="7" HEIGHT="20" WC="0.95" CONTENT="i"/><SP WIDTH="23" VPOS="339" HPOS="289"/>
							<String ID="string_46" HPOS="312" VPOS="339" WIDTH="36" HEIGHT="21" WC="0.93" CONTENT="det"/><SP WIDTH="21" VPOS="339" HPOS="348"/>
							<String ID="string_47" HPOS="369" VPOS="339" WIDTH="127" HEIGHT="27" WC="0.96" CONTENT="föregående"/><SP WIDTH="22" VPOS="339" HPOS="496"/>
							<String ID="string_48" HPOS="518" VPOS="339" WIDTH="88" HEIGHT="22" WC="0.96" CONTENT="anförda"/><SP WIDTH="22" VPOS="339" HPOS="606"/>
							<String ID="string_49" HPOS="628" VPOS="339" WIDTH="94" HEIGHT="26" WC="0.91" CONTENT="grunder"/><SP WIDTH="22" VPOS="339" HPOS="722"/>
							<String ID="string_50" HPOS="744" VPOS="339" WIDTH="65" HEIGHT="26" WC="0.96" CONTENT="vågar"/><SP WIDTH="17" VPOS="339" HPOS="809"/>
							<String ID="string_51" HPOS="826" VPOS="338" WIDTH="36" HEIGHT="27" WC="0.96" CONTENT="jag"/><SP WIDTH="15" VPOS="338" HPOS="862"/>
							<String ID="string_52" HPOS="877" VPOS="337" WIDTH="108" HEIGHT="22" WC="0.96" CONTENT="vördsamt"/>
						</TextLine>
						<TextLine ID="line_6" HPOS="157" VPOS="365" WIDTH="828" HEIGHT="30">
							<String ID="string_53" HPOS="157" VPOS="367" WIDTH="79" HEIGHT="22" WC="0.95" CONTENT="föreslå"/><SP WIDTH="15" VPOS="367" HPOS="236"/>
							<String ID="string_54" HPOS="251" VPOS="368" WIDTH="32" HEIGHT="19" WC="0.93" CONTENT="att"/><SP WIDTH="15" VPOS="368" HPOS="283"/>
							<String ID="string_55" HPOS="298" VPOS="366" WIDTH="119" HEIGHT="28" WC="0.91" CONTENT="Höglofliga"/><SP WIDTH="14" VPOS="366" HPOS="417"/>
							<String ID="string_56" HPOS="431" VPOS="367" WIDTH="156" HEIGHT="28" WC="0.90" CONTENT="Ridderskapet"/><SP WIDTH="14" VPOS="367" HPOS="587"/>
							<String ID="string_57" HPOS="601" VPOS="367" WIDTH="40" HEIGHT="22" WC="0.93" CONTENT="och"/><SP WIDTH="16" VPOS="367" HPOS="641"/>
							<String ID="string_58" HPOS="657" VPOS="367" WIDTH="69" HEIGHT="22" WC="0.92" CONTENT="Adeln"/><SP WIDTH="15" VPOS="367" HPOS="726"/>
							<String ID="string_59" HPOS="741" VPOS="367" WIDTH="50" HEIGHT="21" WC="0.96" CONTENT="ville"/><SP WIDTH="14" VPOS="367" HPOS="791"/>
							<String ID="string_60" HPOS="805" VPOS="366" WIDTH="73" HEIGHT="21" WC="0.96" CONTENT="förena"/><SP WIDTH="16" VPOS="366" HPOS="878"/>
							<String ID="string_61" HPOS="894" VPOS="365" WIDTH="32" HEIGHT="28" WC="0.96" CONTENT="sig"/><SP WIDTH="10" VPOS="365" HPOS="926"/>
							<String ID="string_62" HPOS="936" VPOS="365" WIDTH="49" HEIGHT="22" WC="0.96" CONTENT="med"/>
						</TextLine>
						<TextLine ID="line_7" HPOS="158" VPOS="394" WIDTH="827" HEIGHT="29">
							<String ID="string_63" HPOS="158" VPOS="395" WIDTH="43" HEIGHT="27" WC="0.96" CONTENT="mig"/><SP WIDTH="15" VPOS="395" HPOS="201"/>
							<String ID="string_64" HPOS="216" VPOS="395" WIDTH="7" HEIGHT="20" WC="0.96" CONTENT="i"/><SP WIDTH="16" VPOS="395" HPOS="223"/>
							<String ID="string_65" HPOS="239" VPOS="401" WIDTH="26" HEIGHT="15" WC="0.93" CONTENT="en"/><SP WIDTH="15" VPOS="401" HPOS="265"/>
							<String ID="string_66" HPOS="280" VPOS="395" WIDTH="132" HEIGHT="27" WC="0.91" CONTENT="underdånig"/><SP WIDTH="14" VPOS="395" HPOS="412"/>
							<String ID="string_67" HPOS="426" VPOS="395" WIDTH="90" HEIGHT="28" WC="0.96" CONTENT="petition"/><SP WIDTH="16" VPOS="395" HPOS="516"/>
							<String ID="string_68" HPOS="532" VPOS="402" WIDTH="35" HEIGHT="15" WC="0.97" CONTENT="om"/><SP WIDTH="14" VPOS="402" HPOS="567"/>
							<String ID="string_69" HPOS="581" VPOS="397" WIDTH="34" HEIGHT="20" WC="0.96" CONTENT="att"/><SP WIDTH="14" VPOS="397" HPOS="615"/>
							<String ID="string_70" HPOS="629" VPOS="395" WIDTH="60" HEIGHT="22" WC="0.96" CONTENT="Hans"/><SP WIDTH="14" VPOS="395" HPOS="689"/>
							<String ID="string_71" HPOS="703" VPOS="395" WIDTH="120" HEIGHT="26" WC="0.96" CONTENT="Kejserliga"/><SP WIDTH="15" VPOS="395" HPOS="823"/>
							<String ID="string_72" HPOS="838" VPOS="395" WIDTH="101" HEIGHT="26" WC="0.93" CONTENT="Majestät"/><SP WIDTH="9" VPOS="395" HPOS="939"/>
							<String ID="string_73" HPOS="948" VPOS="394" WIDTH="37" HEIGHT="21" WC="0.93" CONTENT="be-"/>
						</TextLine>
						<TextLine ID="line_8" HPOS="159" VPOS="422" WIDTH="827" HEIGHT="28">
							<String ID="string_74" HPOS="159" VPOS="423" WIDTH="82" HEIGHT="27" WC="0.92" CONTENT="hagade"/><SP WIDTH="15" VPOS="423" HPOS="241"/>
							<String ID="string_75" HPOS="256" VPOS="423" WIDTH="45" HEIGHT="22" WC="0.96" CONTENT="låta"/><SP WIDTH="14" VPOS="423" HPOS="301"/>
							<String ID="string_76" HPOS="315" VPOS="423" WIDTH="105" HEIGHT="25" WC="0.95" CONTENT="utarbeta,"/><SP WIDTH="15" VPOS="423" HPOS="420"/>
							<String ID="string_77" HPOS="435" VPOS="423" WIDTH="33" HEIGHT="22" WC="0.96" CONTENT="för"/><SP WIDTH="14" VPOS="423" HPOS="468"/>
							<String ID="string_78" HPOS="482" VPOS="426" WIDTH="33" HEIGHT="19" WC="0.96" CONTENT="att"/><SP WIDTH="7" VPOS="426" HPOS="515"/>
							<String ID="string_79" HPOS="522" VPOS="424" WIDTH="89" HEIGHT="22" WC="0.93" CONTENT="härnäst"/><SP WIDTH="11" VPOS="424" HPOS="611"/>
							<String ID="string_80" HPOS="622" VPOS="423" WIDTH="201" HEIGHT="22" WC="0.92" CONTENT="sammanträdande"/><SP WIDTH="10" VPOS="423" HPOS="823"/>
							<String ID="string_81" HPOS="833" VPOS="423" WIDTH="87" HEIGHT="21" WC="0.93" CONTENT="ständer"/><SP WIDTH="12" VPOS="423" HPOS="920"/>
							<String ID="string_82" HPOS="932" VPOS="422" WIDTH="54" HEIGHT="21" WC="0.92" CONTENT="före-"/>
						</TextLine>
						<TextLine ID="line_9" HPOS="160" VPOS="451" WIDTH="826" HEIGHT="28">
							<String ID="string_83" HPOS="160" VPOS="451" WIDTH="80" HEIGHT="28" WC="0.96" CONTENT="läggas,"/><SP WIDTH="17" VPOS="451" HPOS="240"/>
							<String ID="string_84" HPOS="257" VPOS="452" WIDTH="132" HEIGHT="27" WC="0.96" CONTENT="proposition"/><SP WIDTH="14" VPOS="452" HPOS="389"/>
							<String ID="string_85" HPOS="403" VPOS="452" WIDTH="32" HEIGHT="21" WC="0.96" CONTENT="till"/><SP WIDTH="16" VPOS="452" HPOS="435"/>
							<String ID="string_86" HPOS="451" VPOS="459" WIDTH="26" HEIGHT="15" WC="0.96" CONTENT="en"/><SP WIDTH="15" VPOS="459" HPOS="477"/>
							<String ID="string_87" HPOS="492" VPOS="452" WIDTH="123" HEIGHT="27" WC="0.96" CONTENT="fullständig"/><SP WIDTH="15" VPOS="452" HPOS="615"/>
							<String ID="string_88" HPOS="630" VPOS="452" WIDTH="35" HEIGHT="27" WC="0.96" CONTENT="lag"/><SP WIDTH="14" VPOS="452" HPOS="665"/>
							<String ID="string_89" HPOS="679" VPOS="454" WIDTH="46" HEIGHT="19" WC="0.96" CONTENT="mot"/><SP WIDTH="15" VPOS="454" HPOS="725"/>
							<String ID="string_90" HPOS="740" VPOS="451" WIDTH="153" HEIGHT="28" WC="0.96" CONTENT="dryckenskap,"/><SP WIDTH="17" VPOS="451" HPOS="893"/>
							<String ID="string_91" HPOS="910" VPOS="451" WIDTH="27" HEIGHT="21" WC="0.96" CONTENT="då"/><SP WIDTH="8" VPOS="451" HPOS="937"/>
							<String ID="string_92" HPOS="945" VPOS="451" WIDTH="41" HEIGHT="21" WC="0.96" CONTENT="den"/>
						</TextLine>
						<TextLine ID="line_10" HPOS="158" VPOS="478" WIDTH="827" HEIGHT="30">
							<String ID="string_93" HPOS="158" VPOS="482" WIDTH="85" HEIGHT="20" WC="0.96" CONTENT="urartat"/><SP WIDTH="21" VPOS="482" HPOS="243"/>
							<String ID="string_94" HPOS="264" VPOS="480" WIDTH="32" HEIGHT="21" WC="0.96" CONTENT="till"/><SP WIDTH="15" VPOS="480" HPOS="296"/>
							<String ID="string_95" HPOS="311" VPOS="482" WIDTH="32" HEIGHT="20" WC="0.96" CONTENT="ett"/><SP WIDTH="14" VPOS="482" HPOS="343"/>
							<String ID="string_96" HPOS="357" VPOS="481" WIDTH="28" HEIGHT="26" WC="0.93" CONTENT="på"/><SP WIDTH="14" VPOS="481" HPOS="385"/>
							<String ID="string_97" HPOS="399" VPOS="481" WIDTH="135" HEIGHT="21" WC="0.91" CONTENT="menniskans"/><SP WIDTH="14" VPOS="481" HPOS="534"/>
							<String ID="string_98" HPOS="548" VPOS="480" WIDTH="79" HEIGHT="28" WC="0.96" CONTENT="fysiska"/><SP WIDTH="14" VPOS="480" HPOS="627"/>
							<String ID="string_99" HPOS="641" VPOS="482" WIDTH="64" HEIGHT="20" WC="0.96" CONTENT="natur"/><SP WIDTH="16" VPOS="482" HPOS="705"/>
							<String ID="string_100" HPOS="721" VPOS="480" WIDTH="105" HEIGHT="21" WC="0.96" CONTENT="beroende"/><SP WIDTH="15" VPOS="480" HPOS="826"/>
							<String ID="string_101" HPOS="841" VPOS="479" WIDTH="87" HEIGHT="27" WC="0.93" CONTENT="sjukligt"/><SP WIDTH="15" VPOS="479" HPOS="928"/>
							<String ID="string_102" HPOS="943" VPOS="478" WIDTH="42" HEIGHT="22" WC="0.89" CONTENT="till-"/>
						</TextLine>
						<TextLine ID="line_11" HPOS="158" VPOS="507" WIDTH="826" HEIGHT="29">
							<String ID="string_103" HPOS="158" VPOS="509" WIDTH="69" HEIGHT="26" WC="0.96" CONTENT="stånd,"/><SP WIDTH="24" VPOS="509" HPOS="227"/>
							<String ID="string_104" HPOS="251" VPOS="509" WIDTH="40" HEIGHT="21" WC="0.96" CONTENT="och"/><SP WIDTH="22" VPOS="509" HPOS="291"/>
							<String ID="string_105" HPOS="313" VPOS="515" WIDTH="34" HEIGHT="15" WC="0.96" CONTENT="om"/><SP WIDTH="15" VPOS="515" HPOS="347"/>
							<String ID="string_106" HPOS="362" VPOS="509" WIDTH="144" HEIGHT="27" WC="0.96" CONTENT="upprättande"/><SP WIDTH="14" VPOS="509" HPOS="506"/>
							<String ID="string_107" HPOS="520" VPOS="509" WIDTH="21" HEIGHT="22" WC="0.95" CONTENT="af"/><SP WIDTH="14" VPOS="509" HPOS="541"/>
							<String ID="string_108" HPOS="555" VPOS="515" WIDTH="26" HEIGHT="16" WC="0.93" CONTENT="en"/><SP WIDTH="15" VPOS="515" HPOS="581"/>
							<String ID="string_109" HPOS="596" VPOS="508" WIDTH="220" HEIGHT="28" WC="0.92" CONTENT="förbättringsanstalt"/><SP WIDTH="15" VPOS="508" HPOS="816"/>
							<String ID="string_110" HPOS="831" VPOS="508" WIDTH="33" HEIGHT="21" WC="0.93" CONTENT="för"/><SP WIDTH="15" VPOS="508" HPOS="864"/>
							<String ID="string_111" HPOS="879" VPOS="507" WIDTH="105" HEIGHT="26" WC="0.92" CONTENT="drinkare,"/>
						</TextLine>
						<TextLine ID="line_12" HPOS="158" VPOS="536" WIDTH="722" HEIGHT="28">
							<String ID="string_112" HPOS="158" VPOS="536" WIDTH="71" HEIGHT="23" WC="0.96" CONTENT="hvilka"/><SP WIDTH="14" VPOS="536" HPOS="229"/>
							<String ID="string_113" HPOS="243" VPOS="537" WIDTH="66" HEIGHT="22" WC="0.95" CONTENT="blifva"/><SP WIDTH="15" VPOS="537" HPOS="309"/>
							<String ID="string_114" HPOS="324" VPOS="537" WIDTH="77" HEIGHT="22" WC="0.96" CONTENT="dömda"/><SP WIDTH="15" VPOS="537" HPOS="401"/>
							<String ID="string_115" HPOS="416" VPOS="539" WIDTH="30" HEIGHT="20" WC="0.96" CONTENT="att"/><SP WIDTH="16" VPOS="539" HPOS="446"/>
							<String ID="string_116" HPOS="462" VPOS="539" WIDTH="70" HEIGHT="25" WC="0.96" CONTENT="någon"/><SP WIDTH="15" VPOS="539" HPOS="532"/>
							<String ID="string_117" HPOS="547" VPOS="537" WIDTH="31" HEIGHT="22" WC="0.93" CONTENT="tid"/><SP WIDTH="14" VPOS="537" HPOS="578"/>
							<String ID="string_118" HPOS="592" VPOS="539" WIDTH="14" HEIGHT="20" WC="0.91" CONTENT="å"/><SP WIDTH="14" VPOS="539" HPOS="606"/>
							<String ID="string_119" HPOS="620" VPOS="537" WIDTH="67" HEIGHT="22" WC="0.96" CONTENT="sådan"/><SP WIDTH="16" VPOS="537" HPOS="687"/>
							<String ID="string_120" HPOS="703" VPOS="537" WIDTH="80" HEIGHT="22" WC="0.96" CONTENT="anstalt"/><SP WIDTH="15" VPOS="537" HPOS="783"/>
							<String ID="string_121" HPOS="798" VPOS="537" WIDTH="82" HEIGHT="21" WC="0.96" CONTENT="vårdas."/>
						</TextLine>
					</TextBlock>
					<TextBlock ID="block_3" HPOS="226" VPOS="565" WIDTH="412" HEIGHT="28">
						<TextLine ID="line_13" HPOS="226" VPOS="565" WIDTH="412" HEIGHT="28">
							<String ID="string_122" HPOS="226" VPOS="565" WIDTH="133" HEIGHT="28" WC="0.96" CONTENT="Helsingfors"/><SP WIDTH="16" VPOS="565" HPOS="359"/>
							<String ID="string_123" HPOS="375" VPOS="566" WIDTH="40" HEIGHT="21" WC="0.96" CONTENT="den"/><SP WIDTH="16" VPOS="566" HPOS="415"/>
							<String ID="string_124" HPOS="431" VPOS="567" WIDTH="27" HEIGHT="21" WC="0.96" CONTENT="28"/><SP WIDTH="15" VPOS="567" HPOS="458"/>
							<String ID="string_125" HPOS="473" VPOS="566" WIDTH="87" HEIGHT="21" WC="0.96" CONTENT="Januari"/><SP WIDTH="16" VPOS="566" HPOS="560"/>
							<String ID="string_126" HPOS="576" VPOS="567" WIDTH="62" HEIGHT="21" WC="0.96" CONTENT="1888."/>
						</TextLine>
					</TextBlock>
				</ComposedBlock>
				<ComposedBlock ID="cblock_3" HPOS="718" VPOS="604" WIDTH="198" HEIGHT="27">
					<TextBlock ID="block_4" HPOS="718" VPOS="604" WIDTH="198" HEIGHT="27">
						<TextLine ID="line_14" HPOS="718" VPOS="604" WIDTH="198" HEIGHT="27">
							<String ID="string_127" HPOS="718" VPOS="606" WIDTH="27" HEIGHT="20" WC="0.91" CONTENT="A."/><SP WIDTH="17" VPOS="606" HPOS="745"/>
							<String ID="string_128" HPOS="762" VPOS="605" WIDTH="27" HEIGHT="20" WC="0.86" CONTENT="A."/><SP WIDTH="18" VPOS="605" HPOS="789"/>
							<String ID="string_129" HPOS="807" VPOS="604" WIDTH="109" HEIGHT="27" WC="0.94" CONTENT="Granfelt."/>
						</TextLine>
					</TextBlock>
				</ComposedBlock>
				<ComposedBlock ID="cblock_4" HPOS="228" VPOS="690" WIDTH="596" HEIGHT="26">
					<TextBlock ID="block_5" HPOS="228" VPOS="690" WIDTH="596" HEIGHT="26">
						<TextLine ID="line_15" HPOS="228" VPOS="690" WIDTH="596" HEIGHT="26">
							<String ID="string_130" HPOS="228" VPOS="690" WIDTH="237" HEIGHT="22" WC="0.90" CONTENT="Petitionsmemorialet"/><SP WIDTH="15" VPOS="690" HPOS="465"/>
							<String ID="string_131" HPOS="480" VPOS="691" WIDTH="112" HEIGHT="21" WC="0.90" CONTENT="bordlades"/><SP WIDTH="15" VPOS="691" HPOS="592"/>
							<String ID="string_132" HPOS="607" VPOS="691" WIDTH="34" HEIGHT="21" WC="0.96" CONTENT="till"/><SP WIDTH="15" VPOS="691" HPOS="641"/>
							<String ID="string_133" HPOS="656" VPOS="692" WIDTH="61" HEIGHT="20" WC="0.93" CONTENT="nästa"/><SP WIDTH="16" VPOS="692" HPOS="717"/>
							<String ID="string_134" HPOS="733" VPOS="690" WIDTH="91" HEIGHT="26" WC="0.91" CONTENT="plenum."/>
						</TextLine>
					</TextBlock>
				</ComposedBlock>
				<ComposedBlock ID="cblock_5" HPOS="157" VPOS="819" WIDTH="829" HEIGHT="172">
					<TextBlock ID="block_6" HPOS="157" VPOS="819" WIDTH="829" HEIGHT="142">
						<TextLine ID="line_16" HPOS="226" VPOS="819" WIDTH="759" HEIGHT="29">
							<String ID="string_135" HPOS="226" VPOS="821" WIDTH="33" HEIGHT="21" WC="0.91" CONTENT="Hr"/><SP WIDTH="14" VPOS="821" HPOS="259"/>
							<String ID="string_136" HPOS="273" VPOS="821" WIDTH="206" HEIGHT="22" WC="0.91" CONTENT="Landtmarskalken"/><SP WIDTH="16" VPOS="821" HPOS="479"/>
							<String ID="string_137" HPOS="495" VPOS="821" WIDTH="140" HEIGHT="27" WC="0.92" CONTENT="tillkännagaf"/><SP WIDTH="14" VPOS="821" HPOS="635"/>
							<String ID="string_138" HPOS="649" VPOS="821" WIDTH="102" HEIGHT="27" WC="0.93" CONTENT="slutligen"/><SP WIDTH="16" VPOS="821" HPOS="751"/>
							<String ID="string_139" HPOS="767" VPOS="822" WIDTH="32" HEIGHT="19" WC="0.96" CONTENT="att"/><SP WIDTH="15" VPOS="822" HPOS="799"/>
							<String ID="string_140" HPOS="814" VPOS="820" WIDTH="36" HEIGHT="21" WC="0.96" CONTENT="vid"/><SP WIDTH="14" VPOS="820" HPOS="850"/>
							<String ID="string_141" HPOS="864" VPOS="819" WIDTH="46" HEIGHT="22" WC="0.96" CONTENT="före"/><SP WIDTH="16" VPOS="819" HPOS="910"/>
							<String ID="string_142" HPOS="926" VPOS="819" WIDTH="59" HEIGHT="21" WC="0.95" CONTENT="detta"/>
						</TextLine>
						<TextLine ID="line_17" HPOS="158" VPOS="848" WIDTH="828" HEIGHT="29">
							<String ID="string_143" HPOS="158" VPOS="849" WIDTH="87" HEIGHT="26" WC="0.89" CONTENT="plenum"/><SP WIDTH="26" VPOS="849" HPOS="245"/>
							<String ID="string_144" HPOS="271" VPOS="849" WIDTH="72" HEIGHT="22" WC="0.92" CONTENT="hällen"/><SP WIDTH="22" VPOS="849" HPOS="343"/>
							<String ID="string_145" HPOS="365" VPOS="850" WIDTH="212" HEIGHT="21" WC="0.92" CONTENT="Talmanskonferens"/><SP WIDTH="27" VPOS="850" HPOS="577"/>
							<String ID="string_146" HPOS="604" VPOS="850" WIDTH="143" HEIGHT="27" WC="0.89" CONTENT="nästföljande"/><SP WIDTH="25" VPOS="850" HPOS="747"/>
							<String ID="string_147" HPOS="772" VPOS="849" WIDTH="63" HEIGHT="26" WC="0.92" CONTENT="plena"/><SP WIDTH="24" VPOS="849" HPOS="835"/>
							<String ID="string_148" HPOS="859" VPOS="848" WIDTH="70" HEIGHT="21" WC="0.92" CONTENT="blifvit"/><SP WIDTH="24" VPOS="848" HPOS="929"/>
							<String ID="string_149" HPOS="953" VPOS="849" WIDTH="33" HEIGHT="20" WC="0.89" CONTENT="ut-"/>
						</TextLine>
						<TextLine ID="line_18" HPOS="159" VPOS="876" WIDTH="825" HEIGHT="29">
							<String ID="string_150" HPOS="159" VPOS="879" WIDTH="58" HEIGHT="20" WC="0.92" CONTENT="satta"/><SP WIDTH="22" VPOS="879" HPOS="217"/>
							<String ID="string_151" HPOS="239" VPOS="879" WIDTH="33" HEIGHT="20" WC="0.93" CONTENT="att"/><SP WIDTH="21" VPOS="879" HPOS="272"/>
							<String ID="string_152" HPOS="293" VPOS="878" WIDTH="68" HEIGHT="21" WC="0.93" CONTENT="hällas"/><SP WIDTH="16" VPOS="878" HPOS="361"/>
							<String ID="string_153" HPOS="377" VPOS="878" WIDTH="114" HEIGHT="27" WC="0.92" CONTENT="Onsdagen"/><SP WIDTH="19" VPOS="878" HPOS="491"/>
							<String ID="string_154" HPOS="510" VPOS="879" WIDTH="39" HEIGHT="21" WC="0.96" CONTENT="den"/><SP WIDTH="17" VPOS="879" HPOS="549"/>
							<String ID="string_155" HPOS="566" VPOS="880" WIDTH="9" HEIGHT="19" WC="0.96" CONTENT="1"/><SP WIDTH="18" VPOS="880" HPOS="575"/>
							<String ID="string_156" HPOS="593" VPOS="879" WIDTH="103" HEIGHT="21" WC="0.96" CONTENT="Februari"/><SP WIDTH="15" VPOS="879" HPOS="696"/>
							<String ID="string_157" HPOS="711" VPOS="878" WIDTH="30" HEIGHT="21" WC="0.96" CONTENT="kl."/><SP WIDTH="17" VPOS="878" HPOS="741"/>
							<String ID="string_158" HPOS="758" VPOS="878" WIDTH="12" HEIGHT="20" WC="0.96" CONTENT="6"/><SP WIDTH="17" VPOS="878" HPOS="770"/>
							<String ID="string_159" HPOS="787" VPOS="883" WIDTH="17" HEIGHT="15" WC="0.93" CONTENT="e."/><SP WIDTH="17" VPOS="883" HPOS="804"/>
							<String ID="string_160" HPOS="821" VPOS="883" WIDTH="35" HEIGHT="20" WC="0.91" CONTENT="m.,"/><SP WIDTH="16" VPOS="883" HPOS="856"/>
							<String ID="string_161" HPOS="872" VPOS="876" WIDTH="112" HEIGHT="27" WC="0.91" CONTENT="Lördagen"/>
						</TextLine>
						<TextLine ID="line_19" HPOS="159" VPOS="905" WIDTH="825" HEIGHT="29">
							<String ID="string_162" HPOS="159" VPOS="906" WIDTH="40" HEIGHT="21" WC="0.96" CONTENT="den"/><SP WIDTH="22" VPOS="906" HPOS="199"/>
							<String ID="string_163" HPOS="221" VPOS="907" WIDTH="14" HEIGHT="20" WC="0.96" CONTENT="4"/><SP WIDTH="18" VPOS="907" HPOS="235"/>
							<String ID="string_164" HPOS="253" VPOS="906" WIDTH="103" HEIGHT="21" WC="0.96" CONTENT="Februari"/><SP WIDTH="15" VPOS="906" HPOS="356"/>
							<String ID="string_165" HPOS="371" VPOS="907" WIDTH="29" HEIGHT="20" WC="0.96" CONTENT="kl."/><SP WIDTH="17" VPOS="907" HPOS="400"/>
							<String ID="string_166" HPOS="417" VPOS="909" WIDTH="24" HEIGHT="19" WC="0.92" CONTENT="11"/><SP WIDTH="17" VPOS="909" HPOS="441"/>
							<String ID="string_167" HPOS="458" VPOS="907" WIDTH="15" HEIGHT="21" WC="0.74" CONTENT="f."/><SP WIDTH="16" VPOS="907" HPOS="473"/>
							<String ID="string_168" HPOS="489" VPOS="913" WIDTH="26" HEIGHT="15" WC="0.96" CONTENT="m."/><SP WIDTH="16" VPOS="913" HPOS="515"/>
							<String ID="string_169" HPOS="531" VPOS="907" WIDTH="40" HEIGHT="22" WC="0.93" CONTENT="och"/><SP WIDTH="15" VPOS="907" HPOS="571"/>
							<String ID="string_170" HPOS="586" VPOS="907" WIDTH="105" HEIGHT="27" WC="0.96" CONTENT="Tisdagen"/><SP WIDTH="16" VPOS="907" HPOS="691"/>
							<String ID="string_171" HPOS="707" VPOS="907" WIDTH="41" HEIGHT="21" WC="0.96" CONTENT="den"/><SP WIDTH="17" VPOS="907" HPOS="748"/>
							<String ID="string_172" HPOS="765" VPOS="907" WIDTH="12" HEIGHT="19" WC="0.96" CONTENT="7"/><SP WIDTH="17" VPOS="907" HPOS="777"/>
							<String ID="string_173" HPOS="794" VPOS="905" WIDTH="104" HEIGHT="22" WC="0.96" CONTENT="Februari"/><SP WIDTH="14" VPOS="905" HPOS="898"/>
							<String ID="string_174" HPOS="912" VPOS="905" WIDTH="28" HEIGHT="20" WC="0.92" CONTENT="kl."/><SP WIDTH="18" VPOS="905" HPOS="940"/>
							<String ID="string_175" HPOS="958" VPOS="905" WIDTH="26" HEIGHT="20" WC="0.96" CONTENT="12"/>
						</TextLine>
						<TextLine ID="line_20" HPOS="157" VPOS="934" WIDTH="118" HEIGHT="27">
							<String ID="string_176" HPOS="157" VPOS="934" WIDTH="28" HEIGHT="27" WC="0.96" CONTENT="pä"/><SP WIDTH="16" VPOS="934" HPOS="185"/>
							<String ID="string_177" HPOS="201" VPOS="935" WIDTH="74" HEIGHT="26" WC="0.96" CONTENT="dagen."/>
						</TextLine>
					</TextBlock>
					<TextBlock ID="block_7" HPOS="225" VPOS="963" WIDTH="371" HEIGHT="28">
						<TextLine ID="line_21" HPOS="225" VPOS="963" WIDTH="371" HEIGHT="28">
							<String ID="string_178" HPOS="225" VPOS="963" WIDTH="89" HEIGHT="22" WC="0.93" CONTENT="Plenum"/><SP WIDTH="16" VPOS="963" HPOS="314"/>
							<String ID="string_179" HPOS="330" VPOS="963" WIDTH="73" HEIGHT="22" WC="0.90" CONTENT="afslöts"/><SP WIDTH="15" VPOS="963" HPOS="403"/>
							<String ID="string_180" HPOS="418" VPOS="963" WIDTH="28" HEIGHT="21" WC="0.92" CONTENT="kl."/><SP WIDTH="18" VPOS="963" HPOS="446"/>
							<String ID="string_181" HPOS="464" VPOS="963" WIDTH="28" HEIGHT="28" WC="0.63" CONTENT="1/,"/><SP WIDTH="15" VPOS="963" HPOS="492"/>
							<String ID="string_182" HPOS="507" VPOS="964" WIDTH="12" HEIGHT="21" WC="0.97" CONTENT="3"/><SP WIDTH="15" VPOS="964" HPOS="519"/>
							<String ID="string_183" HPOS="534" VPOS="970" WIDTH="18" HEIGHT="15" WC="0.96" CONTENT="e."/><SP WIDTH="16" VPOS="970" HPOS="552"/>
							<String ID="string_184" HPOS="568" VPOS="970" WIDTH="28" HEIGHT="15" WC="0.96" CONTENT="m."/>
						</TextLine>
					</TextBlock>
				</ComposedBlock>
				<ComposedBlock ID="cblock_6" HPOS="699" VPOS="1019" WIDTH="192" HEIGHT="66">
					<TextBlock ID="block_8" HPOS="699" VPOS="1019" WIDTH="192" HEIGHT="66">
						<TextLine ID="line_22" HPOS="745" VPOS="1019" WIDTH="103" HEIGHT="18">
							<String ID="string_185" HPOS="745" VPOS="1019" WIDTH="24" HEIGHT="18" WC="0.93" CONTENT="In"/><SP WIDTH="12" VPOS="1019" HPOS="769"/>
							<String ID="string_186" HPOS="781" VPOS="1019" WIDTH="67" HEIGHT="17" WC="0.92" CONTENT="fidem:"/>
						</TextLine>
						<TextLine ID="line_23" HPOS="699" VPOS="1058" WIDTH="192" HEIGHT="27">
							<String ID="string_187" HPOS="699" VPOS="1059" WIDTH="22" HEIGHT="22" WC="0.83" CONTENT="J."/><SP WIDTH="17" VPOS="1059" HPOS="721"/>
							<String ID="string_188" HPOS="738" VPOS="1059" WIDTH="27" HEIGHT="21" WC="0.90" CONTENT="F."/><SP WIDTH="16" VPOS="1059" HPOS="765"/>
							<String ID="string_189" HPOS="781" VPOS="1058" WIDTH="110" HEIGHT="27" WC="0.62" CONTENT="Aminoff."/>
						</TextLine>
					</TextBlock>
				</ComposedBlock>
				<ComposedBlock ID="cblock_7" HPOS="261" VPOS="1217" WIDTH="623" HEIGHT="34">
					<TextBlock ID="block_9" HPOS="261" VPOS="1217" WIDTH="623" HEIGHT="34">
						<TextLine ID="line_24" HPOS="261" VPOS="1217" WIDTH="623" HEIGHT="34">
							<String ID="string_190" HPOS="261" VPOS="1217" WIDTH="157" HEIGHT="34" WC="0.91" CONTENT="Onsdagen"/><SP WIDTH="18" VPOS="1217" HPOS="418"/>
							<String ID="string_191" HPOS="436" VPOS="1219" WIDTH="58" HEIGHT="26" WC="0.96" CONTENT="den"/><SP WIDTH="16" VPOS="1219" HPOS="494"/>
							<String ID="string_192" HPOS="510" VPOS="1219" WIDTH="14" HEIGHT="26" WC="0.96" CONTENT="1"/><SP WIDTH="19" VPOS="1219" HPOS="524"/>
							<String ID="string_193" HPOS="543" VPOS="1218" WIDTH="146" HEIGHT="28" WC="0.96" CONTENT="Februari"/><SP WIDTH="17" VPOS="1218" HPOS="689"/>
							<String ID="string_194" HPOS="706" VPOS="1218" WIDTH="43" HEIGHT="27" WC="0.91" CONTENT="kl."/><SP WIDTH="19" VPOS="1218" HPOS="749"/>
							<String ID="string_195" HPOS="768" VPOS="1217" WIDTH="17" HEIGHT="28" WC="0.96" CONTENT="6"/><SP WIDTH="19" VPOS="1217" HPOS="785"/>
							<String ID="string_196" HPOS="804" VPOS="1224" WIDTH="24" HEIGHT="21" WC="0.96" CONTENT="e."/><SP WIDTH="19" VPOS="1224" HPOS="828"/>
							<String ID="string_197" HPOS="847" VPOS="1224" WIDTH="37" HEIGHT="19" WC="0.96" CONTENT="m."/>
						</TextLine>
					</TextBlock>
				</ComposedBlock>
				<ComposedBlock ID="cblock_8" HPOS="154" VPOS="1280" WIDTH="830" HEIGHT="55">
					<TextBlock ID="block_10" HPOS="154" VPOS="1280" WIDTH="830" HEIGHT="55">
						<TextLine ID="line_25" HPOS="224" VPOS="1280" WIDTH="760" HEIGHT="28">
							<String ID="string_198" HPOS="224" VPOS="1280" WIDTH="33" HEIGHT="21" WC="0.93" CONTENT="Hr"/><SP WIDTH="22" VPOS="1280" HPOS="257"/>
							<String ID="string_199" HPOS="279" VPOS="1281" WIDTH="208" HEIGHT="22" WC="0.90" CONTENT="Landtmarskalken"/><SP WIDTH="22" VPOS="1281" HPOS="487"/>
							<String ID="string_200" HPOS="509" VPOS="1281" WIDTH="142" HEIGHT="27" WC="0.91" CONTENT="tillkännagaf"/><SP WIDTH="21" VPOS="1281" HPOS="651"/>
							<String ID="string_201" HPOS="672" VPOS="1283" WIDTH="33" HEIGHT="19" WC="0.92" CONTENT="att"/><SP WIDTH="24" VPOS="1283" HPOS="705"/>
							<String ID="string_202" HPOS="729" VPOS="1281" WIDTH="103" HEIGHT="26" WC="0.96" CONTENT="polletter"/><SP WIDTH="26" VPOS="1281" HPOS="832"/>
							<String ID="string_203" HPOS="858" VPOS="1280" WIDTH="70" HEIGHT="21" WC="0.91" CONTENT="blifvit"/><SP WIDTH="22" VPOS="1280" HPOS="928"/>
							<String ID="string_204" HPOS="950" VPOS="1281" WIDTH="34" HEIGHT="20" WC="0.92" CONTENT="ut-"/>
						</TextLine>
						<TextLine ID="line_26" HPOS="154" VPOS="1309" WIDTH="117" HEIGHT="26">
							<String ID="string_205" HPOS="154" VPOS="1309" WIDTH="66" HEIGHT="26" WC="0.91" CONTENT="tagna"/><SP WIDTH="17" VPOS="1309" HPOS="220"/>
							<String ID="string_206" HPOS="237" VPOS="1309" WIDTH="34" HEIGHT="20" WC="0.96" CONTENT="för"/>
						</TextLine>
					</TextBlock>
				</ComposedBlock>
				<ComposedBlock ID="cblock_9" HPOS="223" VPOS="1365" WIDTH="160" HEIGHT="21">
					<TextBlock ID="block_11" HPOS="223" VPOS="1365" WIDTH="160" HEIGHT="21">
						<TextLine ID="line_27" HPOS="223" VPOS="1365" WIDTH="160" HEIGHT="21">
							<String ID="string_207" HPOS="223" VPOS="1365" WIDTH="58" HEIGHT="20" WC="0.88" CONTENT="Frih."/><SP WIDTH="16" VPOS="1365" HPOS="281"/>
							<String ID="string_208" HPOS="297" VPOS="1366" WIDTH="86" HEIGHT="20" WC="0.90" CONTENT="ätterna"/>
						</TextLine>
					</TextBlock>
				</ComposedBlock>
				<ComposedBlock ID="cblock_10" HPOS="150" VPOS="1421" WIDTH="832" HEIGHT="140">
					<TextBlock ID="block_12" HPOS="154" VPOS="1421" WIDTH="828" HEIGHT="55">
						<TextLine ID="line_28" HPOS="222" VPOS="1421" WIDTH="760" HEIGHT="29">
							<String ID="string_209" HPOS="222" VPOS="1421" WIDTH="41" HEIGHT="21" WC="0.95" CONTENT="N:o"/><SP WIDTH="17" VPOS="1421" HPOS="263"/>
							<String ID="string_210" HPOS="280" VPOS="1422" WIDTH="19" HEIGHT="26" WC="0.93" CONTENT="7,"/><SP WIDTH="23" VPOS="1422" HPOS="299"/>
							<String ID="string_211" HPOS="322" VPOS="1421" WIDTH="193" HEIGHT="29" WC="0.90" CONTENT="Silfverhjelm,"/><SP WIDTH="18" VPOS="1421" HPOS="515"/>
							<String ID="string_212" HPOS="533" VPOS="1423" WIDTH="23" HEIGHT="20" WC="0.93" CONTENT="af"/><SP WIDTH="14" VPOS="1423" HPOS="556"/>
							<String ID="string_213" HPOS="570" VPOS="1423" WIDTH="58" HEIGHT="21" WC="0.92" CONTENT="Frih."/><SP WIDTH="16" VPOS="1423" HPOS="628"/>
							<String ID="string_214" HPOS="644" VPOS="1423" WIDTH="53" HEIGHT="20" WC="0.93" CONTENT="Karl"/><SP WIDTH="16" VPOS="1423" HPOS="697"/>
							<String ID="string_215" HPOS="713" VPOS="1421" WIDTH="199" HEIGHT="27" WC="0.91" CONTENT="Silfverhjelm,"/><SP WIDTH="16" VPOS="1421" HPOS="912"/>
							<String ID="string_216" HPOS="928" VPOS="1421" WIDTH="54" HEIGHT="21" WC="0.91" CONTENT="Gar-"/>
						</TextLine>
						<TextLine ID="line_29" HPOS="154" VPOS="1449" WIDTH="126" HEIGHT="27">
							<String ID="string_217" HPOS="154" VPOS="1449" WIDTH="126" HEIGHT="27" WC="0.91" CONTENT="deskapten,"/>
						</TextLine>
					</TextBlock>
					<TextBlock ID="block_13" HPOS="150" VPOS="1477" WIDTH="832" HEIGHT="84">
						<TextLine ID="line_30" HPOS="222" VPOS="1477" WIDTH="760" HEIGHT="28">
							<String ID="string_218" HPOS="222" VPOS="1477" WIDTH="41" HEIGHT="22" WC="0.96" CONTENT="N:o"/><SP WIDTH="24" VPOS="1477" HPOS="263"/>
							<String ID="string_219" HPOS="287" VPOS="1478" WIDTH="33" HEIGHT="26" WC="0.96" CONTENT="24,"/><SP WIDTH="23" VPOS="1478" HPOS="320"/>
							<String ID="string_220" HPOS="343" VPOS="1484" WIDTH="42" HEIGHT="15" WC="0.96" CONTENT="von"/><SP WIDTH="22" VPOS="1484" HPOS="385"/>
							<String ID="string_221" HPOS="407" VPOS="1479" WIDTH="83" HEIGHT="26" WC="0.95" CONTENT="Troil,"/><SP WIDTH="22" VPOS="1479" HPOS="490"/>
							<String ID="string_222" HPOS="512" VPOS="1479" WIDTH="23" HEIGHT="22" WC="0.92" CONTENT="af"/><SP WIDTH="23" VPOS="1479" HPOS="535"/>
							<String ID="string_223" HPOS="558" VPOS="1479" WIDTH="57" HEIGHT="22" WC="0.92" CONTENT="Frih."/><SP WIDTH="20" VPOS="1479" HPOS="615"/>
							<String ID="string_224" HPOS="635" VPOS="1479" WIDTH="87" HEIGHT="21" WC="0.96" CONTENT="Samuel"/><SP WIDTH="16" VPOS="1479" HPOS="722"/>
							<String ID="string_225" HPOS="738" VPOS="1478" WIDTH="91" HEIGHT="21" WC="0.96" CONTENT="Werner"/><SP WIDTH="15" VPOS="1478" HPOS="829"/>
							<String ID="string_226" HPOS="844" VPOS="1484" WIDTH="42" HEIGHT="15" WC="0.96" CONTENT="von"/><SP WIDTH="15" VPOS="1484" HPOS="886"/>
							<String ID="string_227" HPOS="901" VPOS="1477" WIDTH="81" HEIGHT="26" WC="0.96" CONTENT="Troil,"/>
						</TextLine>
						<TextLine ID="line_31" HPOS="151" VPOS="1505" WIDTH="831" HEIGHT="30">
							<String ID="string_228" HPOS="151" VPOS="1505" WIDTH="146" HEIGHT="27" WC="0.89" CONTENT="Hofmästare,"/><SP WIDTH="18" VPOS="1505" HPOS="297"/>
							<String ID="string_229" HPOS="315" VPOS="1507" WIDTH="183" HEIGHT="22" WC="0.89" CONTENT="Viceordförande"/><SP WIDTH="14" VPOS="1507" HPOS="498"/>
							<String ID="string_230" HPOS="512" VPOS="1508" WIDTH="7" HEIGHT="21" WC="0.93" CONTENT="i"/><SP WIDTH="15" VPOS="1508" HPOS="519"/>
							<String ID="string_231" HPOS="534" VPOS="1508" WIDTH="119" HEIGHT="27" WC="0.92" CONTENT="Kejserliga"/><SP WIDTH="18" VPOS="1508" HPOS="653"/>
							<String ID="string_232" HPOS="671" VPOS="1507" WIDTH="105" HEIGHT="22" WC="0.92" CONTENT="Senatens"/><SP WIDTH="24" VPOS="1507" HPOS="776"/>
							<String ID="string_233" HPOS="800" VPOS="1506" WIDTH="118" HEIGHT="21" WC="0.89" CONTENT="Ekonomie"/><SP WIDTH="22" VPOS="1506" HPOS="918"/>
							<String ID="string_234" HPOS="940" VPOS="1505" WIDTH="42" HEIGHT="22" WC="0.92" CONTENT="De-"/>
						</TextLine>
						<TextLine ID="line_32" HPOS="150" VPOS="1535" WIDTH="186" HEIGHT="26">
							<String ID="string_235" HPOS="150" VPOS="1536" WIDTH="130" HEIGHT="25" WC="0.92" CONTENT="partement,"/><SP WIDTH="16" VPOS="1536" HPOS="280"/>
							<String ID="string_236" HPOS="296" VPOS="1535" WIDTH="40" HEIGHT="20" WC="0.96" CONTENT="och"/>
						</TextLine>
					</TextBlock>
				</ComposedBlock>
			</PrintSpace>
		</Page>
	</Layout>
</alto>
