1075 1759
359 135 25 18 R.
397 140 17 12 o.
427 136 23 16 A.
464 136 60 16 1888.
540 136 13 16 4
565 135 59 17 Febr.
834 129 38 21 141

78 221 54 21 talet
146 220 133 26 fullmäktige
295 220 47 21 med
357 220 83 21 hälften
456 221 52 21 eller
519 222 108 19 närmaste
638 221 31 21 tal
680 221 124 21 derutöfver
813 220 89 21 utsedde

79 248 56 22 inför
156 248 133 27 fullmäktige
310 248 23 21 af
347 248 39 22 och
402 249 65 21 bland
482 249 131 27 välfrejäade
631 249 38 21 och
685 250 107 26 myndige,
807 250 6 20 i
830 249 73 21 staden

79 277 172 21 mantalsskrifne
266 277 133 21 industriella
415 278 107 20 arbetare.

148 305 64 22 Mom.
228 305 19 21 2.
277 305 83 21 Infinna
375 306 31 26 sig
422 305 18 27 ej
458 305 32 21 till
506 306 57 21 valet
585 305 65 22 minst
666 307 12 20 3
693 305 81 28 gånger
790 305 24 22 så
828 305 76 26 många

80 334 105 25 arbetare,
202 340 45 15 som
261 334 82 21 antalet
357 334 23 21 af
394 334 48 21 dem
461 335 104 20 utseende
580 334 141 27 fullmäktige,
734 335 23 20 så
772 341 50 21 eger
832 334 71 27 yrkes-

80 362 126 27 föreningen
233 362 56 27 välja
317 363 35 20 det
380 363 112 20 bestämda
518 363 81 21 antalet
624 351 280 38 arbetarerepresentanter.

81 391 316 27 Arbetarerepresentanternas
417 391 89 21 mandat
522 393 23 20 är
561 391 93 27 tvåårigt
670 392 39 20 och
725 392 81 21 hälften
822 392 22 21 af
857 392 48 21 dem

80 420 141 21 underkastas
237 419 62 27 årligt
315 420 75 21 omval.

150 449 63 21 Mom.
231 449 12 20 3
259 448 40 21 och
313 449 14 20 4
343 448 149 22 oförändrade.

463 529 11 27 8
490 531 34 20 27.

152 557 138 22 Oförändrad.

152 621 74 21 Såsom
252 621 23 21 af
299 620 151 22 ofvanstående
476 627 68 20 synes,
563 621 89 21 innebär
677 620 103 27 förslaget
802 620 55 21 blott
882 625 25 16 en

82 649 123 28 utveckling
227 649 23 21 af
271 649 225 27 yrkesföreningarnes
523 649 245 27 fullmäktiginstitution
791 649 6 21 i
820 649 36 20 det
872 648 35 21 det

84 678 56 21 afser
163 679 32 20 att
212 678 139 27 förekomma
374 678 141 27 anledningar
537 678 33 21 till
593 678 26 21 de
642 678 140 26 tvistigheter,
803 678 7 20 i
824 677 83 21 hvilkas

84 707 126 20 afdömande
233 713 27 14 nu
276 707 98 26 gällande
388 707 125 26 näringslag
528 713 37 20 ger
581 707 113 21 arbetarne
709 708 44 19 rätt
768 708 33 19 att
816 706 90 26 deltaga.

84 735 40 21 Att
145 735 106 27 yrkandet
272 735 74 21 härom
362 737 24 18 är
402 735 110 21 dikteradt
528 735 23 21 af
562 735 118 27 praktiska
695 735 49 21 skäl
759 735 39 21 och
814 736 32 19 att
861 735 47 20 dess

83 763 170 27 förverkligande
269 764 75 21 endast
364 764 88 21 innebär
468 770 28 15 en
509 764 57 27 gärd
582 763 29 27 af
621 764 92 20 rättvisa
729 767 43 17 mot
787 763 120 25 arbetarne,

84 793 62 20 torde
169 792 82 27 framgä
266 792 65 26 deraf,
348 793 32 20 att
396 792 163 27 arbetstagarne
575 792 89 21 beröras
680 792 129 27 ojemförligt
826 791 83 28 mycket

85 827 59 16 mera
159 824 20 17 at
195 821 143 26 fullmäktiges
353 821 139 21 verksamhet
508 823 26 19 än
551 821 173 26 arbetsgifvarne.

154 849 49 22 Men
225 850 102 26 förslaget
352 849 56 21 afser
430 849 47 21 icke
501 850 56 21 blott
577 851 32 19 att
625 849 74 27 bringa
714 856 27 15 en
756 849 53 27 gärd
824 849 23 21 af
860 849 49 21 obe-

84 878 85 27 stridlig
184 878 88 21 rättvisa
290 878 22 21 ät
327 878 120 26 arbetarne,
466 880 54 19 utan
535 878 48 21 dess
598 878 167 27 genomförande
781 878 67 21 skulle
864 878 46 21 der-

82 907 67 26 jemte
172 907 80 20 tillföra
273 907 225 26 yrkesföreningarnas
520 907 135 26 fullmäktige
677 907 56 26 goda
749 905 161 26 arbetskrafter,

86 937 24 25 ty
128 935 36 21 det
179 935 66 27 ligger
260 936 7 20 i
282 936 75 21 sakens
372 937 70 24 natur,
459 937 34 19 att
509 935 54 21 både
578 935 98 20 arbetare
691 935 40 22 och
746 935 165 27 arbetsgifvare,

86 964 45 21 dels
154 964 23 21 af
190 965 35 19 sin
240 971 50 20 egen
301 964 86 27 fördel,
407 965 45 20 dels
468 964 24 21 af
506 963 99 22 omtanke
621 971 33 13 om
669 964 37 21 sitt
722 963 106 21 anseende
843 963 68 21 skulle

85 999 75 14 manas
182 994 33 19 att
230 993 65 20 sända
311 993 46 20 sina
372 995 54 18 mest
441 993 146 21 framstäende
603 994 49 19 män
667 994 32 19 att
714 992 96 21 förfäkta
826 992 32 21 sin
872 992 39 20 sak

86 1021 36 21 vid
144 1021 143 26 fullmäktiges
311 1021 191 27 öfverläggningar,
526 1027 46 16 som
595 1021 90 21 sälunda
707 1021 84 21 komme
810 1022 30 19 att
856 1020 56 27 gifva

87 1050 43 21 alla
152 1049 72 27 frägor
246 1056 26 15 en
287 1050 123 27 mängsidig
426 1050 40 21 och
483 1049 122 28 insigtsfull
621 1050 119 26 utredning,
756 1049 82 21 hvilket
853 1049 38 20 allt
905 1049 7 20 i

87 1078 98 27 förening
207 1078 48 21 med
277 1079 41 20 den
340 1078 107 21 allmänna
471 1079 125 26 meningens
618 1078 141 27 pätryckning
781 1078 84 21 komme
880 1079 33 19 att

87 1107 67 21 verka
170 1113 45 14 som
231 1113 25 14 en
271 1107 105 21 helsosam
392 1113 76 21 sporre
484 1107 28 27 pä
528 1108 41 21 den
584 1107 79 21 sociala
677 1107 157 27 utvecklingen.

156 1135 74 22 Under
251 1135 145 27 fullmäktiges
411 1136 175 21 sammanträden
602 1136 68 21 sknlle
685 1135 125 22 arbetarnes
826 1134 40 22 och
880 1141 33 14 ar-

88 1164 155 27 betsgifvarnes
258 1166 178 25 representanter,
453 1165 42 21 och
503 1171 77 20 genom
589 1165 47 20 dem
645 1165 62 20 deras
715 1163 198 26 komittenter,lära

88 1193 32 27 sig
135 1193 71 21 känna
221 1193 130 21 hvarandras
367 1193 162 27 önskningsmäl
545 1193 39 22 och
595 1194 26 21 de
633 1193 80 26 hinder,
725 1199 45 15 som
781 1194 59 20 möta
851 1192 62 21 deras

88 1221 177 27 förverkligande.

158 1250 174 27 Arbetsgifvarne
359 1250 68 21 skulle
454 1250 66 21 häraf
540 1257 75 14 manas
638 1251 33 20 till
693 1249 177 28 genomförandet
894 1248 23 21 af

89 1279 80 26 mänga
183 1279 102 22 reformer
300 1279 40 21 och
355 1279 116 21 arbetarne
487 1279 47 21 lära
549 1280 32 26 sig
596 1281 33 19 att
649 1279 70 21 känna
734 1279 26 20 de
776 1277 139 32 svärigheter,

89 1314 47 15 som
158 1307 46 22 ofta
225 1309 37 20 äro
282 1307 101 22 förenade
398 1308 49 21 med
464 1307 103 27 ätgärder
582 1308 32 21 till
630 1308 63 21 deras
707 1307 90 25 förmän,
813 1305 101 22 hvilket
901 1301 17 38 i

88 1336 64 27 högst
174 1336 119 27 väsendtlig
314 1337 54 26 grad
390 1336 86 21 komme
496 1337 33 20 att
544 1337 77 21 hindra
636 1337 36 20 det
687 1336 67 21 bittra
768 1335 8 21 i
791 1323 125 33 arbetarnes

89 1365 106 26 ställning.

158 1393 39 21 Att
212 1393 39 22 allt
266 1394 51 21 ondt
331 1394 47 21 icke
394 1394 42 21 kan
451 1394 112 21 försvinna
579 1396 24 19 är
617 1394 53 21 visst
685 1393 113 28 sjelffallet,
814 1398 49 15 men
873 1392 44 21 lika

88 1421 74 22 säkert
188 1423 24 20 är
235 1423 36 20 det
290 1422 61 22 äfven
367 1423 32 20 att
414 1429 34 14 om
464 1423 157 26 arbetsgifvare
637 1423 39 21 och
691 1422 100 21 arbetare
806 1421 49 21 med
866 1421 51 27 för-

88 1450 70 20 enade
180 1450 85 27 krafter
286 1451 66 21 verka
378 1451 34 21 för
432 1451 121 26 praktiska
575 1451 111 26 reformer,
710 1450 24 22 sä
756 1450 56 22 skall
834 1449 84 27 mycket

89 1478 73 22 kunna
178 1479 68 26 ernäs,
262 1485 44 16 som
322 1486 29 14 nu
366 1479 128 27 öfverstiger
509 1479 51 21 vära
570 1480 174 26 förhoppningar.

160 1496 86 32 Genom
265 1508 39 21 den
327 1508 22 21 af
371 1508 60 20 detta
446 1508 149 21 ständermöte
611 1509 92 20 väntade
719 1508 61 26 lagen
796 1513 35 15 om
846 1506 71 24 barns,

88 1540 67 21 yngre
178 1542 112 20 personers
305 1536 40 21 och
361 1536 101 26 gvinnors
479 1537 140 21 användande
635 1537 6 20 i
657 1523 95 34 fabriker
767 1536 40 21 och
823 1517 96 47 verkstä-
