1078 1759
347 138 25 16 R.
385 142 17 13 o.
412 138 22 17 A.
448 138 58 17 1888.
521 138 21 17 17
550 138 64 17 Mars.
829 133 41 21 463

71 222 92 28 avinliga
178 222 138 22 medlemmar
330 223 7 21 i
352 222 65 22 lifvet.
440 223 48 21 Den
505 224 56 20 11:te
576 224 66 22 ätten,
658 229 46 16 som
719 223 56 22 hade
789 223 56 26 kors,
861 229 37 15 var

70 257 43 16 von
132 250 149 27 Friesendorff,
303 251 85 22 hvilken
411 253 31 20 ätt
465 251 108 27 verkligen
588 252 72 26 utgick
675 252 40 22 här
729 252 7 21 i
751 252 72 21 landet
839 252 61 25 1829,

70 286 55 19 men,
141 280 42 21 kan
199 286 48 15 man
263 282 56 24 säga,
334 280 47 21 äter
395 280 95 27 uppstod
505 280 47 22 frän
568 280 26 22 de
609 280 56 22 döda
679 286 77 21 genom
771 286 26 16 en
812 280 31 21 hit
853 280 47 21 frän

70 308 87 27 Sverige
171 307 98 28 inflyttad
284 308 90 22 medlem
390 308 22 22 af
425 310 60 20 ätten
500 315 46 15 som
562 309 39 21 här
616 310 47 20 åter
671 308 69 22 blifvit
750 308 149 23 introducerad

71 337 62 21 1877.
163 336 41 28 Jag
219 336 38 22 ber
272 343 34 15 om
324 336 115 28 förlätelse,
455 339 33 20 att
500 337 37 27 jag
552 338 24 21 sä
589 337 62 27 länge
666 337 118 27 uppehällit
798 338 25 21 R.
839 344 18 15 o.
873 337 25 21 A.

71 365 49 22 med
143 365 69 22 denna
233 366 60 26 ringa
315 365 45 27 sak,
382 372 49 15 men
453 366 79 22 önskar
550 368 33 20 att
597 368 57 20 ännu
669 366 21 22 fä
705 366 87 27 tillägga
807 368 32 20 ett
853 366 45 22 ord.

71 394 43 22 Det
135 394 72 22 skämt
227 394 37 27 jag
286 394 34 22 vid
342 394 52 22 sista
417 394 146 28 aftonplenum
585 394 56 22 tillät
659 394 43 28 mig
717 401 35 15 om
767 394 26 22 de
808 394 92 28 gvinliga

71 422 140 22 medlemmar
232 422 22 22 af
274 423 24 21 R.
322 428 18 16 o.
364 424 26 20 A.
413 429 38 15 var
472 423 48 22 icke
535 423 75 22 endast
626 430 25 14 en
667 423 80 27 ordlek,
763 424 52 20 utan
830 422 70 22 stod
886 418 18 36 i

72 454 52 19 nära
139 451 153 27 sammanhang
307 451 48 21 med
372 452 41 21 den
427 452 29 26 pä
472 452 40 21 den
528 451 89 22 liberala
632 451 159 27 dagordningen
805 451 8 21 i
827 450 73 22 landet

71 480 88 22 stående
181 479 151 27 qvinnofrågan
356 480 52 21 eller
430 479 75 28 frågan
528 486 34 16 om
578 480 103 27 avinnans
695 480 139 26 likställighet
851 478 49 22 med

71 514 91 16 mannen
184 508 7 21 i
213 508 76 22 socialt
310 508 126 27 hänseende,
460 508 104 28 börjande
586 508 47 22 frän
651 508 132 22 samskolans
797 508 103 22 moderna

70 536 65 28 idéer,
151 537 48 21 dem
212 536 37 27 jag
263 536 48 22 ville
326 537 105 27 bekämpa
446 538 59 20 såväl
520 538 49 21 med
584 537 164 28 öfvertygelsens
764 543 45 15 som
819 536 79 22 ironins

70 572 75 20 vapen,
168 566 23 21 sä
215 565 61 27 länge
296 565 36 27 jag
351 568 56 19 ännu
422 565 72 22 lefver.
525 566 41 27 Jag
581 572 106 21 upprepar
702 568 27 19 än
745 572 26 15 en
786 566 55 26 gäng
856 564 43 22 min

71 594 107 25 anhällan,
201 595 32 20 att
254 594 43 21 min
319 594 63 22 korta
404 594 68 27 replik
496 594 7 21 i
518 594 66 22 slutet
599 594 22 22 af
636 594 145 22 diskussionen
797 594 66 21 mätte
878 592 22 22 fä

70 623 52 26 utgä
143 629 26 14 ur
192 622 130 27 protokollet
344 622 32 22 för
398 622 128 28 föregäende
549 623 164 26 sammanträde,
736 622 114 26 äfvensom,
868 623 32 20 att

71 651 60 21 detta
153 651 50 21 mitt
232 650 63 27 länga
319 651 137 27 andragande
486 651 46 22 icke
555 652 67 20 mätte
637 651 49 27 ingä
700 652 7 20 i
723 650 130 28 protokollet
867 649 33 23 för

72 680 79 26 dagens
166 679 92 27 plenum.

140 736 50 22 Med
205 736 113 27 anledning
332 736 22 22 af
368 737 69 21 denna
452 736 101 22 anhällan
568 737 85 27 yttrade

139 775 58 22 Frih.
221 782 41 15 von
283 776 92 21 Born:
405 776 58 22 Utan
487 778 33 20 att
535 776 49 27 vilja
599 776 90 22 tillmäta
705 776 69 22 denna
788 776 60 26 fråga
862 776 38 20 nä-

69 810 43 21 gon
127 810 46 16 som
188 804 56 22 helst
258 804 114 28 betydelse,
388 805 68 22 skulle
469 805 38 27 jag
521 806 54 21 dock
591 805 33 21 för
638 805 43 21 min
697 805 34 21 del
745 805 46 21 icke
802 804 49 27 vilja
861 803 39 22 här

69 832 69 22 införa
160 832 125 28 privilegiet,
310 835 32 19 att
367 833 21 22 få
406 834 125 21 inkorrekta
546 834 106 27 uppgifter
667 840 26 14 ur
707 832 130 28 protokollet
852 834 47 19 ute-

69 861 78 29 slutna,
169 862 18 27 ej
212 861 66 22 heller
300 862 118 28 privilegiet
440 864 32 20 att
492 862 21 22 få
528 862 45 22 tala
587 864 60 20 utom
662 862 139 28 protokollet;
818 860 39 23 och
872 861 28 27 pä

70 890 70 22 denna
161 891 70 26 grund
252 892 68 20 måste
340 891 36 27 jag
398 893 104 20 motsätta
524 891 43 27 mig
586 892 33 21 Hr
634 891 130 22 Schaumans
777 889 122 23 anhållan
887 885 15 38 i

69 918 50 23 hela
134 919 48 21 dess
198 919 54 21 vidd.

139 976 58 21 Frih.
213 976 115 22 Wrede:
359 977 10 21 I
383 978 28 20 46
427 978 9 26 &
452 977 23 22 af
488 977 24 21 L.
530 977 25 22 O.
572 977 96 27 stadgas:
685 976 54 26 ,,och
754 977 35 21 må
800 976 17 27 ej
829 976 71 26 någon

69 1011 52 15 vara
135 1004 121 28 berättigad
271 1007 32 19 att
317 1005 45 22 tala
377 1007 59 20 utom
451 1005 152 28 protokollet".
634 1005 34 21 Nu
683 1011 61 21 synes
761 1005 36 21 det
814 1004 43 26 mig
867 1005 33 20 att

69 1033 128 27 stadgandet
218 1033 8 21 i
248 1034 28 20 64
294 1034 12 27 $
322 1040 34 15 om
372 1034 131 27 uteslutning
518 1034 22 22 af
554 1034 99 27 yttrande
668 1040 25 15 ur
708 1032 130 28 protokollet
853 1032 46 21 icke

69 1061 42 23 kan
134 1061 107 27 tillämpas
263 1062 27 27 på
313 1062 59 22 detta
394 1062 42 28 fall,
462 1064 23 26 ty
511 1062 3 22 i
544 1064 27 20 64
602 1062 11 27 8
642 1063 85 26 stadgas
757 1062 81 24 endast,
868 1061 32 21 att

69 1090 100 28 yttrande
184 1090 43 22 kan
242 1090 37 21 vid
290 1091 111 28 justering
421 1098 25 14 ur
468 1091 132 27 protokollet
622 1093 92 25 uttagas.
744 1090 66 22 Detta
832 1090 68 20 måste

70 1119 33 21 väl
118 1118 77 22 förstås
210 1120 30 25 så,
256 1120 32 21 att
304 1120 42 24 det,
361 1126 47 15 som
423 1120 35 21 vid
474 1121 31 20 ett
520 1120 86 26 plenum
621 1121 84 26 yttrats,
721 1119 42 21 kan
778 1118 35 22 vid
832 1118 68 26 juste-

70 1148 47 26 ring
133 1147 22 22 af
169 1148 35 20 det
220 1148 96 21 deröfver
335 1148 61 22 förda
411 1148 131 27 protokollet
557 1148 57 26 utgå,
631 1154 48 16 men
694 1147 47 22 icke
755 1146 96 24 sålunda,
867 1147 33 20 att

70 1183 49 15 man
145 1176 32 21 får
200 1176 57 22 hålla
280 1179 30 19 ett
330 1177 136 26 andragande
482 1177 40 21 och
538 1176 133 22 omedelbart
686 1176 91 24 anhålla,
793 1177 32 19 att
841 1174 59 22 detta

70 1204 47 22 icke
139 1204 69 22 skulle
230 1206 49 26 ingå
302 1206 6 20 i
332 1205 136 27 protokollet.
498 1206 11 20 I
524 1205 74 26 hvarje
613 1205 100 21 händelse
729 1210 62 22 synes
807 1204 36 20 det
857 1202 43 27 mig

71 1236 32 18 att
128 1234 23 20 L.
174 1233 24 21 O.
215 1234 81 21 således
311 1234 45 20 icke
372 1234 122 26 medgifver,
510 1235 32 20 att
557 1234 33 20 Hr
605 1233 130 21 Schaumans
749 1233 7 21 i
773 1232 40 26 dag
829 1230 71 22 hållna

71 1262 136 26 andragande
230 1268 28 15 nu
278 1264 84 24 uttages
378 1268 25 15 ur
419 1262 137 26 protokollet,
572 1268 48 15 men
635 1262 41 24 väl,
692 1264 31 19 att
737 1262 54 20 hans
806 1260 94 31 begäran

70 1290 89 24 bifalles,
175 1290 55 22 hvad
246 1290 100 22 beträffar
360 1291 55 21 hans
429 1290 69 27 replik
514 1290 34 22 vid
564 1292 83 19 senaste
662 1289 163 25 sammanträde,
849 1287 52 21 hvil-

70 1318 37 21 ket
131 1318 68 22 denna
222 1319 99 21 anhållan
342 1319 79 27 jemväl
437 1319 103 27 åsyftade.
570 1318 41 22 Vid
627 1319 75 21 sådant
717 1316 132 23 förhållande
864 1315 37 21 vill

67 1346 38 28 jag
121 1346 54 22 dock
190 1347 118 26 hemställa,
323 1347 105 21 huruvida
444 1348 36 20 det
496 1347 54 21 dock
565 1347 47 21 icke
627 1353 50 15 vore
692 1348 83 24 rättast,
792 1347 32 19 att
845 1344 56 21 både

70 1374 160 28 ifrågavarande
252 1376 67 26 replik
342 1376 40 21 och
406 1376 36 20 det
460 1375 7 21 i
483 1376 41 26 dag
540 1375 78 27 afgifna
633 1376 108 26 yttrandet
757 1374 68 22 skulle
841 1379 61 21 qvar-

71 1404 40 25 stå,
133 1403 56 21 helst
213 1404 40 21 den
278 1404 90 26 oriktiga
387 1404 89 27 uppgift,
492 1410 47 15 som
555 1404 7 20 i
578 1404 64 26 sagde
657 1404 69 26 replik
741 1402 76 27 ingick,
833 1400 68 23 blifvit

70 1431 132 27 fullständigt
217 1432 71 21 rättad
304 1439 75 20 genom
395 1433 32 21 Hr
442 1432 132 22 Schaumans
589 1438 29 15 nu
634 1432 77 26 afgifna
725 1431 106 28 yttrande.

139 1478 59 21 Enär
213 1478 89 21 sålunda
316 1478 32 20 Hr
364 1478 132 21 Schaumans
512 1477 99 22 anhållan
627 1478 67 21 blifvit
710 1477 104 27 motsagd,
837 1475 63 21 fram-

71 1506 68 21 stälde
161 1506 32 20 Hr
215 1506 206 22 Landtmarskalken
442 1506 32 21 till
490 1506 97 22 ståndets
602 1506 131 22 besvarande
749 1504 92 28 följande
857 1508 43 16 om-

70 1534 160 27 röstningsprop
240 1542 4 13 :
