1075 1750
336 140 25 17 R.
374 144 18 12 o.
404 140 23 16 A.
436 140 60 16 1888.
513 140 12 16 6
538 140 63 16 Mars.
846 134 41 22 383

90 223 39 22 och
145 224 108 21 storartad
267 224 128 26 utveckling,
411 230 46 15 som
472 224 128 21 folkskolan.
623 224 61 21 Inom
699 225 32 20 ett
746 230 38 21 par
799 224 118 26 decennier,

89 257 45 16 som
149 251 98 27 förflutit,
255 253 65 20 sedan
336 253 70 20 denna
421 252 122 21 institution
558 252 91 27 begynte
666 253 32 20 sin
713 253 142 24 verksamhet,
879 252 39 21 har

90 280 40 21 den
152 280 67 21 redan
241 281 74 20 vunnit
333 287 27 14 en
376 280 67 21 sädan
458 281 155 26 utsträckning,
629 282 34 20 att
677 281 33 20 för
726 281 132 21 närvarande
873 287 44 14 om-

89 308 63 27 kring
167 309 28 27 */;
211 309 22 21 af
246 309 83 21 landets
351 309 128 21 kommuner
498 315 39 20 ega
553 309 128 21 åtminstone
697 315 26 15 en
738 309 106 22 folkskola
859 309 58 26 hvar,

90 337 39 21 och
152 339 33 19 att
200 337 5 21 i
221 337 50 21 flere
287 337 23 22 af
324 337 48 21 dem
387 337 43 25 två,
449 339 33 20 tre
498 338 53 20 eller
565 337 50 21 flere
631 337 73 22 skolor
719 337 69 22 finnas
802 337 115 22 inrättade.

89 365 34 22 Då
146 366 60 21 detta
228 365 81 22 kunnat
332 366 37 21 ske
384 366 68 21 under
468 366 37 21 det
521 367 32 20 att
569 366 155 21 kommunerna
738 366 47 21 haft
799 366 40 21 full
853 366 65 21 frihet

90 395 33 20 att
143 394 128 21 härutinnan
293 393 82 22 förfara
398 393 55 22 efter
476 394 161 27 godtfinnande,
659 394 23 21 sä
697 395 43 20 kan
753 394 36 27 jag
804 395 46 20 icke
865 394 53 25 inse,

89 423 34 21 att
144 423 37 21 det
203 424 57 19 ännu
278 423 68 20 skulle
362 429 52 14 vara
429 422 71 27 någon
515 423 116 26 anledning
646 424 33 19 att
693 423 53 20 söka
762 423 109 26 påskynda
885 423 33 20 in-

90 451 110 21 rättandet
223 450 23 21 af
266 451 124 21 folkskolor.
421 451 32 21 De
476 451 78 27 siffror,
577 451 107 21 utskottet
699 451 72 21 anfört
786 451 28 26 pä
829 451 38 21 sid.
883 450 36 21 5i

90 480 48 21 dess
153 479 142 25 betänkande,
304 481 37 19 äro
356 480 8 20 i
375 479 60 22 detta
445 479 101 22 afseende
557 479 134 27 synnerligen
701 479 138 27 upplysande,
851 479 68 21 ehuru

87 509 39 26 jag
147 508 34 21 för
203 508 43 20 min
269 508 34 20 del
325 514 26 15 ur
374 508 47 21 dem
442 508 49 21 ville
507 509 67 26 draga
590 514 26 15 en
631 514 70 14 annan
717 509 88 20 slutsats
821 509 27 20 än
862 507 57 21 hvad

89 536 107 21 utskottet
218 536 62 26 gjort.
310 537 43 20 Der
376 536 111 27 uppgifves
509 537 34 20 för
558 537 13 20 4
587 537 70 20 skilda
679 536 71 21 läseär
764 537 81 20 antalet
860 536 59 21 kom-

90 571 77 15 muner
189 565 48 20 med
260 564 118 22 folkskolor
394 565 40 21 och
449 565 71 21 likasä
535 565 82 21 antalet
632 565 124 21 folkskolor.
786 565 69 26 Tager
869 570 50 15 man

92 593 153 21 differenserna
268 594 90 20 emellan
374 594 26 20 de
415 594 37 25 tal,
470 600 46 15 som
532 594 38 20 der
586 595 37 19 äro
640 593 92 27 angifna,
749 593 23 21 sä
786 593 69 21 finner
870 598 50 15 man

90 622 33 20 att
137 622 68 20 under
220 622 100 25 perioden
341 622 51 21 1870
409 622 71 21 —1875
495 623 28 20 86
538 622 39 21 och
590 622 139 21 1875—1881
743 622 40 21 106
794 622 125 20 kommuner

90 650 48 21 med
154 650 117 21 folkskolor
287 650 125 27 tillkommo,
424 652 56 19 samt
491 652 33 19 att
535 651 67 20 under
613 650 108 26 perioden,
735 650 110 21 1881—85
857 650 62 20 dessa

90 678 135 21 kommuners
237 679 58 20 antal
311 679 63 20 ökats
389 679 48 20 med
454 679 32 21 71.
511 678 12 21 I
538 679 102 20 medeltal
655 679 97 26 utgjorde
768 679 81 20 antalet
859 678 60 20 kom-

90 712 75 15 muner
179 707 49 20 med
243 706 123 26 folkskolor,
376 713 46 15 som
431 707 82 26 ärligen
521 707 120 21 tillkommo
650 707 68 20 under
726 707 41 20 den
774 707 69 20 första
851 705 68 22 5-ärs-

90 735 108 26 perioden,
212 736 43 25 17,2
272 735 67 21 under
349 736 42 20 den
401 736 68 20 andra
484 737 13 20 6
514 735 35 21 ärs
563 735 103 27 perioden
682 736 42 25 17,7
748 735 39 21 och
802 735 67 20 under
879 734 41 21 den

90 763 67 26 tredje
166 764 13 20 4
187 763 34 21 års
230 764 101 26 perioden
340 765 54 24 17,8;
410 763 84 22 således
503 763 80 27 årligen
593 764 90 21 emellan
693 765 26 20 17
728 763 39 22 och
777 763 25 21 18
811 769 41 20 nya
860 763 59 20 kom-

90 797 81 20 muner,
187 798 46 15 som
248 792 103 21 derintills
367 792 47 21 icke
424 793 48 20 haft
481 793 128 24 folkskolor,
621 799 47 14 men
679 798 46 15 som
735 793 90 20 inrättat
833 791 86 21 sädana.

90 820 51 21 Man
156 820 68 21 finner
239 820 66 26 häraf,
321 823 32 18 att
368 821 133 21 folkskolans
517 821 129 26 utbredning
660 821 8 20 i
683 821 48 20 värt
745 821 51 20 land
806 819 114 27 försiggätt

90 849 48 20 med
162 855 25 14 en
210 849 204 26 anmärkningsvärd
434 849 99 27 jemnhet
548 849 68 21 under
631 850 69 21 denna
715 849 99 26 tidrymd,
830 847 39 22 och
885 853 34 15 om

90 877 144 21 förhällandet
257 877 68 22 skulle
344 877 92 22 fortfara
450 877 28 27 pä
495 885 82 14 samma
592 879 51 25 sätt,
658 877 82 22 hvilket
754 883 49 15 man
819 876 46 21 icke
881 875 39 21 har

90 905 47 21 skäl
152 907 33 19 att
200 905 91 26 betvifla,
307 905 24 22 sä
346 906 104 21 behöfver
464 913 50 14 man
530 907 47 20 icke
593 908 64 19 vänta
673 906 38 21 allt
726 906 32 21 för
773 906 69 25 länge,
853 905 67 25 knap-

90 935 50 26 past
162 935 31 20 ett
217 934 130 26 decennium,
370 935 65 20 innan
460 935 26 20 de
511 935 54 21 allra
588 935 62 21 flesta
664 935 126 20 kommuner
806 933 60 21 skola
881 938 40 21 ega

90 962 124 21 folkskolor.
245 963 68 20 Dessa
335 963 60 21 fakta
413 963 74 21 bevisa
503 964 67 26 enligt
585 964 45 20 min
644 963 65 21 tanke
720 963 105 26 tydligare
841 963 26 19 än
883 961 38 20 nä-

90 991 88 26 gonting
186 993 71 23 annat,
267 993 32 19 att
308 991 35 21 det
351 998 51 15 vore
407 991 132 27 fullkomligt
547 991 116 27 obehöfligt
668 993 33 20 att
706 997 29 15 nu
740 991 49 26 vilja
798 985 123 38 föreskrifva

91 1019 66 26 nägra
177 1018 176 28 tvängsätgärder
368 1020 34 21 för
417 1020 136 21 inrättandet
568 1021 23 20 af
604 1027 42 20 nya
661 1019 123 22 folkskolor.
817 1018 49 21 Man
881 1017 39 21 har

90 1047 105 26 åberopat
210 1049 95 26 exempel
320 1048 48 21 från
383 1049 68 20 andra
466 1049 83 25 länder,
566 1049 38 20 der
619 1049 72 26 dylika
707 1048 100 27 åtgärder
818 1048 37 19 äro
866 1046 54 21 före-

90 1075 89 21 skrifna.
209 1075 44 21 För
275 1077 43 19 min
341 1077 35 21 del
399 1077 69 21 skulle
489 1077 38 26 jag
542 1083 58 19 anse,
616 1078 33 19 att
664 1077 20 20 vi
699 1077 6 20 i
720 1076 48 21 värt
783 1075 51 21 land
849 1075 72 20 kunna

89 1110 53 14 vara
156 1103 49 22 fullt
220 1104 162 22 tillfredsstäldä
394 1106 49 20 med
459 1106 42 20 den
517 1105 130 25 erfarenhet,
664 1111 45 15 som
724 1104 92 25 vunnits,
833 1102 40 22 och
887 1104 34 19 att

90 1132 20 21 vi
126 1132 8 21 i
148 1133 61 21 detta
231 1133 99 21 afseende
345 1133 67 21 hellre
428 1133 71 21 kunde
516 1140 51 14 anse
583 1140 35 14 oss
634 1140 39 20 ega
689 1134 31 20 ett
734 1133 81 25 försteg
829 1132 92 30 framom

90 1161 68 21 andra
180 1161 80 27 länder,
283 1163 27 20 än
332 1162 64 21 hafva
419 1162 47 21 skäl
490 1164 33 19 att
546 1162 53 21 söka
614 1162 102 27 exempel,
732 1161 73 21 hvilka
819 1160 40 21 här
873 1159 48 21 icke

90 1196 39 21 ega
143 1191 45 20 rätt
203 1191 139 26 tillämpning.
373 1191 50 20 Men
438 1191 41 20 den
495 1191 164 26 ifrägavarande
675 1190 103 27 ätgärden
793 1195 50 15 vore
855 1188 66 26 enligt

90 1219 43 20 min
148 1219 65 20 tanke
228 1219 46 20 icke
289 1219 56 21 biott
361 1219 125 26 öfverflödig
501 1219 41 21 och
558 1219 90 26 onyttig,
664 1221 52 19 utan
728 1219 40 20 den
779 1217 68 22 skulle
858 1216 63 21 äfven

89 1253 52 14 vara
157 1247 89 26 skadlig,
263 1247 105 26 nämligen
384 1248 6 20 i
407 1248 37 21 det
458 1247 109 25 afseende,
591 1249 32 19 att
639 1253 33 15 om
688 1247 49 22 med
752 1253 37 14 ens
804 1247 32 19 ett
851 1246 69 19 större

90 1275 59 21 antal
171 1275 117 21 folkskolor
310 1275 70 22 blefve
402 1276 117 26 inrättade,
543 1276 36 21 det
594 1276 47 21 icke
655 1282 50 15 vore
721 1275 82 26 möjligt
818 1273 34 21 för
865 1272 56 21 folk-

90 1303 284 22 skolelärareseminarierna
396 1306 34 19 att
452 1304 112 21 dimittera
582 1306 32 19 ett
629 1304 125 25 tillräckligt
768 1302 59 21 antal
841 1301 78 26 lärare,

88 1331 35 21 för
146 1334 33 19 att
199 1332 48 21 med
263 1333 47 20 dem
325 1333 58 20 förse
398 1333 43 20 alla
456 1333 65 20 dessa
536 1333 125 20 folkskolor.
691 1331 89 27 Följden
795 1329 76 26 blefve,
887 1331 34 19 att

88 1366 28 15 en
126 1360 34 21 del
173 1360 118 21 folkskolor
303 1361 81 21 erhölle
396 1361 77 26 lärare,
491 1367 46 15 som
553 1367 50 15 vore
619 1367 46 14 mer
675 1361 52 21 eller
742 1359 81 22 mindre
837 1358 83 21 inkom-

89 1389 87 26 petente
199 1389 32 21 för
254 1389 37 21 sitt
313 1389 51 26 kall,
388 1389 40 21 och
444 1389 40 21 den
501 1389 76 26 skada,
593 1395 46 15 som
655 1389 122 26 derigenom
793 1387 69 21 skulle
878 1386 42 21 till-

89 1417 93 26 skyndas
198 1417 121 21 folkskolan
334 1417 40 21 och
390 1418 48 21 dess
454 1418 108 21 anseende
577 1418 7 20 i
594 1417 49 21 värt
658 1418 57 25 land,
726 1417 68 21 skulle
804 1414 117 28 ingalunda

88 1445 73 21 kunna
185 1448 108 24 uppvägas
316 1445 23 21 af
360 1446 40 21 den
423 1446 70 21 fördel
517 1448 32 19 att
572 1446 67 26 några
661 1452 42 20 nya
717 1445 119 21 folkskolor
851 1443 69 32 skulle

88 1473 87 22 komma
197 1475 32 20 till
251 1474 91 27 tidigare
365 1476 27 19 än
414 1475 28 26 pä
466 1475 41 21 den
523 1475 110 26 naturliga
648 1476 74 25 vägen.
752 1473 29 20 På
796 1473 63 20 dessa
873 1470 47 21 skäl

88 1501 42 23 kan
144 1502 38 27 jag
197 1502 33 21 för
245 1503 43 20 min
305 1502 40 26 del,
361 1509 29 14 nu
405 1503 77 21 liksom
499 1503 66 25 förut,
574 1502 28 21 dä
617 1502 60 27 fräga
692 1503 56 20 varit
763 1508 34 15 om
808 1498 112 23 införande

88 1529 24 21 af
125 1530 177 27 folkskoletväng,
318 1531 47 20 icke
380 1533 67 19 annat
462 1533 28 19 än
506 1531 109 21 bestämdt
630 1532 104 20 motsätta
748 1531 42 24 mig
801 1530 32 20 ett
843 1526 77 22 sådant
