1078 1759
190 130 41 21 490
436 136 26 17 R.
474 140 18 13 0.
504 136 24 18 A.
540 136 58 17 1888.
611 136 22 17 21
642 136 62 17 Mars.

228 220 33 22 Hr
275 221 26 21 K.
318 222 89 21 Antell
421 222 99 21 biträdde
536 222 58 22 Frih.
612 222 23 21 af
643 221 113 23 Schult6ns
766 221 80 27 förslag
856 220 39 22 och
910 221 40 21 den
965 220 23 22 af

159 250 78 22 honom
253 250 124 22 framstälda
391 250 171 28 formuleringen.

228 306 32 22 Hr
275 306 143 22 Hackman:
433 307 41 27 Jag
490 306 96 22 anhäller
602 308 31 20 att
648 306 22 22 fä
684 306 131 22 understöda
824 306 115 22 utskottets
949 306 37 22 be-

159 335 115 21 tänkande.
304 335 41 27 Jag
367 337 38 25 gör
428 336 35 21 det
485 336 69 21 under
575 336 40 21 den
634 335 180 27 förutsättningen
828 335 39 21 och
882 336 49 20 med
945 335 41 21 den

159 363 140 27 Ofvertygelse
322 366 32 19 att
368 364 124 27 regeringen
512 370 42 21 nog
570 364 116 27 uppfattar,
701 364 8 21 i
723 363 83 22 hvilket
820 363 37 21 fall
872 370 25 14 en
913 363 73 21 literär

160 392 135 21 verksamhet
317 392 40 21 bör
379 393 146 21 understödas.
556 393 10 21 I
585 392 121 22 hufvudsak
727 392 86 21 förenar
829 392 37 27 jag
881 392 42 26 mig
937 392 49 21 med

161 421 26 21 de
202 420 23 22 af
237 420 34 22 Hr
285 421 72 21 Taube
373 423 70 19 senast
458 421 128 21 framhällna
600 421 124 27 motiverna,
740 421 55 21 dock
808 420 47 22 icke
865 420 24 22 sä
903 420 83 27 mycket

159 450 8 20 i
182 449 56 21 hvad
260 456 45 15 som
329 450 65 26 angär
416 450 169 27 hushällningen,
607 456 45 15 som
675 450 89 21 fastmer
786 449 75 25 deruti,
877 451 32 19 att
924 448 61 22 äfven

159 478 44 27 mig
218 478 108 21 förefaller
341 480 76 20 nästan
431 478 154 28 motbjudande
600 480 33 20 att
647 478 87 22 försöka
748 484 114 21 uppamma
877 479 30 20 ett
918 478 67 27 slägte

160 506 23 22 af
197 506 150 22 skönlitterära
363 507 145 27 halftalanger.

228 563 61 21 Efter
312 564 36 20 det
370 564 185 27 öfverläggningen
570 564 7 20 i
592 565 72 20 ämnet
686 563 53 21 härä
753 563 114 21 förklarats
886 563 97 26 afslutad,

161 591 155 22 öfverlemnade
339 592 32 21 Hr
393 592 205 22 Landtmarskalken
613 592 33 21 till
660 592 25 21 R.
701 598 18 15 o.
736 592 38 21 A:s
789 592 129 21 besvarande
933 592 8 20 i
955 592 30 21 af-

160 620 77 22 seende
252 621 13 21 å
280 620 105 22 vinnande
407 621 23 21 af
449 621 125 27 motförslag
598 622 45 20 mot
664 620 118 22 utskottets
796 620 43 22 bet.
855 627 25 15 en
896 622 88 20 omröst-

160 649 123 27 ningsprop.
299 649 22 21 af
335 649 92 27 följande
442 650 90 26 lydelse:

228 706 54 24 Den,
298 713 45 15 som
358 706 33 22 till
405 707 137 27 kontraprop.
559 709 45 19 mot
619 706 116 22 utskottets
751 706 42 21 bet.
810 706 36 20 vill
861 708 76 24 antaga
952 712 32 14 re-

160 735 134 21 servationen
309 735 48 21 med
373 735 50 21 eller
437 737 52 19 utan
505 735 90 27 ändring
610 735 23 21 af
645 740 103 21 summan,
760 740 45 16 som
817 734 67 21 skulle
895 734 88 26 anvisas,

159 765 56 19 samt
237 763 22 21 af
281 764 40 20 den
343 764 127 26 myndighet,
494 764 22 21 åt
539 764 85 21 hvilken
644 763 147 27 fördelningen
806 763 23 21 af
842 763 141 21 understöden

159 792 69 21 skulle
244 792 113 26 anförtros,
373 794 69 20 röstar
454 792 34 27 ja;

227 820 74 22 vinner
316 821 41 26 nej,
373 823 86 25 antages
474 821 33 21 till
522 821 137 26 kontraprop.
676 820 58 22 Frih.
745 820 24 21 af
777 820 111 22 Schultens
898 820 85 26 förslag.

228 877 41 21 Vid
285 877 84 21 anstäld
383 877 69 22 sluten
468 877 131 27 omröstning
613 877 75 21 utföllo
704 878 98 20 rösterna
816 877 48 21 med
876 877 27 21 20
911 876 22 27 ja
944 876 39 22 och

159 906 28 21 46
198 906 40 26 nej,
249 906 33 21 till
293 906 52 27 följd
353 906 76 21 hvaraf
437 908 61 19 nästa
509 906 202 27 omröstningsprop.
722 905 153 22 formulerades
885 906 97 20 sälunda:

227 963 54 27 Den,
297 969 45 15 som
358 963 122 27 godkänner
495 963 116 21 utskottets
627 962 49 25 bet.,
693 964 71 20 röstar
776 962 33 27 ja;

227 991 74 22 vinner
316 992 40 26 nej,
373 992 38 21 har
425 992 24 21 R.
467 998 18 15 o.
501 992 25 20 A.
543 992 100 21 omfattat
661 991 57 22 Frih.
736 991 23 21 af
772 991 111 21 Schultöns
898 990 85 27 förslag.

228 1048 58 21 Enär
309 1049 68 21 denna
400 1054 59 21 prop.
483 1048 127 22 besvarades
633 1048 48 22 med
696 1049 27 21 29
736 1048 26 26 ja
776 1048 40 21 och
831 1048 27 21 33
873 1047 40 27 nej.
929 1047 54 21 hade

158 1076 25 21 R.
199 1082 18 15 0.
235 1077 26 21 A.
283 1077 95 26 godkänt
401 1084 25 14 en
448 1077 90 27 petition
562 1077 22 21 af
605 1077 40 21 den
667 1077 81 27 lydelse
770 1076 57 22 Frih.
848 1076 22 21 af
883 1075 100 22 Schulten

158 1104 115 28 föreslagit.

228 1150 50 22 Med
293 1151 40 21 anl.
351 1150 22 22 af
388 1151 58 21 detta
462 1151 69 21 beslut
545 1151 85 27 yttrade

227 1190 32 21 Hr
275 1190 23 21 B.
315 1190 24 22 O.
356 1190 151 22 Schauman:
530 1191 42 27 Jag
593 1190 38 22 ber
650 1190 56 22 blott
720 1190 23 21 fä
758 1196 109 15 reservera
881 1189 43 27 mig
939 1191 44 19 mot

158 1218 37 22 det
210 1218 81 22 fattade
306 1219 98 26 beslutet,
421 1220 86 20 emedan
521 1219 37 27 jag
574 1225 61 15 anser
650 1220 32 20 att
690 1219 49 21 hela
749 1218 82 28 frägan,
842 1218 69 21 säsom
921 1218 7 20 i
939 1217 44 21 otid

158 1247 69 26 väckt,
244 1247 55 21 hade
314 1248 49 20 bort
378 1248 90 21 förfalla.

270 1384 93 28 Qvinnans
378 1384 97 24 valbarhet
490 1384 27 24 till
534 1384 77 23 medlem
627 1384 20 23 af
661 1382 208 30 fattigvärdsstyrelss.

225 1435 120 27 Föredrogs

226 1475 224 22 Ekonomiutskottets
472 1476 43 21 bet.
536 1476 40 21 N:o
592 1477 13 19 6
620 1476 7 20 i
642 1476 42 21 anl.
700 1475 22 21 af
736 1477 32 19 ett
783 1475 7 21 i
805 1474 179 28 Borgareständet

156 1503 64 21 väckt
235 1504 173 26 motionsförslag
430 1505 109 26 angående
554 1504 88 27 gvinnas
657 1505 45 20 rätt
716 1505 34 20 att
765 1503 67 27 väljas
846 1503 33 21 till
894 1502 89 22 medlem

157 1531 23 21 af
193 1532 223 27 fattigvärdsstyrelse.
