1081 1761
204 129 43 22 426
453 135 25 18 R.
491 141 18 12 o.
521 136 22 17 A.
556 137 58 16 1888.
627 136 23 17 10
658 137 63 16 Mars.

177 220 39 22 och
231 220 34 22 för
279 221 32 27 sig
326 221 75 22 endast
416 221 89 22 innebär
520 224 31 20 ett
567 222 110 21 uttalande
693 222 23 21 af
730 222 41 21 den
786 221 57 22 fasta
857 221 147 27 förhoppning,

177 250 33 21 att
224 249 24 21 R.
265 256 18 15 o.
300 250 25 21 A.
348 250 54 27 icke,
425 257 76 20 genom
524 253 32 19 att
579 251 90 21 omfatta
683 250 166 26 reservationen,
864 250 69 24 skulle
949 249 56 28 gifva

176 277 130 22 lastarenom
321 285 53 14 rum.

247 334 32 21 Hr
293 334 120 28 Ramsay:
430 335 59 21 Frih.
505 335 78 22 Wrede
597 335 40 21 har
651 341 56 21 nyss,
724 335 28 21 dä
767 335 42 21 han
824 334 96 22 uttalade
930 335 32 26 sig
972 334 33 22 till

176 362 83 22 försvar
274 362 32 21 för
321 364 164 24 reservationen,
509 364 49 20 med
573 370 26 15 en
614 364 43 21 viss
672 364 111 27 fyndighet
798 363 83 21 försökt
895 363 45 21 visa
955 363 49 23 obe-

176 390 129 28 höfligheten
320 391 24 22 af
356 392 161 27 propositionen
532 398 76 21 genom
624 394 33 20 att
670 392 91 27 päpeka,
773 394 32 19 att
815 392 47 21 icke
872 392 64 27 nägot
946 392 59 21 bevis

176 419 113 28 föreligger
303 420 34 21 för
351 423 33 19 att
398 421 160 26 propositionen
573 421 56 21 varit
644 421 129 26 nödvändig,
798 421 41 26 Jag
849 421 112 25 förmodar,
973 421 32 20 att

176 448 114 22 Friherren
306 449 75 22 endast
395 449 55 22 hade
465 449 82 22 kunnat
562 450 113 26 godkänna
690 450 71 21 säsom
776 449 59 22 bevis
846 451 31 20 ett
891 448 115 22 statistiskt

176 477 104 27 material,
303 477 60 22 hvari
386 479 89 25 utredts,
499 480 32 19 att
553 478 44 21 åtal
612 479 7 20 i
635 479 114 26 anledning
772 478 23 21 af
815 477 147 27 försumlighet
984 476 24 22 af

177 505 81 27 &ldrige
283 506 69 22 lärare
374 506 55 22 hade
451 507 114 21 verkstälts
581 507 7 20 i
603 508 32 20 ett
657 509 56 19 stort
727 507 60 21 antal
802 506 43 26 fall,
861 508 23 25 ty
898 506 28 27 pä
941 505 64 27 något

176 536 66 19 annat
257 536 43 19 sätt
315 535 42 21 kan
373 535 34 21 väl
421 535 47 22 icke
483 537 32 20 ett
529 535 59 22 bevis
603 535 33 21 för
651 535 186 27 nödvändigheten
853 535 22 21 af
889 535 68 20 denna
971 540 33 15 re-

176 562 66 22 forms
258 563 54 26 syfte
327 563 158 22 ästadkommas
500 564 7 21 i
522 564 106 26 skriftliga
638 564 109 21 urkunder
758 563 40 22 och
808 563 131 27 handlingar.
955 562 51 22 Men

177 592 31 20 ett
230 591 77 21 sådant
329 592 122 26 tjensteätal
473 592 34 21 för
528 592 23 21 af
571 592 211 26 &lderdomssvaghet
797 592 69 21 vällad
883 590 122 28 oduglighet

176 619 43 21 kan
234 620 127 27 näppeligen
383 620 28 27 pä
431 621 70 26 grund
523 620 23 22 af
562 621 99 26 gällande
675 621 84 26 skollag
774 620 86 22 komma
874 620 7 21 i
896 620 66 26 fräga,
978 619 28 22 dä

174 647 26 27 ju
215 648 65 27 enligt
302 649 41 21 den
358 648 18 28 &,
393 655 44 15 som
459 649 32 21 Hr
506 649 123 27 Furuhjelm
650 649 62 22 äfven
734 649 41 21 här
798 649 75 21 citerat
887 648 46 22 från
949 648 55 21 skol-

177 676 124 27 ordningen,
317 677 36 21 det
369 678 75 21 endast
459 680 24 19 är
498 678 111 21 förseelser
624 678 7 21 i
646 678 100 26 tjensten,
763 683 45 15 som
823 677 72 21 kunna
910 677 47 21 leda
972 676 33 21 till

176 704 81 22 lärares
273 705 125 23 afsättande.
430 708 38 19 Om
483 712 26 16 en
523 706 70 22 lärare
608 706 23 22 af
640 706 211 26 älderdomssvaghet
861 706 7 21 i
878 706 69 26 någon
955 705 50 21 män

177 733 79 22 saknar
278 734 98 22 omdöme
399 736 32 20 att
446 735 67 21 ordna
527 735 33 21 sin
575 735 152 27 undervisning
742 734 34 22 till
791 734 213 27 ungdomensebästa,

177 768 35 15 om
227 762 43 21 han
284 762 90 22 oaktadt
389 763 29 21 all
432 763 135 27 punktlighet
583 764 46 20 icke
644 764 43 21 kan
702 765 58 20 sätta
769 763 26 21 lif
808 763 2 21 i
821 763 183 26 undervisningen,

176 790 26 22 sä
223 790 43 22 kan
281 791 59 21 detta
355 792 46 21 icke
417 798 64 20 gerna
496 792 68 21 kallas
579 792 106 22 förseelse.
715 792 48 21 Den
778 792 122 20 nuvarande
915 790 90 28 lagstift-

176 818 79 28 ningen
270 819 74 21 träffar
359 820 78 21 honom
452 820 89 21 sålunda
555 820 53 22 icke.
639 820 58 22 Frih.
708 820 80 22 Wrede
798 820 39 21 har
847 820 72 21 vidare
930 820 75 22 citerat

177 847 52 22 eller
252 848 128 22 ätminstone
399 849 7 21 i
421 848 86 22 korthet
529 848 103 22 refererat
654 849 189 26 förhandlingarna
865 848 35 21 vid
921 849 84 20 senaste

177 876 148 22 rektorsmöte.
355 876 42 28 Jag
411 877 82 21 känner
507 878 47 20 dem
570 878 47 21 icke
632 877 66 22 heller
713 879 67 19 annat
790 879 27 19 än
827 877 48 21 frän
885 877 26 21 de
921 876 85 27 tryckta

176 904 141 27 protokollen.
349 905 30 21 Af
399 906 62 21 dessa
483 906 92 26 framgär
596 906 118 21 emellertid
737 906 85 26 tydligt,
842 907 32 19 att
889 905 28 21 dä
933 904 73 27 frägan

177 938 35 16 om
235 932 80 22 lärares
338 934 135 27 äldersgräns
493 934 36 21 vid
551 936 68 20 mötet
641 941 38 15 var
701 934 53 26 före,
771 934 40 21 den
827 934 32 21 för
874 935 66 19 mötet
955 933 51 21 fast-

176 961 72 21 stälda
263 962 58 21 tiden
336 968 38 15 var
389 962 59 27 långt
463 962 148 28 framskriden,
627 963 24 21 så
666 964 33 20 att
714 962 148 22 diskussionen
879 968 37 14 var
925 962 81 26 knapp-

176 989 80 27 händig
271 990 40 21 och
325 990 184 28 hufvudsakligast
524 992 63 21 rörde
602 992 33 26 sig
645 992 62 26 kring
717 993 67 19 sättet
793 990 34 22 för
837 990 169 26 äldersbegräns-

176 1018 85 27 ningen,
277 1018 86 22 hvilken
379 1019 22 21 af
414 1020 63 26 ingen
491 1020 7 20 i
513 1020 82 26 princip
611 1020 116 21 motsades.
757 1020 44 21 För
815 1020 32 20 att
863 1019 62 21 vinna
939 1020 66 25 ytter-

176 1046 67 27 ligare
258 1047 38 25 tid,
312 1048 109 21 nedsattes
437 1048 23 21 af
472 1050 67 19 mötet
554 1050 31 20 ett
600 1048 101 22 särskildt
716 1048 85 21 utskott
816 1048 33 20 för
859 1049 32 19 att
901 1047 105 21 behandla

177 1074 86 28 frägans
286 1076 90 26 detaljer
391 1076 40 22 och
445 1076 59 27 afgaf
518 1077 59 21 detta
593 1079 31 19 ett
639 1078 54 25 kort,
709 1083 50 15 men
775 1076 83 27 mycket
873 1076 82 20 koncist
970 1075 36 21 be-

177 1103 114 27 tänkande,
314 1110 46 15 som
383 1105 64 21 ocksä
467 1107 74 24 antogs
560 1107 52 19 utan
629 1105 121 21 diskussion
766 1105 39 21 och
820 1104 130 22 reservation
966 1103 40 22 och

176 1131 82 22 hvilket
280 1132 67 27 ligger
370 1133 33 21 till
425 1134 68 26 grund
515 1133 34 21 för
564 1134 40 21 den
620 1134 48 21 näd.
683 1140 62 20 prop.
776 1133 74 21 Redan
866 1133 36 21 det
917 1132 88 26 faktum,

176 1162 34 19 att
224 1162 68 19 mötet
307 1161 103 26 enhälligt
424 1162 112 26 godkände
558 1162 117 27 principen,
690 1162 63 21 torde
769 1161 35 21 väl
818 1167 51 15 vara
884 1161 58 20 bevis
957 1166 49 20 nog,

176 1187 34 22 för
225 1190 33 19 att
273 1189 69 21 denna
357 1189 78 22 reform
451 1192 24 19 är
490 1190 83 27 önsklig
587 1191 39 20 och
642 1190 129 26 nödvändig.
802 1189 42 21 Det
858 1189 35 21 mä
907 1189 100 26 slutligen

176 1217 82 21 erinras
281 1223 41 20 om,
345 1219 33 20 att
400 1218 125 22 rektorerna
547 1219 47 21 icke
616 1219 88 26 kämpat
723 1218 34 21 för
772 1218 70 26 någon
857 1217 102 27 rättighet
974 1216 33 21 för

176 1245 104 27 lärarena,
304 1247 51 20 utan
380 1247 75 20 endast
477 1247 32 20 för
532 1247 82 26 skolan,
637 1247 40 21 och
693 1247 75 21 vidare
783 1248 32 19 att
831 1246 60 21 desse
905 1248 49 19 män
969 1247 37 19 äro

176 1273 87 24 sädana,
280 1280 44 15 som
341 1274 64 22 hafva
421 1275 78 21 värden
510 1281 34 15 om
555 1275 100 23 lärovärk
665 1276 33 26 sig
708 1275 127 22 anförtrodd
845 1274 39 21 och
895 1274 33 21 väl
936 1274 72 21 känna

177 1302 73 22 dessas
265 1302 71 28 behof,
352 1303 108 22 äfvensom
483 1303 106 22 bristerna
603 1304 8 21 i
626 1311 29 14 nu
669 1304 101 27 gällande
785 1303 153 21 förhållanden.
967 1301 41 28 Jag

176 1336 70 21 anser,
269 1333 32 19 att
316 1331 8 21 i
339 1331 60 22 detta
421 1332 106 26 enhälliga
549 1332 39 21 och
603 1334 53 19 utan
672 1332 133 21 reservation
820 1331 116 22 omfattade
951 1332 56 20 utta-

176 1358 64 23 lande
255 1359 67 22 finnes
339 1360 36 22 det
389 1360 59 22 bevis
464 1360 57 22 Frih.
538 1361 78 21 Wrede
632 1361 108 21 ästundat.

245 1415 33 21 Hr
300 1416 208 28 Pippingsköld:
531 1418 44 20 För
597 1418 44 20 min
665 1418 33 20 del
714 1417 67 27 vägar
793 1416 37 27 jag
845 1422 56 19 anse,
919 1417 32 19 att
967 1415 41 21 den

175 1443 98 27 ändring,
288 1450 46 15 som
350 1445 42 21 den
407 1446 48 20 nåd.
470 1452 54 20 prop
547 1446 63 24 afser,
625 1448 25 19 är
664 1446 134 25 väsentligen
812 1450 26 16 en
849 1444 122 26 förändring
986 1443 23 21 af

175 1472 100 26 gällande
296 1473 111 27 grundlag.
439 1473 11 22 I
463 1480 61 21 prop.
547 1473 88 22 föreslås
655 1473 132 27 antagandet
803 1473 22 21 af
838 1472 127 27 tjenstemän
980 1471 28 27 pä

174 1500 100 22 bestämd
296 1501 38 27 tid,
359 1501 28 21 då
408 1502 58 21 förut
487 1504 82 20 statens
590 1502 83 27 tjenare
688 1501 95 28 antagits
797 1501 28 27 på
840 1501 75 26 lifstid;
932 1500 37 21 det
984 1502 24 19 är

175 1529 84 22 således
281 1529 47 22 icke
351 1530 76 23 endast
449 1537 26 15 en
493 1531 107 26 afvikelse,
617 1531 70 21 såsom
701 1529 164 28 propositionen
880 1529 39 21 och
935 1528 73 22 betän-
