1075 1761
200 131 41 21 112
447 155 4 2 .
482 137 90 17 R.o.A.
587 137 57 18 1888.
662 138 14 16 4
688 137 61 17 Febr.

170 222 26 21 sä
218 222 77 27 många
316 223 25 21 är
363 222 65 22 sedan
451 222 46 23 icke
520 223 82 22 mindre
625 225 27 20 än
677 223 26 22 13
719 223 54 22 barn
787 222 71 22 blefvo
873 225 95 25 uppätna
982 221 22 24 af

170 257 85 20 vargar,
277 251 42 22 kan
340 251 37 27 jag
395 251 92 22 derifrän
502 251 74 28 intyga
591 253 39 26 att,
646 251 54 22 efter
715 252 37 22 det
767 251 84 22 hundar
866 251 38 22 der
920 258 27 15 nu
961 251 42 22 fått

172 279 69 21 hållas
264 279 146 27 obeskattade,
429 279 71 28 dylika
516 280 88 27 olyckor
618 280 40 22 alls
673 280 48 22 icke
737 280 91 22 afhörts.
858 280 41 26 Jag
914 282 35 19 vet
964 280 39 22 vis-

172 306 91 28 serligen
278 310 32 18 att
325 308 123 27 regeringen
464 308 28 22 dä
507 308 73 28 vidtog
596 308 110 28 allvarliga
721 308 102 28 ätgärder
837 308 33 22 för
889 314 114 21 vargarnes

172 336 123 26 utrotande,
318 342 47 16 men
388 343 34 15 om
444 337 63 21 dessa
529 337 101 27 ätgärder
653 339 84 20 ensamt
758 336 34 22 för
806 337 33 27 sig
854 337 55 21 hade
925 337 31 21 till
971 343 32 15 re-

172 363 68 22 sultat
262 366 32 19 att
316 371 103 20 vargarne
441 365 45 22 helt
509 365 39 22 och
570 365 69 22 hället
662 366 115 21 försvunno
796 365 46 22 frän
859 368 67 24 orten,
941 365 62 22 torde

173 398 52 15 vara
247 392 148 28 tvifvelaktigt,
415 394 67 21 ehuru
495 394 37 27 jag
546 394 14 22 &
575 394 67 22 andra
657 394 60 22 sidan
733 394 50 22 med
798 394 47 27 nöje
861 394 68 22 mäste
950 394 52 22 kon-

173 422 82 20 statera
276 423 34 19 att
332 421 53 22 efter
407 422 61 22 dessa
489 422 108 28 ätgärder,
621 422 39 22 och
680 423 66 21 sedan
762 422 110 22 hundarne
887 423 28 27 pä
929 422 73 22 landet

173 448 69 23 blifvit
260 449 84 28 frigifna
358 450 47 22 frän
421 451 64 27 skatt,
501 451 77 21 sädant
593 451 108 27 verkligen
717 452 64 21 skett.

241 506 58 22 Frih,
324 507 107 23 Wrede:
454 508 41 27 Jag
518 508 38 22 ber
571 510 33 20 att
618 508 22 22 få
654 508 87 22 biträda
756 508 58 21 Frih.
830 514 40 16 von
885 508 69 22 Borns
970 510 32 19 ut-

172 534 86 22 talande
281 535 32 22 till
336 536 137 27 protokollet,
495 537 109 27 angående
627 537 40 21 den
690 536 90 22 formela
795 536 172 22 beskaffenheten
982 536 22 22 af

172 562 70 23 denna
256 570 16 15 s.
288 564 20 22 k.
324 565 87 21 motion.
913 580 4 4 .

242 620 61 22 Efter
317 621 88 22 härmed
421 622 93 22 afslutad
529 622 119 22 diskussion
659 621 71 23 beslöt
739 622 26 21 R.
777 628 19 15 o.
808 622 25 21 A.
843 623 28 26 på
882 622 31 21 Hr
924 621 78 22 Landt-

173 649 145 22 marskalkens
340 649 155 29 framställning
517 653 32 19 att
564 651 110 22 remittera
690 651 37 21 det
741 650 144 27 föreliggande
901 650 101 22 motions-

172 676 102 29 förslaget
288 678 32 21 till
335 678 217 23 Ekonomiutskottet.

401 799 240 29 Kommunalförfattningen
656 799 32 24 för
702 799 71 23 landet.

241 849 57 22 Från
323 849 127 27 föregående
474 850 85 27 plenum
581 851 56 21 hade
659 850 112 27 bordlagts
795 850 40 21 och
850 849 109 28 föredrogs
973 855 30 16 nu

174 876 58 22 Frih.
248 877 111 27 Hisingers
374 879 170 27 motionsförslag
559 879 33 21 till
607 879 91 27 ändring
721 879 23 21 af
764 880 12 25 8
799 880 27 20 49
848 879 7 20 i
873 878 130 22 kommunal-

172 904 151 28 författningen
338 906 33 22 för
385 906 73 22 landet
473 907 22 21 af
509 908 40 20 den
565 908 12 20 5
593 907 104 22 Februari
714 908 63 20 1865.
798 908 55 26 (pag.
871 908 44 26 95).

242 962 59 22 Frih.
310 969 40 15 von
361 963 110 22 Alfthan
482 964 57 26 afgaf
548 964 48 22 med
606 964 116 27 anledning
732 964 23 21 af
764 964 59 21 detta
833 963 170 27 motionsförslag

172 990 94 28 följande
276 992 109 26 yttrande:
397 992 50 22 Med
457 992 29 22 all
498 992 39 22 den
548 992 88 28 aktning
647 993 40 21 och
695 992 196 28 uppmärksamhet,
900 998 45 16 som
954 998 49 15 man

170 1020 27 20 är
211 1019 83 28 skyldig
309 1020 41 22 den
365 1021 65 21 ärade
440 1020 196 28 förslagsställaren,
648 1022 71 21 såsom
731 1028 26 14 en
768 1020 93 22 eminent
871 1021 115 21 auktoritet
996 1020 8 21 i

172 1047 138 23 kommunala
319 1048 78 28 frågor,
409 1049 39 21 har
460 1050 38 26 jag
507 1050 46 21 icke
564 1050 82 21 kunnat
656 1050 144 27 undertrycka
811 1049 25 21 de
847 1049 110 27 allvarliga
967 1049 36 21 be-

172 1076 150 26 tänkligheter,
338 1077 72 22 hvilka
425 1079 97 26 uppstått
537 1078 39 21 hos
586 1078 44 26 mig
639 1078 36 22 vid
684 1078 176 27 genomläsandet
870 1077 21 21 af
901 1078 103 21 motions-

173 1104 134 23 memorialet
329 1106 40 21 och
393 1106 26 22 de
441 1106 45 22 deri
508 1106 122 22 innehållna
652 1106 109 28 förslagen
783 1113 34 15 om
841 1106 120 22 utfästande
983 1106 23 22 af

171 1132 142 28 obligatorisk
327 1134 93 28 aflöning
434 1136 23 21 ät
471 1135 137 22 kommunala
618 1135 149 22 funktionärer
778 1135 39 22 och
828 1141 34 16 om
873 1135 131 21 tillsättande

171 1161 9 21 i
202 1162 56 21 vissa
280 1162 37 22 fall
341 1163 24 21 af
384 1169 17 15 s.
423 1164 20 20 k.
460 1164 146 21 ombudsmän.
636 1164 58 21 Frih.
710 1164 102 26 Hisinger
827 1165 62 25 säger
903 1163 52 26 sjelf,
971 1165 33 19 att

175 1190 55 21 1865
253 1191 36 21 ärs
311 1191 78 27 nädiga
404 1191 124 28 förordning
543 1198 34 16 om
592 1192 281 26 kommunalförvaltningen
889 1192 28 26 pä
931 1191 74 21 landet

172 1218 70 22 måste
264 1218 62 23 hafva
348 1220 55 21 varit
423 1220 48 27 god,
495 1221 100 21 eftersom
610 1221 41 21 den
666 1221 84 21 kunnat
765 1227 40 21 ega
819 1220 91 21 bestånd
925 1219 7 21 i
947 1219 58 22 öfver

174 1247 29 21 20
224 1247 32 24 är,
274 1250 52 19 utan
341 1249 33 20 att
389 1249 86 26 päkalla
493 1250 67 26 nägra
574 1249 118 27 väsentliga
707 1249 156 25 förändringar.
894 1247 36 22 Uti
946 1248 59 22 detta

171 1274 135 24 sistnämnda
327 1277 101 27 yttrande
450 1278 124 21 instämmer
593 1279 37 26 jag
652 1277 34 22 för
708 1278 44 21 min
768 1277 35 22 del
818 1276 137 27 fullkomligt;
968 1277 37 27 jag

172 1309 70 20 anser,
265 1306 33 20 att
316 1306 37 20 det
368 1312 39 14 var
422 1312 25 15 en
463 1306 78 27 lycklig
556 1307 70 23 tanke,
642 1306 28 22 dä
686 1307 73 21 denna
773 1306 124 26 förordning
911 1305 94 21 utfärda-

172 1331 44 27 des,
240 1334 34 20 att
296 1333 47 22 icke
361 1334 130 22 tillerkänna
505 1335 156 22 ordförandene
676 1336 31 20 uti
724 1337 106 19 stämman
846 1334 39 21 och
901 1334 105 21 nämnden

172 1359 54 21 eller
248 1362 117 21 nämndens
381 1362 118 22 ledamöter
513 1364 66 26 nägra
594 1364 101 26 arvoden,
712 1363 90 22 emedan
818 1362 48 22 med
882 1362 37 21 vär
934 1362 73 21 allmo-

171 1394 39 20 ges
232 1388 72 22 kända
327 1390 149 28 obenägenhet
497 1391 33 22 för
553 1394 60 20 extra
635 1392 90 27 utgifter
747 1392 40 21 och
803 1392 48 21 dess
867 1390 139 22 misstroende

170 1418 48 20 mot
232 1416 97 23 aflönade
344 1418 136 28 tjenstemän,
495 1419 152 29 författningen
662 1420 121 27 säkerligen
799 1420 46 21 icke
859 1418 69 22 skulle
939 1418 68 22 blifvit

170 1445 26 21 sä
211 1444 81 28 hastigt
313 1447 126 26 genomförd
461 1448 40 21 och
515 1448 47 21 icke
578 1450 82 20 kunnat
675 1449 66 21 blifva
755 1450 25 20 sä
795 1448 96 27 omtyckt
905 1453 46 15 som
966 1447 41 21 den

172 1472 50 23 blef.
253 1473 51 22 Man
319 1475 68 22 mäste
403 1475 79 28 befara,
498 1478 32 19 att
546 1477 34 21 vid
596 1483 26 16 en
637 1477 126 26 förändring
779 1477 6 21 i
801 1476 76 21 sädant
892 1475 55 27 syfte
961 1481 46 16 som

172 1501 59 22 Frih.
262 1502 101 28 Hisinger
385 1504 116 27 föreslagit,
525 1506 120 26 anspräken
668 1506 40 21 hos
724 1504 160 23 vederbörande
899 1504 28 27 pä
941 1503 66 27 högre

172 1529 94 29 aflöning
281 1531 86 22 komme
383 1534 32 20 att
430 1533 60 27 stiga.
521 1533 51 22 Man
588 1535 68 21 mäste
672 1534 73 21 vidare
761 1533 80 27 befara,
857 1534 32 20 att
904 1532 31 21 tid
954 1531 54 23 efter
