1070 1759
322 138 26 17 R.
360 142 18 13 o.
390 138 24 16 A.
428 138 59 17 1888.
505 137 27 18 20
544 136 48 18 Jan.
836 131 25 20 17

190 223 107 29 Inbjudning
311 223 27 23 till
354 223 108 24 ceremonin
477 223 30 23 vid
523 222 124 30 landtdagens
663 223 105 29 öppnande.

136 281 70 21 Sedan
221 280 152 27 deputationen
388 280 115 22 ätervändt
518 280 33 22 till
566 280 143 26 riddarhuset,
727 280 39 22 och
781 280 25 22 R.
822 286 19 16 o.
857 280 37 22 A:s

67 309 160 22 sammanträde
256 309 47 21 äter
324 309 98 27 vidtagit,
445 308 152 28 tillkännagafs
620 311 33 19 att
675 309 88 22 ständet
785 309 54 22 hade
862 310 32 20 att

66 340 70 20 motse
159 340 31 20 ett
206 338 139 21 meddelande
365 338 24 21 af
402 344 28 15 en
445 338 209 26 ceremonimästare,
670 338 110 22 hvarefter
796 338 99 22 Stallmä-

67 368 73 20 staren
155 367 35 21 vid
206 367 27 21 H.
245 366 28 22 M.
285 366 115 27 Kejsarens
410 366 44 26 hof,
465 366 79 22 Grefve
560 366 124 25 Armfelt,
700 366 117 28 behörigen
828 368 67 20 emot-

66 398 67 25 tagen
154 396 41 21 och
218 395 134 27 beledsagad,
378 395 107 26 inträdde,
511 395 40 21 och
573 395 7 21 i
603 395 94 27 enlighet
722 396 49 21 med
794 396 26 22 H.
843 396 51 21 Exe.

66 424 156 28 Generalguv:s
245 424 115 27 befallning
383 424 33 21 till
439 424 25 21 R.
489 430 18 15 o.
531 424 25 21 A.
579 424 118 21 framförde
719 424 125 28 inbjudning
863 425 33 21 att

68 453 94 27 följande
178 454 48 26 dag,
252 452 53 22 efter
327 454 33 20 att
370 452 65 22 hafva
445 452 88 22 bivistat
543 452 148 28 gudstjensten
701 453 8 21 i
719 453 176 27 Nikolaikyrkan,

69 488 47 16 som
139 482 84 22 komme
239 483 32 19 att
285 481 61 27 börja
361 481 29 21 kl.
408 482 24 20 11
452 481 15 22 f.
482 487 35 21 m.,
533 480 80 22 infinna
628 482 32 26 sig
676 481 13 21 &
704 482 110 22 tronsalen
828 482 8 20 i
851 481 45 28 kej-

67 511 81 27 serliga
170 511 75 21 slottet
263 510 33 21 för
310 512 34 19 att
359 510 111 21 öfvervara
486 510 141 27 landtdagens
642 510 120 28 högtidliga
777 510 118 28 öppnande.

141 568 69 22 Sedan
234 568 31 20 Hr
288 567 208 22 Landtmarskalken
513 567 12 21 &
540 567 25 21 R.
582 574 18 14 o.
617 568 37 20 A:s
677 570 82 25 vägnar
776 568 74 22 tackat
864 567 34 22 för

71 596 37 22 det
122 597 76 27 gjorda
212 596 155 27 meddelandet,
384 596 98 22 afträdde
497 596 78 22 Grefve
591 596 98 22 Armfelt.

351 728 56 23 Tiden
424 728 32 23 för
471 728 143 24 valmansvalet.

143 786 33 21 Hr
191 785 208 22 Landtmarskalken
423 786 135 26 uppmanade
582 786 24 21 R.
626 792 20 15 o.
663 786 26 21 A.
708 788 33 20 att
759 786 35 22 vid
813 786 86 28 plenum

72 814 143 27 nästföljande
237 814 91 26 måndag
351 814 29 21 kl.
398 815 23 21 11
438 814 15 22 f.
469 821 28 15 m.
513 814 58 27 välja
594 814 26 22 23
644 815 33 21 till
693 817 46 19 säte
755 815 39 21 och
809 816 91 20 stämma

71 843 135 21 antecknade
222 842 118 22 ledamöter
355 844 33 20 att
403 849 52 15 vara
470 843 97 21 ständets
582 843 92 21 valmän.

145 975 61 21 Efter
228 974 121 22 hvarandra
371 976 99 21 anmälde
494 976 159 22 ordförandene
672 976 6 21 i
694 976 25 21 R.
743 982 20 15 o.
786 976 38 22 A:s
846 976 56 21 hels-

74 1004 189 27 ningsdeputation

145 1033 33 21 Hr
192 1032 127 22 Lindelöf
340 1035 55 19 samt
411 1033 130 22 friherrarne
557 1032 23 22 af
602 1033 131 22 Schult6n
755 1034 40 21 och
810 1033 92 22 Wrede

75 1062 34 20 att
125 1062 26 21 de
161 1061 100 22 framfört
275 1061 26 21 R.
311 1067 19 15 o.
341 1061 37 21 A:s
389 1061 98 27 helsning
497 1062 34 21 till
541 1062 141 21 medständen
694 1062 40 22 och
744 1068 76 22 genom
831 1062 72 22 desses

75 1089 90 22 Talmän
186 1090 43 22 fätt
243 1091 107 25 emottaga
368 1090 147 27 försäkringar
531 1096 35 16 om
582 1090 63 22 dessa
660 1090 75 22 ständs
750 1091 95 27 vänskap
864 1090 39 27 och

75 1118 87 28 välvilja
176 1118 34 22 för
224 1119 26 21 R.
266 1124 19 16 o.
300 1119 25 21 A.

146 1250 61 24 Efter
230 1253 37 21 det
288 1253 32 21 Hr
342 1251 209 23 Landtmarskalken
574 1254 118 24 uppmanat
715 1252 26 21 R.
764 1258 20 15 o.
808 1251 26 21 A.
850 1250 55 22 atti

77 1286 91 20 morgon
184 1281 29 21 kl.
230 1281 28 27 1/,
268 1282 24 20 11
308 1281 14 21 f.
338 1288 28 14 m.
382 1280 48 22 åter
445 1280 80 22 samlas
540 1280 113 22 härstädes
679 1280 34 22 för
723 1282 33 20 att
766 1280 7 22 i
783 1279 123 28 procession

78 1308 74 27 aftåga
166 1309 33 22 till
214 1310 176 27 Nikolaikyrkan,

148 1337 76 23 afslöts
239 1339 85 26 plenum
340 1338 28 22 kl.
384 1338 50 28 1/,3
450 1344 17 15 e.
484 1344 27 14 m.

690 1394 23 17 In
731 1393 65 19 fidem:

650 1428 22 21 J.
689 1428 27 22 F.
733 1428 105 27 Aminoff.
