1070 1778
187 123 28 21 48
456 132 25 16 R.
494 136 17 12 o.
525 132 22 16 A.
560 132 58 18 1888.
636 132 27 18 28
675 132 48 17 Jan.

159 214 59 22 öfver
241 217 31 19 ett
289 214 111 28 fjerdedels
414 216 58 22 sekel
488 217 55 21 varit
558 220 106 24 guvernör
678 218 6 20 i
701 218 59 22 detta
775 218 51 21 land
841 218 46 22 och,
903 219 24 20 sä
941 218 45 21 vidt

157 243 37 27 jag
210 244 40 21 kan
267 244 69 22 erinra
352 246 46 26 mig.
415 245 38 21 har
463 245 38 27 jag
517 252 25 15 en
558 246 55 21 enda
627 248 56 25 gäng
699 246 134 22 omedelbart
843 246 60 26 gifvit
913 246 73 22 afsked

159 273 24 21 åt
198 279 25 15 en
239 272 102 27 länsman,
358 273 84 22 hvilken
458 274 55 21 hade
530 274 67 22 blifvit
612 275 65 21 ställd
691 276 69 20 under
775 275 52 26 åtal,
838 276 88 20 emedan
936 275 49 24 han,

159 307 46 15 som
229 302 108 26 samtidigt
360 308 36 15 var
417 302 134 22 forstkassör.
572 303 55 21 hade
642 303 40 22 fått
698 304 75 21 balans
788 304 7 20 i
811 304 32 21 sin
859 304 125 26 forstkassa;

161 330 36 21 det
211 329 39 21 har
266 330 62 21 också
344 332 68 25 någon
428 332 54 26 gång
498 331 141 27 förekommit,
655 335 32 18 att
699 332 38 27 jag
752 334 43 20 sett
811 332 42 27 mig
868 332 118 22 föranlåten

161 360 32 19 att
217 364 106 20 uppmana
346 359 158 22 vederbörande
527 363 33 18 att
582 360 73 27 sjelfva
671 361 62 27 lägga
748 361 22 20 in
787 367 33 15 om
837 361 78 21 afsked.
946 360 40 22 Om

161 393 48 14 man
233 393 28 14 nu
284 387 64 21 redan
371 388 66 21 skulle
461 388 48 27 vilja
526 389 67 21 införa
616 395 25 16 en
665 396 69 15 annan
751 390 84 25 tingens
852 389 95 27 ordning,
964 390 23 20 så

160 415 71 20 kunde
254 415 36 21 det
312 415 69 22 hända
411 419 31 19 att
464 419 51 20 våra
540 420 129 24 guvernörer
683 418 69 21 skulle
770 418 62 21 blifva
848 420 93 24 tvungna
956 419 31 20 att

161 443 93 26 tillgripa
277 450 79 16 samma
378 448 70 24 utväg,
471 452 46 15 som
537 453 48 14 man
601 446 97 22 berättar
714 453 34 14 om
764 445 202 28 landshöfdingarne
981 446 7 20 i

161 471 146 28 grannlandet,
331 474 103 26 nemligen
452 477 32 19 att
500 475 26 20 de
549 475 33 21 vid
598 476 145 21 utnämnande
759 475 22 21 af
795 475 96 21 länsmän
906 475 26 26 på
948 475 40 20 för-

160 500 56 21 hand
232 501 75 21 försett
322 503 31 26 sig
368 504 48 20 med
432 510 25 15 en
472 503 104 22 odaterad
586 504 160 21 underskrifven
758 504 94 21 ansökan
863 510 34 15 om
908 503 79 22 afsked.

160 529 95 22 Härmed
278 532 24 19 är
323 532 55 21 ändå
400 532 114 27 ingalunda
529 533 68 26 sagdt,
621 535 32 18 att
675 533 46 21 icke
736 533 34 20 för
785 539 25 14 en
826 531 127 28 förbättring
968 531 21 22 af

161 557 217 24 kronolänsmännens
386 561 130 21 närvarande
526 561 105 27 ställning,
641 562 84 26 mycket
733 562 42 20 kan
785 561 39 21 och
834 561 38 20 bör
879 563 61 24 göras
950 560 38 21 och

162 587 24 21 så
195 586 43 22 fort
246 594 45 15 som
302 589 86 26 möjligt.
398 589 41 22 Det
450 590 38 21 har
499 590 65 21 redan
576 590 125 21 tramhållits
719 592 33 19 att
761 591 27 25 pä
795 589 69 27 grund
873 589 20 21 af
901 596 25 14 en
934 589 54 21 före-

162 616 81 26 gående
266 617 174 27 ständerpetition
459 618 217 22 kronolänsmännens
692 619 99 26 rättsliga
806 618 100 26 ställning
921 618 45 21 icke
982 617 6 21 i

162 644 108 28 obetydlig
285 647 47 20 mån
349 646 38 21 har
402 647 67 21 blifvit
485 647 117 27 betryggad
612 653 75 20 genom
698 647 153 21 förordnandet
869 649 37 24 att,
917 646 71 21 förrän

161 675 134 24 guvernören
316 674 32 21 får
370 675 71 22 skrida
461 676 31 21 till
508 675 129 22 afskedande
653 676 21 21 af
689 683 26 14 en
731 676 104 23 länsman,
851 675 68 21 denne
934 674 54 22 skall

161 701 90 21 inkallas
268 703 30 20 till
314 703 141 22 kansliförhör
471 705 38 20 och
526 705 105 21 ordinarie
647 705 210 21 landssekreteraren
872 710 50 14 vara
941 705 47 19 när-

163 730 92 21 varande
277 734 55 18 samt
354 735 99 24 uppsätta
469 732 107 28 protokoll
593 732 58 22 öfver
665 732 164 27 förrättningen,
846 732 80 21 hvilket
942 732 46 21 der-

163 758 53 21 efter
231 759 53 20 skall
301 760 31 20 till
347 764 97 18 senatens
460 762 260 25 ekonomiedepartement
735 762 7 19 i
758 761 98 21 afseende
872 762 13 20 å
907 761 81 20 känne-

162 787 49 20 dom
226 787 105 22 insändas.
362 789 42 21 Det
419 792 23 19 är
458 790 36 21 det
509 789 114 27 höglofliga
638 790 86 21 ståndet
740 790 47 21 icke
803 789 67 21 heller
889 789 99 25 obekant,

162 817 32 19 att
209 815 32 21 för
256 817 64 26 några
335 818 25 20 är
376 818 87 21 tillbaka
478 825 26 14 en
521 819 79 20 komité
616 819 114 20 nedsattes.
748 818 32 21 för
795 819 33 20 att
843 819 94 26 uppgöra
947 817 41 21 för-

161 843 46 27 slag
229 844 32 21 till
285 852 25 14 en
333 846 142 28 förstärkning
496 847 22 21 af
532 847 147 26 landtpolisen.
710 847 132 27 Uppdraget,
859 853 46 14 som
921 847 68 20 denna

161 872 81 22 komité
257 874 60 26 hade,
334 881 36 14 var
385 876 79 25 ganska
480 875 117 22 vidsträckt
612 875 39 22 och
668 875 138 22 omfattande,
818 875 97 21 hvarföre
926 874 63 21 också

163 901 48 21 dess
226 902 73 21 arbete
314 904 74 21 räckte
402 905 80 26 ganska
498 904 67 27 länge.
582 905 23 20 så
620 906 32 19 att
669 904 47 21 dess
731 903 137 22 betänkande
882 903 46 21 icke
946 902 44 21 förr

163 931 26 19 än
205 930 6 20 i
227 930 101 23 Februari
347 933 54 20 1884
416 933 70 21 kunde
501 933 32 21 till
549 933 102 27 styrelsen
667 933 106 21 insändas.
800 933 42 20 Det
852 930 138 23 sönderfaller

163 958 70 21 såvidt
249 959 68 22 denna
331 959 60 28 fråga
406 961 137 26 vidkommer,
560 961 6 21 i
582 961 12 22 3
611 961 68 22 delar:
695 961 81 27 förslag
791 960 109 27 angående
910 967 25 14 en
947 959 43 22 för-

162 986 95 28 bättring
273 988 39 21 och
328 989 121 28 förändring
464 989 22 22 af
500 990 147 21 länsmännens
663 990 108 26 ställning,
787 989 167 26 reorganisation
970 987 22 22 af

162 1015 49 21 bro-
226 1017 39 20 och
281 1017 232 28 skallfogdetjensterna
529 1019 39 20 och
584 1019 143 26 förstärkning
743 1019 22 20 af
779 1017 209 28 polisbefogenheten

163 1043 38 22 hos
218 1045 50 21 våra
283 1045 135 23 kommunala
434 1047 151 27 myndigheter.
616 1047 61 21 Hvad
693 1047 57 21 båda
766 1047 61 21 dessa
842 1046 89 21 sednare
948 1045 42 23 frå-

162 1078 39 20 gor
217 1072 52 22 eller
285 1074 39 21 den
340 1080 35 16 om
390 1075 47 21 bro-
453 1075 38 21 och
507 1074 156 27 skallfogdarne
682 1075 39 22 och
740 1082 35 14 om
787 1074 203 26 kommunalpolisen

163 1100 138 26 vidkommer,
317 1104 23 20 så
355 1104 61 21 torde
433 1104 61 21 dessa
508 1103 77 27 frågor.
602 1110 34 15 om
656 1104 37 27 jag
715 1106 25 19 är
755 1103 76 27 riktigt
845 1102 144 26 underrättad,

163 1129 101 28 möjligen
280 1138 50 15 vara
352 1132 144 27 attiförvänta
511 1132 33 21 till
560 1132 118 22 Ständerna
693 1135 57 19 ännu
765 1132 69 21 under
849 1130 141 22 innevarande

162 1157 109 29 landtdag.
297 1160 46 22 Den
359 1162 67 26 tredje
441 1161 80 27 frågan,
533 1168 35 14 om
578 1160 144 27 länsmännen,
734 1162 40 20 har
785 1161 90 21 lemnats
885 1158 106 22 beroende

163 1186 44 22 tills
223 1188 129 23 Ständernas
368 1196 49 15 svar
431 1191 27 26 på
474 1190 26 21 de
515 1190 56 21 båda
586 1190 66 21 andra
667 1190 49 21 nåd.
727 1189 186 28 propositionerna
923 1186 69 23 erhål-

163 1215 42 22 lits.
228 1216 61 22 Inom
305 1218 69 22 denna
388 1218 80 22 komité
483 1225 37 15 var
536 1219 36 21 det
586 1218 134 27 naturligtvis
736 1218 65 22 också
816 1217 61 27 fråga
891 1223 35 15 om
936 1216 54 32 läns-

162 1246 103 21 männens
289 1246 149 28 oafsättlighet,
464 1254 47 14 men
534 1246 94 22 komitén
647 1253 36 15 var
699 1246 95 27 enhällig
809 1248 33 19 att
857 1245 67 21 uttala
938 1250 32 27 sig
984 1250 8 15 i

163 1279 81 16 samma
259 1274 61 28 syfte,
336 1282 46 15 som
397 1276 39 21 här
451 1276 65 21 redan
531 1275 134 21 framhållits.
690 1276 105 21 Deremot
810 1275 66 25 ansåg
890 1273 101 26 komitén,

163 1303 33 19 att
219 1302 137 29 ovilkorligen
380 1304 102 27 åtskilligt
505 1304 66 22 borde
586 1304 39 21 och
641 1304 70 22 kunde
727 1304 97 27 tillgöras
839 1302 33 22 för
887 1302 105 21 länsmän-

163 1336 47 15 nen.
241 1331 41 27 Jag
304 1332 39 22 ber
364 1334 34 20 att
412 1333 21 21 få
448 1333 54 21 fästa
518 1332 159 22 vederbörande
692 1333 96 21 utskotts
803 1330 189 28 uppmärksamhet

163 1359 28 25 på
207 1359 69 22 denna
291 1361 91 22 komités
397 1362 134 21 betänkande
547 1362 39 20 och
602 1361 35 21 vill
653 1361 39 21 här
707 1362 77 20 endast
804 1360 7 21 i
834 1362 79 19 största
935 1358 57 21 kort-

163 1386 40 22 het
219 1390 126 26 omnämna,
350 1390 72 21 hvilka
432 1390 78 27 förslag
520 1390 94 21 komitén
623 1390 120 21 tramställt.
760 1389 61 22 Efter
829 1390 32 20 att
875 1388 63 32 såsom
947 1393 44 15 mo-

163 1416 74 26 vering
260 1417 32 20 till
315 1418 37 21 sitt
367 1418 80 27 förslag
462 1418 62 22 hafva
539 1418 77 21 uttalat
631 1418 31 26 sig
677 1418 111 26 angående
803 1417 146 25 fordringarne
964 1416 28 30 på

164 1449 26 15 en
213 1444 66 27 högre
303 1446 79 22 allmän
404 1448 39 20 och
464 1446 91 27 juridisk
577 1446 95 27 bildning
694 1447 38 21 hos
748 1446 146 23 länsmännen,
910 1446 60 29 säges
984 1449 8 15 i

163 1472 107 22 komiténs
285 1474 146 22 betänkande:
447 1476 49 21 Med
512 1474 98 22 afseende
625 1474 52 22 härå
691 1475 33 21 får
735 1474 96 22 komitén
841 1472 151 26 underdånigst

163 1500 78 23 föreslå
264 1502 127 23 utfärdande
413 1504 21 21 af
455 1504 64 26 nådig
542 1503 106 21 föreskrift
663 1504 81 24 derom,
761 1505 33 19 att
809 1502 68 21 andra
891 1506 101 22 personer

163 1532 18 26 ej
205 1531 36 21 må
263 1532 87 26 antagas
373 1532 33 21 till
427 1532 164 22 kronolänsmän
613 1534 27 19 än
655 1532 87 25 sädane,
758 1537 47 16 som
821 1532 34 20 1:0
870 1530 123 27 genomgått
