<?xml version="1.0" encoding="UTF-8"?>
<alto xmlns="http://www.loc.gov/standards/alto/ns-v3#" xmlns:xlink="http://www.w3.org/1999/xlink" xmlns:xsi="http://www.w3.org/2001/XMLSchema-instance" xsi:schemaLocation="http://www.loc.gov/standards/alto/ns-v3# http://www.loc.gov/alto/v3/alto-3-0.xsd">
	<Description>
		<MeasurementUnit>pixel</MeasurementUnit>
		<sourceImageInformation>
			<fileName>/tmp/tess_7ldocb7k_input.PNG</fileName>
		</sourceImageInformation>
		<OCRProcessing ID="OCR_0">
			<ocrProcessingStep>
				<processingSoftware>
					<softwareName>tesseract 5.3.4</softwareName>
				</processingSoftware>
			</ocrProcessingStep>
		</OCRProcessing>
	</Description>
	<Layout>
		<Page WIDTH="1078" HEIGHT="1756" PHYSICAL_IMG_NR="0" ID="page_0">
			<PrintSpace HPOS="0" VPOS="0" WIDTH="1078" HEIGHT="1756">
				<ComposedBlock ID="cblock_0" HPOS="350" VPOS="136" WIDTH="516" HEIGHT="24">
					<TextBlock ID="block_0" HPOS="350" VPOS="136" WIDTH="516" HEIGHT="24">
						<TextLine ID="line_0" HPOS="350" VPOS="136" WIDTH="516" HEIGHT="24">
							<String ID="string_0" HPOS="350" VPOS="143" WIDTH="24" HEIGHT="17" WC="0.96" CONTENT="R."/><SP WIDTH="13" VPOS="143" HPOS="374"/>
							<String ID="string_1" HPOS="387" VPOS="147" WIDTH="18" HEIGHT="13" WC="0.90" CONTENT="o."/><SP WIDTH="12" VPOS="147" HPOS="405"/>
							<String ID="string_2" HPOS="417" VPOS="143" WIDTH="22" HEIGHT="17" WC="0.96" CONTENT="A."/><SP WIDTH="13" VPOS="143" HPOS="439"/>
							<String ID="string_3" HPOS="452" VPOS="143" WIDTH="59" HEIGHT="17" WC="0.96" CONTENT="1888."/><SP WIDTH="13" VPOS="143" HPOS="511"/>
							<String ID="string_4" HPOS="524" VPOS="143" WIDTH="23" HEIGHT="17" WC="0.95" CONTENT="21"/><SP WIDTH="7" VPOS="143" HPOS="547"/>
							<String ID="string_5" HPOS="554" VPOS="142" WIDTH="63" HEIGHT="18" WC="0.95" CONTENT="Mars,"/><SP WIDTH="207" VPOS="142" HPOS="617"/>
							<String ID="string_6" HPOS="824" VPOS="136" WIDTH="42" HEIGHT="22" WC="0.93" CONTENT="475"/>
						</TextLine>
					</TextBlock>
				</ComposedBlock>
				<GraphicalElement ID="cblock_1" HPOS="70" VPOS="178" WIDTH="772" HEIGHT="13"></GraphicalElement >
				<ComposedBlock ID="cblock_2" HPOS="193" VPOS="396" WIDTH="573" HEIGHT="34">
					<TextBlock ID="block_1" HPOS="193" VPOS="396" WIDTH="573" HEIGHT="34">
						<TextLine ID="line_1" HPOS="193" VPOS="396" WIDTH="573" HEIGHT="34">
							<String ID="string_7" HPOS="193" VPOS="397" WIDTH="154" HEIGHT="33" WC="0.95" CONTENT="Onsdagen"/><SP WIDTH="19" VPOS="397" HPOS="347"/>
							<String ID="string_8" HPOS="366" VPOS="398" WIDTH="58" HEIGHT="26" WC="0.96" CONTENT="den"/><SP WIDTH="17" VPOS="398" HPOS="424"/>
							<String ID="string_9" HPOS="441" VPOS="398" WIDTH="33" HEIGHT="27" WC="0.93" CONTENT="21"/><SP WIDTH="19" VPOS="398" HPOS="474"/>
							<String ID="string_10" HPOS="493" VPOS="398" WIDTH="80" HEIGHT="27" WC="0.96" CONTENT="Mars"/><SP WIDTH="18" VPOS="398" HPOS="573"/>
							<String ID="string_11" HPOS="591" VPOS="397" WIDTH="39" HEIGHT="27" WC="0.96" CONTENT="kl."/><SP WIDTH="20" VPOS="397" HPOS="630"/>
							<String ID="string_12" HPOS="650" VPOS="396" WIDTH="18" HEIGHT="28" WC="0.96" CONTENT="6"/><SP WIDTH="19" VPOS="396" HPOS="668"/>
							<String ID="string_13" HPOS="687" VPOS="404" WIDTH="24" HEIGHT="20" WC="0.95" CONTENT="e."/><SP WIDTH="19" VPOS="404" HPOS="711"/>
							<String ID="string_14" HPOS="730" VPOS="404" WIDTH="36" HEIGHT="20" WC="0.96" CONTENT="m."/>
						</TextLine>
					</TextBlock>
				</ComposedBlock>
				<ComposedBlock ID="cblock_3" HPOS="72" VPOS="464" WIDTH="826" HEIGHT="58">
					<TextBlock ID="block_2" HPOS="72" VPOS="464" WIDTH="826" HEIGHT="58">
						<TextLine ID="line_2" HPOS="141" VPOS="464" WIDTH="757" HEIGHT="28">
							<String ID="string_15" HPOS="141" VPOS="466" WIDTH="227" HEIGHT="26" WC="0.90" CONTENT="Protokollsutdragen"/><SP WIDTH="15" VPOS="466" HPOS="368"/>
							<String ID="string_16" HPOS="383" VPOS="466" WIDTH="59" HEIGHT="22" WC="0.96" CONTENT="öfver"/><SP WIDTH="15" VPOS="466" HPOS="442"/>
							<String ID="string_17" HPOS="457" VPOS="466" WIDTH="26" HEIGHT="22" WC="0.97" CONTENT="R."/><SP WIDTH="16" VPOS="466" HPOS="483"/>
							<String ID="string_18" HPOS="499" VPOS="472" WIDTH="18" HEIGHT="16" WC="0.92" CONTENT="o."/><SP WIDTH="17" VPOS="472" HPOS="517"/>
							<String ID="string_19" HPOS="534" VPOS="466" WIDTH="37" HEIGHT="21" WC="0.92" CONTENT="A:s"/><SP WIDTH="15" VPOS="466" HPOS="571"/>
							<String ID="string_20" HPOS="586" VPOS="466" WIDTH="36" HEIGHT="21" WC="0.93" CONTENT="vid"/><SP WIDTH="10" VPOS="466" HPOS="622"/>
							<String ID="string_21" HPOS="632" VPOS="466" WIDTH="87" HEIGHT="26" WC="0.91" CONTENT="plenum"/><SP WIDTH="11" VPOS="466" HPOS="719"/>
							<String ID="string_22" HPOS="730" VPOS="466" WIDTH="40" HEIGHT="21" WC="0.96" CONTENT="den"/><SP WIDTH="12" VPOS="466" HPOS="770"/>
							<String ID="string_23" HPOS="782" VPOS="466" WIDTH="25" HEIGHT="20" WC="0.93" CONTENT="17"/><SP WIDTH="12" VPOS="466" HPOS="807"/>
							<String ID="string_24" HPOS="819" VPOS="464" WIDTH="79" HEIGHT="22" WC="0.92" CONTENT="dennes"/>
						</TextLine>
						<TextLine ID="line_3" HPOS="72" VPOS="494" WIDTH="311" HEIGHT="28">
							<String ID="string_25" HPOS="72" VPOS="495" WIDTH="84" HEIGHT="22" WC="0.96" CONTENT="fattade"/><SP WIDTH="15" VPOS="495" HPOS="156"/>
							<String ID="string_26" HPOS="171" VPOS="495" WIDTH="71" HEIGHT="21" WC="0.93" CONTENT="beslut"/><SP WIDTH="13" VPOS="495" HPOS="242"/>
							<String ID="string_27" HPOS="255" VPOS="494" WIDTH="128" HEIGHT="28" WC="0.92" CONTENT="justerades."/>
						</TextLine>
					</TextBlock>
				</ComposedBlock>
				<ComposedBlock ID="cblock_4" HPOS="73" VPOS="618" WIDTH="825" HEIGHT="52">
					<TextBlock ID="block_3" HPOS="73" VPOS="618" WIDTH="825" HEIGHT="52">
						<TextLine ID="line_4" HPOS="142" VPOS="618" WIDTH="756" HEIGHT="28">
							<String ID="string_28" HPOS="142" VPOS="619" WIDTH="134" HEIGHT="27" WC="0.92" CONTENT="Föredrogos"/><SP WIDTH="16" VPOS="619" HPOS="276"/>
							<String ID="string_29" HPOS="292" VPOS="620" WIDTH="104" HEIGHT="21" WC="0.93" CONTENT="särskilda"/><SP WIDTH="15" VPOS="620" HPOS="396"/>
							<String ID="string_30" HPOS="411" VPOS="619" WIDTH="47" HEIGHT="22" WC="0.93" CONTENT="frän"/><SP WIDTH="15" VPOS="619" HPOS="458"/>
							<String ID="string_31" HPOS="473" VPOS="620" WIDTH="142" HEIGHT="22" WC="0.92" CONTENT="medständen"/><SP WIDTH="14" VPOS="620" HPOS="615"/>
							<String ID="string_32" HPOS="629" VPOS="619" WIDTH="107" HEIGHT="27" WC="0.92" CONTENT="ingängna"/><SP WIDTH="12" VPOS="619" HPOS="736"/>
							<String ID="string_33" HPOS="748" VPOS="621" WIDTH="55" HEIGHT="25" WC="0.93" CONTENT="prot."/><SP WIDTH="11" VPOS="621" HPOS="803"/>
							<String ID="string_34" HPOS="814" VPOS="618" WIDTH="84" HEIGHT="27" WC="0.93" CONTENT="utdrag,"/>
						</TextLine>
						<TextLine ID="line_5" HPOS="73" VPOS="648" WIDTH="237" HEIGHT="22">
							<String ID="string_35" HPOS="73" VPOS="648" WIDTH="80" HEIGHT="22" WC="0.89" CONTENT="hvarur"/><SP WIDTH="14" VPOS="648" HPOS="153"/>
							<String ID="string_36" HPOS="167" VPOS="648" WIDTH="143" HEIGHT="22" WC="0.89" CONTENT="antecknades"/>
						</TextLine>
					</TextBlock>
				</ComposedBlock>
				<ComposedBlock ID="cblock_5" HPOS="67" VPOS="704" WIDTH="833" HEIGHT="170">
					<TextBlock ID="block_4" HPOS="67" VPOS="704" WIDTH="833" HEIGHT="170">
						<TextLine ID="line_6" HPOS="143" VPOS="704" WIDTH="757" HEIGHT="28">
							<String ID="string_37" HPOS="143" VPOS="707" WIDTH="33" HEIGHT="19" WC="0.92" CONTENT="att"/><SP WIDTH="22" VPOS="707" HPOS="176"/>
							<String ID="string_38" HPOS="198" VPOS="705" WIDTH="190" HEIGHT="27" WC="0.90" CONTENT="Borgareständets"/><SP WIDTH="24" VPOS="705" HPOS="388"/>
							<String ID="string_39" HPOS="412" VPOS="706" WIDTH="84" HEIGHT="21" WC="0.90" CONTENT="valmän"/><SP WIDTH="22" VPOS="706" HPOS="496"/>
							<String ID="string_40" HPOS="518" VPOS="706" WIDTH="49" HEIGHT="21" WC="0.93" CONTENT="med"/><SP WIDTH="23" VPOS="706" HPOS="567"/>
							<String ID="string_41" HPOS="590" VPOS="705" WIDTH="101" HEIGHT="22" WC="0.92" CONTENT="afseende"/><SP WIDTH="23" VPOS="705" HPOS="691"/>
							<String ID="string_42" HPOS="714" VPOS="705" WIDTH="12" HEIGHT="21" WC="0.92" CONTENT="&amp;"/><SP WIDTH="18" VPOS="705" HPOS="726"/>
							<String ID="string_43" HPOS="744" VPOS="706" WIDTH="42" HEIGHT="20" WC="0.93" CONTENT="den"/><SP WIDTH="14" VPOS="706" HPOS="786"/>
							<String ID="string_44" HPOS="800" VPOS="704" WIDTH="100" HEIGHT="22" WC="0.92" CONTENT="beslutna"/>
						</TextLine>
						<TextLine ID="line_7" HPOS="75" VPOS="732" WIDTH="825" HEIGHT="29">
							<String ID="string_45" HPOS="75" VPOS="734" WIDTH="141" HEIGHT="26" WC="0.90" CONTENT="tillökningen"/><SP WIDTH="22" VPOS="734" HPOS="216"/>
							<String ID="string_46" HPOS="238" VPOS="734" WIDTH="23" HEIGHT="21" WC="0.96" CONTENT="af"/><SP WIDTH="21" VPOS="734" HPOS="261"/>
							<String ID="string_47" HPOS="282" VPOS="734" WIDTH="81" HEIGHT="22" WC="0.93" CONTENT="antalet"/><SP WIDTH="22" VPOS="734" HPOS="363"/>
							<String ID="string_48" HPOS="385" VPOS="734" WIDTH="120" HEIGHT="22" WC="0.92" CONTENT="ledamöter"/><SP WIDTH="16" VPOS="734" HPOS="505"/>
							<String ID="string_49" HPOS="521" VPOS="734" WIDTH="39" HEIGHT="22" WC="0.93" CONTENT="och"/><SP WIDTH="17" VPOS="734" HPOS="560"/>
							<String ID="string_50" HPOS="577" VPOS="734" WIDTH="136" HEIGHT="27" WC="0.92" CONTENT="suppleanter"/><SP WIDTH="15" VPOS="734" HPOS="713"/>
							<String ID="string_51" HPOS="728" VPOS="734" WIDTH="7" HEIGHT="21" WC="0.93" CONTENT="i"/><SP WIDTH="14" VPOS="734" HPOS="735"/>
							<String ID="string_52" HPOS="749" VPOS="732" WIDTH="151" HEIGHT="29" WC="0.88" CONTENT="Lagutskottet"/>
						</TextLine>
						<TextLine ID="line_8" HPOS="73" VPOS="761" WIDTH="826" HEIGHT="28">
							<String ID="string_53" HPOS="73" VPOS="763" WIDTH="81" HEIGHT="25" WC="0.84" CONTENT="utsett,j"/><SP WIDTH="13" VPOS="763" HPOS="154"/>
							<String ID="string_54" HPOS="167" VPOS="762" WIDTH="33" HEIGHT="21" WC="0.93" CONTENT="till"/><SP WIDTH="15" VPOS="762" HPOS="200"/>
							<String ID="string_55" HPOS="215" VPOS="762" WIDTH="128" HEIGHT="22" WC="0.93" CONTENT="ledamöter:"/><SP WIDTH="16" VPOS="762" HPOS="343"/>
							<String ID="string_56" HPOS="359" VPOS="763" WIDTH="165" HEIGHT="26" WC="0.92" CONTENT="suppleanterne"/><SP WIDTH="16" VPOS="763" HPOS="524"/>
							<String ID="string_57" HPOS="540" VPOS="763" WIDTH="44" HEIGHT="21" WC="0.93" CONTENT="Hrr"/><SP WIDTH="15" VPOS="763" HPOS="584"/>
							<String ID="string_58" HPOS="599" VPOS="762" WIDTH="71" HEIGHT="22" WC="0.96" CONTENT="Lille"/><SP WIDTH="20" VPOS="762" HPOS="670"/>
							<String ID="string_59" HPOS="690" VPOS="762" WIDTH="39" HEIGHT="22" WC="0.96" CONTENT="och"/><SP WIDTH="23" VPOS="762" HPOS="729"/>
							<String ID="string_60" HPOS="752" VPOS="762" WIDTH="26" HEIGHT="22" WC="0.96" CONTENT="A."/><SP WIDTH="23" VPOS="762" HPOS="778"/>
							<String ID="string_61" HPOS="801" VPOS="761" WIDTH="98" HEIGHT="26" WC="0.96" CONTENT="Öberg,"/>
						</TextLine>
						<TextLine ID="line_9" HPOS="67" VPOS="789" WIDTH="833" HEIGHT="29">
							<String ID="string_62" HPOS="67" VPOS="792" WIDTH="64" HEIGHT="20" WC="0.29" CONTENT="samt"/><SP WIDTH="22" VPOS="792" HPOS="131"/>
							<String ID="string_63" HPOS="153" VPOS="791" WIDTH="33" HEIGHT="21" WC="0.93" CONTENT="till"/><SP WIDTH="22" VPOS="791" HPOS="186"/>
							<String ID="string_64" HPOS="208" VPOS="792" WIDTH="136" HEIGHT="26" WC="0.96" CONTENT="suppleanter"/><SP WIDTH="15" VPOS="792" HPOS="344"/>
							<String ID="string_65" HPOS="359" VPOS="792" WIDTH="7" HEIGHT="20" WC="0.93" CONTENT="i"/><SP WIDTH="16" VPOS="792" HPOS="366"/>
							<String ID="string_66" HPOS="382" VPOS="792" WIDTH="72" HEIGHT="20" WC="0.96" CONTENT="dessas"/><SP WIDTH="24" VPOS="792" HPOS="454"/>
							<String ID="string_67" HPOS="478" VPOS="792" WIDTH="62" HEIGHT="21" WC="0.91" CONTENT="ställe"/><SP WIDTH="23" VPOS="792" HPOS="540"/>
							<String ID="string_68" HPOS="563" VPOS="792" WIDTH="44" HEIGHT="20" WC="0.92" CONTENT="Hrr"/><SP WIDTH="22" VPOS="792" HPOS="607"/>
							<String ID="string_69" HPOS="629" VPOS="791" WIDTH="140" HEIGHT="26" WC="0.96" CONTENT="Alopaeus"/><SP WIDTH="23" VPOS="791" HPOS="769"/>
							<String ID="string_70" HPOS="792" VPOS="790" WIDTH="39" HEIGHT="21" WC="0.93" CONTENT="och"/><SP WIDTH="18" VPOS="790" HPOS="831"/>
							<String ID="string_71" HPOS="849" VPOS="789" WIDTH="51" HEIGHT="27" WC="0.92" CONTENT="Ny-"/>
						</TextLine>
						<TextLine ID="line_10" HPOS="75" VPOS="817" WIDTH="825" HEIGHT="30">
							<String ID="string_72" HPOS="75" VPOS="819" WIDTH="64" HEIGHT="27" WC="0.89" CONTENT="berg"/><SP WIDTH="22" VPOS="819" HPOS="139"/>
							<String ID="string_73" HPOS="161" VPOS="819" WIDTH="108" HEIGHT="21" WC="0.89" CONTENT="äfvensom"/><SP WIDTH="22" VPOS="819" HPOS="269"/>
							<String ID="string_74" HPOS="291" VPOS="820" WIDTH="123" HEIGHT="26" WC="0.96" CONTENT="ytterligare"/><SP WIDTH="22" VPOS="820" HPOS="414"/>
							<String ID="string_75" HPOS="436" VPOS="820" WIDTH="35" HEIGHT="21" WC="0.93" CONTENT="till"/><SP WIDTH="22" VPOS="820" HPOS="471"/>
							<String ID="string_76" HPOS="493" VPOS="820" WIDTH="138" HEIGHT="27" WC="0.92" CONTENT="suppleanter"/><SP WIDTH="15" VPOS="820" HPOS="631"/>
							<String ID="string_77" HPOS="646" VPOS="819" WIDTH="67" HEIGHT="21" WC="0.92" CONTENT="invalt"/><SP WIDTH="21" VPOS="819" HPOS="713"/>
							<String ID="string_78" HPOS="734" VPOS="819" WIDTH="44" HEIGHT="21" WC="0.92" CONTENT="Hrr"/><SP WIDTH="21" VPOS="819" HPOS="778"/>
							<String ID="string_79" HPOS="799" VPOS="817" WIDTH="101" HEIGHT="23" WC="0.91" CONTENT="Herck-"/>
						</TextLine>
						<TextLine ID="line_11" HPOS="75" VPOS="847" WIDTH="409" HEIGHT="27">
							<String ID="string_80" HPOS="75" VPOS="854" WIDTH="56" HEIGHT="15" WC="0.95" CONTENT="man"/><SP WIDTH="16" VPOS="854" HPOS="131"/>
							<String ID="string_81" HPOS="147" VPOS="848" WIDTH="39" HEIGHT="21" WC="0.92" CONTENT="och"/><SP WIDTH="15" VPOS="848" HPOS="186"/>
							<String ID="string_82" HPOS="201" VPOS="848" WIDTH="25" HEIGHT="21" WC="0.91" CONTENT="V."/><SP WIDTH="16" VPOS="848" HPOS="226"/>
							<String ID="string_83" HPOS="242" VPOS="847" WIDTH="170" HEIGHT="27" WC="0.96" CONTENT="Gummerus;"/><SP WIDTH="15" VPOS="847" HPOS="412"/>
							<String ID="string_84" HPOS="427" VPOS="850" WIDTH="57" HEIGHT="20" WC="0.96" CONTENT="samt"/>
						</TextLine>
					</TextBlock>
				</ComposedBlock>
				<ComposedBlock ID="cblock_6" HPOS="75" VPOS="903" WIDTH="826" HEIGHT="85">
					<TextBlock ID="block_5" HPOS="75" VPOS="903" WIDTH="826" HEIGHT="85">
						<TextLine ID="line_12" HPOS="144" VPOS="903" WIDTH="757" HEIGHT="28">
							<String ID="string_85" HPOS="144" VPOS="906" WIDTH="33" HEIGHT="20" WC="0.93" CONTENT="att"/><SP WIDTH="15" VPOS="906" HPOS="177"/>
							<String ID="string_86" HPOS="192" VPOS="904" WIDTH="170" HEIGHT="23" WC="0.93" CONTENT="Bondeständets"/><SP WIDTH="14" VPOS="904" HPOS="362"/>
							<String ID="string_87" HPOS="376" VPOS="905" WIDTH="85" HEIGHT="21" WC="0.92" CONTENT="valmän"/><SP WIDTH="11" VPOS="905" HPOS="461"/>
							<String ID="string_88" HPOS="472" VPOS="906" WIDTH="69" HEIGHT="20" WC="0.92" CONTENT="utsett"/><SP WIDTH="15" VPOS="906" HPOS="541"/>
							<String ID="string_89" HPOS="556" VPOS="905" WIDTH="32" HEIGHT="21" WC="0.83" CONTENT="tili"/><SP WIDTH="14" VPOS="905" HPOS="588"/>
							<String ID="string_90" HPOS="602" VPOS="905" WIDTH="119" HEIGHT="21" WC="0.92" CONTENT="ledamöter"/><SP WIDTH="9" VPOS="905" HPOS="721"/>
							<String ID="string_91" HPOS="730" VPOS="905" WIDTH="7" HEIGHT="21" WC="0.93" CONTENT="i"/><SP WIDTH="13" VPOS="905" HPOS="737"/>
							<String ID="string_92" HPOS="750" VPOS="903" WIDTH="151" HEIGHT="28" WC="0.89" CONTENT="Lagutskottet"/>
						</TextLine>
						<TextLine ID="line_13" HPOS="75" VPOS="931" WIDTH="825" HEIGHT="29">
							<String ID="string_93" HPOS="75" VPOS="934" WIDTH="217" HEIGHT="26" WC="0.92" CONTENT="Landtdagsmännen"/><SP WIDTH="14" VPOS="934" HPOS="292"/>
							<String ID="string_94" HPOS="306" VPOS="933" WIDTH="135" HEIGHT="22" WC="0.96" CONTENT="Grönroos"/><SP WIDTH="16" VPOS="933" HPOS="441"/>
							<String ID="string_95" HPOS="457" VPOS="934" WIDTH="41" HEIGHT="21" WC="0.96" CONTENT="och"/><SP WIDTH="15" VPOS="934" HPOS="498"/>
							<String ID="string_96" HPOS="513" VPOS="934" WIDTH="130" HEIGHT="21" WC="0.96" CONTENT="Herckman"/><SP WIDTH="34" VPOS="934" HPOS="643"/>
							<String ID="string_97" HPOS="677" VPOS="934" WIDTH="55" HEIGHT="20" WC="0.96" CONTENT="samt"/><SP WIDTH="15" VPOS="934" HPOS="732"/>
							<String ID="string_98" HPOS="747" VPOS="933" WIDTH="33" HEIGHT="21" WC="0.93" CONTENT="till"/><SP WIDTH="8" VPOS="933" HPOS="780"/>
							<String ID="string_99" HPOS="788" VPOS="931" WIDTH="112" HEIGHT="28" WC="0.90" CONTENT="supplean-"/>
						</TextLine>
						<TextLine ID="line_14" HPOS="75" VPOS="962" WIDTH="625" HEIGHT="26">
							<String ID="string_100" HPOS="75" VPOS="964" WIDTH="34" HEIGHT="20" WC="0.93" CONTENT="ter"/><SP WIDTH="15" VPOS="964" HPOS="109"/>
							<String ID="string_101" HPOS="124" VPOS="962" WIDTH="216" HEIGHT="26" WC="0.91" CONTENT="Landtdagsmännen"/><SP WIDTH="15" VPOS="962" HPOS="340"/>
							<String ID="string_102" HPOS="355" VPOS="962" WIDTH="140" HEIGHT="22" WC="0.96" CONTENT="Hartonen"/><SP WIDTH="15" VPOS="962" HPOS="495"/>
							<String ID="string_103" HPOS="510" VPOS="962" WIDTH="41" HEIGHT="22" WC="0.96" CONTENT="och"/><SP WIDTH="17" VPOS="962" HPOS="551"/>
							<String ID="string_104" HPOS="568" VPOS="962" WIDTH="132" HEIGHT="22" WC="0.96" CONTENT="Helenius."/>
						</TextLine>
					</TextBlock>
				</ComposedBlock>
				<ComposedBlock ID="cblock_7" HPOS="76" VPOS="1117" WIDTH="826" HEIGHT="111">
					<TextBlock ID="block_6" HPOS="76" VPOS="1117" WIDTH="826" HEIGHT="111">
						<TextLine ID="line_15" HPOS="144" VPOS="1117" WIDTH="758" HEIGHT="32">
							<String ID="string_105" HPOS="144" VPOS="1121" WIDTH="121" HEIGHT="27" WC="0.96" CONTENT="Föredrogs"/><SP WIDTH="23" VPOS="1121" HPOS="265"/>
							<String ID="string_106" HPOS="288" VPOS="1123" WIDTH="31" HEIGHT="20" WC="0.93" CONTENT="ett"/><SP WIDTH="21" VPOS="1123" HPOS="319"/>
							<String ID="string_107" HPOS="340" VPOS="1121" WIDTH="48" HEIGHT="22" WC="0.93" CONTENT="från"/><SP WIDTH="23" VPOS="1121" HPOS="388"/>
							<String ID="string_108" HPOS="411" VPOS="1121" WIDTH="24" HEIGHT="22" WC="0.96" CONTENT="R."/><SP WIDTH="26" VPOS="1121" HPOS="435"/>
							<String ID="string_109" HPOS="461" VPOS="1127" WIDTH="19" HEIGHT="16" WC="0.93" CONTENT="o."/><SP WIDTH="17" VPOS="1127" HPOS="480"/>
							<String ID="string_110" HPOS="497" VPOS="1122" WIDTH="38" HEIGHT="21" WC="0.92" CONTENT="A:s"/><SP WIDTH="16" VPOS="1122" HPOS="535"/>
							<String ID="string_111" HPOS="551" VPOS="1121" WIDTH="84" HEIGHT="21" WC="0.92" CONTENT="valmän"/><SP WIDTH="21" VPOS="1121" HPOS="635"/>
							<String ID="string_112" HPOS="656" VPOS="1121" WIDTH="118" HEIGHT="21" WC="0.96" CONTENT="inkommet"/><SP WIDTH="14" VPOS="1121" HPOS="774"/>
							<String ID="string_113" HPOS="788" VPOS="1117" WIDTH="114" HEIGHT="32" WC="0.96" CONTENT="protokoll,"/>
						</TextLine>
						<TextLine ID="line_16" HPOS="76" VPOS="1147" WIDTH="826" HEIGHT="29">
							<String ID="string_114" HPOS="76" VPOS="1149" WIDTH="77" HEIGHT="22" WC="0.93" CONTENT="hvaraf"/><SP WIDTH="20" VPOS="1149" HPOS="153"/>
							<String ID="string_115" HPOS="173" VPOS="1149" WIDTH="133" HEIGHT="22" WC="0.93" CONTENT="inhemtades"/><SP WIDTH="22" VPOS="1149" HPOS="306"/>
							<String ID="string_116" HPOS="328" VPOS="1151" WIDTH="32" HEIGHT="20" WC="0.93" CONTENT="att"/><SP WIDTH="21" VPOS="1151" HPOS="360"/>
							<String ID="string_117" HPOS="381" VPOS="1150" WIDTH="129" HEIGHT="21" WC="0.89" CONTENT="valmännen"/><SP WIDTH="22" VPOS="1150" HPOS="510"/>
							<String ID="string_118" HPOS="532" VPOS="1150" WIDTH="34" HEIGHT="21" WC="0.96" CONTENT="till"/><SP WIDTH="23" VPOS="1150" HPOS="566"/>
							<String ID="string_119" HPOS="589" VPOS="1156" WIDTH="26" HEIGHT="15" WC="0.96" CONTENT="en"/><SP WIDTH="14" VPOS="1156" HPOS="615"/>
							<String ID="string_120" HPOS="629" VPOS="1149" WIDTH="123" HEIGHT="27" WC="0.96" CONTENT="ytterligare"/><SP WIDTH="16" VPOS="1149" HPOS="752"/>
							<String ID="string_121" HPOS="768" VPOS="1147" WIDTH="134" HEIGHT="27" WC="0.96" CONTENT="suppleant"/><SP WIDTH="-12" VPOS="1147" HPOS="902"/>
							<String ID="string_122" HPOS="890" VPOS="1143" WIDTH="15" HEIGHT="37" WC="0.96" CONTENT="i"/>
						</TextLine>
						<TextLine ID="line_17" HPOS="76" VPOS="1175" WIDTH="826" HEIGHT="27">
							<String ID="string_123" HPOS="76" VPOS="1178" WIDTH="113" HEIGHT="21" WC="0.93" CONTENT="Allmänna"/><SP WIDTH="15" VPOS="1178" HPOS="189"/>
							<String ID="string_124" HPOS="204" VPOS="1178" WIDTH="198" HEIGHT="22" WC="0.91" CONTENT="Besvärsutskottet"/><SP WIDTH="15" VPOS="1178" HPOS="402"/>
							<String ID="string_125" HPOS="417" VPOS="1180" WIDTH="69" HEIGHT="20" WC="0.96" CONTENT="utsett"/><SP WIDTH="14" VPOS="1180" HPOS="486"/>
							<String ID="string_126" HPOS="500" VPOS="1179" WIDTH="33" HEIGHT="20" WC="0.96" CONTENT="Hr"/><SP WIDTH="16" VPOS="1179" HPOS="533"/>
							<String ID="string_127" HPOS="549" VPOS="1177" WIDTH="79" HEIGHT="22" WC="0.96" CONTENT="Gustaf"/><SP WIDTH="12" VPOS="1177" HPOS="628"/>
							<String ID="string_128" HPOS="640" VPOS="1178" WIDTH="64" HEIGHT="21" WC="0.93" CONTENT="Albin"/><SP WIDTH="15" VPOS="1178" HPOS="704"/>
							<String ID="string_129" HPOS="719" VPOS="1175" WIDTH="183" HEIGHT="27" WC="0.90" CONTENT="Wasastjerna"/>
						</TextLine>
						<TextLine ID="line_18" HPOS="76" VPOS="1207" WIDTH="182" HEIGHT="21">
							<String ID="string_130" HPOS="76" VPOS="1207" WIDTH="48" HEIGHT="21" WC="0.95" CONTENT="med"/><SP WIDTH="16" VPOS="1207" HPOS="124"/>
							<String ID="string_131" HPOS="140" VPOS="1207" WIDTH="28" HEIGHT="20" WC="0.95" CONTENT="20"/><SP WIDTH="15" VPOS="1207" HPOS="168"/>
							<String ID="string_132" HPOS="183" VPOS="1208" WIDTH="75" HEIGHT="20" WC="0.95" CONTENT="röster."/>
						</TextLine>
					</TextBlock>
				</ComposedBlock>
				<ComposedBlock ID="cblock_8" HPOS="77" VPOS="1333" WIDTH="826" HEIGHT="88">
					<TextBlock ID="block_7" HPOS="77" VPOS="1333" WIDTH="826" HEIGHT="88">
						<TextLine ID="line_19" HPOS="77" VPOS="1333" WIDTH="826" HEIGHT="33">
							<String ID="string_133" HPOS="77" VPOS="1336" WIDTH="132" HEIGHT="29" WC="0.96" CONTENT="Lagförslaget"/><SP WIDTH="14" VPOS="1336" HPOS="209"/>
							<String ID="string_134" HPOS="223" VPOS="1343" WIDTH="43" HEIGHT="22" WC="0.93" CONTENT="ang."/><SP WIDTH="16" VPOS="1343" HPOS="266"/>
							<String ID="string_135" HPOS="282" VPOS="1337" WIDTH="169" HEIGHT="29" WC="0.91" CONTENT="röstberäkningen"/><SP WIDTH="16" VPOS="1337" HPOS="451"/>
							<String ID="string_136" HPOS="467" VPOS="1337" WIDTH="31" HEIGHT="24" WC="0.96" CONTENT="vid"/><SP WIDTH="16" VPOS="1337" HPOS="498"/>
							<String ID="string_137" HPOS="514" VPOS="1337" WIDTH="29" HEIGHT="23" WC="0.96" CONTENT="val"/><SP WIDTH="16" VPOS="1337" HPOS="543"/>
							<String ID="string_138" HPOS="559" VPOS="1337" WIDTH="26" HEIGHT="23" WC="0.93" CONTENT="till"/><SP WIDTH="12" VPOS="1337" HPOS="585"/>
							<String ID="string_139" HPOS="597" VPOS="1336" WIDTH="145" HEIGHT="29" WC="0.91" CONTENT="borgmästare-"/><SP WIDTH="10" VPOS="1336" HPOS="742"/>
							<String ID="string_140" HPOS="752" VPOS="1341" WIDTH="24" HEIGHT="18" WC="0.96" CONTENT="m."/><SP WIDTH="10" VPOS="1341" HPOS="776"/>
							<String ID="string_141" HPOS="786" VPOS="1334" WIDTH="19" HEIGHT="23" WC="0.87" CONTENT="fl."/><SP WIDTH="8" VPOS="1334" HPOS="805"/>
							<String ID="string_142" HPOS="813" VPOS="1333" WIDTH="90" HEIGHT="28" WC="0.91" CONTENT="tjonster."/>
						</TextLine>
						<TextLine ID="line_20" HPOS="145" VPOS="1393" WIDTH="120" HEIGHT="28">
							<String ID="string_143" HPOS="145" VPOS="1393" WIDTH="120" HEIGHT="28" WC="0.96" CONTENT="Föredrogs"/>
						</TextLine>
					</TextBlock>
				</ComposedBlock>
				<ComposedBlock ID="cblock_9" HPOS="77" VPOS="1447" WIDTH="829" HEIGHT="116">
					<TextBlock ID="block_8" HPOS="77" VPOS="1447" WIDTH="829" HEIGHT="116">
						<TextLine ID="line_21" HPOS="146" VPOS="1447" WIDTH="758" HEIGHT="31">
							<String ID="string_144" HPOS="146" VPOS="1451" WIDTH="164" HEIGHT="26" WC="0.92" CONTENT="Lagutskottets"/><SP WIDTH="15" VPOS="1451" HPOS="310"/>
							<String ID="string_145" HPOS="325" VPOS="1451" WIDTH="81" HEIGHT="26" WC="0.96" CONTENT="förslag"/><SP WIDTH="14" VPOS="1451" HPOS="406"/>
							<String ID="string_146" HPOS="420" VPOS="1451" WIDTH="34" HEIGHT="21" WC="0.93" CONTENT="till"/><SP WIDTH="16" VPOS="1451" HPOS="454"/>
							<String ID="string_147" HPOS="470" VPOS="1450" WIDTH="206" HEIGHT="28" WC="0.91" CONTENT="sammanjemkning"/><SP WIDTH="15" VPOS="1450" HPOS="676"/>
							<String ID="string_148" HPOS="691" VPOS="1449" WIDTH="23" HEIGHT="22" WC="0.96" CONTENT="af"/><SP WIDTH="13" VPOS="1449" HPOS="714"/>
							<String ID="string_149" HPOS="727" VPOS="1449" WIDTH="25" HEIGHT="22" WC="0.96" CONTENT="de"/><SP WIDTH="17" VPOS="1449" HPOS="752"/>
							<String ID="string_150" HPOS="769" VPOS="1448" WIDTH="67" HEIGHT="22" WC="0.93" CONTENT="delvis"/><SP WIDTH="10" VPOS="1448" HPOS="836"/>
							<String ID="string_151" HPOS="846" VPOS="1447" WIDTH="58" HEIGHT="26" WC="0.93" CONTENT="skilj-"/>
						</TextLine>
						<TextLine ID="line_22" HPOS="77" VPOS="1475" WIDTH="828" HEIGHT="32">
							<String ID="string_152" HPOS="77" VPOS="1479" WIDTH="74" HEIGHT="27" WC="0.92" CONTENT="aktiga"/><SP WIDTH="22" VPOS="1479" HPOS="151"/>
							<String ID="string_153" HPOS="173" VPOS="1479" WIDTH="77" HEIGHT="27" WC="0.96" CONTENT="beslut,"/><SP WIDTH="15" VPOS="1479" HPOS="250"/>
							<String ID="string_154" HPOS="265" VPOS="1479" WIDTH="8" HEIGHT="21" WC="0.96" CONTENT="i"/><SP WIDTH="15" VPOS="1479" HPOS="273"/>
							<String ID="string_155" HPOS="288" VPOS="1479" WIDTH="73" HEIGHT="22" WC="0.96" CONTENT="hvilka"/><SP WIDTH="21" VPOS="1479" HPOS="361"/>
							<String ID="string_156" HPOS="382" VPOS="1479" WIDTH="92" HEIGHT="22" WC="0.96" CONTENT="stånden"/><SP WIDTH="24" VPOS="1479" HPOS="474"/>
							<String ID="string_157" HPOS="498" VPOS="1481" WIDTH="87" HEIGHT="20" WC="0.96" CONTENT="stannat"/><SP WIDTH="21" VPOS="1481" HPOS="585"/>
							<String ID="string_158" HPOS="606" VPOS="1479" WIDTH="35" HEIGHT="21" WC="0.96" CONTENT="vid"/><SP WIDTH="21" VPOS="1479" HPOS="641"/>
							<String ID="string_159" HPOS="662" VPOS="1478" WIDTH="157" HEIGHT="25" WC="0.95" CONTENT="behandlingen"/><SP WIDTH="16" VPOS="1478" HPOS="819"/>
							<String ID="string_160" HPOS="835" VPOS="1475" WIDTH="24" HEIGHT="21" WC="0.93" CONTENT="af"/><SP WIDTH="12" VPOS="1475" HPOS="859"/>
							<String ID="string_161" HPOS="871" VPOS="1476" WIDTH="34" HEIGHT="31" WC="0.91" CONTENT="ut-"/>
						</TextLine>
						<TextLine ID="line_23" HPOS="77" VPOS="1503" WIDTH="829" HEIGHT="33">
							<String ID="string_162" HPOS="77" VPOS="1507" WIDTH="93" HEIGHT="22" WC="0.92" CONTENT="skottets"/><SP WIDTH="23" VPOS="1507" HPOS="170"/>
							<String ID="string_163" HPOS="193" VPOS="1507" WIDTH="135" HEIGHT="22" WC="0.96" CONTENT="betänkande"/><SP WIDTH="22" VPOS="1507" HPOS="328"/>
							<String ID="string_164" HPOS="350" VPOS="1508" WIDTH="41" HEIGHT="21" WC="0.96" CONTENT="N:o"/><SP WIDTH="15" VPOS="1508" HPOS="391"/>
							<String ID="string_165" HPOS="406" VPOS="1509" WIDTH="14" HEIGHT="20" WC="0.94" CONTENT="4"/><SP WIDTH="15" VPOS="1509" HPOS="420"/>
							<String ID="string_166" HPOS="435" VPOS="1508" WIDTH="8" HEIGHT="21" WC="0.94" CONTENT="i"/><SP WIDTH="15" VPOS="1508" HPOS="443"/>
							<String ID="string_167" HPOS="458" VPOS="1508" WIDTH="117" HEIGHT="26" WC="0.96" CONTENT="anledning"/><SP WIDTH="19" VPOS="1508" HPOS="575"/>
							<String ID="string_168" HPOS="594" VPOS="1507" WIDTH="23" HEIGHT="22" WC="0.96" CONTENT="af"/><SP WIDTH="13" VPOS="1507" HPOS="617"/>
							<String ID="string_169" HPOS="630" VPOS="1507" WIDTH="60" HEIGHT="21" WC="0.96" CONTENT="Hans"/><SP WIDTH="14" VPOS="1507" HPOS="690"/>
							<String ID="string_170" HPOS="704" VPOS="1505" WIDTH="121" HEIGHT="28" WC="0.93" CONTENT="Kejserliga"/><SP WIDTH="8" VPOS="1505" HPOS="825"/>
							<String ID="string_171" HPOS="833" VPOS="1503" WIDTH="73" HEIGHT="33" WC="0.90" CONTENT="Maje-"/>
						</TextLine>
						<TextLine ID="line_24" HPOS="77" VPOS="1531" WIDTH="829" HEIGHT="32">
							<String ID="string_172" HPOS="77" VPOS="1537" WIDTH="55" HEIGHT="20" WC="0.92" CONTENT="stäts"/><SP WIDTH="21" VPOS="1537" HPOS="132"/>
							<String ID="string_173" HPOS="153" VPOS="1535" WIDTH="49" HEIGHT="22" WC="0.95" CONTENT="nåd."/><SP WIDTH="23" VPOS="1535" HPOS="202"/>
							<String ID="string_174" HPOS="225" VPOS="1542" WIDTH="60" HEIGHT="21" WC="0.96" CONTENT="prop."/><SP WIDTH="19" VPOS="1542" HPOS="285"/>
							<String ID="string_175" HPOS="304" VPOS="1536" WIDTH="134" HEIGHT="22" WC="0.95" CONTENT="beträffande"/><SP WIDTH="15" VPOS="1536" HPOS="438"/>
							<String ID="string_176" HPOS="453" VPOS="1536" WIDTH="48" HEIGHT="22" WC="0.93" CONTENT="dels"/><SP WIDTH="15" VPOS="1536" HPOS="501"/>
							<String ID="string_177" HPOS="516" VPOS="1536" WIDTH="191" HEIGHT="27" WC="0.91" CONTENT="röstberäkningen"/><SP WIDTH="15" VPOS="1536" HPOS="707"/>
							<String ID="string_178" HPOS="722" VPOS="1535" WIDTH="34" HEIGHT="21" WC="0.96" CONTENT="vid"/><SP WIDTH="16" VPOS="1535" HPOS="756"/>
							<String ID="string_179" HPOS="772" VPOS="1534" WIDTH="34" HEIGHT="21" WC="0.95" CONTENT="val"/><SP WIDTH="15" VPOS="1534" HPOS="806"/>
							<String ID="string_180" HPOS="821" VPOS="1531" WIDTH="34" HEIGHT="22" WC="0.92" CONTENT="till"/><SP WIDTH="14" VPOS="1531" HPOS="855"/>
							<String ID="string_181" HPOS="869" VPOS="1531" WIDTH="37" HEIGHT="22" WC="0.92" CONTENT="be-"/>
						</TextLine>
					</TextBlock>
				</ComposedBlock>
			</PrintSpace>
		</Page>
	</Layout>
</alto>
