1081 1764
207 131 42 21 296
456 137 25 17 R.
494 141 18 13 o.
524 137 23 16 A.
560 136 59 17 1888.
632 136 24 17 18
664 135 59 17 Febr.

177 221 63 22 lands
261 221 57 22 bank
341 222 84 21 nedsatt
447 223 32 20 sin
502 224 63 19 ränta
582 222 48 22 från
645 221 50 27 41/3
709 221 33 21 till
762 222 9 20 4
779 220 35 27 %/o,
829 219 179 28 privatbankerna

178 249 69 22 skulle
261 249 65 22 blifva
341 253 92 24 tvungna
449 253 32 19 att
496 251 100 21 nedsätta
611 252 77 19 räntan
697 251 29 26 pä
736 250 47 21 sina
793 249 149 26 depositioner.
966 248 42 27 Jag

178 278 40 22 har
233 278 46 21 icke
295 279 74 21 hunnit
384 279 66 22 skaffa
464 279 44 27 mig
524 279 50 22 data
589 279 59 21 öfver
662 279 83 21 antalet
759 283 106 22 personer,
881 283 46 15 som
945 276 62 22 hafva

178 307 144 26 depositioner
337 307 30 21 uti
383 307 188 27 privatbankerna;
585 308 37 27 jag
637 309 35 20 vet
688 307 57 22 blott
759 308 33 20 att
806 312 96 15 summan
913 305 22 22 af
945 305 62 22 dessa

178 335 144 26 depositioner
337 335 65 27 stiger
416 336 32 21 till
463 337 70 20 säsom
546 336 37 27 jag
598 336 98 25 nämnde,
715 335 59 22 öfver
784 336 28 20 60
822 334 105 22 millioner
936 334 69 25 mark;

177 363 25 21 sä
224 363 84 27 mycket
328 363 37 27 jag
387 364 87 26 känner,
497 365 74 21 bestär
585 367 80 19 största
680 364 62 22 delen
758 363 22 22 af
795 364 68 21 denna
877 369 83 15 summa
975 363 31 21 uti

176 391 82 22 mindre
282 391 148 28 depositioner.
461 393 78 21 Männe
562 393 46 22 icke
631 399 101 20 egarenes
751 392 22 22 af
787 392 62 21 dessa
863 391 143 28 depositioner

176 419 90 22 intresse
288 420 61 22 äfven
371 421 65 22 borde
455 423 60 24 tagas
537 421 7 21 i
559 421 148 23 betraktande,
722 421 45 22 ifall
782 421 7 21 i
805 421 114 21 allmänhet
935 419 70 28 dylika

176 448 136 22 humanitära
333 449 47 22 skäl
402 450 60 21 skola
477 450 90 21 beaktas
582 450 35 21 vid
632 450 173 21 bestämmandet
820 449 21 21 af
855 448 149 22 statsbankens

175 479 135 20 räntesatser.
342 477 43 22 För
407 479 42 20 min
472 479 34 21 del
528 478 69 22 skulle
616 479 37 26 jag
671 479 47 20 icke
733 481 52 24 taga
800 477 71 27 dylika
885 477 47 22 skäl
947 477 6 20 i
969 476 35 22 be-

175 505 115 22 traktande
304 506 45 21 alls.
379 506 40 27 Jag
435 507 68 21 skulle
518 507 95 21 hvarken
628 513 51 15 anse
695 507 37 21 det
747 513 52 15 vara
813 506 88 27 lyckligt
915 508 32 19 att
961 505 43 21 för-

175 533 53 22 söka
243 534 130 22 understöda
387 535 77 22 handel
479 536 40 21 och
533 535 90 22 industri
639 541 76 21 genom
731 535 137 26 nedsättning
885 535 23 21 af
927 536 75 19 räntan

175 561 40 22 och
230 562 19 27 ej
265 562 67 22 heller
346 565 33 20 att
393 564 52 21 söka
460 564 131 21 understöda
606 564 161 27 depositärerna
781 570 76 21 genom
873 570 26 15 en
917 563 86 27 höjning

174 590 23 21 af
217 592 164 25 räntesatserna,
405 595 50 18 utan
475 593 68 20 skulle
559 593 36 21 det
609 599 63 20 synas
687 593 43 26 mig
745 595 34 18 att
794 592 75 21 endast
884 599 26 14 en
925 592 78 26 grund-

174 619 29 26 lig
218 619 98 27 pröfoing
331 620 22 21 af
365 621 222 21 ränteförhällandena
601 621 7 21 i
623 621 117 21 allmänhet
755 621 8 20 i
777 621 78 22 landet,
871 620 23 21 af
914 620 89 27 tillgång

174 647 40 21 och
237 647 127 28 efterfrägan
385 650 28 25 pä
429 649 122 27 penningar,
564 649 66 27 jemte
647 656 25 14 en
687 648 100 28 pröfning
801 648 23 22 af
837 649 26 21 de
878 648 81 28 följder,
976 655 26 15 en

172 676 199 28 räntenedsättning
386 677 98 27 möjligen
498 678 72 21 kunde
585 677 62 22 hafva
663 678 27 26 pä
705 678 97 21 bankens
817 677 106 27 ställning,
935 677 66 22 borde

173 710 51 15 vara
239 704 160 22 bestämmande
415 706 34 21 vid
464 708 87 19 räntans
567 706 122 27 förändring
704 706 7 21 i
727 706 102 21 Finlands
843 706 64 21 bank.
926 705 75 22 Säsom

170 732 38 27 jag
229 733 66 21 redan
318 733 55 22 hade
396 736 51 20 äran
471 734 117 25 framhålla,
611 736 24 20 är
658 734 232 28 penningeställningen
907 734 6 21 i
928 734 74 22 landet

172 766 76 20 genom
264 761 189 27 privatbankernas
467 769 124 21 gynsamma
605 763 102 27 ställning
721 762 116 28 ingalunda
847 762 153 28 oroväckande,

172 788 40 22 och
227 789 61 22 äfven
304 790 101 22 Finlands
420 791 67 21 banks
503 792 106 26 ställning,
625 792 56 21 hvad
696 790 103 23 beträffar
813 791 95 21 bankens
930 791 70 21 säker-

171 817 38 21 het
231 818 39 21 och
293 818 143 23 förhällandet
451 820 22 21 af
489 820 95 22 bankens
599 820 75 21 fonder
689 820 32 21 till
737 820 49 21 hela
800 820 83 21 landets
899 820 101 26 utläning,

170 846 94 21 särdeles
272 846 202 24 tillfredsställande.
499 848 94 23 Jemföra
601 848 19 22 vi
629 848 102 22 Finlands
741 848 67 22 banks
817 848 79 27 kapital
905 848 40 21 och
953 848 48 22 dess

170 874 100 22 säkerhet
281 875 48 21 med
340 876 47 21 värt
401 876 61 22 lands
476 877 60 27 ringa
551 876 102 28 utläning,
669 878 24 20 sä
708 876 59 22 finna
782 877 19 21 vi
816 877 105 26 knappast
935 877 65 26 nägot

169 904 66 30 annat
242 902 51 22 land
301 904 62 21 hafva
373 911 26 15 en
409 906 25 20 sä
444 906 59 21 stark
513 906 39 21 och
563 906 63 21 säker
636 906 119 21 statsbank.
778 905 65 21 Detta
851 906 86 20 hindrar
945 905 55 21 dock

170 930 54 28 icke,
248 932 70 21 säsom
338 932 37 28 jag
389 933 65 22 redan
470 933 105 25 framhöll,
591 936 33 20 att
639 934 95 22 bankens
749 934 203 26 utläningsförmäga
966 933 34 21 för

170 959 136 31 Bgonblickot
328 961 81 26 sjunkit
431 962 39 21 allt
484 962 33 22 för
531 962 51 27 lågt,
598 966 40 18 och
654 964 59 20 detta
729 963 6 20 i
751 965 56 19 trots
822 962 22 21 af
857 962 56 26 goda
927 963 25 20 är
966 961 33 22 för

166 987 129 27 jordbruket
310 989 31 21 vis
355 989 14 21 &
384 990 31 21 vis
429 990 98 27 skörden,
543 997 35 15 om
594 992 65 20 ocksä
681 991 46 21 icke
750 990 132 22 beträffande
903 990 95 27 priserna

169 1016 40 21 och
232 1016 7 21 i
262 1018 55 20 trots
339 1018 22 21 af
380 1020 33 19 att
426 1018 50 28 inga
490 1022 69 19 större
575 1019 136 22 kalamiteter
726 1019 93 21 drabbat
833 1019 78 21 landet.
941 1019 57 21 Ban-

167 1044 53 22 kens
243 1044 203 29 utläningsförmäga
467 1050 24 19 är
515 1048 33 21 för
569 1048 58 27 liten,
647 1048 68 22 ehuru
731 1049 40 20 den
787 1047 128 27 utelöpande
931 1047 67 22 sedel-

168 1072 88 32 stocken
278 1073 115 27 ingalunda
415 1077 24 19 är
461 1076 94 26 ovanligt
577 1079 52 19 stor.
659 1076 82 25 Denna,
757 1082 47 16 som
819 1076 32 21 för
866 1076 131 21 närvarande

167 1103 65 24 stiger
248 1101 32 21 till
295 1102 28 21 43
339 1102 110 28 millioner,
465 1104 39 22 har
518 1106 29 25 pä
561 1104 60 27 längt
636 1107 39 19 när
689 1105 47 21 icke
751 1105 92 27 uppnätt
858 1105 40 20 den
908 1110 88 21 summa,

166 1135 46 25 som
232 1130 38 26 jag
293 1130 69 22 skulle
384 1138 51 15 anse
450 1139 51 15 vara
516 1134 41 20 den
572 1133 97 21 normala
683 1133 40 21 hos
738 1140 43 14 oss.
810 1133 25 21 Vi
851 1132 52 21 böra
919 1132 77 27 derför,

165 1156 45 22 ifall
226 1158 225 24 affärsförbällandena
466 1161 7 21 i
488 1161 73 22 landet
576 1161 68 22 skulle
659 1162 106 21 förbättra
781 1161 32 27 sig
828 1160 39 22 och
878 1161 66 26 några
954 1164 42 18 tec-

164 1185 43 21 ken
222 1187 52 31 tyda
289 1187 72 27 derpä,
377 1194 51 16 vara
443 1189 93 22 beredda
551 1191 58 25 uppå
623 1192 32 19 att
670 1196 23 16 se
708 1190 85 21 landets
809 1188 64 23 behof
887 1188 22 22 af
926 1189 72 21 sedlar

164 1213 106 28 betydligt
294 1217 87 25 stegras.
412 1217 11 21 I
445 1218 76 21 sådant
543 1218 36 21 fall
603 1219 61 21 torde
682 1218 97 22 bankens
794 1216 202 28 utläningsförmäga

164 1244 57 20 ännu
242 1243 123 27 ytterligare
389 1247 60 25 tagas
471 1246 8 21 i
500 1247 102 26 anspräk;
626 1247 39 21 och
689 1247 60 21 detta
764 1246 107 22 törefaller
886 1246 43 26 mig
945 1251 51 16 vara

163 1273 32 19 ett
218 1271 46 21 skäl
288 1272 32 21 till
343 1275 32 19 att
397 1273 72 23 bifalla
490 1274 205 28 Bankfullmäktiges
719 1275 80 27 förslag
823 1276 32 20 att
880 1274 41 22 öka
946 1274 50 21 ban-

163 1298 53 22 kens
238 1300 277 30 sedelutgifningsförmäga.
539 1310 48 14 men
610 1304 69 21 tillika
700 1303 109 21 förefaller
831 1303 37 21 det
883 1303 70 21 såsom
968 1308 27 16 en

162 1328 82 25 ganska
266 1330 59 20 stark
351 1332 130 26 uppmaning
495 1331 33 21 till
542 1331 135 28 försigtighet
691 1333 14 21 &
719 1331 208 27 Bankfaullmäktiges
941 1330 53 26 sida,

162 1355 28 21 dä
212 1356 36 21 det
270 1357 68 26 gäller
360 1361 33 19 att
414 1359 87 27 utvidga
523 1360 95 22 bankens
640 1360 81 22 rörelse
735 1366 78 21 genom
828 1360 131 22 inrättandet
973 1359 24 22 af

161 1389 42 22 nya
218 1383 79 23 kontor
312 1385 52 22 eller
378 1392 77 21 genom
471 1388 136 27 nedsättning
621 1388 23 22 af
656 1391 83 20 räntan.
764 1379 8 40 —
786 1395 2 2 '
