1078 1761
209 133 41 20 442
455 141 24 16 R.
493 145 17 13 o.
523 142 23 17 A.
555 141 57 18 1888.
625 141 22 17 13
655 141 62 18 Mars.

179 223 49 22 med
242 223 99 24 afseende
354 226 29 27 pä
397 227 35 21 det
447 227 61 27 syfte,
524 234 46 15 som
586 228 115 21 ständerna
716 228 36 21 vid
765 227 127 28 föregäende
902 227 100 28 landtdag

179 252 7 21 i
201 253 60 21 detta
275 255 78 21 ärende
367 255 104 22 omfattat.

247 281 62 21 Hvad
325 283 97 27 slutligen
436 285 133 21 vidkommer
584 285 327 27 sammanjemkningsförslagets
926 285 77 27 grund,

179 309 24 21 sä
217 309 41 21 kan
282 310 36 21 det
339 312 34 20 väl
394 312 46 22 icke
459 313 106 21 bestridas
584 315 32 19 att
631 313 213 22 Ekonomiutskottet
859 313 45 21 haft
918 313 84 22 formelt

178 339 44 19 rätt
244 340 32 19 att
298 338 82 28 föreslä,
403 341 69 21 säsom
487 348 29 15 nu
531 342 40 21 har
585 342 64 25 skett,
664 344 78 20 tvenne
757 342 74 22 ständs
846 342 156 27 samstämmiga

178 366 71 21 beslut
270 367 33 21 till
325 369 67 26 grund
414 370 33 21 för
469 370 237 28 sammanjemkningen,
729 371 78 21 liksom
830 371 35 21 det
880 370 64 22 ocksä
958 370 44 22 stär

178 394 26 22 R.
219 400 18 16 0.
255 396 24 21 A.
296 398 64 26 öppet
374 399 32 20 att
420 399 114 27 godkänna
556 400 37 21 det
615 400 51 21 eller
681 399 55 22 fatta
751 401 32 20 ett
798 399 75 27 beslut,
888 406 45 15 som
949 401 53 20 nära

178 424 198 24 Öfverensstämmer
389 428 49 21 med
453 427 96 22 ständets
564 428 127 27 föregående
706 429 77 21 beslut.
814 428 59 21 Dock
888 435 61 20 synes
959 428 43 26 mig

178 453 29 26 pä
222 453 26 21 de
263 453 46 22 skäl
321 455 38 27 jag
373 455 45 22 haft
433 458 52 20 äran
501 457 75 21 anföra
591 459 32 19 att
639 457 35 21 det
689 463 51 16 vore
755 457 124 27 lämpligare
894 457 40 21 och
944 456 56 22 svär-

178 481 56 27 ligen
255 482 43 21 kan
316 483 62 22 lända
393 485 32 21 till
440 485 69 27 nägon
525 485 72 25 skada,
613 492 34 15 om
662 492 50 15 man
727 492 30 15 nu
772 485 66 22 fäster
853 485 97 22 afseende
965 485 35 21 vid

178 509 41 22 den
233 509 109 24 finansiela
356 513 60 21 sidan
431 513 23 22 af
467 514 65 21 saken
548 514 39 21 och
598 516 88 25 antager
697 515 70 21 denna
777 514 223 27 sammanjemnkning.

177 537 41 28 Jag
240 539 63 27 hyser
324 541 121 28 visserligen
468 543 47 21 icke
537 549 80 16 samma
632 543 143 27 uppfattning.
791 549 45 15 som
852 543 31 21 Hr
897 542 103 27 Lindelöf,

178 568 32 20 att
232 567 69 22 denna
321 569 60 27 fräga
402 577 76 15 annars
500 571 69 21 skulle
584 571 90 24 förfalla,
692 574 23 24 ty
731 572 37 21 det
783 578 62 20 synes
859 572 43 26 mig
916 573 38 24 att,
971 571 27 21 dä

177 596 49 21 med
247 596 83 23 landets
352 599 96 21 ständers
471 600 128 21 medverkan
621 600 66 22 redan
710 602 24 20 är
754 600 101 27 stadgadt
869 602 31 19 att
915 600 85 21 skatten

177 624 54 22 skall
246 626 106 26 uppbäras
366 627 28 27 pä
408 628 131 27 grundvalen
555 628 22 22 af
590 629 102 21 metriska
707 630 109 26 systemet,
832 628 23 22 sä
870 628 66 22 borde
945 628 54 22 före-

176 654 94 21 varande
291 654 60 28 fräga
365 655 52 23 höra
431 657 34 21 till
479 657 54 26 dem,
549 664 46 15 som
610 658 46 21 icke
671 657 73 22 kunna
759 657 90 27 förfalla,
865 659 51 19 utan
931 657 67 21 skulle

177 681 27 21 dä
219 682 80 22 striden
314 684 89 22 emellan
418 686 26 21 65
461 686 39 21 och
515 686 26 21 61
558 686 64 27 penni
637 686 65 22 blifva
717 686 85 28 afgjord
812 692 74 21 genom
897 685 102 22 förstärkt

176 710 89 22 utskott.
295 712 41 21 Det
358 719 61 21 synes
434 714 43 27 mig
492 720 51 16 vara
558 716 33 20 att
605 714 113 28 föredraga
732 717 33 19 att
781 715 65 21 saken
860 714 46 22 icke
922 714 76 22 drifves

176 738 87 27 derhän,
286 740 27 21 dä
334 741 73 22 skälen
429 744 44 20 mot
493 744 129 26 antagandet
637 744 23 21 af
673 744 27 21 65
716 744 65 26 penni
796 743 47 22 icke
857 743 66 22 borde
938 749 60 15 anses

176 768 54 26 väga
245 768 38 22 allt
297 769 32 21 för
344 770 69 22 starkt
427 772 7 20 i
449 772 121 27 vägskälen.

247 826 34 21 Dä
295 826 183 30 öfverläggningen
493 830 8 20 i
511 831 72 20 ämnet
593 830 88 21 härmed
691 830 132 26 afstannade,
834 829 122 22 framstälde
966 829 32 21 Hr

175 853 204 25 Landtmarskalken
394 857 33 21 till
443 858 130 22 besvarande
588 858 92 27 följande
696 858 212 27 omröstningsprop.:

246 911 53 26 Den,
329 919 45 15 som
401 914 123 27 godkänner
550 915 116 22 utskottets
697 914 300 28 sammanjemkningsförslag,

175 940 70 20 röstar
256 940 34 26 ja;

247 969 74 21 vinner
334 970 41 27 nej,
391 971 39 21 har
445 972 24 21 R.
485 978 19 16 o.
520 973 25 21 A.
561 972 100 22 omfattat
676 973 32 21 Hr
722 979 43 15 von
781 972 117 27 Knorrings
913 972 83 27 förslag.

245 1031 63 28 Prop.
323 1032 126 24 besvarades
465 1034 35 22 vid
515 1034 70 22 sluten
599 1035 139 27 omröstning,
755 1034 54 22 efter
820 1035 35 21 det
866 1035 39 21 den
916 1034 82 28 aflagda

174 1060 73 21 sedeln
269 1062 96 26 öppnats,
388 1063 48 21 med
460 1064 27 20 37
506 1063 24 27 ja
549 1064 40 20 och
608 1064 27 21 38
649 1064 41 28 nej,
706 1064 34 20 till
755 1063 52 27 följd
823 1063 74 22 hvaraf
910 1063 87 21 ärendet

174 1087 55 23 hade
251 1088 33 22 till
306 1090 105 22 utskottet
432 1091 177 23 äterremitterats
627 1092 7 21 i
650 1092 36 21 det
700 1092 24 21 af
738 1092 33 21 Hr
786 1098 41 15 von
842 1092 105 27 Knorring
962 1098 35 15 an-

174 1116 57 28 gifna
246 1117 61 27 syfte.

383 1249 115 30 Fridiysning
513 1251 31 23 för
559 1251 226 29 telefoninrättningarne.

244 1311 119 28 Föredrogs

243 1357 163 27 Lagutskottets
421 1358 117 28 bordlagda
552 1359 43 22 bet.
611 1359 39 22 N:o
662 1360 13 21 6
686 1360 7 21 i
704 1359 42 22 anl.
759 1359 23 22 af
790 1359 48 22 näd.
849 1365 59 21 prop.
919 1359 39 22 N:o
972 1360 24 20 12

172 1385 109 27 angäende
296 1386 133 28 tillämpning
445 1387 23 21 af
480 1388 226 28 fridlysningsstadgan
722 1388 42 22 den
775 1389 28 20 24
813 1388 118 21 November
943 1388 54 22 1864

172 1413 14 21 å
201 1414 226 28 telefoninrättningar.

243 1464 32 22 Pä
290 1465 99 22 anhällan
404 1466 107 23 lemnades
526 1467 62 22 ordet
602 1468 23 21 ät

242 1511 33 22 Hr
289 1517 41 15 von
345 1511 95 27 Daehn,
457 1519 45 15 som
517 1513 94 27 yttrade:
627 1513 10 22 I
648 1514 69 21 denna
728 1513 61 28 fräga
799 1513 40 22 har
848 1508 149 41 Lagutskottet

170 1538 47 22 haft
231 1539 35 22 del
281 1539 23 22 af
317 1539 41 22 alla
368 1540 131 28 hardlingar,
511 1547 45 16 som
567 1542 67 21 under
643 1543 101 21 ärendets
755 1541 128 27 behandling
890 1548 8 15 i
906 1541 91 22 Senaten
