1078 1764
213 126 41 21 306
460 134 24 17 R.
498 139 17 12 o.
529 134 23 18 A.
560 134 57 17 1888.
629 134 27 17 25
665 134 59 17 Febr.

180 217 117 28 inflytande
312 219 7 21 i
335 220 41 21 den
401 226 40 15 ena
465 221 53 21 eller
543 221 68 21 andra
633 221 131 26 riktningen.
795 221 59 22 Utan
875 221 74 22 tvifvel
972 221 38 21 har

182 246 178 28 bränvinsprisets
380 248 129 28 fördyrande
524 256 77 20 genom
616 249 168 28 beskattningen
807 256 27 15 en
848 250 64 27 högst
927 251 83 20 väsent-

182 275 29 27 lig
232 276 109 26 betydelse
356 277 7 21 i
379 277 59 21 detta
460 278 127 26 hänseende,
611 284 49 15 men
676 278 105 27 derjemte
797 280 25 20 är
837 279 36 21 det
888 279 40 21 ock
944 278 66 27 regle-

181 304 147 27 menteringen
351 306 40 20 och
413 306 127 27 kontrollen,
563 307 134 21 hänförande
720 307 33 27 sig
768 306 34 22 till
818 309 136 25 transporten
970 307 39 21 och

180 332 159 28 försäljningen,
365 340 45 15 som
435 336 78 26 utgöra
539 335 38 21 det
599 335 120 21 förnämsta
742 336 71 21 medel
835 336 7 21 i
864 336 146 27 lagstiftarens

181 360 58 22 hand
255 362 32 20 att
302 363 112 21 motverka
430 364 73 20 alkför
519 365 45 20 stor
579 364 111 26 spridning
705 364 41 21 och
761 364 109 22 missbruk
880 364 24 21 af
912 364 96 21 bränvin.

182 388 75 23 Säsom
277 390 38 27 jag
330 391 65 21 redan
411 392 54 21 hade
481 394 52 19 äran
548 393 87 26 antyda,
651 392 43 22 kan
709 399 51 15 man
775 393 48 21 icke
839 393 119 27 egentligen
972 392 36 22 be-

181 418 52 26 visa,
256 418 105 23 huruvida
383 420 12 21 5
417 421 64 26 penni
503 427 46 15 mer
571 421 53 21 eller
645 421 83 21 mindre
744 422 7 20 i
767 421 60 21 skatt
848 422 54 20 skall
922 421 86 21 verka
991 414 19 37 i

181 446 84 28 äsyftad
288 448 93 27 riktning
404 450 52 20 eller
478 450 140 26 annorlunda,
643 449 27 21 dä
693 456 27 15 en
742 449 58 28 gång
815 452 31 19 ett
860 450 52 21 visst
928 450 80 21 skatte-

180 475 78 27 belopp
274 476 57 26 legat
346 483 45 15 som
407 478 166 27 utgångspunkt.
603 478 49 22 Men
668 478 57 21 hvad
740 484 51 15 man
806 478 49 22 med
869 479 73 26 temlig
957 484 50 20 nog-

180 504 107 27 grannhet
309 505 42 22 kan
373 507 82 26 utreda,
479 508 30 24 är,
532 507 57 21 huru
611 509 45 19 stor
679 507 105 21 inverkan
807 513 26 16 en
854 507 86 26 höjning
955 506 52 21 eller

180 533 105 27 sänkning
306 534 57 21 inom
386 541 26 15 en
434 536 43 21 viss
498 536 79 21 latitud
597 536 97 21 kommer
717 538 34 19 att
766 536 64 21 hafva
845 536 27 27 pä
887 536 119 21 inkomsten

181 561 23 21 af
217 561 92 22 skatten.
344 563 45 21 Allt
411 565 65 20 sedan
499 565 26 20 de
547 571 43 20 nya
612 564 294 27 bränvinsförfattningarnas
928 564 78 21 tilläm-

180 590 70 27 pande
273 591 79 27 vidtog,
376 592 39 21 har
430 599 26 15 en
471 593 86 27 mycket
571 593 60 21 stark
646 593 124 26 minskning
785 593 7 21 i
808 593 198 21 bränvinskonsum-

179 619 73 21 tionen
269 621 35 24 egt
319 626 52 15 rum.
403 621 41 21 Det
459 622 40 21 har
513 622 55 20 visat
583 622 33 26 sig
631 623 33 20 att
679 622 26 21 de
721 621 24 22 af
759 624 85 19 senaste
860 622 87 21 ständer
962 628 43 15 om-

180 647 82 22 fattade
279 647 107 28 äsigterna
401 650 6 20 i
418 651 70 20 denna
498 649 135 28 lagstiftning
643 650 56 21 varit
708 650 96 27 kraftiga
814 650 192 21 bundsförvandter

179 675 23 22 ät
223 676 283 27 nykterhetssträfvandena.
537 679 49 21 Men
605 679 62 21 äfven
682 685 35 15 om
733 679 44 21 den
791 679 71 21 starkt
876 679 130 21 reducerade

178 704 144 29 konsumtion,
346 712 45 15 som
413 709 36 25 egt
471 714 47 14 rum
541 707 68 21 under
631 707 25 21 år
675 708 62 25 1887,
754 707 8 21 i
775 707 121 27 jemförelse
915 707 48 21 med
978 707 27 21 de

177 733 128 26 föregäende
327 733 58 28 ären,
408 735 73 28 lägges
503 736 32 21 till
557 736 70 26 grund
642 735 34 22 för
691 736 154 27 beräkningen,
866 736 68 21 finner
956 742 50 15 man

178 761 54 21 dock
255 763 33 20 att
310 769 25 14 en
358 763 99 22 differens
480 764 23 21 af
515 766 42 19 fem
573 765 65 26 penni
652 765 8 20 i
675 765 89 20 skatten
786 765 76 20 verkar
880 771 26 14 en
922 764 82 21 skilnad

177 789 28 27 pä
219 790 81 22 inemot
315 791 116 22 trehundra
447 795 61 19 tusen
523 793 62 21 mark
600 799 35 15 om
651 793 47 21 äret
713 793 7 21 i
737 793 154 21 statsinkomst.

246 819 43 21 Det
311 825 62 21 synes
395 821 42 27 mig
460 822 89 25 derföre,
571 828 45 15 som
633 828 33 15 om
684 822 71 21 denna
770 821 61 27 fräga
847 828 33 15 om
896 821 107 21 skattebe-

176 847 74 26 loppet
264 848 122 27 lämpligast
405 849 69 22 skulle
489 850 86 21 komma
590 850 68 21 under
673 850 107 27 pröfning,
796 850 28 21 dä
839 850 165 21 Statsutskottet

176 875 84 26 afgifvit
275 876 38 21 sitt
328 877 135 22 betänkande
478 879 7 21 i
499 878 76 27 frägan
591 885 34 15 om
641 879 201 21 bränvinsskattens
857 879 145 24 användande,

173 903 67 27 jemte
263 905 27 20 de
313 905 97 28 kalkyler
425 907 6 20 i
447 907 70 26 öfrigt,
541 913 46 15 som
611 907 67 26 derpä
699 907 96 21 inverka.
827 907 71 27 Något
917 907 85 21 formelt

176 932 76 21 hinder
267 933 7 20 i
289 933 60 21 detta
371 934 121 23 hänseende
514 936 62 21 torde
599 936 47 21 icke
668 936 113 27 föreligga.
815 936 42 21 Det
879 936 39 20 har
940 935 62 22 äfven

176 961 68 21 under
266 962 128 27 föregående
417 964 128 27 landtdagar
559 965 145 26 förekommit,
720 967 35 19 att
771 966 32 20 ett
817 965 79 21 ärende
912 965 90 21 lemnats

175 989 114 26 beroende,
311 992 49 20 med
383 992 114 27 anledning
518 992 23 22 af
562 993 37 21 det
614 994 111 25 samband,
743 994 60 20 hvari
819 994 36 20 det
870 995 82 19 ansetts
967 993 35 21 stå

174 1018 49 21 med
248 1019 68 21 andra
338 1021 99 21 ärenden.
468 1021 49 21 Som
541 1023 32 20 ett
593 1022 126 27 ytterligare
744 1022 46 21 skäl
813 1022 38 20 ber
870 1022 37 26 jag
930 1022 32 20 att
979 1022 22 20 få

174 1046 90 27 påpeka,
275 1049 33 19 att
323 1048 40 21 den
379 1056 147 20 noggrannare
541 1050 96 22 statistik
652 1050 34 21 för
705 1050 25 21 år
748 1051 55 21 1887
819 1050 57 21 öfver
892 1050 109 21 bränvins-

174 1076 159 25 produktionen
356 1077 40 21 och
416 1078 151 27 försäljningen
591 1079 40 21 och
647 1079 41 21 den
703 1085 44 21 nya
762 1078 163 27 författningens
940 1079 61 21 verk-

173 1104 76 26 ningar
264 1105 7 20 i
287 1105 70 27 öfrigt,
381 1112 45 15 som
442 1106 66 22 borde
530 1114 53 14 vara
605 1108 32 20 till
652 1108 131 26 upplysning
798 1108 33 20 vid
848 1108 54 20 vissa
917 1107 83 27 frågors

174 1132 87 27 slutliga
283 1133 123 28 afgörande,
429 1135 46 21 icke
490 1136 83 21 kunnat
587 1136 7 21 i
609 1136 105 21 samband
730 1136 50 21 med
795 1142 28 14 nu
838 1136 162 26 ifrågavarande

172 1166 61 21 prop.
249 1161 166 28 åstadkommas,
431 1164 28 21 då
474 1164 69 21 denna
558 1170 60 21 prop.
635 1164 69 22 blifvit
720 1165 117 21 utarbetad
852 1165 65 20 redan
932 1164 68 22 under

172 1189 77 21 hösten
273 1191 61 21 1887.
366 1192 41 20 Det
430 1194 25 19 är
469 1192 28 26 på
512 1193 62 21 dessa
589 1193 54 25 skäl,
662 1193 40 21 och
718 1193 103 21 särskildt
837 1193 48 21 med
900 1193 99 21 afseende

172 1216 14 22 å
201 1218 41 20 den
265 1218 47 22 icke
335 1219 24 21 så
379 1220 61 27 ringa
455 1220 110 22 finansiela
580 1222 124 26 betydelsen
720 1222 25 20 af
759 1222 178 26 skattebeloppet,
953 1227 46 15 som

169 1246 38 27 jag
229 1248 157 21 vördsammast
408 1250 68 20 skulle
498 1250 108 26 tillstyrka
629 1252 32 19 att
683 1250 97 21 beslutet
801 1250 75 20 härom
892 1250 108 21 lemnades

172 1274 115 28 beroende,
311 1276 32 21 till
359 1277 48 21 dess
428 1277 177 23 Statsutskottets
621 1278 191 27 framställningar,
829 1284 45 15 som
890 1284 39 21 ega
944 1284 55 15 sam-

172 1304 109 27 manhang
296 1305 49 21 med
360 1305 163 27 ifrågavarande
538 1307 65 26 skatt,
614 1307 86 21 komma
709 1308 70 20 under
789 1306 107 28 pröfning.

239 1389 33 22 Hr
287 1396 41 15 von
343 1390 114 28 Wright:
486 1392 34 21 Då
542 1393 32 21 Hr
596 1393 118 22 Mechelins
738 1393 99 27 yttrande
861 1392 39 27 går
922 1394 24 20 ut
963 1393 35 26 på,

168 1419 34 20 att
225 1417 87 22 ståndet
334 1425 29 14 nu
385 1420 69 21 skulle
473 1421 86 22 besluta
573 1423 33 20 att
621 1421 47 22 icke
682 1422 35 21 till
733 1422 100 27 pröfning
847 1423 94 25 upptaga
956 1421 42 22 den

168 1446 35 21 del
218 1446 7 21 i
240 1446 153 28 betänkandet,
417 1455 33 15 om
466 1449 86 22 hvilken
565 1450 38 27 jag
617 1451 63 20 tänkt
695 1451 72 20 uttala
782 1451 49 26 mig,
852 1450 96 21 anhåller
960 1450 38 27 jag

167 1476 34 20 att
216 1475 49 22 med
281 1475 49 21 mitt
344 1477 101 26 yttrande
460 1477 22 22 få
497 1478 62 27 dröja
574 1479 33 20 till
623 1479 48 21 dess
690 1478 89 22 ståndet
797 1478 84 27 afgjort,
892 1479 106 20 huruvida

168 1504 70 21 denna
253 1503 47 22 sida
315 1503 24 22 af
353 1504 66 23 saken
433 1512 30 15 nu
477 1506 55 21 skall
548 1507 33 20 till
596 1507 100 27 pröfning
712 1509 107 25 upptagas
834 1507 52 21 eller
900 1507 53 20 icke.
