1081 1761
210 125 40 22 438
456 133 25 18 R.
494 137 18 14 0.
524 133 23 18 A.
560 133 58 18 1888.
630 133 22 17 13
661 133 61 18 Mars.

249 218 33 21 Hr
304 225 40 15 von
366 219 144 27 Knorring:
540 220 51 21 Med
613 220 122 26 anslutning
760 219 33 21 till
816 219 41 21 den
879 218 127 28 föregäende

182 247 64 21 ärade
262 247 94 22 talarens
370 247 137 28 uppfattning
522 248 23 21 af
558 248 140 21 förevarande
713 247 69 28 fräga,
797 247 39 21 ber
849 247 36 27 jag
900 249 32 20 att
947 247 7 22 i
966 247 40 22 lik-

181 275 38 21 het
234 275 47 21 med
296 276 78 21 honom
389 276 22 21 fä
426 277 88 21 förorda
528 277 100 21 ärendets
644 276 200 21 äterremitterande
852 276 33 21 till
893 276 113 21 Ekonomi-

181 303 106 21 utskottet
301 304 7 20 i
323 304 54 27 syfte
392 307 32 19 att
439 305 72 21 kunna
527 305 143 27 ävägabringa
685 306 31 20 ett
726 306 50 26 nytt
784 304 222 27 sammanjemknings-

182 332 80 26 förslag
276 332 28 27 pä
319 332 65 22 basen
399 333 23 21 af
436 334 25 21 61
478 334 64 26 penni
556 340 39 20 per
610 334 54 21 liter.
695 333 50 21 Men
760 334 7 20 i
783 332 100 22 afseende
905 333 13 21 ä
932 332 74 28 sjelfva

182 360 82 21 formen
286 360 34 22 för
342 361 36 22 det
399 362 77 25 beslut,
499 368 46 16 som
562 362 24 21 R.
604 368 18 16 o.
639 362 24 21 A.
680 362 66 27 enligt
762 362 32 21 Hr
809 362 103 26 Ramsays
927 361 79 27 förslag

182 388 84 22 komme
281 390 33 21 att
328 390 54 21 fatta
396 391 7 21 i
418 390 72 27 saken,
506 392 25 20 är
544 390 38 28 jag
596 391 46 21 icke
658 397 56 16 ense.
745 390 42 27 Jag
802 390 67 21 skulle
880 390 70 21 tilläta
964 390 42 27 mig

183 419 32 20 att
230 417 84 25 föreslå,
331 419 35 21 det
381 420 25 21 R.
422 426 19 15 o.
457 420 24 21 A.
498 419 67 22 måtte
580 421 98 20 närmare
693 419 119 22 formulera
820 419 38 21 sitt
865 419 69 21 beslut
942 418 64 27 angä-

182 447 53 21 ende
250 447 12 27 &
279 448 9 19 1
306 448 86 26 derhän,
409 450 32 19 att
456 448 86 21 skatten
557 448 63 27 utgär
635 449 48 20 med
698 449 26 20 61
742 448 64 27 penni
822 447 34 22 för
870 447 73 27 hvarje
958 447 48 21 liter

182 475 95 26 bränvin,
290 476 66 27 jemte
371 477 36 21 det
422 477 88 22 ärendet
526 477 196 21 äterremitterades
739 477 34 21 till
788 476 217 25 Ekonomiutskottet,

181 504 8 21 i
204 504 54 27 syfte
272 506 33 19 att
320 507 95 25 uppgöra
430 507 31 20 ett
476 507 48 26 nytt
539 505 303 28 sammanjemkningsförslag,
863 505 45 21 deri
922 504 84 21 Preste-

183 533 39 20 och
244 533 164 22 Bondeständen
429 534 99 27 inbjudas
550 536 32 20 att
604 534 74 21 förena
700 534 32 27 sig
756 540 35 15 om
813 533 24 22 R.
862 540 18 15 o.
899 533 36 21 A:s
950 535 56 19 samt

182 561 189 50 porkareständets
396 569 88 15 numera
510 563 78 27 jemväl
611 563 33 22 till
668 563 84 21 formen
778 561 228 22 öfverensstämmande

198 592 61 19 eslut.

250 647 32 21 Hr
296 648 23 20 L.
336 648 136 21 Mechelin:
503 649 41 27 Jag
566 648 33 22 får
614 648 32 21 till
662 655 26 14 en
704 648 77 27 början
797 647 47 22 med
861 646 143 22 tillfredsstäl-

182 676 52 20 lelse
256 676 124 22 konstatera
401 678 33 20 att
455 677 33 26 de,
510 683 47 15 som
580 678 71 20 senast
667 677 63 27 yrkat
746 676 28 27 på
790 676 139 21 hektoliterns
944 676 62 20 anta-

182 704 75 26 gande,
273 704 69 22 såsom
357 706 69 26 grund
441 706 33 21 för
490 706 176 27 skattebeloppet,
683 711 64 21 synas
763 704 95 28 frångått
868 704 68 22 denna
944 704 61 27 åsigt.

184 732 136 22 Hektolitern
335 740 49 15 vore
400 734 6 21 i
422 734 74 27 sjelfva
510 734 75 22 verket
599 741 26 15 en
647 734 113 26 opraktisk
776 734 70 27 enhet,
868 732 27 22 då
910 732 36 22 det
961 732 45 22 ofta

182 762 67 26 gäller
264 763 32 19 att
310 762 92 22 uträkna
417 763 85 21 skatten
517 770 39 20 per
570 763 54 21 liter.
648 763 62 21 Hvad
726 762 48 22 åter
784 762 132 21 vidkommer
925 760 80 27 frågan,

182 790 105 21 huruvida
309 797 25 15 en
358 791 128 27 afrundning
507 792 66 27 uppåt
595 792 23 21 af
631 791 175 27 skattebeloppet
821 790 55 22 skall
890 789 115 27 medgifvas

182 819 35 21 vid
232 819 60 21 detta
307 820 88 26 tillfälle,
412 820 28 21 då
455 820 35 21 det
505 820 45 26 gält
566 822 32 19 att
613 820 33 22 till
660 820 106 21 metriska
784 820 101 26 systemet
901 818 104 22 öfverföra

183 847 184 27 bestämningarne
382 849 8 20 i
405 848 260 27 bränvinsförfattningen,
681 854 63 22 synes
760 848 50 26 mig,
824 849 33 20 att
872 847 73 21 starka
960 847 46 21 skäl

182 876 45 21 tala
249 876 33 21 för
304 878 32 20 att
358 878 48 20 med
428 878 156 26 godkännande
602 878 23 20 af
639 878 40 20 den
695 878 49 20 nåd.
760 882 60 22 prop.
837 876 39 21 och
890 876 115 20 utskottets

182 905 149 27 ursprungliga
353 906 134 21 betänkande
509 908 79 25 antaga
603 906 27 21 65
645 912 20 20 p.
681 912 39 20 per
736 906 55 20 liter.
821 905 42 21 Det
878 904 39 21 har
930 904 75 22 visser-

182 933 56 27 ligen
253 934 116 26 anmärkts,
386 936 32 20 att
434 935 121 26 derigenom
570 941 26 15 en
610 934 122 27 förhöjning
743 940 51 21 eger
804 940 57 19 rum;
876 932 24 22 så
908 934 24 20 är
939 932 66 26 fallet,

182 968 48 15 men
253 962 37 21 det
312 964 24 20 är
358 963 89 21 alldeles
469 963 46 21 icke
537 964 107 26 likgiltigt,
667 962 107 22 huruvida
792 968 26 15 en
833 961 135 22 skatteenhet
982 962 24 20 är

182 990 71 21 hållen
268 991 7 21 i
290 991 64 21 rundt
370 992 52 21 eller
437 992 109 27 olämpligt
560 992 37 21 tal.
628 992 28 21 Så
670 992 46 21 vidt
732 991 84 27 möjligt
833 990 39 21 bör
887 996 49 15 man
950 989 56 27 välja

183 1018 80 22 sådana
285 1020 31 20 tal
338 1026 44 15 som
398 1020 90 22 afslutas
503 1021 49 21 med
566 1022 14 20 O
595 1020 51 22 eller
662 1022 19 20 5.
712 1020 52 21 Man
786 1020 40 20 bör
847 1018 99 26 undvika,
968 1018 38 21 der

182 1047 25 21 sä
221 1048 42 20 kan
278 1048 44 26 ske,
338 1050 32 20 att
384 1049 72 21 säsom
470 1049 156 27 multiplikator
640 1049 7 21 i
665 1048 73 28 dylika
761 1048 38 21 fall
814 1049 57 19 sätta
885 1048 31 20 ett
932 1046 76 22 sädant

182 1076 37 24 tal,
242 1082 45 16 som
310 1077 36 21 det
370 1084 28 14 nu
420 1077 122 27 föreslagna
558 1078 32 20 61.
620 1078 48 21 Den
687 1076 187 27 omständigheten
888 1081 50 15 vore
954 1075 54 21 dock

181 1104 47 22 icke
244 1104 24 21 af
281 1105 113 27 tillräcklig
409 1106 45 27 vigt
469 1108 33 19 att
516 1113 72 15 ensam
603 1106 52 22 fälla
670 1106 101 26 utslaget,
790 1105 72 21 derest
876 1103 69 27 nägon
960 1110 48 21 syn-

182 1133 68 27 nerlig
273 1134 52 21 eller
343 1135 118 21 nämnvärd
484 1135 113 26 olägenhet
618 1135 71 21 kunde
704 1134 112 22 förväntas
831 1133 24 21 af
868 1132 40 22 den
922 1132 46 22 icke
984 1132 24 22 sä

182 1161 108 28 betydliga
304 1162 129 27 förhöjning,
457 1170 45 14 som
518 1164 68 20 skulle
608 1163 87 21 inträffa
716 1168 79 21 genom
812 1164 32 19 att
858 1161 50 26 höja
922 1161 86 20 skatten

182 1190 34 21 till
238 1191 26 20 65
287 1191 68 26 penni
386 1191 51 21 Men
458 1191 34 22 för
514 1192 42 21 mio
580 1192 34 21 del
635 1191 42 22 kan
690 1191 38 27 jag
742 1191 49 21 icke
806 1191 40 24 tro,
862 1191 32 19 att
909 1195 26 15 en
951 1189 57 26 dylik

182 1217 77 28 lindrig
282 1219 93 28 stegring
397 1220 24 21 af
441 1220 86 21 skatten
549 1220 68 21 skulle
635 1219 97 22 medföra
748 1219 71 26 nägon
834 1217 115 22 nämnvärd
964 1217 44 21 olä-

182 1247 84 27 genhet.
296 1247 42 22 Det
352 1249 26 20 är
394 1250 55 24 sant,
465 1250 33 20 att
513 1249 67 21 under
595 1249 73 26 loppet
683 1248 23 21 af
720 1248 58 21 1887
800 1247 56 21 vissa
871 1246 45 27 slag
930 1245 23 22 af
966 1245 42 22 för-

182 1275 106 28 brytelser
302 1279 44 18 mot
361 1277 253 27 bränvinsförfattningen
636 1277 55 21 visat
706 1277 72 26 någon
793 1275 92 26 tillväxt;
908 1274 100 21 särskildt

182 1304 40 21 har
237 1305 183 27 lönnbränningen
436 1306 78 27 begynt
535 1306 132 21 förekomma
686 1305 68 27 något
769 1310 46 15 mer
830 1306 27 19 än
871 1303 68 21 under
953 1303 55 21 före-

181 1332 82 27 gående
286 1333 30 26 år,
339 1333 129 22 åtminstone
490 1335 7 20 i
519 1340 39 21 par
573 1334 52 21 eller
640 1336 32 19 tre
687 1334 24 21 af
724 1333 86 22 landets
824 1333 41 20 län.
895 1331 50 22 Men
960 1338 48 15 man

182 1361 42 21 kan
239 1361 46 22 icke
300 1363 49 21 med
364 1362 36 28 fog
415 1365 51 25 säga
481 1365 32 19 att
528 1363 41 21 den
584 1362 203 28 skatteförhöjning,
810 1368 46 14 som
874 1360 36 22 vid
925 1361 83 21 senaste

182 1390 102 27 landtdag
298 1391 88 25 beslöts,
402 1392 69 21 skulle
487 1398 51 15 vara
553 1392 40 21 den
608 1392 107 26 egentliga
732 1390 94 22 orsaken
838 1389 78 22 dertill.
945 1388 63 22 Orsa-

181 1418 43 21 ken
245 1419 61 21 torde
328 1426 88 16 snarare
439 1420 56 27 ligga
517 1421 7 21 i
539 1420 41 21 den
595 1422 87 25 stränga
697 1418 185 28 reglementering,
906 1423 46 15 som
966 1416 43 22 för-

182 1446 74 22 svärar
277 1447 154 28 försäljningen
453 1448 40 21 och
515 1450 136 25 transporten
673 1448 24 21 af
716 1448 94 21 bränvin
832 1446 28 27 pä
875 1446 73 21 landet
962 1445 46 25 och,

181 1476 49 21 med
252 1477 32 20 ett
306 1476 46 25 ord,
375 1476 122 22 åtkomsten
519 1477 65 21 deraf.
614 1476 40 21 Om
677 1477 89 21 skatten
787 1475 129 21 bestämmes
934 1473 32 22 till
982 1474 26 21 65

181 1505 64 25 penni
260 1505 7 20 i
282 1505 72 21 stället
369 1505 35 21 för
418 1505 34 22 till
467 1506 33 25 61,
516 1505 42 22 kan
573 1511 50 15 man
637 1505 108 26 svärligen
760 1504 65 21 hafva
840 1503 46 22 skäl
896 1504 33 19 att
935 1501 74 22 befara

182 1534 32 20 att
229 1533 71 28 nägon
314 1533 82 27 verklig
411 1534 113 27 anledning
540 1534 121 26 derigenom
676 1533 72 22 skulle
763 1533 69 26 gifvas
841 1531 33 22 till
885 1531 55 21 ökad
949 1531 60 22 lönn-
