1078 1750
207 137 41 20 224
462 143 24 17 R.
500 148 17 13 o.
531 144 21 16 A.
567 144 58 17 1888.
643 144 11 17 7
666 144 59 17 Febr.

178 228 45 22 icke
238 234 42 21 nog
295 228 51 28 högt
361 228 129 28 uppskattas.
514 230 46 20 Den
572 229 55 21 skall
641 229 81 27 ingjuta
734 230 47 27 nytt
792 228 24 22 lif
830 228 2 22 i
844 229 39 21 den
894 228 111 22 inländska

179 256 90 22 handeln
291 263 75 21 genom
389 259 32 20 att
434 258 103 21 förmedla
551 258 84 26 utbytet
650 258 22 21 af
686 258 119 27 produkter
821 257 40 22 och
876 257 129 22 tillverknin-

179 291 38 21 gar
231 285 90 22 emellan
337 286 26 21 de
377 286 88 27 bördiga
482 286 107 28 bygderna
605 286 34 21 vid
654 286 124 22 vestkusten
793 286 13 21 &
822 292 39 15 ena
876 286 59 21 sidan
950 287 55 20 samt

179 313 99 25 Karelen,
295 314 101 22 Savolaks
411 315 39 21 och
466 315 36 21 det
517 315 100 27 skogrika
632 322 64 14 norra
711 314 131 22 Tavastland
857 315 12 21 ä
881 314 39 22 den
931 314 73 22 andra.

179 342 48 21 Den
242 342 54 21 skall
312 342 101 27 derjemte
427 343 78 22 bereda
520 343 108 22 mellersta
644 344 39 21 och
699 344 127 21 nordvestra
842 343 101 21 Finlands
953 343 51 21 han-

179 370 108 22 delsvaror
301 377 26 15 en
342 370 88 28 begväm
446 372 40 22 och
501 372 59 27 billig
575 374 109 26 transport
698 372 32 21 till
746 372 115 27 Rysslands
877 372 127 21 hufvudstad

179 398 38 22 och
234 399 120 27 derigenom
369 406 25 15 en
411 400 53 22 ökad
480 400 115 27 afsättning
609 402 28 26 pä
652 401 69 21 denna
737 403 41 19 ort.

247 428 38 21 Ett
307 428 131 28 vidlyftigare
454 430 94 20 ordande
564 436 34 14 om
615 432 74 25 nyttan
705 429 22 21 af
741 436 27 14 en
780 429 95 27 jernväg,
892 429 62 21 hvars
969 428 34 22 be-

180 456 80 28 tydelse
275 459 74 25 regent
364 458 38 21 och
418 458 85 21 ständer
518 458 83 26 erkänt,
616 458 62 21 torde
693 458 47 21 icke
756 464 51 15 vara
823 457 23 21 af
858 457 75 21 nöden.
955 456 48 22 Med

179 485 47 21 stöd
249 484 23 22 af
290 486 36 20 det
340 486 65 26 sagda
420 487 63 26 vägar
495 487 37 26 jag
548 486 107 22 vördsamt
670 486 86 22 anhälla
772 489 33 18 att
820 485 119 27 Höglofliga
953 485 50 22 Rid-

180 514 112 49 derskapet
315 514 38 21 och
375 514 67 22 Adeln
466 515 48 21 ville
537 515 113 21 medverka
672 515 33 21 till
724 522 26 14 en
767 514 131 27 underdånig
910 515 92 27 petition

194 548 57 15 erom

383 574 32 19 att
429 572 63 27 nädig
506 572 132 28 proposition
653 579 35 15 om
704 572 112 27 byggande
832 572 22 21 af
863 578 25 15 en
899 578 103 15 samman-

315 600 167 27 bindningsbana
504 601 46 22 från
574 601 55 22 Vasa
649 601 90 27 jernväg
762 600 59 21 öfver
843 600 113 27 Jyväskylä
971 599 32 22 till

315 629 100 22 Savolaks
426 629 68 22 banan
502 631 66 20 mätte
579 629 117 28 föreläggas
707 629 178 22 nästkommande
895 629 106 26 landtdag.

714 681 27 21 W.
762 680 171 27 Tavaststjerna.

246 777 143 21 Petitionären
412 777 73 27 gjorde
507 777 71 22 härtill
601 780 56 19 ännu
679 777 95 28 följande
796 777 149 22 meddelande:
962 777 40 27 Jag

179 805 37 21 ber
238 805 21 21 fä
281 805 93 28 tillägga,
397 808 32 19 att
452 806 35 21 det
510 808 24 19 är
555 807 28 26 pä
598 807 130 26 uppmaning
744 805 23 22 af
781 806 77 27 mänga
872 806 7 21 i
894 805 108 22 mellersta

179 833 89 22 Finland
283 834 84 21 bosatta
382 834 39 21 och
436 838 48 18 med
499 835 205 21 ortsförhällandena
716 835 112 21 derstädes
839 834 108 27 förtrogna
957 840 46 21 per-

179 868 68 20 soner,
270 869 45 15 som
335 863 38 26 jag
395 865 59 25 tager
476 864 42 26 mig
540 863 90 22 friheten
645 864 71 21 vända
731 863 44 27 mig
790 863 32 21 till
837 863 24 21 R.
878 869 18 15 o.
913 863 25 22 A.
955 863 47 21 med

179 891 59 21 detta
253 891 184 27 petitionsförslag.
462 892 40 27 Jag
517 892 39 21 har
571 893 23 20 sä
610 892 84 27 mycket
709 891 69 22 hellre
793 891 57 22 velat
865 891 138 22 efterkomma

179 919 60 21 dessa
262 920 158 27 uppmaningar,
442 927 46 15 som
508 921 36 26 jag
559 921 32 20 för
606 921 42 20 min
665 920 33 22 del
714 926 70 18 anser,
800 922 32 19 att
848 920 35 21 det
898 921 45 20 inre
958 919 43 22 lan-

179 947 45 22 dets
240 948 105 21 ästundan
361 955 33 15 om
411 955 25 14 en
452 949 264 26 sammanbindningsbana
732 951 26 19 är
772 948 120 27 berättigad
907 948 39 22 och
962 947 41 22 för-

178 976 53 27 tjent
253 976 23 21 af
296 977 124 21 ständernas
442 977 104 22 särskilda
568 977 196 28 uppmärksamhet.
796 977 102 26 Slutligen
916 977 38 21 ber
967 977 36 27 jag

178 1006 32 19 att
225 1005 36 21 det
275 1005 112 28 höglofliga
401 1006 85 21 ständet
500 1006 48 21 ville
563 1005 76 28 bevilja
650 1005 145 22 memorialets
805 1005 73 22 remiss
889 1005 32 22 till
931 1005 72 22 veder-

179 1032 93 23 börande
287 1034 97 21 uttskott.

335 1165 82 30 Jernväg
433 1165 78 25 emellan
527 1165 116 31 Björneborg
659 1167 35 23 och
711 1166 136 24 Tammerfors.

246 1228 29 21 Af
284 1228 32 22 Hr
327 1228 22 22 C.
358 1229 24 21 F.
394 1229 92 22 Munck
496 1230 109 26 upplästes
614 1232 32 20 ett
654 1230 120 28 sälydande
782 1228 220 28 petitionsmemorial:

245 1273 122 28 Höglofliga
381 1274 133 28 Ridderskap
530 1276 39 20 och
584 1276 66 21 Adel!

245 1314 75 21 Redan
333 1314 61 28 länge
409 1315 40 21 har
463 1315 74 27 frägan
550 1322 33 14 om
595 1322 26 15 en
629 1316 99 27 jernväg,
740 1321 47 15 som
798 1314 68 22 skulle
876 1314 127 27 genomlöpa

177 1343 81 20 största
273 1343 61 21 delen
349 1343 24 21 af
386 1344 127 26 landskapet
536 1360 5 8 ,
542 1344 150 26 Satakunta",
709 1344 21 21 d.
748 1350 20 14 v.
784 1350 17 15 s.
817 1343 110 27 sydvestra
942 1342 61 21 delen

176 1369 24 21 af
213 1370 97 27 Finland,
333 1372 56 22 varit
403 1372 28 26 pä
446 1372 165 28 dagordningen,
627 1375 52 19 utan
694 1375 35 19 att
746 1372 64 21 hafva
825 1372 75 21 vunnit
915 1371 31 21 sin
962 1371 41 21 lös-

176 1398 57 27 ning.
283 1406 10 14 Är
318 1401 53 21 1872
395 1400 45 22 blef
458 1407 25 15 en
496 1401 150 27 jernvägslinje
661 1401 131 27 uppgängen
810 1400 78 22 mellan
903 1400 100 21 städerna

176 1426 134 29 Björneborg
325 1429 40 21 och
381 1429 147 27 Tammerfors,
546 1430 38 20 och
599 1431 34 20 vid
650 1436 83 15 samma
744 1429 40 21 och
798 1430 53 20 1877
863 1428 61 21 årens
935 1428 68 21 landt-

177 1456 66 26 dagar
266 1457 166 25 petitionerades
456 1464 32 15 om
512 1458 130 22 Ständernas
657 1458 122 22 understöd
794 1458 34 20 för
843 1456 90 22 nämnde
947 1456 56 27 jern-

175 1486 52 25 vägs
242 1484 110 28 byggande
368 1486 23 20 af
405 1488 75 24 staten,
496 1493 48 15 men
559 1493 55 15 vann
629 1487 47 21 icke
692 1486 70 26 bifall,
781 1486 90 21 emedan
882 1485 68 21 andra
960 1485 43 27 vig-

175 1512 68 28 tigare
260 1514 94 21 ansedda
366 1514 248 28 jernvägssträckningar
625 1516 141 21 tillerkändes
777 1514 114 22 företräde.
907 1508 31 27 Är
949 1514 54 20 1882

176 1541 35 22 års
228 1542 92 22 Ständer
335 1542 106 28 föreslogo
457 1544 39 21 och
512 1544 58 20 Hans
586 1544 119 27 Kejserliga
721 1543 103 27 Majestät
839 1542 60 22 biföll
914 1548 26 16 en
955 1542 49 22 sub-
