1078 1775
210 127 41 23 268
455 136 25 18 R.
494 142 17 12 o.
523 138 22 16 A.
559 138 58 17 1888.
630 139 23 17 14
661 138 59 18 Febr.

418 303 166 29 Vattenledningar
599 304 35 23 och
649 305 119 23 vattenverk.

247 357 119 29 Föredrogs

247 409 20 16 n.
290 410 59 21 prop.
372 405 39 22 N:o
434 406 29 21 30
485 413 34 14 om
542 407 74 26 tillägg
631 407 32 21 till
677 407 153 26 förordningen
845 407 41 21 den
901 407 26 21 23
943 407 59 21 Mars

179 431 55 22 1868
249 432 108 27 angäende
371 435 185 26 vattenledningar
571 436 40 21 och
626 436 133 21 vattenverk.

245 489 32 22 Pä
292 490 93 27 begäran
400 491 108 22 lemnades
523 493 62 21 ordet
600 493 23 21 ät

245 529 56 22 Frih.
319 531 94 22 Wrede
429 539 45 15 som
489 533 96 26 yttrade:
615 533 41 27 Jag
671 533 68 27 vågar
753 533 111 21 vördsamt
880 532 120 26 hemställa,

176 557 105 23 huruvida
296 559 46 22 icke
358 560 68 21 denna
442 567 59 21 prop.
517 561 70 22 kunde
603 562 121 21 remitteras
740 562 33 21 till
781 561 217 22 Ekonomiutskottet.

176 585 43 22 Det
240 588 25 20 är
286 588 52 22 visst
362 591 47 20 sant
425 592 32 19 att
481 590 32 22 uti
542 597 59 21 prop.
627 590 73 28 frågor
732 590 24 22 af
779 590 133 27 civilrättslig
936 591 64 20 natur

176 614 93 28 beröras,
287 622 48 16 men
351 618 60 21 detta
425 620 24 20 är
464 625 29 15 nu
509 619 63 21 ocksä
587 619 60 21 fallet
662 620 49 20 med
726 619 110 26 &tskilliga
850 619 67 21 andra
931 625 67 21 prop.,

176 648 45 16 som
236 644 35 21 vid
294 646 68 21 denna
377 646 102 28 landtdag
497 648 68 21 blifvit
580 648 136 22 remitterade
732 648 34 22 till
781 648 216 24 Ekonomiutskottet,

175 671 81 23 hvilket
279 673 47 22 åter
348 676 24 20 är
394 682 26 14 en
442 677 93 26 naturlig
556 676 53 28 följd
625 677 61 21 deraf
699 679 33 19 att
747 676 66 27 något
828 676 100 22 särskildt
943 676 55 26 Lag-

175 700 40 21 och
230 701 188 24 Ekonomiutskott
439 711 30 15 nu
491 705 46 21 icke
559 707 25 19 är
599 706 83 21 tillsatt.
712 706 42 20 Till
769 705 51 21 vida
835 707 79 24 vägnar
928 704 70 33 öfver-

174 730 96 26 vägande
286 731 34 21 del
334 732 89 22 hänföra
440 734 33 26 sig
496 734 184 27 bestämningarne
696 734 7 21 i
718 734 71 21 denna
812 740 60 20 prop.
895 733 53 21 dock
963 732 34 22 till

174 756 246 31 förvaltningsåtgärder,
444 762 40 21 och
507 768 61 21 synes
591 763 36 21 det
645 763 44 26 mig
704 762 87 22 derföre
806 768 52 15 vara
872 762 125 26 lämpligare

174 787 33 20 att
228 793 67 21 prop.,
319 788 68 22 såsom
410 790 176 28 hufvudsakligen
609 791 133 21 hänförande
757 791 32 26 sig
804 791 33 21 till
852 790 96 22 området
962 790 35 21 för

174 814 221 25 Ekonomiutskottets
409 819 142 26 verksamhet,
568 820 68 21 skulle
651 820 129 27 hänskjutas
795 820 33 20 till
844 819 122 21 detsamma.

244 873 57 21 Frih.
324 880 41 15 von
386 875 79 22 Born:
496 876 95 22 Emedan
613 877 26 21 de
654 877 39 21 här
708 877 124 26 föreslagna
847 876 148 26 förvaltnings-

173 900 128 27 åtgärderna
316 909 63 20 synas
393 904 43 27 mig
451 911 52 14 vara
518 905 80 26 egnade
613 907 33 20 att
660 905 28 27 på
704 907 32 20 ett
751 905 108 21 måhända
877 904 118 27 betänkligt

172 930 44 20 sätt
237 929 84 28 ingripa
342 931 7 21 i
371 933 68 26 tredje
458 939 59 15 mans
531 934 79 27 lagliga
626 935 50 24 rätt,
700 934 24 21 så
750 933 69 22 skulle
832 934 37 27 jag
883 933 7 21 i
904 934 91 20 motsats

172 957 32 21 till
220 957 40 22 den
276 959 52 21 sista
343 961 64 21 ärade
422 962 89 26 talaren,
526 961 79 22 föreslå
620 963 76 20 remiss
711 963 34 21 till
760 962 158 27 Lagutskottet,

239 1014 40 22 Till
295 1016 130 23 besvarande
440 1018 156 22 öfverlemnade
611 1019 32 21 Hr
658 1019 208 22 Landtmarskalken
887 1018 52 21 härå
953 1017 41 22 föl-

168 1042 64 27 jande
248 1045 284 28 omröstningsproposition:

238 1071 53 28 Den,
314 1079 45 16 som
382 1075 37 21 vill
441 1076 110 21 remittera
573 1083 19 14 n.
611 1083 60 20 prop.
688 1076 40 21 N:o
746 1076 27 21 30
789 1075 32 22 till
836 1075 157 27 Lagutskottet,

170 1101 71 20 röstar
253 1101 29 26 ja,

237 1129 74 22 vinner
325 1131 41 26 nej,
382 1132 121 21 remitteras
517 1139 60 21 prop.
593 1133 32 21 till
640 1133 221 21 Ekonomiutskottet.
966 1161 4 3 N

239 1157 44 22 Och
299 1165 45 15 som
359 1159 69 22 denna
442 1162 131 26 proposition
589 1162 128 21 besvarades
732 1161 50 21 med
798 1161 152 27 öfvervägande
962 1167 30 21 ja,

168 1191 38 15 var
220 1186 138 23 förenämnda
373 1195 19 14 n.
409 1196 61 20 prop.
485 1191 124 21 remitterad
624 1190 33 22 till
672 1190 161 27 Lagutskottet.

448 1321 103 30 Skyddslag
566 1322 31 24 för
611 1322 98 24 arbetare.

233 1375 120 29 Föredrogs

233 1426 20 15 n.
275 1428 59 21 prop.
358 1424 41 21 N:o
422 1425 25 21 31
471 1424 108 28 angående
601 1426 67 27 skydd
691 1424 37 22 för
746 1424 99 22 arbetare
865 1424 7 21 i
888 1423 25 22 de
927 1423 62 21 indu-

164 1448 73 22 striela
253 1450 86 26 yrkena.

231 1507 32 20 Hr
285 1513 40 15 von
349 1508 105 27 Wright
475 1510 66 21 utbad
559 1510 32 27 sig
606 1511 61 21 ordet
682 1510 43 22 och
740 1509 96 28 yttrade:
866 1508 120 33 Händelsen

161 1533 40 22 har
215 1535 60 27 fogat
290 1537 33 20 att
335 1535 38 29 jag
387 1537 90 22 kommit
492 1540 32 20 att
538 1539 49 21 leda
602 1538 193 28 förhandlingarna
810 1538 57 21 inom
882 1537 26 22 de
918 1537 68 21 komi-
