1078 1770
216 135 42 21 282
462 144 26 17 R.
500 149 19 12 o.
532 144 24 17 A.
566 144 57 18 1888.
637 145 23 17 18
668 145 60 17 Febr.

188 232 64 16 vasar
266 227 7 21 i
289 227 48 22 dess
351 235 64 15 norra
430 229 35 22 del
480 237 54 14 vara
550 230 7 21 i
572 230 68 27 någon
655 231 49 21 mån
714 231 105 28 angripna
827 230 23 22 af
859 232 54 25 röta,
924 230 87 22 hvarför

189 255 31 26 de,
243 255 34 22 för
298 258 34 19 att
353 257 115 22 tillsvidare
492 259 118 27 förebygga
632 265 26 16 en
680 266 61 15 mera
761 259 99 22 kostsam
882 260 128 27 reparation,

188 286 105 19 armerats
316 285 48 22 med
378 287 97 26 plankor,
491 287 102 28 bärbjelk
607 288 38 21 och
660 289 122 26 ankarjern,
797 287 66 28 jemte
879 288 36 22 det
929 289 82 21 takstö-

190 312 40 21 den
245 312 121 23 förstärkts.

256 341 72 27 Enligt
342 342 244 24 Riddarhusutskottets
599 345 23 21 af
634 345 25 22 R.
675 352 20 15 o.
706 345 25 22 A.
742 345 116 28 godkända
867 345 79 27 förslag
956 345 54 22 hade

187 368 159 28 kakelugnarne
361 371 7 21 i
383 372 26 21 de
425 373 32 20 till
472 373 62 22 arkiv
550 373 101 27 upplätna
666 381 97 14 rummen
778 374 33 21 uti
821 373 69 28 tredje
901 373 109 28 väningen,

187 397 33 21 till
235 397 173 25 förekommande
424 401 23 21 af
460 401 92 28 eldfara,
568 402 47 21 bort
629 403 68 21 förses
713 403 48 21 med
771 402 85 27 plätrör
866 403 6 20 i
884 403 126 26 rökloppen;

188 425 27 22 dä
237 433 81 15 samma
340 428 133 28 kakelugnar
490 431 120 21 emellertid
625 431 110 21 allaredan
751 437 52 15 voro
819 437 65 21 svaga
899 431 39 21 och
953 431 36 21 det
1003 432 7 20 i

187 453 74 29 hvarje
276 456 100 23 händelse
392 458 56 22 inom
463 458 50 22 kort
529 459 69 21 blifvit
612 460 74 26 nödigt
701 462 33 18 att
749 460 82 20 ersätta
847 460 47 21 dem
904 459 47 21 med
962 465 47 21 nya,

187 483 64 22 hafva
273 484 27 22 de
322 486 106 27 nedtagits
450 488 40 20 och
514 487 50 22 äter
583 488 94 27 uppförts
695 489 49 21 med
760 488 67 21 delvis
843 495 41 20 nya
899 488 111 26 tillbehör;

187 512 68 22 likasä
278 513 63 22 hafva
363 515 136 22 eldstäderna
522 517 34 21 uti
578 517 34 21 det
634 518 63 20 södra
713 518 24 21 af
749 517 27 21 de
792 518 45 20 mot
852 517 158 27 Riddaregatan

186 540 91 28 belägna
292 549 96 16 rummen
402 544 31 21 uti
448 544 186 28 hufvudväningen
649 546 109 21 äfvensom
774 546 32 20 uti
819 546 67 21 nedra
896 545 114 27 väningens

187 570 110 26 sydvestra
319 572 101 22 hörnrum
442 574 115 21 nedrifvits
582 574 37 21 och
642 574 54 27 ånyo
712 575 134 27 uppmurats,
862 574 41 21 den
925 574 57 22 förra
997 574 13 22 å

187 598 103 28 underlag
305 600 23 30 af
342 600 186 29 jernvägsskenor.

255 628 41 21 Till
318 629 52 27 följd
392 630 23 21 af
429 630 24 22 R.
470 637 18 15 o.
505 631 40 22 A:s
561 631 67 22 beslut
643 632 39 21 har
697 634 32 19 ett
745 631 120 28 afloppsrör
880 630 34 22 för
928 631 81 22 bortle-

187 656 69 21 dande
278 657 24 22 af
322 658 120 28 begagnadt
465 661 76 20 vatten
563 661 63 21 redan
646 661 69 21 under
733 666 122 16 sommaren
872 661 53 20 1885
941 660 68 21 blifvit

186 685 88 26 anlagdt
289 687 89 21 emellan
393 688 139 21 riddarhuset
549 689 37 21 och
601 689 181 27 kloakledningen
792 689 68 21 under
870 689 138 21 Alexanders-

185 715 71 25 gatan,
279 714 117 28 hvarjemte
418 717 7 20 i
444 717 154 28 sammanhang
619 718 85 21 dermed
728 718 79 26 nödiga
829 717 180 28 begvämligheter

186 742 101 22 inrättats
302 745 31 20 uti
348 745 112 22 tamburen
474 746 61 21 invid
551 746 34 21 det
599 747 122 21 nuvarande
738 746 168 21 kanslirummet.

254 771 64 22 Utom
339 773 157 22 ofvannämnda
512 775 88 21 arbeten
616 775 38 21 har
670 775 148 26 Direktionen,
834 775 47 21 med
896 774 112 27 anledning

184 798 25 21 af
217 799 149 28 Magistratens
381 802 143 22 Direktionen
540 803 91 27 delgifna
644 804 77 26 beslut,
738 803 50 22 lätit
803 804 97 26 omlägga
911 803 39 21 och
960 804 48 21 med

184 833 29 22 ny
227 830 88 20 trottoir
329 830 23 21 af
365 831 64 21 asfalt
444 832 58 21 förse
519 832 42 21 den
576 833 32 20 del
623 833 23 21 af
658 833 206 26 Alexandersgatan,
883 832 75 21 hvaraf
971 839 37 14 un-

185 856 105 23 derhället
312 858 79 28 äligger
414 860 146 25 riddarhuset,
574 861 107 22 äfvensom
696 861 130 26 nödtorftigt
841 866 99 20 reparera
954 862 54 20 trot-

184 885 69 21 toiren
271 886 59 28 längs
352 888 167 27 Riddaregatan,
540 889 113 27 hvarjemte
669 889 13 21 &
697 889 149 22 riddarhusets
861 888 92 28 balkong
968 889 40 21 den

184 914 72 26 gamla
268 914 120 28 jernpläten
404 916 118 28 borttagits
539 918 37 20 och
587 920 77 20 ersatts
679 919 48 21 med
744 918 70 21 asfalt.
846 917 102 27 Slutligen
963 917 43 26 har,

184 944 52 19 enär
258 949 25 15 en
306 944 144 28 förstärkning
465 946 24 21 af
503 946 75 21 stöden
592 947 67 21 under
675 946 178 22 riddarhussalen
867 948 81 19 ansetts
966 946 42 21 väl-

185 970 95 28 betänkt,
300 978 25 15 en
347 974 72 26 pelare
434 974 7 21 i
457 974 81 22 sådant
553 975 50 26 syfte
619 978 126 24 uppmurats
757 975 7 20 i
775 975 97 21 källaren
887 975 68 21 under
973 974 37 22 det

184 1001 96 20 närmast
291 1002 57 20 öster
363 1008 34 16 om
413 1003 65 21 nedre
494 1003 119 22 vestibulen
628 1004 91 27 belägna
734 1005 100 19 rummet.

253 1028 51 22 Med
319 1031 114 27 anledning
448 1032 23 21 af
484 1032 40 21 det
540 1034 70 19 natten
621 1034 44 20 mot
676 1033 41 21 den
728 1033 27 20 21
768 1032 143 21 innevarande
921 1032 88 21 Januari

185 1056 80 22 timade
288 1058 76 22 tillbud
386 1060 34 21 till
440 1060 106 22 eldsvåda
565 1061 6 21 i
592 1060 249 28 riddarhusbyggnaden,
863 1060 80 21 hvilket
966 1060 43 21 till

183 1084 44 22 bud
249 1085 133 24 förorsakats
404 1088 62 22 deraf
487 1091 35 19 att
542 1096 23 14 en
588 1091 95 20 närmast
709 1089 101 22 ofvanom
836 1089 92 21 hvalfvet
951 1088 57 22 öfver

184 1113 40 21 den
239 1114 7 21 i
262 1114 63 22 huset
347 1116 108 22 inrättade
478 1118 129 21 kaloriferen
625 1118 90 27 belägen
730 1118 73 26 bjelke
819 1118 32 21 till
866 1117 52 27 följd
932 1117 24 21 af
968 1118 41 21 den

182 1142 48 21 från
245 1143 172 29 kaloriferugnen
432 1152 80 20 genom
530 1147 88 21 hvalfvet
634 1147 137 21 utsträlande
782 1148 86 19 värmen
880 1146 78 27 begynt
967 1146 42 21 för-

182 1170 71 28 kolua,
269 1172 63 22 hafva
346 1180 76 20 genom
438 1175 150 21 Direktionens
599 1175 84 27 försorg
693 1175 96 27 följande
801 1174 100 27 åtgärder
912 1175 31 21 till
954 1174 54 21 före-

182 1198 128 24 kommande
320 1201 23 21 af
350 1202 72 22 vidare
430 1203 86 21 eldfara
524 1204 7 20 i
540 1204 131 21 riddarhuset
680 1204 111 26 vidtagits,
799 1204 117 25 nämligen:
931 1203 78 21 kalori-

182 1226 136 24 ferrummets
329 1230 59 22 hvalf
397 1231 39 21 har
444 1232 112 26 invändigt
563 1234 91 25 rappats,
662 1232 67 28 jemte
738 1232 38 21 det
785 1232 48 21 dess
842 1231 44 21 öfre
894 1231 34 21 del
936 1230 72 28 pämu-

182 1258 44 20 rats
243 1260 31 19 ett
286 1258 63 21 hvarf
358 1260 63 26 tegel.
442 1260 32 21 De
486 1260 30 27 pä
527 1261 56 21 detta
594 1261 59 21 hvalf
663 1260 136 22 omedelbart
809 1260 98 21 hvilande
918 1261 90 20 trärust-

181 1285 83 27 ningar,
288 1293 44 15 som
348 1287 85 23 bildade
448 1289 107 27 underlag
569 1289 32 21 till
616 1290 40 20 den
672 1290 62 26 längs
751 1291 60 19 östra
827 1290 79 25 väggen
922 1288 6 20 i
943 1288 65 22 nedra

181 1314 118 27 vestibylen
307 1316 106 26 uppförda
429 1319 87 25 trappa,
532 1317 60 22 hafva
606 1318 69 21 blifvit
690 1318 119 26 borttagna
820 1317 39 21 och
870 1318 80 19 ersatta
960 1317 48 21 med

181 1342 106 26 tegelmur
310 1344 70 21 säsom
404 1346 48 21 stöd
475 1346 36 21 för
535 1347 95 26 trappan;
654 1348 141 25 trappstegen
817 1346 28 21 ha
859 1345 87 21 försetts
960 1345 48 22 med

182 1371 125 27 öppningar,
331 1373 137 28 hvarigenom
494 1374 166 22 luftcirkulation
680 1374 99 27 ständigt
794 1381 51 20 eger
860 1379 46 16 rum
922 1374 38 21 och
975 1373 33 22 sä-

181 1398 59 22 ledes
262 1400 79 22 luftens
359 1404 136 26 temperatur
511 1403 65 21 under
591 1405 90 26 trappan
697 1403 92 21 hindras
805 1405 32 19 att
852 1402 55 27 stiga
922 1408 44 15 mer
981 1404 27 20 än

181 1427 119 28 obetydligt
315 1429 59 22 öfver
389 1433 162 25 temperaturen
564 1432 7 21 i
585 1433 129 26 vestibylen;
737 1432 44 20 alla
797 1432 60 20 delar
870 1431 24 21 af
906 1432 47 20 sten
968 1431 39 21 och

178 1455 55 27 jern,
250 1463 46 15 som
312 1458 55 21 varit
382 1460 102 25 skadade,
497 1460 63 21 hafva
573 1463 128 24 reparerats,
713 1460 117 21 hvarutom
845 1459 91 21 särskild
951 1460 55 20 natt-

180 1484 52 22 vakt
246 1485 8 21 i
269 1486 138 22 riddarhuset
422 1488 120 22 tillsvidare
556 1490 99 25 anstälts;
675 1490 42 20 och
733 1489 70 25 torde,
815 1488 65 27 enligt
890 1488 117 27 sakkunnig

180 1519 89 21 persons
292 1514 118 28 utlåtande,
433 1517 130 22 kaloriferen
584 1518 48 21 med
655 1517 114 27 sorgfällig
792 1517 85 26 uppsigt
896 1517 52 20 utan
964 1516 43 22 risk

180 1541 72 23 kunna
268 1544 108 21 användas
392 1545 68 21 under
475 1545 142 23 innevarande
632 1547 76 26 vinter,
719 1546 58 20 helst
787 1552 28 15 en
822 1544 100 28 jerndörr
932 1545 75 22 insatts
