1075 1759
355 133 25 17 R.
393 137 17 13 o.
422 133 23 17 A.
459 133 60 17 1888.
537 133 13 17 4
562 133 58 17 Febr.
829 128 41 20 139

71 219 129 21 afundsvärd
223 218 60 22 äfven
308 225 34 15 om
361 219 40 21 den
417 219 70 21 stälde
503 220 31 26 sig
550 219 23 21 sä
588 226 46 14 som
650 220 47 25 den,
714 221 52 19 utan
781 218 116 22 nämnvärd

72 248 114 26 olägenhet
200 247 34 21 för
249 247 174 27 arbetsgifvaren,
439 248 73 21 kunde
527 248 103 26 gestaltas
639 249 26 25 *).

141 276 53 26 Den,
210 282 44 15 som
271 276 49 21 sökt
334 275 129 22 efterforska
480 277 41 21 den
536 277 115 20 allmänna
672 276 91 22 orsaken
778 276 33 22 till
827 276 71 21 ofvan-

72 304 108 22 skildrade
207 310 136 21 ogynsamma
370 304 190 28 omständigheter,
584 306 61 20 torde
672 307 60 19 snart
757 305 64 21 hafva
845 310 53 21 upp-

72 333 66 26 täckt,
162 335 32 19 att
216 333 143 26 förklaringen
383 333 73 21 härtill
480 334 67 26 ligger
570 334 52 26 deri,
645 335 33 19 att
692 334 21 20 vi
729 334 46 21 icke
790 334 7 21 i
813 333 37 21 vär
865 335 38 19 ut-.

72 362 97 27 veckling
191 362 61 21 hållit
275 362 71 25 jemma
369 364 44 24 steg
429 362 49 21 med
495 362 40 22 den
551 362 69 27 öfriga
635 362 94 26 verlden,
745 363 8 20 i
768 363 35 21 det
819 362 79 21 vården

73 397 34 15 om
123 390 178 27 arbetsgifvarnes
317 390 105 21 intressen
433 392 147 25 fö:summats
596 391 40 21 och
652 390 125 22 arbetarnes
792 391 105 26 ställning

72 420 32 21 uti
119 426 29 14 nu
162 419 162 27 ifrägavarande
340 419 99 21 afseende
455 420 93 20 lemnats
564 420 23 20 sä
602 420 52 26 godt
670 426 45 14 som
727 420 44 20 helt
782 420 39 20 och
832 419 66 21 hället

73 448 111 22 obeaktad.
214 448 77 20 Medan
314 448 105 26 nämligen
443 448 127 27 exempelvis
594 448 108 28 Englands
721 448 176 26 fackföreningar,

72 477 129 21 Frankrikes
224 476 115 21 Chambres
362 476 126 27 syndicales,
513 476 109 25 Schweitz,
641 477 121 21 Österrikes
777 476 40 21 och
832 476 66 26 Tysk-

73 506 60 20 lands
142 506 32 26 **)
196 511 75 21 genom
294 505 159 27 lagstiftningen
477 506 67 20 uuder
560 506 58 20 olika
632 505 80 22 former
729 505 93 26 skapade
837 504 61 21 arbe-

73 534 241 26 tarerepresentationer
336 534 92 26 mäktigt
451 534 88 21 förstätt
564 536 33 19 att
620 534 64 21 häfda
699 534 125 20 arbetarnes
839 533 59 21 ställ-

73 563 50 26 ning
138 563 63 21 hafva
215 562 101 22 Finlands
332 562 98 21 arbetare
447 563 56 21 ända
519 563 31 21 till
566 563 33 21 för
615 562 65 28 nägra
697 562 24 21 är
737 562 65 21 sedan
821 562 76 21 saknat

73 591 73 27 hvarje
162 592 109 26 möjlighet
286 593 32 19 att
333 591 75 21 härvid
423 593 55 25 göra
493 592 32 20 sin
540 594 46 18 röst
602 592 60 21 hörd.

278 690 16 21 *)
307 690 67 17 Säsom
395 695 23 12 en
435 689 119 18 illustration
572 689 66 17 härtill
650 689 71 17 tilläter
731 689 35 23 jag
778 689 41 23 mig
831 687 66 19 anföra

210 714 28 16 att
256 712 32 18 vid
306 713 24 17 de
348 712 161 22 arbetaremöten,
528 718 41 12 som
588 712 21 18 af
626 712 63 18 denna
701 712 53 18 stads
766 710 132 20 Arbetareför-

210 736 47 22 ning
277 736 73 22 ärligen
370 736 97 16 anordnas
486 736 31 17 för
529 735 110 18 erhällande
652 735 21 17 af
683 735 98 23 upppifter
793 735 29 17 till
835 740 22 12 en
871 740 27 11 ar-

210 759 159 17 betslönstatistik
387 758 30 18 för
435 758 126 24 Helsingfors
585 759 23 17 bl.
627 764 16 13 a.
656 758 85 24 följande
753 756 146 24 önskningsmäl

210 782 83 21 uttalats,
306 782 97 22 nämligen

278 805 51 17 Skild
342 804 90 24 personal
445 804 31 18 för
489 805 45 23 dag-
547 805 37 17 och
596 804 116 18 nattarbetet
725 804 107 24 päyrkades
844 804 53 16 inom

209 828 133 23 bagareyrket,
359 829 25 22 pä
401 828 32 17 det
446 828 38 17 den
497 828 110 22 omenskligt
619 828 59 22 länga
690 827 117 18 arbetstiden
820 827 25 17 18
857 827 41 17 tim-

210 857 40 12 mar
261 852 7 16 i
280 852 78 22 dygnet,
370 851 61 17 mätte
443 850 54 18 kuna
509 851 102 17 förkortas.

277 874 89 24 Bagarne
385 874 35 18 och
439 874 105 23 garfvarne
563 874 83 24 klagade
658 873 58 19 äfven
729 874 28 17 att
769 872 88 24 samtliga
870 878 28 12 ar-

211 898 63 18 betare
286 898 36 17 hos
334 898 71 17 många
417 898 143 23 arbetsgivare
573 900 33 15 äre
618 897 185 23 sammanpackade
792 892 9 33 i
813 898 26 16 ett
851 896 48 17 enda

210 921 40 17 ofta
268 921 40 17 litet
324 926 45 16 rum,
395 927 21 11 der
427 920 66 18 luften
505 921 17 23 ej
536 921 37 17 kan
586 926 46 12 vara
645 922 59 16 annat
716 922 24 16 än
752 920 25 23 pä
789 920 32 17 det
833 919 66 22 högsta

207 945 105 22 förorenad
323 950 70 16 genom
406 945 29 16 att
443 944 22 17 sä
472 944 72 23 mänga
550 950 92 16 personer
652 943 103 23 uppehälla
761 944 30 22 sig
798 943 6 17 i
811 943 88 17 rummet.

278 967 225 23 Garfvarelärlingarnes
525 967 93 23 ställning
640 967 70 21 ansägs
731 972 47 12 vara
796 964 102 24 beklaglig,

210 990 79 18 emedan
303 990 23 18 de
338 992 33 16 äro
383 992 89 16 tvungne
486 992 29 15 att
526 990 56 18 sofva
594 990 7 17 i
609 990 178 18 verkstadsrummet,
807 994 42 12 som
867 994 31 16 ge

210 1019 46 12 nom
268 1013 22 18 de
303 1013 22 17 af
336 1013 73 18 arbetet
421 1013 86 17 alstrade
534 1019 68 12 gaserna
615 1013 36 17 blir
663 1013 75 17 osundt.

278 1036 149 18 Sadelmakarne
441 1037 97 17 omtalade
550 1038 28 15 att
591 1036 57 17 äfven
661 1036 23 18 de
694 1036 58 17 oftast
761 1035 74 23 nödgas
844 1035 53 21 sofva

210 1059 7 17 i
229 1060 192 17 verkstadslokalerna
441 1059 38 18 och
499 1059 99 23 hoppades
618 1060 28 16 att
666 1059 52 17 detta
730 1057 168 19 missförhällande

210 1082 36 18 hos
258 1082 22 18 de
294 1084 61 16 större
368 1082 157 23 arbetsgifvarne
550 1082 60 18 måtte
622 1081 98 19 afskaffas.

278 1105 40 18 När
342 1105 66 23 dylika
429 1105 189 22 missförhällanden,
642 1105 36 17 alla
696 1105 60 17 andra
775 1105 29 16 att
822 1103 76 23 förtiga,

210 1128 65 17 kunna
292 1134 46 11 vara
356 1128 84 18 rädande
453 1128 7 18 i
473 1129 145 23 hufvudstaden.
639 1128 33 17 der
690 1128 50 17 dock
754 1128 21 17 sä
787 1127 72 22 mänga
871 1127 27 16 in-

210 1151 108 23 rättningar
337 1152 68 21 finnas,
426 1152 69 17 hvilka
514 1152 58 17 borde
584 1153 46 21 taga
648 1151 31 23 sig
698 1151 111 17 arbetarnes
821 1149 35 18 sak
869 1154 29 17 an,

210 1174 49 17 huru
277 1180 126 17 ogynsamma
419 1175 57 17 skola
488 1174 146 18 förhällandena
647 1174 24 17 dä
684 1174 16 22 ej
714 1174 83 23 gestalta
814 1173 31 22 sig
856 1172 7 17 i
875 1172 23 17 de

210 1197 166 21 landsortsstäder,
395 1198 34 17 der
449 1198 103 17 arbetarne
568 1198 61 16 räkna
644 1197 67 22 hvarje
725 1196 131 24 organisation
869 1194 30 18 för

210 1220 105 18 häfdandet
327 1220 21 17 af
359 1223 42 15 sina
413 1221 103 17 intressen.

278 1244 28 17 +»)
330 1244 10 16 I
364 1244 97 18 Schweitz
483 1243 59 18 hafva
561 1243 228 18 arbetsassociationerna
813 1241 38 17 fått
875 1246 24 12 en

210 1272 49 17 egen
278 1266 70 18 officiel
366 1267 157 23 representation
541 1272 70 17 genom
630 1266 32 18 det
680 1272 14 12 s.
713 1266 19 18 k.
746 1263 153 20 arbetaresekre-

210 1290 75 17 tariatet
306 1290 36 16 och
354 1290 6 16 i
373 1290 102 18 Österrike
497 1290 35 16 har
552 1295 70 17 genom
644 1289 36 17 den
700 1294 39 12 nya
759 1287 140 23 näringslagen

208 1313 71 21 jemväl
298 1318 22 12 en
340 1312 244 24 arbetarerepresentation
596 1312 75 18 införts.
692 1291 53 45 Hola
757 1311 38 17 den
807 1310 92 17 moderna

209 1336 57 22 tyska
288 1336 240 22 arbetarelagstittningen
552 1336 58 22 utgår
627 1335 42 17 från
690 1335 36 17 den
746 1333 105 23 grundsats
871 1334 28 16 att

209 1358 100 18 arbetarne
327 1358 46 18 böra
393 1358 60 18 hafva
474 1358 107 23 inflytande
593 1358 25 23 på
630 1358 72 18 vården
714 1356 22 18 af
746 1357 42 17 sinä
801 1356 98 18 allmänna

210 1382 161 22 angelägenheter
383 1382 36 17 och
432 1382 37 16 har
482 1381 65 18 derför
556 1381 116 17 härutinnan
681 1380 58 24 gifvit
747 1380 44 18 dem
799 1378 100 18 enahanda

209 1404 115 22 rättigheter
341 1410 42 12 som
395 1404 163 23 arbetsgifvarne.
582 1405 10 17 1
604 1403 142 19 Skandinavien
763 1403 46 21 åter,
823 1402 34 18 der
869 1408 30 17 yr-

210 1427 172 23 kesföreningarna
398 1428 44 17 icke
461 1430 36 15 äro
515 1427 88 22 officiela,
616 1433 36 17 ega
669 1427 100 17 arbetarne
782 1426 40 16 lika
834 1425 65 17 starka

210 1450 146 23 korporationer
381 1456 42 12 som
449 1450 162 23 arbetsgifvarne.
647 1449 106 18 Enahanda
779 1448 120 18 förhållande

210 1479 46 17 eger
273 1479 42 12 rum
327 1473 6 17 i
345 1473 114 21 Frankrike,
473 1474 35 17 der
520 1474 88 17 arbetare
620 1473 36 17 och
669 1472 141 23 arbetsgifvare
822 1471 77 17 tillhöra

210 1502 72 11 samma
294 1496 117 23 föreningar,
424 1496 39 17 och
475 1497 6 17 i
495 1496 90 23 England
597 1498 33 16 äro
648 1496 111 18 arbetarnes
771 1494 128 18 fackförenin-

209 1524 35 18 gar
257 1519 21 17 sä
290 1519 66 17 starka
367 1520 28 17 att
407 1518 24 18 de
444 1519 156 23 framgångsrikt
612 1519 65 18 kunna
684 1521 60 16 värna
753 1519 42 17 sina
803 1518 97 16 intressen

210 1543 98 21 gentemot
320 1542 168 22 arbetsgifvarnes
497 1548 92 17 angrepp.
