1078 1753
355 155 20 17 R
394 159 18 13 o.
425 155 22 17 A.
456 155 60 18 1888,
527 155 23 18 21
559 155 62 17 Mars.
828 151 41 21 497

73 240 134 25 kommunen,
223 245 45 16 som
283 239 66 27 enligt
369 239 60 22 detta
451 239 79 28 förslag
552 239 42 22 blir
615 240 75 22 valbar
711 240 33 21 till
766 240 132 28 fattigvärds-

73 267 95 28 styrelse.
199 267 114 22 Gentemot
327 267 32 22 Hr
374 274 41 15 von
434 267 85 28 Wright
534 268 35 21 vill
582 268 37 27 jag
633 269 109 24 anmärka,
758 271 32 19 att
801 269 37 27 jag
852 269 46 22 icke

73 295 108 29 uppfattat
202 296 241 21 utskottsbetänkanden
466 297 29 26 sä,
519 298 32 20 att
574 297 36 21 det
629 299 23 19 är
668 297 72 22 dessas
755 297 83 28 omfäng
853 303 45 16 som

73 324 55 22 skall
150 324 117 22 bestämma
289 324 124 27 motiverna,
435 326 52 20 utan
504 326 124 26 motiverna,
644 331 46 16 som
708 325 61 22 skola
783 326 116 22 bestämma

73 352 174 22 betänkandenas
263 352 90 27 omfång.
379 352 10 22 I
404 352 251 22 utskottsbetänkandets
670 353 87 21 korthet
766 360 34 16 ser
807 354 37 28 jag
854 354 45 22 der-

73 380 34 22 för
128 380 47 23 icke
197 380 60 28 giltig
272 380 63 22 orsak
350 380 33 22 till
399 383 32 19 att
446 388 49 14 man
510 381 97 22 uteslutit
623 381 41 22 alla
679 382 80 21 sädana
774 382 78 28 vigtiga
866 384 33 19 ut-

73 409 121 27 redningar,
216 415 46 15 som
283 409 40 21 här
345 409 69 21 skulle
438 416 50 15 vara
511 410 139 27 nödvändiga,
673 410 33 21 för
724 412 32 19 att
768 416 48 16 man
832 410 67 22 skulle

74 438 85 21 komma
182 437 32 22 till
237 439 32 19 att
283 438 111 26 samtycka
408 438 32 21 till
456 438 155 22 betänkandets
626 438 64 27 kläm,
706 438 105 27 nämligen
826 445 26 15 en
867 440 33 19 ut-

74 466 95 27 redning,
193 468 31 19 att
245 466 36 21 det
295 465 33 22 för
343 466 112 22 samhället
470 468 24 20 är
509 466 130 27 nödvändigt
654 468 33 20 att
702 466 75 28 ålägga
791 466 108 22 samhälls-

75 494 138 22 medlemmar
227 494 143 28 skyldigheter
385 496 52 20 utan
452 496 33 20 att
501 495 26 21 de
538 494 61 22 hafva
610 495 148 21 motsvarande
768 495 131 27 rättigheter.

143 550 33 22 Hr
198 551 119 21 Munck:
348 551 33 21 Då
403 551 61 21 äfven
480 551 116 22 utskottets
611 551 134 22 betänkande
760 552 7 20 i
782 552 31 21 sin
828 552 71 22 helhet

75 581 24 20 är
121 579 132 27 understödt,
273 580 23 21 så
312 586 61 15 anser
385 580 38 26 jag
438 580 42 26 mig
495 580 83 27 skyldig
593 582 32 19 att
639 580 102 21 anmärka
756 581 65 26 något
835 580 65 22 skildt

75 610 45 19 mot
135 608 48 21 dess
199 607 140 27 formulering.
369 608 73 27 Enligt
456 608 146 21 betänkandet
617 614 50 16 vore
682 614 26 16 en
727 608 56 22 inom
805 608 95 22 kommu-

75 642 42 16 nen
140 636 70 21 bosatt
231 636 40 27 gift
293 637 76 26 qvinna
391 636 84 26 valbar;
498 642 48 16 men
569 636 36 22 det
621 636 71 22 kunde
706 636 90 28 inträffa,
812 638 32 20 att
859 636 40 22 den

75 664 52 27 gifta
142 664 91 28 qvinnan
249 664 65 22 lefver
329 664 54 22 skild
398 664 46 22 från
458 665 34 21 sin
506 671 56 20 man,
578 665 39 21 och
633 666 32 20 att
680 671 90 16 mannen
785 665 65 22 lefver
860 664 40 22 och

75 693 40 21 hör
129 692 32 21 till
177 699 26 15 en
219 699 68 15 annan
303 694 106 25 kommun,
426 693 39 21 och
481 693 89 21 hustrun
584 693 41 21 bor
639 694 57 20 inom
712 700 25 15 en
753 700 69 15 annan
841 693 59 22 kom-

77 727 56 21 mun,
149 721 32 21 dit
195 721 42 21 hon
252 721 47 22 icke
314 721 45 21 hör.
390 721 33 22 Då
438 721 68 22 skulle
523 721 35 21 det
573 728 50 15 vara
639 723 30 20 ett
684 721 108 28 undantag
806 721 46 22 från
862 721 38 22 all-

76 751 77 20 männa
168 749 187 27 fattigvärdslagen
371 751 32 20 att
419 750 47 26 den,
482 756 46 15 som
542 749 46 22 icke
596 749 40 22 hör
644 749 32 22 till
686 750 134 26 kommunen,
831 749 68 22 skulle

77 783 50 16 vara
150 777 119 28 berättigad
293 778 39 21 och
355 778 85 27 skyldig,
460 779 32 20 att
507 778 51 21 sitta
572 778 7 21 i
595 777 233 28 fattigvärdsstyrelsen.
859 777 41 22 Om

76 806 47 21 åter
145 806 36 21 det
204 806 68 22 skulle
294 807 92 26 stadgas,
403 808 31 20 att
449 807 41 21 den
505 805 52 28 gifta
572 806 103 27 gvinnans
690 807 107 26 samtycke
812 805 87 26 fordras,

76 833 33 22 för
131 836 32 19 att
182 834 42 21 hon
239 835 55 21 skall
308 835 71 21 kunna
394 835 88 26 inväljas
497 834 33 22 till
544 835 236 27 fattigvärdsstyrelsen,
795 835 24 21 sä
833 834 67 22 borde

76 862 34 21 väl
125 862 65 23 ocksä
204 863 79 22 hennes
298 869 59 16 mans
372 863 108 27 samtycke
496 863 115 26 erfordras;
628 865 23 25 ty
666 869 76 16 annars
756 863 70 22 blefve
847 862 53 22 hans

76 891 158 22 mälsmansrätt
249 891 46 22 icke
309 891 148 27 tillgodosedd,
474 891 39 22 och
528 891 7 21 i
550 891 60 22 detta
625 891 98 22 afseende
738 891 65 22 borde
818 891 81 21 utskot-

75 921 42 20 tets
132 919 140 28 betänkande,
288 921 23 20 sä
325 920 65 21 framt
405 920 36 21 det
456 919 62 28 eljest
531 919 8 21 i
554 920 32 21 sin
602 919 72 22 helhet
688 919 42 22 kan
741 921 93 25 antagas,
845 919 56 22 äter-

74 947 121 22 remitteras
217 947 32 22 till
271 948 106 21 utskottet
396 947 34 22 för
444 949 34 20 att
493 947 109 28 redigeras
616 949 30 26 sä,
662 949 33 20 att
710 948 60 22 dessa
786 947 115 28 oegentlig-

74 975 62 22 heter
150 976 85 22 komma
250 978 32 20 att
297 977 112 21 försvinna.

143 1032 34 21 Hr
199 1033 22 21 af
242 1033 146 21 Forselles:
412 1033 31 21 På
466 1033 49 21 dei
530 1033 44 21 min
596 1033 64 21 tanke
683 1033 150 26 öfvertygande
848 1031 52 27 skäl,

75 1060 72 22 hvilka
169 1060 123 22 framhällas
307 1061 8 21 i
330 1061 165 26 reservationen,
518 1061 108 21 äfvensom
642 1061 32 27 de,
689 1060 73 22 hvilka
776 1060 70 22 häraf
858 1062 44 20 sär-

75 1088 70 22 skilda
167 1089 65 22 ärade
254 1090 69 21 talare
345 1089 81 22 anförts
448 1089 34 21 för
498 1090 127 26 densamma,
640 1089 33 21 får
685 1089 38 27 jag
736 1090 110 20 vördsamt
859 1088 42 22 till-

76 1117 74 27 styrka
165 1118 130 27 antagandet
309 1118 24 21 af
345 1118 169 22 reservationens
532 1124 75 16 senare
621 1118 64 21 kläm.
716 1118 57 21 Frih.
788 1123 42 16 von
844 1116 59 22 Born

75 1146 40 21 har
137 1146 99 21 anmärkt
258 1148 33 20 att
313 1146 40 22 den
376 1146 53 28 gifta
450 1146 94 27 qvinnan
558 1146 7 22 i
580 1147 57 21 vissa
658 1146 113 22 afseenden
792 1148 25 19 är
831 1146 72 21 bättre

76 1174 136 28 qvalificerad
226 1174 35 22 för
271 1175 127 27 deltagande
408 1175 8 21 i
425 1174 305 28 fattigvårdsangelägenheter
740 1176 27 20 än
778 1174 40 22 den
828 1173 74 28 ogifta;

74 1202 38 28 jag
126 1202 37 22 vill
185 1203 47 21 icke
253 1205 98 25 motsäga
369 1204 65 25 detta,
449 1210 50 15 men
514 1203 13 21 å
541 1204 68 21 andra
623 1203 61 22 sidan
698 1203 43 21 kan
756 1203 36 21 det
806 1202 35 22 väl
856 1202 47 22 icke

76 1231 68 22 heller
158 1231 113 25 bestridas,
287 1233 32 20 att
334 1232 50 26 hon,
399 1232 8 21 i
421 1232 57 21 vissa
493 1232 67 21 andra
575 1232 121 26 afseenden,
706 1233 24 20 är
740 1231 71 22 dertill
821 1230 82 22 mindre

76 1260 36 21 väl
126 1260 94 26 skickad,
235 1260 57 22 hvad
307 1266 46 16 som
365 1260 79 27 jemväl
458 1260 105 27 påpekats
578 1260 8 21 i
600 1260 67 27 fjerde
682 1260 82 27 stycket
777 1260 23 21 af
808 1264 94 17 reserva-

76 1288 79 22 tionen.
185 1288 41 28 Jag
246 1288 39 26 får,
308 1295 47 15 som
370 1289 68 27 sagdt,
453 1289 87 21 förorda
554 1289 130 27 antagandet
698 1288 24 22 af
734 1288 168 22 reservationens

77 1322 75 16 senare
167 1316 63 22 kläm.

147 1372 32 22 Hr
194 1374 26 20 H.
237 1374 24 21 A.
277 1374 140 21 Mechelin:
441 1374 43 22 För
506 1374 44 21 min
573 1374 34 21 del
624 1374 56 21 hade
692 1374 38 27 jag
744 1374 55 21 helst
814 1374 42 20 sett
871 1374 32 20 att

78 1401 33 26 de,
120 1401 72 21 hvilka
202 1402 129 21 understöda
342 1402 158 21 reservationen
510 1402 74 26 ifråga,
595 1402 55 21 hade
660 1402 113 27 begränsat
781 1402 123 21 densamma

78 1429 76 21 endast
168 1429 34 21 till
217 1430 82 21 landets
315 1431 79 26 städer,
408 1430 32 21 uti
454 1430 74 21 hvilka
542 1430 65 21 bland
623 1431 40 20 den
678 1430 93 27 qvinliga
785 1429 118 22 befolknin-

78 1463 41 21 gen
135 1457 119 28 säkerligen
269 1457 68 22 finnas
355 1459 77 26 många
446 1459 95 21 särdeles
556 1457 148 28 qvalificerade
718 1458 33 21 för
766 1459 36 21 det
817 1457 88 22 afsedda

78 1485 89 25 värfvet,
182 1486 106 27 nämligen
304 1488 33 19 att
351 1487 57 21 inom
423 1487 216 26 fattigvårdsstyrelse
653 1486 75 22 utöfva
742 1493 25 15 en
782 1485 70 28 nyttig
864 1484 41 21 och

78 1513 143 22 framstående
236 1515 143 26 verksamhet,
394 1521 48 15 men
458 1515 28 21 då
501 1521 27 15 en
542 1515 66 21 sådan
621 1515 142 26 begränsning
772 1515 24 20 af
803 1513 102 26 förslaget

78 1541 57 22 blott
149 1542 33 21 till
197 1543 74 21 städer
293 1543 107 27 troligtvis
415 1543 47 22 icke
477 1543 69 21 skulle
560 1543 64 21 vinna
639 1543 95 21 ståndets
744 1543 65 24 bifall,
820 1541 40 22 och
867 1541 38 27 jag

812 1581 23 17 32
