1078 1759
360 144 25 17 R.
399 149 17 12 o.
429 145 21 16 A.
460 145 60 16 1888.
532 145 24 16 21
565 144 61 16 Mars.
841 139 42 21 483

87 230 7 20 i
110 229 83 21 tillfälle
209 230 32 20 att
256 230 87 21 ostörda
358 230 22 21 få
395 236 54 20 egna
464 230 32 26 sig
512 230 22 21 ät
549 230 84 21 litterär
647 230 143 21 verksamhet.
820 230 40 26 Jag
875 230 38 26 går

87 258 24 21 sä
133 257 66 27 långt,
222 259 32 19 att
277 264 25 15 en
325 258 59 27 dylik
406 258 78 26 åtgärd
506 258 68 21 skulle
594 264 59 16 mera
668 258 68 21 skada
751 260 27 19 än
793 265 69 21 gagna
873 259 40 20 det

87 286 50 26 mål,
152 286 34 21 för
200 286 81 21 hvilket
297 286 40 22 den
353 289 24 19 är
392 287 86 25 afsedd;
494 289 22 25 ty
532 293 26 15 en
573 293 43 20 ung
631 287 115 25 litteratör,
769 294 45 14 som
829 288 83 20 komme

87 316 8 20 i
110 314 125 27 ätnjutande
250 314 24 21 af
287 317 32 19 ett
333 315 77 21 sädant
432 315 124 25 understöd,
579 315 30 21 lät
629 322 57 18 vara,
703 316 76 20 endast
793 316 33 21 för
842 318 32 19 tre
889 315 24 21 är

88 344 85 26 framät,
188 343 68 21 skulle
272 344 138 27 ovilkorligen
425 344 71 21 känna
512 344 31 26 sig
558 344 112 21 moraliskt
678 344 119 22 förbunden
806 346 32 20 att
846 345 67 21 under

87 372 70 21 denna
179 372 31 20 tid
232 372 118 26 producera
372 372 24 22 sä
411 372 85 27 mycket
511 378 45 15 som
572 372 88 26 möjligt,
684 372 61 22 äfven
762 379 33 15 om
810 374 42 20 han
867 374 46 20 icke

87 400 34 22 för
143 400 93 22 tillfället
258 400 68 22 kände
349 401 69 27 nägon
441 401 78 26 speciel
541 401 89 21 kallelse
653 401 72 21 dertill
747 402 52 20 eller
814 402 99 26 möjligen

87 430 95 20 saknade
197 430 68 23 ämne,
280 429 81 21 hvilket
375 430 43 20 han
432 430 116 26 lämpligen
563 430 70 20 kunde
646 430 114 20 behandla.
784 430 45 21 Den
838 436 75 15 sanno-

86 458 45 21 lika
145 457 80 27 följden
239 458 68 20 blefve
323 458 88 26 således,
434 460 35 19 att
492 464 91 20 omogna
605 458 99 21 litterära
726 458 66 21 alster
807 458 67 22 skulle
890 464 22 15 se

88 486 69 26 dagen
171 486 7 21 i
193 488 69 19 större
276 486 78 27 mängd
377 488 26 19 än
424 487 93 26 önskligt
532 492 56 15 vore.
619 487 47 21 Den
682 487 183 27 omständigheten
881 489 32 19 att

87 514 67 27 några
169 514 188 22 författareämnen
373 515 89 21 sålunda
485 515 68 21 blefve
572 515 173 26 predestinerade
762 516 32 20 till
809 516 104 21 national-

87 543 132 21 litteratörer
233 550 26 14 ex
274 544 111 26 professso,
410 544 68 21 skulle
500 543 47 22 äter
569 544 66 20 verka
652 544 130 21 nedsläende
797 544 26 27 pä
839 544 73 26 andra,

87 578 46 15 som
149 572 63 20 funne
228 572 32 26 sig
273 572 140 26 förbigängna
434 572 41 21 och
498 572 72 22 derför
593 572 79 21 afhölle
688 572 31 27 sig
734 572 47 21 frän
797 573 28 21 all
840 572 72 27 täflan,

87 600 82 21 hvilket
184 600 47 21 äter
245 600 70 22 kunde
331 601 64 21 lända
410 602 40 20 den
467 601 152 21 skönlitterära
634 601 161 21 verksamheten
812 602 31 20 till
858 607 54 15 men.

87 628 50 22 Men
153 628 67 22 ehuru
233 629 37 27 jag
285 629 88 21 sälunda
388 630 125 26 godkänner
522 630 26 20 de
557 630 171 26 anmärkningar,
744 636 46 15 som
800 630 113 20 Allmänna

87 657 197 21 Besvärsutskottet
306 658 55 26 gjort
385 660 56 19 emot
462 658 119 26 detaljerna
604 658 6 20 i
625 658 179 26 petitionärernas
826 658 86 26 förslag,

87 686 73 21 hvilka
175 686 163 27 anmärkningar
351 686 37 27 jag
403 686 117 27 ingalunda
534 686 68 21 finner
609 692 52 16 vara
669 687 133 26 vederlagda,
818 686 95 22 hvarken

87 720 76 21 genom
178 716 171 20 reservanternes
365 717 87 25 stränga
468 715 39 21 och
523 715 67 27 enligt
605 715 43 21 min
665 715 55 27 äsigt
736 716 86 20 alldeles
841 714 72 22 obefo-

87 743 55 26 gade
164 743 66 21 kritik
252 744 23 20 af
288 744 113 20 Allmänna
416 744 211 21 Besvärsutskottets
649 744 95 26 motiver,
769 744 51 21 eller
837 750 76 20 genom

88 771 37 21 det
139 772 142 26 andragande,
297 778 45 16 som
358 772 38 21 här
411 773 7 20 i
433 774 91 19 motsatt
540 772 94 26 riktning
657 778 49 21 nyss
721 772 55 22 hölls
791 772 23 21 af
827 772 32 21 Hr
873 772 40 20 Ta-

87 800 135 27 vaststjerna,
238 800 24 21 sä
276 801 48 21 ville
337 801 38 26 jag
389 801 63 21 likväl
469 801 47 21 icke
530 801 114 27 godkänna
660 801 36 21 det
706 801 98 27 negativa
816 800 96 25 resultat,

88 828 36 21 vid
139 828 73 22 hviket
226 829 113 21 Allmänna
354 830 198 20 Besvärsutskottet
568 831 92 22 stannat,
676 829 27 21 dä
718 830 36 21 det
762 829 103 26 förordat,
882 830 32 20 att

88 857 143 27 petitionerna
245 857 67 22 mätte
327 858 80 21 lemnas
422 860 53 19 utan
491 858 106 21 afseende.
628 858 33 21 Dä
676 864 26 15 en
717 858 56 27 gäng
788 859 32 20 ett
834 857 80 27 förslag

89 892 34 16 om
139 885 154 28 befrämjandet
307 887 24 21 af
343 888 97 20 litterära
455 888 106 21 intressen
576 887 69 21 blifvit
660 887 63 21 väckt
737 887 48 21 från
801 887 40 21 den
855 887 59 21 krets

88 915 167 27 petitionärerne
270 916 93 26 tillhöra,
379 916 24 21 så
417 916 70 21 skulle
500 916 43 26 jag,
559 916 7 20 i
581 916 67 21 likhet
664 916 47 21 med
726 916 56 20 hvad
800 915 57 21 Frih.
873 921 41 15 von

89 943 89 22 Alfthan
200 944 35 21 vid
257 944 128 27 föregående
407 944 159 22 sammanträde
588 944 123 26 framhållit,
732 944 65 22 också
812 950 51 15 anse
878 944 37 20 det

89 978 52 15 vara
163 972 46 21 skäl
231 972 34 21 för
286 973 25 21 R.
333 980 20 14 o.
376 974 24 20 A.
417 975 31 19 att
464 975 51 25 taga
530 980 52 14 vara
596 973 27 27 pä
639 973 60 21 detta
714 973 91 21 initiativ
820 972 40 21 och
875 974 39 23 att,

90 1007 34 15 om
147 1000 64 22 ocksä
234 1002 118 26 detaljerna
373 1002 8 20 i
402 1002 205 26 petitionsförslaget
630 1002 68 20 mäste
714 1008 61 14 anses
791 1000 124 27 opraktiska

91 1030 39 21 och
145 1029 120 27 olämpliga,
281 1030 64 21 likväl
360 1030 28 26 pä
402 1030 132 26 grundvalen
550 1030 61 21 deraf
619 1030 53 21 söka
680 1030 148 21 ästadkomma
836 1028 79 27 nägon-

90 1058 45 26 ting
150 1064 59 15 mera
224 1059 96 26 lämpligt
335 1059 40 21 och
390 1058 184 27 ändamälsenligt.
605 1059 10 20 I
631 1059 59 20 detta
713 1058 99 21 afseende
827 1058 38 20 ber
878 1057 37 27 jag

90 1088 33 20 att
138 1086 21 20 fä
174 1086 119 22 framställa
307 1086 66 27 nägra
388 1088 138 26 synpunkter.
552 1087 169 21 Petitionärerne
737 1086 63 22 hafva
815 1086 101 21 särskildt

89 1116 125 20 intresserat
237 1116 31 26 sig
289 1115 34 21 för
346 1116 197 25 skönlitteraturen,
567 1122 48 14 men
630 1116 67 26 enligt
712 1116 43 20 min
770 1115 55 26 äsigt
840 1116 25 19 är
880 1114 36 20 det

89 1143 46 22 icke
152 1144 75 20 endast
242 1144 75 24 denna,
340 1146 53 19 utan
414 1144 138 21 litteraturen
574 1144 8 20 i
597 1144 116 21 allmänhet
736 1144 40 20 och
798 1142 62 22 äfven
875 1143 42 21 den

89 1172 160 26 vetenskapliga
264 1173 141 25 litteraturen,
429 1173 41 21 den
493 1173 134 21 sistnämnda
648 1172 81 21 kanske
746 1178 46 15 mer
807 1173 27 19 än
850 1171 67 21 andra

90 1206 77 22 grenar
183 1200 22 22 af
219 1201 83 21 litterär
317 1201 143 26 verksamhet,
478 1207 45 15 som
538 1208 50 14 vore
604 1201 6 21 i
626 1200 66 22 behof
698 1200 23 22 af
730 1200 124 21 understöd.
876 1200 41 25 Jag

90 1236 63 14 anser
168 1229 71 21 derför
254 1230 54 20 först
323 1230 40 20 och
378 1229 76 21 främst
470 1232 39 24 att,
526 1236 34 14 om
576 1229 69 27 nägon
662 1230 89 26 petition
772 1228 80 25 aflätes,
876 1228 41 20 den

90 1258 47 21 icke
159 1258 40 20 bör
220 1258 127 21 inskränkas
369 1258 75 21 endast
468 1258 33 21 till
524 1259 40 20 den
587 1258 117 21 nationella
718 1257 199 24 skönlitteraturen,

90 1288 53 20 utan
157 1286 22 21 fä
195 1292 25 15 en
237 1288 68 19 större
320 1286 134 27 omfattning.
486 1287 79 21 Vidare
581 1293 62 14 anser
656 1286 42 27 jag,
716 1286 69 21 säsom
798 1286 37 26 jag
851 1285 67 20 redan

90 1314 56 21 hade
162 1316 52 20 äran
229 1317 83 24 nämna,
329 1315 36 21 det
380 1321 51 15 vara
447 1315 113 27 olämpligt
575 1317 32 19 att
622 1315 144 21 understöden
782 1314 68 21 skulle
866 1312 52 27 utgä

89 1343 8 21 i
119 1342 55 22 form
197 1343 22 21 af
239 1344 112 25 pensioner
373 1343 22 21 ät
416 1344 58 20 vissa
490 1344 136 20 litteratörer.
658 1343 55 21 Vida
728 1342 124 27 lämpligare
867 1347 52 15 vore

91 1371 36 21 det
142 1371 28 21 dä
185 1373 32 19 att
232 1372 72 21 utdela
319 1372 125 26 belöningar
460 1372 52 21 eller
528 1372 43 26 pris
586 1372 33 20 för
634 1371 89 21 arbeten
738 1372 24 20 af
774 1369 145 23 framstäende

90 1400 71 20 värde.
192 1400 77 26 Dylika
284 1401 44 26 pris
343 1400 69 21 skulle
427 1400 94 21 ofelbart
536 1400 66 21 verka
616 1400 49 21 vida
680 1404 148 23 gynsammare
839 1398 28 27 pä
877 1398 41 20 den

90 1428 98 22 litterära
203 1428 164 26 produktionen,
383 1430 26 19 än
425 1429 27 21 de
467 1428 128 27 ifrågasatta
609 1428 148 27 pensionerna,
772 1430 23 24 ty
810 1427 26 21 de
850 1426 69 21 skulle

90 1458 78 25 utgöra
184 1463 26 15 en
225 1463 73 21 sporre
313 1457 33 21 för
361 1458 32 20 ett
407 1459 71 19 större
494 1458 58 20 antal
568 1460 33 18 att
615 1458 53 25 göra
684 1457 31 26 sig
731 1456 61 22 deraf
810 1455 108 25 förtjente.

91 1484 50 22 Mitt
162 1485 79 26 förslag
263 1486 68 20 skulle
354 1485 82 21 således
461 1486 76 20 främst
552 1485 27 27 gå
594 1487 24 19 ut
634 1485 72 27 derpä,
729 1486 33 20 att
776 1485 8 20 i
800 1483 71 21 stället
886 1482 34 21 för

90 1514 114 25 pensioner
226 1514 40 20 och
288 1514 117 21 understöd
428 1514 23 20 ät
470 1514 96 21 enskilde
581 1514 131 20 litteratörer
727 1512 125 26 belöningar
868 1510 52 21 eller

90 1542 45 25 pris
150 1542 69 21 skulle
234 1542 97 26 utfästas,
348 1548 34 15 om
397 1542 74 21 hvilka
486 1542 50 21 flere
552 1542 71 21 kunde
639 1542 61 25 täfla;
716 1541 40 21 och
767 1541 33 21 för
808 1540 36 20 det
853 1539 68 21 andra
