1070 1753
338 129 25 18 R.
376 134 18 12 o.
407 129 22 17 A.
442 129 60 17 1888.
519 129 28 17 28
559 129 47 17 Jan.
857 124 27 21 55

89 213 128 28 myndighet.
248 214 9 21 I
280 214 62 27 afsigt
364 215 32 20 att
418 214 122 26 derigenom
563 214 71 21 kunna
650 214 110 21 motverka
775 214 39 21 och
829 214 84 22 hämma

89 242 136 27 spridningen
240 242 22 21 af
276 243 31 26 de,
322 242 59 21 säväl
396 242 6 21 i
418 242 82 27 andligt
515 249 45 14 som
576 242 119 27 kroppsligt
710 243 124 23 hänseende,
857 242 55 21 fruk-

88 271 110 21 tansvärdt
220 271 101 26 härjande
344 271 130 26 sjukdomar,
496 271 73 21 hvilka
591 271 120 21 föranledas
730 271 22 21 af
765 271 146 26 otuktslasten,

88 299 39 21 har
149 305 47 15 man
220 299 61 21 neml
305 299 89 26 vidtagit
414 299 39 21 den
469 299 119 26 anordning
603 301 32 19 att
650 299 159 26 ifrågavarande
824 299 88 27 gvinnor

88 327 146 26 inregistreras
260 327 38 22 hos
322 327 82 27 polisen
429 327 40 22 och
492 328 140 21 underkastas
657 327 107 27 periodisk
793 327 118 27 besigtning

87 355 24 22 af
123 355 79 22 läkare.

156 384 31 21 Ur
202 383 83 22 hvilken
302 384 106 26 synpunkt
422 390 49 15 man
487 386 27 20 än
525 384 110 21 betraktar
646 384 70 21 denna
726 384 121 27 anordning,
859 390 51 21 som,

88 412 35 22 vid
145 412 137 26 iakttagande
297 412 21 22 af
336 413 55 21 vissa
406 412 139 25 föreskrifter,
563 412 104 21 tolererar
682 412 68 21 lasten
765 412 40 22 och
819 412 92 22 förlänar

89 441 48 21 dess
159 441 115 21 utöfvande
296 441 126 21 karaktären
445 440 22 22 af
489 443 32 19 ett
543 440 132 27 berättigadt
698 440 58 28 yrke,
771 441 41 21 kan
828 448 47 14 man
891 441 18 27 ej

87 470 72 26 undgå
174 471 33 19 att
222 468 56 22 finna
294 470 120 21 densamma
429 469 6 21 i
451 470 42 26 hög
509 470 52 26 grad
572 469 82 27 skadlig
666 469 39 21 och
715 468 196 28 förderfbringande

86 497 34 22 för
135 497 116 22 samhället.

155 526 46 21 Den
226 528 23 19 är
264 526 82 27 olaglig,
362 528 51 20 enär
427 526 84 22 landets
527 526 106 22 allmänna
649 526 35 27 lag
698 526 139 28 uttryckligen
853 526 56 22 stad-

87 560 38 21 gar
148 556 31 19 att
202 554 158 27 ifrägavarande
382 555 89 27 gvinnor
495 572 4 8 ,
500 555 69 25 skola
591 556 75 24 genast
685 554 70 27 gripas
770 554 39 22 och
823 554 8 21 i
845 554 64 22 häkte

86 584 67 20 sättas
169 583 39 21 och
224 583 64 21 sedan
304 583 94 21 dömmas
413 583 53 21 efter
481 583 60 21 brott
557 584 85 26 deras*;
654 583 80 27 hänsyn
745 583 32 21 till
788 582 121 28 hygieniska

87 610 51 22 eller
160 611 66 21 andra
248 611 45 21 skäl
315 612 41 21 kan
379 612 115 27 ingalunda
516 612 125 27 rättfärdiga
664 613 30 20 ett
717 611 156 22 äsidosättande
889 610 20 22 af

86 639 59 22 detta
159 640 117 26 stadgande
290 640 7 21 i
312 640 27 21 M.
356 641 35 21 B:s
407 641 61 20 57:de
483 641 87 26 kapitel.

155 668 31 21 Ur
208 669 76 26 sedligt
303 669 83 27 rättslig
401 669 108 27 synpunkt
523 669 121 24 betraktad,
660 671 24 19 är
699 668 160 27 ifrågavarande
874 674 35 15 an-

86 696 90 26 ordning
201 696 141 27 oberättigad;
366 700 29 24 ty,
412 697 26 21 dä
454 697 75 25 lasten,
545 698 70 20 säsom
632 699 31 19 ett
678 697 157 22 fruktansvärdt
850 697 57 26 ondt,

85 724 87 22 innebär
187 725 115 27 nägonting
317 728 62 24 orätt,
395 726 23 21 sä
434 728 24 18 är
473 727 32 19 ett
520 726 134 21 tolererande
665 726 40 21 och
715 724 193 28 reglementerande

87 752 22 22 af
119 753 122 21 densamma
256 753 45 21 frän
317 754 121 21 samhällets
454 754 52 26 sida,
522 754 68 21 under
601 754 85 21 hvilken
696 753 54 22 form
762 754 38 22 och
811 754 7 20 i
828 753 81 21 hvilket

83 781 98 22 ändamål
204 788 44 15 som
271 782 61 26 helst,
354 782 121 26 förkastligt
498 782 39 22 och
559 782 43 22 kan
617 782 68 22 under
700 782 48 26 inga
762 782 145 22 förhållanden

85 811 76 25 utgöra
182 812 32 19 ett
237 810 68 22 medel
323 811 32 21 för
370 811 105 21 ernäende
491 811 23 21 af
527 813 32 19 ett
574 811 138 27 sedligt-godt
727 811 48 26 mäl,
791 810 32 22 för
838 810 70 22 sävidt

84 844 49 15 man
149 838 17 26 ej
178 838 36 21 vill
224 839 69 21 såsom
304 839 62 27 rigtig
377 840 94 20 erkänna
481 842 81 19 satsen:
575 834 17 37 ,,
589 839 121 21 ändamålet
720 839 73 27 helgar
803 838 104 22 medlen".

152 866 47 22 Den
222 867 180 27 reglementerade
421 868 165 26 prostitutionen
602 870 24 19 är
641 868 71 21 vidare
727 868 7 20 i
748 868 43 26 hög
806 867 53 27 grad
874 873 34 21 eg-

84 894 42 21 nad
141 896 32 20 att
188 895 139 27 undergräfva
342 896 131 27 sedligheten
489 898 40 20 och
544 896 82 22 förvilla
641 896 213 25 rättsmedvetandet;
867 896 40 21 den

84 924 69 20 större
174 924 100 27 trygghet
296 924 33 21 vid
352 925 90 27 syndens
465 925 120 25 utöfvande,
606 931 46 15 som
668 925 40 21 den
724 924 93 27 osedliga
831 930 76 20 genom

85 951 68 21 denna
168 952 118 28 anordning
303 965 20 3 —
339 953 48 21 med
404 953 52 21 eller
470 956 52 18 utan
537 953 47 21 skäl
603 965 21 3 —
642 959 63 15 anser
715 953 31 27 sig
757 959 45 20 ega,
813 952 95 22 inkastar

83 980 102 21 tusenden
208 981 28 26 pä
257 980 78 22 lastens
357 982 55 21 bana
427 994 25 3 --
467 988 28 15 en
511 982 163 26 omständighet,
690 988 45 15 som
750 982 89 26 ädrager
854 987 53 15 sam-

82 1007 67 22 hället
171 1010 31 20 ett
225 1009 62 27 drygt
309 1010 38 21 och
370 1010 159 21 fruktansvärdt
553 1016 81 16 ansvar.
665 1010 47 22 Den
727 1010 72 26 skada,
815 1016 46 15 som
876 1011 31 19 ett

83 1036 67 27 dylikt
171 1037 133 22 tolererande
326 1038 22 21 af
368 1038 68 21 lasten
459 1038 127 27 tillskyndar
608 1038 118 26 samhället,
748 1040 25 19 är
794 1038 7 21 i
823 1038 41 21 alla
879 1037 29 22 af-

82 1064 91 21 seenden
188 1065 135 28 oberäknelig
338 1066 39 22 och
393 1066 59 22 detta
467 1067 6 21 i
489 1067 29 21 all
533 1067 115 27 synnerhet
662 1067 49 21 med
724 1067 80 26 hänsyn
819 1066 32 21 till
867 1066 40 21 den

82 1092 112 27 förvirring
208 1093 7 21 i
231 1093 117 28 begreppen
365 1101 35 15 om
414 1097 44 20 rätt
473 1095 40 21 och
529 1097 64 24 orätt,
609 1101 45 16 som
671 1095 60 22 deraf
744 1095 40 21 blir
799 1101 26 15 en
845 1094 60 27 följd;

82 1122 23 26 ty
128 1121 86 22 dermed
233 1123 140 26 grundlägges
388 1123 41 23 den
444 1123 126 22 förvillande
586 1124 39 21 och
640 1123 200 27 förderfbringande
856 1129 51 21 upp-

82 1149 91 27 fattning
195 1152 32 19 att
249 1151 129 27 lagstiftning
401 1153 39 21 och
462 1152 35 26 lag
520 1152 46 21 icke
581 1152 119 21 fördömma
716 1152 67 21 lasten
797 1152 8 21 i
821 1151 39 22 och
875 1151 32 21 för

83 1177 31 27 sig
136 1179 70 20 säsom
228 1181 32 19 ett
282 1179 122 28 afskyvärdt
419 1181 58 26 ondt,
494 1187 26 14 en
536 1181 63 27 synd;
615 1183 53 19 utan
684 1182 32 20 att
730 1181 26 21 de
771 1180 55 21 blott
841 1179 66 22 värda

83 1205 32 28 sig
137 1212 40 20 om,
200 1209 40 25 att,
263 1207 52 22 efter
335 1208 101 28 förmåga,
452 1209 83 26 skydda
550 1209 55 22 både
621 1209 103 22 lastbares
740 1209 39 22 och
794 1209 46 21 icke
855 1208 52 22 last-

82 1234 62 21 bares
167 1235 59 22 helsa
248 1238 57 19 emot
326 1237 78 22 lastens
427 1237 86 27 följder;
537 1237 116 27 hvarjemte
675 1237 55 22 fröet
745 1237 58 22 utsäs
818 1236 32 21 till
865 1237 41 21 den

82 1263 88 22 hemska
192 1264 148 27 undervisning
363 1268 32 19 att
416 1266 70 21 lasten
502 1268 25 19 är
541 1272 26 15 en
583 1265 163 28 nödvändighet,
763 1271 45 16 som
823 1265 84 21 kräfver

82 1291 46 22 sina
143 1291 58 25 offer,
217 1299 47 15 men
280 1295 32 20 att
327 1294 46 27 den,
389 1295 7 20 i
412 1295 39 20 och
466 1294 33 21 för
515 1295 38 26 sig,
569 1295 18 26 ej
603 1294 91 21 innebär
708 1295 65 26 nägot
788 1293 52 22 ondt
855 1293 52 22 eller

82 1319 128 28 straffvärdt,
233 1321 33 21 för
287 1322 68 21 sävidt
378 1323 40 21 den
438 1323 18 26 ej
473 1323 100 26 angriper
588 1323 80 21 helsan.
699 1323 40 21 Till
755 1321 84 23 hvilken
854 1321 53 27 grad

82 1348 54 21 skall
159 1349 17 26 ej
200 1350 202 22 rättsmedvetandet
423 1350 65 22 blifva
502 1351 104 26 vilseledt,
622 1357 34 15 om
673 1351 61 22 dessa
748 1350 159 28 uppfattningar

82 1376 21 22 fä
125 1377 89 21 rotfästa
236 1377 38 28 sig,
296 1379 39 21 och
350 1379 85 22 hvilken
454 1379 99 28 ohygglig
568 1380 63 21 skörd
648 1380 22 21 af
683 1380 102 27 utplänad
800 1379 107 21 moralitet

83 1404 39 22 och
144 1405 102 22 förslöadt
268 1409 93 20 samvete
384 1408 53 21 skall
456 1408 17 26 ej
492 1408 61 21 häraf
568 1408 101 27 uppspira
684 1408 54 21 efter
752 1408 56 21 blott
823 1409 31 20 ett
869 1413 38 22 par

82 1434 158 26 generationer!
271 1435 46 22 Den
339 1436 164 27 omständighet,
527 1438 32 19 att
582 1438 70 19 staten
668 1437 103 21 tolererar
785 1435 40 22 och
841 1435 66 28 regle-

83 1463 106 20 menterar
212 1463 148 27 osedligheten,
384 1464 88 21 innebär
496 1466 32 19 ett
547 1465 32 20 frö
595 1464 32 21 till
643 1465 93 27 dygdens
751 1464 114 25 förintelse,
881 1471 26 15 en

82 1489 122 32 förtärande
219 1491 86 27 princip,
321 1491 7 22 i
343 1492 67 21 bredd
426 1493 102 21 hvarmed
543 1492 124 27 passionens
682 1493 145 26 utsväfningar
836 1493 71 22 kunna

82 1517 102 23 tillmätas
206 1519 109 28 betydelse
330 1520 56 22 blott
400 1521 7 20 i
423 1521 67 21 andra
505 1523 96 20 rummet.
633 1522 39 21 Ett
686 1521 131 28 förslappadt
833 1522 74 22 tilläm-
