1078 1764
207 134 41 21 162
454 141 25 18 R.
494 147 16 12 o.
523 143 23 16 A.
559 142 57 17 1888.
634 142 13 17 4
659 142 59 17 Febr.

178 226 39 21 des
232 226 106 27 ekonomi,
354 227 136 23 alldenstund
505 229 20 21 vi
541 228 105 22 äterfinna
660 228 108 22 likartade
785 228 132 28 stadganden
933 228 28 28 pä
971 234 37 16 an-

178 254 40 22 dra
240 254 108 28 omräden,
371 256 65 21 bland
457 257 73 21 hvilka
550 257 38 27 jag
609 264 29 14 nu
660 257 77 21 endast
759 257 58 22 skall
838 257 113 22 framhälla
966 257 41 22 den

179 282 154 28 obligatoriska
348 284 127 27 sjukvärden
492 286 23 21 af
528 286 107 24 arbetare,
651 292 44 15 som
710 285 63 27 ingär
789 286 7 21 i
807 286 200 27 koncessionslagen

177 310 35 22 för
226 312 98 21 enskilda
336 312 126 28 jernvägars
477 314 118 27 byggande.

245 340 40 21 Om
309 341 65 21 sedan
395 343 32 20 ett
441 342 77 22 sädant
533 342 53 22 verk
601 342 120 27 nedlägges,
741 342 72 22 skulle
829 343 47 21 dess
891 342 115 27 fattigfond

176 368 40 21 och
239 368 26 21 de
288 370 76 20 tvenne
388 370 66 22 andra
476 372 144 26 nyssnämnda
639 371 110 25 fonderna,
767 377 46 15 som
828 371 47 21 icke
890 371 55 27 finge
960 371 45 21 för-

175 396 70 22 valtas
267 396 24 22 af
311 398 167 27 arbetsgifvaren
501 400 77 26 allena,
602 400 141 21 öfverlemnas
767 400 24 21 ät
805 400 135 25 kommunen,
956 400 48 20 med

175 425 123 27 skyldighet
312 428 33 20 att
359 428 8 20 i
382 428 85 22 verkets
482 429 63 21 ställe
561 428 58 27 sörja
633 428 32 22 för
677 428 48 21 dess
735 428 164 27 pensionerade,
911 428 94 21 skadade

175 454 41 21 och
238 454 77 27 fattiga
337 456 104 22 arbetare.
471 457 50 21 Men
543 457 71 21 kunde
638 456 27 22 dä
687 457 71 21 denna
777 457 48 21 ice
841 457 32 21 till
888 456 52 22 fullo
957 456 25 26 gä
998 456 8 20 i

175 482 51 22 land
242 483 93 27 dermed,
356 485 62 21 torde
432 486 37 20 det
481 486 47 21 icke
543 486 73 20 kunna
631 486 104 20 undvikas
751 488 34 18 att
801 487 70 19 staten
887 485 48 27 (och
950 484 56 22 först

175 511 137 27 landstinget,
329 519 34 15 om
380 513 58 22 detta
453 514 66 21 redan
530 514 139 27 existerade!)
685 514 101 22 lemnade
797 514 42 21 den
849 514 79 26 nödiga
937 513 68 21 hand-

175 539 131 28 räckningen
322 541 27 26 pä
364 543 32 19 ett
411 542 52 22 eller
478 544 65 20 annat
558 544 50 20 sätt.

241 568 42 27 Jag
306 569 64 27 vågar
393 570 71 22 derför
486 570 78 22 föreslå
587 572 31 20 ett
640 570 74 27 tillägg
736 570 35 22 till
792 570 212 28 fattigvärdslagen
990 564 17 38 i

175 597 61 21 detta
258 598 53 26 syfte
334 598 40 22 och
396 599 66 21 beder
482 602 32 19 att
529 600 33 20 för
577 600 25 20 R.
619 606 18 14 o.
653 600 25 20 A.
694 599 21 21 fä
730 599 123 27 framlägga
867 600 33 20 till
915 599 89 27 gransk-

174 625 51 27 ning
247 626 40 21 och
309 628 120 26 antagande
452 630 32 19 ett
505 628 80 27 förslag
607 628 33 21 till
661 627 127 27 förordning
804 628 80 26 derom,
902 628 49 20 med
966 634 38 14 an-

174 653 72 24 hällan
262 660 35 16 om
312 657 32 19 att
360 656 7 20 i
381 656 38 21 fall
434 656 23 21 af
471 657 120 26 antagande
606 656 26 22 de
648 656 68 27 öfriga
731 656 143 22 medständen
890 656 66 22 måtte
971 656 32 21 in-

175 682 77 27 bjudas
267 684 33 20 att
315 684 73 21 derom
402 684 76 22 förena
493 685 38 27 sig.

379 770 94 28 Förslag
484 770 34 21 till
521 770 136 28 förordning
669 777 34 14 om
712 773 29 18 ett
753 771 78 27 tillägg
842 771 35 21 till
890 770 28 22 H.
929 770 29 22 K.
970 770 31 22 M.

311 797 30 21 N.
364 798 141 28 Förordning
521 806 33 14 om
564 799 155 27 fattigvärden
735 800 8 20 i
759 799 103 21 Finland
877 800 30 26 af
918 799 40 21 den
974 800 29 20 17

311 825 63 21 Mars
396 828 58 20 1879
473 828 111 26 angående
608 828 41 20 den
668 827 115 21 särskilda
793 828 157 27 jattigvärden
966 827 36 21 vid

311 854 133 22 industriela
462 856 55 21 verk.

382 911 29 21 Sä
425 914 61 19 snart
500 914 31 20 ett
545 912 123 22 industrielt
683 912 59 27 verk,
760 919 46 15 som
817 913 136 26 sysselsätter
961 913 40 21 och

311 940 29 26 pä
354 940 38 21 sitt
408 940 86 22 omräde
510 941 173 27 sammandrager
694 943 31 19 ett
737 943 70 19 större
819 941 59 21 antal
894 941 106 26 arbetare,

312 968 99 27 uppstätt
426 970 7 20 i
448 976 26 14 en
496 970 101 21 kommun
613 970 56 21 skall
692 970 38 21 det
753 971 78 25 genast
849 970 96 26 afskiljas
961 970 40 21 och

309 996 59 22 bilda
382 999 33 19 ett
429 998 101 21 särskildt
545 998 225 26 fattigvärdsdistrikt,
785 998 49 21 med
850 1004 52 20 egen
917 1000 83 20 uttaxe-

309 1026 47 26 ring
379 1026 23 21 af
423 1026 149 27 fattigafgifter
594 1026 40 22 och
656 1026 103 22 bildande
778 1026 24 21 af
815 1033 26 14 en
857 1033 50 21 egen
917 1027 83 27 jattig-

304 1054 60 26 fond
397 1054 35 21 för
460 1056 85 26 vanliga
571 1054 174 27 fattigvärdsfall.
777 1050 6 36 =
792 1055 108 27 Derjemte
930 1055 70 21 bildas

308 1084 77 20 tvenne
400 1083 68 21 andra
482 1083 84 21 fonder:
587 1089 27 15 en
630 1083 114 26 Sjuk-och
763 1082 188 24 Understödsfond
966 1083 34 21 för

308 1111 103 27 tillfälligt
427 1112 149 26 bispringande
591 1111 24 21 af
633 1112 62 26 sjuka
711 1112 42 21 och
769 1112 68 21 under
852 1112 84 21 arbetet
952 1112 48 21 ska-

308 1139 55 21 dade
386 1140 99 21 arbetare
507 1140 40 22 och
570 1146 26 15 en
619 1140 168 26 Pensionsfond
801 1140 34 21 för
849 1140 113 22 underhäll
978 1140 23 22 af

306 1167 91 27 äldriga,
420 1168 109 27 uttjenade
552 1169 40 21 och
613 1169 7 21 i
635 1169 95 26 tjensten
746 1169 102 25 skadade,
871 1169 33 21 till
926 1169 73 21 vidare

306 1196 75 22 arbete
392 1196 130 28 oförmögne,
538 1197 61 21 äfven
614 1204 67 20 yngre
697 1197 109 21 arbetare.
836 1197 68 21 Dessa
922 1198 77 20 tvenne

306 1224 76 22 fonder
406 1225 68 22 bildas
496 1232 77 21 genom
593 1226 74 26 afdrag
691 1226 41 21 och
755 1225 151 22 innehällande
928 1225 24 21 af
972 1231 27 16 en

305 1253 43 21 viss
371 1256 90 24 procent
482 1254 24 21 af
520 1255 138 20 arbetarenas
674 1254 171 27 veckoaflöning,
861 1254 87 21 hvartill
963 1254 35 21 vid

305 1281 59 22 årets
386 1283 54 20 eller
461 1283 73 26 hvarje
553 1283 89 21 månads
657 1283 44 21 slut
717 1283 24 21 af
755 1289 79 20 egaren
851 1283 51 20 eller
916 1283 82 21 arbets-

304 1310 96 27 gifvaren
421 1312 71 26 lägges
508 1313 31 20 ett
554 1312 44 20 lika
608 1313 55 20 stort
673 1311 81 26 belopp
766 1317 45 15 som
824 1310 81 21 hälften
916 1311 24 21 af
947 1311 51 21 eller

304 1339 49 20 hela
376 1339 41 22 den
440 1346 88 20 summa,
552 1340 86 21 hvilken
661 1340 103 27 samtliga
786 1339 130 21 arbetarena
930 1340 68 21 under

303 1373 83 16 samma
409 1368 31 21 tid
455 1369 96 25 inbetalt,
572 1368 55 21 intill
644 1368 47 21 dess
707 1368 35 21 för
759 1368 68 21 denne
844 1368 154 26 arbetsgifvare

305 1398 31 18 ett
351 1397 54 20 visst
420 1397 114 21 maximum
550 1396 111 27 uppnätts;
686 1397 41 21 och
744 1396 21 21 fä
781 1397 65 20 dessa
861 1396 75 21 fonder
951 1397 47 20 icke

302 1423 106 23 förvaltas
423 1425 23 21 af
459 1425 86 22 verkets
561 1431 63 20 egare
640 1425 77 21 allena.

373 1453 42 22 Vid
430 1454 84 21 verkets
528 1454 88 27 möjliga
631 1453 150 28 nedläggande
801 1453 61 21 skola
877 1453 43 22 alla
935 1453 63 21 dessa

302 1480 78 22 fonder
403 1482 139 21 öfverlemnas
566 1482 22 21 ät
604 1483 137 25 kommunen,
758 1488 46 15 som
819 1481 29 21 dä
862 1487 50 22 eger
928 1481 68 22 öfver-

302 1510 52 25 taga
368 1509 81 22 värden
464 1511 40 21 och
519 1510 136 22 underhället
670 1511 23 20 af
707 1511 50 21 dess
773 1510 147 27 pensionärer,
942 1512 56 19 samt

302 1537 96 22 skadade
415 1539 39 21 och
468 1539 77 26 fattiga
560 1539 107 21 arbetare.
