<?xml version="1.0" encoding="UTF-8"?>
<alto xmlns="http://www.loc.gov/standards/alto/ns-v3#" xmlns:xlink="http://www.w3.org/1999/xlink" xmlns:xsi="http://www.w3.org/2001/XMLSchema-instance" xsi:schemaLocation="http://www.loc.gov/standards/alto/ns-v3# http://www.loc.gov/alto/v3/alto-3-0.xsd">
	<Description>
		<MeasurementUnit>pixel</MeasurementUnit>
		<sourceImageInformation>
			<fileName>/tmp/tess_if0zh0eu_input.PNG</fileName>
		</sourceImageInformation>
		<OCRProcessing ID="OCR_0">
			<ocrProcessingStep>
				<processingSoftware>
					<softwareName>tesseract 5.3.4</softwareName>
				</processingSoftware>
			</ocrProcessingStep>
		</OCRProcessing>
	</Description>
	<Layout>
		<Page WIDTH="1078" HEIGHT="1756" PHYSICAL_IMG_NR="0" ID="page_0">
			<PrintSpace HPOS="0" VPOS="0" WIDTH="1078" HEIGHT="1756">
				<ComposedBlock ID="cblock_0" HPOS="358" VPOS="139" WIDTH="516" HEIGHT="23">
					<TextBlock ID="block_0" HPOS="358" VPOS="139" WIDTH="516" HEIGHT="23">
						<TextLine ID="line_0" HPOS="358" VPOS="139" WIDTH="516" HEIGHT="23">
							<String ID="string_0" HPOS="358" VPOS="145" WIDTH="26" HEIGHT="17" WC="0.96" CONTENT="R."/><SP WIDTH="12" VPOS="145" HPOS="384"/>
							<String ID="string_1" HPOS="396" VPOS="149" WIDTH="18" HEIGHT="13" WC="0.89" CONTENT="o."/><SP WIDTH="12" VPOS="149" HPOS="414"/>
							<String ID="string_2" HPOS="426" VPOS="145" WIDTH="23" HEIGHT="16" WC="0.96" CONTENT="A."/><SP WIDTH="12" VPOS="145" HPOS="449"/>
							<String ID="string_3" HPOS="461" VPOS="145" WIDTH="60" HEIGHT="17" WC="0.96" CONTENT="1888."/><SP WIDTH="14" VPOS="145" HPOS="521"/>
							<String ID="string_4" HPOS="535" VPOS="145" WIDTH="22" HEIGHT="16" WC="0.96" CONTENT="13"/><SP WIDTH="9" VPOS="145" HPOS="557"/>
							<String ID="string_5" HPOS="566" VPOS="144" WIDTH="62" HEIGHT="17" WC="0.93" CONTENT="Mars."/><SP WIDTH="206" VPOS="144" HPOS="628"/>
							<String ID="string_6" HPOS="834" VPOS="139" WIDTH="40" HEIGHT="21" WC="0.95" CONTENT="447"/>
						</TextLine>
					</TextBlock>
				</ComposedBlock>
				<GraphicalElement ID="cblock_1" HPOS="82" VPOS="182" WIDTH="817" HEIGHT="10"></GraphicalElement >
				<ComposedBlock ID="cblock_2" HPOS="82" VPOS="229" WIDTH="836" HEIGHT="1339">
					<TextBlock ID="block_1" HPOS="82" VPOS="229" WIDTH="822" HEIGHT="80">
						<TextLine ID="line_1" HPOS="82" VPOS="229" WIDTH="822" HEIGHT="28">
							<String ID="string_7" HPOS="82" VPOS="231" WIDTH="71" HEIGHT="20" WC="0.91" CONTENT="rätten"/><SP WIDTH="23" VPOS="231" HPOS="153"/>
							<String ID="string_8" HPOS="176" VPOS="231" WIDTH="24" HEIGHT="20" WC="0.93" CONTENT="är"/><SP WIDTH="22" VPOS="231" HPOS="200"/>
							<String ID="string_9" HPOS="222" VPOS="229" WIDTH="98" HEIGHT="22" WC="0.90" CONTENT="eventuel"/><SP WIDTH="22" VPOS="229" HPOS="320"/>
							<String ID="string_10" HPOS="342" VPOS="229" WIDTH="40" HEIGHT="22" WC="0.95" CONTENT="och"/><SP WIDTH="22" VPOS="229" HPOS="382"/>
							<String ID="string_11" HPOS="404" VPOS="229" WIDTH="39" HEIGHT="22" WC="0.93" CONTENT="har"/><SP WIDTH="22" VPOS="229" HPOS="443"/>
							<String ID="string_12" HPOS="465" VPOS="229" WIDTH="117" HEIGHT="22" WC="0.90" CONTENT="tillsvidare"/><SP WIDTH="22" VPOS="229" HPOS="582"/>
							<String ID="string_13" HPOS="604" VPOS="229" WIDTH="39" HEIGHT="22" WC="0.90" CONTENT="alls"/><SP WIDTH="17" VPOS="229" HPOS="643"/>
							<String ID="string_14" HPOS="660" VPOS="229" WIDTH="47" HEIGHT="22" WC="0.90" CONTENT="icke"/><SP WIDTH="15" VPOS="229" HPOS="707"/>
							<String ID="string_15" HPOS="722" VPOS="229" WIDTH="66" HEIGHT="28" WC="0.96" CONTENT="gjorts"/><SP WIDTH="15" VPOS="229" HPOS="788"/>
							<String ID="string_16" HPOS="803" VPOS="229" WIDTH="101" HEIGHT="27" WC="0.95" CONTENT="gällande."/>
						</TextLine>
						<TextLine ID="line_2" HPOS="83" VPOS="257" WIDTH="820" HEIGHT="29">
							<String ID="string_17" HPOS="83" VPOS="258" WIDTH="50" HEIGHT="22" WC="0.92" CONTENT="Med"/><SP WIDTH="21" VPOS="258" HPOS="133"/>
							<String ID="string_18" HPOS="154" VPOS="258" WIDTH="21" HEIGHT="21" WC="0.88" CONTENT="fä"/><SP WIDTH="22" VPOS="258" HPOS="175"/>
							<String ID="string_19" HPOS="197" VPOS="258" WIDTH="45" HEIGHT="26" WC="0.93" CONTENT="ord,"/><SP WIDTH="22" VPOS="258" HPOS="242"/>
							<String ID="string_20" HPOS="264" VPOS="257" WIDTH="140" HEIGHT="28" WC="0.93" CONTENT="kungörelsen"/><SP WIDTH="16" VPOS="257" HPOS="404"/>
							<String ID="string_21" HPOS="420" VPOS="260" WIDTH="24" HEIGHT="19" WC="0.93" CONTENT="är"/><SP WIDTH="15" VPOS="260" HPOS="444"/>
							<String ID="string_22" HPOS="459" VPOS="258" WIDTH="82" HEIGHT="28" WC="0.93" CONTENT="skapad"/><SP WIDTH="14" VPOS="258" HPOS="541"/>
							<String ID="string_23" HPOS="555" VPOS="258" WIDTH="33" HEIGHT="21" WC="0.96" CONTENT="för"/><SP WIDTH="15" VPOS="258" HPOS="588"/>
							<String ID="string_24" HPOS="603" VPOS="258" WIDTH="37" HEIGHT="21" WC="0.96" CONTENT="det"/><SP WIDTH="14" VPOS="258" HPOS="640"/>
							<String ID="string_25" HPOS="654" VPOS="258" WIDTH="96" HEIGHT="21" WC="0.96" CONTENT="enskilda"/><SP WIDTH="16" VPOS="258" HPOS="750"/>
							<String ID="string_26" HPOS="766" VPOS="259" WIDTH="98" HEIGHT="20" WC="0.93" CONTENT="intresset"/><SP WIDTH="16" VPOS="259" HPOS="864"/>
							<String ID="string_27" HPOS="880" VPOS="269" WIDTH="23" HEIGHT="4" WC="0.93" CONTENT="—"/>
						</TextLine>
						<TextLine ID="line_3" HPOS="83" VPOS="286" WIDTH="277" HEIGHT="23">
							<String ID="string_28" HPOS="83" VPOS="286" WIDTH="127" HEIGHT="23" WC="0.90" CONTENT="ätminstone"/><SP WIDTH="14" VPOS="286" HPOS="210"/>
							<String ID="string_29" HPOS="224" VPOS="286" WIDTH="43" HEIGHT="22" WC="0.96" CONTENT="tills"/><SP WIDTH="15" VPOS="286" HPOS="267"/>
							<String ID="string_30" HPOS="282" VPOS="287" WIDTH="78" HEIGHT="21" WC="0.96" CONTENT="vidare."/>
						</TextLine>
					</TextBlock>
					<TextBlock ID="block_2" HPOS="83" VPOS="314" WIDTH="824" HEIGHT="171">
						<TextLine ID="line_4" HPOS="151" VPOS="314" WIDTH="756" HEIGHT="28">
							<String ID="string_31" HPOS="151" VPOS="315" WIDTH="32" HEIGHT="22" WC="0.96" CONTENT="På"/><SP WIDTH="14" VPOS="315" HPOS="183"/>
							<String ID="string_32" HPOS="197" VPOS="315" WIDTH="37" HEIGHT="21" WC="0.96" CONTENT="sid."/><SP WIDTH="17" VPOS="315" HPOS="234"/>
							<String ID="string_33" HPOS="251" VPOS="315" WIDTH="13" HEIGHT="21" WC="0.93" CONTENT="6"/><SP WIDTH="15" VPOS="315" HPOS="264"/>
							<String ID="string_34" HPOS="279" VPOS="315" WIDTH="121" HEIGHT="21" WC="0.96" CONTENT="framhåller"/><SP WIDTH="14" VPOS="315" HPOS="400"/>
							<String ID="string_35" HPOS="414" VPOS="315" WIDTH="107" HEIGHT="22" WC="0.93" CONTENT="utskottet"/><SP WIDTH="15" VPOS="315" HPOS="521"/>
							<String ID="string_36" HPOS="536" VPOS="317" WIDTH="10" HEIGHT="24" WC="0.90" CONTENT="$"/><SP WIDTH="15" VPOS="317" HPOS="546"/>
							<String ID="string_37" HPOS="561" VPOS="315" WIDTH="29" HEIGHT="21" WC="0.96" CONTENT="43"/><SP WIDTH="15" VPOS="315" HPOS="590"/>
							<String ID="string_38" HPOS="605" VPOS="315" WIDTH="7" HEIGHT="20" WC="0.93" CONTENT="i"/><SP WIDTH="19" VPOS="315" HPOS="612"/>
							<String ID="string_39" HPOS="631" VPOS="315" WIDTH="202" HEIGHT="27" WC="0.96" CONTENT="Regeringsformen."/><SP WIDTH="30" VPOS="315" HPOS="833"/>
							<String ID="string_40" HPOS="863" VPOS="314" WIDTH="44" HEIGHT="22" WC="0.96" CONTENT="För"/>
						</TextLine>
						<TextLine ID="line_5" HPOS="83" VPOS="343" WIDTH="823" HEIGHT="28">
							<String ID="string_41" HPOS="83" VPOS="343" WIDTH="44" HEIGHT="22" WC="0.96" CONTENT="min"/><SP WIDTH="16" VPOS="343" HPOS="127"/>
							<String ID="string_42" HPOS="143" VPOS="343" WIDTH="33" HEIGHT="22" WC="0.93" CONTENT="del"/><SP WIDTH="15" VPOS="343" HPOS="176"/>
							<String ID="string_43" HPOS="191" VPOS="346" WIDTH="45" HEIGHT="19" WC="0.95" CONTENT="tror"/><SP WIDTH="13" VPOS="346" HPOS="236"/>
							<String ID="string_44" HPOS="249" VPOS="344" WIDTH="37" HEIGHT="26" WC="0.96" CONTENT="jag"/><SP WIDTH="15" VPOS="344" HPOS="286"/>
							<String ID="string_45" HPOS="301" VPOS="345" WIDTH="31" HEIGHT="20" WC="0.96" CONTENT="att"/><SP WIDTH="15" VPOS="345" HPOS="332"/>
							<String ID="string_46" HPOS="347" VPOS="343" WIDTH="62" HEIGHT="27" WC="0.96" CONTENT="ingen"/><SP WIDTH="15" VPOS="343" HPOS="409"/>
							<String ID="string_47" HPOS="424" VPOS="343" WIDTH="40" HEIGHT="22" WC="0.96" CONTENT="har"/><SP WIDTH="15" VPOS="343" HPOS="464"/>
							<String ID="string_48" HPOS="479" VPOS="344" WIDTH="7" HEIGHT="21" WC="0.93" CONTENT="i"/><SP WIDTH="15" VPOS="344" HPOS="486"/>
							<String ID="string_49" HPOS="501" VPOS="343" WIDTH="60" HEIGHT="28" WC="0.96" CONTENT="fråga"/><SP WIDTH="14" VPOS="343" HPOS="561"/>
							<String ID="string_50" HPOS="575" VPOS="345" WIDTH="43" HEIGHT="20" WC="0.96" CONTENT="satt"/><SP WIDTH="15" VPOS="345" HPOS="618"/>
							<String ID="string_51" HPOS="633" VPOS="343" WIDTH="40" HEIGHT="22" WC="0.96" CONTENT="och"/><SP WIDTH="15" VPOS="343" HPOS="673"/>
							<String ID="string_52" HPOS="688" VPOS="344" WIDTH="6" HEIGHT="20" WC="0.93" CONTENT="i"/><SP WIDTH="16" VPOS="344" HPOS="694"/>
							<String ID="string_53" HPOS="710" VPOS="344" WIDTH="59" HEIGHT="27" WC="0.96" CONTENT="fråga"/><SP WIDTH="14" VPOS="344" HPOS="769"/>
							<String ID="string_54" HPOS="783" VPOS="346" WIDTH="67" HEIGHT="20" WC="0.93" CONTENT="sätter"/><SP WIDTH="14" VPOS="346" HPOS="850"/>
							<String ID="string_55" HPOS="864" VPOS="343" WIDTH="42" HEIGHT="22" WC="0.93" CONTENT="rik-"/>
						</TextLine>
						<TextLine ID="line_6" HPOS="83" VPOS="371" WIDTH="824" HEIGHT="28">
							<String ID="string_56" HPOS="83" VPOS="372" WIDTH="94" HEIGHT="27" WC="0.92" CONTENT="tigheten"/><SP WIDTH="23" VPOS="372" HPOS="177"/>
							<String ID="string_57" HPOS="200" VPOS="371" WIDTH="22" HEIGHT="23" WC="0.93" CONTENT="af"/><SP WIDTH="20" VPOS="371" HPOS="222"/>
							<String ID="string_58" HPOS="242" VPOS="372" WIDTH="114" HEIGHT="21" WC="0.92" CONTENT="utskottets"/><SP WIDTH="22" VPOS="372" HPOS="356"/>
							<String ID="string_59" HPOS="378" VPOS="371" WIDTH="124" HEIGHT="23" WC="0.89" CONTENT="reflexioner"/><SP WIDTH="22" VPOS="371" HPOS="502"/>
							<String ID="string_60" HPOS="524" VPOS="372" WIDTH="7" HEIGHT="21" WC="0.95" CONTENT="i"/><SP WIDTH="23" VPOS="372" HPOS="531"/>
							<String ID="string_61" HPOS="554" VPOS="372" WIDTH="91" HEIGHT="21" WC="0.94" CONTENT="nämnda"/><SP WIDTH="22" VPOS="372" HPOS="645"/>
							<String ID="string_62" HPOS="667" VPOS="372" WIDTH="126" HEIGHT="27" WC="0.95" CONTENT="hänseende,"/><SP WIDTH="16" VPOS="372" HPOS="793"/>
							<String ID="string_63" HPOS="809" VPOS="372" WIDTH="51" HEIGHT="22" WC="0.96" CONTENT="eller"/><SP WIDTH="14" VPOS="372" HPOS="860"/>
							<String ID="string_64" HPOS="874" VPOS="373" WIDTH="33" HEIGHT="20" WC="0.97" CONTENT="att"/>
						</TextLine>
						<TextLine ID="line_7" HPOS="83" VPOS="400" WIDTH="824" HEIGHT="28">
							<String ID="string_65" HPOS="83" VPOS="401" WIDTH="74" HEIGHT="27" WC="0.87" CONTENT="frägan"/><SP WIDTH="22" VPOS="401" HPOS="157"/>
							<String ID="string_66" HPOS="179" VPOS="400" WIDTH="97" HEIGHT="27" WC="0.87" CONTENT="slutligen"/><SP WIDTH="23" VPOS="400" HPOS="276"/>
							<String ID="string_67" HPOS="299" VPOS="401" WIDTH="39" HEIGHT="20" WC="0.93" CONTENT="bör"/><SP WIDTH="23" VPOS="401" HPOS="338"/>
							<String ID="string_68" HPOS="361" VPOS="400" WIDTH="81" HEIGHT="22" WC="0.87" CONTENT="lemnas"/><SP WIDTH="22" VPOS="400" HPOS="442"/>
							<String ID="string_69" HPOS="464" VPOS="401" WIDTH="33" HEIGHT="21" WC="0.93" CONTENT="till"/><SP WIDTH="23" VPOS="401" HPOS="497"/>
							<String ID="string_70" HPOS="520" VPOS="400" WIDTH="92" HEIGHT="28" WC="0.92" CONTENT="lagenlig"/><SP WIDTH="21" VPOS="400" HPOS="612"/>
							<String ID="string_71" HPOS="633" VPOS="400" WIDTH="129" HEIGHT="27" WC="0.96" CONTENT="behandling"/><SP WIDTH="14" VPOS="400" HPOS="762"/>
							<String ID="string_72" HPOS="776" VPOS="401" WIDTH="22" HEIGHT="21" WC="0.96" CONTENT="af"/><SP WIDTH="13" VPOS="401" HPOS="798"/>
							<String ID="string_73" HPOS="811" VPOS="401" WIDTH="26" HEIGHT="21" WC="0.93" CONTENT="de"/><SP WIDTH="14" VPOS="401" HPOS="837"/>
							<String ID="string_74" HPOS="851" VPOS="400" WIDTH="56" HEIGHT="22" WC="0.92" CONTENT="bäda"/>
						</TextLine>
						<TextLine ID="line_8" HPOS="83" VPOS="428" WIDTH="824" HEIGHT="29">
							<String ID="string_75" HPOS="83" VPOS="429" WIDTH="171" HEIGHT="22" WC="0.93" CONTENT="statsmakterna."/><SP WIDTH="30" VPOS="429" HPOS="254"/>
							<String ID="string_76" HPOS="284" VPOS="429" WIDTH="56" HEIGHT="25" WC="0.93" CONTENT="Men,"/><SP WIDTH="23" VPOS="429" HPOS="340"/>
							<String ID="string_77" HPOS="363" VPOS="429" WIDTH="74" HEIGHT="28" WC="0.73" CONTENT="såsom:"/><SP WIDTH="13" VPOS="429" HPOS="437"/>
							<String ID="string_78" HPOS="450" VPOS="429" WIDTH="38" HEIGHT="27" WC="0.93" CONTENT="jag"/><SP WIDTH="15" VPOS="429" HPOS="488"/>
							<String ID="string_79" HPOS="503" VPOS="429" WIDTH="46" HEIGHT="22" WC="0.96" CONTENT="haft"/><SP WIDTH="15" VPOS="429" HPOS="549"/>
							<String ID="string_80" HPOS="564" VPOS="431" WIDTH="51" HEIGHT="20" WC="0.96" CONTENT="äran"/><SP WIDTH="16" VPOS="431" HPOS="615"/>
							<String ID="string_81" HPOS="631" VPOS="429" WIDTH="79" HEIGHT="27" WC="0.96" CONTENT="anföra,"/><SP WIDTH="16" VPOS="429" HPOS="710"/>
							<String ID="string_82" HPOS="726" VPOS="430" WIDTH="57" HEIGHT="21" WC="0.96" CONTENT="tiden"/><SP WIDTH="15" VPOS="430" HPOS="783"/>
							<String ID="string_83" HPOS="798" VPOS="431" WIDTH="24" HEIGHT="20" WC="0.91" CONTENT="är"/><SP WIDTH="15" VPOS="431" HPOS="822"/>
							<String ID="string_84" HPOS="837" VPOS="428" WIDTH="70" HEIGHT="23" WC="0.90" CONTENT="dertill"/>
						</TextLine>
						<TextLine ID="line_9" HPOS="85" VPOS="458" WIDTH="159" HEIGHT="27">
							<String ID="string_85" HPOS="85" VPOS="460" WIDTH="56" HEIGHT="20" WC="0.93" CONTENT="ännu"/><SP WIDTH="15" VPOS="460" HPOS="141"/>
							<String ID="string_86" HPOS="156" VPOS="458" WIDTH="17" HEIGHT="27" WC="0.96" CONTENT="ej"/><SP WIDTH="18" VPOS="458" HPOS="173"/>
							<String ID="string_87" HPOS="191" VPOS="458" WIDTH="53" HEIGHT="21" WC="0.95" CONTENT="inne."/>
						</TextLine>
					</TextBlock>
					<TextBlock ID="block_3" HPOS="85" VPOS="486" WIDTH="825" HEIGHT="284">
						<TextLine ID="line_10" HPOS="154" VPOS="486" WIDTH="753" HEIGHT="27">
							<String ID="string_88" HPOS="154" VPOS="486" WIDTH="61" HEIGHT="22" WC="0.96" CONTENT="Hvad"/><SP WIDTH="22" VPOS="486" HPOS="215"/>
							<String ID="string_89" HPOS="237" VPOS="487" WIDTH="46" HEIGHT="20" WC="0.96" CONTENT="åter"/><SP WIDTH="21" VPOS="487" HPOS="283"/>
							<String ID="string_90" HPOS="304" VPOS="486" WIDTH="102" HEIGHT="22" WC="0.95" CONTENT="beträffar"/><SP WIDTH="16" VPOS="486" HPOS="406"/>
							<String ID="string_91" HPOS="422" VPOS="487" WIDTH="39" HEIGHT="21" WC="0.96" CONTENT="den"/><SP WIDTH="17" VPOS="487" HPOS="461"/>
							<String ID="string_92" HPOS="478" VPOS="486" WIDTH="190" HEIGHT="27" WC="0.95" CONTENT="omständigheten,"/><SP WIDTH="16" VPOS="486" HPOS="668"/>
							<String ID="string_93" HPOS="684" VPOS="488" WIDTH="33" HEIGHT="19" WC="0.93" CONTENT="att"/><SP WIDTH="15" VPOS="488" HPOS="717"/>
							<String ID="string_94" HPOS="732" VPOS="486" WIDTH="126" HEIGHT="27" WC="0.91" CONTENT="stadgandet"/><SP WIDTH="15" VPOS="486" HPOS="858"/>
							<String ID="string_95" HPOS="873" VPOS="491" WIDTH="34" HEIGHT="15" WC="0.95" CONTENT="om"/>
						</TextLine>
						<TextLine ID="line_11" HPOS="85" VPOS="513" WIDTH="822" HEIGHT="29">
							<String ID="string_96" HPOS="85" VPOS="515" WIDTH="92" HEIGHT="21" WC="0.93" CONTENT="kronans"/><SP WIDTH="23" VPOS="515" HPOS="177"/>
							<String ID="string_97" HPOS="200" VPOS="515" WIDTH="137" HEIGHT="26" WC="0.92" CONTENT="lösningsrätt"/><SP WIDTH="22" VPOS="515" HPOS="337"/>
							<String ID="string_98" HPOS="359" VPOS="515" WIDTH="32" HEIGHT="21" WC="0.94" CONTENT="till"/><SP WIDTH="23" VPOS="515" HPOS="391"/>
							<String ID="string_99" HPOS="414" VPOS="515" WIDTH="97" HEIGHT="22" WC="0.93" CONTENT="enskilda"/><SP WIDTH="22" VPOS="515" HPOS="511"/>
							<String ID="string_100" HPOS="533" VPOS="515" WIDTH="231" HEIGHT="27" WC="0.92" CONTENT="telefonanläggningar"/><SP WIDTH="25" VPOS="515" HPOS="764"/>
							<String ID="string_101" HPOS="789" VPOS="515" WIDTH="45" HEIGHT="21" WC="0.96" CONTENT="icke"/><SP WIDTH="25" VPOS="515" HPOS="834"/>
							<String ID="string_102" HPOS="859" VPOS="513" WIDTH="48" HEIGHT="22" WC="0.96" CONTENT="bort"/>
						</TextLine>
						<TextLine ID="line_12" HPOS="85" VPOS="543" WIDTH="824" HEIGHT="28">
							<String ID="string_103" HPOS="85" VPOS="545" WIDTH="53" HEIGHT="20" WC="0.96" CONTENT="utan"/><SP WIDTH="23" VPOS="545" HPOS="138"/>
							<String ID="string_104" HPOS="161" VPOS="543" WIDTH="123" HEIGHT="22" WC="0.96" CONTENT="ständernas"/><SP WIDTH="25" VPOS="543" HPOS="284"/>
							<String ID="string_105" HPOS="309" VPOS="544" WIDTH="107" HEIGHT="26" WC="0.96" CONTENT="samtycke"/><SP WIDTH="15" VPOS="544" HPOS="416"/>
							<String ID="string_106" HPOS="431" VPOS="543" WIDTH="103" HEIGHT="28" WC="0.96" CONTENT="utfärdas,"/><SP WIDTH="16" VPOS="543" HPOS="534"/>
							<String ID="string_107" HPOS="550" VPOS="543" WIDTH="39" HEIGHT="22" WC="0.96" CONTENT="har"/><SP WIDTH="16" VPOS="543" HPOS="589"/>
							<String ID="string_108" HPOS="605" VPOS="543" WIDTH="68" HEIGHT="22" WC="0.93" CONTENT="denna"/><SP WIDTH="15" VPOS="543" HPOS="673"/>
							<String ID="string_109" HPOS="688" VPOS="543" WIDTH="137" HEIGHT="27" WC="0.91" CONTENT="lösningsrätt"/><SP WIDTH="15" VPOS="543" HPOS="825"/>
							<String ID="string_110" HPOS="840" VPOS="544" WIDTH="69" HEIGHT="19" WC="0.92" CONTENT="utver-"/>
						</TextLine>
						<TextLine ID="line_13" HPOS="85" VPOS="571" WIDTH="824" HEIGHT="27">
							<String ID="string_111" HPOS="85" VPOS="572" WIDTH="48" HEIGHT="21" WC="0.92" CONTENT="kats"/><SP WIDTH="22" VPOS="572" HPOS="133"/>
							<String ID="string_112" HPOS="155" VPOS="572" WIDTH="67" HEIGHT="21" WC="0.96" CONTENT="under"/><SP WIDTH="22" VPOS="572" HPOS="222"/>
							<String ID="string_113" HPOS="244" VPOS="578" WIDTH="26" HEIGHT="15" WC="0.95" CONTENT="en"/><SP WIDTH="22" VPOS="578" HPOS="270"/>
							<String ID="string_114" HPOS="292" VPOS="572" WIDTH="36" HEIGHT="26" WC="0.95" CONTENT="tid,"/><SP WIDTH="24" VPOS="572" HPOS="328"/>
							<String ID="string_115" HPOS="352" VPOS="573" WIDTH="26" HEIGHT="20" WC="0.97" CONTENT="då"/><SP WIDTH="23" VPOS="573" HPOS="378"/>
							<String ID="string_116" HPOS="401" VPOS="573" WIDTH="116" HEIGHT="21" WC="0.96" CONTENT="ständerna"/><SP WIDTH="22" VPOS="573" HPOS="517"/>
							<String ID="string_117" HPOS="539" VPOS="572" WIDTH="47" HEIGHT="21" WC="0.96" CONTENT="icke"/><SP WIDTH="23" VPOS="572" HPOS="586"/>
							<String ID="string_118" HPOS="609" VPOS="578" WIDTH="49" HEIGHT="15" WC="0.96" CONTENT="voro"/><SP WIDTH="16" VPOS="578" HPOS="658"/>
							<String ID="string_119" HPOS="674" VPOS="571" WIDTH="126" HEIGHT="22" WC="0.95" CONTENT="församlade"/><SP WIDTH="15" VPOS="571" HPOS="800"/>
							<String ID="string_120" HPOS="815" VPOS="571" WIDTH="40" HEIGHT="22" WC="0.96" CONTENT="och"/><SP WIDTH="15" VPOS="571" HPOS="855"/>
							<String ID="string_121" HPOS="870" VPOS="571" WIDTH="39" HEIGHT="21" WC="0.96" CONTENT="har"/>
						</TextLine>
						<TextLine ID="line_14" HPOS="85" VPOS="599" WIDTH="824" HEIGHT="24">
							<String ID="string_122" HPOS="85" VPOS="601" WIDTH="78" HEIGHT="20" WC="0.91" CONTENT="måstat"/><SP WIDTH="22" VPOS="601" HPOS="163"/>
							<String ID="string_123" HPOS="185" VPOS="600" WIDTH="99" HEIGHT="21" WC="0.91" CONTENT="utverkas"/><SP WIDTH="18" VPOS="600" HPOS="284"/>
							<String ID="string_124" HPOS="302" VPOS="600" WIDTH="32" HEIGHT="21" WC="0.96" CONTENT="för"/><SP WIDTH="15" VPOS="600" HPOS="334"/>
							<String ID="string_125" HPOS="349" VPOS="603" WIDTH="32" HEIGHT="19" WC="0.93" CONTENT="att"/><SP WIDTH="15" VPOS="603" HPOS="381"/>
							<String ID="string_126" HPOS="396" VPOS="601" WIDTH="174" HEIGHT="22" WC="0.92" CONTENT="telefonrörelsen"/><SP WIDTH="16" VPOS="601" HPOS="570"/>
							<String ID="string_127" HPOS="586" VPOS="600" WIDTH="47" HEIGHT="21" WC="0.96" CONTENT="icke"/><SP WIDTH="14" VPOS="600" HPOS="633"/>
							<String ID="string_128" HPOS="647" VPOS="600" WIDTH="69" HEIGHT="22" WC="0.93" CONTENT="skulle"/><SP WIDTH="15" VPOS="600" HPOS="716"/>
							<String ID="string_129" HPOS="731" VPOS="601" WIDTH="102" HEIGHT="21" WC="0.89" CONTENT="afstanna."/><SP WIDTH="31" VPOS="601" HPOS="833"/>
							<String ID="string_130" HPOS="864" VPOS="599" WIDTH="45" HEIGHT="21" WC="0.96" CONTENT="Och"/>
						</TextLine>
						<TextLine ID="line_15" HPOS="86" VPOS="627" WIDTH="824" HEIGHT="29">
							<String ID="string_131" HPOS="86" VPOS="629" WIDTH="35" HEIGHT="20" WC="0.96" CONTENT="må"/><SP WIDTH="22" VPOS="629" HPOS="121"/>
							<String ID="string_132" HPOS="143" VPOS="630" WIDTH="115" HEIGHT="26" WC="0.95" CONTENT="yttermera"/><SP WIDTH="21" VPOS="630" HPOS="258"/>
							<String ID="string_133" HPOS="279" VPOS="628" WIDTH="123" HEIGHT="22" WC="0.96" CONTENT="framhållas"/><SP WIDTH="16" VPOS="628" HPOS="402"/>
							<String ID="string_134" HPOS="418" VPOS="631" WIDTH="32" HEIGHT="19" WC="0.96" CONTENT="att"/><SP WIDTH="15" VPOS="631" HPOS="450"/>
							<String ID="string_135" HPOS="465" VPOS="629" WIDTH="66" HEIGHT="27" WC="0.93" CONTENT="sagda"/><SP WIDTH="15" VPOS="629" HPOS="531"/>
							<String ID="string_136" HPOS="546" VPOS="629" WIDTH="136" HEIGHT="26" WC="0.92" CONTENT="lösningsrätt"/><SP WIDTH="15" VPOS="629" HPOS="682"/>
							<String ID="string_137" HPOS="697" VPOS="629" WIDTH="108" HEIGHT="21" WC="0.91" CONTENT="utverkats"/><SP WIDTH="13" VPOS="629" HPOS="805"/>
							<String ID="string_138" HPOS="818" VPOS="628" WIDTH="44" HEIGHT="27" WC="0.96" CONTENT="just"/><SP WIDTH="15" VPOS="628" HPOS="862"/>
							<String ID="string_139" HPOS="877" VPOS="627" WIDTH="33" HEIGHT="21" WC="0.96" CONTENT="för"/>
						</TextLine>
						<TextLine ID="line_16" HPOS="86" VPOS="656" WIDTH="824" HEIGHT="28">
							<String ID="string_140" HPOS="86" VPOS="658" WIDTH="33" HEIGHT="20" WC="0.96" CONTENT="att"/><SP WIDTH="13" VPOS="658" HPOS="119"/>
							<String ID="string_141" HPOS="132" VPOS="657" WIDTH="79" HEIGHT="21" WC="0.96" CONTENT="bereda"/><SP WIDTH="15" VPOS="657" HPOS="211"/>
							<String ID="string_142" HPOS="226" VPOS="657" WIDTH="26" HEIGHT="22" WC="0.96" CONTENT="de"/><SP WIDTH="16" VPOS="657" HPOS="252"/>
							<String ID="string_143" HPOS="268" VPOS="657" WIDTH="54" HEIGHT="22" WC="0.96" CONTENT="båda"/><SP WIDTH="15" VPOS="657" HPOS="322"/>
							<String ID="string_144" HPOS="337" VPOS="658" WIDTH="165" HEIGHT="21" WC="0.95" CONTENT="statsmakterna"/><SP WIDTH="15" VPOS="658" HPOS="502"/>
							<String ID="string_145" HPOS="517" VPOS="657" WIDTH="38" HEIGHT="22" WC="0.96" CONTENT="full"/><SP WIDTH="16" VPOS="657" HPOS="555"/>
							<String ID="string_146" HPOS="571" VPOS="657" WIDTH="180" HEIGHT="27" WC="0.95" CONTENT="handlingsfrihet,"/><SP WIDTH="12" VPOS="657" HPOS="751"/>
							<String ID="string_147" HPOS="763" VPOS="660" WIDTH="38" HEIGHT="19" WC="0.96" CONTENT="när"/><SP WIDTH="10" VPOS="660" HPOS="801"/>
							<String ID="string_148" HPOS="811" VPOS="656" WIDTH="99" HEIGHT="22" WC="0.96" CONTENT="ärendets"/>
						</TextLine>
						<TextLine ID="line_17" HPOS="86" VPOS="685" WIDTH="824" HEIGHT="28">
							<String ID="string_149" HPOS="86" VPOS="685" WIDTH="85" HEIGHT="27" WC="0.93" CONTENT="slutliga"/><SP WIDTH="14" VPOS="685" HPOS="171"/>
							<String ID="string_150" HPOS="185" VPOS="685" WIDTH="115" HEIGHT="27" WC="0.92" CONTENT="afgörande"/><SP WIDTH="14" VPOS="685" HPOS="300"/>
							<String ID="string_151" HPOS="314" VPOS="686" WIDTH="68" HEIGHT="21" WC="0.95" CONTENT="skulle"/><SP WIDTH="15" VPOS="686" HPOS="382"/>
							<String ID="string_152" HPOS="397" VPOS="686" WIDTH="91" HEIGHT="21" WC="0.91" CONTENT="inträffa."/><SP WIDTH="50" VPOS="686" HPOS="488"/>
							<String ID="string_153" HPOS="538" VPOS="686" WIDTH="89" HEIGHT="27" WC="0.89" CONTENT="Åtgärden"/><SP WIDTH="15" VPOS="686" HPOS="627"/>
							<String ID="string_154" HPOS="642" VPOS="688" WIDTH="32" HEIGHT="19" WC="0.96" CONTENT="att"/><SP WIDTH="16" VPOS="688" HPOS="674"/>
							<String ID="string_155" HPOS="690" VPOS="686" WIDTH="26" HEIGHT="21" WC="0.96" CONTENT="då"/><SP WIDTH="15" VPOS="686" HPOS="716"/>
							<String ID="string_156" HPOS="731" VPOS="685" WIDTH="89" HEIGHT="22" WC="0.93" CONTENT="utverka"/><SP WIDTH="22" VPOS="685" HPOS="820"/>
							<String ID="string_157" HPOS="842" VPOS="690" WIDTH="68" HEIGHT="16" WC="0.91" CONTENT="mera-"/>
						</TextLine>
						<TextLine ID="line_18" HPOS="86" VPOS="714" WIDTH="824" HEIGHT="23">
							<String ID="string_158" HPOS="86" VPOS="714" WIDTH="92" HEIGHT="21" WC="0.96" CONTENT="nämnda"/><SP WIDTH="22" VPOS="714" HPOS="178"/>
							<String ID="string_159" HPOS="200" VPOS="716" WIDTH="43" HEIGHT="19" WC="0.96" CONTENT="rätt"/><SP WIDTH="22" VPOS="716" HPOS="243"/>
							<String ID="string_160" HPOS="265" VPOS="717" WIDTH="24" HEIGHT="18" WC="0.96" CONTENT="är"/><SP WIDTH="21" VPOS="717" HPOS="289"/>
							<String ID="string_161" HPOS="310" VPOS="714" WIDTH="82" HEIGHT="22" WC="0.96" CONTENT="således"/><SP WIDTH="22" VPOS="714" HPOS="392"/>
							<String ID="string_162" HPOS="414" VPOS="715" WIDTH="47" HEIGHT="21" WC="0.96" CONTENT="icke"/><SP WIDTH="16" VPOS="715" HPOS="461"/>
							<String ID="string_163" HPOS="477" VPOS="716" WIDTH="32" HEIGHT="21" WC="0.93" CONTENT="att"/><SP WIDTH="14" VPOS="716" HPOS="509"/>
							<String ID="string_164" HPOS="523" VPOS="715" WIDTH="96" HEIGHT="21" WC="0.91" CONTENT="klandra."/><SP WIDTH="32" VPOS="715" HPOS="619"/>
							<String ID="string_165" HPOS="651" VPOS="714" WIDTH="65" HEIGHT="22" WC="0.91" CONTENT="Hvari"/><SP WIDTH="16" VPOS="714" HPOS="716"/>
							<String ID="string_166" HPOS="732" VPOS="717" WIDTH="31" HEIGHT="18" WC="0.96" CONTENT="ett"/><SP WIDTH="14" VPOS="717" HPOS="763"/>
							<String ID="string_167" HPOS="777" VPOS="714" WIDTH="27" HEIGHT="21" WC="0.96" CONTENT="fel"/><SP WIDTH="16" VPOS="714" HPOS="804"/>
							<String ID="string_168" HPOS="820" VPOS="714" WIDTH="6" HEIGHT="21" WC="0.96" CONTENT="i"/><SP WIDTH="16" VPOS="714" HPOS="826"/>
							<String ID="string_169" HPOS="842" VPOS="714" WIDTH="68" HEIGHT="21" WC="0.96" CONTENT="denna"/>
						</TextLine>
						<TextLine ID="line_19" HPOS="88" VPOS="741" WIDTH="820" HEIGHT="29">
							<String ID="string_170" HPOS="88" VPOS="742" WIDTH="33" HEIGHT="21" WC="0.96" CONTENT="del"/><SP WIDTH="22" VPOS="742" HPOS="121"/>
							<String ID="string_171" HPOS="143" VPOS="741" WIDTH="22" HEIGHT="22" WC="0.96" CONTENT="af"/><SP WIDTH="20" VPOS="741" HPOS="165"/>
							<String ID="string_172" HPOS="185" VPOS="742" WIDTH="72" HEIGHT="27" WC="0.96" CONTENT="frågan"/><SP WIDTH="23" VPOS="742" HPOS="257"/>
							<String ID="string_173" HPOS="280" VPOS="743" WIDTH="70" HEIGHT="21" WC="0.93" CONTENT="kunde"/><SP WIDTH="22" VPOS="743" HPOS="350"/>
							<String ID="string_174" HPOS="372" VPOS="743" WIDTH="114" HEIGHT="27" WC="0.93" CONTENT="uppsökas,"/><SP WIDTH="22" VPOS="743" HPOS="486"/>
							<String ID="string_175" HPOS="508" VPOS="743" WIDTH="72" HEIGHT="22" WC="0.96" CONTENT="derom"/><SP WIDTH="16" VPOS="743" HPOS="580"/>
							<String ID="string_176" HPOS="596" VPOS="743" WIDTH="39" HEIGHT="21" WC="0.96" CONTENT="har"/><SP WIDTH="12" VPOS="743" HPOS="635"/>
							<String ID="string_177" HPOS="647" VPOS="743" WIDTH="37" HEIGHT="26" WC="0.96" CONTENT="jag"/><SP WIDTH="16" VPOS="743" HPOS="684"/>
							<String ID="string_178" HPOS="700" VPOS="743" WIDTH="65" HEIGHT="21" WC="0.96" CONTENT="redan"/><SP WIDTH="15" VPOS="743" HPOS="765"/>
							<String ID="string_179" HPOS="780" VPOS="744" WIDTH="66" HEIGHT="25" WC="0.96" CONTENT="yttrat"/><SP WIDTH="15" VPOS="744" HPOS="846"/>
							<String ID="string_180" HPOS="861" VPOS="741" WIDTH="47" HEIGHT="27" WC="0.96" CONTENT="mig."/>
						</TextLine>
					</TextBlock>
					<TextBlock ID="block_4" HPOS="87" VPOS="770" WIDTH="831" HEIGHT="798">
						<TextLine ID="line_20" HPOS="154" VPOS="770" WIDTH="756" HEIGHT="29">
							<String ID="string_181" HPOS="154" VPOS="771" WIDTH="83" HEIGHT="27" WC="0.96" CONTENT="Längre"/><SP WIDTH="14" VPOS="771" HPOS="237"/>
							<String ID="string_182" HPOS="251" VPOS="771" WIDTH="54" HEIGHT="22" WC="0.93" CONTENT="fram"/><SP WIDTH="15" VPOS="771" HPOS="305"/>
							<String ID="string_183" HPOS="320" VPOS="773" WIDTH="13" HEIGHT="20" WC="0.91" CONTENT="&amp;"/><SP WIDTH="15" VPOS="773" HPOS="333"/>
							<String ID="string_184" HPOS="348" VPOS="771" WIDTH="39" HEIGHT="22" WC="0.96" CONTENT="sid."/><SP WIDTH="16" VPOS="771" HPOS="387"/>
							<String ID="string_185" HPOS="403" VPOS="774" WIDTH="12" HEIGHT="19" WC="0.96" CONTENT="7"/><SP WIDTH="16" VPOS="774" HPOS="415"/>
							<String ID="string_186" HPOS="431" VPOS="774" WIDTH="62" HEIGHT="25" WC="0.96" CONTENT="säges"/><SP WIDTH="14" VPOS="774" HPOS="493"/>
							<String ID="string_187" HPOS="507" VPOS="772" WIDTH="7" HEIGHT="21" WC="0.96" CONTENT="i"/><SP WIDTH="15" VPOS="772" HPOS="514"/>
							<String ID="string_188" HPOS="529" VPOS="771" WIDTH="116" HEIGHT="23" WC="0.96" CONTENT="utskottets"/><SP WIDTH="15" VPOS="771" HPOS="645"/>
							<String ID="string_189" HPOS="660" VPOS="771" WIDTH="143" HEIGHT="22" WC="0.92" CONTENT="betänkande:"/><SP WIDTH="24" VPOS="771" HPOS="803"/>
							<String ID="string_190" HPOS="827" VPOS="770" WIDTH="83" HEIGHT="26" WC="0.86" CONTENT=",Emel-"/>
						</TextLine>
						<TextLine ID="line_21" HPOS="87" VPOS="798" WIDTH="826" HEIGHT="29">
							<String ID="string_191" HPOS="87" VPOS="799" WIDTH="64" HEIGHT="22" WC="0.93" CONTENT="lertid"/><SP WIDTH="22" VPOS="799" HPOS="151"/>
							<String ID="string_192" HPOS="173" VPOS="802" WIDTH="24" HEIGHT="19" WC="0.93" CONTENT="är"/><SP WIDTH="21" VPOS="802" HPOS="197"/>
							<String ID="string_193" HPOS="218" VPOS="800" WIDTH="154" HEIGHT="27" WC="0.92" CONTENT="otvifvelaktigt"/><SP WIDTH="22" VPOS="800" HPOS="372"/>
							<String ID="string_194" HPOS="394" VPOS="802" WIDTH="32" HEIGHT="20" WC="0.93" CONTENT="att"/><SP WIDTH="21" VPOS="802" HPOS="426"/>
							<String ID="string_195" HPOS="447" VPOS="800" WIDTH="102" HEIGHT="22" WC="0.92" CONTENT="behofvet"/><SP WIDTH="22" VPOS="800" HPOS="549"/>
							<String ID="string_196" HPOS="571" VPOS="800" WIDTH="22" HEIGHT="22" WC="0.96" CONTENT="af"/><SP WIDTH="22" VPOS="800" HPOS="593"/>
							<String ID="string_197" HPOS="615" VPOS="806" WIDTH="25" HEIGHT="16" WC="0.96" CONTENT="en"/><SP WIDTH="19" VPOS="806" HPOS="640"/>
							<String ID="string_198" HPOS="659" VPOS="800" WIDTH="35" HEIGHT="27" WC="0.96" CONTENT="lag"/><SP WIDTH="15" VPOS="800" HPOS="694"/>
							<String ID="string_199" HPOS="709" VPOS="807" WIDTH="33" HEIGHT="14" WC="0.97" CONTENT="om"/><SP WIDTH="16" VPOS="807" HPOS="742"/>
							<String ID="string_200" HPOS="758" VPOS="800" WIDTH="118" HEIGHT="21" WC="0.96" CONTENT="ordnandet"/><SP WIDTH="14" VPOS="800" HPOS="876"/>
							<String ID="string_201" HPOS="890" VPOS="798" WIDTH="23" HEIGHT="22" WC="0.97" CONTENT="af"/>
						</TextLine>
						<TextLine ID="line_22" HPOS="87" VPOS="827" WIDTH="824" HEIGHT="24">
							<String ID="string_202" HPOS="87" VPOS="828" WIDTH="180" HEIGHT="22" WC="0.93" CONTENT="telefonväsendet"/><SP WIDTH="15" VPOS="828" HPOS="267"/>
							<String ID="string_203" HPOS="282" VPOS="829" WIDTH="54" HEIGHT="21" WC="0.96" CONTENT="varit"/><SP WIDTH="15" VPOS="829" HPOS="336"/>
							<String ID="string_204" HPOS="351" VPOS="829" WIDTH="39" HEIGHT="21" WC="0.95" CONTENT="och"/><SP WIDTH="16" VPOS="829" HPOS="390"/>
							<String ID="string_205" HPOS="406" VPOS="831" WIDTH="57" HEIGHT="19" WC="0.96" CONTENT="ännu"/><SP WIDTH="15" VPOS="831" HPOS="463"/>
							<String ID="string_206" HPOS="478" VPOS="836" WIDTH="59" HEIGHT="15" WC="0.96" CONTENT="mera"/><SP WIDTH="16" VPOS="836" HPOS="537"/>
							<String ID="string_207" HPOS="553" VPOS="828" WIDTH="53" HEIGHT="22" WC="0.93" CONTENT="efter"/><SP WIDTH="15" VPOS="828" HPOS="606"/>
							<String ID="string_208" HPOS="621" VPOS="828" WIDTH="129" HEIGHT="22" WC="0.88" CONTENT="tillkomsten"/><SP WIDTH="16" VPOS="828" HPOS="750"/>
							<String ID="string_209" HPOS="766" VPOS="828" WIDTH="22" HEIGHT="21" WC="0.93" CONTENT="af"/><SP WIDTH="9" VPOS="828" HPOS="788"/>
							<String ID="string_210" HPOS="797" VPOS="827" WIDTH="114" HEIGHT="23" WC="0.92" CONTENT="omordade"/>
						</TextLine>
						<TextLine ID="line_23" HPOS="88" VPOS="855" WIDTH="823" HEIGHT="30">
							<String ID="string_211" HPOS="88" VPOS="856" WIDTH="132" HEIGHT="28" WC="0.92" CONTENT="kungörelse,"/><SP WIDTH="23" VPOS="856" HPOS="220"/>
							<String ID="string_212" HPOS="243" VPOS="859" WIDTH="24" HEIGHT="19" WC="0.96" CONTENT="är"/><SP WIDTH="22" VPOS="859" HPOS="267"/>
							<String ID="string_213" HPOS="289" VPOS="857" WIDTH="119" HEIGHT="27" WC="0.96" CONTENT="uppenbart"/><SP WIDTH="22" VPOS="857" HPOS="408"/>
							<String ID="string_214" HPOS="430" VPOS="858" WIDTH="41" HEIGHT="21" WC="0.92" CONTENT="och"/><SP WIDTH="23" VPOS="858" HPOS="471"/>
							<String ID="string_215" HPOS="494" VPOS="857" WIDTH="152" HEIGHT="28" WC="0.90" CONTENT="päträngande."/><SP WIDTH="29" VPOS="857" HPOS="646"/>
							<String ID="string_216" HPOS="675" VPOS="858" WIDTH="73" HEIGHT="20" WC="0.90" CONTENT="Redan"/><SP WIDTH="23" VPOS="858" HPOS="748"/>
							<String ID="string_217" HPOS="771" VPOS="857" WIDTH="56" HEIGHT="21" WC="0.92" CONTENT="hvad"/><SP WIDTH="22" VPOS="857" HPOS="827"/>
							<String ID="string_218" HPOS="849" VPOS="855" WIDTH="62" HEIGHT="22" WC="0.92" CONTENT="ofvan"/>
						</TextLine>
						<TextLine ID="line_24" HPOS="88" VPOS="884" WIDTH="823" HEIGHT="29">
							<String ID="string_219" HPOS="88" VPOS="887" WIDTH="84" HEIGHT="19" WC="0.91" CONTENT="nämnts"/><SP WIDTH="15" VPOS="887" HPOS="172"/>
							<String ID="string_220" HPOS="187" VPOS="891" WIDTH="35" HEIGHT="15" WC="0.93" CONTENT="om"/><SP WIDTH="15" VPOS="891" HPOS="222"/>
							<String ID="string_221" HPOS="237" VPOS="886" WIDTH="115" HEIGHT="21" WC="0.91" CONTENT="telefonens"/><SP WIDTH="15" VPOS="886" HPOS="352"/>
							<String ID="string_222" HPOS="367" VPOS="886" WIDTH="130" HEIGHT="27" WC="0.92" CONTENT="utbredning"/><SP WIDTH="14" VPOS="886" HPOS="497"/>
							<String ID="string_223" HPOS="511" VPOS="886" WIDTH="58" HEIGHT="22" WC="0.95" CONTENT="inom"/><SP WIDTH="15" VPOS="886" HPOS="569"/>
							<String ID="string_224" HPOS="584" VPOS="886" WIDTH="72" HEIGHT="21" WC="0.96" CONTENT="landet"/><SP WIDTH="15" VPOS="886" HPOS="656"/>
							<String ID="string_225" HPOS="671" VPOS="885" WIDTH="39" HEIGHT="22" WC="0.97" CONTENT="och"/><SP WIDTH="16" VPOS="885" HPOS="710"/>
							<String ID="string_226" HPOS="726" VPOS="886" WIDTH="48" HEIGHT="21" WC="0.96" CONTENT="dess"/><SP WIDTH="10" VPOS="886" HPOS="774"/>
							<String ID="string_227" HPOS="784" VPOS="887" WIDTH="58" HEIGHT="19" WC="0.93" CONTENT="stora"/><SP WIDTH="10" VPOS="887" HPOS="842"/>
							<String ID="string_228" HPOS="852" VPOS="884" WIDTH="59" HEIGHT="26" WC="0.93" CONTENT="bety-"/>
						</TextLine>
						<TextLine ID="line_25" HPOS="89" VPOS="912" WIDTH="823" HEIGHT="29">
							<String ID="string_229" HPOS="89" VPOS="913" WIDTH="56" HEIGHT="22" WC="0.93" CONTENT="delse"/><SP WIDTH="15" VPOS="913" HPOS="145"/>
							<String ID="string_230" HPOS="160" VPOS="913" WIDTH="33" HEIGHT="22" WC="0.93" CONTENT="för"/><SP WIDTH="15" VPOS="913" HPOS="193"/>
							<String ID="string_231" HPOS="208" VPOS="914" WIDTH="137" HEIGHT="22" WC="0.93" CONTENT="samfärdseln"/><SP WIDTH="15" VPOS="914" HPOS="345"/>
							<String ID="string_232" HPOS="360" VPOS="914" WIDTH="66" HEIGHT="27" WC="0.92" CONTENT="gifver"/><SP WIDTH="14" VPOS="914" HPOS="426"/>
							<String ID="string_233" HPOS="440" VPOS="915" WIDTH="79" HEIGHT="21" WC="0.93" CONTENT="sädant"/><SP WIDTH="14" VPOS="915" HPOS="519"/>
							<String ID="string_234" HPOS="533" VPOS="914" WIDTH="35" HEIGHT="22" WC="0.93" CONTENT="vid"/><SP WIDTH="15" VPOS="914" HPOS="568"/>
							<String ID="string_235" HPOS="583" VPOS="914" WIDTH="89" HEIGHT="22" WC="0.90" CONTENT="handen."/><SP WIDTH="26" VPOS="914" HPOS="672"/>
							<String ID="string_236" HPOS="698" VPOS="914" WIDTH="153" HEIGHT="21" WC="0.92" CONTENT="Erfarenheten"/><SP WIDTH="13" VPOS="914" HPOS="851"/>
							<String ID="string_237" HPOS="864" VPOS="912" WIDTH="48" HEIGHT="22" WC="0.91" CONTENT="frän"/>
						</TextLine>
						<TextLine ID="line_26" HPOS="88" VPOS="940" WIDTH="825" HEIGHT="30">
							<String ID="string_238" HPOS="88" VPOS="942" WIDTH="97" HEIGHT="21" WC="0.92" CONTENT="utlandet"/><SP WIDTH="23" VPOS="942" HPOS="185"/>
							<String ID="string_239" HPOS="208" VPOS="942" WIDTH="39" HEIGHT="21" WC="0.96" CONTENT="och"/><SP WIDTH="21" VPOS="942" HPOS="247"/>
							<String ID="string_240" HPOS="268" VPOS="943" WIDTH="66" HEIGHT="21" WC="0.93" CONTENT="delvis"/><SP WIDTH="22" VPOS="943" HPOS="334"/>
							<String ID="string_241" HPOS="356" VPOS="943" WIDTH="60" HEIGHT="21" WC="0.93" CONTENT="äfven"/><SP WIDTH="15" VPOS="943" HPOS="416"/>
							<String ID="string_242" HPOS="431" VPOS="943" WIDTH="47" HEIGHT="22" WC="0.92" CONTENT="frän"/><SP WIDTH="17" VPOS="943" HPOS="478"/>
							<String ID="string_243" HPOS="495" VPOS="945" WIDTH="48" HEIGHT="25" WC="0.97" CONTENT="eget"/><SP WIDTH="14" VPOS="945" HPOS="543"/>
							<String ID="string_244" HPOS="557" VPOS="943" WIDTH="52" HEIGHT="21" WC="0.93" CONTENT="land"/><SP WIDTH="14" VPOS="943" HPOS="609"/>
							<String ID="string_245" HPOS="623" VPOS="943" WIDTH="56" HEIGHT="21" WC="0.92" CONTENT="visar"/><SP WIDTH="14" VPOS="943" HPOS="679"/>
							<String ID="string_246" HPOS="693" VPOS="942" WIDTH="183" HEIGHT="27" WC="0.92" CONTENT="nödvändigheten"/><SP WIDTH="16" VPOS="942" HPOS="876"/>
							<String ID="string_247" HPOS="892" VPOS="940" WIDTH="21" HEIGHT="22" WC="0.96" CONTENT="af"/>
						</TextLine>
						<TextLine ID="line_27" HPOS="88" VPOS="969" WIDTH="825" HEIGHT="28">
							<String ID="string_248" HPOS="88" VPOS="970" WIDTH="72" HEIGHT="27" WC="0.93" CONTENT="lagens"/><SP WIDTH="22" VPOS="970" HPOS="160"/>
							<String ID="string_249" HPOS="182" VPOS="971" WIDTH="155" HEIGHT="26" WC="0.88" CONTENT="mellankomst,"/><SP WIDTH="22" VPOS="971" HPOS="337"/>
							<String ID="string_250" HPOS="359" VPOS="972" WIDTH="33" HEIGHT="20" WC="0.96" CONTENT="för"/><SP WIDTH="22" VPOS="972" HPOS="392"/>
							<String ID="string_251" HPOS="414" VPOS="973" WIDTH="32" HEIGHT="20" WC="0.93" CONTENT="att"/><SP WIDTH="18" VPOS="973" HPOS="446"/>
							<String ID="string_252" HPOS="464" VPOS="972" WIDTH="83" HEIGHT="24" WC="0.96" CONTENT="hindra,"/><SP WIDTH="16" VPOS="972" HPOS="547"/>
							<String ID="string_253" HPOS="563" VPOS="973" WIDTH="33" HEIGHT="19" WC="0.95" CONTENT="att"/><SP WIDTH="15" VPOS="973" HPOS="596"/>
							<String ID="string_254" HPOS="611" VPOS="972" WIDTH="61" HEIGHT="20" WC="0.93" CONTENT="dessa"/><SP WIDTH="14" VPOS="972" HPOS="672"/>
							<String ID="string_255" HPOS="686" VPOS="971" WIDTH="141" HEIGHT="26" WC="0.96" CONTENT="inrättningar"/><SP WIDTH="14" VPOS="971" HPOS="827"/>
							<String ID="string_256" HPOS="841" VPOS="970" WIDTH="50" HEIGHT="21" WC="0.96" CONTENT="falla"/><SP WIDTH="13" VPOS="970" HPOS="891"/>
							<String ID="string_257" HPOS="904" VPOS="969" WIDTH="9" HEIGHT="21" WC="0.96" CONTENT="i"/>
						</TextLine>
						<TextLine ID="line_28" HPOS="89" VPOS="998" WIDTH="823" HEIGHT="29">
							<String ID="string_258" HPOS="89" VPOS="999" WIDTH="108" HEIGHT="21" WC="0.92" CONTENT="händerna"/><SP WIDTH="15" VPOS="999" HPOS="197"/>
							<String ID="string_259" HPOS="212" VPOS="1000" WIDTH="27" HEIGHT="26" WC="0.96" CONTENT="pä"/><SP WIDTH="15" VPOS="1000" HPOS="239"/>
							<String ID="string_260" HPOS="254" VPOS="1000" WIDTH="39" HEIGHT="21" WC="0.93" CONTENT="och"/><SP WIDTH="15" VPOS="1000" HPOS="293"/>
							<String ID="string_261" HPOS="308" VPOS="1001" WIDTH="69" HEIGHT="20" WC="0.92" CONTENT="säsom"/><SP WIDTH="16" VPOS="1001" HPOS="377"/>
							<String ID="string_262" HPOS="393" VPOS="1000" WIDTH="101" HEIGHT="27" WC="0.88" CONTENT="monopol"/><SP WIDTH="15" VPOS="1000" HPOS="494"/>
							<String ID="string_263" HPOS="509" VPOS="1000" WIDTH="127" HEIGHT="27" WC="0.92" CONTENT="exploiteras"/><SP WIDTH="15" VPOS="1000" HPOS="636"/>
							<String ID="string_264" HPOS="651" VPOS="1000" WIDTH="21" HEIGHT="21" WC="0.96" CONTENT="af"/><SP WIDTH="11" VPOS="1000" HPOS="672"/>
							<String ID="string_265" HPOS="683" VPOS="1000" WIDTH="39" HEIGHT="21" WC="0.93" CONTENT="den"/><SP WIDTH="10" VPOS="1000" HPOS="722"/>
							<String ID="string_266" HPOS="732" VPOS="998" WIDTH="180" HEIGHT="22" WC="0.92" CONTENT="förstkommande"/>
						</TextLine>
						<TextLine ID="line_29" HPOS="88" VPOS="1026" WIDTH="824" HEIGHT="28">
							<String ID="string_267" HPOS="88" VPOS="1028" WIDTH="28" HEIGHT="26" WC="0.92" CONTENT="pä"/><SP WIDTH="21" VPOS="1028" HPOS="116"/>
							<String ID="string_268" HPOS="137" VPOS="1027" WIDTH="118" HEIGHT="23" WC="0.88" CONTENT="bekostnad"/><SP WIDTH="22" VPOS="1027" HPOS="255"/>
							<String ID="string_269" HPOS="277" VPOS="1028" WIDTH="23" HEIGHT="21" WC="0.93" CONTENT="af"/><SP WIDTH="20" VPOS="1028" HPOS="300"/>
							<String ID="string_270" HPOS="320" VPOS="1028" WIDTH="153" HEIGHT="22" WC="0.90" CONTENT="allmänhetens"/><SP WIDTH="24" VPOS="1028" HPOS="473"/>
							<String ID="string_271" HPOS="497" VPOS="1028" WIDTH="108" HEIGHT="22" WC="0.92" CONTENT="äfvensom"/><SP WIDTH="22" VPOS="1028" HPOS="605"/>
							<String ID="string_272" HPOS="627" VPOS="1030" WIDTH="80" HEIGHT="20" WC="0.93" CONTENT="statens"/><SP WIDTH="19" VPOS="1030" HPOS="707"/>
							<String ID="string_273" HPOS="726" VPOS="1028" WIDTH="110" HEIGHT="23" WC="0.92" CONTENT="intressen,"/><SP WIDTH="15" VPOS="1028" HPOS="836"/>
							<String ID="string_274" HPOS="851" VPOS="1026" WIDTH="61" HEIGHT="22" WC="0.93" CONTENT="hvar-"/>
						</TextLine>
						<TextLine ID="line_30" HPOS="89" VPOS="1054" WIDTH="824" HEIGHT="30">
							<String ID="string_275" HPOS="89" VPOS="1057" WIDTH="59" HEIGHT="20" WC="0.91" CONTENT="utom"/><SP WIDTH="15" VPOS="1057" HPOS="148"/>
							<String ID="string_276" HPOS="163" VPOS="1055" WIDTH="60" HEIGHT="22" WC="0.92" CONTENT="äfven"/><SP WIDTH="15" VPOS="1055" HPOS="223"/>
							<String ID="string_277" HPOS="238" VPOS="1057" WIDTH="67" HEIGHT="21" WC="0.93" CONTENT="andra"/><SP WIDTH="15" VPOS="1057" HPOS="305"/>
							<String ID="string_278" HPOS="320" VPOS="1057" WIDTH="131" HEIGHT="27" WC="0.92" CONTENT="stadganden"/><SP WIDTH="16" VPOS="1057" HPOS="451"/>
							<String ID="string_279" HPOS="467" VPOS="1057" WIDTH="33" HEIGHT="21" WC="0.97" CONTENT="till"/><SP WIDTH="16" VPOS="1057" HPOS="500"/>
							<String ID="string_280" HPOS="516" VPOS="1057" WIDTH="40" HEIGHT="21" WC="0.93" CONTENT="den"/><SP WIDTH="16" VPOS="1057" HPOS="556"/>
							<String ID="string_281" HPOS="572" VPOS="1056" WIDTH="104" HEIGHT="22" WC="0.92" CONTENT="enskildes"/><SP WIDTH="16" VPOS="1056" HPOS="676"/>
							<String ID="string_282" HPOS="692" VPOS="1056" WIDTH="38" HEIGHT="22" WC="0.96" CONTENT="och"/><SP WIDTH="16" VPOS="1056" HPOS="730"/>
							<String ID="string_283" HPOS="746" VPOS="1058" WIDTH="81" HEIGHT="19" WC="0.96" CONTENT="statens"/><SP WIDTH="18" VPOS="1058" HPOS="827"/>
							<String ID="string_284" HPOS="845" VPOS="1054" WIDTH="68" HEIGHT="28" WC="0.96" CONTENT="skydd"/>
						</TextLine>
						<TextLine ID="line_31" HPOS="89" VPOS="1083" WIDTH="825" HEIGHT="29">
							<String ID="string_285" HPOS="89" VPOS="1086" WIDTH="45" HEIGHT="19" WC="0.93" CONTENT="mot"/><SP WIDTH="14" VPOS="1086" HPOS="134"/>
							<String ID="string_286" HPOS="148" VPOS="1084" WIDTH="207" HEIGHT="28" WC="0.92" CONTENT="vinningslystnaden"/><SP WIDTH="15" VPOS="1084" HPOS="355"/>
							<String ID="string_287" HPOS="370" VPOS="1086" WIDTH="61" HEIGHT="21" WC="0.93" CONTENT="torde"/><SP WIDTH="15" VPOS="1086" HPOS="431"/>
							<String ID="string_288" HPOS="446" VPOS="1086" WIDTH="109" HEIGHT="21" WC="0.90" CONTENT="behöfvas."/><SP WIDTH="65" VPOS="1086" HPOS="555"/>
							<String ID="string_289" HPOS="620" VPOS="1086" WIDTH="66" HEIGHT="20" WC="0.96" CONTENT="andra"/><SP WIDTH="15" VPOS="1086" HPOS="686"/>
							<String ID="string_290" HPOS="701" VPOS="1084" WIDTH="59" HEIGHT="22" WC="0.96" CONTENT="sidan"/><SP WIDTH="15" VPOS="1084" HPOS="760"/>
							<String ID="string_291" HPOS="775" VPOS="1084" WIDTH="66" HEIGHT="21" WC="0.93" CONTENT="borde"/><SP WIDTH="11" VPOS="1084" HPOS="841"/>
							<String ID="string_292" HPOS="852" VPOS="1083" WIDTH="62" HEIGHT="22" WC="0.93" CONTENT="äfven"/>
						</TextLine>
						<TextLine ID="line_32" HPOS="89" VPOS="1112" WIDTH="823" HEIGHT="30">
							<String ID="string_293" HPOS="89" VPOS="1112" WIDTH="92" HEIGHT="27" WC="0.92" CONTENT="stadgas,"/><SP WIDTH="22" VPOS="1112" HPOS="181"/>
							<String ID="string_294" HPOS="203" VPOS="1113" WIDTH="7" HEIGHT="21" WC="0.93" CONTENT="i"/><SP WIDTH="23" VPOS="1113" HPOS="210"/>
							<String ID="string_295" HPOS="233" VPOS="1114" WIDTH="84" HEIGHT="21" WC="0.91" CONTENT="hvilken"/><SP WIDTH="23" VPOS="1114" HPOS="317"/>
							<String ID="string_296" HPOS="340" VPOS="1115" WIDTH="48" HEIGHT="20" WC="0.96" CONTENT="män"/><SP WIDTH="23" VPOS="1115" HPOS="388"/>
							<String ID="string_297" HPOS="411" VPOS="1114" WIDTH="40" HEIGHT="21" WC="0.96" CONTENT="och"/><SP WIDTH="15" VPOS="1114" HPOS="451"/>
							<String ID="string_298" HPOS="466" VPOS="1115" WIDTH="29" HEIGHT="27" WC="0.93" CONTENT="pä"/><SP WIDTH="14" VPOS="1115" HPOS="495"/>
							<String ID="string_299" HPOS="509" VPOS="1114" WIDTH="57" HEIGHT="21" WC="0.91" CONTENT="hvad"/><SP WIDTH="15" VPOS="1114" HPOS="566"/>
							<String ID="string_300" HPOS="581" VPOS="1115" WIDTH="43" HEIGHT="20" WC="0.96" CONTENT="sätt"/><SP WIDTH="15" VPOS="1115" HPOS="624"/>
							<String ID="string_301" HPOS="639" VPOS="1114" WIDTH="40" HEIGHT="21" WC="0.93" CONTENT="den"/><SP WIDTH="15" VPOS="1114" HPOS="679"/>
							<String ID="string_302" HPOS="694" VPOS="1112" WIDTH="218" HEIGHT="28" WC="0.92" CONTENT="expropriationsrätt,"/>
						</TextLine>
						<TextLine ID="line_33" HPOS="89" VPOS="1140" WIDTH="825" HEIGHT="30">
							<String ID="string_303" HPOS="89" VPOS="1146" WIDTH="45" HEIGHT="16" WC="0.96" CONTENT="som"/><SP WIDTH="16" VPOS="1146" HPOS="134"/>
							<String ID="string_304" HPOS="150" VPOS="1141" WIDTH="65" HEIGHT="27" WC="0.96" CONTENT="enligt"/><SP WIDTH="14" VPOS="1141" HPOS="215"/>
							<String ID="string_305" HPOS="229" VPOS="1142" WIDTH="97" HEIGHT="26" WC="0.96" CONTENT="gällande"/><SP WIDTH="15" VPOS="1142" HPOS="326"/>
							<String ID="string_306" HPOS="341" VPOS="1142" WIDTH="35" HEIGHT="28" WC="0.93" CONTENT="lag"/><SP WIDTH="14" VPOS="1142" HPOS="376"/>
							<String ID="string_307" HPOS="390" VPOS="1142" WIDTH="131" HEIGHT="22" WC="0.91" CONTENT="tillkommer"/><SP WIDTH="15" VPOS="1142" HPOS="521"/>
							<String ID="string_308" HPOS="536" VPOS="1144" WIDTH="71" HEIGHT="20" WC="0.97" CONTENT="staten"/><SP WIDTH="10" VPOS="1144" HPOS="607"/>
							<String ID="string_309" HPOS="617" VPOS="1142" WIDTH="39" HEIGHT="21" WC="0.93" CONTENT="och"/><SP WIDTH="11" VPOS="1142" HPOS="656"/>
							<String ID="string_310" HPOS="667" VPOS="1142" WIDTH="132" HEIGHT="26" WC="0.92" CONTENT="menigheten"/><SP WIDTH="11" VPOS="1142" HPOS="799"/>
							<String ID="string_311" HPOS="810" VPOS="1140" WIDTH="33" HEIGHT="22" WC="0.96" CONTENT="för"/><SP WIDTH="10" VPOS="1140" HPOS="843"/>
							<String ID="string_312" HPOS="853" VPOS="1140" WIDTH="61" HEIGHT="22" WC="0.96" CONTENT="deras"/>
						</TextLine>
						<TextLine ID="line_34" HPOS="89" VPOS="1168" WIDTH="825" HEIGHT="30">
							<String ID="string_313" HPOS="89" VPOS="1168" WIDTH="106" HEIGHT="23" WC="0.93" CONTENT="allmänna"/><SP WIDTH="15" VPOS="1168" HPOS="195"/>
							<String ID="string_314" HPOS="210" VPOS="1170" WIDTH="68" HEIGHT="25" WC="0.93" CONTENT="behof,"/><SP WIDTH="15" VPOS="1170" HPOS="278"/>
							<String ID="string_315" HPOS="293" VPOS="1170" WIDTH="114" HEIGHT="28" WC="0.92" CONTENT="lämpligen"/><SP WIDTH="15" VPOS="1170" HPOS="407"/>
							<String ID="string_316" HPOS="422" VPOS="1171" WIDTH="43" HEIGHT="21" WC="0.96" CONTENT="kan"/><SP WIDTH="16" VPOS="1171" HPOS="465"/>
							<String ID="string_317" HPOS="481" VPOS="1171" WIDTH="40" HEIGHT="22" WC="0.96" CONTENT="och"/><SP WIDTH="15" VPOS="1171" HPOS="521"/>
							<String ID="string_318" HPOS="536" VPOS="1171" WIDTH="40" HEIGHT="21" WC="0.93" CONTENT="bör"/><SP WIDTH="14" VPOS="1171" HPOS="576"/>
							<String ID="string_319" HPOS="590" VPOS="1170" WIDTH="139" HEIGHT="22" WC="0.92" CONTENT="tillförsäkras"/><SP WIDTH="8" VPOS="1170" HPOS="729"/>
							<String ID="string_320" HPOS="737" VPOS="1169" WIDTH="78" HEIGHT="28" WC="0.88" CONTENT="jemväl"/><SP WIDTH="10" VPOS="1169" HPOS="815"/>
							<String ID="string_321" HPOS="825" VPOS="1168" WIDTH="89" HEIGHT="22" WC="0.90" CONTENT="telefon-"/>
						</TextLine>
						<TextLine ID="line_35" HPOS="89" VPOS="1197" WIDTH="825" HEIGHT="29">
							<String ID="string_322" HPOS="89" VPOS="1197" WIDTH="115" HEIGHT="28" WC="0.96" CONTENT="ledningar,"/><SP WIDTH="23" VPOS="1197" HPOS="204"/>
							<String ID="string_323" HPOS="227" VPOS="1199" WIDTH="76" HEIGHT="26" WC="0.96" CONTENT="hvilka,"/><SP WIDTH="23" VPOS="1199" HPOS="303"/>
							<String ID="string_324" HPOS="326" VPOS="1200" WIDTH="68" HEIGHT="21" WC="0.96" CONTENT="ehuru"/><SP WIDTH="14" VPOS="1200" HPOS="394"/>
							<String ID="string_325" HPOS="408" VPOS="1200" WIDTH="130" HEIGHT="21" WC="0.96" CONTENT="tillhörande"/><SP WIDTH="15" VPOS="1200" HPOS="538"/>
							<String ID="string_326" HPOS="553" VPOS="1199" WIDTH="64" HEIGHT="27" WC="0.96" CONTENT="bolag"/><SP WIDTH="15" VPOS="1199" HPOS="617"/>
							<String ID="string_327" HPOS="632" VPOS="1199" WIDTH="50" HEIGHT="21" WC="0.96" CONTENT="eller"/><SP WIDTH="15" VPOS="1199" HPOS="682"/>
							<String ID="string_328" HPOS="697" VPOS="1198" WIDTH="95" HEIGHT="22" WC="0.96" CONTENT="enskilda"/><SP WIDTH="15" VPOS="1198" HPOS="792"/>
							<String ID="string_329" HPOS="807" VPOS="1203" WIDTH="107" HEIGHT="22" WC="0.96" CONTENT="personer,"/>
						</TextLine>
						<TextLine ID="line_36" HPOS="89" VPOS="1225" WIDTH="826" HEIGHT="30">
							<String ID="string_330" HPOS="89" VPOS="1226" WIDTH="68" HEIGHT="22" WC="0.95" CONTENT="finnas"/><SP WIDTH="23" VPOS="1226" HPOS="157"/>
							<String ID="string_331" HPOS="180" VPOS="1233" WIDTH="49" HEIGHT="15" WC="0.96" CONTENT="vara"/><SP WIDTH="22" VPOS="1233" HPOS="229"/>
							<String ID="string_332" HPOS="251" VPOS="1228" WIDTH="22" HEIGHT="21" WC="0.96" CONTENT="af"/><SP WIDTH="21" VPOS="1228" HPOS="273"/>
							<String ID="string_333" HPOS="294" VPOS="1228" WIDTH="119" HEIGHT="27" WC="0.96" CONTENT="betydande"/><SP WIDTH="22" VPOS="1228" HPOS="413"/>
							<String ID="string_334" HPOS="435" VPOS="1228" WIDTH="92" HEIGHT="22" WC="0.93" CONTENT="allmänt"/><SP WIDTH="19" VPOS="1228" HPOS="527"/>
							<String ID="string_335" HPOS="546" VPOS="1234" WIDTH="64" HEIGHT="21" WC="0.96" CONTENT="gagn;"/><SP WIDTH="16" VPOS="1234" HPOS="610"/>
							<String ID="string_336" HPOS="626" VPOS="1228" WIDTH="7" HEIGHT="20" WC="0.85" CONTENT="i"/><SP WIDTH="14" VPOS="1228" HPOS="633"/>
							<String ID="string_337" HPOS="647" VPOS="1228" WIDTH="84" HEIGHT="21" WC="0.96" CONTENT="hvilken"/><SP WIDTH="15" VPOS="1228" HPOS="731"/>
							<String ID="string_338" HPOS="746" VPOS="1226" WIDTH="93" HEIGHT="26" WC="0.96" CONTENT="riktning"/><SP WIDTH="15" VPOS="1226" HPOS="839"/>
							<String ID="string_339" HPOS="854" VPOS="1225" WIDTH="61" HEIGHT="22" WC="0.95" CONTENT="äfven"/>
						</TextLine>
						<TextLine ID="line_37" HPOS="90" VPOS="1254" WIDTH="826" HEIGHT="30">
							<String ID="string_340" HPOS="90" VPOS="1255" WIDTH="66" HEIGHT="28" WC="0.90" CONTENT="syftar"/><SP WIDTH="15" VPOS="1255" HPOS="156"/>
							<String ID="string_341" HPOS="171" VPOS="1257" WIDTH="31" HEIGHT="19" WC="0.96" CONTENT="ett"/><SP WIDTH="14" VPOS="1257" HPOS="202"/>
							<String ID="string_342" HPOS="216" VPOS="1256" WIDTH="68" HEIGHT="22" WC="0.96" CONTENT="under"/><SP WIDTH="15" VPOS="1256" HPOS="284"/>
							<String ID="string_343" HPOS="299" VPOS="1256" WIDTH="69" HEIGHT="22" WC="0.93" CONTENT="denna"/><SP WIDTH="14" VPOS="1256" HPOS="368"/>
							<String ID="string_344" HPOS="382" VPOS="1256" WIDTH="103" HEIGHT="28" WC="0.93" CONTENT="landtdag"/><SP WIDTH="15" VPOS="1256" HPOS="485"/>
							<String ID="string_345" HPOS="500" VPOS="1256" WIDTH="33" HEIGHT="22" WC="0.93" CONTENT="till"/><SP WIDTH="16" VPOS="1256" HPOS="533"/>
							<String ID="string_346" HPOS="549" VPOS="1256" WIDTH="179" HEIGHT="27" WC="0.93" CONTENT="Borgareständet"/><SP WIDTH="15" VPOS="1256" HPOS="728"/>
							<String ID="string_347" HPOS="743" VPOS="1254" WIDTH="118" HEIGHT="22" WC="0.92" CONTENT="inlemnadt"/><SP WIDTH="11" VPOS="1254" HPOS="861"/>
							<String ID="string_348" HPOS="872" VPOS="1259" WIDTH="44" HEIGHT="15" WC="0.91" CONTENT="mo-"/>
						</TextLine>
						<TextLine ID="line_38" HPOS="90" VPOS="1282" WIDTH="826" HEIGHT="30">
							<String ID="string_349" HPOS="90" VPOS="1283" WIDTH="142" HEIGHT="28" WC="0.93" CONTENT="tionsförslag,"/><SP WIDTH="23" VPOS="1283" HPOS="232"/>
							<String ID="string_350" HPOS="255" VPOS="1291" WIDTH="46" HEIGHT="15" WC="0.96" CONTENT="som"/><SP WIDTH="23" VPOS="1291" HPOS="301"/>
							<String ID="string_351" HPOS="324" VPOS="1285" WIDTH="22" HEIGHT="21" WC="0.93" CONTENT="af"/><SP WIDTH="13" VPOS="1285" HPOS="346"/>
							<String ID="string_352" HPOS="359" VPOS="1285" WIDTH="153" HEIGHT="27" WC="0.93" CONTENT="Lagutskottet"/><SP WIDTH="19" VPOS="1285" HPOS="512"/>
							<String ID="string_353" HPOS="531" VPOS="1285" WIDTH="3" HEIGHT="21" WC="0.96" CONTENT="i"/><SP WIDTH="15" VPOS="1285" HPOS="534"/>
							<String ID="string_354" HPOS="549" VPOS="1284" WIDTH="152" HEIGHT="27" WC="0.96" CONTENT="sammanhang"/><SP WIDTH="14" VPOS="1284" HPOS="701"/>
							<String ID="string_355" HPOS="715" VPOS="1284" WIDTH="48" HEIGHT="22" WC="0.93" CONTENT="med"/><SP WIDTH="15" VPOS="1284" HPOS="763"/>
							<String ID="string_356" HPOS="778" VPOS="1282" WIDTH="138" HEIGHT="22" WC="0.92" CONTENT="förevarande"/>
						</TextLine>
						<TextLine ID="line_39" HPOS="89" VPOS="1310" WIDTH="827" HEIGHT="31">
							<String ID="string_357" HPOS="89" VPOS="1312" WIDTH="60" HEIGHT="26" WC="0.96" CONTENT="fråga"/><SP WIDTH="22" VPOS="1312" HPOS="149"/>
							<String ID="string_358" HPOS="171" VPOS="1312" WIDTH="131" HEIGHT="22" WC="0.93" CONTENT="behandlats."/><SP WIDTH="31" VPOS="1312" HPOS="302"/>
							<String ID="string_359" HPOS="333" VPOS="1313" WIDTH="150" HEIGHT="28" WC="0.90" CONTENT="Tilläfventyrs"/><SP WIDTH="22" VPOS="1313" HPOS="483"/>
							<String ID="string_360" HPOS="505" VPOS="1313" WIDTH="67" HEIGHT="22" WC="0.93" CONTENT="borde"/><SP WIDTH="23" VPOS="1313" HPOS="572"/>
							<String ID="string_361" HPOS="595" VPOS="1313" WIDTH="59" HEIGHT="21" WC="0.93" CONTENT="äfven"/><SP WIDTH="23" VPOS="1313" HPOS="654"/>
							<String ID="string_362" HPOS="677" VPOS="1312" WIDTH="127" HEIGHT="22" WC="0.92" CONTENT="statsverket"/><SP WIDTH="22" VPOS="1312" HPOS="804"/>
							<String ID="string_363" HPOS="826" VPOS="1310" WIDTH="90" HEIGHT="22" WC="0.95" CONTENT="beredas"/>
						</TextLine>
						<TextLine ID="line_40" HPOS="89" VPOS="1338" WIDTH="827" HEIGHT="28">
							<String ID="string_364" HPOS="89" VPOS="1340" WIDTH="82" HEIGHT="22" WC="0.87" CONTENT="tillfälle"/><SP WIDTH="15" VPOS="1340" HPOS="171"/>
							<String ID="string_365" HPOS="186" VPOS="1343" WIDTH="32" HEIGHT="19" WC="0.96" CONTENT="att"/><SP WIDTH="18" VPOS="1343" HPOS="218"/>
							<String ID="string_366" HPOS="236" VPOS="1341" WIDTH="3" HEIGHT="21" WC="0.95" CONTENT="i"/><SP WIDTH="15" VPOS="1341" HPOS="239"/>
							<String ID="string_367" HPOS="254" VPOS="1348" WIDTH="26" HEIGHT="14" WC="0.93" CONTENT="en"/><SP WIDTH="15" VPOS="1348" HPOS="280"/>
							<String ID="string_368" HPOS="295" VPOS="1341" WIDTH="91" HEIGHT="25" WC="0.92" CONTENT="framtid,"/><SP WIDTH="16" VPOS="1341" HPOS="386"/>
							<String ID="string_369" HPOS="402" VPOS="1344" WIDTH="39" HEIGHT="19" WC="0.95" CONTENT="när"/><SP WIDTH="16" VPOS="1344" HPOS="441"/>
							<String ID="string_370" HPOS="457" VPOS="1348" WIDTH="27" HEIGHT="16" WC="0.95" CONTENT="en"/><SP WIDTH="16" VPOS="1348" HPOS="484"/>
							<String ID="string_371" HPOS="500" VPOS="1344" WIDTH="69" HEIGHT="20" WC="0.93" CONTENT="större"/><SP WIDTH="16" VPOS="1344" HPOS="569"/>
							<String ID="string_372" HPOS="585" VPOS="1341" WIDTH="119" HEIGHT="22" WC="0.91" CONTENT="erfarenhet"/><SP WIDTH="14" VPOS="1341" HPOS="704"/>
							<String ID="string_373" HPOS="718" VPOS="1340" WIDTH="84" HEIGHT="22" WC="0.92" CONTENT="vunnits"/><SP WIDTH="15" VPOS="1340" HPOS="802"/>
							<String ID="string_374" HPOS="817" VPOS="1345" WIDTH="35" HEIGHT="15" WC="0.93" CONTENT="om"/><SP WIDTH="12" VPOS="1345" HPOS="852"/>
							<String ID="string_375" HPOS="864" VPOS="1338" WIDTH="52" HEIGHT="22" WC="0.91" CONTENT="tele-"/>
						</TextLine>
						<TextLine ID="line_41" HPOS="89" VPOS="1366" WIDTH="827" HEIGHT="31">
							<String ID="string_376" HPOS="89" VPOS="1368" WIDTH="138" HEIGHT="23" WC="0.93" CONTENT="fonväsendet"/><SP WIDTH="15" VPOS="1368" HPOS="227"/>
							<String ID="string_377" HPOS="242" VPOS="1370" WIDTH="39" HEIGHT="21" WC="0.93" CONTENT="och"/><SP WIDTH="15" VPOS="1370" HPOS="281"/>
							<String ID="string_378" HPOS="296" VPOS="1370" WIDTH="133" HEIGHT="27" WC="0.92" CONTENT="lämpligaste"/><SP WIDTH="14" VPOS="1370" HPOS="429"/>
							<String ID="string_379" HPOS="443" VPOS="1372" WIDTH="69" HEIGHT="20" WC="0.97" CONTENT="sättet"/><SP WIDTH="15" VPOS="1372" HPOS="512"/>
							<String ID="string_380" HPOS="527" VPOS="1370" WIDTH="33" HEIGHT="22" WC="0.96" CONTENT="för"/><SP WIDTH="15" VPOS="1370" HPOS="560"/>
							<String ID="string_381" HPOS="575" VPOS="1370" WIDTH="47" HEIGHT="22" WC="0.96" CONTENT="dess"/><SP WIDTH="11" VPOS="1370" HPOS="622"/>
							<String ID="string_382" HPOS="633" VPOS="1370" WIDTH="107" HEIGHT="21" WC="0.96" CONTENT="ordnande"/><SP WIDTH="10" VPOS="1370" HPOS="740"/>
							<String ID="string_383" HPOS="750" VPOS="1369" WIDTH="55" HEIGHT="21" WC="0.93" CONTENT="samt"/><SP WIDTH="10" VPOS="1369" HPOS="805"/>
							<String ID="string_384" HPOS="815" VPOS="1366" WIDTH="101" HEIGHT="23" WC="0.89" CONTENT="särskildt"/>
						</TextLine>
						<TextLine ID="line_42" HPOS="91" VPOS="1394" WIDTH="827" HEIGHT="32">
							<String ID="string_385" HPOS="91" VPOS="1398" WIDTH="78" HEIGHT="25" WC="0.93" CONTENT="derom,"/><SP WIDTH="16" VPOS="1398" HPOS="169"/>
							<String ID="string_386" HPOS="185" VPOS="1398" WIDTH="103" HEIGHT="22" WC="0.92" CONTENT="huruvida"/><SP WIDTH="14" VPOS="1398" HPOS="288"/>
							<String ID="string_387" HPOS="302" VPOS="1398" WIDTH="47" HEIGHT="22" WC="0.92" CONTENT="icke"/><SP WIDTH="15" VPOS="1398" HPOS="349"/>
							<String ID="string_388" HPOS="364" VPOS="1398" WIDTH="154" HEIGHT="28" WC="0.89" CONTENT="uppfinningen"/><SP WIDTH="15" VPOS="1398" HPOS="518"/>
							<String ID="string_389" HPOS="533" VPOS="1405" WIDTH="77" HEIGHT="21" WC="0.96" CONTENT="genom"/><SP WIDTH="15" VPOS="1405" HPOS="610"/>
							<String ID="string_390" HPOS="625" VPOS="1400" WIDTH="81" HEIGHT="20" WC="0.93" CONTENT="statens"/><SP WIDTH="15" VPOS="1400" HPOS="706"/>
							<String ID="string_391" HPOS="721" VPOS="1396" WIDTH="150" HEIGHT="26" WC="0.90" CONTENT="öfvertagande"/><SP WIDTH="25" VPOS="1396" HPOS="871"/>
							<String ID="string_392" HPOS="896" VPOS="1394" WIDTH="22" HEIGHT="22" WC="0.96" CONTENT="af"/>
						</TextLine>
						<TextLine ID="line_43" HPOS="89" VPOS="1423" WIDTH="829" HEIGHT="32">
							<String ID="string_393" HPOS="89" VPOS="1426" WIDTH="128" HEIGHT="22" WC="0.88" CONTENT="&amp;tminstone"/><SP WIDTH="22" VPOS="1426" HPOS="217"/>
							<String ID="string_394" HPOS="239" VPOS="1426" WIDTH="55" HEIGHT="23" WC="0.93" CONTENT="vissa"/><SP WIDTH="22" VPOS="1426" HPOS="294"/>
							<String ID="string_395" HPOS="316" VPOS="1426" WIDTH="142" HEIGHT="23" WC="0.91" CONTENT="telefonlinier"/><SP WIDTH="23" VPOS="1426" HPOS="458"/>
							<String ID="string_396" HPOS="481" VPOS="1428" WIDTH="78" HEIGHT="26" WC="0.96" CONTENT="kunde,"/><SP WIDTH="23" VPOS="1428" HPOS="559"/>
							<String ID="string_397" HPOS="582" VPOS="1428" WIDTH="28" HEIGHT="27" WC="0.96" CONTENT="pä"/><SP WIDTH="22" VPOS="1428" HPOS="610"/>
							<String ID="string_398" HPOS="632" VPOS="1428" WIDTH="42" HEIGHT="20" WC="0.96" CONTENT="sätt"/><SP WIDTH="17" VPOS="1428" HPOS="674"/>
							<String ID="string_399" HPOS="691" VPOS="1426" WIDTH="90" HEIGHT="27" WC="0.96" CONTENT="tidigare"/><SP WIDTH="15" VPOS="1426" HPOS="781"/>
							<String ID="string_400" HPOS="796" VPOS="1425" WIDTH="57" HEIGHT="22" WC="0.96" CONTENT="skett"/><SP WIDTH="15" VPOS="1425" HPOS="853"/>
							<String ID="string_401" HPOS="868" VPOS="1423" WIDTH="50" HEIGHT="22" WC="0.97" CONTENT="med"/>
						</TextLine>
						<TextLine ID="line_44" HPOS="89" VPOS="1453" WIDTH="827" HEIGHT="30">
							<String ID="string_402" HPOS="89" VPOS="1455" WIDTH="155" HEIGHT="26" WC="0.91" CONTENT="postväsendet,"/><SP WIDTH="16" VPOS="1455" HPOS="244"/>
							<String ID="string_403" HPOS="260" VPOS="1456" WIDTH="28" HEIGHT="27" WC="0.97" CONTENT="pä"/><SP WIDTH="16" VPOS="1456" HPOS="288"/>
							<String ID="string_404" HPOS="304" VPOS="1456" WIDTH="35" HEIGHT="21" WC="0.96" CONTENT="det"/><SP WIDTH="15" VPOS="1456" HPOS="339"/>
							<String ID="string_405" HPOS="354" VPOS="1455" WIDTH="32" HEIGHT="22" WC="0.93" CONTENT="för"/><SP WIDTH="10" VPOS="1455" HPOS="386"/>
							<String ID="string_406" HPOS="396" VPOS="1456" WIDTH="115" HEIGHT="22" WC="0.93" CONTENT="samhället"/><SP WIDTH="10" VPOS="1456" HPOS="511"/>
							<String ID="string_407" HPOS="521" VPOS="1455" WIDTH="172" HEIGHT="27" WC="0.92" CONTENT="fördelaktigaste"/><SP WIDTH="11" VPOS="1455" HPOS="693"/>
							<String ID="string_408" HPOS="704" VPOS="1457" WIDTH="43" HEIGHT="19" WC="0.93" CONTENT="sätt"/><SP WIDTH="9" VPOS="1457" HPOS="747"/>
							<String ID="string_409" HPOS="756" VPOS="1453" WIDTH="160" HEIGHT="28" WC="0.91" CONTENT="tillgodogöras,"/>
						</TextLine>
						<TextLine ID="line_45" HPOS="89" VPOS="1481" WIDTH="829" HEIGHT="29">
							<String ID="string_410" HPOS="89" VPOS="1483" WIDTH="86" HEIGHT="26" WC="0.96" CONTENT="vidtaga"/><SP WIDTH="13" VPOS="1483" HPOS="175"/>
							<String ID="string_411" HPOS="188" VPOS="1484" WIDTH="100" HEIGHT="26" WC="0.96" CONTENT="åtgärder"/><SP WIDTH="14" VPOS="1484" HPOS="288"/>
							<String ID="string_412" HPOS="302" VPOS="1485" WIDTH="7" HEIGHT="20" WC="0.93" CONTENT="i"/><SP WIDTH="15" VPOS="1485" HPOS="309"/>
							<String ID="string_413" HPOS="324" VPOS="1484" WIDTH="76" HEIGHT="21" WC="0.96" CONTENT="sådant"/><SP WIDTH="16" VPOS="1484" HPOS="400"/>
							<String ID="string_414" HPOS="416" VPOS="1485" WIDTH="107" HEIGHT="23" WC="0.90" CONTENT="ändamål."/><SP WIDTH="29" VPOS="1485" HPOS="523"/>
							<String ID="string_415" HPOS="552" VPOS="1485" WIDTH="104" HEIGHT="20" WC="0.92" CONTENT="Häremot"/><SP WIDTH="14" VPOS="1485" HPOS="656"/>
							<String ID="string_416" HPOS="670" VPOS="1486" WIDTH="46" HEIGHT="19" WC="0.96" CONTENT="tror"/><SP WIDTH="12" VPOS="1486" HPOS="716"/>
							<String ID="string_417" HPOS="728" VPOS="1483" WIDTH="37" HEIGHT="27" WC="0.96" CONTENT="jag"/><SP WIDTH="14" VPOS="1483" HPOS="765"/>
							<String ID="string_418" HPOS="779" VPOS="1483" WIDTH="44" HEIGHT="26" WC="0.95" CONTENT="mig"/><SP WIDTH="21" VPOS="1483" HPOS="823"/>
							<String ID="string_419" HPOS="844" VPOS="1481" WIDTH="74" HEIGHT="21" WC="0.95" CONTENT="kunna"/>
						</TextLine>
						<TextLine ID="line_46" HPOS="89" VPOS="1508" WIDTH="828" HEIGHT="33">
							<String ID="string_420" HPOS="89" VPOS="1512" WIDTH="68" HEIGHT="25" WC="0.96" CONTENT="påstå,"/><SP WIDTH="22" VPOS="1512" HPOS="157"/>
							<String ID="string_421" HPOS="179" VPOS="1513" WIDTH="32" HEIGHT="20" WC="0.93" CONTENT="att"/><SP WIDTH="22" VPOS="1513" HPOS="211"/>
							<String ID="string_422" HPOS="233" VPOS="1512" WIDTH="100" HEIGHT="22" WC="0.92" CONTENT="behofvet"/><SP WIDTH="22" VPOS="1512" HPOS="333"/>
							<String ID="string_423" HPOS="355" VPOS="1512" WIDTH="23" HEIGHT="22" WC="0.97" CONTENT="af"/><SP WIDTH="20" VPOS="1512" HPOS="378"/>
							<String ID="string_424" HPOS="398" VPOS="1519" WIDTH="25" HEIGHT="15" WC="0.96" CONTENT="en"/><SP WIDTH="23" VPOS="1519" HPOS="423"/>
							<String ID="string_425" HPOS="446" VPOS="1519" WIDTH="29" HEIGHT="21" WC="0.93" CONTENT="ny"/><SP WIDTH="16" VPOS="1519" HPOS="475"/>
							<String ID="string_426" HPOS="491" VPOS="1512" WIDTH="171" HEIGHT="27" WC="0.86" CONTENT="koncessionslag"/><SP WIDTH="15" VPOS="1512" HPOS="662"/>
							<String ID="string_427" HPOS="677" VPOS="1512" WIDTH="47" HEIGHT="21" WC="0.96" CONTENT="icke"/><SP WIDTH="14" VPOS="1512" HPOS="724"/>
							<String ID="string_428" HPOS="738" VPOS="1514" WIDTH="24" HEIGHT="19" WC="0.97" CONTENT="är"/><SP WIDTH="15" VPOS="1514" HPOS="762"/>
							<String ID="string_429" HPOS="777" VPOS="1511" WIDTH="32" HEIGHT="21" WC="0.95" CONTENT="för"/><SP WIDTH="15" VPOS="1511" HPOS="809"/>
							<String ID="string_430" HPOS="824" VPOS="1508" WIDTH="93" HEIGHT="33" WC="0.89" CONTENT="tillfället"/>
						</TextLine>
						<TextLine ID="line_47" HPOS="89" VPOS="1537" WIDTH="829" HEIGHT="31">
							<String ID="string_431" HPOS="89" VPOS="1540" WIDTH="150" HEIGHT="26" WC="0.92" CONTENT="päträngande."/><SP WIDTH="31" VPOS="1540" HPOS="239"/>
							<String ID="string_432" HPOS="270" VPOS="1541" WIDTH="30" HEIGHT="27" WC="0.97" CONTENT="Ty"/><SP WIDTH="15" VPOS="1541" HPOS="300"/>
							<String ID="string_433" HPOS="315" VPOS="1541" WIDTH="54" HEIGHT="21" WC="0.96" CONTENT="först"/><SP WIDTH="15" VPOS="1541" HPOS="369"/>
							<String ID="string_434" HPOS="384" VPOS="1541" WIDTH="39" HEIGHT="22" WC="0.96" CONTENT="och"/><SP WIDTH="15" VPOS="1541" HPOS="423"/>
							<String ID="string_435" HPOS="438" VPOS="1541" WIDTH="78" HEIGHT="22" WC="0.96" CONTENT="främst"/><SP WIDTH="15" VPOS="1541" HPOS="516"/>
							<String ID="string_436" HPOS="531" VPOS="1541" WIDTH="39" HEIGHT="22" WC="0.96" CONTENT="har"/><SP WIDTH="15" VPOS="1541" HPOS="570"/>
							<String ID="string_437" HPOS="585" VPOS="1547" WIDTH="75" HEIGHT="21" WC="0.93" CONTENT="genom"/><SP WIDTH="15" VPOS="1547" HPOS="660"/>
							<String ID="string_438" HPOS="675" VPOS="1539" WIDTH="141" HEIGHT="28" WC="0.92" CONTENT="kungörelsen"/><SP WIDTH="22" VPOS="1539" HPOS="816"/>
							<String ID="string_439" HPOS="838" VPOS="1537" WIDTH="80" HEIGHT="27" WC="0.92" CONTENT="dragits"/>
						</TextLine>
					</TextBlock>
				</ComposedBlock>
			</PrintSpace>
		</Page>
	</Layout>
</alto>
