1073 1756
317 134 25 16 R.
354 138 18 13 o.
384 134 22 16 A.
419 134 57 17 1888.
494 126 18 24 '1
525 134 59 17 Febr.
827 128 27 20 77

57 218 107 21 huruvida
186 218 147 22 diskussionen
356 219 92 21 rörande
471 218 238 27 sedlighetspetitionen
732 218 68 22 skulle
815 217 68 21 hällas

57 246 34 22 för
114 248 70 25 öppna
206 246 52 21 eller
278 247 72 26 lyckta
365 247 82 25 dörrar,
463 247 74 27 tyckte
550 247 37 27 jag
602 247 44 26 mig
661 246 75 22 märka
751 252 26 15 en
792 246 42 21 viss
850 247 34 19 rö-

57 275 56 21 relse
135 274 65 22 bland
223 274 199 27 ähörarepubliken,
445 277 57 19 samt
520 277 33 19 att
568 275 68 27 nägra
651 281 103 21 personer
768 275 67 21 redan
849 274 34 20 vid

58 303 244 27 petitionsmemorialets
318 304 131 26 uppläsande
464 304 123 26 aflägsnade
602 304 39 26 sig.
663 304 49 20 Men
727 304 37 20 det
778 309 38 15 var
826 303 58 26 inga-

60 332 64 21 lunda
147 332 6 20 i
176 332 70 20 denna
268 332 66 21 ärade
356 332 85 26 publiks
463 333 93 20 intresse
576 332 38 27 jag
636 332 144 21 framkastade
802 331 82 27 frägan.

57 360 43 26 Jag
122 360 39 21 har
184 360 106 27 nämligen
312 361 66 21 redan
401 360 52 27 sjelf,
477 362 58 20 emot
550 366 27 16 en
592 366 71 15 annan
678 360 146 27 öfvertygelse,
839 359 46 27 böjt

59 389 43 26 mig
123 388 34 22 för
180 389 40 21 den
243 391 74 24 nyaste
333 389 69 21 tidens
422 390 63 25 anda,
501 389 34 26 dä,
551 389 7 21 i
574 389 41 21 den
630 389 103 21 berömda
748 389 90 27 afsigten
853 390 32 20 att

60 416 106 22 stadfästa
189 417 132 26 sedligheten
343 418 65 20 bland
423 418 129 26 ungdomen,
568 418 7 19 i
590 417 90 26 publika
695 417 30 20 tal
742 417 38 21 och
796 417 90 20 föreläs-

60 446 76 26 ningar
158 445 87 27 afslöjas
260 445 58 21 såväl
334 445 100 22 otuktens
449 452 46 15 som
511 446 38 21 det
563 445 81 27 fysiska
660 445 152 26 äktenskapets
827 445 59 20 hem-

59 473 77 28 ligaste
152 474 96 26 detaljer.
279 473 69 22 Också
364 474 39 21 har
415 474 37 27 jag
467 474 47 21 icke
530 473 48 22 haft
593 474 34 21 för
642 473 65 27 afsigt
722 476 32 19 att
770 473 64 27 ätaga
843 473 43 26 mig

60 502 70 27 någon
146 503 32 20 rol
193 502 23 21 af
225 502 282 27 blygsamhets-känslornas
515 503 132 25 försvarare;
656 502 38 27 jag
704 502 99 21 fruktade
812 502 74 21 endast

59 533 34 19 att
102 530 69 27 nägon
180 531 24 21 af
210 531 54 25 dem,
273 537 45 15 som
327 531 107 21 mähända
441 531 53 27 vilja
504 531 100 21 utveckla
612 531 33 21 sin
654 530 68 27 äsigt
715 526 9 36 i
732 530 154 27 sedliglighets-

59 559 83 26 frägan,
148 559 89 21 likasom
243 559 43 26 jag,
292 560 46 21 icke
347 561 56 19 ännu
412 560 92 26 uppnätt
512 566 70 14 vanan
591 561 32 19 att
631 559 74 21 idetta
713 560 81 20 mindre
802 559 84 26 vanliga

60 587 40 22 och
112 587 93 21 delikata
216 589 61 19 ämne
292 588 47 21 fritt
350 588 39 21 och
400 590 102 25 otvunget
515 590 59 25 yttra
585 588 31 26 sig
627 587 55 21 inför
694 594 25 15 en
730 587 64 22 talrik
804 587 81 27 publik,

60 616 56 21 inför
138 616 134 21 fruntimmer
295 617 39 20 och
357 617 98 26 ungdom,
480 617 40 21 och
542 618 33 19 att
598 622 76 21 genom
690 617 69 20 denna
774 615 113 26 ofrivilliga

60 644 90 21 hämsko
174 645 102 21 debatten
299 645 99 26 möjligen
421 645 72 21 kunde
516 645 86 22 komma
625 646 33 19 att
680 644 49 27 lida,
745 644 81 21 hvilket
840 643 47 22 icke

61 679 51 15 vore
136 673 116 21 önskvärdt
266 673 8 20 i
289 679 26 15 en
338 673 65 26 fråga,
427 673 27 26 pä
477 674 65 21 hvars
564 673 85 27 lösning
666 673 64 21 beror
745 673 13 21 &
773 679 41 15 ena
828 672 60 21 sidan

61 701 103 27 mängens
186 701 103 28 frälsning
311 701 48 22 från
376 702 79 27 sedligt
469 701 84 22 förderf
567 702 40 21 och
622 701 13 21 å
650 702 68 21 andra
733 701 100 27 möjligen
848 701 40 20 den

62 730 93 26 hemliga
176 731 176 25 prostitutionens
372 731 115 26 spridande
503 731 62 26 kring
580 730 105 21 hemmen.
716 730 32 21 Dä
761 730 37 27 jag
813 729 75 21 härvid

61 759 8 20 i
83 759 55 20 intet
159 758 37 21 fall
218 759 43 20 kan
276 758 116 22 förutsätta
407 760 32 19 att
455 759 26 20 de
496 759 26 27 $$
538 759 7 20 i
561 759 23 20 L.
600 758 25 21 O.
642 759 39 20 och
696 759 26 20 R.
738 758 31 27 O.,
786 764 45 15 som
846 757 42 21 till-

62 786 71 22 tilläta
148 789 32 19 ett
194 787 85 26 plenum
302 787 35 21 vid
353 787 71 22 slutna
439 788 83 25 dörrar,
538 787 104 21 innebära
656 787 92 26 afsigten
763 787 23 21 af
799 788 32 19 ett
845 785 43 22 för-

62 815 134 27 hemligande
211 815 24 22 af
248 816 42 26 det,
306 822 44 15 som
363 816 34 21 till
411 816 84 21 landets
511 816 40 21 och
567 815 125 22 samhällets
707 816 33 20 väl
756 817 60 24 säges
831 815 57 20 inom

63 844 61 21 detta
146 850 53 19 rum,
217 844 124 21 förmodade
355 844 37 27 jag
407 846 32 19 att
461 845 64 20 dessa
548 844 24 27 88
595 844 93 21 existera
702 844 44 26 just
760 845 33 20 för
808 843 82 20 sådana

63 872 38 21 fall
116 878 46 15 som
178 872 66 26 detta,
261 873 27 21 dä
304 872 22 21 af
340 879 24 14 en
381 873 52 20 eller
448 879 71 14 annan
536 873 65 21 orsak
612 872 113 27 publikens
736 873 90 20 närvaro
837 871 53 26 möj-

64 901 56 26 ligen
136 901 42 20 kan
193 901 100 21 störande
304 901 88 21 inverka
406 901 28 26 pä
449 902 38 21 det
501 901 43 21 fria
559 901 68 26 ordet,
643 901 63 20 äfven
721 907 33 14 om
770 901 61 20 detta
846 900 44 20 stö-

64 929 65 21 rande
151 929 62 27 gälde
232 935 26 16 en
273 930 55 21 enda
342 929 23 22 af
378 930 102 21 talarene.

134 986 58 20 Enär
214 986 63 27 ingen
300 986 23 21 af
344 986 96 22 ständets
455 987 141 27 medlemmar
611 986 73 21 vidare
699 986 96 20 uttalade
811 985 31 26 sig
857 984 33 21 för

65 1014 109 21 läktarnes
196 1015 118 27 stängning,
338 1015 108 21 lemnades
463 1015 107 27 yrkandet
589 1015 75 20 härom
680 1014 87 25 derhän,
783 1012 107 22 hvarefter

66 1043 61 21 ordet
142 1043 116 27 beviljades
273 1043 23 21 ät

132 1100 59 21 Frih.
214 1106 41 15 von
278 1100 122 27 Alfthan,
424 1107 45 15 som
489 1101 96 27 yttrade:
610 1100 84 21 Endast
708 1100 48 20 med
772 1102 45 18 stor
832 1098 58 20 tvek-

65 1128 84 22 samhet
171 1131 61 24 tager
252 1129 37 26 jag
304 1129 7 21 i
326 1129 42 27 dag
390 1129 32 21 till
441 1130 68 24 ordet,
527 1129 89 21 emedan
632 1129 36 21 det
683 1128 143 21 förekommer
841 1126 49 26 mig,

65 1164 46 14 som
134 1157 68 21 skulle
223 1157 37 27 jag
274 1157 24 21 sä
314 1158 95 26 oändligt
423 1158 48 21 litet
486 1158 74 20 kunna
574 1158 91 25 bidraga
680 1157 33 20 till
728 1155 128 22 utredandet
871 1154 23 21 af

66 1186 41 21 den
122 1185 140 27 omfattande,
278 1186 106 21 svärlösta
399 1186 39 21 och
453 1186 119 26 grannlaga
591 1185 169 26 samhällsfräga,
776 1190 46 15 som
836 1183 56 21 före-

66 1214 66 26 ligger
147 1214 33 21 till
196 1214 136 27 behandling.
362 1214 50 22 Men
425 1215 37 26 jag
477 1214 40 21 har
534 1214 55 21 dock
604 1215 72 19 ansett
690 1214 37 20 det
742 1213 33 21 för
784 1212 44 21 min
839 1211 54 26 pligt

66 1248 45 15 som
134 1242 164 27 landtdagsman
317 1244 32 20 att
364 1243 47 21 icke
426 1243 132 21 undanhålla
574 1243 36 21 det
624 1242 116 27 höglofliga
755 1240 83 22 ståndet
855 1245 38 15 ens

66 1272 36 20 det
125 1272 61 25 ringa
208 1271 75 27 bidrag
305 1272 33 20 till
360 1272 77 20 sakens
460 1272 124 26 belysande,
607 1277 45 15 som
673 1271 37 26 jag
732 1269 100 26 möjligen
850 1267 44 21 kan

67 1300 153 25 åstadkomma,
230 1300 40 20 och
285 1306 46 15 som
346 1306 56 17 man,
418 1300 33 20 till
465 1300 54 26 följd
535 1299 21 21 af
572 1300 44 20 min
631 1298 154 22 innehafvande
800 1296 94 21 embets-

66 1328 126 26 befattning,
215 1328 107 21 måhända
340 1328 22 21 af
376 1329 43 26 mig
433 1330 84 19 väntar.
548 1328 41 26 Jag
604 1328 68 20 måste
689 1327 27 21 dä
731 1327 53 20 först
800 1324 66 22 också
882 1324 12 20 å

66 1357 43 20 min
125 1356 46 21 sida
186 1357 130 25 konstatera,
333 1359 33 19 att
381 1357 42 21 den
439 1356 105 27 märkliga
559 1357 46 20 inre
620 1356 82 20 rörelse
720 1356 32 20 till
766 1353 83 22 förmån
861 1352 33 22 för

66 1385 114 27 nykterhet
196 1385 39 21 och
246 1386 41 26 god
298 1386 44 23 sed,
351 1391 45 15 som
407 1384 28 27 på
446 1391 76 15 senare
533 1385 31 21 tid
576 1385 65 26 gripit
651 1384 48 21 vårt
710 1383 108 25 samhälle,
830 1387 64 15 ovan-

67 1413 39 27 ligt
117 1413 81 27 kastigt
212 1414 75 20 vunnit
302 1420 26 14 en
344 1414 93 20 oväntad
452 1414 151 25 utsträckning
618 1413 40 21 och
674 1412 79 27 styrka.
774 1412 10 20 1
800 1412 32 25 sig
848 1409 49 27 sjelf

66 1441 68 21 måste
155 1442 69 20 denna
238 1442 120 26 företeelse,
374 1448 45 15 som
435 1442 82 20 vittnar
532 1448 34 14 om
582 1441 67 27 sedlig
664 1440 93 22 lifskraft
771 1440 39 20 hos
826 1438 69 21 natio-

66 1476 48 18 nen,
137 1470 24 20 af
177 1470 73 27 hvarje
266 1476 52 15 sann
334 1470 170 21 fosterlandsvän
519 1470 72 21 helsas
607 1470 48 20 med
670 1469 108 26 upprigtig
793 1466 103 23 tillfreds-

67 1498 100 25 ställelse,
182 1498 40 21 och
238 1500 51 19 enär
304 1499 41 20 den
360 1505 28 14 nu
404 1498 70 21 funnit
490 1498 33 26 sig
538 1497 86 27 uttryck
639 1498 7 20 i
662 1497 26 21 de
705 1497 31 21 till
752 1494 144 23 innevarande

67 1525 103 27 landtdag
192 1526 120 21 inlemnade
334 1527 149 26 petitionerna,
509 1526 23 21 så
548 1532 62 21 synes
630 1526 43 26 mig
689 1524 156 26 otvifvelaktigt
862 1523 34 19 att
