1078 1759
315 132 24 17 R.
352 137 18 13 o.
382 132 23 17 A.
414 131 62 17 1888.
488 132 27 16 25
524 131 60 17 Febr.
827 125 41 22 305

117 354 154 33 Lördagen
290 354 57 27 den
365 353 33 27 25
417 352 148 28 Februari
584 352 44 27 kl.
643 353 32 26 12
693 352 38 34 pä
751 353 102 33 dagen.

139 434 199 27 Protokollsutdrag
354 434 59 21 öfver
428 434 26 21 R.
471 440 19 15 o.
507 434 37 21 A:s
560 434 35 21 vid
608 434 84 26 plenum
705 434 41 21 den
756 434 26 21 21
794 433 103 22 Februari

69 464 84 31 fattade
167 463 71 22 beslut
251 463 126 26 justerades.

335 593 90 29 Myjorda
440 593 192 29 landtdaysärender.

142 651 134 26 Föredrogos
298 651 105 20 särskilda
425 650 49 21 frän
493 650 140 21 medständen
649 649 108 28 ingängna
771 650 127 27 protokolls-

73 680 84 25 utdrag,
173 679 108 21 äfvensom
300 681 76 19 tvenne
393 679 124 21 skrifvelser
532 679 48 21 frän
596 679 53 26 Lag-
666 679 39 20 och
721 679 176 24 Statsutskotten,

74 708 23 21 af
110 707 72 21 hvilka
203 707 39 22 den
257 707 59 22 förra
330 708 94 21 innehöll
439 707 143 22 meddelande
599 708 73 21 derom
687 709 33 19 att
735 707 163 27 Lagutskottets

73 736 136 21 betänkande
230 735 108 27 angående
362 735 146 31 sjöförklarings
528 735 121 28 afgifvande
673 735 56 22 inför
751 736 146 26 ordningsrätt

74 771 75 20 genom
165 765 24 20 R.
207 771 18 14 o.
242 765 42 25 A:s,
300 767 56 19 samt
378 765 84 21 Preste-
486 764 40 21 och
549 764 176 21 Bondeständens
740 763 158 27 samstämmiga

74 793 71 21 beslut
166 793 69 21 blifvit
256 793 109 26 godkändt
387 793 49 22 med
458 793 69 26 nägra
550 793 88 25 mindre,
655 792 108 28 spräkliga
777 793 120 21 rättelser
887 788 13 37 i

75 822 40 20 den
130 821 69 21 finska
214 823 77 24 texten,
308 823 55 20 samt
379 822 40 21 den
434 821 70 21 andra
518 823 34 19 att
568 821 177 22 Statsutskottets
764 821 134 22 betänkande

74 849 109 28 angående
199 850 148 26 upphäfvande
363 850 23 21 af
400 851 40 20 den
455 850 8 21 i
478 851 58 20 vissa
551 850 60 21 delar
622 850 23 21 af
657 850 62 21 Wasa
729 850 40 21 och
780 849 118 27 Uleåborgs

74 878 35 21 län
124 878 68 21 under
207 878 127 27 benämning
350 879 22 21 af
392 878 106 30 hospitals-
514 878 33 24 och
563 877 137 30 lasarettsfyrk
717 878 106 27 utgående
841 878 58 21 skatt

74 907 33 21 till
121 907 83 20 kronan
220 907 22 21 af
256 907 97 26 samtliga
368 907 63 21 ständ
445 907 81 27 gillats.

91 1048 165 29 Motersystemets
274 1048 113 29 tillämpning
406 1049 29 22 vid
451 1049 120 28 tillverkning
588 1049 36 23 och
639 1049 112 28 försäljning
767 1049 21 23 af
802 1048 84 23 bränvin.

144 1106 121 26 Föredrogs
280 1106 224 21 Ekonomiutskottets
519 1106 138 21 betänkande
673 1106 40 21 N:o
729 1107 13 20 4
746 1101 10 35 i
770 1105 42 22 anl.
823 1105 23 21 af
853 1105 47 21 nåd.

76 1141 60 20 prop.
151 1134 41 21 N:o
210 1135 24 20 15
250 1135 108 26 angäende
374 1136 183 26 metersystemets
572 1135 135 26 tillämpning
721 1135 35 21 vid
767 1133 136 26 tillverkning

77 1163 40 21 och
131 1163 125 26 försäljning
270 1163 23 21 af
305 1163 89 21 bränvin
411 1163 39 22 och
466 1163 154 27 spritdrycker.

145 1219 152 22 Diskussionen
312 1220 8 21 i
334 1221 70 20 denna
419 1220 61 27 fräga
496 1221 110 26 öppnades
623 1221 23 20 af

146 1271 32 21 Hr
201 1271 22 21 L.
247 1271 140 27 Mechelin,
411 1278 45 15 som
478 1273 98 26 yttrade:
614 1272 41 27 Jag
682 1272 40 21 har
744 1272 75 26 begärt
842 1269 62 22 ordet

77 1299 34 21 för
134 1301 33 19 att
181 1299 119 22 framställa
315 1301 36 20 det
365 1301 137 20 vördsamma
517 1301 90 26 förslag,
623 1303 32 18 att
671 1301 24 21 R.
712 1307 19 14 o.
746 1300 25 21 A.
787 1299 36 20 vid
837 1297 68 22 hand-

78 1328 126 27 läggningen
226 1328 23 21 af
268 1328 224 22 Ekonomiutskottets
515 1335 29 15 nu
559 1329 130 26 föredragna
704 1327 136 23 betänkande
856 1326 49 21 ville

78 1356 71 21 lemna
171 1356 74 27 frågan
267 1363 35 15 om
324 1357 174 27 skattebeloppet
518 1364 38 20 per
577 1358 49 21 liter
650 1358 117 20 tillsvidare
790 1355 115 22 beroende.

78 1384 212 21 Ekonomiutskottet
316 1385 46 27 har,
389 1392 45 15 som
461 1386 68 21 saken
553 1386 93 25 fordrar,
672 1388 65 24 egnat
765 1383 141 23 förevarande

77 1413 62 26 fråga
165 1413 99 27 pröfning
285 1419 25 15 ur
333 1415 131 24 ekonomisk,
488 1415 42 20 och
554 1421 35 14 om
612 1421 48 14 man
684 1414 25 21 så
726 1414 43 25 vill,
791 1419 27 15 ur
841 1412 65 21 social

79 1441 113 26 synpunkt,
215 1448 48 15 men
285 1443 70 20 denna
378 1442 62 27 fråga
465 1443 41 21 har
531 1443 63 21 äfven
620 1449 25 15 en
669 1442 96 21 finansiel
788 1440 116 28 betydelse.

78 1469 43 21 Det
143 1469 68 21 måste
233 1470 61 21 alltid
316 1470 66 22 blifva
399 1471 83 27 ganska
498 1470 60 22 svårt
573 1472 33 20 att
620 1471 111 26 fullgiltigt
745 1470 80 24 bevisa,
841 1469 65 20 huru-

78 1498 50 20 vida
150 1498 67 26 några
239 1498 63 26 penni
324 1505 46 15 mer
392 1500 52 21 eller
466 1500 85 20 mindre
566 1499 8 21 i
589 1500 58 20 skatt
670 1500 78 23 kunna,
773 1495 134 24 beträffande

79 1525 26 21 de
134 1526 81 26 sedliga
242 1527 156 27 verkningarna
426 1528 22 20 af
475 1528 274 26 bränvinslagstiftningen,
773 1525 74 23 utöfva
876 1525 32 19 ett

149 1566 38 15 N:o
200 1570 26 12 10.
825 1564 24 10 M
