1075 1739
202 144 41 20 458
450 149 24 17 R.
487 153 18 13 o.
518 149 23 17 A.
549 149 60 17 1888.
622 148 23 17 13
653 148 63 17 Mars.

174 236 33 20 att
222 234 69 22 denna
313 235 125 27 utställning
460 235 47 21 icke
530 235 126 27 inbringade
679 234 70 28 någon
765 233 117 21 nämnvärd
896 232 104 27 pekuniär

174 263 94 21 inkomst
288 264 22 21 åt
326 265 23 19 R.
366 270 18 14 o.
402 264 30 26 A.,
456 266 21 25 ty
492 264 141 21 Direktionen
649 270 38 15 var
703 270 41 20 nog
760 263 90 27 generös
865 263 33 19 att
913 261 87 27 upplåta

174 292 59 21 salen
249 292 33 21 för
297 292 59 21 detta
372 292 98 22 ändamål
493 294 45 20 mot
554 298 26 16 en
596 292 63 27 högst
674 292 62 27 ringa
751 290 125 26 ersättning,
892 291 51 19 nära
958 295 42 21 nog

174 320 56 21 blott
245 320 119 22 detsamma
380 327 44 15 som
440 321 41 21 den
495 327 41 21 par
549 320 81 28 gånger
645 320 59 22 förut
719 321 77 26 begärt
811 318 23 22 af
842 318 69 21 finska
921 318 78 21 Konst-

174 348 130 27 föreningen,
327 349 28 21 då
378 350 58 21 detta
451 356 47 15 rum
513 350 57 21 varit
584 349 99 27 upplåtet
699 348 65 23 också
780 348 22 21 åt
817 348 49 20 dess
881 346 118 26 årsexposi-

172 378 75 25 tioner,
273 378 60 26 1875,
359 378 53 22 1878
435 378 39 22 och
499 378 62 22 1879.
590 378 41 27 Jag
655 378 79 27 tycker,
751 379 33 20 att
798 378 40 19 när
853 376 37 20 det
905 380 25 16 en
944 375 56 27 gång

172 406 56 21 talas
243 412 35 16 om
293 406 155 22 Riddarhusets
468 407 31 21 sal
516 406 39 22 och
569 406 88 22 hvartill
673 407 41 21 den
729 406 57 21 varit
800 404 90 25 använd,
907 403 22 21 så
945 404 54 20 hade

173 435 36 21 det
231 435 47 21 icke
299 436 54 20 varit
368 442 24 14 ur
407 438 68 24 vägen
490 437 33 19 att
538 437 79 19 nämna
632 442 35 14 om
683 436 70 20 denna
768 433 119 27 exposition
901 432 24 21 af
938 432 61 21 Mun-

172 463 78 27 kaczys
265 464 149 27 märkvärdiga
429 464 57 22 tafla.

241 492 41 26 Jag
307 492 98 27 öfvergår
428 499 29 15 nu
478 492 33 22 till
534 493 37 21 det
593 492 153 28 genealogiska
768 491 87 27 gebitet,
878 496 45 15 som
939 488 61 22 alltid

172 520 56 21 varit
243 526 59 15 mera
317 521 160 27 knapphändigt
500 521 89 22 berördt
604 521 7 21 i
627 521 153 21 Direktionens
795 518 132 22 berättelser.
958 517 41 21 Det

172 549 40 21 har
231 550 56 20 varit
309 550 80 27 vanligt
411 552 32 19 att
466 552 119 22 omnämna,
608 550 57 21 hvad
688 556 47 15 som
756 548 64 22 också
836 549 24 19 är
874 547 23 21 af
909 547 90 21 intresse

172 579 33 20 att
228 580 56 22 veta,
307 578 72 22 hvilka
402 579 70 27 adliga
495 580 58 20 ätter
577 578 70 28 utgått
669 578 69 22 under
757 578 26 21 de
806 578 72 20 senast
899 574 100 22 förflutna

173 608 33 20 tre
222 606 51 22 åren
295 607 66 21 sedan
384 607 128 27 föregående
531 608 117 21 berättelse
668 606 75 28 afgafs.
773 606 41 26 Jag
829 604 34 22 får
877 605 75 26 genast
967 610 32 14 er-

172 635 77 24 känna,
273 637 33 20 att
325 642 26 14 en
374 636 152 26 försummelse,
547 642 46 16 som
608 636 7 22 i
631 637 41 21 den
686 636 60 21 förra
761 634 131 22 berättelsen
906 632 93 27 begicks,

173 670 28 15 nu
224 664 69 22 blifvit
316 665 78 21 rättad.
425 665 42 21 Det
489 665 36 21 vill
547 666 52 26 säga
621 666 33 20 att
677 664 143 27 qvinnolinien
843 661 64 22 också
930 660 69 22 blifvit

172 692 94 22 beaktad
290 694 33 20 vid
346 694 149 26 redogörelsen
510 694 33 20 för
558 694 26 20 de
600 693 110 27 utgångna
725 694 87 20 ätterna
826 690 40 22 och
881 690 36 22 det
932 688 67 22 måste

172 721 35 21 väl
222 728 63 14 anses
299 728 52 15 vara
367 722 23 21 så
405 722 84 27 mycket
504 728 59 15 mera
578 722 47 21 skäl
641 722 79 24 dertill,
737 727 46 15 som
799 720 117 26 qvinnorna
930 718 7 21 i
948 718 51 21 våra

173 750 66 26 dagar
254 756 65 21 gerna
334 750 51 28 vilja
400 751 65 21 blifva
475 751 101 21 likstälda
584 751 49 22 med
643 752 92 20 männen
746 749 40 22 och
797 748 32 22 till
840 748 40 21 och
890 747 48 21 med
948 752 51 16 vore

173 778 84 27 hugade
280 781 32 20 att
328 780 52 21 bära
395 780 62 21 svärd
472 780 34 21 vid
522 780 67 21 sidan.
620 779 160 27 Redogörelsen
794 779 89 20 nämner
897 776 32 21 till
945 775 54 21 först

172 809 33 19 att
221 809 32 20 tre
269 809 70 26 adliga
355 810 56 20 ätter
426 809 71 26 utgått
512 808 27 27 på
554 809 126 20 svärdsidan
695 807 69 22 under
779 807 63 21 dessa
857 807 32 20 tre
900 805 29 25 år,
941 806 58 19 näm-

172 835 56 27 ligen
243 836 142 28 Finkenberg,
401 837 138 27 Gyllenbögel
555 837 40 21 och
609 843 42 15 von
667 836 123 22 Ammondt,
802 835 39 21 och
853 833 86 22 dermed
950 833 48 21 slut.

172 864 35 21 Nu
222 867 25 18 är
261 865 65 21 likväl
341 865 59 22 fallet
416 868 32 19 att
464 866 40 21 den
520 866 13 20 9
548 865 43 28 Maj
609 866 55 21 1886
679 864 142 23 utslocknade
837 863 62 21 äfven
909 868 26 15 en
945 861 55 21 finsk

171 893 109 27 friherrlig
295 896 38 24 ätt,
349 894 40 21 N:o
406 895 26 20 23
448 901 41 15 von
504 894 140 27 Willebrand,
660 894 49 21 med
724 900 27 15 en
766 893 15 21 f.
798 893 20 20 d.
829 891 67 27 major
906 891 6 20 i
923 889 76 22 svensk

172 921 72 27 tjenst,
268 929 45 15 som
336 923 42 26 dog
393 923 7 20 i
415 923 69 21 denna
499 923 54 25 stad,
576 923 90 21 hvarom
681 923 47 21 icke
744 924 32 19 ett
791 921 38 21 ord
845 920 66 21 finnes
926 919 73 26 sagdt;

173 950 36 21 det
224 957 38 14 var
284 951 65 22 likväl
372 951 46 22 icke
441 951 65 28 något
529 951 94 22 särdeles
644 951 94 22 obekant
761 949 98 22 dödsfall.
889 948 40 21 Till
947 947 52 26 följd

172 979 63 21 deraf
248 979 42 21 blir
305 980 83 21 antalet
403 980 23 21 af
439 981 26 20 de
480 980 122 27 friherrliga
617 980 28 27 på
661 979 126 22 svärdsidan
798 977 108 28 utgångna
916 978 83 19 ätterna

174 1008 32 25 10,
223 1008 40 21 och
279 1008 46 21 icke
341 1009 19 26 9,
372 1009 38 21 och
426 1009 23 21 af
456 1009 25 20 de
490 1011 27 18 än
525 1009 99 21 lefvande
633 1009 95 26 manliga
736 1008 35 26 48,
782 1007 39 21 och
832 1006 46 21 icke
887 1006 33 24 49,
929 1004 70 21 såsom

170 1036 38 21 det
232 1038 61 25 säges
308 1037 6 20 i
330 1037 130 22 berättelsen
497 1037 41 22 Vid
557 1037 167 21 omnämnandet
740 1036 24 21 af
778 1036 40 21 den
834 1034 92 27 qvinliga
941 1033 58 21 med-

172 1065 99 27 lemmen,
294 1066 101 21 hvarmed
412 1072 25 15 en
452 1066 57 27 adlig
524 1067 32 20 ätt
571 1066 110 26 (Conradi)
697 1065 89 22 alldeles
801 1063 127 25 utslocknat,
944 1062 55 21 före-

171 1093 97 22 kommer
279 1093 46 22 åter
336 1095 133 26 olyckligtvis
479 1097 32 19 ett
521 1095 87 26 oriktigt
619 1095 80 25 datum,
711 1093 82 26 hvarpå
804 1092 123 26 visserligen
936 1091 63 26 ingen

171 1121 46 27 vigt
232 1122 73 27 ligger,
321 1129 48 15 men
385 1123 27 21 då
428 1125 31 19 ett
474 1123 73 21 datum
563 1124 84 25 engäng
662 1123 73 25 finnes,
751 1122 41 21 bör
808 1121 35 21 det
858 1120 34 21 väl
903 1125 50 15 vara
963 1119 36 21 det

172 1152 69 25 rätta;
266 1152 35 21 det
324 1153 62 25 säges
401 1154 32 19 att
448 1152 42 21 hon
506 1152 41 26 dog
563 1152 41 21 den
620 1153 12 19 7
648 1151 65 24 Mars,
729 1157 49 15 men
794 1149 66 26 enligt
875 1149 62 24 mina,
953 1154 46 15 som

170 1178 37 27 jag
222 1181 46 19 tror
283 1179 103 28 pähtliga,
402 1181 153 26 anteckningar
570 1181 79 20 timade
660 1180 81 21 hennes
752 1179 42 21 död
806 1178 41 21 den
858 1178 26 20 22
895 1176 104 22 Februari

172 1208 62 20 1886.
265 1209 43 20 Det
323 1209 55 22 hade
394 1209 107 21 dessutom
516 1209 55 20 varit
582 1209 47 20 skäl
639 1210 33 19 att
682 1205 258 24 Riddarhusdirektionen
950 1205 49 20 hört

171 1235 23 22 åt
209 1236 39 21 hos
271 1237 268 27 Riddarhus-genealogen,
563 1237 104 21 huruvida
689 1237 47 20 icke
759 1235 37 22 två
810 1236 58 19 ätter
882 1236 38 19 äro
935 1233 64 22 totalt

171 1265 114 26 utgångna,
301 1266 106 26 nemligan
423 1267 84 20 ätterna
522 1266 128 21 Feuerstern
666 1265 40 22 och
717 1265 58 23 Sass,
786 1263 72 22 hvilka
867 1262 132 21 fortfarande

170 1296 107 25 upptagas
292 1294 6 20 i
314 1294 190 24 Adelskalendern,
521 1294 175 27 representerade
719 1293 24 21 af
764 1294 78 20 tvänne
858 1291 140 23 fruntimmer,

170 1321 67 22 födda
259 1323 67 26 begge
350 1323 62 26 1798;
436 1323 36 21 det
488 1325 24 18 är
527 1323 51 21 visst
594 1323 82 26 möjligt
692 1324 32 19 att
740 1322 27 21 de
782 1320 57 22 lefva
854 1320 40 21 och
908 1319 91 27 uppnått

171 1356 26 15 en
213 1351 24 20 så
252 1351 42 26 hög
309 1351 66 26 ålder,
398 1358 48 14 men
470 1352 73 25 troligt
567 1353 24 19 är
615 1351 36 21 det
666 1351 54 21 icke.
750 1350 69 21 Dessa
834 1347 165 27 anmärkningar

170 1378 73 21 kunna
258 1386 63 20 synas
337 1386 42 21 nog
390 1380 128 27 obetydliga,
528 1386 48 15 men
585 1379 55 22 efter
649 1380 36 20 det
693 1379 71 21 blifvit
772 1379 43 20 min
823 1377 88 27 plägsed
919 1378 33 19 att
962 1383 37 14 an-

170 1407 57 21 mäla
242 1408 34 21 för
291 1408 24 21 R.
333 1415 18 15 o.
368 1409 25 21 A.
410 1408 82 27 sådant,
516 1408 39 22 har
569 1408 36 27 jag
621 1410 76 23 ansett,
714 1407 68 23 under
798 1405 153 27 förutsättning
967 1407 32 19 att

170 1436 37 21 det
223 1436 55 22 dock
292 1436 68 22 finnes
375 1437 65 27 nägot
456 1438 90 20 intresse
561 1437 34 21 för
610 1437 27 21 de
651 1436 127 22 meddelade
794 1434 146 28 uppgifternas
950 1433 49 21 full-

170 1465 123 27 ständighet
315 1466 40 20 och
378 1466 109 26 riktighet,
510 1466 44 26 mig
576 1465 54 21 böra
652 1466 86 20 komma
761 1464 55 21 fram
832 1463 48 21 med
895 1463 48 21 dem
960 1462 39 22 och

169 1493 71 22 lemna
256 1494 49 21 dem
320 1494 32 20 till
368 1494 239 22 Riddarhusutskottets
622 1494 138 26 granskning,
777 1492 45 22 ifall
838 1492 36 21 det
889 1491 68 21 finner
967 1492 32 26 sig

168 1523 89 21 manadt
273 1524 32 20 att
320 1522 56 21 fästa
391 1523 32 26 sig
438 1523 35 21 vid
490 1523 53 21 dem.
