1075 1759
358 134 25 17 R.
396 138 17 12 o.
426 135 23 15 A.
464 134 59 16 1888.
543 134 14 16 4
568 134 60 16 Febr.
836 126 40 21 133

150 219 46 27 83.
226 219 32 21 De
280 220 7 20 i
310 220 69 20 denna
401 219 12 27 &
435 219 105 26 ingående
558 219 160 25 bestämningar
734 225 34 15 om
784 218 121 25 förlagsför-

81 247 114 27 skrifnings
209 247 94 21 innehåll
318 248 109 26 innebära,
451 250 34 18 att
506 248 204 26 förlagsinteckning
726 247 18 27 ej
761 247 42 21 kan
820 246 85 26 beviljas

80 276 34 20 för
129 276 67 21 andra
210 276 163 26 förskrifningar
389 278 27 18 än
431 276 56 26 dem,
503 282 46 15 som
565 276 77 21 enkom
657 276 32 21 uti
705 282 29 14 nu
744 274 161 28 ifrägavarande

80 304 100 22 afseende
195 305 127 21 tillkommit.
354 305 75 21 Denna
446 305 158 26 omständighet
618 305 65 26 jemte
700 304 161 22 föreskrifterna
871 308 34 15 om

80 333 248 26 inteckningsregistrens
351 333 158 27 tillgänglighet
531 334 34 20 för
588 333 85 26 enhvar,
696 339 46 15 som
757 333 24 21 af
794 333 47 21 dem
856 331 50 27 vilja

80 364 50 24 taga
146 362 40 26 del,
210 362 38 21 och
266 362 128 26 stadgandet
409 362 6 20 i
431 362 12 27 &
461 363 32 24 19,
518 364 33 18 att
566 362 122 26 inteckning
702 362 76 20 blifver
794 363 51 19 utan
860 366 43 15 ver-

80 390 48 25 kan,
153 390 70 22 derest
244 390 167 26 förlagstagares
433 390 96 21 konkurs
552 390 72 26 börjas
646 390 57 21 inom
719 396 26 15 en
760 390 77 21 månad
852 388 54 22 efter

80 419 159 27 inteckningens
258 418 155 26 fastställande,
437 419 68 21 borde
521 420 6 20 i
544 419 31 21 sin
591 418 49 22 män
663 419 90 25 bidraga
775 418 76 25 dertill,
874 418 33 20 att

80 448 321 26 förlagsinteckningsinstitutet
423 447 36 21 mä
474 448 59 26 tjena
548 448 36 20 det
600 447 105 25 ändamäl,
729 446 86 22 hvarför
831 447 36 20 det
882 447 24 19 är

82 476 76 26 afsedt,
174 476 52 21 eller
240 478 32 18 att
287 476 79 21 bereda
382 476 102 21 säkerhet
507 476 32 21 för
555 476 116 26 förlagslän
686 476 23 20 ät
724 475 111 26 industrin,
858 480 47 15 men

81 505 46 21 icke
150 504 24 22 sä
196 506 40 20 lätt
259 505 71 20 kunna
348 504 107 27 begagnas
471 504 34 22 för
521 507 33 19 att
568 510 70 21 gynna
654 510 26 15 en
696 504 90 27 tidigare
801 504 105 26 borgenär

82 533 27 27 pä
125 533 68 26 öfriga
208 534 139 25 borgenärers
363 533 126 21 bekostnad.
513 534 69 20 Bland
598 533 187 27 bestämningarna
800 533 7 20 i
823 532 10 27 $
849 532 12 20 3
871 530 36 22 mä

82 562 101 20 särskildt
198 562 122 21 framhällas
336 568 62 14 mom.
416 562 27 25 b.,
468 562 150 21 innehällande
642 562 117 26 stadgande
781 562 73 20 derom
874 561 32 19 att

82 590 121 27 inteckning
218 591 41 20 kan
275 590 87 27 beviljas
375 590 80 27 jemväl
471 591 33 21 till
519 590 102 21 säkerhet
636 590 34 21 för
686 596 25 15 en
726 590 92 27 löpande
828 588 77 26 kredit,

82 618 73 22 sävida
178 619 107 21 kreditens
308 619 165 26 maximibelopp
494 621 24 19 är
534 619 100 26 angifvet.
665 619 85 21 Bristen
765 618 28 27 pä
809 624 25 15 en
849 616 58 28 dylik

82 648 66 26 tydlig
164 648 134 26 bestämning
312 648 7 20 i
333 648 98 26 gällande
448 648 35 26 lag
499 648 109 26 angäende
625 648 122 26 inteckning
765 648 6 20 i
787 647 43 21 fast
845 652 61 20 egen-

82 676 48 21 dom
146 676 38 20 har
200 676 45 21 ofta
259 676 57 26 gjort
331 677 31 25 sig
377 676 57 21 känd
451 676 40 21 och
507 678 24 19 är
546 676 24 21 sä
586 676 84 27 mycket
685 682 59 15 mera
759 678 32 19 att
809 675 97 25 beklaga,

81 710 45 15 som
141 704 161 26 ifrågavarande
318 705 53 21 form
387 705 24 21 af
423 705 72 21 kredit
510 705 34 21 för
559 705 124 26 låntagaren
693 705 99 26 erbjuder
800 705 40 20 den
848 705 59 19 stora

81 732 88 25 förmån,
186 734 31 20 att
232 733 41 21 han
289 734 46 20 icke
351 734 96 26 erlägger
464 735 63 20 ränta
542 733 13 21 &
570 735 68 19 större
655 734 33 20 del
700 734 23 20 af
729 733 176 25 kreditbeloppet,

82 763 25 19 än
124 762 42 20 han
181 761 33 21 för
230 762 67 26 dagen
313 762 101 21 behöfver
429 764 52 25 taga
500 763 6 20 i
522 762 94 26 anspräk

150 790 24 27 88
190 791 75 20 4—11.
296 791 31 20 De
344 791 53 24 skäl,
413 797 45 14 som
475 791 109 21 föranledt
606 792 32 19 att
659 790 22 22 ät
696 791 26 21 de
738 788 169 23 administrativa

81 818 181 27 myndigheterna,
277 819 113 26 Magistrat
406 820 39 20 och
462 819 118 26 Guvernör,
597 819 39 21 och
651 820 47 20 icke
714 819 22 21 ät
761 819 26 21 de
800 817 106 28 judiciela,

82 846 164 22 Rädstufvurätt
262 848 39 20 och
317 848 136 25 Häradsrätt,
471 848 131 21 öfverlemna
616 848 158 21 fastställandet
789 847 23 21 af
817 846 90 26 förlags-

81 876 147 28 inteckningar
243 876 47 21 med
306 876 55 22 hvad
377 876 72 22 dertill
465 876 70 27 hörer,
552 876 64 22 hafva
631 877 6 21 i
653 876 120 22 hufvudsak
797 876 56 21 varit
867 874 40 22 föl-

79 905 70 26 jande.
175 904 66 22 Äfven
262 906 82 20 härtills
361 906 39 20 har
416 906 37 20 det
476 906 119 21 ankommit
618 906 12 20 &
651 906 112 26 Magistrat
779 905 39 21 och
833 904 46 21 icke
895 903 12 21 å

82 933 162 21 Rädstufvurätt
258 936 31 18 att
304 934 107 21 fastställa
427 935 64 20 dessa
509 935 57 26 slags
590 934 151 26 inteckningar.
773 934 42 20 Det
830 935 24 18 är
868 932 39 21 hos

82 962 112 26 Magistrat
210 962 38 21 och
264 968 75 20 genom
354 962 140 27 Kronofogde
510 966 39 18 hos
564 962 117 27 Guvernör,
700 969 45 15 som
761 962 146 25 anmälningar

82 996 34 15 om
132 990 114 22 utöfvande
262 991 23 21 af
290 991 221 21 fabriksverksamhet
519 992 53 20 eller
580 992 150 20 handtverkeri
739 992 65 25 enligt
812 990 95 26 närings-

81 1019 60 26 lagen
158 1019 60 21 skola
233 1021 70 25 göras.
332 1020 41 21 Vid
389 1020 151 21 fastställande
556 1020 24 20 af
589 1020 202 27 förlagsinteckning
801 1018 106 22 förekom-

82 1054 51 19 mer,
150 1048 64 25 enligt
230 1048 40 21 den
285 1055 29 13 nu
329 1048 122 26 föreslagna
467 1048 162 28 författningen,
644 1049 53 26 icke,
721 1048 70 22 såsom
807 1048 34 20 vid
857 1047 50 21 fast-

82 1076 114 20 ställandet
218 1076 23 20 af
262 1076 121 28 inteckning
405 1078 7 20 i
430 1077 44 21 fast
491 1078 109 25 egendom,
626 1084 25 14 en
667 1077 99 27 pröfning
781 1076 23 21 af
818 1076 90 26 egande-

82 1106 70 19 rätten
174 1104 33 21 till
229 1105 40 21 den
292 1106 109 25 egendom,
425 1112 46 15 som
495 1106 55 20 skall
574 1106 117 26 intecknas,
714 1108 52 19 utan
790 1105 75 21 endast
882 1110 26 15 en

81 1133 129 26 granskning
233 1133 61 21 deraf
312 1136 32 19 att
359 1134 66 26 några
441 1134 21 21 få
479 1135 6 20 i
502 1134 25 28 $$
546 1136 17 24 1,
586 1135 20 25 3,
630 1136 13 20 4
659 1134 178 22 sammanfattade
853 1132 56 21 före-

83 1160 85 22 skrifter
183 1161 68 21 blifvit
266 1162 117 26 iakttagna.
407 1163 191 27 Myndigheternas
609 1163 164 26 kufvudsakliga
780 1161 128 27 tillgörande

82 1190 6 20 i
104 1190 64 26 öfrigt
190 1190 72 21 bestär
277 1191 7 20 i
299 1190 100 22 förandet
421 1192 24 20 af
466 1194 33 18 ett
527 1192 135 26 fullständigt
677 1190 230 28 inteckningsregister.

82 1218 42 21 För
138 1219 39 21 allt
193 1219 58 21 detta
266 1220 101 26 erbjuder
382 1220 176 27 organisationen
573 1220 23 21 af
609 1220 164 27 Magistraterna
781 1220 39 20 och
829 1218 80 22 Guver-

82 1247 162 21 nörsembetena
266 1248 48 21 fullt
337 1250 24 19 ut
384 1255 83 15 samma
489 1248 109 27 garantier
617 1256 45 14 som
678 1248 164 22 Rädstufvurätt
857 1247 52 21 eller

82 1276 134 21 Häradsrätt.
247 1276 32 21 En
294 1277 85 27 mycket
394 1278 67 26 vigtig
478 1278 135 26 bestämning
627 1277 117 22 innehälles
754 1277 7 20 i
772 1277 137 20 slutmomen-

81 1306 32 19 tet
128 1304 23 20 af
164 1306 12 24 $
192 1305 22 25 6;
237 1311 48 15 men
308 1312 25 14 en
356 1306 67 21 sädan
445 1312 52 15 vore
521 1306 23 21 af
558 1306 48 21 vida
621 1306 81 21 mindre
718 1311 61 21 gagn,
803 1310 34 15 om
852 1303 57 21 Räd-

81 1332 115 22 stufvurätt
212 1334 39 20 och
267 1334 129 21 Häradsrätt
411 1334 56 21 hade
484 1335 112 26 registrets
611 1335 88 21 förande
716 1340 33 15 om
771 1333 63 26 hand,
858 1334 51 20 enär

81 1361 61 21 dessa
158 1362 146 26 myndigheter
320 1363 39 21 och
375 1363 103 21 särskildt
494 1362 132 22 Häradsrätt
640 1364 46 20 icke
702 1362 64 22 hafva
781 1368 26 14 en
818 1361 91 22 embets-

81 1390 63 26 lokal,
168 1396 46 15 som
238 1390 97 28 dagligen
358 1391 13 21 &
393 1392 57 20 vissa
468 1392 88 20 timmar
572 1394 24 18 är
611 1392 122 26 tiligänglig.
766 1390 104 26 Slutligen
885 1391 24 19 är

81 1418 42 26 det,
140 1419 47 21 med
203 1419 98 21 afseende
317 1420 12 20 å
344 1420 191 26 bestämningarna
550 1421 7 20 i
573 1420 24 28 $$
614 1421 25 21 16
656 1420 39 21 och
712 1420 25 20 17
763 1420 99 26 lämpligt
877 1420 32 19 att

81 1448 165 26 registreringen
262 1448 107 21 anförtros
385 1448 23 21 ät
423 1448 27 21 de
467 1449 115 21 exekutiva
597 1449 182 27 myndigheterna.
802 1448 107 25 Tilläggas

80 1476 35 20 mä
130 1478 32 18 att
176 1476 189 26 Lagberedningen
380 1478 7 20 i
403 1477 37 21 sitt
455 1477 89 27 förslag,
560 1478 108 26 angående
684 1476 224 28 inteckning
811 1472 12 36 i
832 1476 76 28 fartyg,

80 1504 61 21 torde
164 1504 110 27 föreslagit
288 1506 114 25 Magistrat
417 1506 40 20 och
475 1505 153 27 Ordningsrätt
642 1506 33 21 till
690 1503 219 29 registermyndighet.
