1075 1745
348 143 25 17 R.
386 147 18 12 o.
416 143 23 16 A.
452 143 61 17 1888.
533 142 12 17 7
557 142 59 17 Febr.
825 137 41 21 223

66 234 42 15 nan
123 228 39 21 och
179 228 91 21 derifrän
286 228 108 22 eventuelt
409 228 73 21 vidare
494 228 32 21 till
538 230 58 19 östra
605 228 127 21 stambanan
743 228 66 21 mätte
819 227 77 26 äväga-

66 256 93 27 bringas.
190 257 73 21 Ehuru
285 257 116 26 petitionen
424 257 76 21 vunnit
518 257 60 21 Hans
594 256 117 27 Kejserliga
727 257 110 26 Majestäts
853 255 42 22 Nä-

67 285 48 26 diga
137 285 65 26 bifall,
218 285 39 21 har
271 285 186 26 undersökningen
473 285 23 22 af
510 285 91 22 nämnda
613 285 151 27 jernvägslinie
778 287 57 19 ännu
849 283 47 22 icke

66 313 118 27 försiggätt,
207 313 138 28 förmodligen
370 314 90 21 emedan
486 313 195 28 ingeniörkorpsen,
707 315 83 26 strängt
815 313 80 22 anlitad

66 342 28 27 pä
108 344 65 19 annat
188 342 49 24 häll,
253 342 46 21 icke
314 343 82 20 kunnat
411 343 115 20 medhinna
541 342 60 21 detta
617 342 78 21 arbete.

135 371 83 27 Frägan
235 377 33 15 om
284 371 293 26 sammanbindningsbanans
592 377 63 15 snara
670 370 111 27 byggande
796 372 24 19 är
833 369 62 23 emel-

66 399 63 22 lertid
144 399 22 22 af
180 401 78 20 största
274 399 43 27 vigt
331 399 33 21 för
379 399 133 22 vidsträckta
528 399 59 22 delar
603 399 22 22 af
639 399 36 21 det
689 399 45 22 inre
750 399 78 22 landet.
854 399 42 21 Det

66 428 109 21 mellersta
194 428 101 21 Finlands
310 428 124 26 folkmängd
450 431 24 18 är
489 428 63 21 stadd
567 428 7 21 i
589 428 67 21 snabb
673 427 83 22 tillväxt
771 428 40 21 och
825 427 70 21 kultu-

66 463 38 15 ren
126 457 74 21 vinner
223 457 36 20 der
277 456 79 27 ärligen
372 463 41 20 nya
429 457 110 21 omräden.
569 456 132 22 Jordbruket
716 459 38 18 har
769 455 33 22 för
817 455 31 22 sin
864 456 32 20 ut-

66 485 98 27 veckling
179 487 32 20 att
225 485 95 27 päräkna
335 485 102 26 ofantliga
452 485 99 22 sträckor
567 485 22 21 af
603 484 122 27 odlingsbar
736 485 66 25 mark,
812 484 8 21 i
828 483 68 27 bredd

67 514 48 21 med
137 513 71 22 hvilka
231 514 25 21 de
279 514 64 21 redan
366 513 33 21 till
422 513 73 28 odling
520 515 107 26 upptagna
642 516 37 19 äro
695 513 128 27 obetydliga.
853 512 44 21 För

66 542 116 21 industrins
197 542 84 21 framtid
297 542 6 21 i
319 542 111 21 trakterna
445 542 63 27 kring
523 543 113 26 Päijännes
651 548 64 15 norra
730 541 34 22 del
779 543 76 25 utgöra
870 541 26 20 de

68 572 58 19 stora
148 571 106 26 skogarna
274 571 38 21 och
329 571 26 21 de
370 571 114 21 malmrika
499 571 91 26 sjöarna,
606 571 76 20 liksom
699 571 64 20 ocksä
778 570 26 21 de
820 570 76 25 mänga

68 598 143 25 vattenfallen,
227 599 70 21 hvilka
312 599 69 21 lemna
397 599 59 27 billig
472 599 101 22 drifkraft
589 599 6 21 i
611 599 62 26 riklig
689 599 83 26 mängd,
788 605 25 14 en
834 598 63 21 säker

67 627 85 26 borgen.
184 627 96 22 Nämnda
301 628 97 21 landsort
420 627 40 22 har
484 628 54 21 dock
561 627 82 22 härtills
666 628 7 20 i
687 627 51 28 följd
753 627 23 21 af
788 626 108 22 bristande

68 655 51 22 eller
142 656 116 27 obegväma
280 656 208 22 kommunikationer
511 657 76 21 endast
602 656 32 21 till
650 663 25 14 en
692 656 59 27 ringa
767 655 33 22 del
815 656 82 20 kunnat

67 684 141 27 tillgodogöra
230 685 31 26 sig
284 685 45 21 sina
344 685 107 26 naturliga
466 685 135 27 hjelpkällor.
632 685 39 21 Att
685 685 149 26 befolkningen
850 683 46 22 der-

67 713 71 21 städes
161 713 88 21 allmänt
271 713 70 22 insett,
366 713 85 21 hvilken
478 713 112 22 oskattbar
605 713 67 22 fördel
688 713 68 22 skulle
771 712 125 27 tillskyndas

67 741 122 22 densamma
210 748 75 21 genom
309 748 26 15 en
353 742 95 27 jernväg,
465 749 46 14 som
527 742 109 21 förbinder
651 741 182 22 Savolaks-banan
848 740 49 21 med

68 770 39 21 den
124 770 171 27 österbottniska,
311 770 92 27 framgär
418 770 67 22 bland
500 773 66 19 annat
581 771 61 21 deraf
651 773 38 23 att,
700 771 27 21 dä
738 769 157 23 stadsfullmäk-

67 798 42 27 tige
132 799 6 20 i
160 799 114 26 Jyväskylä
291 801 84 19 senaste
398 800 37 20 vär
458 799 40 22 hos
515 799 124 27 regeringen
655 799 85 21 anhöllo
756 801 32 19 att
804 799 40 20 den
860 798 37 26 pä-

66 827 75 21 tänkta
156 827 184 27 undersökningen
355 827 23 22 af
392 828 285 27 sammanbinduingsbanan
693 827 68 22 skulle
771 825 125 23 verkställas

66 855 65 21 redan
146 855 64 21 innan
226 862 28 14 nu
269 857 108 26 pägäende
392 857 154 26 ständermöte,
562 857 27 20 42
601 856 185 21 landskommuner
796 854 100 22 förenade

66 883 32 27 sig
113 890 33 15 om
163 885 68 20 denna
245 885 114 27 Jyväskylä
374 885 58 21 stads
448 885 108 21 anhällan.

135 913 43 20 För
192 913 113 27 Jyväskylä
319 914 48 21 stad
377 916 24 19 är
417 913 36 21 det
469 916 33 19 ett
516 913 109 22 lifsvilkor.
641 915 32 20 att
684 913 120 27 byggandet
814 911 21 22 af
845 911 52 21 ofta-

66 941 92 21 nämnda
171 941 149 27 jernvägslinie
336 942 47 21 med
400 943 36 20 det
451 945 99 18 snaraste
566 942 105 27 påbörjas.
702 941 74 22 Ehuru
791 947 25 15 en
833 939 62 22 bland

66 969 26 22 de
114 972 76 24 yngsta
211 969 22 22 af
254 970 82 21 landets
351 971 79 25 städer,
446 971 122 26 grundlagd
583 977 46 15 som
645 971 40 20 den
701 973 24 18 är
739 971 24 20 är
782 969 60 25 1837,
858 968 39 21 har

66 997 113 28 Jyväskylä
201 999 59 20 raskt
275 999 107 21 utvecklat
396 999 38 26 sig,
451 999 25 21 sä
493 1001 32 19 att
541 1000 40 21 den
597 1005 35 19 nu,
647 999 57 21 hvad
718 997 123 27 folkmängd
857 997 40 20 och

66 1027 100 26 näringar
180 1027 136 26 vidkommer,
333 1027 133 22 öfverträffar
483 1029 77 25 många
577 1027 22 22 af
613 1028 26 21 de
650 1028 59 21 älare
720 1027 99 21 städerna.
851 1026 46 21 Den

68 1054 107 22 betydelse
191 1055 112 28 Jyväskylä
319 1056 38 21 har
372 1057 70 20 såsom
459 1056 97 21 skolstad
573 1059 24 18 är
612 1056 87 21 allmänt
709 1055 63 22 känd.
799 1054 98 21 Afindu-

68 1083 72 22 striela
162 1083 141 27 inrättningar
324 1084 7 21 i
353 1085 87 21 stadens
464 1085 78 21 närhet
565 1086 34 20 mä
615 1085 100 20 särskildt
731 1086 88 19 nämnas
834 1082 63 22 Lohi-

67 1112 61 21 koski
150 1113 153 26 pappersbruk,
318 1119 46 15 som
380 1113 81 26 ärligen
478 1113 33 21 till
527 1113 106 27 Ryssland
649 1115 123 24 exporterar
787 1112 111 26 finpappar

67 1140 33 21 för
114 1141 93 26 250,000
223 1141 64 26 mark,
303 1144 56 18 samt
374 1141 117 22 Kuokkola
507 1142 39 21 och
562 1142 137 27 Haapakoski
719 1142 67 25 sägar.
816 1139 82 22 Värdet

68 1169 22 21 af
111 1169 39 21 den
174 1169 129 22 sistnämnda
318 1170 157 27 inrättningens
493 1170 68 26 ärliga
576 1170 136 26 tillverkning
727 1169 54 22 skall
796 1168 55 27 stiga
866 1167 32 21 till

68 1199 41 20 400
117 1199 42 20 000
175 1198 65 21 mark.
266 1198 103 21 Särskildt
384 1201 24 19 är
422 1198 119 28 Jyväskylä
556 1205 76 20 genom
647 1199 38 21 sitt
699 1197 140 26 fördelaktiga
850 1196 48 26 läge

67 1227 35 20 vid
124 1226 113 27 Päijännes
255 1227 130 26 nordligaste
401 1230 59 24 spets
477 1233 26 15 en
520 1227 93 27 naturlig
629 1227 115 22 centralort
758 1227 32 20 för
805 1224 92 22 handeln

67 1255 56 21 inom
147 1257 31 19 ett
201 1255 116 22 vidsträckt
339 1256 92 22 omräde,
456 1262 49 15 som
520 1255 7 21 i
543 1256 62 21 söder
621 1256 95 21 sträcker
730 1255 31 26 sig
776 1253 32 22 till
824 1253 75 27 Sysmä

68 1283 38 22 och
120 1283 73 22 Jämsä
208 1283 124 22 kommuner
347 1284 39 21 och
402 1284 6 21 i
424 1291 52 14 norr
493 1284 102 21 omfattar
610 1284 31 21 till
657 1285 39 20 och
713 1284 46 21 med
778 1281 119 24 Viitasaari,

67 1312 101 26 Kivijärvi
184 1312 38 20 och
238 1312 130 27 Pihtipudas,
385 1312 48 22 med
448 1312 76 22 hvilka
539 1313 91 21 socknar
641 1312 146 26 varu-utbytet
797 1310 34 21 väl
843 1309 55 21 skall

67 1340 64 21 blifva
154 1342 56 19 ännu
233 1341 116 26 mängfaldt
371 1340 95 27 lifligare.
493 1341 27 21 dä
543 1341 194 27 förhoppningarna
757 1346 34 15 om
807 1337 92 23 Keitele-

67 1371 186 25 vattensystemets
276 1369 142 27 kanalisering
438 1371 87 25 ensäng
541 1369 70 22 blifvit
625 1368 160 27 förverkligade.
816 1367 40 22 Om
872 1373 26 14 en

67 1397 119 27 betydande
210 1397 143 22 affärsrörelse
371 1398 6 21 i
392 1398 76 21 staden
486 1399 81 20 vittnar
582 1398 7 21 i
604 1398 32 21 sin
653 1399 46 20 män
715 1397 60 21 äfven
792 1396 40 21 den
846 1395 53 27 jem-

66 1425 107 22 förelsevis
197 1428 58 19 stora
277 1427 267 26 penningeomsättningen
568 1427 6 20 i
591 1427 25 21 de
632 1425 204 26 bankinrättningra,
853 1430 46 15 som

68 1454 37 21 der
120 1455 83 26 betjena
219 1454 148 22 allmänheten.

136 1483 67 26 Dock,
226 1489 26 15 en
268 1489 75 20 genom
362 1483 115 28 Jyväskylä
495 1484 80 25 dragen
588 1484 89 27 jernväg
691 1482 68 23 skulle
774 1482 47 22 icke
835 1480 65 22 lända

67 1511 75 22 endast
158 1511 68 21 denna
241 1511 48 22 stad
304 1512 40 21 och
359 1512 165 27 kringliggande
540 1513 97 20 landsort
652 1512 31 21 till
695 1517 59 22 gagn.
781 1511 46 21 Den
839 1510 60 25 nytta

66 1539 277 27 sammanbindningsbanan
367 1540 53 21 skall
444 1541 101 21 medföra
567 1541 72 21 landet
661 1541 7 20 i
693 1541 47 20 dess
762 1539 78 24 helhet,
857 1537 42 20 kan
