1070 1756
328 146 25 16 R.
366 150 17 12 o.
396 146 22 16 A.
431 146 59 16 1888.
508 146 28 16 28
548 145 48 17 Jan.
837 140 27 20 49

68 230 106 22 realskola
197 230 52 21 eller
270 230 41 21 fem
334 230 82 22 klasser
437 230 23 21 af
478 230 106 26 offentligt
598 230 82 27 lyceum
696 230 52 22 eller
762 236 69 15 annan
847 230 46 21 der-

69 262 58 19 emot
141 259 104 21 svarande
258 258 127 22 läroanstalt
400 258 52 22 eller
468 258 39 22 ock
518 258 32 21 för
566 258 96 22 lärarene
677 258 35 22 vid
720 258 67 28 dylikt
796 258 97 22 läroverk

70 287 65 27 aflagt
152 286 49 28 prof
215 288 26 25 på
257 286 93 27 nöjaktig
365 287 65 26 insigt
443 287 7 21 i
467 287 41 21 alla
523 286 32 22 till
571 287 41 21 fem
628 287 91 21 klassers
736 288 48 20 kurs
799 287 94 21 hörande

69 315 201 27 kunskapsstycken,
293 316 34 20 2:0
350 314 32 22 för
405 316 40 20 den
468 315 212 25 universitetslärare,
703 322 45 15 som
768 315 69 22 dertill
852 315 41 21 för-

71 344 83 26 ordnas,
177 344 124 26 genomgätt
323 350 26 14 en
372 344 86 21 kortare
474 344 135 27 systematisk
625 344 97 21 lärokurs
737 344 6 21 i
759 344 82 21 landets
855 344 38 20 all-

70 374 78 20 männa
169 372 132 27 lagfarenhet
323 372 39 21 och
384 372 115 27 undergätt
521 372 110 28 godkändt
653 372 72 21 förhör
744 373 6 20 i
766 373 127 24 densamma,

70 403 56 19 samt
148 402 33 20 3:o
203 400 67 22 under
293 400 63 21 minst
378 402 35 20 två
434 402 24 20 är
473 401 54 21 varit
541 401 7 21 i
564 400 95 27 praktisk
675 400 144 28 tjenstgöring,
836 400 59 22 deraf

69 431 32 20 ett
123 430 23 21 år
171 430 70 20 såsom
263 428 83 22 biträde
372 429 38 21 hos
436 430 86 21 domare
547 430 27 26 pä
599 429 73 21 landet
696 429 38 21 och
762 430 39 20 den
827 429 66 27 öfriga

71 458 65 27 tiden,
159 458 45 21 dels
229 457 32 21 vid
283 457 144 27 länestyrelse,
451 458 40 21 och
513 458 32 20 till
568 464 26 14 en
617 464 69 14 annan
703 458 33 20 del
752 458 98 26 antingen
866 458 27 26 pä

71 486 208 27 kronofogdekontor
301 485 50 21 eller
369 486 68 21 såsom
453 486 208 22 länsmansvikarie't.
692 486 42 21 Det
748 486 101 26 föreslogs
864 486 29 20 vi-

72 515 51 21 dare
138 517 31 19 att
184 514 33 21 för
232 514 138 21 meddelande
386 514 22 21 af
422 514 68 22 denna
505 514 157 26 undervisning,
678 514 74 21 hvaraf
766 514 59 22 äfven
844 514 49 22 vära

71 542 144 22 stadsfiskaler
237 542 110 22 framdeles
362 543 71 21 kunde
448 543 63 21 hafva
527 543 87 27 mycken
631 544 66 25 nytta,
713 543 67 21 skulle
795 545 57 19 utses
867 548 26 15 en

72 572 90 20 särskild
173 570 209 28 universitetslärare,
394 572 38 20 och
444 572 48 20 med
503 572 106 21 allmänna
620 571 69 21 medel
697 571 89 27 utgifvas
795 578 24 14 en
828 571 65 26 lämp-

72 599 29 27 lig
116 600 106 21 handbok.
253 600 68 20 Sedan
336 600 109 21 framhölls
460 602 32 19 att
508 600 48 21 med
572 600 55 20 ökad
643 599 95 27 kunskap
759 599 134 27 naturligtvis

73 628 64 22 också
159 628 108 22 fordrades
290 628 67 21 ökade
379 628 161 22 löneförmåner.
571 629 75 21 Denna
669 628 66 26 punkt
755 630 23 19 är
793 628 32 21 för
839 628 54 21 läns-

73 659 89 19 männen
185 656 48 22 vida
255 656 100 28 vigtigare
371 659 26 19 än
414 657 39 21 den
469 664 34 14 om
520 657 60 21 deras
596 656 136 26 afsättlighet,
749 656 37 22 och
803 657 35 21 det
853 656 40 21 blir

73 685 86 21 alldeles
175 684 127 27 nödvändigt
318 686 31 20 att
365 685 126 21 derutinnan
508 688 59 18 snart
582 685 85 26 vidtaga
683 686 67 25 någon
765 684 128 27 förändring,

74 714 88 20 emedan
177 713 143 25 länsmännen,
336 720 45 15 som
396 714 65 21 redan
477 714 136 20 härförinnan
629 713 88 21 förlorat
725 714 55 26 uppå
791 715 32 19 att
833 713 62 21 brän-

74 742 174 26 vinsbränningen
271 742 61 21 stälts
348 743 26 26 pä
390 748 25 15 en
432 748 68 15 annan
519 742 37 24 fot,
572 748 34 18 nu,
623 742 26 20 dä
665 742 40 20 den
719 748 41 20 nya
775 741 120 27 strafflagen

73 770 96 21 kommer
184 772 32 19 att
227 772 93 24 antagas,
332 771 120 26 antagligen
462 771 86 20 komma
559 772 32 20 att
602 770 78 21 förlora
690 770 189 26 äklagareandelen
888 769 7 21 i

74 798 67 26 böter,
164 798 71 22 hvilka
257 798 121 27 visserligen
400 800 85 20 komma
508 801 32 19 att
562 798 83 21 tillfalla
664 798 80 21 kronan
760 798 38 22 och
814 798 81 21 säledes

74 826 55 27 gifva
151 827 80 21 kronan
248 827 67 21 medel
333 827 7 21 i
355 828 83 20 handen
454 829 31 19 att
501 827 49 27 höja
566 827 61 21 deras
643 826 65 22 löner.
739 826 110 26 Förslaget
865 828 31 19 att

74 861 76 21 genom
165 855 124 27 indragning
305 855 21 21 af
340 855 221 27 kronofogdetjenster
576 854 99 22 förskaffa
691 855 126 21 statsverket
828 854 68 22 medel

74 883 33 21 till
123 886 31 18 att
169 884 70 20 bättre
255 883 67 22 aflöna
337 884 137 21 länsmännen
490 886 24 19 är
529 884 47 21 icke
591 885 53 25 nytt.
670 883 73 21 Under
754 883 55 21 olika
819 883 78 21 former

74 912 40 21 har
129 914 30 19 ett
174 912 76 21 sädant
265 912 77 26 förslag
357 913 65 21 redan
432 912 138 22 härförinnan
581 918 45 15 mer
636 914 26 19 än
673 918 26 15 en
710 912 54 26 gäng
774 911 122 22 framstälts.

74 940 11 21 I
100 940 67 21 likhet
181 940 48 21 med
244 940 32 22 Hr
290 947 41 15 von
346 941 107 26 Knorring
467 941 69 21 håller
548 941 36 26 jag
599 940 32 22 för
642 940 42 21 min
696 940 32 21 del
740 940 63 21 också
813 940 84 21 absolut

75 968 39 25 för,
130 970 31 20 att
176 968 245 28 kronofogdetjensterna
431 969 127 23 bibehållas.
590 969 102 21 Deremot
707 975 60 21 synes
783 968 42 27 mig
840 968 57 21 tiden

75 1004 51 14 vara
140 997 48 21 inne
203 999 33 19 att
250 997 88 27 indraga
353 998 303 26 häradsskrifvaretjensterna,
671 997 136 27 hvarigenom
817 1003 80 15 samma

75 1025 97 21 ändamål
188 1025 67 21 skulle
271 1026 87 26 uppnås.
386 1026 49 21 Man
451 1027 67 20 måste
532 1026 24 26 ju
572 1026 81 26 hoppas
664 1027 31 19 att
706 1025 191 27 kronouppbörden

75 1054 6 20 i
97 1060 26 14 en
139 1054 85 20 framtid
240 1056 56 19 ännu
311 1061 57 14 mera
384 1054 106 21 förenklas
506 1057 27 18 än
549 1054 65 21 redan
630 1055 32 19 för
678 1054 130 21 närvarande
823 1055 24 19 är
857 1053 40 21 för-

76 1082 115 26 hällandet,
207 1082 39 21 och
262 1085 31 18 att
308 1082 170 27 kronofogdarne
494 1082 53 21 böra
562 1083 71 20 kunna
649 1082 113 21 medhinna
772 1082 57 21 säväl
841 1082 57 20 debi-

76 1110 96 27 teringen
194 1116 45 15 sam
255 1111 63 21 ocksä
333 1111 124 26 uppbörden
474 1111 48 20 utaf
535 1110 144 21 kronomedel.
710 1109 189 22 Mantalsskrifnin-

76 1145 40 20 gen
140 1139 69 20 kunde
232 1139 80 22 saklöst
334 1139 138 22 öfverlemnas
496 1140 22 20 åt
542 1139 145 24 länsmännen,
706 1138 70 21 hvilka
792 1145 27 14 nu
835 1139 64 20 också

77 1167 200 27 författningsenligt
292 1167 52 22 böra
360 1168 34 21 vid
410 1168 60 21 dessa
486 1167 152 27 förrättningar
653 1169 93 19 närvara.
773 1166 126 22 Kontrollen

77 1195 102 22 deröfver,
203 1195 54 22 huru
279 1196 83 27 mycket
384 1196 116 27 penningar
516 1196 34 21 vid
576 1195 201 27 uppbördstillfället
792 1195 107 26 verkligen

76 1223 83 27 influtit,
183 1224 41 21 kan
247 1225 119 26 visserligen
389 1225 47 20 icke
451 1225 81 21 lemnas
548 1225 22 20 åt
586 1224 136 21 länsmännen
737 1224 69 21 såsom
822 1223 77 21 krono-

76 1251 102 27 fogdarne
201 1253 161 21 underordnade
385 1253 133 26 tjenstemän,
542 1259 48 15 men
613 1253 40 20 kan
670 1255 51 18 utan
736 1253 65 26 nägra
817 1251 84 27 olägen-

77 1280 66 26 heter,
166 1281 69 21 sävidt
255 1281 36 26 jag
313 1281 42 22 kan
378 1281 59 22 fatta.
460 1282 82 21 lemnas
564 1282 23 20 ät
609 1281 22 21 af
644 1281 151 21 kommunerna
810 1279 90 23 utsedda

76 1308 178 26 förtroendemän,
271 1309 50 22 eller
341 1311 23 20 ät
386 1310 25 21 de
434 1309 136 22 kommunala
590 1309 173 28 myndigheterna
777 1309 28 26 pä
820 1314 81 16 samma

77 1339 44 20 sätt
143 1344 44 15 som
208 1344 48 15 man
272 1338 63 21 ocksä
351 1339 34 20 vid
400 1338 226 22 bränvinsbrännerier
640 1338 39 21 har
695 1337 102 22 edsvurna
813 1336 88 22 vittnen.

77 1365 50 22 Med
143 1365 46 22 litet
203 1367 42 26 god
256 1366 48 27 vilja
314 1367 39 21 och
364 1373 26 15 en
400 1367 96 27 lämpligt
508 1368 139 19 sammansatt
657 1366 78 21 komite
746 1365 51 22 böra
808 1364 93 23 förarbe-

77 1395 50 20 tena
149 1394 32 21 för
201 1401 25 14 en
241 1395 65 21 sädan
322 1395 78 22 reform
415 1395 71 22 kunna
501 1401 43 21 nog
559 1397 60 19 snart
634 1395 138 26 undangöras,
789 1400 48 15 men
855 1394 48 21 der-

77 1422 35 21 vid
128 1425 23 18 är
159 1425 55 18 ännu
226 1429 25 16 en
261 1424 106 26 synpunkt
378 1425 31 20 att
417 1424 101 26 iakttaga,
528 1425 28 25 pä
565 1423 84 21 hvilken
655 1423 36 26 jag
699 1429 35 18 nu,
745 1423 26 20 dä
781 1422 60 27 fråga
851 1429 52 20 upp-

77 1451 54 21 stätt
141 1457 34 15 om
187 1451 42 22 alla
239 1452 60 21 dessa
310 1452 68 26 saker,
389 1452 36 21 vill
435 1452 54 21 fästa
500 1452 116 21 utskottets
627 1451 192 27 uppmärksamhet,
830 1451 73 21 nemli-

77 1485 41 20 gen
127 1481 32 19 att
165 1478 35 23 för
208 1480 130 21 närvarande
350 1480 101 22 existerar
461 1487 26 14 en
499 1481 82 26 ganska
591 1481 46 20 stor
647 1479 101 22 orättvisa
758 1481 57 20 emot
825 1479 78 22 krono-

77 1507 104 27 fogdarne
204 1508 51 24 deri,
271 1510 32 19 att
318 1509 26 20 de
359 1509 53 21 böra
428 1515 90 15 ansvara
533 1508 33 21 för
582 1509 40 20 den
637 1507 82 25 balans,
734 1513 44 16 som
793 1507 42 22 kan
851 1513 52 21 upp-

77 1536 34 20 stä
134 1536 38 21 hos
195 1536 213 27 kronolänsmännen,
431 1537 44 21 dels
491 1537 35 21 vid
541 1539 107 19 resternas
663 1535 130 22 indrifvande
809 1536 32 21 för
855 1536 49 21 kro-

822 1575 12 16 4
