1078 1761
193 139 40 20 464
440 144 24 17 R.
478 149 17 12 o.
508 144 23 17 A.
541 144 59 17 1888.
613 143 22 18 17
643 144 63 17 Mars.

232 229 54 26 Den,
308 235 46 16 som
376 229 36 22 vill
431 229 113 27 godkänna
559 229 33 22 Hr
607 229 131 22 Schaumans
754 228 99 22 anhållan
868 230 33 20 att
915 228 53 22 hans
981 227 9 22 i

163 258 131 27 protokollet
308 257 33 22 för
355 260 84 20 senaste
453 258 86 27 plenum
553 260 109 25 upptagna
677 257 69 28 replik
761 257 56 27 finge
829 253 27 37 ur
865 259 55 26 prot.
930 257 58 27 utgå,

163 288 70 20 röstar
244 287 34 25 ja;

232 315 75 21 vinner
322 314 40 28 nej,
373 314 96 22 kommer
478 316 71 26 någon
559 314 123 27 förändring
692 314 23 22 af
724 316 55 25 prot.
790 314 46 22 icke
845 316 31 20 att
886 320 40 21 ega
935 320 53 15 rum.

232 366 34 21 Då
282 372 60 20 prop.
357 365 125 23 besvarades
498 366 47 22 med
561 366 88 22 allmänt
664 366 41 27 nej,
721 366 69 21 skulle
805 364 129 29 protokollet
956 366 33 21 så-

164 394 58 22 ledes
237 394 98 22 förblifva
350 394 110 23 orubbadt.

233 446 79 22 Likaså
326 445 69 23 beslöt
409 447 85 21 ståndet
509 448 32 20 att
557 445 46 23 icke
617 445 73 22 bifalla
705 445 32 22 till
752 446 33 21 Hr
802 445 128 23 Schaumans
952 452 37 15 an-

166 474 70 22 hällan
252 481 34 15 om
301 475 129 27 uteslutning
444 475 23 21 af
480 475 52 22 hans
547 475 35 21 vid
597 475 79 27 dagens
691 474 86 28 plenum
792 474 77 28 afgifna
884 474 103 29 yttrande.

235 605 119 28 Föredrogs
379 606 103 22 särskilda
504 606 46 22 från
573 606 139 22 medstånden
736 606 105 27 ingångna
856 607 54 26 prot.
926 606 62 26 utdr.,

166 634 71 22 hvilka
252 634 46 22 icke
313 634 121 22 föranledde
450 635 32 21 till
497 636 69 26 någon
582 635 81 27 åtgärd.

234 766 120 26 Föredrogs
376 768 32 20 ett
428 766 46 22 från
496 767 25 21 R.
545 773 18 15 o.
587 767 36 21 A:s
647 766 83 22 valmän
746 765 116 22 inkommet
876 765 114 27 protokoll,

167 794 111 22 utvisande
300 796 32 20 att
353 794 132 26 valmännen,
508 795 48 21 med
579 794 112 28 anledning
713 794 23 22 af
748 794 24 22 R.
789 800 18 15 o.
823 794 37 22 A:s
875 794 69 21 beslut
959 795 33 20 att

166 822 152 28 Lagutskottet
340 822 67 22 borde
430 824 47 21 med
492 824 36 21 två
543 823 118 22 ledamöter
676 823 40 21 och
731 822 43 22 lika
788 823 76 27 många
879 822 112 28 supplean-

165 853 34 19 ter
220 851 123 27 förstärkas,
366 852 33 21 till
414 851 117 23 ledamöter
547 852 6 21 i
568 852 92 22 nämnda
675 852 84 21 utskott
774 853 66 20 utsett
856 851 43 21 Hrr
913 851 78 27 Prytz

165 880 50 21 med
231 880 26 21 19
274 880 39 21 och
329 880 148 27 Cronstedt
491 880 49 22 med
557 881 26 21 17
598 882 76 24 röster,
690 881 55 21 samt
760 881 38 23 att,
814 881 51 20 enär
875 880 43 21 Hrr
928 880 63 27 Prytz

166 908 40 21 och
222 908 114 22 Cronstedt
351 909 55 21 varit
420 908 137 28 suppleanter
571 909 7 21 i
594 909 105 21 utskottet
714 908 40 22 och
769 908 7 21 i
791 908 51 27 följd
857 908 23 22 af
888 908 61 22 deras
960 908 32 22 in-

165 936 98 27 väljande
278 936 32 22 till
325 936 117 22 ledamöter
458 938 45 21 deri
517 938 155 26 sammanlagdt
686 937 47 27 fyra
748 937 136 27 suppleanter
898 936 32 22 till
949 942 43 16 om-

165 964 105 22 förmälda
286 965 82 21 utskott
383 966 66 21 borde
465 966 93 27 inväljas,
574 966 33 21 till
617 966 137 27 suppleanter
764 967 76 20 utsetts
851 965 43 22 Hrr
904 965 88 27 Jäger-

166 992 88 28 skjöld
280 993 39 22 och
341 1000 41 15 von
397 994 148 27 Rehausen,
561 994 65 22 förste
641 994 143 28 suppleanter,
799 995 56 20 samt
868 994 44 21 Hrr
926 994 26 21 K.
971 993 20 22 J.

164 1021 27 50 a
213 1022 216 28 Standertskjöld
444 1022 39 22 och
498 1023 97 27 Arppe,
610 1023 66 21 andre
691 1022 143 28 suppleanter,
850 1022 78 22 enhvar
943 1022 49 22 med

207 1052 75 20 röster.

231 1181 121 26 Föredrogs
368 1188 26 15 en
409 1182 72 21 skrifv.
496 1181 47 22 frän
558 1182 151 27 Lagutskottet
724 1182 49 21 med
791 1181 201 27 tillkännagifvande

163 1210 36 49 vd
214 1205 25 58 A]
253 1209 130 32 Cuuköstet
406 1211 66 21 andra
487 1210 107 27 afdelning
609 1211 32 21 till
656 1210 129 22 ordförande
801 1211 66 20 utsett
882 1210 32 21 Hr
928 1210 62 21 Ferd.

181 1243 105 16 us6lius.

431 1370 90 29 AMfgjorda
537 1370 191 28 landtdaysärenden,

231 1425 121 28 Föredrogs

231 1488 26 15 en
273 1481 72 22 skrifv.
362 1482 46 22 frän
424 1483 157 27 Lagutskottet,
597 1483 139 22 meddelande
752 1485 32 19 att
795 1482 98 27 samtliga
903 1482 90 21 ständen

165 1510 96 26 godkänt
283 1510 117 22 utskottets
422 1511 127 22 hemställan
571 1511 6 21 i
593 1511 73 27 frågan
682 1517 34 16 om
732 1511 135 28 förflyttande
882 1510 32 21 till
930 1512 62 21 stats-

164 1538 84 22 arkivet
263 1539 22 22 af
299 1538 158 25 häradsarkivens
473 1540 52 24 äldre
541 1539 126 29 handlingar;
682 1541 58 20 samt
754 1539 109 28 angäende
