1073 1786
212 137 27 21 82
477 144 25 17 R.
514 148 18 13 o.
545 143 22 18 A.
579 144 59 17 1888.
664 145 9 16 1
685 144 58 18 Febr.

184 228 57 27 ning,
256 229 52 20 utan
323 229 71 26 också,
409 231 33 20 att
457 229 104 28 styrelsen
576 229 56 22 skall
647 230 48 21 med
711 230 123 22 beaktande
845 230 23 21 af
877 230 56 21 hvad
944 230 63 21 Stän-

184 257 66 22 derna
264 257 7 21 i
286 257 65 22 saken
366 257 85 22 komma
466 260 33 19 att
512 259 65 26 yttra,
592 257 107 23 måhända
713 258 29 27 på
756 265 83 15 samma
853 261 45 19 sätt
912 265 46 15 som
973 259 33 20 Hr

183 285 150 27 Björkenheim
355 286 40 21 har
416 286 109 27 föreslagit
540 286 34 22 för
588 287 262 27 bränvinsförfattningen,
866 287 100 21 nedsätta
980 293 25 15 en

183 314 81 21 komité
286 314 23 21 af
330 314 133 27 sakkunniga
480 321 109 21 personer,
605 321 46 15 som
666 315 63 21 hafva
744 317 35 19 att
793 316 100 21 utarbeta
908 316 98 21 fullstän-

184 342 45 27 digt
250 342 80 27 förslag
344 342 7 21 i
361 344 78 20 ämnet.
467 343 42 27 Jag
530 343 34 22 får
586 343 72 22 derför
680 344 111 21 vördsamt
812 344 86 26 föreslå,
918 346 32 20 att
965 344 40 22 den

183 370 162 28 ifrågavarande
367 372 116 26 petitionen
505 372 68 22 måtte
595 372 122 22 remitteras
733 372 34 22 till
781 372 91 22 utskott.
888 372 40 22 och
944 378 61 21 synes

183 399 44 27 mig
247 400 34 20 att
303 400 94 26 ärendet,
421 400 32 22 till
475 400 49 22 hela
539 401 32 21 sin
586 403 65 19 natur
666 401 40 21 och
721 401 154 25 beskaffenhet,
891 401 114 26 rätteligen

183 428 40 21 hör
237 428 33 21 till
285 428 112 22 Allmänna
411 429 205 27 Besvärsutskottet,
630 429 59 21 detta
704 430 85 22 utskott
805 430 105 27 obetaget,
925 432 32 18 att
971 429 34 21 för

183 458 99 20 närmare
307 457 112 27 utredning
441 458 91 21 tillkalla
554 458 133 26 specialister
709 458 41 22 och
773 458 106 27 fackmän,
902 458 39 22 och
964 457 41 21 den

183 486 65 21 ärade
263 486 142 26 petitionären
420 486 52 27 sjelf.

251 543 56 21 Herr
321 549 41 15 von
376 543 170 22 Willebrand:
561 544 44 21 Det
619 546 24 19 är
657 543 148 23 betecknande
819 544 33 22 för
867 545 38 21 vår
919 542 38 26 tid,
972 544 34 20 att

183 574 82 24 ämnen,
281 578 45 15 som
342 578 48 15 man
405 572 55 21 ända
474 572 104 22 härintills
593 572 8 21 i
615 572 143 27 sedligheiens
772 573 90 21 intresse
877 572 56 22 velat
948 572 57 22 hålla

181 600 78 27 gömda
273 599 32 22 uti
319 599 94 27 dunklet,
423 606 28 15 nu
461 600 60 21 skola
531 600 77 28 dragas
618 600 53 22 fram
681 600 56 22 inför
748 601 158 26 offentligheten
917 600 40 22 och
967 599 38 22 der

182 629 86 28 dryftas,
283 628 55 22 huru
349 628 148 28 motbjudande
513 629 36 21 det
563 631 68 25 ämne,
647 635 46 16 som
704 629 26 22 de
741 629 113 27 innehålla,
865 631 26 19 än
903 629 33 21 må
946 635 56 15 vara.

180 658 48 22 Den
237 658 102 21 moderna
349 657 198 22 skönlitteraturens
557 658 65 21 alster
632 658 72 22 bevisa
714 658 36 22 det
761 664 46 16 mer
816 660 27 20 än
853 658 33 21 väl
895 658 27 26 på
929 663 75 16 senare

180 686 63 26 tider,
259 686 39 22 och
313 686 40 21 den
368 686 115 27 framlagda
497 686 116 27 petitionen
629 692 62 22 synes
706 686 43 28 mig
764 693 51 15 vara
829 688 32 20 ett
870 685 136 28 symptom
978 681 32 38 af

180 721 81 15 samma
269 714 61 22 anda.
355 714 135 28 Sannerligen
498 721 62 21 synes
571 715 36 21 det
615 715 47 21 icke
673 721 51 15 vara
733 715 171 27 uppmuntrande
913 714 33 22 för
956 714 48 22 dem

182 750 45 15 som
243 742 86 28 deltaga
343 742 31 22 uti
390 743 67 21 denna
472 750 27 14 nu
509 743 182 22 sammankallade
700 743 114 27 landtdags
824 744 108 26 alvarliga,
942 744 62 20 svåra

180 772 41 22 och
243 771 78 27 vigtiga
336 770 93 22 arbeten.
458 772 33 21 Då
506 774 72 19 ämnet
592 772 39 21 har
646 771 69 22 blifvit
729 771 147 27 framkastadt,
891 778 63 15 anser
966 771 37 27 jag

180 800 43 27 mig
239 800 54 22 dock
307 800 14 21 å
335 800 42 21 min
393 800 45 21 sida
453 799 59 22 äfven
527 806 52 16 vara
593 800 84 28 skyldig
691 802 33 20 att
739 800 71 22 lemna
825 800 39 22 den
880 800 60 26 ringa
950 806 52 21 upp-

180 828 90 28 lysning,
293 834 46 16 som
358 828 37 27 jag
417 828 66 22 under
504 828 43 22 min
563 828 174 28 tjensteutöfning
751 829 40 21 har
806 829 120 21 förvärfvat.
955 828 47 22 Den

178 856 161 28 ifrågavarande
354 856 114 28 petitionen
483 856 64 22 berör
557 857 182 27 hufvudsakligast
749 857 171 27 prostitutionen.
937 857 65 21 Detta

179 886 57 21 onda
257 885 40 22 har
317 884 46 27 följt
379 885 25 22 de
419 885 115 27 menskliga
549 885 131 22 samhällena
694 886 24 21 ät
733 886 8 21 i
756 885 43 22 alla
814 886 55 21 tider
883 886 40 20 och
938 886 7 19 i
960 885 42 22 alla

179 913 80 22 länder.
289 913 74 22 Redan
385 913 68 27 gamla
468 915 146 20 testamentets
629 913 80 22 böcker
724 914 45 21 visa
784 914 59 21 detta
863 914 56 21 onda
940 913 62 22 hafva

178 942 89 21 herskat
289 942 31 21 uti
342 941 25 22 de
389 944 54 19 mest
461 941 80 28 vidriga
556 942 79 21 former
649 943 67 20 redan
731 943 34 21 dä.
797 942 68 22 Sedan
881 942 48 21 dess
944 948 23 15 se
982 942 20 21 vi

180 969 23 23 af
223 970 114 27 grekernas
360 970 39 21 och
422 976 107 15 romarnes
551 970 30 27 lif,
603 972 33 20 att
659 970 61 22 äfven
735 971 62 21 detta
813 971 55 21 onda
883 971 38 21 der
935 970 7 21 i
958 977 44 14 mer

179 999 52 22 eller
253 999 81 21 mindre
349 998 71 27 ohöljä
434 998 53 22 form
502 999 41 21 fått
557 999 76 27 fortgå,
650 999 39 22 och
705 1000 24 20 sä
744 999 40 21 har
798 999 67 21 under
880 999 122 21 samhällets

176 1027 123 27 utveckling
313 1027 94 26 ständigt
422 1027 67 22 denna
503 1027 138 27 prostitution
656 1028 82 27 pägätt,
754 1027 71 22 säsom
841 1033 25 16 en
882 1027 43 22 ond
936 1027 65 26 makt,

178 1055 85 22 hvilken
285 1056 53 21 stätt
363 1055 4 22 i
388 1055 63 27 kamp
474 1057 57 20 emot
545 1055 124 22 samhällets
683 1055 82 28 sedliga
780 1056 149 21 institutioner.
959 1056 43 21 Det

178 1090 61 22 synes
262 1083 65 24 deraf,
349 1090 46 15 som
417 1084 67 21 skulle
507 1084 36 21 det
564 1086 53 19 nära
634 1091 42 20 nog
691 1091 52 15 vara
758 1090 26 15 en
799 1084 103 27 naturlag,
919 1086 31 19 att
966 1084 36 21 det

177 1112 56 27 ljusa
255 1112 40 22 och
313 1112 130 27 fullkomliga
458 1112 59 22 äfven
532 1112 55 22 skall
602 1112 62 27 följas
679 1113 23 21 ät
717 1112 22 22 af
753 1113 46 21 sina
813 1113 131 26 skaggsidor,
961 1113 40 21 och

178 1141 33 21 till
237 1141 40 22 den
300 1142 94 21 sväraste
416 1141 127 27 skuggsidan
558 1141 39 21 hör
613 1142 33 21 väl
661 1141 62 22 äfven
739 1141 77 26 denna,
831 1141 39 21 och
886 1141 39 21 har
940 1141 61 21 äfven

176 1169 81 27 åtföljts
277 1169 23 22 af
313 1170 61 21 svåra
389 1169 126 27 sjukdomar.
541 1169 10 22 I
565 1169 70 22 äldsta
650 1169 55 22 tider
720 1175 39 16 var
769 1169 36 22 det
815 1169 80 27 lepran
906 1169 39 21 och
956 1175 45 21 spe-

176 1197 91 27 tälskan,
290 1204 45 15 som
359 1198 74 26 ansägs
455 1197 62 21 hafva
541 1198 37 20 sitt
593 1198 81 26 upphof
687 1197 7 21 i
709 1198 96 21 otukten.
835 1197 70 22 Sedan
920 1198 42 20 400
977 1198 24 20 är

176 1223 90 25 tillbaka
281 1228 24 20 är
320 1226 35 22 det
370 1226 67 22 denna
452 1226 78 27 smitta,
546 1226 63 21 hvars
624 1232 64 16 namn
701 1226 37 27 jag
753 1226 18 26 ej
795 1226 35 21 vill
850 1228 83 24 nämna,
949 1225 52 21 hvil-

175 1254 42 22 ken
239 1256 70 20 såsom
327 1255 66 21 kändt
407 1254 39 22 har
459 1254 70 27 åtföljt
545 1254 58 22 detta
618 1254 81 22 elände.
725 1254 54 22 Vårt
794 1254 49 21 land
861 1254 91 21 Finland
962 1254 39 21 har

174 1283 48 21 icke
243 1283 68 21 heller
333 1283 68 21 blifvit
423 1283 90 21 skonadt
529 1282 98 22 derifrån.
657 1283 72 26 Tidigt
745 1289 42 21 nog
801 1282 49 22 kom
866 1282 41 21 den
922 1282 32 21 hit
968 1282 32 21 till

174 1311 92 21 Finland
282 1311 39 22 och
335 1312 40 20 här
389 1311 61 21 hafva
465 1311 110 25 hvardera,
590 1311 55 22 både
661 1312 89 21 otukten
765 1311 40 22 och
820 1310 181 27 hufvudsakligast

176 1339 41 22 den
239 1340 62 21 svåra
323 1340 86 21 smittan
431 1339 117 22 utvecklats
571 1340 86 26 derhän,
677 1342 33 19 att
732 1340 68 21 under
822 1339 43 21 min
889 1338 112 22 embetstid

175 1368 28 21 de
224 1368 119 21 statistiska
357 1368 178 27 granskningarne
551 1368 60 27 gåfvo
628 1368 35 22 vid
677 1368 86 22 handen
779 1369 32 20 att
826 1374 26 15 en
867 1367 31 21 tid
914 1373 86 21 propor-

174 1396 73 22 tionen
269 1396 89 22 emellan
381 1396 25 22 de
428 1396 126 22 besmittade
576 1397 40 21 och
635 1396 151 27 befolkningen
807 1396 8 21 i
829 1396 32 21 sin
877 1395 72 22 helhet
964 1402 37 15 var

174 1427 70 19 större
258 1425 7 21 i
280 1425 90 21 Finland
386 1427 26 19 än
427 1425 7 21 i
449 1426 64 26 något
528 1427 66 20 annat
608 1425 51 22 land
675 1425 7 21 i
697 1425 94 27 Europa.

245 1453 126 22 Tillståndet
385 1453 7 21 i
407 1454 68 21 denna
490 1453 135 27 hufvudstad,
640 1453 140 27 Helsingfors,
796 1460 37 15 var
849 1459 25 16 en
885 1452 31 22 tid
927 1453 71 25 sådan,

174 1483 33 20 att
229 1483 32 20 ett
283 1481 72 22 ärbart
369 1481 130 22 fruntimmer
513 1482 83 26 knappt
609 1482 72 21 kunde
696 1484 51 19 röra
761 1482 33 26 sig
809 1484 36 18 ute
861 1482 27 26 på
903 1483 95 24 gatorna,

173 1510 67 22 sedan
262 1509 60 22 solen
345 1510 46 27 gått
413 1510 46 21 ned.
489 1510 31 27 Ty
542 1510 7 21 i
571 1510 140 27 skymningen
729 1510 92 27 begynte
838 1510 25 20 de
878 1508 121 28 lättfärdiga

174 1539 117 27 qvinnorna
313 1538 32 22 sin
361 1538 106 28 vandring.
497 1539 32 21 De
545 1538 82 28 åtnjöto
642 1539 33 21 sin
689 1538 122 28 personliga
826 1538 70 26 frihet,
912 1537 39 21 och
966 1538 32 21 så-
