1081 1750
192 146 42 22 388
331 170 6 6 N
440 153 25 17 R.
478 157 17 13 0.
505 153 22 17 A.
541 152 58 18 1888.
617 152 12 18 6
641 152 64 17 Mars.

163 238 69 22 mäste
246 239 54 25 väga
314 238 28 27 pä
357 237 86 22 marken
458 237 40 22 och
513 237 86 28 pennin,
614 237 40 22 och
669 243 50 15 man
727 230 35 39 har
763 234 171 29 jemförelsevis
943 234 49 22 icke

162 266 81 22 sådana
265 266 114 27 tillgångar
399 272 46 16 som
469 266 8 21 i
499 266 107 22 städerna.
639 265 227 22 Landskommunerna
890 262 102 23 särskildt

162 294 64 22 hafva
247 294 68 22 under
337 294 27 22 de
381 296 83 20 senaste
479 295 51 21 åren
545 294 93 22 känbart
652 294 69 22 blifvit
736 292 127 23 beskattade
879 292 61 22 äfven
954 297 37 21 ge-

162 329 50 15 nom
228 322 150 27 värnepligten.
409 322 40 22 Om
463 329 100 15 reserven
578 322 39 22 och
633 322 85 22 aktiven
733 321 78 22 räknas
825 321 8 21 i
848 322 37 24 ett,
908 321 25 21 så
954 320 36 21 be-

162 351 60 27 löper
244 350 32 27 sig
297 351 28 27 på
346 350 73 28 hvarje
433 351 140 27 värnepligtig
587 357 50 16 man
653 352 42 20 150
711 350 66 27 dagar
791 349 104 22 förloradt
910 348 80 22 arbete.

162 378 78 23 Erinra
254 378 21 22 vi
290 385 35 16 oss
341 380 32 21 att
388 380 84 21 aktiven
487 380 48 21 med
550 380 43 21 alla
607 385 97 16 reserver
719 379 40 21 och
774 378 86 27 uppbåd
878 378 63 26 utgör
963 382 27 16 en

162 408 74 27 styrka
250 413 46 16 som
311 408 82 27 uppgår
403 408 32 22 till
446 408 84 26 90,000,
541 408 66 22 hellre
619 408 92 26 100,000
722 413 56 20 man,
789 406 40 22 och
839 405 153 27 multipliceras

163 436 59 22 detta
237 436 58 22 antal
310 436 49 22 med
375 437 46 26 150,
437 437 24 21 så
475 436 41 22 blir
531 436 112 22 resultatet
657 442 27 16 en
699 434 137 28 beskattning
851 440 35 16 om
903 434 24 21 15
943 432 49 22 mil-

162 464 68 22 lioner
245 464 106 22 förlorade
367 464 144 28 arbetsdagar.
535 465 63 21 Huru
613 465 77 27 många
705 464 49 22 hem
769 464 28 26 på
811 463 74 21 landet
895 464 37 20 äro
943 460 49 22 icke

163 493 33 27 de,
218 492 72 22 hvilka
312 493 35 21 vid
362 493 36 22 det
412 493 138 27 hvardagliga
565 493 84 22 arbetet
663 493 8 21 i
685 492 141 22 landtbruket
841 492 66 20 måste
922 489 68 22 räkna

162 522 27 26 på
204 521 72 27 hvarje
291 521 64 27 penni
369 521 40 22 och
423 522 72 27 hvarje
511 528 51 18 arm,
592 522 45 21 När
651 528 49 15 man
715 527 35 16 ser
766 520 40 22 och
821 520 80 21 känner
923 518 68 26 detta,

161 550 25 21 så
205 550 67 21 måste
288 556 49 15 man
351 549 92 29 begripa,
459 552 32 20 att
506 550 62 22 äfven
584 550 69 22 denna
667 549 108 22 indirekta
791 548 140 26 beskattning,
948 546 41 21 den

161 584 46 16 som
230 578 8 21 i
259 578 68 27 ligger
341 578 7 21 i
363 578 82 28 skolan,
459 578 43 23 kan
517 578 65 23 blifva
596 578 135 28 synnerligen
746 576 142 28 betungande.
919 574 72 23 Också

162 608 24 20 är
208 607 41 22 den
270 607 8 21 i
296 607 51 21 flere
361 607 188 22 landskommuner
563 613 70 16 vunna
648 606 148 22 erfarenheten
811 605 8 21 i
833 605 86 26 månget
933 603 60 22 afse-

162 635 54 22 ende
222 635 48 22 icke
280 641 93 22 gynsam;
385 635 80 22 barnen
475 635 64 22 blifva
548 635 32 22 till
590 642 27 15 en
628 635 34 22 del
672 635 83 21 mindre
766 633 85 28 dugliga
861 633 32 21 för
901 633 90 26 kropps-

162 663 90 26 arbetet,
274 664 67 27 några
363 664 101 22 missakta
486 664 36 21 det
544 664 22 22 af
586 663 153 26 missförstånd,
763 662 51 23 eller
827 662 41 21 har
882 667 49 16 man
945 661 44 20 sett

162 698 27 15 en
204 691 40 22 och
259 698 70 15 annan
343 692 97 22 bondson
454 692 119 27 förolyckas
588 693 28 26 på
631 692 41 21 den
687 692 61 21 lärda
763 691 76 21 banan.
903 695 26 16 en
952 695 36 15 an-

163 727 42 15 nan
228 720 46 22 sida
296 720 33 22 får
349 727 49 16 man
420 727 23 16 se
457 721 52 21 flera
523 721 131 26 kommuner,
671 727 46 15 som
732 719 87 28 uppfört
834 718 85 27 ståtliga
933 717 55 22 folk-

163 748 106 27 skolehus,
292 749 72 22 hvilka
381 749 62 22 kosta
457 749 40 27 sju,
512 750 52 26 åtta,
580 749 94 22 tiotusen
689 749 68 26 mark,
773 747 80 22 kanske
868 752 65 20 mera,
949 745 40 22 och

161 783 49 15 man
225 777 118 27 upptäcker
357 777 7 21 i
380 778 39 21 den
434 780 56 25 yttre
505 778 121 27 prydnaden
643 779 31 20 ett
689 776 122 23 dekorativt
825 774 106 27 öfverflöd,
942 779 46 16 som

160 805 116 27 ingalunda
298 807 24 20 är
337 806 120 25 önskvärdt,
474 806 39 21 och
528 812 45 15 som
588 806 119 21 skrämmer
722 805 41 22 den
779 804 99 27 fattigare
893 803 95 21 kommu-

159 840 47 15 nen.
237 833 73 22 Skulle
326 834 82 22 derföre
423 841 74 15 senare
512 836 117 20 momentet
644 834 22 21 af
679 834 118 21 utskottets
811 831 138 28 slutyrkande
967 829 24 22 af

158 862 25 21 R.
208 867 19 16 o.
250 862 25 21 A.
299 864 95 25 antagas,
418 863 49 21 ville
483 863 36 27 jag
533 862 88 22 framför
637 861 173 26 ,folkskolehus'
826 860 63 22 hafva
904 859 85 27 tillagdt

159 890 61 22 ordet
236 890 184 28 ,,anspråkslösa',
436 892 27 26 pä
479 891 36 22 det
529 893 33 20 att
576 891 105 27 styrelsen
695 891 48 21 icke
758 889 61 28 gåfve
834 889 92 21 tillskott
936 887 54 22 eller

159 918 43 25 lån,
226 925 35 15 om
283 919 47 21 icke
353 919 142 27 ansökningen
517 919 72 27 bilagd
611 919 80 27 ritning
711 918 98 22 utvisade
831 919 33 20 att
878 916 110 22 skolhuset

155 947 67 26 jemte
236 947 65 26 nödig
316 947 113 28 rymlighet
443 947 40 22 och
498 947 205 27 ändamålsenlighet
717 946 71 22 tillika
802 946 85 21 komme
903 946 32 20 att
954 946 35 19 ut-

157 974 57 23 föras
236 975 152 27 anspråkslöst.
417 976 41 27 Jag
477 976 100 21 behöfver
591 976 54 25 icke,
661 981 62 22 synes
738 974 50 27 mig,
803 974 73 21 vidare
891 972 99 22 utveckla

158 1003 26 22 de
206 1004 66 27 några
294 1003 54 25 skäl,
369 1004 36 27 jag
419 1004 40 22 här
473 1004 103 24 framfört,
592 1004 39 21 och
647 1004 40 21 har
701 1003 58 22 blott
774 1002 57 22 velat
845 1001 144 27 komplettera

157 1037 26 16 en
199 1031 35 22 del
249 1031 23 22 af
286 1032 53 24 dem,
356 1038 45 16 som
416 1032 67 22 blifvit
499 1033 22 21 af
534 1033 67 21 andra
616 1032 69 22 talare
700 1031 58 22 förut
773 1030 95 22 anförda.
898 1029 46 22 Vän
967 1029 25 20 af

158 1059 140 28 obligatorisk
313 1060 260 28 folkskoleundervisning,
589 1060 132 27 genomförd,
737 1060 72 21 såsom
822 1058 54 27 jag
864 1053 13 40 i
887 1058 36 21 det
933 1057 57 22 före-

156 1088 83 32 gående
261 1088 107 22 framstält
383 1089 47 25 den,
446 1091 25 20 är
484 1089 34 27 jag
533 1089 47 22 icke
595 1091 41 19 vän
651 1089 23 21 af
688 1095 26 15 en
729 1087 115 27 tvångslag
858 1087 7 20 i
881 1086 40 21 den
935 1085 56 22 rikt-

156 1122 56 21 ning,
228 1123 47 15 som
290 1116 143 28 föreliggande
448 1117 179 28 petitionsförslag
642 1117 74 26 äskar;
733 1116 41 22 och
789 1115 85 22 förenar
887 1114 36 27 jag
945 1114 43 27 mig

156 1144 84 22 derföre
255 1145 49 22 med
318 1147 161 21 reservanterne
493 1146 52 22 eller
559 1148 16 19 t.
591 1152 18 15 o.
626 1152 27 15 m.
671 1145 56 22 helst
742 1145 7 20 i
765 1145 32 20 ett
811 1143 78 22 sådant
911 1142 79 27 utslag,

157 1174 33 20 att
204 1173 119 27 petitionen
338 1173 33 22 för
385 1175 132 21 närvarande
531 1174 46 22 icke
593 1175 34 21 må
642 1174 33 21 till
690 1173 78 28 åtgärd
783 1172 116 23 föranleda.

225 1230 33 21 Hr
279 1230 24 21 B.
327 1231 24 21 0.
376 1231 156 22 Schauman:
562 1232 41 26 Jag
625 1233 25 20 är
665 1230 82 28 ganska
762 1228 104 27 villrådig,
882 1227 57 22 hvad
950 1227 41 27 jag

155 1258 55 22 skall
226 1258 66 22 tänka
307 1260 110 26 angående
432 1260 68 22 denna
515 1260 149 21 allvarsamma
678 1259 68 27 fråga,
762 1258 41 22 och
817 1257 62 21 torde
897 1256 91 26 mången

155 1286 49 22 med
226 1286 44 28 mig
291 1288 64 21 tveka
377 1288 7 21 i
406 1288 57 22 valet
485 1288 34 22 vid
542 1288 124 27 afgörandet
687 1288 22 21 af
722 1286 119 22 företrädet
856 1284 90 22 emellan
961 1284 27 21 de

155 1313 57 23 båda
226 1317 103 20 motsatta
343 1316 86 28 åsigter,
444 1316 71 22 hvilka
530 1316 40 22 här
584 1316 133 25 framhållits,
733 1314 117 22 utskottets
867 1313 39 22 och
921 1318 67 16 reser-

155 1344 119 31 vanternes,
298 1345 97 26 tvångets
418 1345 40 21 och
479 1344 166 27 frivillighetens.
676 1342 162 28 Frivilligheten
860 1342 40 21 har
914 1342 74 20 natur-

155 1370 71 27 ligtvis
248 1377 27 15 en
298 1372 84 27 mycket
403 1372 72 22 bättre
496 1372 65 28 klang
575 1373 40 21 och
630 1372 63 22 torde
708 1371 72 23 derför
794 1370 63 22 hafva
873 1371 33 20 att
920 1369 68 21 räkna

154 1399 29 25 på
205 1398 52 23 flere
279 1400 127 27 anhängare.
437 1400 68 23 Bland
527 1402 56 24 dem,
603 1407 47 15 som
671 1400 40 22 här
726 1399 105 27 uppträdt
845 1398 33 21 för
893 1396 95 27 frivillig-

154 1422 72 41 heten,
249 1429 25 20 är
296 1428 65 22 också
383 1435 27 15 en
429 1429 74 25 talare,
517 1430 24 21 åt
554 1429 86 22 hvilken
655 1435 50 15 man
720 1428 70 22 måste
805 1426 83 22 skänka
901 1432 26 15 en
943 1427 46 19 sär-

155 1454 56 23 skild
226 1456 190 27 uppmärksamhet
430 1458 7 20 i
453 1458 68 21 denna
535 1457 66 27 fråga,
617 1457 33 21 Hr
665 1456 106 24 Lindelöf,
788 1455 40 22 och
843 1454 43 22 han
900 1454 40 21 har
949 1459 38 15 an-

154 1482 44 34 fört
220 1485 78 27 många
320 1485 47 21 skäl
389 1487 46 20 mot
449 1485 145 23 betänkandet
609 1486 40 21 och
665 1485 104 27 derjemte
784 1482 145 28 hvarjehanda
944 1483 44 19 sta-

154 1512 85 23 tistiska
254 1513 57 22 data.
336 1513 60 22 Hans
411 1514 118 27 beräkning
544 1520 35 16 om
594 1514 41 21 den
650 1512 143 28 progression,
809 1511 8 21 i
831 1510 87 22 hvilken
932 1509 54 22 folk-

154 1539 102 24 skolorna
270 1542 26 22 år
310 1541 33 22 för
357 1542 25 22 år
397 1542 93 27 tilltagit,
506 1542 40 22 och
561 1542 52 22 hans
628 1540 144 29 förhoppning
787 1541 33 21 att
836 1539 37 22 det
887 1539 24 21 så
925 1538 63 22 kom-
