1081 1750
215 126 42 22 256
472 136 25 16 R.
510 140 18 13 o.
540 136 24 17 A.
576 136 57 18 1888.
645 137 19 17 11
676 136 59 18 Febr.

186 217 40 23 och
248 220 55 20 mest
324 220 76 23 odlade
422 221 88 28 trakter,
534 222 39 22 och
588 222 96 22 kommer
698 224 52 20 utan
766 222 72 22 tvifvel
854 224 32 20 att
900 222 112 22 framkalla

186 246 37 22 det
237 249 79 21 största
331 254 55 22 gagn
400 249 32 22 för
447 252 69 26 orten,
532 251 39 21 och
587 252 32 20 att
634 251 55 27 gifva
708 251 26 22 de
756 252 81 21 största
858 251 152 22 inkomsterna.

256 304 56 22 Frih.
336 306 150 22 Molander:
516 308 42 26 Jag
573 308 39 21 har
627 308 89 22 anhällit
732 314 34 16 om
784 308 66 26 ordet,
867 308 89 22 emedan
972 308 41 22 den

186 332 65 22 ärade
271 334 147 25 petitionären,
434 336 26 20 hr
474 336 85 26 Munck,
575 337 79 21 uttalat
669 337 83 27 äsigten
767 338 34 20 att
816 337 41 21 den
871 337 142 27 Björneborg-

186 360 39 22 ska
247 361 70 21 banan
333 362 66 23 borde
415 364 63 21 hafva
492 364 108 22 företräde
615 365 90 22 framför
720 366 42 21 den
778 366 105 21 Karelska
918 366 41 26 Jag
974 366 39 20 ber

186 390 33 20 att
234 390 34 21 vid
284 390 59 22 detta
358 392 82 22 tillfälle
454 392 23 22 få
491 394 71 21 erinra
572 400 41 20 om,
625 396 33 19 att
668 394 34 22 vid
713 394 43 22 alla
768 394 26 21 de
805 394 127 26 föregående
943 394 71 21 landt-

187 418 74 27 dagar,
276 419 28 21 dä
318 419 60 28 fräga
393 428 34 14 om
440 422 124 27 jernvägars
580 422 110 27 byggande
705 423 110 24 förevarit,
832 423 39 20 den
887 422 54 26 äsigt
956 424 57 19 utta-

186 446 48 27 lats,
257 449 33 20 att
311 448 7 21 i
340 449 73 21 landet
437 452 32 19 tre
482 451 115 26 jernvägar
612 451 66 22 borde
694 457 64 18 anses
774 457 45 15 som
835 451 123 21 stambanor
972 450 40 21 och

186 474 152 30 företrädesvis
360 477 7 22 i
390 478 40 21 den
452 481 108 20 närmaste
575 479 115 22 framtiden
704 480 88 21 komma
807 480 32 21 till
854 479 69 27 ständ,
938 479 75 21 nämli-

186 509 50 21 gen:
252 505 42 21 den
310 505 172 30 Österbottniska
497 508 75 25 banan,
589 509 40 20 den
646 508 132 22 Savolakska
790 509 68 20 banan
870 508 39 21 och
920 508 40 21 den
970 508 43 21 Ka-

187 532 71 21 relska
274 533 76 22 banan.
380 535 45 21 Den
441 536 174 22 Österbottniska
631 537 71 21 banan
716 539 25 19 är
752 543 89 15 numera
852 537 116 25 fulländad,
980 536 33 29 för

186 560 41 22 den
246 561 132 23 Savolakska
402 564 70 22 banan
487 565 63 21 hafva
564 566 116 21 ständerna
694 566 85 21 anvisat
794 566 68 21 medel
878 566 40 21 och
933 565 41 21 den
989 567 24 19 är

184 589 35 22 för
234 592 132 21 närvarande
381 594 66 20 under
462 594 83 26 arbete;
562 594 92 22 äterstär
668 594 85 22 säledes
770 595 40 21 den
822 594 104 22 Karelska
936 594 76 21 banan.

186 618 104 22 Behofvet
304 620 24 21 af
342 627 25 15 en
382 622 66 21 sådan
463 623 56 21 bana
534 624 40 20 har
589 623 60 21 äfven
660 624 35 20 vid
705 624 53 20 flere
769 623 98 21 tillfällen
878 623 68 21 blifvit
956 624 57 20 utta-

185 647 47 21 ladt
254 648 40 21 och
316 649 53 21 hvar
384 650 39 22 och
438 657 26 15 en
480 652 48 20 med
544 652 52 20 vära
612 652 195 21 ortsförhällanden
823 652 107 26 förtrogen
946 652 66 20 borde

186 676 65 21 också
276 677 44 22 inse
336 678 54 22 både
405 679 99 22 behofvet
519 680 40 21 och
574 682 76 25 nyttan
666 681 22 21 af
702 687 26 15 en
744 681 68 21 sådan
827 680 61 22 bana.
918 680 41 26 Jag
974 680 38 21 ber

186 706 33 19 att
241 705 35 21 vid
299 706 59 22 detta
382 708 81 22 tillfälle
479 708 21 22 fä
515 715 95 21 upprepa
626 710 56 20 hvad
697 710 85 20 landets
798 711 71 19 senast
884 708 127 22 församlade

186 734 88 21 ständer
298 735 6 21 i
328 735 40 21 den
390 738 66 25 vägen
479 737 62 21 hafva
556 738 84 21 uttalat.
672 738 36 21 Uti
725 738 127 21 ständernas
868 737 144 27 underdäniga

186 762 91 26 petition
292 764 108 26 angående
414 765 108 27 Jernvägs-
537 766 39 22 och
592 766 190 28 kanalbyggnader
797 766 84 27 yttrade
897 766 115 21 ständerna

253 791 95 27 .Frågan
364 799 34 15 om
414 800 25 15 en
454 794 113 22 stambana
582 802 76 20 genom
673 796 95 20 Karelen
784 795 38 21 har
835 795 127 21 åtminstone
974 794 38 22 allt

185 818 67 22 sedan
277 821 54 21 1872
347 821 35 22 års
397 823 145 21 ständermöte
557 824 55 20 varit
627 824 27 26 på
670 824 167 26 dagordningen.
868 824 48 20 Med
931 823 81 25 hänsyn

185 847 33 21 till
244 848 102 22 Karelens
362 851 77 27 rikliga
453 852 107 26 naturliga
575 858 107 16 ressurser
698 853 39 21 och
754 852 48 21 dess
819 852 109 26 möjlighet
943 852 23 20 af
978 853 34 19 ut-

184 876 98 28 veckling
304 878 68 22 skulle
396 886 26 15 en
438 880 66 22 sådan
519 878 57 24 bana
590 883 52 19 utan
657 881 72 21 tvifvel
747 880 65 22 blifva
828 880 93 22 särdeles
936 880 76 27 välsig-

184 904 177 29 nelsebringande
377 908 39 22 och
431 909 61 21 äfven
507 910 7 20 i
529 910 134 21 ekonomiskt
678 910 122 20 hänseende
817 910 85 20 relativt
916 914 96 22 gynsam.

184 932 136 28 Tidpunkten
334 936 34 20 för
383 937 47 21 dess
445 938 113 21 utförande
574 938 39 21 har
628 938 65 21 också
708 938 132 27 uppskjutits
856 938 80 25 endast,
954 943 58 15 eme-

184 961 43 22 dan
249 962 74 23 landet
345 964 46 22 icke
414 966 82 21 mäktat
512 967 109 27 samtidigt
636 967 71 21 utföra
722 967 74 21 alltför
812 966 130 21 vidsträckta
954 966 58 26 jern-

184 991 194 27 vägsbyggnader.*
410 994 10 21 I
434 995 94 26 enlighet
543 996 47 20 med
606 996 60 20 detta
677 996 113 20 uttalande
801 995 85 21 anhöllo
897 994 115 21 ständerna

184 1019 62 21 äfven
268 1022 34 20 att
323 1021 48 22 nåd.
394 1029 60 21 prop.
470 1024 66 21 måtte
552 1024 32 21 till
600 1024 70 21 denna
685 1024 103 26 landtdag
805 1023 75 21 aflåtas
903 1022 108 27 angående

184 1047 106 23 Karelska
305 1050 81 22 banans
401 1052 115 27 byggande.
547 1052 119 22 Ständerna
682 1053 87 27 yttrade
785 1053 32 26 sig
824 1052 61 20 äfven
896 1051 27 21 då
934 1051 77 21 beträf-

183 1075 65 22 fande
270 1078 172 28 Björneborgska
465 1081 76 21 banan.
570 1082 70 20 Jemte
664 1081 36 21 det
723 1081 27 21 de
776 1080 96 22 uttalade
888 1082 32 19 att
935 1080 76 26 banan,

184 1110 45 16 som
250 1106 62 21 ledde
327 1113 76 21 genom
419 1109 25 21 de
460 1111 66 19 tätast
542 1110 113 21 befolkade
670 1110 40 21 och
727 1110 49 20 bäst
791 1109 77 21 odlade
884 1108 127 27 landsdelar,

184 1133 69 22 skulle
276 1140 51 16 vara
342 1136 33 22 till
390 1138 84 26 mycket
488 1144 62 20 gagn.
566 1138 74 21 tillade
656 1138 127 22 ständerna:
814 1138 86 26 Denna
912 1137 100 27 jernvägs

182 1162 130 28 verkningar
327 1164 85 23 komme
426 1166 118 22 emellertid
554 1167 47 21 icke
612 1168 32 20 att
652 1167 88 21 sträcka
751 1168 32 25 sig
794 1167 58 21 öfver
863 1165 69 28 någon
942 1168 70 19 större

183 1191 35 21 del
234 1192 23 21 af
271 1193 77 21 landet.
379 1195 33 20 En
428 1195 118 27 detaljerad
561 1196 131 27 granskning
707 1196 23 21 af
746 1196 80 20 banans
841 1195 87 26 möjliga
948 1194 64 21 trafik

182 1219 58 22 visar
262 1222 106 27 nämligen
390 1225 33 20 att
438 1224 42 21 den
501 1224 159 27 genomgående
683 1224 93 21 trafiken
791 1224 47 21 icke
853 1223 42 21 kan
910 1222 66 21 blifva
990 1222 24 21 af

182 1250 71 20 större
276 1249 116 29 betydelse,
412 1252 135 21 alldenstund
563 1259 27 15 en
606 1255 44 19 stor
665 1253 35 21 del
715 1253 25 20 af
754 1253 124 20 densamma
892 1251 120 27 egentligen

181 1277 48 22 icke
252 1279 25 20 är
301 1279 70 27 någon
386 1287 27 20 ny
428 1281 70 23 trafik,
515 1287 45 16 som
576 1281 23 21 af
614 1282 69 20 denna
698 1281 58 21 bana
772 1281 129 25 framkallas,
918 1282 52 19 utan
985 1286 27 15 en

181 1305 75 27 sådan,
273 1313 45 15 som
334 1308 109 22 allaredan
459 1310 95 26 betjenas
570 1310 23 20 af
607 1305 126 26 Äbobanan.
766 1309 32 21 Då
807 1310 108 20 dessutom
928 1308 84 21 landets

180 1339 115 23 ressurser,
318 1337 120 27 disponibla
460 1338 34 21 för
514 1338 172 27 jernvägsnätets
709 1338 141 26 fulländning,
874 1339 36 19 äro
930 1336 82 28 ganska

180 1362 140 29 begränsade,
344 1366 64 21 hafva
430 1367 114 21 ständerna
566 1367 46 21 icke
637 1367 83 21 kunnat
736 1373 52 15 anse
804 1366 69 21 denna
888 1366 56 20 bana
960 1365 53 21 böra

180 1390 88 22 komma
282 1394 34 20 till
331 1394 114 22 utförande
460 1395 33 21 för
509 1396 140 20 statsverkets
660 1396 92 26 räkning
766 1395 90 21 framom
868 1394 66 21 andra
944 1394 68 21 banor

180 1419 25 21 af
225 1420 163 29 obestridligare
413 1424 191 21 stambanenatur*.
635 1424 41 26 Jag
691 1424 70 21 finner
776 1426 33 19 att
823 1429 49 15 man
887 1423 47 21 icke
948 1422 64 27 tydli-

179 1453 52 21 gare
247 1450 27 20 än
290 1451 115 21 ständerna
420 1452 34 21 vid
470 1454 83 20 senaste
569 1453 102 27 landtdag
686 1453 44 20 kan
746 1452 70 21 uttala
831 1452 82 26 åsigten
930 1450 82 22 beträf-

180 1476 65 22 fande
268 1478 59 21 såväl
346 1480 106 22 Karelska
466 1480 80 22 banans
562 1481 111 27 byggande
689 1483 50 19 näst
755 1480 55 22 efter
824 1480 42 21 den
881 1479 131 22 Savolakska

180 1504 78 28 banan,
275 1513 44 15 som
335 1508 65 22 också
416 1514 34 16 om
466 1510 58 21 tiden
534 1509 34 21 för
578 1510 107 21 Karelska
698 1510 42 20 och
751 1509 174 27 Björneborgska
935 1508 77 20 banor-

179 1540 40 16 nas
242 1535 119 27 byggande.
390 1537 43 27 Jag
455 1538 36 20 vill
509 1538 34 21 för
557 1538 63 26 ingen
636 1538 34 22 del
685 1538 93 21 förneka
792 1539 33 20 att
840 1536 172 28 Björneborgska
