1081 1764
215 148 41 21 402
462 155 24 17 R.
499 159 18 14 o.
529 156 23 17 A.
561 156 59 17 1888.
633 156 24 17 10
665 155 62 17 Mars.

186 239 138 23 förkastande
340 240 23 22 af
376 243 31 20 ett
422 241 63 22 stånd
499 241 90 25 medför,
612 243 33 20 att
666 241 75 28 frågan
756 241 46 22 helt
817 241 40 21 och
879 241 67 22 hållet
967 242 42 22 för-

186 268 68 21 faller.
284 269 46 21 Den
345 269 118 22 solidaritet
478 271 7 20 i
501 270 85 27 äsigter,
603 277 44 14 som
663 271 56 20 varit
734 269 95 22 rådande
845 271 89 20 emellan
949 271 24 21 R.
990 277 18 16 o.

187 297 37 22 A:s
245 297 118 22 ledamöter
384 299 7 20 i
414 299 111 26 utskottet,
548 299 76 21 liksom
640 299 62 26 tyder
721 299 59 26 uppå
795 300 32 19 att
842 305 49 14 man
906 299 7 20 i
928 299 81 22 nödfall

186 325 48 22 ville
249 325 45 22 låta
309 326 36 21 det
360 327 113 21 ankomma
488 327 27 27 på
531 333 26 15 en
573 327 66 22 sådan
654 328 147 25 eventualitet,
816 333 48 15 men
877 327 37 27 jag
929 327 38 22 ber
977 329 33 20 att

186 353 22 22 få
230 354 72 21 erinra
322 361 33 14 om
378 357 39 24 att,
439 356 7 20 i
468 355 38 22 fall
522 357 31 20 ett
568 356 62 21 stånd
645 358 46 19 mot
705 357 33 20 tre
753 355 35 22 får
803 361 26 16 en
844 355 61 27 fråga
919 358 33 19 att
966 356 43 22 för-

186 382 58 27 falla,
260 383 59 21 detta
335 383 61 22 stånd
411 384 122 27 derigenom
555 385 90 26 påtager
664 385 32 26 sig
711 386 31 20 ett
759 384 89 21 dubbelt
863 391 76 14 ansvar
954 385 55 21 inför

185 412 73 21 landet
280 412 40 21 och
334 413 33 20 att
386 413 36 20 det
437 413 71 21 derför
523 413 46 21 icke
585 413 42 21 kan
642 413 73 25 skada,
732 419 34 15 om
782 412 75 27 frågan
871 413 34 21 väl
921 413 87 27 dryftas.

186 441 43 20 Det
251 442 25 19 är
297 447 28 15 nu
348 441 65 26 enligt
435 442 43 21 min
500 442 135 26 uppfattning
659 442 39 21 alls
712 442 48 21 icke
775 441 60 26 fråga
851 448 33 15 om
899 443 33 20 att
947 442 62 21 kasta

186 469 114 21 öfverbord
322 469 69 26 någon
413 471 66 26 vigtig
501 471 114 26 grundsats
637 471 6 20 i
663 470 48 21 vårt
726 470 169 25 samhällsskick,
911 471 51 20 eller
976 471 33 20 att

186 499 52 26 göra
252 497 65 27 något
331 497 72 28 farligt
418 500 93 20 attentat
526 501 57 19 emot
598 499 109 27 principen
723 505 35 15 om
774 499 179 26 tjenstemännens
964 498 44 21 oaf-

186 526 115 27 sättlighet.
346 527 81 21 Herrar
451 528 117 21 skollärare
593 527 86 22 komma
703 527 64 22 äfven
791 527 118 26 framdeles,
940 527 68 21 ehuru

186 555 75 21 endast
276 555 32 21 till
323 555 28 21 63
366 555 34 22 års
416 555 65 27 ålder,
497 558 32 19 att
544 556 22 21 få
581 556 97 27 begagna
693 557 32 26 sig
739 556 24 21 af
777 556 32 21 sin
824 556 184 27 grundlagsenliga

186 583 109 28 rättighet,
318 585 39 23 att,
381 591 34 14 om
435 585 26 20 de
477 585 24 21 så
515 585 50 26 vilja
581 585 51 21 eller
647 585 46 21 icke
709 585 72 21 bättre
796 584 79 25 kunna,
896 591 52 14 vara
963 591 45 14 mer

186 612 52 22 eller
252 612 82 22 mindre
348 613 129 27 försumliga,
492 619 46 16 mer
553 614 52 21 eller
619 613 82 22 mindre
710 613 107 26 odugliga,
832 615 52 18 utan
892 615 32 19 att
933 619 75 15 annor-

185 641 65 21 lunda
266 643 26 18 än
307 647 75 20 genom
398 642 48 26 laga
461 642 128 27 ransakning
605 642 39 21 och
660 643 49 20 dom
725 642 73 21 kunna
813 641 46 21 från
875 642 45 20 sina
930 641 78 22 befatt-

185 670 75 26 ningar
276 669 79 28 skiljas;
378 671 27 20 63
424 670 24 21 år
463 672 24 19 är
502 677 25 15 en
542 671 82 26 ganska
638 670 51 27 lång
704 670 94 27 tidrymd
813 670 40 21 och
869 672 118 19 motsvarar
1002 671 6 20 i

185 699 26 20 de
233 698 63 21 flesta
316 698 38 21 fall
376 699 135 21 menniskans
533 699 84 27 vanliga
639 699 106 26 lifslängd.
777 699 46 21 Den
839 698 107 26 afvikelse,
963 705 45 15 som

184 727 40 20 här
239 726 90 22 föreslås
343 729 32 19 att
390 727 85 21 inträda
490 728 34 21 vid
540 729 27 20 63
583 727 34 22 års
632 727 67 27 ålder,
715 730 24 19 är
754 728 7 20 i
777 728 32 26 sig
824 727 48 27 sjelf
886 733 23 15 en
922 727 86 27 obetyd-

183 755 73 27 lighet,
280 755 69 22 såsom
371 756 101 21 afvikelse
495 757 120 25 betraktad,
638 763 48 14 men
705 757 24 20 af
741 756 84 27 ganska
840 757 44 20 stor
899 756 109 26 betydelse

184 783 34 22 för
240 784 41 21 den
303 784 60 27 fråga
385 791 46 14 som
452 785 119 27 föreligger,
593 787 23 25 ty
638 791 76 20 genom
737 787 33 19 ett
793 784 75 21 sådant
891 784 116 26 stadgande

183 812 84 21 komme
283 818 25 15 en
324 813 23 21 af
360 813 25 21 de
400 814 150 26 väsentligaste
565 813 144 27 olägenheter,
727 820 47 15 som
797 813 84 20 vidlåda
904 813 40 20 den
959 814 49 19 när-

184 841 92 21 varande
293 841 271 28 oafsättlighetsprincipen,
585 844 32 19 att
632 842 106 27 aflägsnas
755 841 39 22 och
810 841 73 26 sjelfva
899 841 108 26 principen

184 870 128 26 derigenom,
336 870 65 27 enligt
416 871 42 20 min
475 870 140 27 uppfattning,
639 872 32 19 att
687 871 92 21 stärkas.
809 870 40 27 Jag
865 870 39 21 har
919 872 46 24 sagt
980 875 27 16 en

183 898 24 21 af
227 899 26 20 de
276 898 95 21 svåraste
393 899 143 26 olägenheter,
559 901 22 25 ty
603 899 36 21 det
656 899 43 21 kan
714 899 47 21 icke
778 899 111 25 bestridas,
913 900 32 19 att
959 898 47 21 icke

183 927 184 21 skollärarekallet
382 929 24 19 är
421 927 23 21 af
458 928 40 21 den
512 927 153 28 beskaffenhet,
681 929 33 20 att
729 927 50 22 dess
790 927 115 21 utöfvande
913 927 34 20 vid
955 927 52 26 högt

182 955 142 21 framskriden
347 955 59 22 ålder
427 956 82 21 medför
531 956 51 21 flere
604 957 111 26 allvarliga
739 955 138 26 svårigheter.
907 955 100 21 Fordrin-

182 990 68 21 garna
264 983 28 27 på
306 985 91 20 vetande
413 985 38 20 och
467 985 96 26 kunskap
580 987 37 18 äro
632 991 29 14 nu
677 985 33 21 för
725 985 60 20 tiden
801 986 64 24 stora,
882 983 126 27 ofantliga,
998 979 13 37 i

180 1012 123 27 jemförelse
318 1013 47 20 med
381 1013 55 21 hvad
453 1013 26 20 de
493 1019 51 15 voro
559 1014 7 20 i
581 1013 62 21 forna
659 1013 73 27 dagar,
749 1013 40 20 och
805 1013 62 20 dessa
881 1012 126 27 fordringar,

182 1041 74 21 hvilka
277 1041 49 21 med
341 1041 58 21 tiden
415 1041 38 21 alit
469 1048 44 15 mer
528 1043 89 25 stegras,
635 1042 73 21 ställas
724 1042 45 21 lika
785 1041 34 20 väl
834 1041 28 26 på
877 1041 69 20 lärare
961 1047 46 14 som

182 1069 116 27 lärjungar.
328 1070 32 20 En
375 1070 103 27 pedagog,
494 1076 45 15 som
555 1071 34 20 vid
605 1070 67 27 några
687 1071 40 20 och
744 1071 61 26 tjugu
820 1069 35 21 års
870 1069 59 21 ålder
937 1069 71 26 börjat

182 1098 33 21 sin
230 1098 56 21 bana
301 1098 40 21 och
355 1098 112 21 fortsätter
482 1099 32 20 sin
528 1099 136 21 verksamhet
678 1099 7 21 i
701 1099 28 21 40
745 1098 31 26 år,
800 1097 67 22 måste
885 1098 66 21 under
966 1098 41 21 den

181 1127 66 25 tiden,
263 1126 33 21 för
311 1128 32 19 att
357 1127 47 20 icke
420 1127 65 21 blifva
499 1127 60 27 efter,
574 1127 133 22 fortfarande
717 1127 90 26 utvidga
815 1127 37 20 sitt
861 1128 47 24 eget
916 1126 91 21 vetande

182 1155 40 22 och
237 1155 115 26 dessutom,
368 1155 31 21 tid
415 1155 53 22 efter
482 1162 76 19 annan,
574 1157 69 20 inlära
658 1157 31 25 sig
705 1156 26 21 de
743 1162 42 20 nya
796 1155 149 26 lärometoder,
961 1161 45 15 som

182 1185 37 20 äro
242 1184 135 26 nödvändiga
399 1183 33 22 för
455 1185 32 20 att
508 1186 52 19 utan
578 1185 109 20 elevernas
702 1183 218 26 öfveransträngande
935 1183 72 20 kunna

181 1211 99 28 bibringa
303 1213 62 20 dessa
388 1213 37 20 det
439 1213 39 20 allt
492 1219 45 14 mer
553 1213 98 26 stegrade
666 1213 55 21 mått
737 1212 24 21 af
774 1211 127 27 kunskaper,
925 1217 45 15 som
986 1211 23 21 af

182 1240 48 22 dem
245 1241 90 20 fordras.
366 1241 31 21 Få
412 1241 69 20 lärare
496 1241 61 22 torde
573 1248 51 14 vara
639 1242 6 21 i
661 1241 62 22 stånd
739 1242 34 19 att
789 1240 85 21 dermed
894 1239 27 27 gå
935 1240 8 20 i
957 1240 51 21 land

180 1270 36 21 vid
232 1275 26 16 en
273 1269 42 27 hög
331 1269 66 23 ålder,
413 1269 27 21 dä
455 1276 49 14 man
518 1270 68 21 måste
601 1271 66 20 tänka
682 1271 38 25 sig,
737 1271 34 19 att
787 1268 64 21 också
867 1269 39 20 den
921 1268 31 21 tid
961 1268 46 21 icke

180 1298 44 21 kan
246 1304 52 15 vara
320 1297 99 28 aflägsen,
442 1300 40 19 när
496 1305 49 14 man
567 1299 33 20 får
621 1299 98 21 förkorta
743 1299 26 20 de
788 1297 63 26 långa
866 1303 28 14 nu
909 1297 99 26 brukliga

181 1326 93 21 ferierna
288 1327 40 20 och
343 1327 122 26 derigenom
481 1327 64 21 också
567 1327 118 21 förminska
707 1326 119 22 hvilotiden
841 1325 33 21 för
888 1325 119 27 lärareper-

180 1355 94 21 sonalen.
304 1355 51 21 Man
377 1355 36 22 mä
427 1356 73 20 vidare
519 1355 93 22 betänka
627 1357 33 20 att
675 1356 40 21 den
731 1353 171 28 tankspriddhet,
919 1354 39 21 den
973 1353 34 21 till

180 1384 103 21 slentrian
304 1385 102 20 urartade
429 1384 62 27 rutin,
515 1384 26 21 de
556 1384 195 27 egendomligheter
767 1384 7 20 i
789 1385 56 24 yttre
860 1383 91 20 väsende
967 1382 40 21 och

180 1413 50 25 sätt,
246 1412 72 21 hvilka
333 1418 49 15 man
397 1413 25 20 sä
437 1413 44 20 ofta
496 1413 102 26 påträftar
621 1413 39 21 hos
677 1413 73 26 gamla
766 1412 69 20 lärare
851 1410 40 21 och
906 1416 45 15 som
966 1410 42 21 lätt

178 1442 54 25 göra
248 1441 47 20 dem
311 1441 32 20 till
358 1441 91 21 föremäl
463 1441 33 20 för
516 1441 74 27 gyckel
605 1441 47 21 frän
667 1442 111 20 elevernas
791 1440 52 25 sida,
866 1439 68 20 mäste
949 1444 58 15 men-

178 1469 40 27 ligt
239 1469 89 21 inverka
349 1469 28 26 pä
399 1469 182 27 undervisningen.
611 1470 42 26 Jag
674 1471 47 20 tror
744 1470 33 19 att
795 1469 37 20 det
846 1469 24 19 är
885 1467 28 26 pä
928 1466 80 21 sädana

179 1497 40 22 och
234 1497 107 22 likartade
357 1497 54 26 skäl,
426 1504 45 15 som
486 1498 84 21 landets
585 1497 267 26 läroverksföreständare,
877 1496 35 21 vid
922 1495 85 27 nyligen

178 1526 68 22 hället
260 1527 65 24 möte,
341 1526 80 21 uttalat
437 1527 31 26 sig
482 1526 33 21 för
531 1527 41 20 den
587 1526 121 27 föreslagna
723 1526 109 21 reformen
847 1525 39 20 och
893 1524 36 26 jag
937 1530 69 21 anser,

178 1556 33 19 att
226 1555 163 27 Lagutskottets
403 1555 109 26 majoritet
526 1555 89 21 handlat
629 1555 88 22 alldeles
733 1554 98 26 korrekt,
848 1553 27 21 dä
891 1553 40 21 den
945 1553 61 26 gifvit
