1078 1745
349 140 25 17 R.
387 144 17 13 o.
416 140 23 17 A.
452 140 61 17 1888.
527 140 23 17 10
556 140 63 17 Mars.
829 135 40 21 399

137 225 83 21 Härvid
241 225 112 26 godkände
376 225 25 21 R.
426 231 17 15 o.
468 225 25 20 A.
517 226 53 19 utan
592 224 121 21 diskussion
733 225 116 28 utskottets
870 225 28 26 pä

68 259 48 21 pag.
133 254 14 21 4
162 253 23 21 af
197 253 43 21 bet.
265 253 124 21 framstälda
409 253 82 26 förslag
505 259 35 15 om
555 253 121 26 beviljande
690 252 24 21 af
728 254 32 19 ett
782 253 74 27 anslag
878 253 22 21 af

67 282 96 25 '690,000
184 281 61 22 mark
267 281 70 22 såsom
360 281 76 27 bidrag
455 281 35 21 till
505 281 112 22 städernas
632 281 119 21 folkskolor
766 281 67 22 under
848 281 51 22 åren

72 310 147 22 1889
137 306 12 36 —
155 310 64 22 1891.

139 361 170 22 Vidkommande
325 361 37 22 det
377 361 23 21 af
413 361 108 22 utskottet
536 361 13 21 å
564 367 49 21 pag.
632 362 13 20 5
660 361 115 22 förordade
791 361 72 27 anslag
878 361 23 22 af

72 391 113 25 1,890,000
202 390 61 21 mark
278 390 33 21 till
325 390 160 21 folkskolornas
499 389 28 28 pä
542 390 73 21 landet
630 389 113 22 underhäll
758 390 84 27 yttrade

143 448 33 21 Hr
190 446 138 23 Lindelöf:
344 446 75 21 Ehuru
434 446 71 21 denna
521 449 49 24 post
587 446 95 27 grundar
700 446 31 27 sig
748 446 28 27 pä
787 446 112 22 beräknin-

73 483 44 19 gar,
133 482 46 15 som
194 475 70 21 blifvit
278 475 119 26 uppgjorda
412 475 7 21 i
430 474 166 27 öfverstyrelsen
607 474 34 21 för
650 475 158 26 skolväsendet,
819 475 80 26 nödgas

68 505 39 26 jag
114 504 67 22 likväl
189 503 70 22 uttala
267 503 39 22 den
315 503 90 27 mening,
413 505 33 19 att
455 503 37 21 det
499 503 40 21 här
547 503 120 27 föreslagna
678 503 97 27 anslaget
785 503 115 28 möjligtvis

72 533 43 21 kan
137 532 95 21 befinnas
254 538 51 15 vara
328 532 145 26 otillräckligt,
503 531 149 28 Beräkningen
675 532 73 21 stöder
771 533 31 26 sig
820 532 28 27 pä
864 533 36 21 det

72 561 142 25 förhållande,
230 566 45 15 som
291 560 51 27 egde
358 567 47 14 rum
420 559 24 22 är
461 561 62 23 1886,
539 560 68 21 under
623 560 81 21 hvilket
719 560 24 21 är
754 561 102 26 bidragen
867 560 33 21 för

73 589 148 22 folkskolorna
243 589 28 26 pä
293 589 74 20 landet
388 589 55 20 hade
467 589 63 20 ökats
553 589 48 20 med
625 589 77 26 35,200
722 589 67 21 mark.
819 589 42 20 Det
876 591 24 19 är

73 618 71 21 denna
159 623 88 20 summa,
271 623 45 15 som
331 617 69 21 blifvit
416 617 50 26 lagd
481 617 34 21 till
530 617 69 26 grund
615 617 33 21 för
663 617 146 28 beräkningen
824 617 23 21 af
860 617 40 22 den

73 646 68 27 ärliga
156 646 110 21 tillväxten
281 645 23 22 af
317 645 163 27 ifrägavarande
496 645 85 27 anslag;
604 651 49 15 man
668 645 56 22 hade
740 646 27 21 dä
783 647 56 20 ännu
854 646 46 21 icke

72 674 90 27 tillgäng
177 674 33 21 till
225 674 108 27 uppgifter
347 674 33 21 för
396 674 24 21 är
436 674 63 21 1887.
530 674 101 26 Numera,
643 674 66 21 sedan
722 675 62 20 dessa
793 674 107 27 uppgifter

74 703 111 26 föreligga,
201 703 39 20 har
254 703 36 26 jag
304 702 49 22 lätit
368 703 117 20 verkställa
501 704 31 19 ett
548 702 150 27 sammandrag
714 703 23 20 af
750 703 54 26 dem,
820 703 81 21 hvilket

75 731 88 26 utvisar,
186 733 33 19 att
241 731 68 21 under
331 731 24 21 är
371 731 54 21 1887
441 731 101 26 beviljats
558 731 26 21 35
601 731 74 26 anslag
690 731 13 21 ä
718 731 43 21 800
776 731 67 26 mark,
859 731 42 22 till-

73 765 107 16 sammans
204 759 77 26 28,000
295 759 61 22 mark
372 761 55 19 samt
440 760 27 20 17
485 759 74 26 anslag
574 759 28 26 pä
618 760 41 20 600
672 760 61 21 mark
749 760 52 21 eller
817 760 83 25 10,200,

74 788 84 21 säledes
180 788 140 21 tillsammans
343 788 26 21 52
388 787 75 27 anslag
478 788 34 21 för
527 787 148 22 folkskolorna
690 788 28 26 pä
733 788 74 21 landet
821 788 34 21 till
870 789 31 20 ett

73 817 79 26 belopp
175 816 23 21 af
217 817 76 20 inalles
315 817 77 25 38,200
415 816 68 21 mark.
514 816 73 21 Under
606 822 81 15 samma
703 817 30 20 tid
748 817 64 20 hafva
827 817 75 20 visser-

74 845 56 26 ligen
152 844 67 27 några
240 845 76 26 bidrag
338 844 69 21 blifvit
428 845 112 26 indragna,
561 845 106 26 nämligen
683 845 13 20 4
712 845 74 26 anslag
800 845 33 21 för
847 845 54 21 folk-

73 873 73 21 skolor
162 873 12 21 å
189 873 42 21 600
245 873 61 21 mark
322 873 51 21 eller
388 873 63 24 2,400
467 873 74 25 mark;
557 873 99 27 afdrages
671 873 60 21 detta
746 873 85 27 belopp,
839 873 61 21 redu-

75 908 60 14 ceras
158 901 40 21 den
221 900 68 28 årliga
311 901 138 27 tillökningen
465 901 34 21 till
515 901 77 25 36,000
608 902 66 20 mark.
706 901 69 21 Häraf
789 907 61 21 synes
866 901 36 21 det

75 930 91 21 sålunda
180 929 89 27 framgå,
285 931 32 19 att
333 930 40 20 den
388 929 119 21 förutsatta
521 930 140 26 tillökningen
678 930 23 20 af
714 930 78 28 35,000
800 930 67 26 imark
877 931 25 19 är

75 958 66 27 nägot
156 958 79 26 knapp,
250 958 87 21 hvarför
353 958 35 21 det
403 958 83 21 kanske
502 958 55 21 hade
573 958 57 21 varit
641 958 87 21 säkrare
739 960 33 19 att
787 960 78 25 antaga
876 964 26 15 en

75 989 68 19 större
166 986 54 27 ärlig
239 987 89 25 tillväxt,
349 986 124 27 förslagsvis
489 987 79 25 40,000
584 987 67 26 mark,
667 987 35 20 för
716 988 33 19 att
764 987 47 20 icke
827 986 74 27 styrel-

74 1022 38 14 sen
127 1015 67 21 måtte
210 1015 53 21 råka
279 1015 6 21 i
300 1015 70 26 någon
385 1015 110 26 svårighet
511 1015 52 21 eller
578 1015 67 21 blifva
659 1017 93 24 tvungen
768 1017 32 19 att
815 1015 39 21 allt
868 1015 34 21 för

76 1044 86 26 mycket
184 1043 147 22 ekonomisera
353 1044 34 21 vid
409 1043 136 27 utgifvandet
567 1044 23 21 af
610 1043 76 27 bidrag
701 1044 33 21 för
749 1043 153 22 folkskolorna.

74 1072 41 21 Om
138 1078 49 14 man
202 1072 56 21 hade
273 1072 54 27 tagit
342 1072 132 21 sistnämnda
490 1071 59 22 siffra
565 1072 31 21 till
612 1072 167 27 utgångspunkt,
795 1071 24 22 sä
834 1071 68 22 skulle

75 1101 97 25 anslaget
187 1100 34 21 för
235 1100 49 21 hela
299 1101 68 20 denna
382 1101 74 26 period
474 1100 63 21 ökats
553 1101 48 20 med
617 1101 74 21 inalles
702 1101 78 26 30,000
791 1100 61 21 mark
863 1099 39 22 och

75 1129 83 21 säledes
173 1128 89 22 kommit
285 1130 32 19 att
332 1129 71 27 uppgä
418 1129 33 21 till
463 1129 118 26 1,920,000
596 1129 62 21 mark
676 1129 40 26 Jag
731 1129 37 21 vill
784 1129 55 21 dock
854 1128 48 21 icke

75 1157 54 27 yrka
144 1157 34 26 pä,
194 1159 33 19 att
242 1157 70 27 nägon
328 1157 123 26 förändring
466 1163 31 14 nu
512 1157 69 21 skulle
596 1159 64 24 göras
675 1158 7 20 i
696 1157 141 21 förevarande
847 1158 55 24 post,

75 1192 49 15 men
146 1191 62 16 anser
230 1186 43 27 mig
296 1186 64 21 likväl
379 1186 53 21 böra
447 1185 92 27 päpeka,
555 1187 33 20 att
603 1186 186 27 anslagsbeloppet
804 1185 100 26 möjligen

75 1215 44 20 kan
133 1214 96 21 befinnas
245 1221 51 14 vara
311 1214 72 21 alltför
398 1214 54 21 litet.

144 1277 123 21 Utskottets
283 1276 80 27 förslag
378 1276 46 22 blef
437 1277 56 21 härä
508 1277 23 21 af
545 1277 86 21 ständet
645 1277 116 26 godkändt.

143 1333 51 21 Med
210 1334 113 26 anledning
339 1334 23 20 af
374 1334 69 26 tredje
459 1334 109 21 klämmen
583 1334 7 21 i
605 1334 43 21 bet.
658 1340 34 15 om
701 1334 74 25 anslag
783 1331 24 22 af
814 1331 91 26 163,000

75 1361 62 21 mark
152 1362 33 20 till
200 1362 194 27 löneförhöjningar
409 1362 23 21 ät
447 1362 179 22 folkskolelärare
643 1362 39 21 och
698 1361 127 25 lärarinnor,
849 1361 56 20 samt

78 1390 76 24 10,530
170 1390 60 21 mark
245 1390 33 21 till
293 1391 148 26 pensionering
457 1390 24 22 af
495 1391 100 21 bemälda
609 1389 176 28 lärarepersonal,
801 1388 60 27 afgaf

143 1447 33 21 Hr
198 1448 124 21 Lindelöf
341 1448 94 26 följande
458 1448 111 26 yttrande:
599 1448 49 21 Med
670 1448 101 21 afseende
788 1442 13 38 ä
823 1446 82 21 lärares

73 1475 41 21 och
129 1476 129 21 lärarinnors
273 1476 169 27 löneförhöjning
457 1476 42 21 har
514 1477 68 21 under
597 1477 26 21 de
639 1478 84 20 senaste
739 1476 51 21 ären
806 1481 26 15 en
839 1473 66 26 nägot

73 1503 118 22 förändrad
214 1505 70 26 praxis
307 1504 70 22 blifvit
393 1505 72 20 införd
481 1507 46 19 mot
542 1505 47 24 den,
605 1511 45 15 som
666 1505 58 21 förut
739 1505 58 26 gjort
813 1503 30 26 sig
859 1501 47 26 gäl-

73 1531 70 22 lande.
173 1533 67 21 Förut
255 1533 38 20 har
308 1533 35 21 vid
358 1533 132 27 beviljandet
505 1533 23 22 af
541 1533 171 27 löneförhöjning
727 1533 22 22 åt
765 1529 141 24 folkskolelä-
