1075 1759
359 137 26 18 R.
398 142 17 12 o.
428 137 23 17 A.
464 137 61 17 1888.
542 137 14 17 4
568 136 59 18 Febr.
837 131 40 21 175

447 300 85 21 Motion

114 335 112 28 angäende
241 342 30 21 ny
285 335 143 27 Förordning
444 341 33 14 om
489 334 52 28 jagt
557 335 39 20 och
611 334 110 27 djurfäng
736 335 8 20 i
760 334 106 22 Finland.

145 391 74 22 Under
240 392 85 21 vintern
348 391 54 22 1881
426 391 123 21 inlemnade
573 391 80 21 Finska
675 391 176 28 Jagtföreningen
872 391 34 22 till

76 421 84 21 landets
183 421 96 26 regering
302 422 31 19 ett
355 419 81 27 förslag
460 420 34 21 till
516 420 57 21 vissa
588 419 151 27 förändringar
754 420 39 21 och
809 420 98 27 tillägg
895 415 16 37 i

76 449 96 27 »Nådiga
194 449 159 26 Förordningen
374 455 35 14 om
422 448 48 27 jagt
486 448 40 21 och
542 447 100 28 djurfäng
657 449 7 20 i
680 448 90 21 Finland
785 449 23 21 af
823 449 40 20 den
882 449 24 20 10

76 478 105 21 Februari
205 478 72 25 1868",
299 477 50 21 med
368 477 88 26 ödmjuk
473 476 102 22 anhållan
591 483 33 14 om
640 477 144 26 propositions
799 477 107 20 framstäl-

76 507 63 20 lande
162 506 74 21 härom
254 506 32 21 till
301 505 143 27 nästföljande
461 505 152 22 ständermöte.
646 505 10 21 I
673 505 61 21 detta
748 505 80 27 förslag
842 505 64 22 fram-

76 535 45 20 höll
143 534 182 27 Jagtföreningen,
349 535 33 19 att
400 534 145 27 nyssnämnda
560 533 135 27 Förordning
711 535 52 20 utan
778 534 41 21 allt
833 533 74 22 tvifvel

77 563 74 20 träffat
174 563 26 20 de
223 564 57 19 rätta
302 563 162 26 synpunkterna
488 562 59 21 såväl
562 563 7 20 i
585 563 46 20 sina
647 561 177 22 hufvudmoment
838 568 45 15 som
898 562 9 21 i

77 591 47 21 sina
138 591 62 21 flesta
215 591 96 27 detaljer,
326 597 49 15 men
390 593 33 19 att
438 591 152 21 erfarenheten
605 591 47 20 icke
672 591 60 21 desto
748 591 82 20 mindre
845 590 62 27 gäfve

76 619 35 22 vid
127 619 91 26 handen,
234 621 33 20 att
281 620 57 21 inom
351 619 87 27 jagtens
454 619 89 22 omräde
559 619 47 22 icke
622 619 39 21 allt
671 625 51 15 vore
733 619 24 21 sä
766 619 34 21 väl
812 619 95 21 bestäldt

78 654 45 15 som
138 648 33 27 sig
185 648 74 21 borde.
289 647 248 28 Rofdjursförföljandet,
554 654 45 15 som
615 654 76 21 genom
709 648 161 26 Förordningen
885 646 24 21 af

79 677 55 21 1868
149 677 68 26 gjorts
232 677 33 21 till
281 683 25 15 en
322 683 85 20 omsorg
422 677 33 20 för
470 677 163 26 kommunerna,
649 676 56 21 hade
721 676 27 27 pä
759 677 40 20 den
810 676 97 26 inslagna

76 707 68 24 vägen
166 705 47 21 icke
235 705 92 21 medfört
349 705 38 21 det
409 705 100 26 resultat,
531 711 51 15 man
604 705 57 26 gjort
682 705 90 26 räkning
795 704 34 27 pä,
844 704 63 21 hvar-

77 733 47 21 före
139 733 74 27 lagens
227 734 139 26 förfoganden
381 733 76 22 härom
473 734 50 21 med
537 733 160 27 nödvändighet
711 733 75 21 kräfde
796 733 58 21 vissa
864 732 43 21 för-

77 762 116 27 ändringar
215 762 40 21 och
270 763 81 26 tillägg.
382 762 50 21 Icke
448 762 85 21 mindre
549 763 118 26 trängande
683 761 133 22 framträdde
832 760 74 22 behof-

76 792 36 19 vet
134 791 24 21 af
179 791 112 26 utvidgadt
313 791 68 26 skydd
404 791 34 20 för
452 790 51 21 värt
518 790 119 21 förnämsta
652 791 129 26 matnyttiga
795 789 111 26 villebräd,

78 819 136 26 skogsfogeln
237 819 39 21 och
298 819 72 22 haren.
401 819 41 21 Vid
466 819 61 22 tiden
549 819 33 21 för
605 819 42 21 den
669 819 69 21 finska
758 818 149 27 jagtstadgans

78 848 141 21 emanerande
235 854 50 15 voro
301 847 120 27 säkerligen
437 848 27 21 de
479 854 30 15 nu
520 847 99 27 gällande
630 847 223 27 fridlysningstiderna
863 846 44 21 lika

78 875 181 28 ändamälsenliga
281 883 46 14 som
350 876 137 27 tillräckliga,
508 876 89 21 emedan
613 875 130 28 efterfrägan
758 875 28 28 pä
800 875 54 21 vildt
869 881 38 14 var

78 904 109 27 obetydlig
209 905 39 21 och
269 905 73 26 jagten
356 905 8 20 i
379 905 53 26 följd
456 905 65 21 deraf
541 905 83 20 mindre
644 905 98 20 lönande.
772 904 50 21 Men
841 903 66 21 sedan

78 933 47 21 dess
152 933 56 21 hade
233 933 211 27 jagtförhällandena
468 934 8 20 i
501 933 74 21 landet
605 933 116 27 undergätt
750 939 26 15 en
806 931 101 22 anmärk-

77 961 114 27 ningsvärd
212 961 129 28 förändring.
372 962 32 21 De
428 962 145 27 nytillkomna
596 963 59 20 stora
673 961 234 22 kommunikationsan-

78 990 103 21 stalterna
196 1002 27 3 —
239 991 88 26 specielt
346 990 117 27 jernvägen
487 991 33 20 till
543 990 33 21 S:t
598 990 132 27 Petersburg
752 989 39 22 och
808 988 99 27 ängbäts-

77 1017 70 22 farten
169 1018 28 27 pä
220 1019 75 26 Hangö
311 1031 28 3 —
355 1019 55 20 hade
434 1019 109 27 betydligt
566 1020 82 25 stegrat
667 1018 128 27 efterfrägan
810 1017 29 27 pä
853 1017 54 20 mat-

77 1047 79 26 nyttigt
178 1047 54 21 vildt
253 1047 47 22 från
323 1047 53 22 våra
396 1047 79 27 skogar
491 1047 40 22 och
547 1047 131 27 möjliggjort
693 1046 118 27 afsättning
826 1045 62 22 deraf
901 1045 7 20 i

78 1077 45 19 stor
138 1075 61 22 skala
214 1075 61 22 äfven
291 1076 68 21 under
374 1076 84 21 vintern
475 1076 41 21 och
532 1076 72 21 vären.
635 1075 139 28 Fogeljagten
789 1075 56 20 hade
860 1074 47 21 der-

77 1103 45 22 före
137 1104 80 27 begynt
231 1103 70 28 fortgå
316 1106 53 19 utan
384 1104 51 27 hejä
458 1104 25 22 sä
505 1105 63 26 länge
586 1105 107 26 jagttiden
713 1104 79 21 varade
812 1103 40 21 och
872 1102 37 31 be-

78 1132 56 21 drefs
156 1133 49 20 med
227 1133 106 26 synnerlig
355 1133 55 21 ifver
432 1133 29 26 pä
484 1133 131 26 värvintern,
631 1133 27 21 dä
673 1133 71 26 fogeln
760 1132 60 27 stigit
834 1131 8 20 i
857 1136 50 20 pris,

78 1161 103 21 särskildt
195 1161 34 21 för
244 1163 76 25 export
330 1161 28 28 pä
369 1161 94 27 Sverige,
474 1162 41 21 der
525 1161 197 28 fridlysningstiden
732 1160 99 22 inträdde
841 1158 68 22 redan

78 1189 40 22 den
142 1190 26 21 15
191 1189 109 22 Februari.
331 1191 80 26 Jägare
431 1190 41 21 och
488 1190 122 27 fängstmän
626 1190 55 21 hade
697 1189 84 22 derföre
797 1188 54 27 dykt
865 1193 44 20 upp

77 1218 29 27 pä
128 1218 43 21 alla
193 1218 44 21 häll
259 1219 40 21 och
321 1219 107 26 skogarna
452 1219 138 21 öfversällats
614 1219 48 21 med
685 1218 63 21 fällor
771 1217 40 22 och
827 1221 82 16 snaror.

78 1247 157 26 Skjutvapnens
244 1247 39 21 och
293 1247 169 27 fängstmedlens
472 1247 163 21 fullkomnande
646 1247 150 21 underlättade
805 1245 104 26 derjemte

77 1275 138 21 villebrädets
239 1275 99 22 ätkomst.
368 1276 46 21 Allt
438 1276 63 21 detta
523 1276 56 21 hade
598 1276 44 21 fört
657 1276 48 21 med
722 1275 31 26 sig
768 1281 26 15 en
811 1273 23 22 sä
849 1271 61 22 stark

77 1303 138 27 beskattning
230 1304 22 21 af
266 1305 41 21 den
321 1305 129 26 matnyttiga
465 1305 119 20 vildnaden
598 1305 8 20 i
621 1305 79 25 landet,
720 1305 32 20 att
767 1305 143 27 stammarnes

77 1332 91 21 bestånd
191 1333 39 20 och
253 1333 85 21 trefnad
352 1333 8 21 i
374 1333 44 26 hög
440 1333 57 26 grad
515 1333 70 21 måste
601 1333 127 26 äfventyras,
745 1339 34 14 om
794 1330 47 21 icke
848 1324 11 41 i
879 1328 32 33 tid

78 1360 101 27 åtgärder
200 1361 96 27 vidtoges
320 1361 99 22 häremot
441 1368 80 20 genom
536 1362 150 21 fastställande
706 1361 24 21 af
742 1359 103 27 utvidgad
860 1357 51 22 frid-

77 1389 133 26 Tysningstid.

146 1418 149 21 Förenämnda
309 1418 150 21 förhällanden
476 1418 57 21 hade
550 1418 108 21 föranledt
673 1417 80 22 Finska
766 1415 145 28 Jagtförenin-

77 1452 40 20 gen
140 1447 33 19 att
195 1447 50 25 ingä
263 1447 32 21 till
310 1447 85 21 landets
410 1447 103 26 regering
527 1447 50 21 med
592 1446 158 22 ofvanberörda
764 1443 148 25 underdäniga

77 1474 129 21 hemställan
229 1481 35 15 om
286 1475 57 21 vissa
358 1475 154 27 förändringar
527 1476 7 20 i
547 1476 117 26 jagtlagen.
695 1474 134 27 Regeringen
845 1470 66 31 beak-

77 1502 50 22 tade
148 1502 79 27 jemväl
249 1503 104 27 förslaget
375 1504 41 21 och
438 1504 99 20 förelade
561 1504 157 20 ständermötet
736 1502 54 22 1882
806 1507 25 15 en
847 1498 65 32 nädig

77 1531 134 25 proposition
226 1532 7 20 i
249 1532 59 21 detta
323 1532 62 27 syfte.
415 1532 170 26 Propositionen
600 1532 45 21 blef
659 1532 24 21 af
696 1530 91 22 ständen
807 1526 105 24 hänvisad
