1075 1767
216 144 39 22 132
461 152 25 16 R.
499 156 18 13 o.
531 152 21 16 A.
565 152 60 17 1888.
640 153 13 16 4
665 152 60 17 Febr.

255 236 42 22 Det
312 236 34 22 mä
361 243 51 15 vara
427 240 37 24 att,
481 238 55 21 huru
552 240 26 19 än
594 244 28 15 nu
636 237 164 28 ifrägavarande
811 237 140 21 rättsinstitut
962 237 48 21 ord-

186 272 45 20 nas,
253 265 177 27 förlagskrediten
445 267 7 20 i
468 267 49 21 vida
539 267 65 27 högre
627 266 49 21 män
695 268 27 19 än
737 266 164 26 försträckning,
918 265 91 27 beviljad

186 296 58 19 emot
259 294 121 26 inteckning
394 294 7 21 i
416 295 43 21 fast
473 296 110 26 ekendom,
599 295 68 21 måste
683 302 52 14 vara
747 294 91 22 baserad
849 294 27 27 pä
888 294 121 22 förtroende

186 323 34 21 till
242 322 179 26 förlagstagarens
443 330 83 20 person.
557 324 49 22 Men
625 324 37 21 det
676 330 63 20 synes
755 322 157 27 otvifvelaktigt
927 335 27 3 —
970 323 39 21 och

187 352 69 20 denna
270 350 135 28 uppfattning
421 352 39 21 har
470 353 57 26 legat
542 353 32 21 till
590 352 68 28 grund
674 352 34 21 vid
724 352 150 26 uppgörandet
889 351 23 21 af
925 351 84 27 förelig-

186 379 68 27 gande
276 380 170 27 motionsförslag
461 393 28 3 —
505 383 31 19 att
549 382 25 26 ju
596 383 68 19 större
684 381 110 27 garantier
809 387 49 14 man
873 380 41 20 kan
930 380 79 21 bereda

186 408 175 26 förlagsgifvaren
383 410 51 20 utan
450 411 33 19 att
498 410 110 26 äfventyra
623 410 41 21 den
680 410 109 21 allmänna
804 408 182 22 rättssäkerheten
1002 409 6 20 i

186 436 78 22 handel
280 436 38 22 och
334 438 82 25 vandel,
432 438 60 21 desto
509 440 68 20 större
593 439 65 26 tjenst
672 440 40 25 gör
727 444 50 15 man
793 437 22 22 ät
830 437 179 26 fabriksidkaren,

187 467 23 26 ty
225 466 60 21 desto
301 465 78 22 lättare
398 467 38 21 och
452 467 28 27 pä
495 467 60 21 desto
572 467 96 27 billigare
684 467 70 21 vilkor
770 466 55 21 skall
842 466 67 21 denne
923 466 86 21 komma

186 495 7 20 i
210 494 123 27 ätnjutande
348 495 23 20 af
385 495 40 21 den
440 496 156 27 förlagskredit,
613 496 42 21 han
671 496 108 25 behöfver,
797 495 39 21 och
853 495 60 20 desto
929 494 80 21 mindre

186 523 55 21 skall
263 523 42 20 han
320 529 51 15 vara
386 526 68 19 utsatt
469 525 33 20 för
517 525 105 20 oväntade
637 525 160 26 uppsägningar
813 524 52 21 eller
880 523 131 26 rubbningar

186 552 7 20 i
209 552 69 21 denna
292 551 76 22 kredit.

254 591 123 27 Detaljerna
392 593 6 20 i
414 593 35 21 det
472 593 118 26 uppgjorda
612 592 249 27 författningsförslaget,
880 592 33 21 för
927 591 23 22 sä
965 592 45 21 vidt

186 621 26 20 de
240 620 86 27 päkalla
352 621 91 21 särskild
469 621 132 27 motivering,
625 621 88 22 beröras
736 621 6 21 i
767 621 36 21 det
825 621 92 26 följande
942 621 68 20 under

186 655 55 21 resp.
257 650 32 25 $$.

255 689 11 27 $
283 691 9 19 1
310 689 94 26 angifver
426 690 26 21 de
475 691 105 26 näringar,
599 690 33 21 för
648 690 83 21 hvilkas
747 689 139 22 bedrifvande
901 689 34 21 lån
952 690 57 20 emot

185 717 201 28 förlagsinteckning
408 719 73 20 kunna
503 719 160 27 ifrågakomma,
687 719 39 21 och
751 719 40 20 har
811 718 79 25 dervid,
907 717 30 22 till
954 718 55 21 före-

185 746 128 21 kommande
329 746 22 21 af
364 747 73 26 hvarje
452 747 154 26 missförstånd,
623 748 25 21 de
665 747 46 27 slag
727 747 23 21 af
764 747 140 25 fabriksdrift,
915 753 45 14 som
972 752 35 15 en-

185 775 39 26 ligt
240 775 10 27 $
268 775 26 20 14
309 775 6 20 i
332 775 54 21 1879
410 775 34 22 års
467 776 120 27 näringslag
603 777 47 20 med
666 777 26 20 de
708 776 123 26 ändringar,
848 781 81 15 samma
944 775 11 26 $
971 781 38 14 un-

186 803 84 27 dergått
292 810 75 19 genom
390 805 32 20 tre
445 805 104 20 särskilda
570 805 151 26 förordningar
744 804 23 21 af
789 804 40 21 den
850 805 25 20 21
892 803 117 21 December

188 833 60 25 1885,
271 832 47 21 icke
340 832 51 21 falla
413 833 68 21 under
497 833 154 27 näringslagen,
668 833 105 21 särskildt
789 832 104 27 angifvits.
924 831 33 22 Då
973 832 36 21 be-

185 861 73 20 hofvet
280 861 24 20 af
323 861 202 28 förlagsinteckning
546 862 34 21 för
602 862 119 21 handtverk
745 861 101 27 möjligen
862 861 54 20 skall
931 860 78 27 ifråga-

186 890 73 24 sättas,
283 889 40 26 må,
347 889 69 22 såsom
433 890 45 21 skäl
494 890 33 21 för
542 891 136 26 upptagande
694 890 69 26 deraf,
779 889 124 22 framhållas
919 889 18 27 ej
954 889 55 21 blott

185 917 150 27 omöjligheten
358 920 32 19 att
413 919 111 26 uppdraga
545 919 177 26 gränsskilnaden
751 919 78 20 mellan
851 917 95 22 fabriker
969 917 39 22 och

184 946 126 26 handtverk,
332 946 108 22 äfvensom
464 949 32 19 att
518 948 36 21 det
574 948 24 26 ju
616 948 90 21 faktiskt
722 947 103 21 behöfves
841 947 75 20 endast
930 946 79 21 iaktta-

184 975 69 26 gande
276 975 23 20 af
318 975 66 26 några
407 976 63 21 enkla
492 976 140 21 formaliteter
647 976 34 21 för
696 978 33 19 att
746 982 26 15 en
787 975 82 26 näring,
885 981 45 14 som
945 975 7 20 i
968 975 41 26 dag

184 1003 106 21 bedrifves
305 1004 68 21 under
387 1010 64 15 namn
466 1005 23 20 af
502 1005 124 26 handtverk,
647 1005 2 20 i
665 1011 92 20 morgon
771 1004 39 27 går
825 1004 68 21 under
908 1010 63 14 namn
987 1003 22 21 af

183 1032 77 25 fabrik,
283 1033 51 20 utan
357 1033 61 20 äfven
441 1035 30 18 att
489 1033 38 21 hos
543 1040 34 14 oss
592 1034 108 20 bedrifvas
716 1033 73 21 såsom
804 1032 119 21 handtverk
938 1032 70 21 närin-

183 1067 45 20 gar,
246 1072 24 3 —
287 1061 39 20 här
340 1061 35 20 mä
390 1061 76 22 endast
477 1061 68 22 såsom
557 1063 31 20 ett
599 1063 96 26 exempel
706 1064 91 19 nämnas
807 1061 200 26 garfverinäringen,

184 1101 28 3 —
227 1089 7 21 i
249 1089 72 21 hvilka
336 1090 84 26 mycket
436 1090 120 27 betydande
571 1091 81 26 kapital
668 1091 42 20 kan
727 1097 52 14 vara
795 1089 86 22 bundet.

252 1123 12 28 8
280 1124 18 19 2.
328 1123 99 22 Rörande
443 1124 81 27 frågan,
536 1125 67 20 under
617 1125 73 20 hvilka
705 1124 182 26 förutsättningar
901 1123 108 22 maskiner

184 1152 61 21 skola
267 1158 61 15 anses
351 1152 70 21 såsom
444 1153 43 21 fast
507 1154 109 26 egendom,
633 1155 37 19 äro
687 1153 140 26 meningarna
843 1152 64 21 bland
921 1153 88 26 jurister

183 1181 81 20 delade.
295 1181 78 20 Medan
387 1187 27 15 en
430 1182 33 21 del
479 1182 31 21 till
525 1181 43 22 fast
583 1182 103 26 egendom
702 1181 92 22 hänföra
809 1181 76 21 endast
895 1181 113 24 maskiner,

182 1209 72 21 hvilka
270 1211 36 19 äro
321 1209 151 27 integrerande
488 1210 59 21 delar
562 1210 23 21 af
599 1211 134 26 byggnaden,
751 1209 24 22 så
790 1211 33 19 att
839 1209 26 20 de
880 1209 46 20 icke
937 1209 72 20 kunna

182 1237 112 27 borttagas
317 1239 53 20 utan
393 1240 32 19 att
440 1239 7 20 i
463 1238 68 27 någon
553 1239 49 21 mån
625 1239 114 27 äfventyra
759 1237 136 28 byggnadens
911 1237 96 26 beständ,

182 1267 50 26 vilja
255 1267 67 20 andra
344 1266 33 21 hit
399 1267 90 21 hänföra
511 1268 42 20 alla
575 1268 114 25 maskiner,
714 1273 47 16 som
784 1266 27 27 pä
831 1267 31 20 ett
877 1266 51 21 eller
943 1268 66 19 annat

181 1295 121 22 mekaniskt
324 1296 45 20 sätt
383 1297 37 20 äro
436 1296 81 21 fästade
533 1296 34 21 vid
582 1296 132 27 byggnaden.
747 1296 76 21 Denna
839 1295 98 25 ovisshet,
954 1295 55 20 huru

181 1324 107 21 maskiner
310 1324 7 21 i
339 1323 174 23 förekommande
535 1325 37 21 fall
598 1325 61 21 skola
682 1324 121 25 betraktas,
827 1325 24 19 är
873 1323 136 27 naturligtvis

181 1352 134 27 synnerligen
330 1353 79 27 menlig
425 1353 39 21 och
479 1353 144 27 föreliggande
639 1354 11 27 $
666 1353 91 27 erbjöde
777 1352 84 22 tillfälle
877 1352 32 20 till
925 1358 25 14 en
965 1352 43 21 for-

181 1381 111 27 mulering,
314 1381 137 27 hvarigenom
477 1382 71 26 lagens
578 1384 58 19 rätta
660 1382 101 21 förständ
786 1380 70 22 blefve
881 1380 126 21 förklaradt.

180 1408 50 22 Men
254 1409 27 21 dä
303 1409 74 27 frägan
399 1411 65 21 berör
486 1411 75 21 värdet
580 1410 23 21 af
616 1410 59 22 förut
690 1410 109 26 beviljade
814 1409 194 27 fastigketsinteck-

180 1437 82 27 ningar,
284 1438 40 20 har
342 1438 36 21 det
393 1441 82 19 ansetts
489 1439 123 27 lämpligare
629 1441 32 19 att
676 1439 104 26 antingen
796 1438 23 21 ät
834 1437 174 27 domstolspraxis

180 1466 142 21 Ofverlemnas
337 1468 33 20 att
385 1467 129 21 härutinnan
529 1468 85 20 komma
628 1468 33 21 till
677 1474 26 14 en
719 1467 92 21 allmänt
823 1466 80 22 erkänd
914 1466 94 26 uppfatt-

179 1495 57 27 ning,
260 1496 52 20 eller
335 1496 38 24 att,
399 1496 57 20 hvad
478 1496 70 21 bättre
571 1502 57 19 vore,
644 1497 42 20 den
700 1498 103 18 närmare
819 1494 152 22 distinktionen
987 1494 23 22 af

180 1524 112 20 skilnaden
314 1523 79 21 mellan
409 1524 42 22 fast
474 1525 39 21 och
528 1525 136 26 lösegendom
679 1526 66 26 göres
760 1524 34 22 till
809 1522 90 22 föremäl
914 1523 34 21 för
963 1525 45 19 sär-

179 1552 55 21 skild
250 1552 161 27 lagförklaring.
