1073 1756
314 139 26 17 R.
352 143 18 13 o.
382 139 22 17 A.
417 138 60 17 1888.
503 138 9 16 1
524 137 60 18 Febr.
824 131 26 21 81

56 224 40 21 och
116 223 36 27 jag
175 223 68 21 skulle
265 224 41 25 tro,
329 225 32 19 att
381 225 73 19 svaret
469 223 96 21 kommer
580 224 33 19 att
628 222 75 22 utfalla
719 222 105 25 nekande;
840 222 40 21 och

57 252 39 21 här
119 254 23 18 är
164 251 47 21 icke
232 251 61 27 fråga
315 258 34 14 om
366 252 99 26 otuktiga
480 252 96 26 qvinnor,
592 252 51 20 utan
659 257 34 15 om
709 250 77 22 ärbara
800 250 81 21 menni-

58 280 49 22 skor
122 280 23 21 af
158 280 56 21 båda
229 280 69 21 könen
313 280 40 22 och
368 280 42 21 alla
426 280 80 21 åldrar.
536 279 72 27 Fråga
623 280 100 26 slutligen
742 278 138 22 militärbefä-

58 310 36 24 let,
110 309 36 21 det
160 308 68 22 finska
244 308 39 22 och
298 308 36 22 det
350 309 70 26 ryska,
436 309 56 21 hvad
509 308 26 21 de
551 308 69 21 skulle
632 308 63 26 tycka
710 314 40 18 om,
761 308 7 21 i
779 307 101 21 händelse

58 338 40 21 den
121 337 179 27 reglementerade
320 338 166 25 prostitutionen
502 337 68 21 skulle
586 336 102 27 upphöra.
719 336 72 22 Redan
806 342 30 15 nu
850 336 31 21 in-

58 366 85 21 komma
165 366 47 20 från
228 365 26 21 de
269 366 65 26 ryska
349 366 178 26 myndigheterna
542 364 167 22 reklamationer
723 365 48 21 med
787 365 93 27 begäran

59 401 34 15 om
110 394 134 22 anställande
266 394 49 21 utaf
336 394 207 26 extrabesigtningar
558 394 7 20 i
581 394 41 21 den
638 394 51 20 eller
704 394 41 21 den
759 394 122 26 garnisons-

59 425 67 23 orten,
142 424 52 20 eller
208 422 7 21 i
230 423 41 21 den
286 423 39 21 och
340 423 41 21 den
397 423 129 21 stadsdelen.

126 452 41 26 Jag
189 451 141 21 återkommer
350 458 28 14 nu
394 452 32 20 till
441 452 125 26 petitionen.
596 451 55 21 Dess
665 450 57 22 kläm
739 453 30 24 är,
785 458 45 14 som
843 452 37 26 jag

59 480 55 22 hade
129 482 51 19 äran
195 480 95 26 uppläsa,
307 480 89 20 affattad
411 480 7 21 i
433 480 110 21 allmänna
557 480 96 26 ordalag,
664 485 47 15 men
727 480 48 21 dess
791 480 89 21 hufvud-

60 508 102 28 syftemål,
186 508 70 22 såsom
278 508 93 26 framgår
393 515 26 14 ur
441 508 160 26 motiveringen,
619 514 61 20 synes
694 514 52 15 vara
761 510 32 19 att
809 508 71 22 åstad-

60 537 84 21 komma
166 538 32 20 ett
220 536 148 27 upphäfvande
383 536 23 22 af
420 538 41 20 den
477 544 20 14 n.
512 536 95 22 förordn.
624 536 23 21 af
661 536 40 21 den
718 538 25 20 15
759 536 43 22 Juli
819 538 61 24 1875,

62 572 44 14 som
128 566 92 26 stadgar,
243 566 33 20 att
298 568 99 18 senatens
420 566 261 26 ekonomiedepartement
703 567 25 19 är
743 565 137 27 berättigadt,

61 596 33 19 att
116 594 26 27 på
156 594 156 26 framställning
326 594 23 21 af
362 594 218 27 medicinalstyrelsen
594 594 102 21 förordna
711 600 33 15 om
760 593 120 22 inrättande

61 622 24 22 af
98 622 206 27 besigtningsbyråer
319 623 7 21 i
340 623 107 21 städerna.
469 623 42 21 Det
526 624 25 19 är
561 622 70 22 denna
641 628 20 15 n.
672 622 99 26 förordn.,
783 629 45 15 som
839 622 42 21 till-

61 651 89 21 kommit
171 651 28 27 på
221 650 48 22 fullt
292 651 64 27 laglig
378 653 47 25 väg,
440 657 46 15 som
502 657 50 15 man
567 658 29 14 nu
611 650 73 27 påstår
699 653 32 19 att
746 651 45 21 står
805 652 7 20 i
828 651 53 21 strid

61 680 48 21 med
133 680 106 20 allmänna
261 680 67 25 lagen.
359 680 39 21 Om
422 680 23 21 så
460 680 109 26 verkligen
585 681 24 19 är
624 679 150 25 förhållandet,
790 680 39 21 och
845 680 37 21 det

62 708 139 21 öfverlemnar
221 708 36 27 jag
280 708 22 21 åt
317 708 76 21 herrar
406 708 90 27 jurister
511 710 34 19 att
560 708 80 26 afgöra,
657 707 24 21 så
696 708 91 22 återstår
801 708 35 21 väl
850 708 31 21 in-

61 737 86 26 genting
168 739 71 24 annat,
262 738 27 20 än
312 739 32 19 att
365 737 69 21 ändra
449 737 42 21 den
506 737 107 21 allmänna
628 737 68 26 lagen.
726 737 49 21 Men
788 737 36 27 jag
839 736 43 21 kan

62 765 46 21 icke
122 765 61 26 fatta,
199 767 33 19 att
246 765 46 21 icke
307 764 83 22 landets
405 766 89 26 styrelse
509 771 50 15 vore
575 765 127 26 berättigad,
718 767 38 23 att,
767 766 33 20 för
810 764 72 22 afvär-

60 794 75 26 jandet
149 794 23 20 af
186 800 25 15 en
226 794 170 26 öfverhängande
411 796 46 19 stor
472 794 66 21 social
553 794 52 25 fara,
622 794 85 26 vidtaga
721 794 80 21 sådana
811 794 71 26 åtgär-

64 822 42 26 der,
122 828 44 15 som
181 822 72 21 kunna
268 828 60 15 anses
344 829 52 14 vara
410 822 24 22 af
447 822 101 22 behofvet
563 822 119 26 påkallade.

131 851 40 26 Jag
192 850 68 22 måste
283 851 39 21 ock
345 851 97 27 begagna
464 852 60 20 detta
547 851 90 24 tillfälle,
653 850 33 21 för
701 852 32 20 att
748 850 134 22 tillbakavisa

64 879 25 21 de
111 879 163 27 beskyllningar,
298 886 45 14 som
366 880 67 21 under
454 882 84 19 senaste
555 879 24 21 år
595 879 45 21 ofta
655 878 68 22 blifvit
738 879 143 21 framkastade

63 909 45 19 mot
130 908 230 26 polismyndigheterna
382 908 40 21 och
445 908 43 26 mig
504 908 48 26 sjelf
566 908 141 26 personligen,
723 908 109 26 nämligen,
850 909 32 19 att

64 936 228 27 polismyndigheterna
314 938 122 25 protegerat
459 937 170 26 prostitutionen.
661 936 65 21 Detta
749 938 24 19 är
795 942 26 15 en
844 936 38 21 all-

64 964 58 22 deles
144 964 47 21 skef
207 964 155 28 framställning
376 966 23 20 af
413 965 208 21 sakförhällandena.
651 964 232 28 Polismyndigheterna

64 995 113 24 protegera
198 993 54 26 ice,
275 1000 48 14 men
346 994 26 20 de
394 994 115 21 öfvervaka
527 994 39 20 och
581 993 117 21 inskränka
713 994 169 25 prostitutionen,

65 1022 32 20 sin
118 1022 53 26 pligt
192 1022 113 26 lixmätigt,
328 1022 39 21 och
390 1023 25 20 de
438 1023 34 20 till
494 1022 40 21 och
552 1022 48 21 med
616 1022 143 26 undertrycka
773 1022 41 20 den
829 1022 55 21 efter

64 1050 96 26 förmåga
182 1056 75 20 senom
280 1052 32 19 att
333 1051 90 21 insända
445 1053 32 19 ett
498 1051 83 26 ganska
604 1052 55 20 stort
674 1050 58 21 antal
747 1051 89 26 gvinnor
851 1050 32 21 till

65 1078 148 27 undergär.nde
228 1079 22 20 af
264 1079 168 26 spinnhusstraff.
463 1079 236 26 Polismyndigheterna
713 1081 112 24 protegera
840 1079 44 20 lika

65 1106 47 21 litet
126 1107 164 26 prostitutionen
304 1113 45 16 som
366 1108 25 21 de
406 1109 114 25 protegera
536 1108 26 21 de
577 1107 110 26 individer,
703 1107 70 21 hvilka
788 1107 33 21 för
831 1107 53 26 poli-

65 1135 58 21 tiska
144 1135 50 21 eller
217 1136 67 21 andra
305 1136 139 27 förbrytelser
466 1136 33 21 stä
514 1136 69 21 under
598 1136 69 26 deras,
683 1141 50 15 vare
747 1136 32 26 sig
793 1135 91 26 hemliga

65 1164 52 21 eller
132 1163 107 28 offentliga
253 1165 92 26 uppsigt.

134 1191 93 22 Oaktadt
249 1193 39 21 allt
310 1193 55 21 hvad
386 1193 36 27 jag
438 1200 29 14 nu
483 1193 45 21 haft
545 1195 52 18 äran
612 1192 109 26 framföra,
737 1194 24 19 är
775 1192 35 27 jag
825 1191 60 27 längt

65 1220 53 21 ifrån
134 1223 32 19 att
181 1221 45 21 icke
241 1221 50 27 vilja
306 1221 100 27 erkänna,
415 1223 32 20 att
462 1222 37 21 det
514 1222 133 20 närvarande
657 1222 102 25 systemet
769 1223 24 18 är
804 1220 81 27 ganska

65 1249 129 26 bristfälligt,
210 1250 38 21 och
259 1252 32 19 att
306 1251 118 20 detsamma
439 1250 86 21 vidläda
536 1250 111 21 kännbara
657 1249 140 27 olägenheter,
809 1249 76 20 främst

65 1279 34 19 att
114 1278 36 21 det
164 1278 45 21 icke
224 1280 25 19 är
264 1279 123 26 tillräckligt
401 1279 115 21 verksamt.
538 1279 65 20 Detta
618 1279 39 20 har
673 1278 60 21 äfven
745 1277 140 27 petitionären

66 1305 98 28 päpekat,
186 1313 48 14 men
253 1307 37 27 jag
312 1307 39 21 ber
370 1310 32 18 att
417 1307 22 21 fä
454 1309 84 24 nämna,
555 1308 32 20 att
602 1307 67 21 under
684 1309 83 19 senaste
783 1305 24 22 är
822 1305 64 27 polis-

66 1335 184 26 myndigheternas
272 1336 72 26 energi
368 1336 108 27 ofrivilligt
500 1336 112 21 förlamats
628 1335 39 21 och
683 1337 120 19 enerverats
819 1334 67 21 under

66 1363 140 27 pätryckning
227 1364 23 21 af
270 1365 40 20 den
332 1364 65 27 lifliga
418 1365 105 26 agitation
546 1366 45 19 mot
610 1364 54 25 dem,
680 1369 45 15 som
741 1363 145 21 federationen

66 1391 156 22 åstadkommit.
253 1392 121 27 Olämpligt,
397 1393 97 27 ytterligt
514 1393 112 26 olämpligt
642 1394 23 19 är
681 1392 64 21 också
760 1391 127 27 stadgandet

66 1421 34 20 att
122 1421 61 20 dessa
206 1421 87 26 qvinnor
315 1421 74 26 sjelfva
412 1421 68 21 måste
495 1421 74 21 betala
583 1421 42 21 den
640 1421 79 24 läkare,
735 1427 44 14 som
795 1419 91 22 förestår

66 1448 245 28 besigtningsbyråerna;
334 1450 39 21 allt
395 1450 60 21 detta
469 1451 25 20 är
509 1449 136 27 naturligtvis
660 1449 83 25 sådant,
759 1455 44 14 som
819 1448 67 21 måste

66 1477 106 21 afskaffas.
201 1478 40 27 Jag
263 1484 63 15 anser
348 1478 40 21 den
407 1485 28 14 nu
451 1478 146 27 föreliggande
613 1478 117 26 petitionen
745 1477 71 21 kunna
830 1476 57 27 gifva

66 1505 113 28 anledning
195 1507 30 20 till
241 1513 26 14 en
281 1507 99 26 grundlig
396 1507 92 21 revision
503 1507 24 21 af
539 1506 129 21 hithörande
687 1506 137 26 stadganden,
848 1503 39 22 och

66 1533 82 26 hoppas
170 1536 33 19 att
226 1535 40 21 den
281 1535 54 20 skall
354 1535 47 22 icke
417 1535 91 21 allenast
524 1535 57 26 gifva
597 1534 120 22 Ständerna
733 1535 68 20 denna
816 1531 72 22 anled-

809 1572 11 17 6
