1075 1756
364 142 26 17 R.
403 146 17 12 o.
434 142 22 16 A.
469 142 59 17 1888.
548 142 14 16 4
573 141 60 18 Febr.
844 137 40 20 179

80 229 63 26 göras
166 227 119 26 likformiga
308 227 59 21 öfver
389 226 49 22 hela
463 227 80 21 landet.
573 227 32 21 De
628 227 88 27 rofdjur,
732 227 33 22 för
779 227 82 21 hvilkas
877 227 36 22 dö-

80 256 70 21 dande
173 255 42 22 fixa
237 256 91 26 premier
350 255 68 21 borde
441 255 98 22 utfästas.
556 257 47 20 äro:
620 262 86 20 vargen,
722 255 42 27 lon,
777 255 81 28 jerfven
873 256 40 21 och

79 284 96 27 björnen.
206 284 34 21 Då
263 290 78 20 vargen
357 283 114 27 onekligen
488 286 24 19 är
527 285 48 20 vårt
590 283 109 28 farligaste
714 284 82 27 rofdjur
811 283 39 22 och
866 284 47 21 dess

80 313 91 27 jagande
194 314 24 19 är
239 312 98 21 förenadt
360 312 49 21 med
424 312 108 27 synnerlig
555 313 69 26 möda,
648 313 77 26 omsigt
745 313 39 22 och
799 312 114 28 tidspillan,

80 341 68 22 borde
171 341 93 27 premien
288 341 32 20 för
342 341 48 21 dess
413 340 93 22 fällande
528 340 115 22 fastställas
659 341 32 21 till
709 341 65 22 minst
789 342 42 21 200
846 341 67 22 mark.

80 370 44 21 För
148 370 43 25 lon,
211 369 82 27 jerfven
311 369 40 21 och
368 369 87 26 björnen
471 369 72 22 kunde
559 369 94 27 premien
668 371 78 25 utgöra
760 370 79 22 hälften
855 369 60 22 deraf

81 399 53 22 eller
159 399 40 21 100
222 398 66 21 mark.
318 397 61 22 Dock
399 404 46 15 som
461 398 62 21 dessa
538 397 82 27 rofdjur
635 410 26 3 —
677 398 102 22 särskildt
794 404 77 22 vargen
889 410 23 3 —

80 429 70 21 måste
175 427 110 22 betraktas
300 433 45 14 som
362 433 25 14 en
406 426 81 27 verklig
503 426 126 27 landspläga
644 427 39 20 och
700 427 47 21 icke
762 430 83 19 ensamt
858 427 57 21 blott

80 463 47 16 som
151 459 32 19 ett
205 455 62 28 gissel
290 455 33 21 för
346 455 90 21 enstaka
458 457 65 22 orter,
540 455 67 21 borde
623 455 120 27 premierna
758 455 46 22 icke
819 455 32 21 till
867 454 48 22 hela

81 485 39 22 sitt
134 485 77 26 belopp
227 483 107 22 åhvälfvas
349 483 162 22 kommunerna,
523 485 51 20 utan
585 483 118 26 halfparten
715 484 96 26 erläggas
822 483 22 22 af
852 484 62 21 stats-

80 513 86 27 verket;
189 513 40 22 den
247 512 66 22 andra
326 511 82 22 hälften
426 512 47 21 åter
488 512 69 21 skulle
572 511 113 28 lämpligen
701 512 40 22 och
755 512 7 21 i
776 511 138 27 förhållande,

82 542 33 21 till
138 541 181 22 invånareantalet
341 541 93 21 fördelas
449 541 29 27 på
492 541 99 26 samtliga
606 541 126 22 kommuner
746 541 57 22 inom
818 541 98 21 häradet-

83 571 38 21 der
132 571 69 26 djuret
216 570 56 21 fälts.
297 569 44 22 Och
357 570 28 26 på
402 570 36 21 det
454 571 118 26 omgångar
591 569 46 22 icke
647 571 67 20 måtte
725 576 55 21 yppa
791 570 32 26 sig
833 569 35 21 vid
878 575 38 20 pre

82 599 92 22 miernas
193 598 187 26 utbekommande,
396 598 70 21 skulle
482 597 270 28 kronouppbördsmännen
768 604 40 21 ega
823 600 38 21 att,
877 597 38 21 der

82 627 110 28 fullgiltigt
214 627 60 28 intyg
297 627 85 24 företes,
408 629 87 24 prompt
510 627 97 21 utbetala
622 627 49 21 hela
686 627 108 27 beloppet,
809 625 107 22 hvarefter

83 656 40 22 den
147 656 34 21 del
204 655 65 25 deraf,
289 661 45 16 som
351 655 87 27 belöpte
454 655 34 27 sig
502 657 29 26 på
546 655 160 26 kommunerna,
722 655 72 22 kunde
809 654 106 27 uppbäras

82 685 47 22 från
152 685 73 21 dessas
248 685 83 25 kassor;
355 684 207 27 skottpenningarna
585 683 73 27 borde,
681 683 33 22 för
736 683 145 27 befrämjande
895 681 23 23 af

82 713 74 28 sjelfva
171 714 72 25 saken,
261 712 74 22 utfalla
345 712 45 22 lika
400 713 32 21 för
442 713 57 21 hane
511 712 40 22 och
561 712 62 26 hona,
635 712 102 27 gammalt
748 713 47 27 djur
806 712 39 22 och
856 712 59 26 ungt.

152 742 159 22 Premierandet
327 740 21 22 af
363 741 67 27 öfriga
445 741 116 27 skadedjur
577 741 39 21 och
631 740 101 28 roffoglar
742 740 68 22 skulle
821 740 95 22 deremot

82 770 99 22 förblifva
197 771 163 21 kommunernas
376 770 72 22 ensak.

467 838 14 26 $
498 839 34 20 11.

154 884 31 22 På
201 886 42 20 sätt
257 884 8 21 i
281 884 35 22 det
330 884 129 26 föregående
474 884 67 21 redan
557 883 132 25 framhållits,
705 886 37 19 äro
756 882 161 28 jagtförhällan-

86 913 55 21 dena
165 919 87 15 numera
274 912 45 22 helt
341 912 68 22 andra
424 914 27 20 än
466 912 35 21 för
516 912 59 27 tjugo
591 913 24 20 är
630 912 96 26 tillbaka,
743 912 27 22 dä
785 912 38 21 vär
835 911 82 27 jagtlag

85 941 180 27 promulgerades.
290 936 7 37 =
303 940 309 28 Fridlysningsföreskrifterna
636 941 134 27 respekteras
795 940 122 26 visserligen

86 976 29 15 nu
136 970 34 21 för
191 970 58 21 tiden
271 970 48 21 vida
335 970 131 21 allmännare
482 972 27 19 än
526 970 33 25 dä,
575 976 48 15 men
639 969 61 21 äfven
715 969 49 21 med
778 968 139 27 iakttagande

86 998 23 22 af
126 998 120 27 jagtlagens
269 1005 28 14 nu
319 998 100 27 gällande
438 998 73 27 päbud
527 998 41 21 kan
584 998 110 26 betänklig
709 997 106 22 förödelse
831 997 86 26 öfvergä

86 1026 225 26 villebrädsstammen,
335 1033 34 15 om
392 1026 72 26 skytte
489 1026 40 22 och
549 1026 71 27 fångst
635 1026 92 27 hejdlöst
742 1025 105 22 bedrifves
863 1025 57 21 ända

85 1054 33 22 till
134 1055 65 21 slutet
213 1054 22 22 af
245 1055 113 27 jagttiden.
387 1055 10 21 I
413 1054 105 22 Februari
533 1055 78 21 månad
627 1055 60 27 börja
701 1060 45 16 som
763 1054 67 22 kändt
845 1054 73 26 skogs-

85 1082 71 28 fogeln
173 1083 39 21 och
227 1084 66 21 haren
308 1084 66 21 redan
389 1083 68 22 samla
472 1084 34 26 sig
521 1084 33 21 för
569 1084 36 21 lek
620 1084 40 21 och
675 1082 95 28 parning,
788 1082 39 22 och
844 1082 25 22 de
880 1084 37 19 äro

86 1112 28 21 dä
128 1111 62 22 alltid
213 1112 77 21 lättare
305 1112 117 26 ätkomliga
437 1114 27 19 än
481 1112 58 27 eljes,
556 1112 122 27 isynnerhet
693 1112 49 21 med
757 1111 100 22 nutidens
871 1110 48 22 full-

85 1140 107 22 komnade
212 1140 122 27 jagtmedel.
366 1140 73 22 Skulle
454 1140 109 28 ordentlig
580 1140 99 28 jagtvärd
695 1140 112 26 iakttagas,
823 1144 51 16 vore
888 1138 30 22 fa-

86 1175 38 15 ran
141 1168 88 27 mindre,
245 1175 48 15 men
309 1170 72 26 tyvärr
396 1168 115 23 förefinnes
527 1169 7 21 i
550 1170 47 20 värt
612 1169 50 22 land
677 1171 57 19 ännu
744 1168 106 27 knappast
860 1172 59 16 mera

86 1199 28 19 än
138 1204 26 14 en
187 1197 70 27 skymt
279 1197 22 22 af
315 1198 81 21 ordnad
409 1197 191 28 jagthushällning.
630 1197 179 27 Yrkesskyttarne
825 1196 94 27 isynner-

86 1226 37 22 het
139 1226 39 21 och
200 1225 162 27 fängstmännen
380 1226 46 22 fara
440 1226 56 22 fram
512 1226 7 21 i
535 1227 114 21 markerna
663 1229 52 18 utan
730 1225 82 27 hänsyn
828 1224 32 21 till
885 1223 34 21 för

86 1254 86 22 handen
194 1254 93 22 varande
309 1254 88 28 tillgäng
421 1254 39 23 och
483 1255 122 27 uppbringa
619 1254 38 23 allt
681 1254 56 22 hvad
760 1253 159 22 ästadkommas

86 1283 43 22 kan
145 1285 52 19 utan
213 1285 32 19 att
264 1283 36 22 det
321 1284 93 27 ringaste
437 1283 104 28 bekymra
563 1283 32 28 sig
618 1290 34 15 om
670 1283 56 22 helst
744 1289 24 15 en
786 1281 50 22 klen
853 1282 67 20 stams

85 1311 121 22 bevarande
229 1311 32 22 för
279 1311 187 28 fortplantningen.
497 1312 76 21 Under
587 1312 77 22 sådant
680 1311 132 22 förhållande
827 1309 92 22 återstår

86 1340 18 27 ej
121 1342 66 19 annat
202 1342 27 19 än
245 1342 31 19 att
291 1341 234 26 lagstiftningsmakten
539 1341 74 21 träder
628 1341 96 21 emellan.
754 1339 11 22 I
780 1337 139 23 förevarande

85 1369 102 26 paragraf
209 1371 23 19 är
248 1369 83 21 derföre
347 1369 40 22 den
402 1369 127 27 förändring
545 1369 70 21 införd
630 1371 32 20 att
677 1367 195 28 fridlysningstiden
887 1365 33 22 för

86 1397 135 26 skogsfogeln
237 1397 39 22 och
291 1397 73 25 haren,
380 1404 46 15 som
442 1397 34 22 för
491 1398 134 21 närvarande
641 1398 95 25 vidtager
750 1397 40 20 den
808 1396 25 21 15
853 1395 66 25 Mars,

85 1425 68 22 borde
176 1425 97 28 begynna
295 1433 26 14 en
344 1426 45 21 half
410 1427 79 20 månad
512 1426 98 27 tidigare,
633 1426 52 21 eller
700 1425 49 21 med
764 1425 40 20 den
823 1425 9 20 1
850 1423 69 24 Mars;

87 1453 97 22 deremot
207 1455 69 21 kunde
296 1455 105 26 jagttiden
417 1455 33 21 för
465 1455 138 26 skogsfogeln
619 1455 20 21 fä
655 1454 60 27 börja
730 1459 34 16 om
780 1453 77 21 hösten
872 1450 48 22 med

87 1482 40 21 den
152 1483 27 21 10
201 1483 97 26 Augusti,
314 1483 89 22 likasom
418 1483 34 21 för
467 1483 135 22 närvarande
617 1485 24 20 är
657 1483 70 25 fallet;
743 1482 32 21 för
790 1481 68 22 haren
873 1479 47 20 der-

86 1512 58 20 emot
167 1511 90 22 behöfde
280 1511 151 28 fridlysningen
446 1512 124 21 utsträckas
585 1511 33 22 till
633 1511 115 22 månadens
763 1511 87 26 utgång,
866 1512 55 16 eme-
