1078 1759
350 146 25 17 R.
388 150 18 13 o.
418 146 22 16 A.
453 146 59 16 1888.
532 145 12 17 7
556 145 58 17 Febr.
821 140 40 22 227

69 231 98 27 uppbära
181 231 40 21 den
236 230 33 22 för
283 231 165 27 Bergmästaren
462 231 114 22 faststälda
590 232 162 27 tingsgästning,
772 248 10 9 ,
786 230 104 28 utgående

68 259 85 27 jemlikt
175 259 175 27 författningarne
373 260 49 21 med
440 262 34 19 tre
498 260 84 27 lispund
604 259 48 22 från
674 260 74 27 hvarje
763 259 128 27 stångjerns-

70 288 54 22 härd
147 288 39 21 och
208 288 123 26 knippverk,
353 294 37 16 sex
407 289 86 26 lispund
515 288 47 22 från
585 294 89 21 masugn
697 289 40 21 och
755 288 40 22 och
809 290 33 20 tre
856 288 35 21 lis-

71 317 58 27 pund
150 316 47 22 från
219 317 90 26 suluugn
331 317 35 21 vid
384 317 164 27 kopparverken
562 317 33 21 till
618 317 86 27 delning
725 318 91 21 emellan
837 316 54 27 Lag-

71 352 49 14 man
143 345 39 21 och
204 345 172 27 Häradshöfding
402 346 67 26 enligt
495 346 26 20 de
546 345 34 21 för
608 346 194 27 tingsgästningens
830 346 61 26 utgö-

71 374 67 21 rande
165 374 9 20 i
202 374 115 21 allmänhet
346 374 103 27 stadgade
474 374 111 27 grunder".
621 374 73 21 Ehuru
720 374 40 22 den
784 374 63 21 andel
870 373 23 21 af

72 403 69 21 denna
163 408 16 16 s.
201 402 20 22 k.
245 402 223 28 bergstingsgästning,
492 409 46 15 som
553 402 123 22 tillkommit
690 403 134 27 lagmannen,
838 402 53 26 icke,

71 432 8 21 i
93 431 69 22 likhet
186 431 49 21 med
259 430 40 22 den
324 431 23 21 åt
369 431 78 21 honom
469 431 103 27 anslagna
596 431 295 27 spanmålstingsgästningen,

71 460 144 27 uttryckligen
239 459 68 21 blifvit
331 460 98 27 aflyftad,
452 460 58 21 lärer
532 460 122 21 densamma
676 460 47 21 icke
744 460 73 21 vidare
838 465 55 21 upp-

72 489 69 21 bäras.
170 484 12 36 —
187 488 100 21 Deremot
306 488 63 27 utgår
393 488 134 22 fortfarande
558 488 40 22 den
627 488 35 22 del
686 488 24 22 af
732 488 161 27 ifrågavarande

72 516 161 28 tingsgästning,
256 522 44 16 som
315 517 95 21 tillfaller
435 516 174 28 häradshöfding,
636 518 51 20 enär
710 516 183 27 ofvanäberopade

73 546 124 26 förordning
218 545 46 21 icke
286 545 69 21 blifvit
381 552 76 20 genom
483 545 84 27 Nådiga
592 546 167 26 Förordningen,
784 545 108 28 angående

73 574 93 26 lindring
180 574 6 20 i
195 574 198 26 tingsgästningens
414 574 120 27 utgörande
552 574 40 21 och
607 574 61 22 deraf
680 574 127 22 föranledda
822 574 71 26 åtgär-

74 603 38 21 der
136 602 131 22 beträffande
291 602 188 22 häradsrätternas
503 602 117 27 aflönande,
645 602 69 27 gifven
740 603 42 21 den
808 603 27 21 25
856 602 36 21 Ja-

74 632 62 21 nuari
159 632 61 25 1886,
243 631 100 27 upphäfd.
372 631 114 21 Huruvida
504 632 59 20 detta
578 631 71 21 berott
664 631 28 27 på
706 633 32 19 ett
752 630 140 26 förbiseende,

73 660 81 22 tillåter
166 659 37 27 jag
217 660 42 26 mig
274 659 46 21 icke
336 661 32 20 att
383 660 85 26 afgöra;
490 666 50 15 men
555 660 23 21 så
592 659 108 22 förefaller
715 660 37 21 det
766 659 127 22 åtminstone

73 690 7 20 i
95 688 140 22 betraktande
251 688 61 21 deraf
324 689 33 20 att
372 688 32 21 uti
418 688 26 21 de
459 688 80 27 nådiga
553 688 156 27 propositioner
726 689 92 21 rörande
828 688 65 26 tings-

74 717 131 27 gästningen,
221 722 45 16 som
280 716 106 22 förelades
401 716 121 22 Ständerna
537 717 35 21 vid
587 717 59 21 såväl
662 717 54 21 1867
732 723 45 15 som
794 717 53 22 1877
859 716 34 21 års

74 746 133 26 landtdagar,
227 744 103 28 föreslogs
345 745 149 27 upphäfvande
510 745 23 21 af
546 745 155 22 ofvannämnda
716 745 126 27 författning
856 750 38 16 an-

74 774 81 28 gående
170 774 251 26 bergstingsgästningen.

141 802 73 28 Några
228 802 74 27 giltiga
317 802 46 21 skäl
377 802 34 21 för
426 802 161 22 bibehållandet
602 802 23 21 af
638 802 40 22 den
694 802 87 26 olikhet,
800 808 46 16 som
861 801 34 21 till

73 830 53 28 följd
148 830 23 22 af
192 830 140 22 omförmälda
353 830 135 22 förhållande
506 838 51 20 eger
571 837 47 15 rum
633 830 133 22 beträffande
780 831 114 27 tingsgäst-

73 860 89 28 ningens
183 859 124 28 utgörande,
329 860 62 21 torde
414 860 121 21 emellertid
556 860 46 21 icke
621 859 125 26 förefinnas;
772 859 24 22 så
810 858 85 29 mycket

73 888 90 27 mindre,
180 894 45 16 som
247 888 26 22 de
295 887 92 28 tidigare
403 888 115 22 faststälda
532 889 122 27 grunderna
667 888 35 22 för
716 888 179 28 bergstingsgäst-

73 917 90 27 ningens
185 916 125 28 erläggande
332 916 47 22 icke
403 917 74 22 vidare
493 918 7 20 i
515 918 43 21 allo
573 919 37 19 äro
625 917 132 27 tillämpliga,
780 917 66 21 sedan
860 916 35 22 vid

74 945 51 23 flere
145 945 104 27 jernbruk
263 946 26 20 de
303 945 62 21 forna
384 945 236 28 stångjernshamrarne
635 948 78 19 ersatts
728 946 48 21 med
791 944 104 23 valsverk.

143 974 31 21 På
195 974 68 27 grund
286 973 23 22 af
331 974 56 22 hvad
399 974 37 27 jag
452 974 64 22 ofvan
532 974 46 22 haft
592 976 53 20 äran
660 974 81 27 anföra,
764 974 82 22 tillåter
858 973 37 27 jag

74 1003 43 27 mig
132 1002 109 22 vördsamt
255 1002 78 22 föreslå

280 1060 33 20 att
332 1058 121 23 Ständerna
467 1060 51 22 ville
534 1060 39 22 hos
587 1060 60 22 Hans
662 1060 119 27 Kejserliga
795 1059 102 28 Majestät

212 1088 7 20 i
233 1087 171 28 underdånighet
425 1089 87 21 anmäla
534 1090 34 20 att
582 1088 120 22 Ständerna
716 1088 32 22 för
763 1089 33 21 sin
812 1088 33 22 del
861 1093 36 15 an-

211 1116 54 27 tagit
280 1122 25 16 en
321 1116 24 22 så
359 1117 103 27 lydande:

280 1179 141 29 Förordning
441 1180 114 28 angående
573 1180 155 28 upphäfvande
742 1180 31 28 af
782 1181 16 20 3
811 1184 63 16 mom.
889 1178 8 20 i

213 1207 90 29 Nådiga
327 1208 170 28 Förordningen
520 1209 41 21 den
582 1211 31 20 22
634 1209 62 21 Mars
718 1210 64 26 1854,
804 1206 94 23 rörande

214 1236 107 28 lagmans-
332 1237 39 21 och
381 1237 387 28 häradshöfdingstingsgästningens
778 1234 121 30 utgörande

208 1265 42 27 Jör
264 1264 105 29 bergverk,
386 1265 54 21 bruk
455 1266 41 21 och
511 1272 125 22 masugnar.

463 1329 11 25 8
485 1329 27 25 1.

147 1379 47 21 Den
214 1378 47 22 frän
283 1379 55 21 bruk
356 1380 39 21 och
411 1386 117 20 masugnar
543 1380 49 22 med
606 1380 56 21 vissa
677 1378 83 28 lispund
773 1378 49 27 jern
837 1376 63 28 utgä-

78 1407 53 22 ende
154 1408 223 27 bergstingsgästning,
401 1408 55 22 skall
478 1408 50 22 från
551 1408 39 22 och
608 1408 33 22 för
657 1408 24 22 år
697 1408 54 22 1889
765 1407 47 21 icke
827 1406 73 22 vidare

77 1436 114 27 uppbäras.

462 1466 14 26 8
492 1466 20 21 2.

147 1516 75 26 Egare,
245 1516 150 22 arrendatorer
417 1516 40 22 och
480 1516 118 22 förvaltare
619 1517 24 21 af
655 1516 56 22 bruk
726 1516 38 21 och
779 1518 120 22 masugnar,

77 1544 49 21 från
141 1544 71 22 hvilka
226 1544 91 28 utgjorts
332 1545 230 27 bergstingsgästning,
578 1551 49 15 vare
643 1545 94 27 skyldige
752 1546 32 20 att
798 1542 47 23 från
856 1540 44 23 och
