1075 1761
345 131 25 18 R.
383 136 18 13 0.
414 132 22 16 A.
448 132 60 17 1888.
520 133 19 16 11
551 131 59 18 Febr.
817 127 42 21 235

65 217 114 26 svarighet,
202 217 39 21 och
263 219 46 20 tror
330 217 43 27 jag,
396 219 34 19 att
449 218 37 21 det
501 217 46 22 icke
563 224 51 15 vore
629 218 58 21 svärt
703 219 33 19 att
752 217 135 26 ädagalägga,

69 247 33 20 att
116 245 7 21 i
138 245 76 27 mänga
228 245 37 22 fall
281 252 25 15 en
321 246 102 21 haltande
438 246 55 21 affär
503 246 39 21 och
554 246 81 27 slutligt
646 245 105 22 obeständ
760 246 56 22 inom
827 245 63 21 dessa

68 274 66 21 sferer
156 274 55 21 varit
233 280 26 15 en
281 274 52 26 följd
356 274 66 26 deraf,
443 276 33 19 att
491 275 92 21 ansökta
598 275 39 21 och
653 274 97 22 erhällna
764 274 89 27 tjenster
868 273 23 21 af

66 302 68 21 andra
155 308 102 21 personer
278 302 33 22 till
333 302 133 22 utverkande
489 302 24 22 af
525 302 64 28 nödig
604 303 71 21 kredit
696 301 94 23 medfört
803 302 86 27 förplig-

67 330 53 22 telse
135 331 33 21 till
183 330 112 28 ätertjenst
309 331 40 21 och
366 330 62 22 deraf
441 331 134 27 härflytande
590 331 163 27 förvecklingar.
776 332 43 20 Det
829 330 61 23 torde

66 359 47 21 icke
127 359 68 22 heller
209 366 52 14 vara
279 360 66 20 annat
360 361 27 19 än
403 361 32 20 ett
449 359 91 26 faktum,
557 361 32 20 att
601 360 46 26 just
661 360 42 21 den
718 360 44 21 lilla
777 359 113 25 industrin,

66 388 103 21 särskildt
183 388 244 26 handtverksindustrin,
443 388 72 22 säsom
530 388 74 26 sädan,
620 388 39 21 har
669 390 44 19 rätt
724 388 58 21 svärt
792 390 33 20 att
834 387 57 22 finna

68 416 139 28 driftkapital,
230 417 71 21 derest
323 416 47 22 icke
391 416 43 28 god
456 417 109 27 personlig
583 416 136 28 ansvarighet
734 416 71 22 kunde
821 416 70 21 ästad-

67 445 102 22 kommas.
199 444 34 22 Då
247 445 34 21 för
295 445 68 27 några
378 445 24 21 är
417 446 67 20 sedan
500 452 26 14 en
541 445 51 22 fond
607 445 23 21 af
643 446 105 26 styrelsen
762 445 85 26 anslogs
857 444 34 21 för

68 474 96 26 utläning
179 473 22 22 ät
215 474 74 20 idkare
305 473 23 21 af
341 474 82 21 mindre
438 474 123 26 industrier,
577 474 72 21 visade
659 474 32 27 sig
701 480 27 15 en
738 473 84 28 mycket
832 473 60 21 stark

68 502 132 27 efterfrägan
218 502 27 26 pä
260 502 62 21 dessa
340 502 42 22 län.
413 502 42 22 Vid
470 502 39 22 vär
523 503 144 26 lagstiftnings
681 502 124 22 nuvarande
820 501 72 22 ständ-

69 531 68 27 punkt
151 537 38 15 var
204 531 36 21 det
255 531 46 21 icke
315 531 83 27 möjligt
418 532 33 20 att
465 531 74 27 undgä
554 531 180 27 borgessystemet
749 530 55 22 hvad
819 530 72 22 säker-

69 560 64 20 heten
154 558 35 22 för
211 558 122 28 utläningen
354 560 141 21 vidkommer.
526 560 57 21 Utan
601 560 72 21 tvifvel
688 560 69 21 skulle
773 560 25 20 de
814 559 79 21 talrika

70 588 101 21 idkarene
186 587 23 21 af
223 588 40 21 den
285 588 83 21 mindre
390 588 107 21 industrin
520 588 82 21 erhälla
623 588 49 21 vida
687 589 71 20 större
772 587 99 27 trygghet
886 587 7 20 i

70 616 34 21 sin
118 615 142 27 verksamhet,
276 623 34 14 om
325 616 111 27 möjlighet
450 617 77 21 funnes
543 618 32 19 att
590 617 64 20 ställa
664 617 63 20 deras
738 616 85 22 relativt
833 615 60 27 ringa

71 645 184 27 kapitalegendom
269 645 8 21 i
291 645 54 21 form
362 645 23 21 af
397 645 115 26 maskiner,
528 645 92 26 redskap
636 645 39 21 och
689 645 71 27 förlag
775 644 69 22 säsom
859 645 34 20 sä-

70 673 76 22 kerhet
160 673 34 22 för
209 673 40 21 den
269 673 70 22 kredit
354 673 26 22 de
395 673 33 22 till
443 674 106 21 rörelsens
565 673 128 28 utvidgande
707 673 74 22 kunna
795 672 97 22 behöfva.

72 701 34 22 Dä
119 702 37 27 jag
170 701 34 22 för
214 702 43 21 min
267 702 34 21 del
312 702 102 22 särskildt
423 709 64 14 anser
498 703 62 21 dessa
571 702 130 27 synpunkter
711 708 52 15 vara
774 703 32 20 att
815 701 79 22 beakta

71 730 35 21 vid
128 730 125 27 pröfningen
271 730 23 21 af
308 731 40 21 den
370 730 129 22 framstälda
520 731 115 25 motionen,
659 731 41 21 kan
713 731 38 26 jag
765 731 47 21 icke
827 729 66 22 heller

72 760 65 49 aa
152 761 27 19 än
195 759 66 21 önska
275 759 48 21 dess
337 759 75 22 remiss
427 759 33 22 till
475 759 92 26 utskott,
583 759 106 22 mähända
702 759 123 27 lämpligast
839 758 54 27 Lag-

71 789 111 20 utskottet.

140 845 32 22 Hr
186 845 24 21 L.
225 844 175 27 Gripenberg:
418 845 44 21 Det
476 845 181 26 motionsförslag,
673 851 45 15 som
731 845 37 27 jag
783 844 54 27 tagit
851 843 44 27 mig

72 873 90 21 friheten
178 875 33 19 att
226 873 32 21 till
273 873 25 21 R.
314 879 19 15 o.
349 873 25 21 A.
390 873 101 26 inlemna,
507 873 40 21 har
561 873 70 21 blifvit
645 873 90 21 föremäl
745 873 33 21 för
786 879 27 15 en
823 873 73 25 sträng

73 902 40 21 och
127 901 157 27 genomgäende
306 902 66 20 kritik
388 901 23 21 af
424 908 26 15 en
467 902 53 21 ärad
536 902 75 25 talare,
627 902 32 22 Hr
673 902 117 21 Hackman.
821 900 75 22 Ehuru

70 930 37 27 jag
122 930 27 27 pä
171 930 54 21 intet
247 931 43 20 sätt
307 930 37 21 vill
359 930 92 22 tillmäta
466 931 45 27 mig
526 930 127 27 kompetens
668 932 31 20 att
713 930 51 27 ingä
778 930 8 21 i
800 931 33 19 ett
847 928 49 22 full-

72 959 94 27 ständigt
180 958 127 22 bemötande
323 958 23 22 af
360 959 26 21 de
402 960 139 26 synpunkter,
557 960 48 20 dem
616 959 31 21 Hr
657 959 117 24 Hackman,
785 957 111 27 stödjande

72 988 32 26 sig
118 987 28 27 pä
161 993 26 15 en
201 987 34 21 rik
249 987 121 22 erfarenhet
386 988 39 21 och
440 988 53 27 djup
508 988 64 27 insigt
587 988 6 21 i
606 988 126 20 hithörande
744 987 78 27 frägor,
833 986 64 22 fram-

72 1016 51 26 lagt,
146 1016 39 21 har
197 1016 37 26 jag
248 1016 55 21 dock
322 1016 46 21 icke
383 1016 84 21 kunnat
483 1016 122 28 öfvertygas
620 1016 23 22 af
656 1016 26 21 de
697 1016 66 21 motiv
778 1016 33 20 Hr
826 1014 71 22 Hack-

72 1050 51 16 man
144 1044 71 21 anfört
237 1044 40 22 och
299 1044 65 27 vägar
387 1044 85 22 derföre
488 1045 130 21 ätminstone
633 1045 8 21 i
655 1044 66 28 nägra
736 1044 93 27 punkter
844 1042 53 22 söka

73 1073 86 21 bemöta
174 1072 84 22 honom.
288 1073 42 21 Det
345 1079 63 21 synes
422 1074 44 26 mig
481 1073 29 22 dä
525 1073 55 22 först
595 1073 40 22 och
650 1073 76 21 främst
741 1074 33 20 att
784 1073 32 21 Hr
826 1071 71 22 Hack-

72 1107 49 16 man
143 1102 7 21 i
165 1102 122 25 motiverna,
311 1108 45 15 som
378 1102 108 22 föranledt
501 1102 171 27 framläggandet
686 1102 23 21 af
721 1102 61 21 detta
796 1100 102 23 motions-

73 1131 85 26 förslag,
175 1130 48 21 sökt
245 1130 53 27 skäl,
322 1130 72 21 hvilka
416 1131 68 27 enligt
507 1132 43 20 min
572 1131 135 27 uppfattning
730 1131 38 21 der
783 1130 46 21 icke
844 1129 54 20 böra

73 1159 74 21 finnas.
177 1158 32 22 Hr
229 1158 110 22 Hackman
354 1159 41 21 har
410 1160 108 26 nämligen
533 1159 125 25 framhällit,
673 1161 32 19 att
719 1159 120 21 förnämsta
853 1163 45 15 mo-

74 1188 52 20 tivet
141 1187 33 21 till
188 1187 119 21 motionens
322 1187 160 27 framläggande
499 1188 70 21 skulle
584 1188 63 21 hafva
662 1188 54 20 varit
732 1194 26 14 en
774 1186 81 22 önskan
865 1186 34 20 att

74 1216 53 21 söka
148 1216 122 21 underlätta
293 1216 141 27 uppkomsten
456 1217 24 21 af
502 1216 127 22 industriela
650 1216 51 21 verk
720 1216 40 21 och
775 1214 88 28 specielt
877 1213 24 21 af

74 1244 147 27 kapitalsvaga
243 1244 86 26 sädana,
353 1245 27 21 dä
400 1245 25 27 ju
440 1245 111 21 motionen
567 1245 56 21 afser
639 1246 32 20 att
685 1244 32 22 för
732 1244 73 27 dylika
820 1242 79 22 under-

74 1273 55 21 lätta
143 1272 153 22 förskaffandet
312 1273 23 21 af
347 1274 77 21 kredit.
455 1274 45 20 För
516 1274 44 21 min
575 1274 34 21 del
625 1274 68 20 skulle
706 1273 36 26 jag
756 1273 48 21 icke
816 1270 50 27 vilja
876 1276 23 15 se

75 1301 59 22 detta
148 1302 7 20 i
170 1302 118 21 motionens
303 1301 61 28 syfte,
379 1304 53 19 utan
442 1302 69 21 hellre
522 1302 37 22 det
569 1304 33 19 att
612 1302 23 21 ät
645 1301 164 22 industriidkare
820 1298 80 22 bereda

74 1331 90 25 utvägar
179 1332 32 19 att
225 1330 96 27 begagna
336 1332 32 20 ett
383 1332 65 20 annat
463 1331 59 27 slags
537 1331 77 25 kredit,
630 1332 27 19 än
673 1330 45 26 den,
733 1329 33 21 till
776 1328 86 22 hvilken
873 1327 26 21 de

75 1364 29 15 nu
118 1359 57 21 varit
189 1359 121 26 hänvisade,
333 1361 32 19 att
380 1361 82 19 ersätta
478 1360 43 20 den
535 1360 82 26 ganska
633 1357 131 23 vidsträckta
778 1356 122 28 personliga

75 1387 77 25 kredit,
167 1387 23 21 af
203 1387 85 22 hvilken
303 1388 26 21 de
343 1388 92 26 nödgats
450 1388 100 26 begagna
565 1388 38 26 sig,
614 1388 48 20 med
673 1393 26 15 en
709 1386 125 27 lämpligare
845 1384 55 22 solid

76 1416 45 21 real
136 1416 77 21 kredit.
243 1416 32 21 Hr
295 1416 110 21 Hackman
420 1416 41 21 har
475 1416 75 21 anfört
565 1418 32 20 att
612 1422 49 15 man
676 1416 66 21 redan
757 1421 29 15 nu
800 1415 8 21 i
822 1413 79 27 många

76 1444 24 21 af
112 1444 27 21 de
153 1444 125 26 konkurser,
294 1450 45 16 som
354 1444 28 27 pä
397 1445 37 21 det
448 1445 130 21 industriela
593 1444 96 22 omrädet
703 1445 35 25 egt
754 1450 54 19 rum,
824 1442 76 25 funnit,

75 1472 115 21 huruledes
211 1473 98 21 krediten
332 1472 192 27 öfveransträngts,
547 1473 115 21 huruledes
684 1473 40 20 den
739 1471 121 26 öfverstigit
875 1469 26 20 de

76 1506 91 21 normer,
184 1507 44 16 som
243 1501 36 22 vid
293 1501 69 21 sunda
375 1501 153 22 förhällanden
543 1501 65 21 bordt
622 1507 40 21 ega
676 1507 45 15 rum
735 1500 40 21 och
786 1493 115 40 huruledes

76 1528 122 28 derigenom
220 1529 263 27 dividendutdelningarna
509 1529 56 22 varit
587 1529 109 27 oformligt
717 1528 55 27 läga.
802 1528 41 25 Jag
864 1524 38 22 vill
