<?xml version="1.0" encoding="UTF-8"?>
<alto xmlns="http://www.loc.gov/standards/alto/ns-v3#" xmlns:xlink="http://www.w3.org/1999/xlink" xmlns:xsi="http://www.w3.org/2001/XMLSchema-instance" xsi:schemaLocation="http://www.loc.gov/standards/alto/ns-v3# http://www.loc.gov/alto/v3/alto-3-0.xsd">
	<Description>
		<MeasurementUnit>pixel</MeasurementUnit>
		<sourceImageInformation>
			<fileName>/tmp/tess_03p1acrh_input.PNG</fileName>
		</sourceImageInformation>
		<OCRProcessing ID="OCR_0">
			<ocrProcessingStep>
				<processingSoftware>
					<softwareName>tesseract 5.3.4</softwareName>
				</processingSoftware>
			</ocrProcessingStep>
		</OCRProcessing>
	</Description>
	<Layout>
		<Page WIDTH="1078" HEIGHT="1761" PHYSICAL_IMG_NR="0" ID="page_0">
			<PrintSpace HPOS="0" VPOS="0" WIDTH="1078" HEIGHT="1761">
				<ComposedBlock ID="cblock_0" HPOS="207" VPOS="142" WIDTH="525" HEIGHT="24">
					<TextBlock ID="block_0" HPOS="207" VPOS="142" WIDTH="525" HEIGHT="24">
						<TextLine ID="line_0" HPOS="207" VPOS="142" WIDTH="525" HEIGHT="24">
							<String ID="string_0" HPOS="207" VPOS="142" WIDTH="42" HEIGHT="21" WC="0.96" CONTENT="484"/><SP WIDTH="216" VPOS="142" HPOS="249"/>
							<String ID="string_1" HPOS="465" VPOS="148" WIDTH="24" HEIGHT="17" WC="0.96" CONTENT="R."/><SP WIDTH="13" VPOS="148" HPOS="489"/>
							<String ID="string_2" HPOS="502" VPOS="153" WIDTH="17" HEIGHT="12" WC="0.92" CONTENT="o."/><SP WIDTH="14" VPOS="153" HPOS="519"/>
							<String ID="string_3" HPOS="533" VPOS="149" WIDTH="22" HEIGHT="16" WC="0.89" CONTENT="A."/><SP WIDTH="10" VPOS="149" HPOS="555"/>
							<String ID="string_4" HPOS="565" VPOS="149" WIDTH="57" HEIGHT="16" WC="0.95" CONTENT="1888."/><SP WIDTH="17" VPOS="149" HPOS="622"/>
							<String ID="string_5" HPOS="639" VPOS="149" WIDTH="23" HEIGHT="17" WC="0.96" CONTENT="21"/><SP WIDTH="8" VPOS="149" HPOS="662"/>
							<String ID="string_6" HPOS="670" VPOS="149" WIDTH="62" HEIGHT="17" WC="0.96" CONTENT="Mars."/>
						</TextLine>
					</TextBlock>
				</ComposedBlock>
				<GraphicalElement ID="cblock_1" HPOS="189" VPOS="186" WIDTH="794" HEIGHT="7"></GraphicalElement >
				<ComposedBlock ID="cblock_2" HPOS="175" VPOS="233" WIDTH="834" HEIGHT="848">
					<TextBlock ID="block_1" HPOS="175" VPOS="233" WIDTH="834" HEIGHT="848">
						<TextLine ID="line_1" HPOS="179" VPOS="233" WIDTH="830" HEIGHT="22">
							<String ID="string_7" HPOS="179" VPOS="234" WIDTH="33" HEIGHT="20" WC="0.96" CONTENT="att"/><SP WIDTH="14" VPOS="234" HPOS="212"/>
							<String ID="string_8" HPOS="226" VPOS="233" WIDTH="47" HEIGHT="21" WC="0.96" CONTENT="icke"/><SP WIDTH="16" VPOS="233" HPOS="273"/>
							<String ID="string_9" HPOS="289" VPOS="233" WIDTH="56" HEIGHT="21" WC="0.96" CONTENT="blott"/><SP WIDTH="14" VPOS="233" HPOS="345"/>
							<String ID="string_10" HPOS="359" VPOS="234" WIDTH="152" HEIGHT="20" WC="0.93" CONTENT="skönlitterära"/><SP WIDTH="15" VPOS="234" HPOS="511"/>
							<String ID="string_11" HPOS="526" VPOS="235" WIDTH="53" HEIGHT="19" WC="0.89" CONTENT="ntan"/><SP WIDTH="16" VPOS="235" HPOS="579"/>
							<String ID="string_12" HPOS="595" VPOS="234" WIDTH="61" HEIGHT="21" WC="0.96" CONTENT="äfven"/><SP WIDTH="16" VPOS="234" HPOS="656"/>
							<String ID="string_13" HPOS="672" VPOS="234" WIDTH="90" HEIGHT="21" WC="0.95" CONTENT="allmänt"/><SP WIDTH="16" VPOS="234" HPOS="762"/>
							<String ID="string_14" HPOS="778" VPOS="234" WIDTH="98" HEIGHT="21" WC="0.96" CONTENT="litterära"/><SP WIDTH="16" VPOS="234" HPOS="876"/>
							<String ID="string_15" HPOS="892" VPOS="234" WIDTH="38" HEIGHT="20" WC="0.93" CONTENT="och"/><SP WIDTH="8" VPOS="234" HPOS="930"/>
							<String ID="string_16" HPOS="938" VPOS="236" WIDTH="71" HEIGHT="18" WC="0.93" CONTENT="veten-"/>
						</TextLine>
						<TextLine ID="line_2" HPOS="180" VPOS="262" WIDTH="828" HEIGHT="26">
							<String ID="string_17" HPOS="180" VPOS="262" WIDTH="97" HEIGHT="26" WC="0.96" CONTENT="skapliga"/><SP WIDTH="14" VPOS="262" HPOS="277"/>
							<String ID="string_18" HPOS="291" VPOS="262" WIDTH="88" HEIGHT="20" WC="0.96" CONTENT="arbeten"/><SP WIDTH="15" VPOS="262" HPOS="379"/>
							<String ID="string_19" HPOS="394" VPOS="262" WIDTH="71" HEIGHT="21" WC="0.96" CONTENT="kunde"/><SP WIDTH="16" VPOS="262" HPOS="465"/>
							<String ID="string_20" HPOS="481" VPOS="262" WIDTH="66" HEIGHT="21" WC="0.96" CONTENT="blifva"/><SP WIDTH="14" VPOS="262" HPOS="547"/>
							<String ID="string_21" HPOS="561" VPOS="262" WIDTH="90" HEIGHT="21" WC="0.96" CONTENT="föremål"/><SP WIDTH="16" VPOS="262" HPOS="651"/>
							<String ID="string_22" HPOS="667" VPOS="262" WIDTH="33" HEIGHT="22" WC="0.96" CONTENT="för"/><SP WIDTH="16" VPOS="262" HPOS="700"/>
							<String ID="string_23" HPOS="716" VPOS="263" WIDTH="65" HEIGHT="21" WC="0.96" CONTENT="dessa"/><SP WIDTH="10" VPOS="263" HPOS="781"/>
							<String ID="string_24" HPOS="791" VPOS="262" WIDTH="130" HEIGHT="26" WC="0.95" CONTENT="belöningar."/><SP WIDTH="25" VPOS="262" HPOS="921"/>
							<String ID="string_25" HPOS="946" VPOS="262" WIDTH="62" HEIGHT="21" WC="0.96" CONTENT="Hvad"/>
						</TextLine>
						<TextLine ID="line_3" HPOS="180" VPOS="290" WIDTH="828" HEIGHT="27">
							<String ID="string_26" HPOS="180" VPOS="290" WIDTH="99" HEIGHT="26" WC="0.96" CONTENT="slutligen"/><SP WIDTH="16" VPOS="290" HPOS="279"/>
							<String ID="string_27" HPOS="295" VPOS="290" WIDTH="101" HEIGHT="21" WC="0.96" CONTENT="beträffar"/><SP WIDTH="15" VPOS="290" HPOS="396"/>
							<String ID="string_28" HPOS="411" VPOS="291" WIDTH="40" HEIGHT="20" WC="0.96" CONTENT="den"/><SP WIDTH="16" VPOS="291" HPOS="451"/>
							<String ID="string_29" HPOS="467" VPOS="291" WIDTH="130" HEIGHT="26" WC="0.94" CONTENT="myndighet,"/><SP WIDTH="18" VPOS="291" HPOS="597"/>
							<String ID="string_30" HPOS="615" VPOS="291" WIDTH="22" HEIGHT="20" WC="0.96" CONTENT="åt"/><SP WIDTH="15" VPOS="291" HPOS="637"/>
							<String ID="string_31" HPOS="652" VPOS="291" WIDTH="85" HEIGHT="21" WC="0.93" CONTENT="hvilken"/><SP WIDTH="24" VPOS="291" HPOS="737"/>
							<String ID="string_32" HPOS="761" VPOS="291" WIDTH="125" HEIGHT="20" WC="0.91" CONTENT="utdelandet"/><SP WIDTH="14" VPOS="291" HPOS="886"/>
							<String ID="string_33" HPOS="900" VPOS="290" WIDTH="31" HEIGHT="21" WC="0.81" CONTENT="”af"/><SP WIDTH="14" VPOS="290" HPOS="931"/>
							<String ID="string_34" HPOS="945" VPOS="291" WIDTH="63" HEIGHT="20" WC="0.96" CONTENT="dessa"/>
						</TextLine>
						<TextLine ID="line_4" HPOS="180" VPOS="319" WIDTH="828" HEIGHT="26">
							<String ID="string_35" HPOS="180" VPOS="319" WIDTH="125" HEIGHT="25" WC="0.96" CONTENT="belöningar"/><SP WIDTH="16" VPOS="319" HPOS="305"/>
							<String ID="string_36" HPOS="321" VPOS="319" WIDTH="66" HEIGHT="20" WC="0.95" CONTENT="borde"/><SP WIDTH="15" VPOS="319" HPOS="387"/>
							<String ID="string_37" HPOS="402" VPOS="319" WIDTH="115" HEIGHT="24" WC="0.95" CONTENT="anförtros,"/><SP WIDTH="16" VPOS="319" HPOS="517"/>
							<String ID="string_38" HPOS="533" VPOS="319" WIDTH="24" HEIGHT="20" WC="0.96" CONTENT="så"/><SP WIDTH="16" VPOS="319" HPOS="557"/>
							<String ID="string_39" HPOS="573" VPOS="319" WIDTH="60" HEIGHT="21" WC="0.96" CONTENT="delar"/><SP WIDTH="19" VPOS="319" HPOS="633"/>
							<String ID="string_40" HPOS="652" VPOS="319" WIDTH="37" HEIGHT="26" WC="0.96" CONTENT="jag"/><SP WIDTH="16" VPOS="319" HPOS="689"/>
							<String ID="string_41" HPOS="705" VPOS="319" WIDTH="114" HEIGHT="21" WC="0.93" CONTENT="Allmänna"/><SP WIDTH="15" VPOS="319" HPOS="819"/>
							<String ID="string_42" HPOS="834" VPOS="319" WIDTH="174" HEIGHT="21" WC="0.92" CONTENT="Besvärsutskot-"/>
						</TextLine>
						<TextLine ID="line_5" HPOS="179" VPOS="346" WIDTH="829" HEIGHT="28">
							<String ID="string_43" HPOS="179" VPOS="348" WIDTH="42" HEIGHT="19" WC="0.92" CONTENT="tets"/><SP WIDTH="17" VPOS="348" HPOS="221"/>
							<String ID="string_44" HPOS="238" VPOS="346" WIDTH="55" HEIGHT="27" WC="0.92" CONTENT="åsigt"/><SP WIDTH="16" VPOS="346" HPOS="293"/>
							<String ID="string_45" HPOS="309" VPOS="347" WIDTH="78" HEIGHT="24" WC="0.96" CONTENT="derom,"/><SP WIDTH="23" VPOS="347" HPOS="387"/>
							<String ID="string_46" HPOS="410" VPOS="349" WIDTH="32" HEIGHT="19" WC="0.96" CONTENT="att"/><SP WIDTH="24" VPOS="349" HPOS="442"/>
							<String ID="string_47" HPOS="466" VPOS="347" WIDTH="36" HEIGHT="21" WC="0.96" CONTENT="det"/><SP WIDTH="15" VPOS="347" HPOS="502"/>
							<String ID="string_48" HPOS="517" VPOS="353" WIDTH="51" HEIGHT="16" WC="0.93" CONTENT="vore"/><SP WIDTH="21" VPOS="353" HPOS="568"/>
							<String ID="string_49" HPOS="589" VPOS="347" WIDTH="95" HEIGHT="22" WC="0.92" CONTENT="hvarken"/><SP WIDTH="15" VPOS="347" HPOS="684"/>
							<String ID="string_50" HPOS="699" VPOS="347" WIDTH="132" HEIGHT="27" WC="0.96" CONTENT="nödvändigt"/><SP WIDTH="15" VPOS="347" HPOS="831"/>
							<String ID="string_51" HPOS="846" VPOS="348" WIDTH="52" HEIGHT="21" WC="0.96" CONTENT="eller"/><SP WIDTH="14" VPOS="348" HPOS="898"/>
							<String ID="string_52" HPOS="912" VPOS="347" WIDTH="96" HEIGHT="26" WC="0.96" CONTENT="lämpligt"/>
						</TextLine>
						<TextLine ID="line_6" HPOS="179" VPOS="375" WIDTH="828" HEIGHT="28">
							<String ID="string_53" HPOS="179" VPOS="377" WIDTH="34" HEIGHT="19" WC="0.93" CONTENT="att"/><SP WIDTH="22" VPOS="377" HPOS="213"/>
							<String ID="string_54" HPOS="235" VPOS="375" WIDTH="130" HEIGHT="21" WC="0.91" CONTENT="öfverlemna"/><SP WIDTH="22" VPOS="375" HPOS="365"/>
							<String ID="string_55" HPOS="387" VPOS="376" WIDTH="59" HEIGHT="21" WC="0.96" CONTENT="detta"/><SP WIDTH="23" VPOS="376" HPOS="446"/>
							<String ID="string_56" HPOS="469" VPOS="376" WIDTH="98" HEIGHT="27" WC="0.96" CONTENT="uppdrag"/><SP WIDTH="22" VPOS="376" HPOS="567"/>
							<String ID="string_57" HPOS="589" VPOS="376" WIDTH="22" HEIGHT="21" WC="0.96" CONTENT="åt"/><SP WIDTH="24" VPOS="376" HPOS="611"/>
							<String ID="string_58" HPOS="635" VPOS="383" WIDTH="25" HEIGHT="14" WC="0.94" CONTENT="en"/><SP WIDTH="24" VPOS="383" HPOS="660"/>
							<String ID="string_59" HPOS="684" VPOS="376" WIDTH="92" HEIGHT="21" WC="0.93" CONTENT="särskild"/><SP WIDTH="18" VPOS="376" HPOS="776"/>
							<String ID="string_60" HPOS="794" VPOS="376" WIDTH="213" HEIGHT="26" WC="0.92" CONTENT="ständerdelegation,"/>
						</TextLine>
						<TextLine ID="line_7" HPOS="181" VPOS="404" WIDTH="827" HEIGHT="21">
							<String ID="string_61" HPOS="181" VPOS="404" WIDTH="63" HEIGHT="21" WC="0.95" CONTENT="hvars"/><SP WIDTH="15" VPOS="404" HPOS="244"/>
							<String ID="string_62" HPOS="259" VPOS="404" WIDTH="132" HEIGHT="21" WC="0.95" CONTENT="tillsättande"/><SP WIDTH="16" VPOS="404" HPOS="391"/>
							<String ID="string_63" HPOS="407" VPOS="404" WIDTH="109" HEIGHT="21" WC="0.96" CONTENT="dessutom"/><SP WIDTH="16" VPOS="404" HPOS="516"/>
							<String ID="string_64" HPOS="532" VPOS="404" WIDTH="107" HEIGHT="21" WC="0.96" CONTENT="måhända"/><SP WIDTH="14" VPOS="404" HPOS="639"/>
							<String ID="string_65" HPOS="653" VPOS="405" WIDTH="47" HEIGHT="20" WC="0.96" CONTENT="icke"/><SP WIDTH="16" VPOS="405" HPOS="700"/>
							<String ID="string_66" HPOS="716" VPOS="411" WIDTH="51" HEIGHT="14" WC="0.96" CONTENT="vore"/><SP WIDTH="16" VPOS="411" HPOS="767"/>
							<String ID="string_67" HPOS="783" VPOS="405" WIDTH="48" HEIGHT="20" WC="0.92" CONTENT="fullt"/><SP WIDTH="16" VPOS="405" HPOS="831"/>
							<String ID="string_68" HPOS="847" VPOS="405" WIDTH="161" HEIGHT="20" WC="0.92" CONTENT="öfverensstäm-"/>
						</TextLine>
						<TextLine ID="line_8" HPOS="179" VPOS="433" WIDTH="828" HEIGHT="26">
							<String ID="string_69" HPOS="179" VPOS="433" WIDTH="77" HEIGHT="20" WC="0.95" CONTENT="mande"/><SP WIDTH="15" VPOS="433" HPOS="256"/>
							<String ID="string_70" HPOS="271" VPOS="433" WIDTH="48" HEIGHT="21" WC="0.96" CONTENT="med"/><SP WIDTH="16" VPOS="433" HPOS="319"/>
							<String ID="string_71" HPOS="335" VPOS="433" WIDTH="24" HEIGHT="20" WC="0.93" CONTENT="L."/><SP WIDTH="16" VPOS="433" HPOS="359"/>
							<String ID="string_72" HPOS="375" VPOS="433" WIDTH="32" HEIGHT="25" WC="0.88" CONTENT="O.,"/><SP WIDTH="16" VPOS="433" HPOS="407"/>
							<String ID="string_73" HPOS="423" VPOS="439" WIDTH="46" HEIGHT="15" WC="0.96" CONTENT="som"/><SP WIDTH="14" VPOS="439" HPOS="469"/>
							<String ID="string_74" HPOS="483" VPOS="433" WIDTH="46" HEIGHT="21" WC="0.96" CONTENT="icke"/><SP WIDTH="9" VPOS="433" HPOS="529"/>
							<String ID="string_75" HPOS="538" VPOS="435" WIDTH="35" HEIGHT="19" WC="0.96" CONTENT="vet"/><SP WIDTH="9" VPOS="435" HPOS="573"/>
							<String ID="string_76" HPOS="582" VPOS="433" WIDTH="23" HEIGHT="21" WC="0.96" CONTENT="af"/><SP WIDTH="6" VPOS="433" HPOS="605"/>
							<String ID="string_77" HPOS="611" VPOS="433" WIDTH="67" HEIGHT="26" WC="0.96" CONTENT="några"/><SP WIDTH="9" VPOS="433" HPOS="678"/>
							<String ID="string_78" HPOS="687" VPOS="433" WIDTH="74" HEIGHT="26" WC="0.92" CONTENT="dylika"/><SP WIDTH="10" VPOS="433" HPOS="761"/>
							<String ID="string_79" HPOS="771" VPOS="433" WIDTH="236" HEIGHT="26" WC="0.92" CONTENT="ständerdelegationer."/>
						</TextLine>
						<TextLine ID="line_9" HPOS="180" VPOS="461" WIDTH="827" HEIGHT="26">
							<String ID="string_80" HPOS="180" VPOS="461" WIDTH="34" HEIGHT="20" WC="0.96" CONTENT="En"/><SP WIDTH="15" VPOS="461" HPOS="214"/>
							<String ID="string_81" HPOS="229" VPOS="461" WIDTH="67" HEIGHT="21" WC="0.96" CONTENT="sådan"/><SP WIDTH="16" VPOS="461" HPOS="296"/>
							<String ID="string_82" HPOS="312" VPOS="461" WIDTH="119" HEIGHT="26" WC="0.96" CONTENT="delegation"/><SP WIDTH="15" VPOS="461" HPOS="431"/>
							<String ID="string_83" HPOS="446" VPOS="468" WIDTH="51" HEIGHT="15" WC="0.96" CONTENT="vore"/><SP WIDTH="15" VPOS="468" HPOS="497"/>
							<String ID="string_84" HPOS="512" VPOS="462" WIDTH="7" HEIGHT="20" WC="0.96" CONTENT="i"/><SP WIDTH="17" VPOS="462" HPOS="519"/>
							<String ID="string_85" HPOS="536" VPOS="461" WIDTH="140" HEIGHT="22" WC="0.96" CONTENT="förevarande"/><SP WIDTH="15" VPOS="461" HPOS="676"/>
							<String ID="string_86" HPOS="691" VPOS="461" WIDTH="37" HEIGHT="21" WC="0.96" CONTENT="fall"/><SP WIDTH="11" VPOS="461" HPOS="728"/>
							<String ID="string_87" HPOS="739" VPOS="461" WIDTH="131" HEIGHT="26" WC="0.92" CONTENT="fullkomligt"/><SP WIDTH="9" VPOS="461" HPOS="870"/>
							<String ID="string_88" HPOS="879" VPOS="461" WIDTH="128" HEIGHT="26" WC="0.91" CONTENT="öfverflödig,"/>
						</TextLine>
						<TextLine ID="line_10" HPOS="181" VPOS="489" WIDTH="826" HEIGHT="28">
							<String ID="string_89" HPOS="181" VPOS="489" WIDTH="27" HEIGHT="21" WC="0.96" CONTENT="då"/><SP WIDTH="15" VPOS="489" HPOS="208"/>
							<String ID="string_90" HPOS="223" VPOS="490" WIDTH="7" HEIGHT="21" WC="0.95" CONTENT="i"/><SP WIDTH="16" VPOS="490" HPOS="230"/>
							<String ID="string_91" HPOS="246" VPOS="490" WIDTH="73" HEIGHT="21" WC="0.96" CONTENT="landet"/><SP WIDTH="14" VPOS="490" HPOS="319"/>
							<String ID="string_92" HPOS="333" VPOS="490" WIDTH="68" HEIGHT="21" WC="0.96" CONTENT="finnas"/><SP WIDTH="16" VPOS="490" HPOS="401"/>
							<String ID="string_93" HPOS="417" VPOS="490" WIDTH="105" HEIGHT="21" WC="0.96" CONTENT="särskilda"/><SP WIDTH="19" VPOS="490" HPOS="522"/>
							<String ID="string_94" HPOS="541" VPOS="490" WIDTH="128" HEIGHT="27" WC="0.96" CONTENT="föreningar,"/><SP WIDTH="24" VPOS="490" HPOS="669"/>
							<String ID="string_95" HPOS="693" VPOS="497" WIDTH="45" HEIGHT="14" WC="0.96" CONTENT="som"/><SP WIDTH="17" VPOS="497" HPOS="738"/>
							<String ID="string_96" HPOS="755" VPOS="492" WIDTH="38" HEIGHT="19" WC="0.96" CONTENT="äro"/><SP WIDTH="15" VPOS="492" HPOS="793"/>
							<String ID="string_97" HPOS="808" VPOS="490" WIDTH="48" HEIGHT="21" WC="0.93" CONTENT="fullt"/><SP WIDTH="15" VPOS="490" HPOS="856"/>
							<String ID="string_98" HPOS="871" VPOS="491" WIDTH="136" HEIGHT="25" WC="0.93" CONTENT="kompetente"/>
						</TextLine>
						<TextLine ID="line_11" HPOS="180" VPOS="518" WIDTH="828" HEIGHT="27">
							<String ID="string_99" HPOS="180" VPOS="521" WIDTH="33" HEIGHT="18" WC="0.96" CONTENT="att"/><SP WIDTH="15" VPOS="521" HPOS="213"/>
							<String ID="string_100" HPOS="228" VPOS="521" WIDTH="50" HEIGHT="23" WC="0.96" CONTENT="taga"/><SP WIDTH="16" VPOS="521" HPOS="278"/>
							<String ID="string_101" HPOS="294" VPOS="518" WIDTH="51" HEIGHT="21" WC="0.96" CONTENT="vård"/><SP WIDTH="17" VPOS="518" HPOS="345"/>
							<String ID="string_102" HPOS="362" VPOS="525" WIDTH="33" HEIGHT="14" WC="0.96" CONTENT="om"/><SP WIDTH="16" VPOS="525" HPOS="395"/>
							<String ID="string_103" HPOS="411" VPOS="518" WIDTH="163" HEIGHT="27" WC="0.96" CONTENT="ifrågavarande"/><SP WIDTH="15" VPOS="518" HPOS="574"/>
							<String ID="string_104" HPOS="589" VPOS="519" WIDTH="162" HEIGHT="26" WC="0.96" CONTENT="angelägenhet."/><SP WIDTH="25" VPOS="519" HPOS="751"/>
							<String ID="string_105" HPOS="776" VPOS="519" WIDTH="26" HEIGHT="20" WC="0.96" CONTENT="Vi"/><SP WIDTH="15" VPOS="519" HPOS="802"/>
							<String ID="string_106" HPOS="817" VPOS="518" WIDTH="65" HEIGHT="21" WC="0.96" CONTENT="hafva"/><SP WIDTH="14" VPOS="518" HPOS="882"/>
							<String ID="string_107" HPOS="896" VPOS="519" WIDTH="65" HEIGHT="20" WC="0.96" CONTENT="redan"/><SP WIDTH="11" VPOS="519" HPOS="961"/>
							<String ID="string_108" HPOS="972" VPOS="518" WIDTH="36" HEIGHT="21" WC="0.96" CONTENT="två"/>
						</TextLine>
						<TextLine ID="line_12" HPOS="180" VPOS="547" WIDTH="828" HEIGHT="26">
							<String ID="string_109" HPOS="180" VPOS="547" WIDTH="210" HEIGHT="26" WC="0.91" CONTENT="litteratursällskap,"/><SP WIDTH="23" VPOS="547" HPOS="390"/>
							<String ID="string_110" HPOS="413" VPOS="547" WIDTH="22" HEIGHT="21" WC="0.96" CONTENT="af"/><SP WIDTH="14" VPOS="547" HPOS="435"/>
							<String ID="string_111" HPOS="449" VPOS="547" WIDTH="72" HEIGHT="21" WC="0.96" CONTENT="hvilka"/><SP WIDTH="18" VPOS="547" HPOS="521"/>
							<String ID="string_112" HPOS="539" VPOS="547" WIDTH="36" HEIGHT="21" WC="0.96" CONTENT="det"/><SP WIDTH="16" VPOS="547" HPOS="575"/>
							<String ID="string_113" HPOS="591" VPOS="553" WIDTH="40" HEIGHT="15" WC="0.95" CONTENT="ena"/><SP WIDTH="15" VPOS="553" HPOS="631"/>
							<String ID="string_114" HPOS="646" VPOS="547" WIDTH="88" HEIGHT="26" WC="0.93" CONTENT="specielt"/><SP WIDTH="18" VPOS="547" HPOS="734"/>
							<String ID="string_115" HPOS="752" VPOS="547" WIDTH="112" HEIGHT="26" WC="0.91" CONTENT="öfvertagit"/><SP WIDTH="16" VPOS="547" HPOS="864"/>
							<String ID="string_116" HPOS="880" VPOS="547" WIDTH="77" HEIGHT="21" WC="0.96" CONTENT="vården"/><SP WIDTH="16" VPOS="547" HPOS="957"/>
							<String ID="string_117" HPOS="973" VPOS="553" WIDTH="35" HEIGHT="14" WC="0.96" CONTENT="om"/>
						</TextLine>
						<TextLine ID="line_13" HPOS="180" VPOS="575" WIDTH="828" HEIGHT="26">
							<String ID="string_118" HPOS="180" VPOS="575" WIDTH="42" HEIGHT="21" WC="0.96" CONTENT="den"/><SP WIDTH="15" VPOS="575" HPOS="222"/>
							<String ID="string_119" HPOS="237" VPOS="575" WIDTH="74" HEIGHT="26" WC="0.96" CONTENT="finska,"/><SP WIDTH="17" VPOS="575" HPOS="311"/>
							<String ID="string_120" HPOS="328" VPOS="576" WIDTH="37" HEIGHT="20" WC="0.97" CONTENT="det"/><SP WIDTH="14" VPOS="576" HPOS="365"/>
							<String ID="string_121" HPOS="379" VPOS="576" WIDTH="68" HEIGHT="20" WC="0.96" CONTENT="andra"/><SP WIDTH="15" VPOS="576" HPOS="447"/>
							<String ID="string_122" HPOS="462" VPOS="582" WIDTH="33" HEIGHT="14" WC="0.95" CONTENT="om"/><SP WIDTH="17" VPOS="582" HPOS="495"/>
							<String ID="string_123" HPOS="512" VPOS="576" WIDTH="41" HEIGHT="20" WC="0.95" CONTENT="den"/><SP WIDTH="16" VPOS="576" HPOS="553"/>
							<String ID="string_124" HPOS="569" VPOS="576" WIDTH="90" HEIGHT="20" WC="0.95" CONTENT="svenska"/><SP WIDTH="16" VPOS="576" HPOS="659"/>
							<String ID="string_125" HPOS="675" VPOS="576" WIDTH="136" HEIGHT="20" WC="0.95" CONTENT="litteraturen"/><SP WIDTH="16" VPOS="576" HPOS="811"/>
							<String ID="string_126" HPOS="827" VPOS="576" WIDTH="6" HEIGHT="20" WC="0.90" CONTENT="i"/><SP WIDTH="11" VPOS="576" HPOS="833"/>
							<String ID="string_127" HPOS="844" VPOS="576" WIDTH="76" HEIGHT="20" WC="0.90" CONTENT="landet."/><SP WIDTH="24" VPOS="576" HPOS="920"/>
							<String ID="string_128" HPOS="944" VPOS="575" WIDTH="64" HEIGHT="21" WC="0.92" CONTENT="Dess-"/>
						</TextLine>
						<TextLine ID="line_14" HPOS="180" VPOS="602" WIDTH="829" HEIGHT="28">
							<String ID="string_129" HPOS="180" VPOS="605" WIDTH="59" HEIGHT="19" WC="0.96" CONTENT="utom"/><SP WIDTH="15" VPOS="605" HPOS="239"/>
							<String ID="string_130" HPOS="254" VPOS="604" WIDTH="67" HEIGHT="21" WC="0.96" CONTENT="finnes"/><SP WIDTH="16" VPOS="604" HPOS="321"/>
							<String ID="string_131" HPOS="337" VPOS="610" WIDTH="25" HEIGHT="15" WC="0.90" CONTENT="en"/><SP WIDTH="16" VPOS="610" HPOS="362"/>
							<String ID="string_132" HPOS="378" VPOS="604" WIDTH="223" HEIGHT="26" WC="0.90" CONTENT="vetenskapssocietet,"/><SP WIDTH="20" VPOS="604" HPOS="601"/>
							<String ID="string_133" HPOS="621" VPOS="610" WIDTH="45" HEIGHT="15" WC="0.96" CONTENT="som"/><SP WIDTH="16" VPOS="610" HPOS="666"/>
							<String ID="string_134" HPOS="682" VPOS="604" WIDTH="104" HEIGHT="21" WC="0.96" CONTENT="omfattar"/><SP WIDTH="23" VPOS="604" HPOS="786"/>
							<String ID="string_135" HPOS="809" VPOS="604" WIDTH="42" HEIGHT="20" WC="0.93" CONTENT="alla"/><SP WIDTH="16" VPOS="604" HPOS="851"/>
							<String ID="string_136" HPOS="867" VPOS="604" WIDTH="104" HEIGHT="21" WC="0.91" CONTENT="brancher"/><SP WIDTH="15" VPOS="604" HPOS="971"/>
							<String ID="string_137" HPOS="986" VPOS="602" WIDTH="23" HEIGHT="22" WC="0.95" CONTENT="af"/>
						</TextLine>
						<TextLine ID="line_15" HPOS="180" VPOS="632" WIDTH="827" HEIGHT="27">
							<String ID="string_138" HPOS="180" VPOS="632" WIDTH="65" HEIGHT="21" WC="0.96" CONTENT="exakt"/><SP WIDTH="22" VPOS="632" HPOS="245"/>
							<String ID="string_139" HPOS="267" VPOS="632" WIDTH="116" HEIGHT="26" WC="0.96" CONTENT="forskning."/><SP WIDTH="37" VPOS="632" HPOS="383"/>
							<String ID="string_140" HPOS="420" VPOS="632" WIDTH="69" HEIGHT="22" WC="0.93" CONTENT="Dessa"/><SP WIDTH="22" VPOS="632" HPOS="489"/>
							<String ID="string_141" HPOS="511" VPOS="633" WIDTH="118" HEIGHT="26" WC="0.88" CONTENT="sällskaper"/><SP WIDTH="23" VPOS="633" HPOS="629"/>
							<String ID="string_142" HPOS="652" VPOS="639" WIDTH="56" HEIGHT="19" WC="0.96" CONTENT="vore,"/><SP WIDTH="24" VPOS="639" HPOS="708"/>
							<String ID="string_143" HPOS="732" VPOS="633" WIDTH="67" HEIGHT="26" WC="0.88" CONTENT="enligt"/><SP WIDTH="23" VPOS="633" HPOS="799"/>
							<String ID="string_144" HPOS="822" VPOS="633" WIDTH="42" HEIGHT="20" WC="0.96" CONTENT="min"/><SP WIDTH="23" VPOS="633" HPOS="864"/>
							<String ID="string_145" HPOS="887" VPOS="632" WIDTH="70" HEIGHT="25" WC="0.96" CONTENT="tanke,"/><SP WIDTH="24" VPOS="632" HPOS="957"/>
							<String ID="string_146" HPOS="981" VPOS="632" WIDTH="26" HEIGHT="21" WC="0.96" CONTENT="de"/>
						</TextLine>
						<TextLine ID="line_16" HPOS="179" VPOS="661" WIDTH="828" HEIGHT="27">
							<String ID="string_147" HPOS="179" VPOS="661" WIDTH="134" HEIGHT="27" WC="0.96" CONTENT="lämpligaste"/><SP WIDTH="23" VPOS="661" HPOS="313"/>
							<String ID="string_148" HPOS="336" VPOS="662" WIDTH="33" HEIGHT="20" WC="0.93" CONTENT="för"/><SP WIDTH="22" VPOS="662" HPOS="369"/>
							<String ID="string_149" HPOS="391" VPOS="661" WIDTH="144" HEIGHT="21" WC="0.91" CONTENT="bedömandet"/><SP WIDTH="22" VPOS="661" HPOS="535"/>
							<String ID="string_150" HPOS="557" VPOS="661" WIDTH="23" HEIGHT="21" WC="0.96" CONTENT="af"/><SP WIDTH="21" VPOS="661" HPOS="580"/>
							<String ID="string_151" HPOS="601" VPOS="662" WIDTH="26" HEIGHT="20" WC="0.96" CONTENT="de"/><SP WIDTH="23" VPOS="662" HPOS="627"/>
							<String ID="string_152" HPOS="650" VPOS="661" WIDTH="97" HEIGHT="21" WC="0.89" CONTENT="arbeten."/><SP WIDTH="24" VPOS="661" HPOS="747"/>
							<String ID="string_153" HPOS="771" VPOS="667" WIDTH="45" HEIGHT="15" WC="0.96" CONTENT="som"/><SP WIDTH="21" VPOS="667" HPOS="816"/>
							<String ID="string_154" HPOS="837" VPOS="661" WIDTH="71" HEIGHT="21" WC="0.96" CONTENT="kunna"/><SP WIDTH="14" VPOS="661" HPOS="908"/>
							<String ID="string_155" HPOS="922" VPOS="661" WIDTH="85" HEIGHT="20" WC="0.96" CONTENT="komma"/>
						</TextLine>
						<TextLine ID="line_17" HPOS="180" VPOS="689" WIDTH="827" HEIGHT="27">
							<String ID="string_156" HPOS="180" VPOS="690" WIDTH="7" HEIGHT="20" WC="0.96" CONTENT="i"/><SP WIDTH="16" VPOS="690" HPOS="187"/>
							<String ID="string_157" HPOS="203" VPOS="689" WIDTH="60" HEIGHT="27" WC="0.96" CONTENT="fråga"/><SP WIDTH="14" VPOS="689" HPOS="263"/>
							<String ID="string_158" HPOS="277" VPOS="692" WIDTH="33" HEIGHT="18" WC="0.93" CONTENT="att"/><SP WIDTH="15" VPOS="692" HPOS="310"/>
							<String ID="string_159" HPOS="325" VPOS="690" WIDTH="139" HEIGHT="26" WC="0.88" CONTENT="prisbelönas."/><SP WIDTH="31" VPOS="690" HPOS="464"/>
							<String ID="string_160" HPOS="495" VPOS="690" WIDTH="41" HEIGHT="26" WC="0.96" CONTENT="Jag"/><SP WIDTH="15" VPOS="690" HPOS="536"/>
							<String ID="string_161" HPOS="551" VPOS="690" WIDTH="81" HEIGHT="21" WC="0.96" CONTENT="tillåter"/><SP WIDTH="15" VPOS="690" HPOS="632"/>
							<String ID="string_162" HPOS="647" VPOS="690" WIDTH="43" HEIGHT="26" WC="0.92" CONTENT="mig"/><SP WIDTH="11" VPOS="690" HPOS="690"/>
							<String ID="string_163" HPOS="701" VPOS="689" WIDTH="92" HEIGHT="26" WC="0.92" CONTENT="derföre,"/><SP WIDTH="17" VPOS="689" HPOS="793"/>
							<String ID="string_164" HPOS="810" VPOS="689" WIDTH="27" HEIGHT="27" WC="0.96" CONTENT="på"/><SP WIDTH="8" VPOS="689" HPOS="837"/>
							<String ID="string_165" HPOS="845" VPOS="690" WIDTH="69" HEIGHT="26" WC="0.96" CONTENT="grund"/><SP WIDTH="9" VPOS="690" HPOS="914"/>
							<String ID="string_166" HPOS="923" VPOS="689" WIDTH="22" HEIGHT="21" WC="0.96" CONTENT="af"/><SP WIDTH="6" VPOS="689" HPOS="945"/>
							<String ID="string_167" HPOS="951" VPOS="689" WIDTH="56" HEIGHT="21" WC="0.96" CONTENT="hvad"/>
						</TextLine>
						<TextLine ID="line_18" HPOS="178" VPOS="717" WIDTH="829" HEIGHT="27">
							<String ID="string_168" HPOS="178" VPOS="718" WIDTH="37" HEIGHT="26" WC="0.96" CONTENT="jag"/><SP WIDTH="14" VPOS="718" HPOS="215"/>
							<String ID="string_169" HPOS="229" VPOS="718" WIDTH="47" HEIGHT="21" WC="0.96" CONTENT="haft"/><SP WIDTH="15" VPOS="718" HPOS="276"/>
							<String ID="string_170" HPOS="291" VPOS="720" WIDTH="52" HEIGHT="19" WC="0.96" CONTENT="äran"/><SP WIDTH="16" VPOS="720" HPOS="343"/>
							<String ID="string_171" HPOS="359" VPOS="718" WIDTH="79" HEIGHT="26" WC="0.93" CONTENT="anföra,"/><SP WIDTH="17" VPOS="718" HPOS="438"/>
							<String ID="string_172" HPOS="455" VPOS="720" WIDTH="157" HEIGHT="20" WC="0.90" CONTENT="vördsammast"/><SP WIDTH="15" VPOS="720" HPOS="612"/>
							<String ID="string_173" HPOS="627" VPOS="718" WIDTH="85" HEIGHT="26" WC="0.96" CONTENT="föreslå,"/><SP WIDTH="16" VPOS="718" HPOS="712"/>
							<String ID="string_174" HPOS="728" VPOS="720" WIDTH="34" HEIGHT="19" WC="0.93" CONTENT="att"/><SP WIDTH="16" VPOS="720" HPOS="762"/>
							<String ID="string_175" HPOS="778" VPOS="718" WIDTH="25" HEIGHT="21" WC="0.87" CONTENT="R."/><SP WIDTH="16" VPOS="718" HPOS="803"/>
							<String ID="string_176" HPOS="819" VPOS="724" WIDTH="18" HEIGHT="15" WC="0.91" CONTENT="o."/><SP WIDTH="16" VPOS="724" HPOS="837"/>
							<String ID="string_177" HPOS="853" VPOS="719" WIDTH="32" HEIGHT="25" WC="0.90" CONTENT="A.,"/><SP WIDTH="16" VPOS="719" HPOS="885"/>
							<String ID="string_178" HPOS="901" VPOS="717" WIDTH="27" HEIGHT="27" WC="0.96" CONTENT="på"/><SP WIDTH="10" VPOS="717" HPOS="928"/>
							<String ID="string_179" HPOS="938" VPOS="718" WIDTH="69" HEIGHT="26" WC="0.96" CONTENT="grund"/>
						</TextLine>
						<TextLine ID="line_19" HPOS="179" VPOS="746" WIDTH="829" HEIGHT="27">
							<String ID="string_180" HPOS="179" VPOS="746" WIDTH="23" HEIGHT="21" WC="0.96" CONTENT="af"/><SP WIDTH="13" VPOS="746" HPOS="202"/>
							<String ID="string_181" HPOS="215" VPOS="746" WIDTH="145" HEIGHT="27" WC="0.93" CONTENT="föreliggande"/><SP WIDTH="15" VPOS="746" HPOS="360"/>
							<String ID="string_182" HPOS="375" VPOS="747" WIDTH="213" HEIGHT="26" WC="0.90" CONTENT="petitionsmemorial"/><SP WIDTH="15" VPOS="747" HPOS="588"/>
							<String ID="string_183" HPOS="603" VPOS="747" WIDTH="49" HEIGHT="20" WC="0.96" CONTENT="ville"/><SP WIDTH="16" VPOS="747" HPOS="652"/>
							<String ID="string_184" HPOS="668" VPOS="746" WIDTH="75" HEIGHT="21" WC="0.96" CONTENT="förena"/><SP WIDTH="11" VPOS="746" HPOS="743"/>
							<String ID="string_185" HPOS="754" VPOS="746" WIDTH="32" HEIGHT="27" WC="0.96" CONTENT="sig"/><SP WIDTH="11" VPOS="746" HPOS="786"/>
							<String ID="string_186" HPOS="797" VPOS="752" WIDTH="34" HEIGHT="15" WC="0.96" CONTENT="om"/><SP WIDTH="12" VPOS="752" HPOS="831"/>
							<String ID="string_187" HPOS="843" VPOS="753" WIDTH="25" HEIGHT="14" WC="0.93" CONTENT="en"/><SP WIDTH="8" VPOS="753" HPOS="868"/>
							<String ID="string_188" HPOS="876" VPOS="746" WIDTH="132" HEIGHT="26" WC="0.91" CONTENT="underdånig"/>
						</TextLine>
						<TextLine ID="line_20" HPOS="179" VPOS="774" WIDTH="828" HEIGHT="29">
							<String ID="string_189" HPOS="179" VPOS="775" WIDTH="90" HEIGHT="26" WC="0.95" CONTENT="petition"/><SP WIDTH="16" VPOS="775" HPOS="269"/>
							<String ID="string_190" HPOS="285" VPOS="775" WIDTH="6" HEIGHT="21" WC="0.96" CONTENT="i"/><SP WIDTH="16" VPOS="775" HPOS="291"/>
							<String ID="string_191" HPOS="307" VPOS="775" WIDTH="36" HEIGHT="21" WC="0.96" CONTENT="det"/><SP WIDTH="22" VPOS="775" HPOS="343"/>
							<String ID="string_192" HPOS="365" VPOS="775" WIDTH="62" HEIGHT="27" WC="0.96" CONTENT="syfte,"/><SP WIDTH="24" VPOS="775" HPOS="427"/>
							<String ID="string_193" HPOS="451" VPOS="777" WIDTH="31" HEIGHT="18" WC="0.96" CONTENT="att"/><SP WIDTH="19" VPOS="777" HPOS="482"/>
							<String ID="string_194" HPOS="501" VPOS="775" WIDTH="43" HEIGHT="28" WC="0.96" CONTENT="för"/><SP WIDTH="23" VPOS="775" HPOS="544"/>
							<String ID="string_195" HPOS="567" VPOS="775" WIDTH="152" HEIGHT="28" WC="0.96" CONTENT="befrämjande"/><SP WIDTH="23" VPOS="775" HPOS="719"/>
							<String ID="string_196" HPOS="742" VPOS="775" WIDTH="32" HEIGHT="27" WC="0.95" CONTENT="af"/><SP WIDTH="11" VPOS="775" HPOS="774"/>
							<String ID="string_197" HPOS="785" VPOS="775" WIDTH="85" HEIGHT="20" WC="0.96" CONTENT="litterär"/><SP WIDTH="15" VPOS="775" HPOS="870"/>
							<String ID="string_198" HPOS="885" VPOS="774" WIDTH="38" HEIGHT="21" WC="0.93" CONTENT="och"/><SP WIDTH="15" VPOS="774" HPOS="923"/>
							<String ID="string_199" HPOS="938" VPOS="776" WIDTH="69" HEIGHT="19" WC="0.92" CONTENT="veten-"/>
						</TextLine>
						<TextLine ID="line_21" HPOS="179" VPOS="803" WIDTH="828" HEIGHT="28">
							<String ID="string_200" HPOS="179" VPOS="803" WIDTH="88" HEIGHT="28" WC="0.96" CONTENT="skaplig"/><SP WIDTH="16" VPOS="803" HPOS="267"/>
							<String ID="string_201" HPOS="283" VPOS="803" WIDTH="138" HEIGHT="26" WC="0.96" CONTENT="verksamhet,"/><SP WIDTH="15" VPOS="803" HPOS="421"/>
							<String ID="string_202" HPOS="436" VPOS="803" WIDTH="87" HEIGHT="22" WC="0.93" CONTENT="Finska"/><SP WIDTH="16" VPOS="803" HPOS="523"/>
							<String ID="string_203" HPOS="539" VPOS="803" WIDTH="251" HEIGHT="28" WC="0.92" CONTENT="Litteratursällskapet,"/><SP WIDTH="17" VPOS="803" HPOS="790"/>
							<String ID="string_204" HPOS="807" VPOS="803" WIDTH="95" HEIGHT="21" WC="0.93" CONTENT="Svenska"/><SP WIDTH="9" VPOS="803" HPOS="902"/>
							<String ID="string_205" HPOS="911" VPOS="803" WIDTH="96" HEIGHT="20" WC="0.91" CONTENT="Littera-"/>
						</TextLine>
						<TextLine ID="line_22" HPOS="179" VPOS="831" WIDTH="827" HEIGHT="28">
							<String ID="string_206" HPOS="179" VPOS="832" WIDTH="158" HEIGHT="27" WC="0.90" CONTENT="tursällskapet"/><SP WIDTH="15" VPOS="832" HPOS="337"/>
							<String ID="string_207" HPOS="352" VPOS="832" WIDTH="39" HEIGHT="21" WC="0.96" CONTENT="och"/><SP WIDTH="15" VPOS="832" HPOS="391"/>
							<String ID="string_208" HPOS="406" VPOS="832" WIDTH="86" HEIGHT="21" WC="0.93" CONTENT="Finska"/><SP WIDTH="19" VPOS="832" HPOS="492"/>
							<String ID="string_209" HPOS="511" VPOS="832" WIDTH="246" HEIGHT="27" WC="0.91" CONTENT="Vetenskapssocieteten"/><SP WIDTH="16" VPOS="832" HPOS="757"/>
							<String ID="string_210" HPOS="773" VPOS="832" WIDTH="64" HEIGHT="20" WC="0.96" CONTENT="måtte"/><SP WIDTH="17" VPOS="832" HPOS="837"/>
							<String ID="string_211" HPOS="854" VPOS="833" WIDTH="68" HEIGHT="19" WC="0.96" CONTENT="sättas"/><SP WIDTH="17" VPOS="833" HPOS="922"/>
							<String ID="string_212" HPOS="939" VPOS="832" WIDTH="7" HEIGHT="19" WC="0.92" CONTENT="i"/><SP WIDTH="14" VPOS="832" HPOS="946"/>
							<String ID="string_213" HPOS="960" VPOS="831" WIDTH="46" HEIGHT="21" WC="0.92" CONTENT="till-"/>
						</TextLine>
						<TextLine ID="line_23" HPOS="176" VPOS="860" WIDTH="830" HEIGHT="28">
							<String ID="string_214" HPOS="176" VPOS="861" WIDTH="60" HEIGHT="26" WC="0.73" CONTENT="fälle"/><SP WIDTH="22" VPOS="861" HPOS="236"/>
							<String ID="string_215" HPOS="258" VPOS="863" WIDTH="32" HEIGHT="18" WC="0.93" CONTENT="att"/><SP WIDTH="22" VPOS="863" HPOS="290"/>
							<String ID="string_216" HPOS="312" VPOS="861" WIDTH="81" HEIGHT="21" WC="0.92" CONTENT="enhvar"/><SP WIDTH="22" VPOS="861" HPOS="393"/>
							<String ID="string_217" HPOS="415" VPOS="861" WIDTH="84" HEIGHT="27" WC="0.96" CONTENT="årligen"/><SP WIDTH="22" VPOS="861" HPOS="499"/>
							<String ID="string_218" HPOS="521" VPOS="861" WIDTH="71" HEIGHT="21" WC="0.96" CONTENT="under"/><SP WIDTH="23" VPOS="861" HPOS="592"/>
							<String ID="string_219" HPOS="615" VPOS="863" WIDTH="65" HEIGHT="18" WC="0.93" CONTENT="nästa"/><SP WIDTH="24" VPOS="863" HPOS="680"/>
							<String ID="string_220" HPOS="704" VPOS="861" WIDTH="196" HEIGHT="27" WC="0.91" CONTENT="landtdagsperiod"/><SP WIDTH="25" VPOS="861" HPOS="900"/>
							<String ID="string_221" HPOS="925" VPOS="860" WIDTH="81" HEIGHT="24" WC="0.95" CONTENT="utdela,"/>
						</TextLine>
						<TextLine ID="line_24" HPOS="179" VPOS="888" WIDTH="827" HEIGHT="28">
							<String ID="string_222" HPOS="179" VPOS="889" WIDTH="106" HEIGHT="27" WC="0.96" CONTENT="antingen"/><SP WIDTH="22" VPOS="889" HPOS="285"/>
							<String ID="string_223" HPOS="307" VPOS="892" WIDTH="28" HEIGHT="18" WC="0.93" CONTENT="ett"/><SP WIDTH="18" VPOS="892" HPOS="335"/>
							<String ID="string_224" HPOS="353" VPOS="890" WIDTH="50" HEIGHT="26" WC="0.96" CONTENT="pris"/><SP WIDTH="22" VPOS="890" HPOS="403"/>
							<String ID="string_225" HPOS="425" VPOS="896" WIDTH="35" HEIGHT="14" WC="0.96" CONTENT="om"/><SP WIDTH="21" VPOS="896" HPOS="460"/>
							<String ID="string_226" HPOS="481" VPOS="891" WIDTH="66" HEIGHT="23" WC="0.95" CONTENT="2,000"/><SP WIDTH="16" VPOS="891" HPOS="547"/>
							<String ID="string_227" HPOS="563" VPOS="889" WIDTH="63" HEIGHT="21" WC="0.95" CONTENT="mark"/><SP WIDTH="16" VPOS="889" HPOS="626"/>
							<String ID="string_228" HPOS="642" VPOS="890" WIDTH="51" HEIGHT="20" WC="0.92" CONTENT="eller"/><SP WIDTH="15" VPOS="890" HPOS="693"/>
							<String ID="string_229" HPOS="708" VPOS="890" WIDTH="36" HEIGHT="20" WC="0.95" CONTENT="två"/><SP WIDTH="13" VPOS="890" HPOS="744"/>
							<String ID="string_230" HPOS="757" VPOS="889" WIDTH="50" HEIGHT="27" WC="0.95" CONTENT="pris"/><SP WIDTH="16" VPOS="889" HPOS="807"/>
							<String ID="string_231" HPOS="823" VPOS="889" WIDTH="30" HEIGHT="27" WC="0.95" CONTENT="af"/><SP WIDTH="11" VPOS="889" HPOS="853"/>
							<String ID="string_232" HPOS="864" VPOS="890" WIDTH="65" HEIGHT="23" WC="0.96" CONTENT="1,000"/><SP WIDTH="15" VPOS="890" HPOS="929"/>
							<String ID="string_233" HPOS="944" VPOS="888" WIDTH="62" HEIGHT="20" WC="0.96" CONTENT="mark"/>
						</TextLine>
						<TextLine ID="line_25" HPOS="175" VPOS="917" WIDTH="832" HEIGHT="28">
							<String ID="string_234" HPOS="175" VPOS="917" WIDTH="44" HEIGHT="28" WC="0.88" CONTENT="för"/><SP WIDTH="15" VPOS="917" HPOS="219"/>
							<String ID="string_235" HPOS="234" VPOS="918" WIDTH="100" HEIGHT="20" WC="0.95" CONTENT="litterära"/><SP WIDTH="15" VPOS="918" HPOS="334"/>
							<String ID="string_236" HPOS="349" VPOS="918" WIDTH="39" HEIGHT="20" WC="0.91" CONTENT="och"/><SP WIDTH="21" VPOS="918" HPOS="388"/>
							<String ID="string_237" HPOS="409" VPOS="918" WIDTH="158" HEIGHT="27" WC="0.79" CONTENT="vetevskapliga"/><SP WIDTH="22" VPOS="918" HPOS="567"/>
							<String ID="string_238" HPOS="589" VPOS="917" WIDTH="87" HEIGHT="21" WC="0.94" CONTENT="arbeten"/><SP WIDTH="17" VPOS="917" HPOS="676"/>
							<String ID="string_239" HPOS="693" VPOS="918" WIDTH="31" HEIGHT="27" WC="0.93" CONTENT="af"/><SP WIDTH="7" VPOS="918" HPOS="724"/>
							<String ID="string_240" HPOS="731" VPOS="917" WIDTH="155" HEIGHT="28" WC="0.92" CONTENT="framstående"/><SP WIDTH="11" VPOS="917" HPOS="886"/>
							<String ID="string_241" HPOS="897" VPOS="917" WIDTH="110" HEIGHT="27" WC="0.37" CONTENT="förtjenst"/>
						</TextLine>
						<TextLine ID="line_26" HPOS="178" VPOS="946" WIDTH="829" HEIGHT="28">
							<String ID="string_242" HPOS="178" VPOS="946" WIDTH="40" HEIGHT="20" WC="0.94" CONTENT="och"/><SP WIDTH="22" VPOS="946" HPOS="218"/>
							<String ID="string_243" HPOS="240" VPOS="948" WIDTH="32" HEIGHT="18" WC="0.94" CONTENT="att"/><SP WIDTH="19" VPOS="948" HPOS="272"/>
							<String ID="string_244" HPOS="291" VPOS="946" WIDTH="42" HEIGHT="27" WC="0.94" CONTENT="för"/><SP WIDTH="22" VPOS="946" HPOS="333"/>
							<String ID="string_245" HPOS="355" VPOS="947" WIDTH="58" HEIGHT="20" WC="0.93" CONTENT="detta"/><SP WIDTH="22" VPOS="947" HPOS="413"/>
							<String ID="string_246" HPOS="435" VPOS="947" WIDTH="106" HEIGHT="20" WC="0.92" CONTENT="ändamäl"/><SP WIDTH="22" VPOS="947" HPOS="541"/>
							<String ID="string_247" HPOS="563" VPOS="949" WIDTH="28" HEIGHT="18" WC="0.93" CONTENT="ett"/><SP WIDTH="20" VPOS="949" HPOS="591"/>
							<String ID="string_248" HPOS="611" VPOS="947" WIDTH="78" HEIGHT="27" WC="0.89" CONTENT="anslag"/><SP WIDTH="16" VPOS="947" HPOS="689"/>
							<String ID="string_249" HPOS="705" VPOS="947" WIDTH="31" HEIGHT="27" WC="0.96" CONTENT="af"/><SP WIDTH="13" VPOS="947" HPOS="736"/>
							<String ID="string_250" HPOS="749" VPOS="947" WIDTH="66" HEIGHT="23" WC="0.95" CONTENT="6,000"/><SP WIDTH="14" VPOS="947" HPOS="815"/>
							<String ID="string_251" HPOS="829" VPOS="946" WIDTH="63" HEIGHT="20" WC="0.96" CONTENT="mark"/><SP WIDTH="11" VPOS="946" HPOS="892"/>
							<String ID="string_252" HPOS="903" VPOS="946" WIDTH="43" HEIGHT="26" WC="0.93" CONTENT="för"/><SP WIDTH="14" VPOS="946" HPOS="946"/>
							<String ID="string_253" HPOS="960" VPOS="946" WIDTH="47" HEIGHT="20" WC="0.92" CONTENT="äret"/>
						</TextLine>
						<TextLine ID="line_27" HPOS="178" VPOS="973" WIDTH="828" HEIGHT="29">
							<String ID="string_254" HPOS="178" VPOS="975" WIDTH="65" HEIGHT="20" WC="0.95" CONTENT="måtte"/><SP WIDTH="23" VPOS="975" HPOS="243"/>
							<String ID="string_255" HPOS="266" VPOS="975" WIDTH="31" HEIGHT="27" WC="0.93" CONTENT="af"/><SP WIDTH="18" VPOS="975" HPOS="297"/>
							<String ID="string_256" HPOS="315" VPOS="975" WIDTH="123" HEIGHT="21" WC="0.92" CONTENT="statsmedel"/><SP WIDTH="17" VPOS="975" HPOS="438"/>
							<String ID="string_257" HPOS="455" VPOS="976" WIDTH="94" HEIGHT="20" WC="0.96" CONTENT="anvisas."/><SP WIDTH="31" VPOS="976" HPOS="549"/>
							<String ID="string_258" HPOS="580" VPOS="976" WIDTH="41" HEIGHT="25" WC="0.96" CONTENT="Jag"/><SP WIDTH="16" VPOS="976" HPOS="621"/>
							<String ID="string_259" HPOS="637" VPOS="977" WIDTH="23" HEIGHT="19" WC="0.93" CONTENT="är"/><SP WIDTH="16" VPOS="977" HPOS="660"/>
							<String ID="string_260" HPOS="676" VPOS="974" WIDTH="127" HEIGHT="27" WC="0.73" CONTENT="öfvertygad"/><SP WIDTH="16" VPOS="974" HPOS="803"/>
							<String ID="string_261" HPOS="819" VPOS="981" WIDTH="40" HEIGHT="19" WC="0.96" CONTENT="om,"/><SP WIDTH="23" VPOS="981" HPOS="859"/>
							<String ID="string_262" HPOS="882" VPOS="976" WIDTH="39" HEIGHT="22" WC="0.93" CONTENT="att,"/><SP WIDTH="23" VPOS="976" HPOS="921"/>
							<String ID="string_263" HPOS="944" VPOS="973" WIDTH="62" HEIGHT="21" WC="0.96" CONTENT="äfven"/>
						</TextLine>
						<TextLine ID="line_28" HPOS="178" VPOS="1002" WIDTH="828" HEIGHT="29">
							<String ID="string_264" HPOS="178" VPOS="1009" WIDTH="35" HEIGHT="15" WC="0.95" CONTENT="om"/><SP WIDTH="16" VPOS="1009" HPOS="213"/>
							<String ID="string_265" HPOS="229" VPOS="1004" WIDTH="38" HEIGHT="20" WC="0.93" CONTENT="det"/><SP WIDTH="14" VPOS="1004" HPOS="267"/>
							<String ID="string_266" HPOS="281" VPOS="1004" WIDTH="96" HEIGHT="26" WC="0.92" CONTENT="begärda"/><SP WIDTH="15" VPOS="1004" HPOS="377"/>
							<String ID="string_267" HPOS="392" VPOS="1004" WIDTH="96" HEIGHT="27" WC="0.92" CONTENT="anslaget"/><SP WIDTH="15" VPOS="1004" HPOS="488"/>
							<String ID="string_268" HPOS="503" VPOS="1004" WIDTH="90" HEIGHT="21" WC="0.92" CONTENT="sälunda"/><SP WIDTH="16" VPOS="1004" HPOS="593"/>
							<String ID="string_269" HPOS="609" VPOS="1004" WIDTH="97" HEIGHT="20" WC="0.93" CONTENT="nedsatts"/><SP WIDTH="16" VPOS="1004" HPOS="706"/>
							<String ID="string_270" HPOS="722" VPOS="1004" WIDTH="34" HEIGHT="20" WC="0.96" CONTENT="till"/><SP WIDTH="16" VPOS="1004" HPOS="756"/>
							<String ID="string_271" HPOS="772" VPOS="1002" WIDTH="88" HEIGHT="26" WC="0.96" CONTENT="hälften,"/><SP WIDTH="16" VPOS="1002" HPOS="860"/>
							<String ID="string_272" HPOS="876" VPOS="1005" WIDTH="32" HEIGHT="19" WC="0.96" CONTENT="ett"/><SP WIDTH="14" VPOS="1005" HPOS="908"/>
							<String ID="string_273" HPOS="922" VPOS="1002" WIDTH="33" HEIGHT="21" WC="0.96" CONTENT="för"/><SP WIDTH="11" VPOS="1002" HPOS="955"/>
							<String ID="string_274" HPOS="966" VPOS="1002" WIDTH="40" HEIGHT="21" WC="0.96" CONTENT="den"/>
						</TextLine>
						<TextLine ID="line_29" HPOS="177" VPOS="1031" WIDTH="829" HEIGHT="32">
							<String ID="string_275" HPOS="177" VPOS="1031" WIDTH="112" HEIGHT="32" WC="0.91" CONTENT="inhemska"/><SP WIDTH="22" VPOS="1031" HPOS="289"/>
							<String ID="string_276" HPOS="311" VPOS="1032" WIDTH="147" HEIGHT="22" WC="0.90" CONTENT="litteraturens"/><SP WIDTH="23" VPOS="1032" HPOS="458"/>
							<String ID="string_277" HPOS="481" VPOS="1032" WIDTH="145" HEIGHT="27" WC="0.91" CONTENT="befrämjande"/><SP WIDTH="22" VPOS="1032" HPOS="626"/>
							<String ID="string_278" HPOS="648" VPOS="1032" WIDTH="53" HEIGHT="26" WC="0.92" CONTENT="godt"/><SP WIDTH="22" VPOS="1032" HPOS="701"/>
							<String ID="string_279" HPOS="723" VPOS="1032" WIDTH="93" HEIGHT="21" WC="0.93" CONTENT="resultat"/><SP WIDTH="18" VPOS="1032" HPOS="816"/>
							<String ID="string_280" HPOS="834" VPOS="1031" WIDTH="86" HEIGHT="22" WC="0.92" CONTENT="dermed"/><SP WIDTH="15" VPOS="1031" HPOS="920"/>
							<String ID="string_281" HPOS="935" VPOS="1031" WIDTH="71" HEIGHT="21" WC="0.96" CONTENT="kunde"/>
						</TextLine>
						<TextLine ID="line_30" HPOS="178" VPOS="1066" WIDTH="81" HEIGHT="15">
							<String ID="string_282" HPOS="178" VPOS="1066" WIDTH="81" HEIGHT="15" WC="0.93" CONTENT="vinnas."/>
						</TextLine>
					</TextBlock>
				</ComposedBlock>
				<ComposedBlock ID="cblock_3" HPOS="174" VPOS="1116" WIDTH="833" HEIGHT="452">
					<TextBlock ID="block_2" HPOS="174" VPOS="1116" WIDTH="833" HEIGHT="452">
						<TextLine ID="line_31" HPOS="247" VPOS="1116" WIDTH="759" HEIGHT="28">
							<String ID="string_283" HPOS="247" VPOS="1117" WIDTH="58" HEIGHT="21" WC="0.92" CONTENT="Frih."/><SP WIDTH="24" VPOS="1117" HPOS="305"/>
							<String ID="string_284" HPOS="329" VPOS="1118" WIDTH="21" HEIGHT="20" WC="0.92" CONTENT="af"/><SP WIDTH="23" VPOS="1118" HPOS="350"/>
							<String ID="string_285" HPOS="373" VPOS="1117" WIDTH="132" HEIGHT="22" WC="0.92" CONTENT="Schult6n:"/><SP WIDTH="30" VPOS="1117" HPOS="505"/>
							<String ID="string_286" HPOS="535" VPOS="1118" WIDTH="41" HEIGHT="26" WC="0.96" CONTENT="Jag"/><SP WIDTH="22" VPOS="1118" HPOS="576"/>
							<String ID="string_287" HPOS="598" VPOS="1117" WIDTH="39" HEIGHT="21" WC="0.96" CONTENT="ber"/><SP WIDTH="17" VPOS="1117" HPOS="637"/>
							<String ID="string_288" HPOS="654" VPOS="1120" WIDTH="32" HEIGHT="18" WC="0.93" CONTENT="att"/><SP WIDTH="15" VPOS="1120" HPOS="686"/>
							<String ID="string_289" HPOS="701" VPOS="1117" WIDTH="21" HEIGHT="21" WC="0.91" CONTENT="fä"/><SP WIDTH="16" VPOS="1117" HPOS="722"/>
							<String ID="string_290" HPOS="738" VPOS="1118" WIDTH="66" HEIGHT="25" WC="0.91" CONTENT="nägot"/><SP WIDTH="15" VPOS="1118" HPOS="804"/>
							<String ID="string_291" HPOS="819" VPOS="1118" WIDTH="95" HEIGHT="19" WC="0.92" CONTENT="närmare"/><SP WIDTH="15" VPOS="1118" HPOS="914"/>
							<String ID="string_292" HPOS="929" VPOS="1116" WIDTH="77" HEIGHT="21" WC="0.92" CONTENT="formu-"/>
						</TextLine>
						<TextLine ID="line_32" HPOS="177" VPOS="1144" WIDTH="829" HEIGHT="29">
							<String ID="string_293" HPOS="177" VPOS="1145" WIDTH="45" HEIGHT="21" WC="0.90" CONTENT="lera"/><SP WIDTH="23" VPOS="1145" HPOS="222"/>
							<String ID="string_294" HPOS="245" VPOS="1146" WIDTH="36" HEIGHT="21" WC="0.96" CONTENT="det"/><SP WIDTH="22" VPOS="1146" HPOS="281"/>
							<String ID="string_295" HPOS="303" VPOS="1146" WIDTH="84" HEIGHT="26" WC="0.96" CONTENT="förslag,"/><SP WIDTH="21" VPOS="1146" HPOS="387"/>
							<String ID="string_296" HPOS="408" VPOS="1146" WIDTH="36" HEIGHT="27" WC="0.93" CONTENT="jag"/><SP WIDTH="22" VPOS="1146" HPOS="444"/>
							<String ID="string_297" HPOS="466" VPOS="1146" WIDTH="122" HEIGHT="21" WC="0.92" CONTENT="framstälde"/><SP WIDTH="23" VPOS="1146" HPOS="588"/>
							<String ID="string_298" HPOS="611" VPOS="1146" WIDTH="65" HEIGHT="21" WC="0.96" CONTENT="redan"/><SP WIDTH="19" VPOS="1146" HPOS="676"/>
							<String ID="string_299" HPOS="695" VPOS="1146" WIDTH="34" HEIGHT="20" WC="0.93" CONTENT="vid"/><SP WIDTH="17" VPOS="1146" HPOS="729"/>
							<String ID="string_300" HPOS="746" VPOS="1146" WIDTH="84" HEIGHT="20" WC="0.92" CONTENT="senaste"/><SP WIDTH="15" VPOS="1146" HPOS="830"/>
							<String ID="string_301" HPOS="845" VPOS="1144" WIDTH="161" HEIGHT="22" WC="0.92" CONTENT="sammanträde."/>
						</TextLine>
						<TextLine ID="line_33" HPOS="176" VPOS="1173" WIDTH="830" HEIGHT="28">
							<String ID="string_302" HPOS="176" VPOS="1173" WIDTH="41" HEIGHT="27" WC="0.96" CONTENT="Jag"/><SP WIDTH="26" VPOS="1173" HPOS="217"/>
							<String ID="string_303" HPOS="243" VPOS="1174" WIDTH="59" HEIGHT="21" WC="0.93" CONTENT="delar"/><SP WIDTH="22" VPOS="1174" HPOS="302"/>
							<String ID="string_304" HPOS="324" VPOS="1174" WIDTH="115" HEIGHT="21" WC="0.96" CONTENT="utskottets"/><SP WIDTH="31" VPOS="1174" HPOS="439"/>
							<String ID="string_305" HPOS="470" VPOS="1174" WIDTH="133" HEIGHT="27" WC="0.94" CONTENT="uppfattning"/><SP WIDTH="31" VPOS="1174" HPOS="603"/>
							<String ID="string_306" HPOS="634" VPOS="1180" WIDTH="33" HEIGHT="15" WC="0.89" CONTENT="om"/><SP WIDTH="30" VPOS="1180" HPOS="667"/>
							<String ID="string_307" HPOS="697" VPOS="1173" WIDTH="165" HEIGHT="26" WC="0.89" CONTENT="olämpligheten"/><SP WIDTH="28" VPOS="1173" HPOS="862"/>
							<String ID="string_308" HPOS="890" VPOS="1174" WIDTH="31" HEIGHT="19" WC="0.0" CONTENT="att"/><SP WIDTH="11" VPOS="1174" HPOS="921"/>
							<String ID="string_309" HPOS="932" VPOS="1173" WIDTH="26" HEIGHT="20" WC="0.96" CONTENT="åt"/><SP WIDTH="22" VPOS="1173" HPOS="958"/>
							<String ID="string_310" HPOS="980" VPOS="1178" WIDTH="26" HEIGHT="15" WC="0.96" CONTENT="en"/>
						</TextLine>
						<TextLine ID="line_34" HPOS="176" VPOS="1200" WIDTH="830" HEIGHT="29">
							<String ID="string_311" HPOS="176" VPOS="1202" WIDTH="208" HEIGHT="27" WC="0.92" CONTENT="ständerdelegation"/><SP WIDTH="23" VPOS="1202" HPOS="384"/>
							<String ID="string_312" HPOS="407" VPOS="1202" WIDTH="93" HEIGHT="22" WC="0.90" CONTENT="anförtro"/><SP WIDTH="24" VPOS="1202" HPOS="500"/>
							<String ID="string_313" HPOS="524" VPOS="1203" WIDTH="35" HEIGHT="20" WC="0.93" CONTENT="det"/><SP WIDTH="23" VPOS="1203" HPOS="559"/>
							<String ID="string_314" HPOS="582" VPOS="1202" WIDTH="124" HEIGHT="27" WC="0.90" CONTENT="ifrägasatta"/><SP WIDTH="21" VPOS="1202" HPOS="706"/>
							<String ID="string_315" HPOS="727" VPOS="1201" WIDTH="83" HEIGHT="22" WC="0.90" CONTENT="värfvet"/><SP WIDTH="22" VPOS="1201" HPOS="810"/>
							<String ID="string_316" HPOS="832" VPOS="1203" WIDTH="32" HEIGHT="18" WC="0.93" CONTENT="att"/><SP WIDTH="18" VPOS="1203" HPOS="864"/>
							<String ID="string_317" HPOS="882" VPOS="1200" WIDTH="72" HEIGHT="21" WC="0.93" CONTENT="utdela"/><SP WIDTH="15" VPOS="1200" HPOS="954"/>
							<String ID="string_318" HPOS="969" VPOS="1206" WIDTH="37" HEIGHT="15" WC="0.93" CONTENT="un-"/>
						</TextLine>
						<TextLine ID="line_35" HPOS="177" VPOS="1228" WIDTH="829" HEIGHT="29">
							<String ID="string_319" HPOS="177" VPOS="1230" WIDTH="87" HEIGHT="21" WC="0.89" CONTENT="derstöd"/><SP WIDTH="22" VPOS="1230" HPOS="264"/>
							<String ID="string_320" HPOS="286" VPOS="1231" WIDTH="23" HEIGHT="20" WC="0.93" CONTENT="ät"/><SP WIDTH="21" VPOS="1231" HPOS="309"/>
							<String ID="string_321" HPOS="330" VPOS="1231" WIDTH="99" HEIGHT="26" WC="0.92" CONTENT="förtjente"/><SP WIDTH="22" VPOS="1231" HPOS="429"/>
							<String ID="string_322" HPOS="451" VPOS="1231" WIDTH="110" HEIGHT="21" WC="0.96" CONTENT="författare"/><SP WIDTH="23" VPOS="1231" HPOS="561"/>
							<String ID="string_323" HPOS="584" VPOS="1231" WIDTH="27" HEIGHT="26" WC="0.93" CONTENT="pä"/><SP WIDTH="16" VPOS="1231" HPOS="611"/>
							<String ID="string_324" HPOS="627" VPOS="1231" WIDTH="200" HEIGHT="20" WC="0.90" CONTENT="skönlitteraturens"/><SP WIDTH="15" VPOS="1231" HPOS="827"/>
							<String ID="string_325" HPOS="842" VPOS="1229" WIDTH="93" HEIGHT="21" WC="0.91" CONTENT="omräde."/><SP WIDTH="30" VPOS="1229" HPOS="935"/>
							<String ID="string_326" HPOS="965" VPOS="1228" WIDTH="41" HEIGHT="27" WC="0.96" CONTENT="Jag"/>
						</TextLine>
						<TextLine ID="line_36" HPOS="176" VPOS="1257" WIDTH="830" HEIGHT="29">
							<String ID="string_327" HPOS="176" VPOS="1258" WIDTH="42" HEIGHT="21" WC="0.91" CONTENT="kan"/><SP WIDTH="23" VPOS="1258" HPOS="218"/>
							<String ID="string_328" HPOS="241" VPOS="1259" WIDTH="46" HEIGHT="21" WC="0.88" CONTENT="icke"/><SP WIDTH="23" VPOS="1259" HPOS="287"/>
							<String ID="string_329" HPOS="310" VPOS="1265" WIDTH="50" HEIGHT="15" WC="0.92" CONTENT="anse"/><SP WIDTH="23" VPOS="1265" HPOS="360"/>
							<String ID="string_330" HPOS="383" VPOS="1260" WIDTH="36" HEIGHT="21" WC="0.96" CONTENT="det"/><SP WIDTH="19" VPOS="1260" HPOS="419"/>
							<String ID="string_331" HPOS="438" VPOS="1259" WIDTH="103" HEIGHT="27" WC="0.96" CONTENT="lämpligt,"/><SP WIDTH="16" VPOS="1259" HPOS="541"/>
							<String ID="string_332" HPOS="557" VPOS="1261" WIDTH="32" HEIGHT="19" WC="0.97" CONTENT="att"/><SP WIDTH="16" VPOS="1261" HPOS="589"/>
							<String ID="string_333" HPOS="605" VPOS="1266" WIDTH="25" HEIGHT="14" WC="0.93" CONTENT="en"/><SP WIDTH="16" VPOS="1266" HPOS="630"/>
							<String ID="string_334" HPOS="646" VPOS="1258" WIDTH="154" HEIGHT="27" WC="0.93" CONTENT="representativ"/><SP WIDTH="15" VPOS="1258" HPOS="800"/>
							<String ID="string_335" HPOS="815" VPOS="1257" WIDTH="127" HEIGHT="26" WC="0.96" CONTENT="församling,"/><SP WIDTH="16" VPOS="1257" HPOS="942"/>
							<String ID="string_336" HPOS="958" VPOS="1257" WIDTH="48" HEIGHT="21" WC="0.96" CONTENT="vald"/>
						</TextLine>
						<TextLine ID="line_37" HPOS="176" VPOS="1285" WIDTH="831" HEIGHT="29">
							<String ID="string_337" HPOS="176" VPOS="1286" WIDTH="33" HEIGHT="21" WC="0.93" CONTENT="för"/><SP WIDTH="17" VPOS="1286" HPOS="209"/>
							<String ID="string_338" HPOS="226" VPOS="1287" WIDTH="143" HEIGHT="26" WC="0.91" CONTENT="lagstiftarens"/><SP WIDTH="11" VPOS="1287" HPOS="369"/>
							<String ID="string_339" HPOS="380" VPOS="1288" WIDTH="51" HEIGHT="25" WC="0.91" CONTENT="värf,"/><SP WIDTH="11" VPOS="1288" HPOS="431"/>
							<String ID="string_340" HPOS="442" VPOS="1294" WIDTH="50" HEIGHT="15" WC="0.93" CONTENT="vare"/><SP WIDTH="11" VPOS="1294" HPOS="492"/>
							<String ID="string_341" HPOS="503" VPOS="1287" WIDTH="31" HEIGHT="27" WC="0.96" CONTENT="sig"/><SP WIDTH="11" VPOS="1287" HPOS="534"/>
							<String ID="string_342" HPOS="545" VPOS="1288" WIDTH="70" HEIGHT="21" WC="0.96" CONTENT="direkt"/><SP WIDTH="10" VPOS="1288" HPOS="615"/>
							<String ID="string_343" HPOS="625" VPOS="1287" WIDTH="51" HEIGHT="22" WC="0.93" CONTENT="eller"/><SP WIDTH="11" VPOS="1287" HPOS="676"/>
							<String ID="string_344" HPOS="687" VPOS="1287" WIDTH="94" HEIGHT="21" WC="0.93" CONTENT="indirekt"/><SP WIDTH="10" VPOS="1287" HPOS="781"/>
							<String ID="string_345" HPOS="791" VPOS="1292" WIDTH="75" HEIGHT="21" WC="0.93" CONTENT="genom"/><SP WIDTH="11" VPOS="1292" HPOS="866"/>
							<String ID="string_346" HPOS="877" VPOS="1285" WIDTH="130" HEIGHT="21" WC="0.93" CONTENT="förtroende-"/>
						</TextLine>
						<TextLine ID="line_38" HPOS="176" VPOS="1313" WIDTH="830" HEIGHT="30">
							<String ID="string_347" HPOS="176" VPOS="1317" WIDTH="49" HEIGHT="19" WC="0.96" CONTENT="män"/><SP WIDTH="24" VPOS="1317" HPOS="225"/>
							<String ID="string_348" HPOS="249" VPOS="1315" WIDTH="68" HEIGHT="21" WC="0.93" CONTENT="skulle"/><SP WIDTH="21" VPOS="1315" HPOS="317"/>
							<String ID="string_349" HPOS="338" VPOS="1317" WIDTH="77" HEIGHT="25" WC="0.92" CONTENT="pätaga"/><SP WIDTH="15" VPOS="1317" HPOS="415"/>
							<String ID="string_350" HPOS="430" VPOS="1317" WIDTH="31" HEIGHT="26" WC="0.96" CONTENT="sig"/><SP WIDTH="16" VPOS="1317" HPOS="461"/>
							<String ID="string_351" HPOS="477" VPOS="1318" WIDTH="32" HEIGHT="19" WC="0.96" CONTENT="att"/><SP WIDTH="14" VPOS="1318" HPOS="509"/>
							<String ID="string_352" HPOS="523" VPOS="1316" WIDTH="91" HEIGHT="21" WC="0.96" CONTENT="bedöma"/><SP WIDTH="16" VPOS="1316" HPOS="614"/>
							<String ID="string_353" HPOS="630" VPOS="1315" WIDTH="39" HEIGHT="22" WC="0.93" CONTENT="och"/><SP WIDTH="16" VPOS="1315" HPOS="669"/>
							<String ID="string_354" HPOS="685" VPOS="1315" WIDTH="78" HEIGHT="22" WC="0.92" CONTENT="belöna"/><SP WIDTH="15" VPOS="1315" HPOS="763"/>
							<String ID="string_355" HPOS="778" VPOS="1314" WIDTH="96" HEIGHT="21" WC="0.92" CONTENT="litterära"/><SP WIDTH="14" VPOS="1314" HPOS="874"/>
							<String ID="string_356" HPOS="888" VPOS="1313" WIDTH="62" HEIGHT="27" WC="0.93" CONTENT="anlag"/><SP WIDTH="16" VPOS="1313" HPOS="950"/>
							<String ID="string_357" HPOS="966" VPOS="1313" WIDTH="40" HEIGHT="22" WC="0.96" CONTENT="och"/>
						</TextLine>
						<TextLine ID="line_39" HPOS="176" VPOS="1342" WIDTH="830" HEIGHT="29">
							<String ID="string_358" HPOS="176" VPOS="1343" WIDTH="129" HEIGHT="27" WC="0.93" CONTENT="förtjenster."/><SP WIDTH="30" VPOS="1343" HPOS="305"/>
							<String ID="string_359" HPOS="335" VPOS="1344" WIDTH="41" HEIGHT="27" WC="0.93" CONTENT="Jag"/><SP WIDTH="23" VPOS="1344" HPOS="376"/>
							<String ID="string_360" HPOS="399" VPOS="1347" WIDTH="46" HEIGHT="18" WC="0.93" CONTENT="tror"/><SP WIDTH="22" VPOS="1347" HPOS="445"/>
							<String ID="string_361" HPOS="467" VPOS="1345" WIDTH="46" HEIGHT="20" WC="0.91" CONTENT="icke"/><SP WIDTH="22" VPOS="1345" HPOS="513"/>
							<String ID="string_362" HPOS="535" VPOS="1346" WIDTH="32" HEIGHT="19" WC="0.96" CONTENT="att"/><SP WIDTH="22" VPOS="1346" HPOS="567"/>
							<String ID="string_363" HPOS="589" VPOS="1344" WIDTH="36" HEIGHT="21" WC="0.93" CONTENT="det"/><SP WIDTH="15" VPOS="1344" HPOS="625"/>
							<String ID="string_364" HPOS="640" VPOS="1343" WIDTH="95" HEIGHT="28" WC="0.92" CONTENT="äsyftade"/><SP WIDTH="17" VPOS="1343" HPOS="735"/>
							<String ID="string_365" HPOS="752" VPOS="1342" WIDTH="121" HEIGHT="22" WC="0.92" CONTENT="ändamälet"/><SP WIDTH="15" VPOS="1342" HPOS="873"/>
							<String ID="string_366" HPOS="888" VPOS="1343" WIDTH="27" HEIGHT="25" WC="0.93" CONTENT="pä"/><SP WIDTH="15" VPOS="1343" HPOS="915"/>
							<String ID="string_367" HPOS="930" VPOS="1342" WIDTH="76" HEIGHT="21" WC="0.92" CONTENT="sädant"/>
						</TextLine>
						<TextLine ID="line_40" HPOS="175" VPOS="1371" WIDTH="831" HEIGHT="28">
							<String ID="string_368" HPOS="175" VPOS="1373" WIDTH="44" HEIGHT="19" WC="0.93" CONTENT="sätt"/><SP WIDTH="15" VPOS="1373" HPOS="219"/>
							<String ID="string_369" HPOS="234" VPOS="1372" WIDTH="86" HEIGHT="27" WC="0.92" CONTENT="lyckligt"/><SP WIDTH="15" VPOS="1372" HPOS="320"/>
							<String ID="string_370" HPOS="335" VPOS="1373" WIDTH="69" HEIGHT="21" WC="0.93" CONTENT="skulle"/><SP WIDTH="15" VPOS="1373" HPOS="404"/>
							<String ID="string_371" HPOS="419" VPOS="1373" WIDTH="79" HEIGHT="21" WC="0.91" CONTENT="vinnas."/><SP WIDTH="31" VPOS="1373" HPOS="498"/>
							<String ID="string_372" HPOS="529" VPOS="1373" WIDTH="50" HEIGHT="20" WC="0.96" CONTENT="Men"/><SP WIDTH="15" VPOS="1373" HPOS="579"/>
							<String ID="string_373" HPOS="594" VPOS="1372" WIDTH="33" HEIGHT="21" WC="0.96" CONTENT="för"/><SP WIDTH="15" VPOS="1372" HPOS="627"/>
							<String ID="string_374" HPOS="642" VPOS="1373" WIDTH="42" HEIGHT="20" WC="0.96" CONTENT="min"/><SP WIDTH="16" VPOS="1373" HPOS="684"/>
							<String ID="string_375" HPOS="700" VPOS="1371" WIDTH="34" HEIGHT="22" WC="0.96" CONTENT="del"/><SP WIDTH="18" VPOS="1371" HPOS="734"/>
							<String ID="string_376" HPOS="752" VPOS="1371" WIDTH="48" HEIGHT="21" WC="0.96" CONTENT="ville"/><SP WIDTH="12" VPOS="1371" HPOS="800"/>
							<String ID="string_377" HPOS="812" VPOS="1371" WIDTH="37" HEIGHT="26" WC="0.93" CONTENT="jag"/><SP WIDTH="15" VPOS="1371" HPOS="849"/>
							<String ID="string_378" HPOS="864" VPOS="1371" WIDTH="92" HEIGHT="26" WC="0.92" CONTENT="anknyta"/><SP WIDTH="18" VPOS="1371" HPOS="956"/>
							<String ID="string_379" HPOS="974" VPOS="1371" WIDTH="32" HEIGHT="20" WC="0.96" CONTENT="ett"/>
						</TextLine>
						<TextLine ID="line_41" HPOS="175" VPOS="1397" WIDTH="831" HEIGHT="30">
							<String ID="string_380" HPOS="175" VPOS="1399" WIDTH="79" HEIGHT="27" WC="0.96" CONTENT="förslag"/><SP WIDTH="15" VPOS="1399" HPOS="254"/>
							<String ID="string_381" HPOS="269" VPOS="1400" WIDTH="32" HEIGHT="21" WC="0.96" CONTENT="till"/><SP WIDTH="16" VPOS="1400" HPOS="301"/>
							<String ID="string_382" HPOS="317" VPOS="1401" WIDTH="35" HEIGHT="20" WC="0.93" CONTENT="det"/><SP WIDTH="15" VPOS="1401" HPOS="352"/>
							<String ID="string_383" HPOS="367" VPOS="1401" WIDTH="106" HEIGHT="26" WC="0.92" CONTENT="yttrande,"/><SP WIDTH="16" VPOS="1401" HPOS="473"/>
							<String ID="string_384" HPOS="489" VPOS="1407" WIDTH="45" HEIGHT="15" WC="0.93" CONTENT="som"/><SP WIDTH="15" VPOS="1407" HPOS="534"/>
							<String ID="string_385" HPOS="549" VPOS="1401" WIDTH="143" HEIGHT="22" WC="0.92" CONTENT="förekommer"/><SP WIDTH="4" VPOS="1401" HPOS="692"/>
							<String ID="string_386" HPOS="696" VPOS="1393" WIDTH="14" HEIGHT="38" WC="0.96" CONTENT="i"/><SP WIDTH="18" VPOS="1393" HPOS="710"/>
							<String ID="string_387" HPOS="728" VPOS="1399" WIDTH="67" HEIGHT="22" WC="0.96" CONTENT="slutet"/><SP WIDTH="15" VPOS="1399" HPOS="795"/>
							<String ID="string_388" HPOS="810" VPOS="1399" WIDTH="22" HEIGHT="21" WC="0.93" CONTENT="af"/><SP WIDTH="13" VPOS="1399" HPOS="832"/>
							<String ID="string_389" HPOS="845" VPOS="1399" WIDTH="115" HEIGHT="20" WC="0.92" CONTENT="utskottets"/><SP WIDTH="12" VPOS="1399" HPOS="960"/>
							<String ID="string_390" HPOS="972" VPOS="1397" WIDTH="34" HEIGHT="22" WC="0.92" CONTENT="be-"/>
						</TextLine>
						<TextLine ID="line_42" HPOS="175" VPOS="1426" WIDTH="831" HEIGHT="30">
							<String ID="string_391" HPOS="175" VPOS="1428" WIDTH="114" HEIGHT="21" WC="0.92" CONTENT="tänkande."/><SP WIDTH="32" VPOS="1428" HPOS="289"/>
							<String ID="string_392" HPOS="321" VPOS="1428" WIDTH="111" HEIGHT="22" WC="0.89" CONTENT="Utskottet"/><SP WIDTH="22" VPOS="1428" HPOS="432"/>
							<String ID="string_393" HPOS="454" VPOS="1432" WIDTH="71" HEIGHT="24" WC="0.93" CONTENT="säger:"/><SP WIDTH="21" VPOS="1432" HPOS="525"/>
							<String ID="string_394" HPOS="546" VPOS="1429" WIDTH="124" HEIGHT="25" WC="0.89" CONTENT=",Utskottet"/><SP WIDTH="14" VPOS="1429" HPOS="670"/>
							<String ID="string_395" HPOS="684" VPOS="1427" WIDTH="123" HEIGHT="22" WC="0.90" CONTENT="föreställer"/><SP WIDTH="14" VPOS="1427" HPOS="807"/>
							<String ID="string_396" HPOS="821" VPOS="1427" WIDTH="32" HEIGHT="26" WC="0.93" CONTENT="sig"/><SP WIDTH="15" VPOS="1427" HPOS="853"/>
							<String ID="string_397" HPOS="868" VPOS="1426" WIDTH="39" HEIGHT="22" WC="0.93" CONTENT="ock"/><SP WIDTH="15" VPOS="1426" HPOS="907"/>
							<String ID="string_398" HPOS="922" VPOS="1428" WIDTH="31" HEIGHT="20" WC="0.93" CONTENT="att"/><SP WIDTH="15" VPOS="1428" HPOS="953"/>
							<String ID="string_399" HPOS="968" VPOS="1432" WIDTH="38" HEIGHT="15" WC="0.93" CONTENT="un-"/>
						</TextLine>
						<TextLine ID="line_43" HPOS="175" VPOS="1454" WIDTH="832" HEIGHT="24">
							<String ID="string_400" HPOS="175" VPOS="1456" WIDTH="88" HEIGHT="21" WC="0.90" CONTENT="derstöd"/><SP WIDTH="22" VPOS="1456" HPOS="263"/>
							<String ID="string_401" HPOS="285" VPOS="1457" WIDTH="23" HEIGHT="20" WC="0.93" CONTENT="ät"/><SP WIDTH="22" VPOS="1457" HPOS="308"/>
							<String ID="string_402" HPOS="330" VPOS="1456" WIDTH="97" HEIGHT="22" WC="0.93" CONTENT="lofvande"/><SP WIDTH="22" VPOS="1456" HPOS="427"/>
							<String ID="string_403" HPOS="449" VPOS="1458" WIDTH="110" HEIGHT="20" WC="0.92" CONTENT="inhemske"/><SP WIDTH="22" VPOS="1458" HPOS="559"/>
							<String ID="string_404" HPOS="581" VPOS="1457" WIDTH="110" HEIGHT="21" WC="0.96" CONTENT="författare"/><SP WIDTH="23" VPOS="1457" HPOS="691"/>
							<String ID="string_405" HPOS="714" VPOS="1456" WIDTH="41" HEIGHT="21" WC="0.96" CONTENT="bör"/><SP WIDTH="23" VPOS="1456" HPOS="755"/>
							<String ID="string_406" HPOS="778" VPOS="1456" WIDTH="71" HEIGHT="20" WC="0.93" CONTENT="kunna"/><SP WIDTH="14" VPOS="1456" HPOS="849"/>
							<String ID="string_407" HPOS="863" VPOS="1454" WIDTH="80" HEIGHT="22" WC="0.86" CONTENT="lemnas"/><SP WIDTH="14" VPOS="1454" HPOS="943"/>
							<String ID="string_408" HPOS="957" VPOS="1454" WIDTH="8" HEIGHT="21" WC="0.95" CONTENT="i"/><SP WIDTH="15" VPOS="1454" HPOS="965"/>
							<String ID="string_409" HPOS="980" VPOS="1460" WIDTH="27" HEIGHT="15" WC="0.96" CONTENT="en"/>
						</TextLine>
						<TextLine ID="line_44" HPOS="174" VPOS="1482" WIDTH="832" HEIGHT="28">
							<String ID="string_410" HPOS="174" VPOS="1483" WIDTH="61" HEIGHT="27" WC="0.93" CONTENT="form,"/><SP WIDTH="16" VPOS="1483" HPOS="235"/>
							<String ID="string_411" HPOS="251" VPOS="1484" WIDTH="85" HEIGHT="22" WC="0.93" CONTENT="hvilken"/><SP WIDTH="11" VPOS="1484" HPOS="336"/>
							<String ID="string_412" HPOS="347" VPOS="1485" WIDTH="91" HEIGHT="22" WC="0.90" CONTENT="uteslöte"/><SP WIDTH="11" VPOS="1485" HPOS="438"/>
							<String ID="string_413" HPOS="449" VPOS="1486" WIDTH="51" HEIGHT="21" WC="0.93" CONTENT="eller"/><SP WIDTH="10" VPOS="1486" HPOS="500"/>
							<String ID="string_414" HPOS="510" VPOS="1485" WIDTH="129" HEIGHT="22" WC="0.96" CONTENT="åtminstone"/><SP WIDTH="9" VPOS="1485" HPOS="639"/>
							<String ID="string_415" HPOS="648" VPOS="1484" WIDTH="146" HEIGHT="21" WC="0.96" CONTENT="förminskade"/><SP WIDTH="11" VPOS="1484" HPOS="794"/>
							<String ID="string_416" HPOS="805" VPOS="1483" WIDTH="26" HEIGHT="22" WC="0.93" CONTENT="de"/><SP WIDTH="9" VPOS="1483" HPOS="831"/>
							<String ID="string_417" HPOS="840" VPOS="1482" WIDTH="58" HEIGHT="22" WC="0.96" CONTENT="faror"/><SP WIDTH="8" VPOS="1482" HPOS="898"/>
							<String ID="string_418" HPOS="906" VPOS="1482" WIDTH="34" HEIGHT="22" WC="0.93" CONTENT="för"/><SP WIDTH="9" VPOS="1482" HPOS="940"/>
							<String ID="string_419" HPOS="949" VPOS="1482" WIDTH="57" HEIGHT="22" WC="0.91" CONTENT="litte-"/>
						</TextLine>
						<TextLine ID="line_45" HPOS="174" VPOS="1511" WIDTH="832" HEIGHT="28">
							<String ID="string_420" HPOS="174" VPOS="1514" WIDTH="93" HEIGHT="25" WC="0.92" CONTENT="raturen,"/><SP WIDTH="24" VPOS="1514" HPOS="267"/>
							<String ID="string_421" HPOS="291" VPOS="1519" WIDTH="45" HEIGHT="16" WC="0.93" CONTENT="som"/><SP WIDTH="19" VPOS="1519" HPOS="336"/>
							<String ID="string_422" HPOS="355" VPOS="1513" WIDTH="50" HEIGHT="26" WC="0.92" CONTENT="följa"/><SP WIDTH="16" VPOS="1513" HPOS="405"/>
							<String ID="string_423" HPOS="421" VPOS="1514" WIDTH="21" HEIGHT="21" WC="0.96" CONTENT="af"/><SP WIDTH="15" VPOS="1514" HPOS="442"/>
							<String ID="string_424" HPOS="457" VPOS="1521" WIDTH="26" HEIGHT="14" WC="0.93" CONTENT="en"/><SP WIDTH="14" VPOS="1521" HPOS="483"/>
							<String ID="string_425" HPOS="497" VPOS="1513" WIDTH="72" HEIGHT="22" WC="0.92" CONTENT="alltför"/><SP WIDTH="15" VPOS="1513" HPOS="569"/>
							<String ID="string_426" HPOS="584" VPOS="1513" WIDTH="69" HEIGHT="22" WC="0.95" CONTENT="direkt"/><SP WIDTH="16" VPOS="1513" HPOS="653"/>
							<String ID="string_427" HPOS="669" VPOS="1512" WIDTH="76" HEIGHT="22" WC="0.93" CONTENT="officiel"/><SP WIDTH="16" VPOS="1512" HPOS="745"/>
							<String ID="string_428" HPOS="761" VPOS="1511" WIDTH="130" HEIGHT="22" WC="0.92" CONTENT="omvärdnad"/><SP WIDTH="15" VPOS="1511" HPOS="891"/>
							<String ID="string_429" HPOS="906" VPOS="1517" WIDTH="34" HEIGHT="15" WC="0.92" CONTENT="om"/><SP WIDTH="16" VPOS="1517" HPOS="940"/>
							<String ID="string_430" HPOS="956" VPOS="1511" WIDTH="50" HEIGHT="22" WC="0.91" CONTENT="den-"/>
						</TextLine>
						<TextLine ID="line_46" HPOS="174" VPOS="1539" WIDTH="832" HEIGHT="29">
							<String ID="string_431" HPOS="174" VPOS="1547" WIDTH="87" HEIGHT="21" WC="0.96" CONTENT="samma,"/><SP WIDTH="24" VPOS="1547" HPOS="261"/>
							<String ID="string_432" HPOS="285" VPOS="1544" WIDTH="55" HEIGHT="19" WC="0.96" CONTENT="samt"/><SP WIDTH="23" VPOS="1544" HPOS="340"/>
							<String ID="string_433" HPOS="363" VPOS="1542" WIDTH="67" HEIGHT="21" WC="0.93" CONTENT="under"/><SP WIDTH="15" VPOS="1542" HPOS="430"/>
							<String ID="string_434" HPOS="445" VPOS="1542" WIDTH="74" HEIGHT="26" WC="0.92" CONTENT="vilkor,"/><SP WIDTH="24" VPOS="1542" HPOS="519"/>
							<String ID="string_435" HPOS="543" VPOS="1542" WIDTH="26" HEIGHT="21" WC="0.96" CONTENT="de"/><SP WIDTH="16" VPOS="1542" HPOS="569"/>
							<String ID="string_436" HPOS="585" VPOS="1542" WIDTH="38" HEIGHT="21" WC="0.93" CONTENT="der"/><SP WIDTH="18" VPOS="1542" HPOS="623"/>
							<String ID="string_437" HPOS="641" VPOS="1541" WIDTH="104" HEIGHT="21" WC="0.91" CONTENT="innebure"/><SP WIDTH="15" VPOS="1541" HPOS="745"/>
							<String ID="string_438" HPOS="760" VPOS="1539" WIDTH="114" HEIGHT="28" WC="0.92" CONTENT="garantier,"/><SP WIDTH="16" VPOS="1539" HPOS="874"/>
							<String ID="string_439" HPOS="890" VPOS="1539" WIDTH="46" HEIGHT="22" WC="0.93" CONTENT="icke"/><SP WIDTH="14" VPOS="1539" HPOS="936"/>
							<String ID="string_440" HPOS="950" VPOS="1539" WIDTH="56" HEIGHT="22" WC="0.92" CONTENT="blott"/>
						</TextLine>
					</TextBlock>
				</ComposedBlock>
			</PrintSpace>
		</Page>
	</Layout>
</alto>
