1081 1761
207 147 42 20 416
464 153 25 17 R.
502 158 18 13 o.
532 153 23 18 4.
563 153 58 17 1888.
633 153 24 17 10
665 153 63 17 Mars.

182 239 72 20 tanter
276 238 67 21 skulle
363 237 98 23 betrakta
478 238 41 22 alla
533 240 81 20 statens
629 239 89 26 tjenster
732 239 72 21 såsom
820 238 68 27 privat
903 238 102 27 egendom

179 273 19 15 0.
222 273 16 15 s.
261 273 19 15 v.
310 267 40 27 Jag
371 267 76 27 frågar,
471 269 38 20 när
530 267 40 22 har
589 268 70 26 någon
674 267 6 21 i
697 267 60 21 detta
772 267 64 21 stånd
851 267 77 21 uttalat
944 267 60 22 dessa

178 295 86 27 åsigter,
287 296 38 20 när
346 295 40 21 har
405 296 69 26 någon
489 297 53 25 sagt,
558 297 32 20 att
604 297 81 19 statens
701 295 90 27 tjenster
806 296 37 20 äro
859 295 68 27 privat
942 301 62 21 egen-

180 323 64 21 dom?
269 323 39 21 Ett
322 324 76 21 sådant
413 324 114 26 påstående
543 324 88 21 innebär
646 326 32 19 att
694 324 67 26 draga
777 330 26 14 en
819 323 127 27 fullkomligt
956 323 49 22 obe-

178 351 100 27 rättigad,
294 351 53 21 falsk
361 352 86 22 slutsats
463 359 24 15 ur
502 354 171 20 reservanternas
689 352 45 22 ord.
761 352 34 21 Då
810 358 48 15 man
874 352 68 27 hyllar
951 352 53 27 åsig-

178 382 38 19 ten
238 386 35 15 om
295 380 179 27 tjenstemännens
497 381 149 27 oafsättlighet,
669 382 24 20 så
714 382 39 25 gör
768 387 50 15 man
834 380 34 22 det
883 380 7 21 i
905 380 43 22 lika
963 381 41 26 hög

178 409 53 27 grad
254 415 45 15 som
323 409 32 27 de,
377 409 71 22 hvilka
470 410 45 21 icke
537 409 57 28 hylla
609 410 69 21 denna
693 410 62 26 åsigt,
772 409 22 22 af
807 409 99 22 omtanke
921 409 33 21 för
968 409 36 21 det

179 437 108 22 allmänna
309 437 66 22 bästa.
405 438 68 22 Bland
493 438 42 22 alla
557 438 26 21 de
606 439 72 23 motiv,
701 445 46 14 som
770 437 48 22 utaf
838 437 167 22 utskottsbetän-

178 466 91 21 kandets
291 466 117 22 försvarare
430 467 67 21 blifvit
519 467 38 21 här
579 467 102 26 uttalade,
704 466 69 22 finner
789 473 47 14 man
852 466 45 21 icke
912 465 92 22 uttaladt

178 495 66 26 något
266 495 55 20 enda
342 495 57 21 bevis
422 495 32 21 för
476 495 81 27 åsigten
573 502 40 19 om,
629 497 32 20 att
677 495 69 22 lärare
762 495 35 21 vid
812 495 99 26 uppnådd
926 494 27 21 63
968 495 35 20 års

178 523 60 21 ålder
261 529 49 15 vore
333 523 85 28 oduglig
441 526 32 19 att
495 524 62 21 sköta
571 524 32 21 sin
618 524 71 27 tjenst.
720 524 43 21 Det
778 523 6 21 i
801 524 114 21 utskottets
931 523 73 21 betän-

178 551 70 22 kande
270 551 40 22 och
331 552 157 27 propositionen
512 552 123 22 framstälda
657 552 102 27 förslaget
775 551 89 22 innebär
878 552 45 21 icke
938 551 66 22 heller

179 580 66 26 något
268 580 54 21 enda
344 581 68 21 medel
435 583 58 19 utom
515 581 42 26 det,
580 587 45 15 som
648 581 66 21 redan
733 580 69 22 finnes
818 581 94 20 anvisadt
926 579 8 21 i
949 579 55 22 skol-

180 608 125 27 ordningen,
322 610 32 20 att
369 608 120 28 förebygga,
505 610 36 20 det
556 609 98 27 oduglige
669 609 76 27 lärare,
762 609 64 21 innan
842 609 26 21 de
878 609 90 26 uppnått
978 608 27 21 63

178 637 36 21 års
229 636 66 27 ålder,
311 637 39 21 och
365 638 28 26 på
407 638 79 21 sådana
501 637 67 22 finnes
584 638 35 21 det
634 640 72 25 tyvärr
721 638 63 27 ingen
796 637 59 27 brist,
866 637 67 21 skulle
944 643 60 21 qvar-

178 666 35 20 stå
227 665 7 21 i
250 666 45 20 sina
310 665 147 27 befattningar.
482 666 111 22 Utskottet
607 672 62 22 synes
685 666 43 27 mig
739 666 81 27 jemväl
835 665 61 22 hafva
907 666 97 21 förbisett

179 700 26 15 en
228 694 162 26 omständighet,
413 695 105 27 nämligen
541 695 39 21 den
604 697 31 19 att
650 694 31 22 uti
697 696 13 25 &
727 696 27 20 76
770 695 7 20 i
792 700 29 15 nu
835 694 97 27 gällande
946 694 58 21 skol-

178 722 96 26 ordning,
290 728 52 19 som,
357 722 116 22 vidsträckt
487 724 80 25 tolkad,
583 724 128 20 härutinnan
726 724 83 20 lemnar
824 722 179 28 skolöfverstyrel-

177 756 38 16 sen
230 750 40 22 den
286 750 175 28 omfängsrikaste
476 752 115 27 pröfnings-
607 752 38 21 och
661 751 201 27 bestraffningsrätt,
870 751 91 27 stadgas,
972 752 32 20 att

177 778 70 22 lärare
262 779 52 21 eller
329 779 112 27 lärarinna,
457 786 45 16 som
516 780 95 22 befinnes
627 780 119 25 efterläten,
763 780 95 21 vårdslös
874 780 50 21 eller
943 780 60 27 eljest

176 807 95 28 felaktig
287 808 6 20 i
308 808 31 21 sin
356 808 69 26 tjenst,
441 810 35 20 mä
490 809 66 21 första
571 810 82 26 gången
663 808 149 22 tillrättavisas
823 814 75 20 genom
909 809 93 25 varning,

177 836 65 21 sedan
265 836 48 21 med
335 837 131 26 suspension,
489 838 45 25 och,
557 844 34 14 om
613 837 51 21 felet
688 837 125 28 ytterligare
828 843 110 21 upprepas,
955 836 48 22 med

177 864 104 27 tjenstens
302 864 81 22 förlust.
413 866 32 20 På
459 866 68 26 grund
543 866 21 21 af
578 866 39 21 allt
631 866 56 21 hvad
700 866 37 27 jag
753 872 29 15 nu
797 865 45 21 haft
857 868 50 18 äran
923 864 78 27 anföra,

176 892 40 22 ber
227 893 37 27 jag
279 895 32 19 att
326 893 21 21 fä
362 893 83 22 biträda
461 894 161 22 reservationen.

246 949 33 22 Hr
294 950 31 21 W.
342 950 25 21 N.
384 950 204 28 Tavaststjerna:
605 950 169 22 Vidkommande
791 951 26 21 de
832 950 109 27 principer.
957 956 45 16 som

177 977 88 22 uttalats
281 978 57 22 såväl
348 979 7 20 i
365 979 41 21 den
417 980 48 21 nåd.
476 986 59 20 prop.
546 986 45 15 som
602 980 7 20 i
619 980 116 21 utskottets
746 980 141 24 betänkande,
898 980 24 20 sä
932 979 70 21 kunna

178 1006 107 21 desamma
300 1006 23 22 af
336 1007 42 27 mig
393 1007 144 27 fullkomligen
552 1008 130 27 godkännas.
712 1008 41 26 Jag
769 1014 63 15 anser
846 1007 110 27 nämligen,
972 1010 32 19 att

177 1034 181 27 tjenstemännens
381 1036 143 27 oafsättlighet
546 1037 46 21 icke
611 1039 62 24 utgör
689 1043 25 15 en
730 1038 25 20 så
771 1036 118 27 betydande
904 1036 100 22 hörnsten

178 1062 9 21 i
209 1063 227 28 samhällsbyggnaden
456 1067 32 19 att
503 1065 69 21 denna
586 1065 99 27 byggnad
700 1065 70 21 skulle
786 1066 33 20 stå
835 1065 79 21 mindre
930 1064 74 27 stadig,

177 1091 8 21 i
200 1091 101 22 händelse
316 1092 221 26 lagbestämmelserna
553 1094 108 26 angående
677 1094 174 26 oafsättligheten
866 1092 68 22 blefve
953 1093 5 21 i
969 1094 35 20 nå-

177 1126 42 20 gon
242 1120 50 21 mån
315 1120 143 22 modifierade.
489 1122 99 21 Tvärtom
611 1122 68 21 skulle
699 1122 38 27 jag
761 1122 57 21 hålla
840 1122 50 25 före,
916 1124 32 19 att
963 1122 43 21 alla

177 1148 135 27 tjenstemän,
335 1148 71 22 hvilka
428 1150 6 20 i
457 1150 52 27 följd
524 1150 21 21 af
560 1150 59 22 ålder
634 1153 37 19 äro
688 1151 126 26 oförmögna
830 1152 31 20 att
876 1150 27 26 på
918 1152 31 19 ett
964 1150 41 21 till-

178 1176 163 22 fredsställande
355 1179 44 20 sätt
414 1178 62 21 sköta
488 1179 45 20 sina
547 1178 134 27 åligganden,
697 1179 68 21 borde
781 1185 77 20 genom
873 1178 34 26 lag
921 1177 85 28 förplig-

177 1206 33 20 tas
226 1207 32 18 att
272 1211 26 14 ur
312 1205 91 27 tjensten
419 1206 54 27 afgå,
484 1207 25 21 de
521 1207 59 21 civila
590 1207 44 21 lika
644 1208 24 20 så
679 1207 33 22 väl
723 1213 47 15 som
782 1207 26 21 de
819 1207 91 20 militära
920 1206 86 27 tjenste-

176 1235 92 19 männen
283 1233 40 22 och
337 1234 150 25 skollärarene,
504 1235 47 21 med
567 1235 70 22 vilkor
651 1235 66 21 likväl
732 1235 34 21 för
781 1237 70 19 staten
866 1237 31 19 att
907 1234 99 22 förskaffa

178 1261 26 22 de
226 1261 90 22 sålunda
338 1265 51 19 utan
413 1263 94 22 ansökan
531 1264 132 26 entledigade
687 1266 30 19 ett
741 1263 123 27 anständigt
888 1263 117 21 underhåll.

177 1290 66 21 Detta
266 1290 68 21 vilkor
356 1293 24 19 är
403 1291 66 27 enligt
491 1292 47 21 mitt
560 1292 135 21 förmenande
716 1292 136 27 oeftergifligt
867 1292 33 21 vid
916 1291 90 22 faststäl-

177 1317 73 23 landet
265 1318 23 21 af
301 1325 26 15 en
341 1319 135 28 åldersgräns
491 1321 32 20 för
537 1321 133 26 tjenstemän,
687 1327 48 15 men
749 1321 45 26 just
810 1321 58 21 detta
883 1320 68 21 vilkor
961 1322 45 19 tror

175 1346 37 27 jag
234 1347 47 21 icke
303 1348 102 28 uppfylles
425 1355 75 21 genom
516 1349 36 21 det
566 1349 139 21 förevarande
720 1349 144 27 lagförslaget,
880 1348 126 22 åtminstone

177 1375 47 21 icke
239 1376 56 21 hvad
310 1376 102 22 beträffar
427 1384 25 14 en
469 1380 44 19 stor
521 1378 33 21 del
565 1378 22 21 af
596 1378 150 23 skollärarene,
760 1378 106 26 nämligen
876 1377 129 27 kollegorna.

177 1403 79 21 Dessas
271 1405 88 25 pension
373 1408 70 24 utgör,
451 1407 70 20 såsom
531 1406 92 27 framgår
634 1406 21 22 af
664 1407 119 21 utskottets
793 1406 139 24 betänkande,
944 1406 62 25 3,500

178 1432 66 20 mark.
275 1432 86 28 Nödgas
383 1440 27 15 en
433 1434 84 27 kollega
539 1434 53 27 afgå,
615 1434 64 22 innan
702 1435 41 21 han
761 1435 42 21 kan
819 1434 84 22 komma
918 1433 6 21 i
940 1433 67 27 åtnju-

177 1460 65 21 tande
257 1460 24 21 af
294 1461 37 20 full
345 1463 95 25 pension,
457 1463 39 20 och
512 1463 38 21 har
566 1463 41 21 han
623 1463 71 21 dertill
709 1465 47 19 stor
772 1462 73 27 familj,
861 1463 23 20 så
899 1462 40 21 blir
954 1462 52 21 hans

177 1488 130 22 årsinkomst
323 1489 133 28 otillräcklig,
472 1491 127 22 åtminstone
614 1491 41 21 kan
671 1497 48 15 man
735 1491 48 22 icke
799 1493 56 24 säga,
872 1492 31 19 att
918 1491 42 20 han
974 1496 32 15 er-

178 1517 67 22 håller
260 1519 32 20 ett
307 1519 122 26 anständigt
444 1519 40 22 och
499 1520 54 21 efter
567 1520 54 21 hans
635 1520 64 21 stånd
714 1519 97 28 lämpadt
826 1518 117 22 underhåll.
973 1519 33 21 In-

178 1546 76 21 seende
271 1546 36 21 det
322 1549 51 20 nära
388 1548 159 27 sammanhang,
562 1548 7 21 i
584 1548 80 22 hvilket
679 1548 173 21 bestämmandet
862 1547 22 22 af
893 1553 25 16 en
929 1547 77 22 ålders-
