1075 1742
315 128 24 18 R.
352 133 18 13 0.
383 129 22 16 A.
418 129 60 17 1888.
495 130 14 16 4
521 129 60 17 Febr.
824 123 39 21 127

265 314 3 3 :
435 299 94 21 Motiver

106 334 34 20 till
156 334 41 20 den
207 333 130 27 jöreslagna
347 332 166 28 förordningen
529 333 112 27 angående
644 333 221 27 jörlagsinteckning.

136 391 43 21 Det
200 390 62 22 räder
284 390 46 21 icke
352 396 59 15 mera
434 392 28 19 än
485 396 26 16 en
537 390 85 27 mening
644 390 81 26 derom,
747 392 32 20 att
800 396 29 16 nu
851 389 44 28 gäl-

67 419 63 23 lande
154 418 130 28 lagstiftning
306 418 109 27 angäende
445 418 209 28 förlagsinteckning,
684 418 67 22 sädan
776 418 40 22 den
840 418 54 22 före-

68 448 66 27 ligger
156 448 7 21 i
185 447 150 27 förordningen
356 447 23 21 af
401 447 41 21 den
465 448 29 21 24
516 447 103 22 Februari
643 448 55 20 1748
721 453 35 15 om
774 447 67 27 förlag
861 446 34 22 vid

68 476 72 27 bergs-
165 476 39 22 och
225 476 192 27 brukshandtering
439 478 58 19 samt
520 476 162 27 hallordningen
698 476 23 21 af
741 476 40 21 den
799 476 13 20 2
835 474 60 28 April

70 506 60 25 1770,
162 507 24 19 är
208 504 107 22 föräldrad
338 504 39 22 och
399 504 104 27 derjemte
525 504 55 22 lider
606 504 22 22 af
648 504 107 28 synnerlig
779 504 117 26 otydlighet

68 534 40 21 och
137 532 178 28 ofullständighet.
352 533 11 21 I
391 533 134 22 sistnämnda
555 533 98 21 afseende
679 532 110 22 framhölls
818 532 7 21 i
855 532 41 21 den

68 561 146 27 underdäniga
242 561 89 27 petition
361 562 111 26 angående
501 562 92 21 revision
623 562 22 21 af
665 560 159 28 ifrågavarande
853 560 44 26 lag-

68 590 102 27 stiftning,
195 596 45 16 som
266 590 119 22 Ständerna
409 590 36 21 vid
472 591 142 21 1877—1878
639 591 35 21 års
697 590 101 26 landtdag
825 588 70 26 afläto,

68 619 101 21 hurusom
198 618 120 28 skiljaktiga
347 618 79 27 äsigter
455 619 58 27 gjort
543 619 32 26 sig
601 618 99 28 gällande
724 618 7 22 i
756 618 26 22 de
807 617 89 27 vigtiga-

68 649 32 20 ste
129 647 126 21 hithörande
283 646 78 28 frågor,
391 648 71 21 såsom
493 648 93 21 rörande
608 650 61 19 arten
692 646 22 22 af
735 647 27 21 de
783 646 112 22 inrättnin-

68 682 38 21 gar
135 676 40 21 och
204 676 51 26 ting,
285 682 45 15 som
360 676 114 27 rätteligen
505 676 72 21 kunna
606 676 65 21 blifva
692 676 87 21 föremål
802 675 33 21 för
856 674 40 21 för-

68 704 173 27 Tagsinteckning,
270 704 174 22 beskaffenheten
477 704 23 22 af
531 705 27 21 de
586 704 146 27 förbindelser,
765 704 33 22 för
826 702 71 22 hvilka

69 732 57 28 dylik
155 732 99 22 säkerhet
282 733 43 21 kan
354 733 116 27 meddelas,
501 734 41 21 den
572 735 50 25 rätt,
652 739 46 15 som
719 739 76 20 genom
817 730 80 23 inteck-

68 762 77 26 ningen
170 761 80 24 vinnes,
275 761 39 21 och
341 761 105 22 huruvida
472 762 41 21 den
538 764 24 19 är
587 762 144 21 underkastad
755 760 142 28 preskription

70 790 51 21 eller
143 789 26 27 ej,
192 791 55 19 samt
268 789 84 22 hvilken
376 790 93 21 domstol
492 790 40 22 bör
548 796 61 16 anses
624 796 52 15 vara
690 790 87 27 behörig
793 791 32 20 att
839 788 58 22 med-

73 818 47 22 dela
135 817 200 28 förlagsinteckning
350 818 7 21 i
372 818 66 22 sådan
454 819 125 27 inrättning,
595 825 46 15 som
656 821 24 19 är
688 818 88 28 belägen
784 818 28 27 på
819 817 78 21 landet.

137 846 50 21 Med
209 846 112 27 anledning
343 846 23 21 af
386 846 144 27 nyssberörda
554 847 145 26 underdåniga
714 847 89 26 petition
825 845 72 22 aflem-

69 875 66 21 nades
158 874 35 22 vid
216 875 54 21 1882
294 876 35 20 års
360 875 103 27 landtdag
494 875 33 22 till
552 875 131 22 Ständernas
707 875 98 27 pröfning
828 873 70 26 Nådig

69 902 138 28 proposition,
232 903 108 26 angående
368 903 123 28 inteckning
515 904 8 21 i
552 904 124 21 mekaniska
706 903 38 22 och
773 901 126 23 industriela

70 932 51 21 verk
142 933 56 20 samt
220 932 48 21 med
290 932 46 21 dem
359 931 106 23 likartade
480 933 148 26 inrättningar.
659 932 94 22 Stånden
775 937 52 16 voro
849 935 50 16 ense

71 966 34 15 om
127 960 184 27 nödvändigheten
329 962 32 19 att
383 961 114 26 tillgodose
520 961 100 22 behofvet
642 961 22 22 af
687 967 26 15 en
728 959 113 22 förändrad
856 958 43 27 lag-

70 988 95 27 stiftning
180 988 7 21 i
202 989 58 21 detta
274 991 68 22 ämne,
365 995 48 15 men
428 989 6 20 i
450 989 62 28 fråga
531 996 34 15 om
580 992 66 19 sättet
662 989 71 22 derför
747 989 70 21 kunde
837 987 62 22 Stän-

71 1017 107 21 derbeslut
202 1017 46 21 icke
271 1017 85 22 komma
378 1017 33 22 till
433 1019 72 20 stånd.
542 1019 48 21 Den
619 1018 79 27 klippa,
723 1018 80 26 hvarpå
825 1016 74 26 frågan

71 1045 69 22 denna
154 1046 56 26 gång
225 1046 118 26 strandade,
359 1046 62 21 torde
435 1047 76 21 kunna
527 1049 63 25 sägas
605 1046 62 22 hafva
681 1046 55 22 varit
750 1045 149 27 omöjligheten

70 1075 32 20 att
127 1073 33 22 för
182 1074 177 27 tillgodoseendet
381 1074 22 22 af
420 1075 37 21 det
473 1075 72 25 behof,
568 1081 46 16 som
636 1081 38 16 var
695 1075 7 20 i
725 1075 59 26 fråga
806 1074 52 21 eller
873 1079 26 15 en

70 1102 60 25 form,
156 1102 120 22 hvarunder
298 1103 101 21 säkerhet
415 1103 74 22 kunde
504 1104 91 21 beredas
610 1104 32 21 för
656 1102 243 23 fabriksverksamheten

70 1130 92 27 beviljad
177 1130 153 28 förlagskredit,
352 1131 95 28 tillämpa
463 1134 34 20 ett
511 1133 146 26 rättsinstitut,
672 1130 227 29 fastighetsintecknin-

70 1165 47 21 gen,
136 1165 45 16 som
197 1159 121 22 tillkommit
333 1160 39 21 och
389 1161 104 22 utbildats
509 1161 32 21 för
556 1161 167 27 tillgodoseende
739 1160 21 21 af
769 1162 32 19 ett
811 1158 88 23 alldeles

71 1188 56 21 olika
142 1188 72 21 artadt
228 1187 68 22 behof.
327 1189 47 21 Den
389 1189 113 27 egendom,
517 1189 170 22 fabriksidkaren
705 1189 42 21 kan
757 1188 63 22 ställa
829 1189 71 20 såsom

70 1216 108 26 säkerhet,
200 1219 85 24 utgöres
308 1217 32 21 till
363 1217 158 28 öfvervägande
544 1218 33 22 del
608 1217 22 22 af
654 1217 145 28 lösegendom;
829 1215 72 27 fastig-

72 1245 135 26 hetsegarens
229 1246 46 21 åter
289 1245 67 27 ligger
371 1246 179 27 hufvudsakligen
566 1247 39 21 och
625 1247 40 21 har
686 1246 55 21 intill
763 1246 84 21 senaste
861 1243 38 26 tid,

72 1273 26 22 då
116 1273 156 27 ladugårdarna
294 1275 62 20 ökats
379 1275 39 21 och
431 1275 255 26 jordbruksmaskinerna
701 1275 79 26 begynt
794 1272 59 27 spela
873 1277 27 16 en

71 1303 69 21 större
162 1302 39 26 rol,
225 1302 32 21 till
272 1302 87 22 alldeles
377 1303 159 27 öfvervägande
558 1304 34 21 del
607 1303 57 27 legat
678 1303 8 22 i
701 1303 52 21 hans
768 1302 55 21 fasta
839 1306 62 21 egen-

72 1331 54 21 dom.
157 1330 29 21 Af
207 1330 59 22 detta
287 1331 132 22 bemödande
439 1333 34 20 att
492 1333 25 21 så
539 1332 45 21 vidt
599 1332 82 27 möjligt
695 1330 94 27 intvinga
804 1328 97 28 frågan
888 1324 16 41 i

71 1359 269 27 fastighetsinteckningens
355 1359 54 22 form
421 1360 104 27 berodde,
541 1363 33 19 att
589 1361 40 21 den
645 1360 83 27 Nådiga
742 1358 159 28 propositionen

72 1387 39 22 och
133 1387 161 27 Lagutskottets
316 1388 135 22 betänkande
473 1389 50 22 icke
543 1389 86 27 medgaf
642 1387 206 28 förlagsinteckning,
874 1385 27 22 då

70 1415 223 28 fabriksinrättningen
316 1423 37 15 var
373 1417 82 28 inrymd
471 1417 8 22 i
495 1417 55 28 hyrd
564 1417 58 22 lokal
638 1417 51 22 eller
704 1417 45 24 hus,
774 1421 45 16 som
835 1414 67 27 enligt

71 1444 150 27 förordningen
244 1445 108 26 angående
367 1445 124 28 inteckning
507 1447 8 20 i
529 1447 43 21 fast
586 1446 102 27 egendom
706 1445 46 22 icke
766 1444 33 21 får
820 1443 81 22 inteck-

71 1479 44 20 nas,
139 1472 72 22 hvilka
234 1473 180 27 omständigheter
428 1474 128 22 föranledde
571 1474 192 27 Borgareståndets
777 1472 71 22 beslut
867 1476 34 15 om

71 1500 113 27 afböjande
198 1501 23 21 af
234 1502 40 21 den
289 1502 84 27 Nådiga
387 1503 163 26 propositionen
566 1503 40 22 och
621 1502 144 22 betänkandet
782 1502 56 21 samt
845 1500 56 20 utta-

71 1528 63 22 lande
149 1529 23 21 af
186 1529 40 22 den
242 1530 86 25 önskan,
344 1532 33 20 att
391 1531 136 28 Regeringen
544 1531 34 22 vid
590 1537 26 16 en
626 1531 92 27 följande
726 1529 101 26 landtdag
835 1527 66 22 måtte
