1078 1767
200 135 41 21 204
446 140 26 17 R.
485 144 19 13 o.
516 140 22 16 A.
551 139 58 17 1888.
630 140 11 16 7
653 138 58 18 Febr.

173 226 86 23 bekant,
282 227 75 21 liksom
380 227 33 21 för
428 226 64 27 öfrigt
507 226 73 26 hvarje
596 226 140 26 medborgare
757 224 6 21 i
779 223 79 26 landet,
874 223 36 21 det
925 224 24 19 är
963 223 33 20 att

175 257 57 20 stora
255 255 145 27 uppoffringar
422 255 48 21 frän
492 256 82 20 statens
590 254 46 22 sida
650 254 86 26 nyligen
751 252 65 21 hafva
831 252 66 26 gjorts
912 251 33 21 för
959 251 37 21 be-

173 284 128 27 främjandet
317 284 22 21 af
352 284 89 21 konsten
457 284 39 21 och
512 282 123 22 konstfliten
649 283 6 21 i
670 283 79 20 landet.
780 281 80 21 Derom
870 280 44 25 bär,
926 279 70 21 såsom

174 313 79 21 enhvar
275 314 41 23 vet,
331 313 92 26 palatset
445 312 34 22 vid
500 312 170 26 jernvägstorget
685 313 33 19 ett
733 310 119 22 storartadt
865 308 130 22 vitnesbörd.

173 342 62 20 Hvad
251 341 114 21 ständerna
380 342 71 20 vidare
466 341 64 21 hafva
546 341 32 26 sig
593 340 85 24 bekant,
694 340 40 21 och
750 338 56 21 hvad
822 338 113 21 ständerna
950 336 47 22 icke

173 370 22 21 fä
208 370 133 26 förglömma,
364 372 24 18 är
411 372 31 19 att
464 370 20 21 vi
507 370 34 20 vid
558 370 68 20 denna
641 368 102 26 landtdag
759 367 65 21 hafva
839 373 34 15 oss
887 366 110 26 förelagda

173 398 163 27 propositioner,
352 398 6 21 i
373 398 72 22 hvilka
467 398 91 27 begäras
581 398 73 26 anslag
676 397 34 21 för
734 398 60 19 stora
816 395 89 26 företag,
925 394 72 21 hvilka

174 427 138 26 ovilkorligen
323 429 147 24 representera
479 427 109 27 betydliga
598 424 161 27 statsändamäl,
771 424 40 21 och
820 424 21 21 vi
852 423 63 21 hafva
924 423 73 20 vidare

173 457 33 20 att
221 457 65 20 vänta
301 462 41 21 nya
357 455 79 28 förslag
452 455 24 22 af
489 455 124 27 regeringen
629 454 91 21 rörande
738 453 74 26 anslag
828 452 33 21 för
871 451 71 28 dylika
952 450 44 27 vig-

173 485 44 26 tiga
240 485 184 26 angelägenheter.
455 484 48 21 Med
526 483 103 22 särskildt
651 483 80 21 fästadt
746 481 102 22 afseende
863 479 72 28 härpå,
952 481 46 19 tror

171 513 37 27 jag
223 514 32 19 att
271 513 23 21 R.
312 519 18 15 o.
346 514 25 20 A.
387 513 45 21 icke
448 519 50 15 vore
514 514 32 20 att
561 512 123 27 lyckönska,
700 518 34 15 om
750 511 25 20 R.
792 516 19 15 o.
827 510 25 21 A.
868 509 67 21 skulle
945 509 52 25 göra

173 542 235 26 petitionsmemorialet
431 542 31 21 till
486 542 36 21 sitt
540 547 76 21 genom
633 543 31 18 att
680 541 112 20 remittera
808 539 36 21 det
859 538 32 21 till
906 537 90 21 utskott.

174 571 41 26 Jag
237 577 62 14 anser
322 572 32 19 att
377 571 69 20 denna
466 569 155 28 angelägenhet
640 569 33 21 för
688 568 135 22 närvarande
839 567 46 21 icke
900 566 39 21 bör
954 565 44 21 för-

174 599 76 21 anleda
265 599 32 21 till
314 599 68 26 någon
398 599 82 27 åtgärd.

249 657 33 21 Hr
304 663 46 14 von
373 657 108 21 Becker:
510 657 70 21 Jemte
602 657 36 20 det
658 656 36 27 jag
710 655 32 22 får
757 654 63 21 tacka
835 653 32 22 Hr
882 652 117 22 Schauman

174 686 33 21 för
229 685 36 21 det
288 685 105 26 välvilliga
415 685 115 22 understöd
552 685 42 21 han
616 685 76 21 skänkt
712 684 44 21 min
771 682 96 28 petition,
883 681 66 21 måste
961 679 38 28 jag

173 714 69 21 tillika
264 714 6 20 i
294 713 135 28 förbigående
452 714 106 27 anmärka,
582 715 32 20 att
637 712 185 27 nödvändigheten
846 711 22 20 af
881 712 32 19 att
927 710 71 20 staten

173 742 68 22 skulle
266 742 107 27 öfvertaga
396 743 174 21 musikinstitutet
591 742 46 21 icke
659 744 57 19 ännu
738 743 25 19 är
785 741 24 20 sä
824 738 118 27 tvingande.
971 737 28 21 Vi

173 770 62 22 hafva
250 771 46 21 icke
312 771 75 26 mänga
403 771 109 21 inhemska
527 771 131 26 konstnärer,
674 770 72 21 hvilka
761 768 71 22 kunde
848 767 65 22 fästas
927 767 70 20 säsom

173 799 68 22 lärare
264 799 34 21 vid
321 799 123 25 detsamma,
467 806 34 15 om
523 799 33 22 Hr
578 799 118 22 Schauman
716 797 106 22 mähända
838 796 45 21 icke
898 795 35 21 vill
949 796 50 25 taga

174 829 47 20 med
236 828 7 21 i
259 828 116 26 beräkning
390 829 50 20 våra
456 829 132 26 sångerskor,
604 834 48 15 men
667 827 67 27 knapt
750 832 42 19 nog
808 825 60 21 torde
879 823 20 22 vi
909 822 90 23 behöfva

173 857 65 21 tänka
262 857 27 26 pä
313 859 31 18 att
366 856 32 21 för
421 857 47 21 dem
491 857 20 20 få
526 863 26 15 en
567 856 56 27 plats
638 856 118 21 derstädes.
787 854 45 21 Mot
848 853 42 25 det,
905 858 46 15 som
967 851 32 21 Hr

174 885 70 21 Antell
267 885 90 27 yttrade.
376 885 39 22 ber
427 885 37 27 jag
479 887 31 20 att
524 885 21 22 få
560 884 118 25 framhålla,
694 887 32 18 att
739 884 37 26 jag
791 883 115 21 tvärtemot
921 880 77 21 honom

173 919 62 16 anser
257 915 32 20 att
311 913 114 22 ständerna
448 916 36 19 äro
508 914 36 21 det
564 915 56 20 rätta
635 913 69 21 forum
719 913 34 20 för
769 912 69 21 denna
853 910 42 21 min
910 908 88 28 petition

173 942 122 27 isynnerhet
310 948 45 15 som
371 943 114 21 ständerna
500 943 65 20 redan
581 948 26 15 en
621 943 55 25 gäng
692 941 58 22 förut
764 939 98 28 upptagit
877 938 70 21 saken,
959 936 39 21 och

173 970 66 21 ehuru
256 971 103 20 måhända
370 971 81 21 mindre
462 971 75 27 tydligt
547 970 59 26 gifvit
616 970 32 21 sin
658 970 82 21 önskan
751 969 104 21 tillkänna
864 967 7 21 i
881 966 56 21 hvad
947 965 52 21 rikt-

172 999 50 26 ning
238 999 39 21 den
289 999 130 25 konstskola,
430 1006 45 15 som
485 999 124 27 föreslagits,
620 999 67 21 skulle
698 1000 119 25 upprättas.
834 997 41 20 Det
884 1001 48 15 vore
943 1000 28 15 nu
979 993 22 22 af

172 1027 69 22 nöden
265 1029 32 20 att
315 1028 114 21 ständerna
447 1028 95 21 uttalade
557 1028 31 26 sig
604 1027 65 26 enligt
684 1027 73 21 hvilka
773 1025 105 27 principer
893 1030 25 15 en
933 1022 66 21 sådan

174 1055 61 22 skola
257 1056 67 21 borde
346 1058 111 25 upprättas
480 1057 39 21 och
542 1063 34 14 om
596 1055 146 28 önskligheten
760 1054 22 22 af
796 1054 47 21 dess
858 1059 61 15 snara
934 1051 65 21 inrät-

173 1085 71 20 tande.
275 1085 80 20 Vidare
369 1084 39 22 ber
423 1085 36 27 jag
474 1085 21 21 få
509 1087 83 23 nämna,
608 1087 32 19 att
655 1091 34 14 om
704 1084 66 21 också
786 1084 69 20 staten
871 1081 55 26 gjort
941 1082 58 19 stora

174 1112 144 27 uppoffringar
340 1113 31 21 för
395 1113 64 22 konst
482 1113 38 22 och
543 1113 153 22 konstindustri
719 1118 78 21 genom
820 1109 140 28 uppförandet
979 1107 22 21 af

173 1141 140 26 Athenaeum,
331 1141 68 22 denna
415 1142 161 27 omständighet,
592 1141 45 22 icke
653 1141 66 27 enligt
735 1140 43 21 min
794 1139 64 22 tanke
874 1141 23 18 är
907 1136 92 22 tillräck-

171 1169 39 27 ligt
235 1170 47 21 skäl
305 1170 33 21 för
353 1172 32 19 att
401 1170 75 22 hindra
491 1172 69 20 staten
576 1172 31 19 att
623 1169 109 27 öfvertaga
748 1167 176 26 undervisningen
939 1165 7 21 i
961 1164 38 21 bil-

174 1198 68 21 dande
258 1199 71 20 konst.
359 1199 46 21 Den
421 1205 41 21 nya
476 1201 58 19 stora
549 1199 104 26 byggnad,
669 1205 45 14 som
732 1197 98 27 uppstått
844 1195 35 22 vid
891 1195 108 26 jernvägs-

172 1228 77 25 torget,
274 1227 96 26 betingar
387 1227 45 27 just
447 1229 31 20 att
493 1229 69 20 staten
578 1227 67 21 mäste
660 1229 51 24 taga
726 1225 75 26 frägan
818 1231 34 14 om
867 1223 62 24 hand,
946 1227 53 26 eme-

173 1255 41 21 dan
229 1261 27 15 en
273 1255 33 21 del
321 1255 23 21 af
357 1255 135 28 byggnadens
507 1255 81 22 lokaler
604 1256 32 21 stä
651 1255 77 27 lediga,
744 1253 88 22 hvarför
846 1251 153 22 konstförenin-

171 1290 41 19 gen
235 1284 32 21 till
291 1285 39 20 och
353 1285 49 20 med
425 1285 39 20 har
483 1286 69 19 ansett
568 1286 31 19 att
614 1284 48 21 dess
677 1283 61 22 skola
754 1282 40 21 bör
809 1281 97 26 utvidgas
921 1279 32 21 för
968 1279 31 20 att

172 1312 37 21 der
231 1312 73 21 kunna
326 1313 98 21 meddela
446 1313 148 25 undervisning
615 1312 6 20 i
641 1312 75 21 mälar-
742 1311 40 21 och
805 1308 195 26 bildhuggarkonst.

171 1340 33 21 Då
228 1340 204 28 Konstföreningens
447 1347 105 15 ressurser
566 1340 64 22 likväl
646 1342 36 19 äro
698 1340 34 21 för
748 1339 46 21 små
816 1338 34 21 för
864 1334 136 28 vidtagandet

170 1368 28 32 af
206 1374 27 16 en
248 1370 66 20 sådan
330 1369 124 27 utvidgning
474 1370 38 21 och
527 1368 99 22 behofvet
641 1368 23 22 af
676 1375 27 15 en
718 1366 125 26 statsskola,
859 1366 70 21 såsom
941 1364 37 26 jag
992 1364 7 20 i

171 1398 48 20 mitt
241 1398 212 26 petitionsmemorial
475 1398 93 26 tydligen
582 1397 122 26 framhållit,
724 1398 25 20 är
763 1394 111 28 påtagligt,
890 1399 62 15 anser
964 1392 36 27 jag

170 1426 34 20 att
217 1427 58 20 rätta
290 1426 127 26 tidpunkten
433 1433 28 15 nu
476 1428 23 19 är
514 1426 48 21 inne
578 1428 31 19 att
624 1428 70 19 staten
710 1424 123 26 öfvertager
854 1420 145 24 konstskolan.

170 1453 61 33 Hvad
248 1454 59 21 öfver
321 1454 81 22 hufvud
417 1457 59 25 taget
491 1455 26 21 de
532 1454 66 22 sköna
612 1454 117 22 konsterna
745 1451 109 26 beträffar,
865 1453 23 19 är
896 1450 37 28 jag
943 1444 58 37 längt

169 1481 54 22 ifrån
239 1484 33 20 att
287 1482 100 27 bestrida,
403 1485 33 19 att
451 1484 75 26 många
542 1482 77 28 vigtiga
635 1482 93 22 ärenden
744 1481 87 21 komma
846 1482 32 19 att
893 1481 50 24 taga
957 1479 43 19 sta-

169 1512 47 20 tens
231 1517 108 15 ressurser
354 1512 6 20 i
376 1512 99 26 anspråk,
490 1518 48 15 men
546 1511 37 27 jag
592 1514 45 18 tror
647 1513 32 19 att
689 1510 149 22 kostnaderna
847 1508 32 22 för
889 1514 26 14 en
924 1505 76 23 målar-

170 1539 39 21 och
233 1540 188 27 bildhuggarskola
442 1540 47 22 icke
511 1539 67 22 blefve
594 1539 32 22 för
640 1541 70 20 staten
726 1537 145 27 betungande.
901 1536 40 22 Att
954 1535 47 21 åter
