1075 1770
214 136 41 21 130
459 142 25 17 R.
497 144 18 16 6.
527 142 22 17 A.
563 142 60 17 1888.
643 142 13 17 4
667 142 60 17 Febr.

184 227 77 22 bröd
252 222 15 36 i
281 227 76 27 öknen,
380 229 21 25 ty
424 228 37 21 det
483 230 25 19 är
529 230 53 20 utan
603 228 79 24 tvifvel,
701 229 33 20 att
753 228 3 20 i
772 226 78 27 mänga
865 226 38 22 fall
919 227 36 21 det
970 226 42 21 kan

185 262 52 15 vara
253 256 87 22 alldeles
356 257 100 21 rationelt
471 258 32 19 att
518 257 7 21 i
541 263 26 15 en
583 256 54 22 affär
651 258 96 26 upptaga
762 262 26 14 en
799 255 143 27 kapitalstark
953 255 58 21 kom-

185 285 108 21 manditär
315 285 39 21 och
375 287 32 19 att
429 286 36 20 det
487 286 7 20 i
517 285 66 27 nägra
605 285 38 21 fall
665 286 43 20 kan
731 284 73 28 lyckas
828 286 33 19 att
883 284 81 21 erhälla
986 290 27 14 en

186 313 73 22 sådan.
289 313 49 21 Men
361 313 67 22 skulle
453 320 49 15 man
527 314 23 21 få
574 314 72 21 blicka
660 314 21 21 in
697 314 7 21 i
720 314 64 21 dessa
800 312 213 27 affärshemligheter,

186 342 61 21 torde
256 348 48 14 man
319 342 85 21 komma
426 342 33 22 till
484 342 36 22 det
535 343 98 25 resultat,
657 344 32 20 att
709 343 37 21 det
768 342 7 20 i
791 341 48 22 vårt
854 341 159 27 kapitalfattiga

186 370 50 22 land
255 370 116 26 ingalunda
386 372 24 20 är
424 372 41 20 lätt
480 373 33 20 att
527 372 35 20 vid
578 378 26 14 en
619 372 113 20 industriel
748 370 60 25 affär,
830 370 101 21 särskildt
946 370 68 20 under

187 399 40 21 den
242 399 75 26 period
332 399 23 21 af
367 399 91 22 affärens
473 400 128 27 utveckling,
625 400 27 21 dä
668 400 77 21 sädant
763 400 57 20 mest
835 398 106 26 behöfves,
957 398 56 21 fästa

187 428 187 26 kommanditärer,
400 428 39 21 och
464 430 39 24 att,
529 429 38 20 der
592 428 77 21 sädant
687 429 79 26 lyckas,
791 428 27 20 de
840 427 75 26 vilkor,
931 432 45 15 som
992 426 23 20 af

187 456 208 22 kommanditärerne
415 457 125 27 uppställas,
563 457 73 21 kunna
651 463 52 15 vara
717 456 83 28 ganska
816 455 145 27 betungande;
978 454 36 21 det

187 485 62 21 torde
274 485 6 20 i
303 485 73 26 sjelfva
399 486 75 21 verket
496 485 54 22 böra
572 485 116 22 betecknas
714 485 72 22 såsom
814 490 25 15 en
860 483 153 28 jemförelsevis

187 513 84 28 mättlig
286 514 121 26 pretention
422 514 24 21 af
459 514 192 26 kommanditären,
667 521 34 14 om
720 514 43 21 han
779 513 99 26 betingar
893 513 31 26 sig
935 511 78 22 öfverst

187 542 78 26 högsta
287 543 48 26 laga
357 545 61 18 ränta
436 543 40 21 och
494 543 123 21 derutöfver
632 543 63 21 andel
710 543 7 21 i
733 543 90 20 vinsten.
854 541 10 21 I
880 541 73 27 sjelfva
968 547 45 14 ver-

187 570 38 22 ket
239 571 62 21 torde
313 571 45 27 just
378 577 25 15 en
418 571 58 27 dylik
491 572 80 20 inblick
586 572 72 20 kunna
674 572 71 20 lemna
760 571 38 21 det
808 570 63 20 bästa
881 568 132 22 vittnesbörd

188 605 35 15 om
238 600 26 20 de
279 600 149 27 uppoffringar,
445 606 45 15 som
506 606 25 16 en
547 600 82 21 mindre
644 599 145 27 kapitalstark
804 598 167 22 industriidkare
981 597 32 21 får

188 628 124 26 vidkännas,
329 628 22 21 sä
370 629 61 26 länge
446 630 43 20 han
505 629 18 27 ej
539 630 24 20 är
577 629 7 21 i
600 628 84 22 tillfälle
701 630 33 20 att
748 627 139 22 konsolidera
902 626 31 22 sin
956 626 57 21 ställ-

188 657 50 27 ning
261 663 75 20 genom
360 664 25 14 en
408 657 158 27 förlagskredit,
586 658 119 20 säkerstäld
721 657 28 27 pä
765 658 33 19 ett
813 656 108 27 praktiskt
936 656 43 20 sätt
993 654 23 21 af

189 686 36 20 det
239 685 88 27 kapital,
343 686 42 21 han
400 687 82 26 nödgas
497 686 88 21 fastläsa
608 686 7 21 i
637 686 131 27 byggnader,
792 685 115 24 maskiner,
923 683 90 27 redskap

188 716 55 19 samt
258 715 59 26 lager
334 714 23 21 af
370 714 88 22 rävaror
474 715 39 21 och
528 714 84 28 färdiga
627 715 170 26 tillverkningar.

257 743 10 21 I
290 743 87 27 Sverige
398 743 55 21 hade
476 744 100 20 behofvet
591 743 22 21 af
627 750 25 14 en
669 743 151 25 omarbetning
835 742 48 20 utaf
895 741 119 21 författnin-

188 778 67 20 garna
280 772 108 26 angäende
413 772 203 27 förlagsinteckning
633 772 125 27 upprepade
781 770 81 28 gänger
877 770 96 26 päkallat
988 769 25 21 de

188 800 137 26 lagstiftande
349 800 188 27 myndigheternas
559 801 196 26 uppmärksamhet.
787 800 52 20 Dels
858 804 75 21 genom
948 798 67 26 kung-

188 828 43 27 liga
245 829 162 27 propositioner,
424 830 44 20 dels
483 836 76 20 genom
575 830 105 21 motioner
690 828 152 22 understäldes
865 828 69 20 denna
955 826 60 26 fräga

187 856 164 23 folkombudens
374 858 98 27 pröfning
490 858 35 21 vid
541 858 140 27 riksdagarna
697 858 56 22 1847
761 870 14 2 --
787 857 61 25 1848,
869 856 54 20 1859
937 851 77 39 —1860,

190 886 147 24 1865—1866,
362 887 60 25 1868,
447 887 61 25 1875,
533 887 54 21 1879
610 887 39 21 och
673 887 64 21 1883.
768 885 105 21 Behofvet
893 884 23 21 af
929 890 27 20 ny
971 884 44 25 lag-

188 915 109 26 stifning
294 907 13 40 i
319 917 71 19 ämnet
412 915 136 26 ifrågasattes
571 916 25 27 ej,
618 922 47 14 men
688 915 77 26 frågan
782 913 114 21 strandade
911 918 40 15 ena
965 911 50 27 gän-

187 950 42 21 gen
244 943 54 22 efter
312 944 40 21 den
362 944 74 25 andra,
452 944 45 21 dels
513 944 66 27 derpå
593 946 33 19 att
641 944 98 25 stånden,
756 948 57 21 resp.
828 942 115 21 kamrarna
957 942 56 19 stan-

188 973 55 20 nade
249 965 13 39 i
259 972 137 27 skiljaktiga
411 972 76 26 beslut,
504 973 45 20 dels
564 973 27 26 på
602 973 130 26 Konungens
743 973 81 24 vägran
835 970 23 21 af
867 970 30 21 sin
909 969 103 21 sanktion.

189 1001 36 21 Sin
248 1001 83 26 lösning
346 1001 68 21 erhöll
429 1001 123 21 densamma
567 1001 71 21 derför
653 1001 55 21 först
730 1006 78 21 genom
820 999 101 26 kungliga
932 997 81 21 förord-

187 1030 105 26 ningarna
299 1029 24 21 af
329 1030 41 20 den
379 1029 25 21 13
416 1029 60 27 April
489 1030 60 26 1883,
563 1029 109 27 angående
684 1027 213 28 förlagsinteckning,
905 1025 108 27 angående

187 1058 117 21 förändrad
319 1058 79 27 lydelse
414 1058 23 21 af
452 1059 25 20 17
493 1058 48 27 kap.
563 1060 6 19 7
586 1059 5 25 $
607 1058 184 25 Handelsbalken,
804 1056 40 21 och
857 1055 108 27 angående
973 1054 41 21 för-

189 1086 82 22 ändrad
281 1087 79 26 lydelse
371 1086 23 21 af
403 1087 13 20 2
427 1086 40 22 och
475 1087 12 21 5
496 1086 24 28 $$
528 1087 7 20 i
543 1087 170 26 Konkurslagen.
726 1086 10 21 I
745 1086 90 20 korthet
840 1084 68 26 sagdt,
915 1083 100 21 innebära

189 1116 63 21 dessa
266 1115 149 27 förordningar
430 1116 39 25 att,
486 1116 47 26 den,
548 1122 57 20 ,som
615 1116 61 26 gifvit
685 1115 72 26 förlag
767 1114 32 20 till
814 1113 93 21 idkande
915 1111 23 21 af
944 1112 71 26 bergs-

188 1144 57 21 bruk
260 1144 40 21 och
315 1143 131 27 grufvedrift,
463 1144 60 21 äfven
539 1145 38 21 der
593 1144 70 21 denna
675 1144 19 26 ej
707 1146 25 18 är
745 1145 33 19 att
794 1142 33 21 till
838 1140 119 28 bergsbruk
964 1140 51 20 hän-

188 1173 64 25 föras,
265 1173 52 21 eller
324 1172 32 21 till
366 1172 110 22 drifvande
488 1172 22 22 af
520 1173 77 25 fabrik,
609 1172 62 27 mjöl-
682 1172 54 21 eller
752 1171 113 27 säggvarn,
874 1168 141 27 boktryckeri,

188 1202 105 26 bryggeri,
312 1201 109 21 bränvins-
443 1201 52 21 eller
513 1201 207 27 kruttillverkning*,
737 1202 57 19 samt
811 1200 32 20 sin
857 1198 104 22 fordran
954 1193 10 39 i
976 1197 40 31 den

190 1230 96 27 ordning,
302 1230 178 26 förordningarna
495 1232 98 19 närmare
608 1230 136 24 föreskrifva,
762 1228 101 21 inteckna
874 1226 54 26 låtit,
940 1226 54 20 skall
1009 1232 7 14 i

188 1259 182 26 förlagstagarens
386 1258 94 21 konkurs
497 1258 83 27 åtnjuta
595 1258 141 22 förmänsrätt
752 1258 34 20 för
802 1257 32 21 sin
849 1256 97 21 fordran”
961 1255 7 20 i
981 1254 36 21 det

189 1294 46 14 som
250 1287 124 21 tillverkadt
389 1289 30 23 är,
431 1288 7 20 i
449 1287 25 21 de
485 1286 34 22 för
529 1287 163 27 tillverkningen
708 1286 92 21 afsedda
808 1284 109 26 räämnen,
925 1285 6 19 i
940 1284 28 20 all
977 1284 40 30 den

189 1316 143 26 lösegendom,
343 1322 51 14 vare
405 1316 31 26 sig
447 1316 112 25 maskiner,
571 1316 98 26 redskap,
681 1316 93 25 dragare
786 1314 53 21 eller
849 1315 71 22 annat,
929 1318 45 15 som
985 1311 32 20 till

188 1344 159 26 bergsbrukets,
358 1344 108 27 grufvans,
480 1344 109 21 fabrikens
600 1344 51 21 eller
661 1343 160 26 inrättningens
830 1341 109 22 drifvande
947 1340 70 25 hörer,

189 1375 56 18 samt
256 1373 7 21 i
270 1373 141 26 gäldenärens
422 1373 120 26 fordringar
557 1373 32 20 för
604 1373 81 20 sädana
700 1371 98 22 förskott
813 1371 7 20 i
835 1370 116 27 penningar
967 1368 50 21 eller

189 1407 70 20 varor,
270 1408 45 14 som
331 1401 34 21 för
379 1402 95 21 rörelsen
489 1401 97 21 lemnade
601 1403 44 21 äro,
661 1401 24 21 sä
701 1401 49 22 ock,
762 1400 35 21 vid
808 1400 69 25 förlag
887 1399 32 20 till
930 1397 87 22 bearbe-

189 1429 64 21 tande
269 1430 24 20 af
306 1430 67 21 andra
388 1431 87 26 grufvor
491 1432 26 19 än
531 1429 141 27 jerngrufvor,
683 1430 7 21 i
699 1429 78 27 sjelfva
786 1428 107 27 grufvan*.
918 1427 100 25 Förlags-

188 1457 98 28 gifvaren
308 1460 23 19 är
353 1459 109 20 dessutom
485 1459 114 20 tillerkänd
622 1459 105 26 rättighet
755 1459 33 19 att
817 1457 53 21 söka
892 1457 32 20 att
946 1455 72 26 gälde-

189 1489 78 19 närens
283 1487 103 26 egendom
409 1487 32 21 till
456 1487 95 21 konkurs
573 1487 96 21 afträdas
691 1487 64 25 skall,
783 1485 42 26 ,dä
847 1485 110 26 egendom,
973 1483 45 21 deri

189 1515 134 27 borgenären
337 1515 29 26 pä
380 1516 70 26 grund
464 1516 23 20 af
499 1516 202 26 förlagsinteckning
718 1521 52 20 eger
786 1514 145 24 förmänsrätt,
950 1512 68 21 blifvit

189 1544 34 21 för
238 1550 81 16 annans
334 1544 89 21 fordran
446 1546 79 19 utmätt
547 1544 39 21 och
609 1544 68 26 skälig
700 1543 120 27 anledning
842 1544 24 19 är
888 1543 33 19 att
938 1541 79 27 befara,
