1086 1773
78 125 13 17 3
103 125 47 20 maj.
385 124 109 21 Offentligt
505 124 96 20 register.
861 117 37 20 471

149 193 33 21 Hr
198 192 163 28 Stigzelius:
391 193 11 21 I
421 193 69 21 denna
511 192 100 28 paragraf
631 192 125 21 förutsättes
778 192 76 20 endast
873 192 31 19 att

80 222 83 21 inträde
180 222 87 26 beviljas
283 221 79 21 sådana
376 228 109 20 personer,
497 221 72 21 hvilka
579 221 64 21 redan
655 223 36 19 äro
702 220 119 22 inskrifna
816 216 12 36 i
833 226 69 14 annan

80 250 72 27 kyrka,
167 250 39 21 och
222 252 31 19 att
269 250 26 20 de
311 250 34 21 vid
361 250 38 20 sitt
409 250 83 21 inträde
505 250 59 20 skola
577 249 79 21 införas
669 250 7 20 i
687 249 105 26 offentligt
807 250 96 25 register.

80 279 42 21 Vid
138 278 155 27 behandlingen
309 278 22 21 af
341 278 67 21 första
420 278 125 27 paragrafen
557 278 7 20 i
575 278 35 21 det
622 278 56 21 förra
689 278 22 20 af
720 284 27 14 nu
759 277 145 27 iträgakomna

79 307 218 27 författningsförslag
317 307 193 21 äterremitterades
530 307 125 21 densamma
675 306 32 21 för
725 309 32 18 att
775 306 44 20 däri
836 304 67 22 skulle

80 336 80 21 införas
176 338 98 18 närmare
289 336 137 26 stadganden,
442 336 70 20 hvilka
526 336 92 26 ansägos
629 341 50 15 vara
690 334 126 26 erfoderliga
826 333 77 21 beträt-

80 364 63 21 fande
161 370 109 21 personer,
285 364 71 21 hvilka
370 364 39 27 fylt
424 364 24 21 21
466 364 23 21 år
505 364 38 21 och
559 364 27 21 dä
601 370 51 14 vore
669 364 95 26 skyldiga
778 364 31 20 att
824 362 79 21 införas

80 393 6 21 i
103 392 96 27 offenligt
214 393 97 26 register.
336 393 42 26 Jag
393 399 63 14 anser
471 395 31 18 att
518 399 75 20 genom
611 392 35 21 det
662 392 74 21 beslut,
752 398 46 14 som
815 390 88 22 sålunda

80 421 80 26 fattats,
176 422 105 20 utskottet
297 421 38 20 blir
351 421 5 20 i
372 421 80 20 tillfälle
468 424 36 22 att,
517 420 61 22 äfven
591 427 35 14 om
637 421 7 20 i
655 421 57 20 detta
722 420 100 21 afseende
833 420 70 25 nägon

81 449 122 28 otydlighet,
224 449 80 21 hvilket
323 449 38 27 jag
382 449 53 22 dock
457 450 45 21 icke
525 451 50 21 tror,
595 449 68 21 skulle
681 448 121 26 förefinnas,
818 447 20 22 fä
853 448 50 21 den-

81 485 81 14 samma
177 478 95 27 afhjälpt.

150 535 32 21 Hr
198 535 130 21 Stenroth:
361 535 87 27 Pyydän
464 535 120 27 puolestani
600 535 95 27 myöskin
711 535 64 21 saada
790 535 114 20 kaanattaa

81 564 142 21 valiokunnan
240 564 109 21 mietintöä
363 564 196 27 puheenaolevassa
572 564 118 21 suhteessa.
721 564 33 21 En
765 563 34 21 voi
808 563 95 24 käsittää,

81 595 44 18 että
146 593 90 20 voidaan
258 593 94 27 nykyään
376 599 72 19 sanoa,
470 595 44 19 että
530 593 141 21 lutherilanen
690 592 74 21 kirkko
783 591 120 22 mitenkään

81 621 117 27 harjoittasi
215 624 147 18 omantunnon
381 621 89 26 pakkoa.
500 621 82 22 Voihan
595 621 101 26 jokainen
717 621 91 21 Suomen
829 620 75 21 kansa-

81 650 76 24 lainen,
171 650 34 27 jos
221 650 41 21 hän
276 650 117 21 kuuluukin
410 650 157 21 lutherilaiseen
581 650 110 25 kirkkoon,
704 652 67 19 mutta
781 649 19 21 ei
811 648 93 27 hyväksy

81 678 143 21 lutherilaisen
249 678 75 21 kirkon
347 679 63 26 oppia
428 679 123 26 täydelleen,
567 681 58 18 ottaa
641 685 50 14 osaa
707 678 70 21 minkä
792 677 111 26 kirkkoyh-

81 707 126 27 dyskunnan
221 707 246 27 jumalanpalvelukseen
476 707 21 27 ja
514 707 183 21 kirkonmenoihin
709 707 89 21 tahansa
808 706 96 21 kadotta-

82 738 65 19 matta
171 742 36 14 sen
231 735 74 21 kautta
326 735 77 27 yhtään
420 736 84 21 ainoata
519 735 271 22 kansalaisoikeuksistaan.
818 735 28 21 Ja
860 735 43 20 kun

81 766 38 25 nyt
141 766 59 19 tässä
222 765 110 20 vaaditaan
354 765 130 24 ainoastaan,
503 767 43 18 että
566 771 43 18 sen,
622 764 52 27 joka
689 764 72 21 tahtoo
777 763 127 27 lopullisesti

82 793 73 26 siirtyä
170 793 46 26 pois
232 793 144 20 lutherilaisen
393 793 76 21 kirkon
484 793 131 27 yhteydestä,
631 793 56 20 tulee
699 793 103 25 selvittää,
812 794 43 19 että
863 791 41 21 hän

82 821 79 21 todella
183 827 27 15 on
233 822 97 26 siirtynyt
345 821 105 27 johonkin
466 822 81 21 toiseen
563 821 243 27 kirkkoyhdyskuntaan,
823 821 42 20 niin
882 826 23 15 se

82 856 27 14 on
137 850 93 21 minusta
254 850 62 21 aivan
341 850 145 21 luonnollinen
512 851 49 20 asia.
592 850 27 21 Se
642 856 26 15 on
688 850 23 27 jo
734 850 59 21 aivan
812 849 92 27 johdon-

81 878 143 22 mukaistakin
246 885 38 15 sen
303 879 78 21 valtion
403 879 101 27 puolelta,
519 879 52 27 joka
586 885 27 15 on
630 879 182 27 perustuslakinsa
828 877 76 21 ensim-

82 908 93 20 mäiseen
200 908 102 26 pykälään
328 910 109 18 asettanut
464 908 181 20 valtiokirkkonsa
670 906 235 22 uskontunnustuksen.

82 936 71 21 Valtio
177 936 19 21 ei
212 936 34 21 voi
270 936 41 21 olla
326 936 51 21 siksi
393 936 173 27 välinpitämätön
583 936 168 21 kansalaistensa
766 936 138 23 uskonnosta,

83 965 50 20 ettei
157 971 23 14 se
202 965 95 20 asettaisi
312 965 128 20 vaatimusta
461 965 79 20 kuulua
553 965 103 26 johonkin
673 964 193 25 uskontokuntaan,
882 969 23 15 se

82 993 19 20 ei
117 993 34 20 voi
167 993 73 21 suosia
255 993 155 21 uskonnollista
427 993 149 21 irtolaisuutta.
607 993 27 21 Se
649 995 98 24 myöntää
762 1005 27 2 —
802 993 23 26 ja
840 998 24 15 se
877 998 27 15 on

82 1021 61 21 aivan
169 1022 70 21 oikein
254 1034 28 2 —
298 1022 110 26 vapauden
434 1022 74 27 siirtyä
532 1022 47 27 pois
603 1021 159 22 valtiokirkosta
784 1021 52 25 sille,
854 1020 50 27 joka

83 1050 40 21 sitä
139 1053 146 18 omantunnon
302 1051 89 26 pakosta
407 1051 79 20 tahtoo.
509 1051 69 20 Mutta
594 1057 23 14 se
632 1053 81 18 asettaa
726 1049 86 22 samalla
823 1049 81 21 ainoas-

82 1081 48 18 taan
147 1085 36 14 sen
200 1079 155 23 vaatimuksen,
371 1081 43 18 että
430 1079 108 27 siirtyvien
554 1079 57 21 tulee
622 1079 79 20 kuulua
709 1078 102 27 johonkin
823 1078 81 21 toiseen

82 1107 244 27 kirkkoyhdyskuntaan.
345 1120 23 2 --
384 1108 58 20 Minä
465 1108 82 26 pyydän
571 1107 120 27 puolestani
710 1107 63 21 saada
788 1106 115 27 täydelleen

82 1135 114 22 kannattaa
211 1136 141 21 valiokunnan
369 1137 116 20 mietintöä.

151 1193 157 21 Diskussionen
329 1193 130 21 förklarades
483 1193 50 21 härä
555 1193 97 22 afslutad,
675 1193 39 21 och
736 1193 122 21 framstälde
881 1192 24 21 hr

83 1221 121 21 talmannen
220 1222 27 26 pä
263 1222 69 26 grund
347 1221 23 21 af
383 1222 26 21 de
425 1222 107 21 därunder
549 1222 74 27 gjorda
638 1221 106 27 förslagen
757 1221 91 27 följande
861 1227 44 14 om-

83 1250 268 27 röstningspropositioner
357 1257 4 14 :

154 1308 37 20 1:0.
223 1307 38 24 De,
277 1307 73 21 hvilka
367 1307 117 27 godkänna
505 1307 112 21 utskottets
632 1307 82 27 förslag
730 1307 35 20 till
780 1307 78 27 lydelse
870 1307 36 26 för

83 1336 12 19 1
109 1336 15 26 $
139 1336 49 20 med
211 1336 51 20 eller
277 1338 55 18 utan
353 1337 34 19 det
402 1336 77 27 tillägg
495 1336 27 21 hr
535 1336 113 21 Schwindt
663 1336 118 27 föreslagit,
797 1337 59 19 rösta
867 1335 37 27 ja;

82 1364 31 27 de,
128 1365 34 20 det
177 1364 44 21 icke
235 1367 60 24 göra,
312 1367 56 18 rösta
384 1364 49 27 nej;

151 1393 79 20 vinner
254 1393 40 27 nej,
309 1393 42 20 har
366 1393 176 26 borgareständet
559 1393 88 27 förenat
665 1393 33 26 sig
713 1399 34 14 om
766 1393 34 20 det
818 1392 88 27 förslag,

81 1427 46 14 som
144 1421 124 27 [ramstälts
282 1421 10 20 i
306 1421 41 21 den
363 1422 65 26 tredje
444 1422 36 20 till
496 1422 142 20 betänkandet
650 1421 76 28 fogade
736 1421 168 20 reservationen.

152 1478 105 27 Votering
272 1478 132 21 värkstäldes
420 1479 38 20 och
475 1478 61 21 utföll
552 1479 47 20 med
615 1479 28 20 46
655 1478 23 27 ja
693 1478 38 21 och
747 1479 27 21 20
790 1478 40 27 nej.
