1086 1745
47 106 28 16 27
87 105 52 17 febr.
228 105 204 17 Privatskollärares
445 104 238 22 tjänsteårsberäkning.
833 99 40 21 201

51 174 46 21 visa
111 173 63 22 hafva
188 174 57 21 skett
261 175 45 19 mot
321 173 142 21 statsskolans
479 173 73 21 lärare.
581 174 42 26 Jag
638 179 63 15 anser
717 172 32 23 för
765 173 64 27 öfrigt
844 175 31 20 att

51 209 26 14 en
99 202 95 27 petition,
217 208 47 15 som
287 202 52 21 skall
361 202 129 21 framställas
506 202 31 21 till
553 202 132 26 regeringen,
702 202 53 21 dock
771 202 38 21 bör
824 208 51 16 vara

51 231 72 26 sådan,
138 232 31 20 att
184 231 36 21 det
234 231 41 21 kan
290 230 69 22 finnas
372 231 65 25 något
451 230 58 27 hopp
525 237 33 14 om
575 232 32 20 att
622 230 44 22 däri
677 230 124 22 framstälda
811 231 63 21 önsk-

51 260 106 26 ningsmål
179 260 60 20 skola
261 259 65 21 blifva
347 259 193 27 tillmötesgångna.
569 260 42 26 Jag
631 258 33 22 för
687 259 43 21 min
753 259 34 21 del
807 259 68 21 skulle

51 288 117 21 emellertid
184 290 33 19 tro
233 289 32 20 att
279 288 126 26 regeringen
421 288 46 20 icke
482 288 40 20 kan
538 287 55 21 fästa
608 288 65 26 något
688 287 100 22 afseende
804 288 35 21 vid
849 294 25 14 en

51 317 95 26 petition,
162 323 46 15 som
225 317 62 26 ginge
303 316 54 21 ända
377 316 86 26 därhän,
479 318 31 19 att
526 316 39 21 den
581 316 100 21 fordrade
693 318 31 19 att
736 316 139 27 privatskole-

51 346 98 20 lärarena
172 345 68 21 skulle
262 344 21 22 få
304 345 49 21 hela
372 345 33 21 sin
421 345 110 27 tjänstetid
547 345 33 26 sig
595 345 170 27 tillgodoräknad
783 346 48 21 med
845 344 30 22 af-

52 374 77 21 seende
152 374 12 21 å
186 373 176 27 löneförhöjning.
391 374 27 21 Vi
441 373 63 22 hafva
527 375 42 19 sett
591 373 23 21 af
633 373 128 27 föregående
780 374 94 21 ständer-

51 402 114 27 petitioner
180 403 6 20 i
202 408 80 16 samma
305 402 55 27 syfte
375 404 31 19 att
421 402 126 27 regeringen
563 402 86 26 beviljat
661 402 55 21 blott
728 408 26 15 en
765 402 111 22 inskränkt

51 431 34 20 del
107 430 23 22 af
149 431 56 21 hvad
228 431 115 20 ständerna
364 431 81 26 begärt.
475 431 50 20 Man
547 437 64 14 anser
633 432 32 19 att
683 432 69 19 staten
769 431 53 21 dock
837 431 38 21 har

52 459 119 27 skyldighet
196 461 31 19 att
251 459 76 21 främst
350 459 113 27 tillgodose
488 465 55 20 egna
564 459 148 26 inrättningar.
742 459 92 22 Komma
855 459 21 21 vi

51 494 29 15 nu
105 489 48 20 med
175 487 63 22 altför
261 489 58 20 stora
334 487 127 27 fordringar,
481 487 64 22 blifva
561 487 26 22 de
602 488 48 21 med
667 487 98 22 säkerhet
780 488 45 21 icke
840 488 35 21 be-

51 516 83 27 viljade.
164 517 41 21 Om
228 523 48 14 man
299 516 66 21 håller
389 517 33 26 sig
444 517 58 20 inom
525 516 114 27 tillbörliga
660 519 95 24 gränser,
771 517 37 20 har
826 523 49 14 man

54 547 69 20 större
138 545 67 21 utsikt
220 547 31 19 att
266 545 22 21 få
302 545 47 21 sina
364 545 161 27 önskningsmål
542 545 108 26 beviljade.

121 603 32 20 Hr
169 603 156 20 Stenström:
355 603 42 26 Jag
418 602 50 21 ville
490 603 48 20 med
557 603 114 26 anledning
686 601 23 22 af
722 602 24 21 hr
762 601 113 22 Sundvalls

51 631 116 21 anförande
189 632 76 20 endast
288 633 77 19 nämna
386 633 31 19 att
440 631 40 21 den
505 631 190 26 omständigheten,
718 633 31 18 att
767 637 48 14 man
831 630 44 21 icke

51 660 38 21 har
105 659 167 28 förhoppningar
288 666 35 15 om
338 662 31 19 att
384 659 126 27 regeringen
526 660 53 21 skall
595 659 130 27 tillmötesgå
737 659 69 27 någon
819 660 56 20 stän-

52 689 76 20 dernas
144 689 103 25 anhållan,
262 689 115 26 ingalunda
392 687 121 22 afskräcker
527 689 43 26 mig
579 688 47 21 från
637 690 30 19 att
678 688 118 21 framställa
807 688 69 21 denna

51 717 104 26 anhållan,
171 723 34 15 om
218 717 39 27 jag
272 717 55 21 blott
341 716 68 21 finner
425 717 39 21 den
482 723 50 15 vara
547 717 80 21 rättvis.

119 745 95 21 Jämföra
236 746 20 20 vi
278 746 107 20 lärarenas
408 746 34 20 vid
463 746 116 20 statsskola
593 745 107 21 förmåner
717 745 47 21 med
781 745 45 20 dem
843 745 32 20 för

52 774 95 21 lärarena
162 774 7 20 i
186 774 177 26 privatskolorna,
387 774 24 20 så
426 776 28 23 är,
471 774 61 21 äfven
555 780 35 15 om
606 780 49 15 man
674 774 67 20 skulle
757 773 78 21 bereda
850 773 26 21 de

52 803 117 21 sistnämda
188 802 106 22 förmåner
313 802 54 21 ända
382 802 80 21 därhän
479 809 46 15 som
541 803 6 20 i
562 802 235 27 petitionsmemorialet
811 801 64 23 afses,

51 831 108 21 lärarenas
175 832 34 20 vid
225 831 116 21 statsskola
357 831 100 26 ställning
473 831 67 27 enligt
558 831 43 21 min
617 830 141 28 öfvertygelse
773 831 5 20 i
790 830 41 21 alla
840 829 36 22 fall

51 860 104 26 betydligt
173 860 154 26 förmånligare.
357 860 50 20 Man
422 860 34 20 må
472 860 7 20 i
495 860 74 20 sådant
587 859 100 22 afseende
703 859 17 26 ej
738 859 92 26 glömma
845 860 31 19 att

51 888 68 21 lärare
141 888 39 21 och
204 888 119 21 lärarinnor
339 888 34 21 vid
396 887 144 28 privatskolor
555 888 106 26 anställas,
677 888 7 20 i
708 887 73 27 regeln
800 887 75 21 åtmin-

52 918 67 25 stone,
135 917 48 21 med
194 917 44 21 viss
253 917 185 26 uppsägningstid.
469 917 76 20 Denna
560 917 113 21 osäkerhet
684 918 24 19 är
719 916 116 27 ingalunda
845 917 32 19 att

52 945 144 21 underskatta.

121 1003 32 20 Hr
173 1002 132 22 Sundvall:
336 1002 42 22 Vill
394 1009 49 14 man
458 1002 92 27 jämföra
565 1003 226 26 privatskollärarenas
807 1001 68 22 vilkor

51 1031 49 21 med
116 1031 203 26 statsskollärarena,
336 1031 34 21 må
385 1037 49 15 man
452 1031 56 21 fästa
524 1031 32 27 sig
571 1031 35 21 vid
619 1033 30 20 att
662 1031 215 27 privatskollärarena

51 1059 63 22 hafva
137 1066 25 15 en
185 1059 67 22 fördel
275 1059 87 22 framför
378 1059 201 22 statsskollärarena
595 1060 45 21 däri
655 1062 30 19 att
701 1060 26 21 de
741 1059 22 21 få
777 1059 98 27 tillgodo-

52 1088 67 21 räkna
139 1089 32 26 sig
186 1089 47 20 sina
248 1088 103 27 tjänsteår
366 1089 49 20 med
430 1095 26 14 en
472 1089 143 26 tjänstgöring
631 1088 22 21 af
666 1089 27 20 20
708 1089 85 20 timmar
807 1088 7 21 i
829 1093 47 16 vec-

52 1117 48 25 kan,
115 1117 76 21 medan
207 1117 95 21 däremot
319 1117 172 21 statsskollärare
506 1117 62 22 hafva
581 1117 27 21 22
621 1117 89 21 timmar.
735 1117 77 20 Denna
827 1115 49 22 skil-

52 1145 42 21 nad
109 1147 24 19 är
145 1145 24 27 ju
186 1145 22 22 af
222 1146 50 21 vikt.

122 1203 32 20 Hr
179 1203 141 21 Schwindt:
351 1203 150 21 Valiokunnan
525 1203 154 21 ehdotuksessa
696 1209 26 14 on
740 1204 47 19 eräs
806 1201 71 26 kohta,

49 1231 53 26 joka
116 1232 73 20 minua
204 1231 78 22 hiukan
298 1231 118 28 epäilyttää.
447 1231 43 22 Sen
503 1231 91 22 mukaan
611 1231 87 22 saisivat
712 1230 165 28 yksityiskoulu-

50 1260 36 26 jen
103 1260 103 27 opettajat
221 1260 62 21 lukea
298 1260 136 21 virkavuosia
449 1261 159 20 suorittamatta
620 1259 195 22 minkäännäköisiä
827 1259 50 26 käy-

53 1289 121 20 tännöllisiä
195 1289 90 20 kokeita.
317 1289 73 20 Silloin
411 1289 81 26 tietysti
514 1289 19 21 ei
547 1289 48 21 olisi
610 1289 79 20 takeita
704 1289 52 25 siitä,
775 1289 44 20 että
841 1289 36 19 nä-

53 1318 44 20 mät
119 1317 103 27 opettajat
246 1317 71 21 voivat
339 1317 140 21 kelvollisesti
502 1319 85 25 opettaa
609 1317 28 21 tai
652 1318 44 20 että
710 1316 63 21 heillä
788 1322 27 15 on
829 1315 48 27 jon-

53 1345 120 21 kunmoisia
195 1345 78 27 lahjoja
299 1346 138 20 tämmöiseen
460 1346 99 21 toimeen.
589 1345 76 21 Kaikki
689 1345 107 27 opettajat,
816 1343 62 28 jotka

53 1376 50 19 ovat
118 1374 79 21 valtion
213 1374 116 25 kouluissa,
345 1377 50 18 ovat
410 1374 141 21 suorittaneet
566 1374 90 21 kokeita.
677 1374 27 21 Ja
718 1374 69 20 onhan
798 1372 80 22 useasti

54 1402 70 27 nähty,
139 1404 44 19 että
198 1402 103 27 opettajat
316 1402 56 21 eivät
387 1402 33 21 ole
437 1403 85 20 voineet
538 1403 63 20 saada
617 1402 117 21 vakinaista
746 1402 73 21 virkaa
829 1400 50 21 siitä

53 1432 78 25 syystä,
151 1432 44 19 että
209 1431 27 20 he
251 1432 50 19 ovat
316 1431 85 20 voineet
416 1431 66 21 saada
497 1431 122 21 ainoastaan
635 1431 132 21 alaarvoisen
783 1430 94 21 arvoste-

53 1459 37 20 lun
116 1459 217 27 opettajakyvystään.
362 1459 76 21 Minun
461 1459 119 21 mielestäni
602 1461 60 19 tuota
680 1459 127 26 poikkeusta
821 1457 56 27 yksi-

53 1487 143 27 tyiskoulujen
222 1487 115 27 opettajain
363 1487 89 27 hyväksi
475 1488 19 20 ei
517 1488 47 21 olisi
582 1488 66 21 tarvis
664 1489 77 24 säätää,
761 1493 54 15 vaan
831 1486 47 21 olisi
