1086 1773
40 112 29 16 20
82 116 63 12 mars.
335 101 240 33 Sakförareföreningar.
825 101 41 21 283

111 180 23 27 88
149 180 19 25 2,
184 179 13 21 3
212 179 39 21 och
267 179 14 20 4
297 178 123 27 godkändes
436 179 52 20 utan
503 177 148 27 anmärkning.

111 236 42 22 Vid
162 236 153 27 föredragning
325 235 22 21 af
355 235 11 28 8
376 235 14 21 5
400 235 95 27 föreslog
506 235 25 21 hr
542 234 121 22 talmannen
674 235 32 20 att
718 233 147 21 diskussionen

41 265 55 21 först
111 265 69 21 skulle
195 265 117 27 begränsas
328 264 31 21 till
374 263 139 28 paragrafens
528 263 68 21 första
611 264 101 20 moment.

111 322 68 21 Ordet
194 322 104 26 begärdes
313 320 23 22 af

111 379 24 21 hr
179 379 92 25 Öhman,
288 385 46 15 som
349 378 95 27 yttrade:
459 378 42 26 Jag
512 377 94 21 anhäller
615 384 34 14 om
657 378 31 20 att
696 376 171 28 beträffande
838 370 10 39 8
857 370 14 39 5

41 414 65 14 mom.
125 408 10 20 1
153 407 21 21 få
187 407 131 22 understöda
329 408 40 20 den
384 407 67 21 andra
464 406 144 21 betänkandet
617 405 113 27 vidfogade
740 406 126 20 reservatio-

42 442 47 20 nen,
102 436 64 21 hvars
177 436 56 21 kläm
244 436 67 27 lyder:
324 438 43 18 »att
377 435 144 21 betänkandet
530 435 67 21 måtte
607 434 167 21 äterremitteras
785 434 32 21 till
823 434 43 27 lag-

43 464 106 22 utskottet
163 464 32 21 för
210 466 33 20 att
257 464 162 21 omformuleras
434 464 8 20 i
457 464 77 20 sädant
549 463 60 27 syfte,
625 465 31 19 att
667 470 25 14 ur
705 463 35 21 det
751 463 45 21 däri
808 463 58 27 ingä-

42 493 55 21 ende
118 492 219 28 författningsförslag
356 492 105 22 uteslutas
483 492 41 21 alla
539 492 26 21 de
581 492 140 26 stadganden,
736 491 71 21 hvilka
821 491 46 21 afse

41 524 33 18 att
96 522 131 26 fullmäktigs
249 522 86 25 arvode,
351 522 38 20 där
404 521 18 27 ej
439 521 55 21 visst
508 520 51 22 aftal
574 522 23 19 är
613 520 77 31 gjordt,
707 520 52 21 skall
774 520 92 21 bestäm-

42 556 47 15 mas
112 551 66 26 enligt
200 552 68 19 taxa».
297 551 42 26 Jag
359 556 62 15 auser
444 550 44 26 mig
509 550 75 20 härvid
605 549 73 21 kunna
693 548 116 22 inskränka
823 548 44 27 mig

43 579 31 21 till
97 581 32 19 att
151 579 93 27 äberopa
264 579 26 21 de
311 579 51 25 skäl,
380 585 46 15 som
442 578 70 21 finnas
527 578 89 21 anförda
631 578 27 26 pä
673 578 54 20 sidd.
743 578 25 20 10
785 577 39 21 och
840 578 25 20 11

43 608 31 20 uti
96 608 145 20 betänkandet
263 608 39 20 och
325 608 28 26 pä
374 607 71 21 hvilka
467 607 160 21 reservationen
650 606 62 21 äfven
735 606 72 21 stöder
828 606 38 26 sig.

43 636 106 21 Särskildt
168 636 39 21 bör
227 636 38 27 jag
286 636 54 21 dock
355 636 110 20 framhälla
480 638 37 23 att,
533 636 24 20 sä
571 635 62 27 länge
649 635 158 26 advokattväng
821 634 46 21 icke

43 665 7 20 i
65 665 48 21 värt
132 665 49 21 land
202 664 69 22 finnes
291 665 6 20 i
317 664 160 27 lagstiftningen
493 664 84 25 infördt,
594 664 36 20 det
645 664 67 26 enligt
727 664 47 20 mitt
789 662 78 22 förme-

43 694 70 20 nande
134 694 45 20 icke
200 694 67 20 häller
288 693 68 21 finnes
377 693 66 26 nägot
464 693 47 21 skäl
526 694 31 20 att
572 692 105 21 fastställa
693 695 48 18 taxa
755 692 32 20 för
803 692 63 21 advo-

43 722 66 21 kater.
136 722 144 26 Vidtagandet
295 722 22 21 af
331 728 26 14 en
370 722 65 20 sådan
447 721 222 27 lagstiftningsätgärd
680 721 104 21 innebure
795 722 30 19 att
835 720 32 21 uti

43 750 38 21 vär
96 750 134 27 lagstiftning
241 750 69 22 införa
321 757 26 14 en
358 750 32 21 för
402 751 124 21 densamma
538 756 89 14 numera
637 749 131 21 främmande
779 749 88 27 princip,

43 779 40 21 och
98 779 163 21 konsekvensen
278 779 68 21 skulle
361 779 34 21 väl
415 778 110 22 föranleda
540 778 75 26 därtill,
631 780 31 19 att
677 778 61 21 äfven
753 777 34 21 för
801 778 66 20 andra

43 814 110 20 personer,
169 814 45 14 som
232 808 84 26 betjäna
326 807 149 25 allmänheten,
486 807 103 21 likartade
598 808 61 20 taxor
669 807 68 21 borde
744 806 123 21 fastställas.

43 836 11 21 I
77 836 76 21 sådant
176 836 100 21 afseende
299 836 34 21 mä
356 836 101 21 särskildt
480 838 89 19 nämnas
591 836 7 20 i
619 835 72 21 landet
706 835 161 27 praktiserande

43 864 78 22 läkare.
151 865 43 21 Det
213 871 57 19 vore,
291 865 66 27 enligt
377 865 56 21 hvad
451 864 39 27 jag
509 864 41 21 kan
566 864 62 26 finna,
645 866 29 18 ett
690 864 128 27 återgående
836 863 31 21 till

44 893 158 27 skråperioden,
219 894 27 21 då
265 894 27 27 på
307 894 164 27 magistraterna
486 894 6 20 i
508 893 101 21 städerna
624 893 78 21 ankom
717 895 31 18 att
763 892 105 21 fastställa

43 924 62 19 taxor
128 922 33 21 för
185 923 105 20 särskilda
311 922 223 27 förnödenhetsvaror,
556 921 33 22 för
605 921 102 22 särskilda
723 921 144 27 yrkesidkare,

43 951 72 21 såsom
132 951 98 25 slaktare,
246 951 77 27 bagare
338 957 28 15 m.
381 951 19 21 fl.
430 951 42 26 Jag
488 951 36 20 ber
540 950 100 27 slutligen
655 952 32 19 att
702 949 21 22 få
737 950 70 21 erinra
820 949 47 22 där-

43 985 36 15 om
101 981 32 19 att
155 980 177 26 borgareståndet
354 980 34 21 vid
411 979 53 21 1897
484 979 34 22 års
535 979 101 26 landtdag
648 979 48 20 med
712 978 156 27 öfvervägande

41 1008 110 26 pluralitet
166 1009 94 20 uttalade
276 1009 33 26 sig
323 1008 33 21 för
371 1010 31 19 att
417 1008 67 27 några
500 1010 59 19 taxor
575 1007 32 22 för
623 1007 108 21 sakförare
744 1007 46 21 icke
803 1007 66 21 borde

42 1037 8 20 i
65 1037 162 26 lagstiftningen
242 1037 87 21 införas.

111 1094 33 20 Hr
159 1094 73 21 Eck:
263 1094 70 21 Också
345 1094 37 26 jag
397 1093 91 21 föreslår
503 1096 32 18 att
550 1093 240 21 utskottsbetänkandet
803 1093 66 20 måtte

41 1122 167 22 återremitteras
224 1122 32 21 till
270 1122 141 27 lagutskottet
421 1122 7 21 i
440 1122 36 21 det
486 1122 100 21 afseende
595 1122 68 21 första
675 1122 39 20 och
725 1122 66 21 andra
801 1126 68 16 reser-

41 1151 126 21 vationerna
181 1151 112 21 innehålla.

112 1209 32 21 Hr
160 1209 157 27 Kyander:
347 1209 83 21 Vaikka
444 1209 81 21 arvelin
537 1209 14 21 5
565 1209 32 27 8:n
613 1208 150 22 ensimmäisen
775 1213 94 15 momen-

43 1238 31 20 tin
97 1238 91 20 suhteen
211 1238 77 21 lausua
309 1238 121 27 ajatukseni
449 1240 61 19 vasta
526 1244 73 14 saman
615 1237 90 27 pykälän
721 1237 89 21 toisesta
824 1242 45 14 mo-

44 1266 101 21 mentista
167 1266 188 25 keskusteltaessa,
378 1267 44 20 niin
446 1266 80 22 tahdon
542 1266 117 26 kuitenkin,
674 1266 44 21 kun
733 1267 58 19 tämä
805 1264 66 21 kohta

43 1301 27 15 on
93 1296 69 20 otettu
186 1296 97 20 erikseen
306 1295 166 26 käsiteltäväksi,
492 1295 24 27 jo
538 1297 38 25 nyt
599 1301 37 15 sen
652 1294 70 21 tehdä.
738 1306 23 3 —
780 1293 90 21 Vastoin

43 1323 52 21 niitä
117 1324 138 26 mielipiteitä,
274 1324 55 26 joita
343 1324 97 20 edelliset
455 1324 94 20 arvoisat
563 1323 91 27 puhujat
669 1325 51 19 ovat
733 1324 58 20 tästä
805 1321 65 21 valio-

42 1352 87 21 kunnan
152 1352 154 22 ehdotuksesta
328 1352 118 26 lausuneet,
465 1352 122 21 rohkneisin
610 1352 41 20 olla
674 1352 83 20 eriävää
772 1350 99 27 ajatusta.

42 1380 59 21 Minä
123 1381 123 27 pidättäisin
269 1381 150 21 ensimmäisen
442 1381 117 21 momentin
581 1386 38 15 sen
642 1380 135 21 sisältöisenä
789 1379 22 27 ja
826 1378 45 20 niin

43 1408 130 27 kuuluvana,
194 1410 52 20 kuin
265 1416 23 14 se
303 1410 143 20 valiokunnan
463 1410 139 20 mietinnössä
617 1415 28 15 on
660 1409 128 21 luettavana.
818 1406 53 22 Kat-

43 1443 39 15 son
98 1438 61 20 aivan
175 1438 112 26 varmaksi,
302 1440 44 19 että
361 1438 150 21 varsinaisissa
528 1438 144 26 prosesseissa
682 1436 121 28 välipuheet
817 1436 54 20 asia-

42 1466 91 21 miesten
156 1466 128 27 palkkioista
303 1466 93 21 kaikissa
411 1466 136 27 tapauksissa
562 1466 81 21 tulevat
658 1466 95 20 olemaan
768 1465 104 21 sääntönä

41 1494 23 26 ja
87 1494 111 22 tavalliset.
228 1495 33 21 En
284 1495 58 21 luule
361 1495 144 27 käytännössä
525 1494 85 22 tulevan
628 1494 60 27 juuri
707 1493 164 28 kysymykseen-
