1089 1770
72 116 15 18 3
101 117 60 21 april.
383 113 211 29 Finansrelationen.
860 110 42 22 375

72 185 175 27 räkenskaperna
268 185 97 27 vidfogas
389 185 51 21 eller
462 186 110 26 samtidigt
594 186 48 21 med
666 186 142 21 statsvärkets
826 186 75 20 räken-

73 214 79 26 skaper
167 214 7 20 i
189 214 64 26 öfrigt
268 213 32 22 för
318 214 163 21 statsutskottet
495 216 85 25 upptes,
597 215 24 21 sä
637 220 51 16 vore
703 215 37 20 det
755 214 54 22 dock
824 214 22 21 af
860 214 41 26 god

73 242 93 27 ordning
188 241 110 28 betingadt
321 245 31 19 att
375 242 31 21 till
429 242 174 28 räkenskaperna
623 243 61 27 fogas
703 249 26 15 en
745 242 155 22 underrättelse

72 271 48 21 frän
143 271 203 21 statssekretariatet
361 271 80 25 därom,
457 273 32 19 att
503 272 139 26 redovisning
657 274 37 24 egt
709 278 47 14 rum
773 272 6 20 i
795 271 40 21 den
852 271 48 21 ord-

74 300 58 26 ning,
147 306 47 15 som
209 300 35 20 vid
259 300 108 26 anslagets
383 300 121 26 beviljande
518 300 148 26 föreskrifvits,
682 300 39 21 och
737 300 68 21 tillika
817 298 83 28 uppgift

73 328 29 27 pä
117 328 36 21 det
167 328 33 21 för
215 328 72 27 hvarje
303 328 57 27 gång
375 328 127 22 redovisade
518 328 106 28 beloppet.

143 357 33 21 En
199 357 140 27 anmärkning
361 357 73 21 härom
459 357 53 21 hade
528 358 66 26 enligt
610 357 42 21 min
669 357 63 21 tanke
748 356 45 22 haft
808 357 45 21 skäl
868 356 32 21 för

72 386 36 26 sig
123 386 30 20 uti
169 385 172 21 statsutskottets
356 386 140 21 betänkande.
526 386 50 21 Men
589 386 37 27 jag
638 386 37 20 vill
686 386 54 21 dock
750 386 46 21 icke
807 384 93 28 uttryck-

73 414 57 26 ligen
145 414 52 26 yrka
212 414 27 26 på
255 416 30 19 ett
305 414 73 27 tillägg
393 415 6 20 i
415 414 59 21 detta
490 414 99 22 afseende
604 414 32 22 till
652 414 144 22 betänkandet
811 414 38 22 och
863 414 38 26 jag

73 442 102 21 behöfver
191 442 24 21 sä
230 442 82 27 mycket
327 443 82 20 mindre
424 444 54 25 göra
492 443 41 24 det,
546 449 47 15 som
610 443 46 25 den,
672 443 85 20 hvilken
772 442 64 22 saken
853 444 47 19 när-

71 473 59 19 mast
145 473 41 24 rör,
201 477 88 15 numera
305 471 66 27 enligt
386 471 54 21 hvad
461 471 136 27 tidningarna
612 473 58 20 vetat
685 471 97 21 meddela
797 473 23 19 är
834 471 65 21 abon-

73 502 53 19 nent
147 500 28 26 pä
197 500 94 21 ständets
314 500 107 27 protokoll
444 500 40 21 och
507 500 90 21 sälunda
618 500 46 21 frän
687 500 47 21 dem
751 500 41 21 kan
807 499 94 22 inhämta

74 528 119 21 kännedom
217 535 34 14 om
274 528 36 21 det
329 529 162 26 önskningsmäl
511 529 39 26 jag
564 529 7 20 i
586 529 59 21 detta
660 529 154 26 sammanhang
829 529 71 20 ansett

73 557 44 26 mig
132 557 53 21 böra
199 557 106 21 framföra.

143 614 33 21 Hr
191 614 170 27 Wegelius:
377 614 41 21 Vid
434 614 91 27 tidigare
540 614 126 27 landtdagar
681 615 28 26 pä
721 615 27 20 70
760 614 39 21 och
812 613 88 22 80-talet

72 642 91 27 plägade
188 642 44 21 ofta
256 643 35 20 vid
316 642 157 27 behandlingen
496 643 22 21 af
538 643 68 26 tredje
628 643 143 21 hufvudtiteln
792 642 108 27 angäende

71 671 135 21 Tandsstaten
223 673 62 25 göras
301 671 123 21 uttalanden
447 678 35 14 om
498 671 171 22 önskvärdheten
685 671 21 22 at
721 678 25 14 en
763 671 138 26 omställning

72 699 24 22 af
116 698 142 29 kronofogde-
281 700 39 21 och
338 699 296 28 häradskrifvaretjänsterna,
650 700 109 21 eventuelt
774 699 126 27 indragning

71 727 25 22 af
109 729 123 26 nägondera
247 728 22 21 af
282 729 54 20 dem.
366 729 70 21 Sedan
453 729 49 21 dess
518 729 38 21 har
571 729 7 20 i
594 729 73 26 början
683 729 29 26 pä
726 729 90 20 90-talet
830 728 70 21 denna

72 757 61 27 fråga
148 757 55 21 varit
217 757 88 21 föremål
319 757 33 21 för
367 757 103 27 pröfning
484 757 22 21 af
520 764 26 14 en
562 757 85 25 komité,
662 757 39 21 och
717 764 45 14 som
779 757 69 21 denna
863 756 36 21 ko-

72 785 52 22 mit6
145 788 72 19 ansett
237 786 67 26 bägge
320 786 63 21 dessa
398 786 91 27 tjänster
504 786 134 27 oumbärliga
652 786 40 21 och
707 786 125 27 regeringen
849 785 50 26 god-

72 814 53 21 känt
146 814 107 21 komitens
273 814 142 27 uppfattning,
431 814 39 21 har
485 814 74 27 frågan
575 814 92 21 förfallit.
696 815 42 26 Jag
753 815 37 20 ber
806 813 93 22 emeller-

72 843 32 21 tid
125 844 32 19 att
178 843 34 21 vid
236 843 58 20 detta
313 843 82 21 tillfälle
410 843 22 21 fä
448 843 132 21 äterkomma
596 843 31 21 till
642 843 70 21 denna
726 843 66 26 fräga,
807 843 45 20 icke
867 841 33 22 för

71 873 34 19 att
118 871 119 21 framställa
251 872 65 26 nägot
331 871 85 27 förslag,
433 874 52 18 utan
500 872 33 20 för
548 874 30 18 att
594 872 68 20 under
677 871 83 21 formen
773 871 23 21 af
804 873 30 19 ett
846 872 54 20 utta-

71 900 64 20 lande
159 900 68 21 under
249 900 149 21 diskussionen
422 900 87 21 utkasta
528 906 26 15 en
570 900 69 26 tanke,
652 906 46 15 som
715 900 99 26 möjligen
831 899 69 21 kunde

71 934 65 15 anses
151 928 89 27 förtjänt
261 928 22 21 af
296 929 70 26 nägon
383 928 196 27 uppmärksamhet,
596 929 40 21 den
653 929 105 26 nämligen
775 930 31 19 att
821 927 79 21 antalet

72 956 184 22 häradsskrifvare
271 957 7 21 i
293 957 73 27 hvarje
380 957 35 21 län
427 957 70 21 skulle
507 958 113 20 reduceras
632 957 30 21 till
673 957 79 21 hälften
762 956 51 22 eller
823 956 77 26 tredje-

71 985 63 21 delen
158 986 39 20 och
222 986 63 21 dessa
302 985 184 22 häradsskrifvare
500 986 102 21 anställas
617 986 36 21 vid
668 985 160 27 länestyrelsen.
857 984 43 21 Hä-

71 1014 184 21 radsskritvarens
277 1014 118 21 förnämsta
418 1014 114 27 äliggande
554 1016 24 19 är
598 1017 31 19 att
651 1014 115 22 värkställa
787 1013 114 27 uträkning

71 1042 41 21 och
127 1042 121 28 debitering
263 1042 22 22 af
299 1043 26 21 de
340 1043 83 21 direkta
439 1043 119 26 skatterna;
574 1043 53 21 hans
644 1042 196 27 debiteringslängd
850 1041 50 21 eller

70 1071 43 21 den
137 1077 16 15 s.
176 1072 19 20 k.
219 1072 179 26 uppbördsboken
422 1072 84 21 lämnas
522 1072 23 20 af
557 1072 78 21 honom
652 1072 31 20 till
699 1072 139 26 guvernören,
854 1076 46 15 som

71 1099 94 21 därefter
189 1100 137 21 öfversänder
349 1100 41 21 den
413 1100 32 21 till
469 1100 147 27 kronofogden
639 1100 33 21 för
688 1100 137 27 uppbördens
840 1098 62 22 värk-

71 1128 113 21 ställande.
214 1129 76 21 Denna
309 1129 157 27 uppbördsbok
488 1129 38 21 har
548 1129 105 21 härintills
668 1129 46 21 icke
731 1128 72 22 behöft
818 1127 83 27 ätföljas

71 1156 24 22 af
108 1163 26 14 en
150 1156 123 22 verificerad
288 1157 137 27 redogörelse
440 1157 34 21 för
489 1158 147 26 debiteringen
652 1157 39 21 och
706 1157 90 21 sålunda
806 1156 17 27 ej
836 1156 66 21 häller

72 1185 83 21 kunnat
177 1192 51 14 vara
249 1185 88 22 föremäl
359 1185 33 25 för
415 1186 139 27 granskning,
578 1189 50 18 utan
644 1186 38 21 har
698 1186 65 21 sädan
780 1184 122 22 verificerad

73 1214 138 26 redogörelse
227 1221 28 14 nu
271 1214 54 21 först
340 1214 53 21 efter
409 1215 140 26 uppbördens
565 1214 120 21 afslutande
701 1214 114 27 uppgjorts
831 1212 22 21 af
866 1212 36 21 hä-

73 1242 169 21 radsskrifvaren
252 1243 38 20 och
299 1243 205 26 uppbördsmannen
515 1243 146 26 kronofogden
672 1244 138 25 gemensamt.
820 1241 82 22 Genom

73 1271 41 20 den
123 1277 41 20 nya
172 1271 238 27 räkenskapsreformen
418 1271 81 22 införes
508 1271 129 21 härutinnan
646 1271 40 21 den
694 1271 96 26 ändring,
799 1272 31 19 att
835 1270 36 21 det
879 1271 23 19 är

73 1299 204 22 häradsskrifvaren.
296 1306 46 14 som
359 1302 76 24 genast
451 1300 36 21 vid
502 1300 184 27 räkenskapernas
701 1299 133 22 aflämnande
849 1297 53 22 skall

73 1327 93 21 aflämna
189 1328 77 20 nämda
281 1328 136 21 verificerade
433 1328 137 27 redogörelse
593 1328 33 21 för
648 1328 154 26 debiteringen,
817 1326 86 29 hvilken

73 1356 106 26 granskas
203 1356 23 21 af
245 1356 153 27 länestyrelsen
424 1356 66 22 innan
515 1356 126 28 uppbörden
662 1362 50 21 eger
728 1361 54 16 rum.
812 1354 92 22 Äfven
890 1350 18 38 i

73 1383 66 27 öfrigt
154 1384 96 28 ätskiljas
265 1391 59 15 mera
339 1385 90 21 distinkt
445 1387 27 19 än
487 1385 59 21 förut
561 1385 215 27 uppbördsmannens
792 1384 39 21 och
846 1383 58 21 debi-

74 1413 188 27 teringsmannens
287 1414 133 26 åligganden.
460 1414 83 21 Sådana
568 1418 158 22 gemensamma
749 1412 155 26 förrättningar

73 1440 35 22 för
123 1441 182 22 häradsskritvare
325 1442 38 22 och
385 1442 141 27 kronofogde,
542 1448 46 15 som
604 1442 58 21 förut
677 1442 138 24 förekommo,
832 1440 71 21 såsom

74 1470 141 26 uppgörande
237 1470 22 21 af
280 1470 228 27 uppbördsrelationer
532 1470 39 22 och
593 1470 261 26 restantieförteckningar
876 1474 28 15 m.

74 1504 34 20 m.,
131 1498 86 21 komma
238 1498 45 22 icke
303 1505 59 15 mera
377 1499 6 20 i
398 1498 68 28 fråga.
496 1499 42 21 Det
554 1499 55 21 enda
624 1498 111 27 äliggande
751 1498 26 21 de
792 1497 62 21 hafva
870 1502 36 22 ge-
