<?xml version="1.0" encoding="UTF-8"?>
<alto xmlns="http://www.loc.gov/standards/alto/ns-v3#" xmlns:xlink="http://www.w3.org/1999/xlink" xmlns:xsi="http://www.w3.org/2001/XMLSchema-instance" xsi:schemaLocation="http://www.loc.gov/standards/alto/ns-v3# http://www.loc.gov/alto/v3/alto-3-0.xsd">
	<Description>
		<MeasurementUnit>pixel</MeasurementUnit>
		<sourceImageInformation>
			<fileName>/tmp/tess_fdz4zowe_input.PNG</fileName>
		</sourceImageInformation>
		<OCRProcessing ID="OCR_0">
			<ocrProcessingStep>
				<processingSoftware>
					<softwareName>tesseract 5.3.4</softwareName>
				</processingSoftware>
			</ocrProcessingStep>
		</OCRProcessing>
	</Description>
	<Layout>
		<Page WIDTH="1086" HEIGHT="1745" PHYSICAL_IMG_NR="0" ID="page_0">
			<PrintSpace HPOS="0" VPOS="0" WIDTH="1086" HEIGHT="1745">
				<ComposedBlock ID="cblock_0" HPOS="67" VPOS="100" WIDTH="827" HEIGHT="29">
					<TextBlock ID="block_0" HPOS="67" VPOS="100" WIDTH="827" HEIGHT="29">
						<TextLine ID="line_0" HPOS="67" VPOS="100" WIDTH="827" HEIGHT="29">
							<String ID="string_0" HPOS="67" VPOS="109" WIDTH="26" HEIGHT="16" WC="0.95" CONTENT="10"/><SP WIDTH="13" VPOS="109" HPOS="93"/>
							<String ID="string_1" HPOS="106" VPOS="109" WIDTH="52" HEIGHT="16" WC="0.96" CONTENT="febr."/><SP WIDTH="140" VPOS="109" HPOS="158"/>
							<String ID="string_2" HPOS="298" VPOS="104" WIDTH="247" HEIGHT="25" WC="0.91" CONTENT="Ålderdomsförsäkring"/><SP WIDTH="12" VPOS="104" HPOS="545"/>
							<String ID="string_3" HPOS="557" VPOS="108" WIDTH="24" HEIGHT="17" WC="0.96" CONTENT="af"/><SP WIDTH="10" VPOS="108" HPOS="581"/>
							<String ID="string_4" HPOS="591" VPOS="108" WIDTH="103" HEIGHT="16" WC="0.96" CONTENT="arbetare."/><SP WIDTH="173" VPOS="108" HPOS="694"/>
							<String ID="string_5" HPOS="867" VPOS="100" WIDTH="27" HEIGHT="21" WC="0.95" CONTENT="85"/>
						</TextLine>
					</TextBlock>
				</ComposedBlock>
				<ComposedBlock ID="cblock_1" HPOS="69" VPOS="175" WIDTH="826" HEIGHT="58">
					<TextBlock ID="block_1" HPOS="69" VPOS="175" WIDTH="826" HEIGHT="58">
						<TextLine ID="line_1" HPOS="138" VPOS="175" WIDTH="757" HEIGHT="29">
							<String ID="string_6" HPOS="138" VPOS="177" WIDTH="33" HEIGHT="21" WC="0.95" CONTENT="Hr"/><SP WIDTH="15" VPOS="177" HPOS="171"/>
							<String ID="string_7" HPOS="186" VPOS="177" WIDTH="132" HEIGHT="27" WC="0.96" CONTENT="Hallberg"/><SP WIDTH="18" VPOS="177" HPOS="318"/>
							<String ID="string_8" HPOS="336" VPOS="177" WIDTH="71" HEIGHT="21" WC="0.96" CONTENT="anhöll"/><SP WIDTH="18" VPOS="177" HPOS="407"/>
							<String ID="string_9" HPOS="425" VPOS="179" WIDTH="32" HEIGHT="19" WC="0.93" CONTENT="att"/><SP WIDTH="14" VPOS="179" HPOS="457"/>
							<String ID="string_10" HPOS="471" VPOS="176" WIDTH="208" HEIGHT="27" WC="0.91" CONTENT="petitionsförslaget"/><SP WIDTH="14" VPOS="176" HPOS="679"/>
							<String ID="string_11" HPOS="693" VPOS="176" WIDTH="66" HEIGHT="21" WC="0.96" CONTENT="måtte"/><SP WIDTH="15" VPOS="176" HPOS="759"/>
							<String ID="string_12" HPOS="774" VPOS="175" WIDTH="121" HEIGHT="22" WC="0.96" CONTENT="remitteras"/>
						</TextLine>
						<TextLine ID="line_2" HPOS="69" VPOS="206" WIDTH="195" HEIGHT="27">
							<String ID="string_13" HPOS="69" VPOS="206" WIDTH="31" HEIGHT="21" WC="0.96" CONTENT="till"/><SP WIDTH="15" VPOS="206" HPOS="100"/>
							<String ID="string_14" HPOS="115" VPOS="206" WIDTH="149" HEIGHT="27" WC="0.96" CONTENT="lagutskottet."/>
						</TextLine>
					</TextBlock>
				</ComposedBlock>
				<ComposedBlock ID="cblock_2" HPOS="69" VPOS="259" WIDTH="827" HEIGHT="59">
					<TextBlock ID="block_2" HPOS="69" VPOS="259" WIDTH="827" HEIGHT="59">
						<TextLine ID="line_3" HPOS="138" VPOS="259" WIDTH="758" HEIGHT="30">
							<String ID="string_15" HPOS="138" VPOS="263" WIDTH="32" HEIGHT="21" WC="0.96" CONTENT="På"/><SP WIDTH="21" VPOS="263" HPOS="170"/>
							<String ID="string_16" HPOS="191" VPOS="263" WIDTH="95" HEIGHT="26" WC="0.96" CONTENT="yrkande"/><SP WIDTH="15" VPOS="263" HPOS="286"/>
							<String ID="string_17" HPOS="301" VPOS="262" WIDTH="23" HEIGHT="21" WC="0.96" CONTENT="af"/><SP WIDTH="13" VPOS="262" HPOS="324"/>
							<String ID="string_18" HPOS="337" VPOS="263" WIDTH="25" HEIGHT="20" WC="0.96" CONTENT="hr"/><SP WIDTH="15" VPOS="263" HPOS="362"/>
							<String ID="string_19" HPOS="377" VPOS="259" WIDTH="104" HEIGHT="25" WC="0.93" CONTENT="Öhman"/><SP WIDTH="17" VPOS="259" HPOS="481"/>
							<String ID="string_20" HPOS="498" VPOS="262" WIDTH="44" HEIGHT="21" WC="0.96" CONTENT="blef"/><SP WIDTH="13" VPOS="262" HPOS="542"/>
							<String ID="string_21" HPOS="555" VPOS="262" WIDTH="89" HEIGHT="21" WC="0.92" CONTENT="ärendet"/><SP WIDTH="15" VPOS="262" HPOS="644"/>
							<String ID="string_22" HPOS="659" VPOS="261" WIDTH="113" HEIGHT="27" WC="0.92" CONTENT="bordlagdt"/><SP WIDTH="16" VPOS="261" HPOS="772"/>
							<String ID="string_23" HPOS="788" VPOS="261" WIDTH="30" HEIGHT="21" WC="0.96" CONTENT="till"/><SP WIDTH="16" VPOS="261" HPOS="818"/>
							<String ID="string_24" HPOS="834" VPOS="262" WIDTH="62" HEIGHT="19" WC="0.96" CONTENT="nästa"/>
						</TextLine>
						<TextLine ID="line_4" HPOS="69" VPOS="291" WIDTH="94" HEIGHT="27">
							<String ID="string_25" HPOS="69" VPOS="291" WIDTH="94" HEIGHT="27" WC="0.95" CONTENT="plenum."/>
						</TextLine>
					</TextBlock>
				</ComposedBlock>
				<ComposedBlock ID="cblock_3" HPOS="69" VPOS="455" WIDTH="827" HEIGHT="57">
					<TextBlock ID="block_3" HPOS="69" VPOS="455" WIDTH="827" HEIGHT="57">
						<TextLine ID="line_5" HPOS="139" VPOS="455" WIDTH="757" HEIGHT="28">
							<String ID="string_26" HPOS="139" VPOS="457" WIDTH="33" HEIGHT="20" WC="0.91" CONTENT="Hr"/><SP WIDTH="15" VPOS="457" HPOS="172"/>
							<String ID="string_27" HPOS="187" VPOS="457" WIDTH="154" HEIGHT="20" WC="0.91" CONTENT="Tötterman"/><SP WIDTH="19" VPOS="457" HPOS="341"/>
							<String ID="string_28" HPOS="360" VPOS="456" WIDTH="98" HEIGHT="27" WC="0.91" CONTENT="uppläste"/><SP WIDTH="19" VPOS="456" HPOS="458"/>
							<String ID="string_29" HPOS="477" VPOS="458" WIDTH="31" HEIGHT="19" WC="0.96" CONTENT="ett"/><SP WIDTH="15" VPOS="458" HPOS="508"/>
							<String ID="string_30" HPOS="523" VPOS="456" WIDTH="22" HEIGHT="21" WC="0.96" CONTENT="af"/><SP WIDTH="13" VPOS="456" HPOS="545"/>
							<String ID="string_31" HPOS="558" VPOS="456" WIDTH="79" HEIGHT="21" WC="0.93" CONTENT="honom"/><SP WIDTH="16" VPOS="456" HPOS="637"/>
							<String ID="string_32" HPOS="653" VPOS="456" WIDTH="116" HEIGHT="21" WC="0.91" CONTENT="inlämnadt"/><SP WIDTH="16" VPOS="456" HPOS="769"/>
							<String ID="string_33" HPOS="785" VPOS="455" WIDTH="111" HEIGHT="27" WC="0.91" CONTENT="petitions-"/>
						</TextLine>
						<TextLine ID="line_6" HPOS="69" VPOS="484" WIDTH="363" HEIGHT="28">
							<String ID="string_34" HPOS="69" VPOS="485" WIDTH="117" HEIGHT="26" WC="0.95" CONTENT="memorial,"/><SP WIDTH="16" VPOS="485" HPOS="186"/>
							<String ID="string_35" HPOS="202" VPOS="484" WIDTH="22" HEIGHT="22" WC="0.95" CONTENT="af"/><SP WIDTH="14" VPOS="484" HPOS="224"/>
							<String ID="string_36" HPOS="238" VPOS="484" WIDTH="93" HEIGHT="27" WC="0.96" CONTENT="följande"/><SP WIDTH="14" VPOS="484" HPOS="331"/>
							<String ID="string_37" HPOS="345" VPOS="485" WIDTH="87" HEIGHT="27" WC="0.96" CONTENT="lydelse:"/>
						</TextLine>
					</TextBlock>
				</ComposedBlock>
				<ComposedBlock ID="cblock_4" HPOS="305" VPOS="570" WIDTH="357" HEIGHT="27">
					<TextBlock ID="block_4" HPOS="305" VPOS="570" WIDTH="357" HEIGHT="27">
						<TextLine ID="line_7" HPOS="305" VPOS="570" WIDTH="357" HEIGHT="27">
							<String ID="string_38" HPOS="305" VPOS="571" WIDTH="40" HEIGHT="20" WC="0.93" CONTENT="Till"/><SP WIDTH="16" VPOS="571" HPOS="345"/>
							<String ID="string_39" HPOS="361" VPOS="570" WIDTH="106" HEIGHT="27" WC="0.92" CONTENT="vällofliga"/><SP WIDTH="15" VPOS="570" HPOS="467"/>
							<String ID="string_40" HPOS="482" VPOS="571" WIDTH="180" HEIGHT="26" WC="0.91" CONTENT="borgareståndet."/>
						</TextLine>
					</TextBlock>
				</ComposedBlock>
				<ComposedBlock ID="cblock_5" HPOS="72" VPOS="626" WIDTH="829" HEIGHT="741">
					<TextBlock ID="block_5" HPOS="72" VPOS="626" WIDTH="825" HEIGHT="114">
						<TextLine ID="line_8" HPOS="141" VPOS="626" WIDTH="756" HEIGHT="28">
							<String ID="string_41" HPOS="141" VPOS="627" WIDTH="136" HEIGHT="22" WC="0.92" CONTENT="Beredandet"/><SP WIDTH="22" VPOS="627" HPOS="277"/>
							<String ID="string_42" HPOS="299" VPOS="627" WIDTH="22" HEIGHT="22" WC="0.96" CONTENT="af"/><SP WIDTH="21" VPOS="627" HPOS="321"/>
							<String ID="string_43" HPOS="342" VPOS="633" WIDTH="24" HEIGHT="15" WC="0.96" CONTENT="en"/><SP WIDTH="20" VPOS="633" HPOS="366"/>
							<String ID="string_44" HPOS="386" VPOS="628" WIDTH="7" HEIGHT="20" WC="0.96" CONTENT="i"/><SP WIDTH="18" VPOS="628" HPOS="393"/>
							<String ID="string_45" HPOS="411" VPOS="627" WIDTH="70" HEIGHT="27" WC="0.96" CONTENT="någon"/><SP WIDTH="24" VPOS="627" HPOS="481"/>
							<String ID="string_46" HPOS="505" VPOS="627" WIDTH="48" HEIGHT="21" WC="0.96" CONTENT="mån"/><SP WIDTH="24" VPOS="627" HPOS="553"/>
							<String ID="string_47" HPOS="577" VPOS="627" WIDTH="90" HEIGHT="27" WC="0.96" CONTENT="tryggad"/><SP WIDTH="21" VPOS="627" HPOS="667"/>
							<String ID="string_48" HPOS="688" VPOS="627" WIDTH="108" HEIGHT="21" WC="0.96" CONTENT="ålderdom"/><SP WIDTH="17" VPOS="627" HPOS="796"/>
							<String ID="string_49" HPOS="813" VPOS="627" WIDTH="22" HEIGHT="20" WC="0.96" CONTENT="åt"/><SP WIDTH="15" VPOS="627" HPOS="835"/>
							<String ID="string_50" HPOS="850" VPOS="626" WIDTH="47" HEIGHT="21" WC="0.96" CONTENT="vårt"/>
						</TextLine>
						<TextLine ID="line_9" HPOS="72" VPOS="655" WIDTH="824" HEIGHT="28">
							<String ID="string_51" HPOS="72" VPOS="657" WIDTH="61" HEIGHT="20" WC="0.95" CONTENT="lands"/><SP WIDTH="24" VPOS="657" HPOS="133"/>
							<String ID="string_52" HPOS="157" VPOS="656" WIDTH="76" HEIGHT="21" WC="0.93" CONTENT="talrika"/><SP WIDTH="22" VPOS="656" HPOS="233"/>
							<String ID="string_53" HPOS="255" VPOS="655" WIDTH="222" HEIGHT="28" WC="0.92" CONTENT="arbetarebefolkning"/><SP WIDTH="22" VPOS="655" HPOS="477"/>
							<String ID="string_54" HPOS="499" VPOS="662" WIDTH="76" HEIGHT="21" WC="0.96" CONTENT="genom"/><SP WIDTH="19" VPOS="662" HPOS="575"/>
							<String ID="string_55" HPOS="594" VPOS="655" WIDTH="121" HEIGHT="22" WC="0.95" CONTENT="införandet"/><SP WIDTH="15" VPOS="655" HPOS="715"/>
							<String ID="string_56" HPOS="730" VPOS="655" WIDTH="23" HEIGHT="21" WC="0.93" CONTENT="af"/><SP WIDTH="12" VPOS="655" HPOS="753"/>
							<String ID="string_57" HPOS="765" VPOS="655" WIDTH="131" HEIGHT="21" WC="0.92" CONTENT="ålderdoms-"/>
						</TextLine>
						<TextLine ID="line_10" HPOS="72" VPOS="683" WIDTH="825" HEIGHT="28">
							<String ID="string_58" HPOS="72" VPOS="685" WIDTH="121" HEIGHT="26" WC="0.96" CONTENT="försäkring"/><SP WIDTH="15" VPOS="685" HPOS="193"/>
							<String ID="string_59" HPOS="208" VPOS="687" WIDTH="24" HEIGHT="18" WC="0.96" CONTENT="är"/><SP WIDTH="15" VPOS="687" HPOS="232"/>
							<String ID="string_60" HPOS="247" VPOS="687" WIDTH="32" HEIGHT="18" WC="0.93" CONTENT="ett"/><SP WIDTH="15" VPOS="687" HPOS="279"/>
							<String ID="string_61" HPOS="294" VPOS="685" WIDTH="166" HEIGHT="26" WC="0.90" CONTENT="önskningsmål,"/><SP WIDTH="16" VPOS="685" HPOS="460"/>
							<String ID="string_62" HPOS="476" VPOS="691" WIDTH="45" HEIGHT="14" WC="0.93" CONTENT="som"/><SP WIDTH="17" VPOS="691" HPOS="521"/>
							<String ID="string_63" HPOS="538" VPOS="684" WIDTH="155" HEIGHT="27" WC="0.92" CONTENT="otvifvelaktigt"/><SP WIDTH="16" VPOS="684" HPOS="693"/>
							<String ID="string_64" HPOS="709" VPOS="684" WIDTH="102" HEIGHT="27" WC="0.93" CONTENT="förtjänar"/><SP WIDTH="10" VPOS="684" HPOS="811"/>
							<String ID="string_65" HPOS="821" VPOS="683" WIDTH="76" HEIGHT="21" WC="0.92" CONTENT="allvar-"/>
						</TextLine>
						<TextLine ID="line_11" HPOS="72" VPOS="713" WIDTH="179" HEIGHT="27">
							<String ID="string_66" HPOS="72" VPOS="713" WIDTH="39" HEIGHT="27" WC="0.95" CONTENT="ligt"/><SP WIDTH="15" VPOS="713" HPOS="111"/>
							<String ID="string_67" HPOS="126" VPOS="713" WIDTH="125" HEIGHT="21" WC="0.96" CONTENT="beaktande."/>
						</TextLine>
					</TextBlock>
					<TextBlock ID="block_6" HPOS="72" VPOS="740" WIDTH="828" HEIGHT="428">
						<TextLine ID="line_12" HPOS="142" VPOS="740" WIDTH="755" HEIGHT="28">
							<String ID="string_68" HPOS="142" VPOS="742" WIDTH="74" HEIGHT="21" WC="0.97" CONTENT="Under"/><SP WIDTH="15" VPOS="742" HPOS="216"/>
							<String ID="string_69" HPOS="231" VPOS="742" WIDTH="86" HEIGHT="21" WC="0.96" CONTENT="hälsans"/><SP WIDTH="17" VPOS="742" HPOS="317"/>
							<String ID="string_70" HPOS="334" VPOS="742" WIDTH="38" HEIGHT="21" WC="0.93" CONTENT="och"/><SP WIDTH="15" VPOS="742" HPOS="372"/>
							<String ID="string_71" HPOS="387" VPOS="741" WIDTH="95" HEIGHT="22" WC="0.91" CONTENT="kraftens"/><SP WIDTH="17" VPOS="741" HPOS="482"/>
							<String ID="string_72" HPOS="499" VPOS="742" WIDTH="64" HEIGHT="26" WC="0.96" CONTENT="dagar"/><SP WIDTH="16" VPOS="742" HPOS="563"/>
							<String ID="string_73" HPOS="579" VPOS="741" WIDTH="38" HEIGHT="21" WC="0.96" CONTENT="har"/><SP WIDTH="16" VPOS="741" HPOS="617"/>
							<String ID="string_74" HPOS="633" VPOS="741" WIDTH="61" HEIGHT="21" WC="0.96" CONTENT="äfven"/><SP WIDTH="17" VPOS="741" HPOS="694"/>
							<String ID="string_75" HPOS="711" VPOS="742" WIDTH="39" HEIGHT="21" WC="0.96" CONTENT="den"/><SP WIDTH="16" VPOS="742" HPOS="750"/>
							<String ID="string_76" HPOS="766" VPOS="747" WIDTH="59" HEIGHT="15" WC="0.93" CONTENT="mera"/><SP WIDTH="10" VPOS="747" HPOS="825"/>
							<String ID="string_77" HPOS="835" VPOS="740" WIDTH="62" HEIGHT="21" WC="0.92" CONTENT="sträf-"/>
						</TextLine>
						<TextLine ID="line_13" HPOS="73" VPOS="769" WIDTH="826" HEIGHT="28">
							<String ID="string_78" HPOS="73" VPOS="777" WIDTH="82" HEIGHT="14" WC="0.95" CONTENT="samma"/><SP WIDTH="14" VPOS="777" HPOS="155"/>
							<String ID="string_79" HPOS="169" VPOS="771" WIDTH="113" HEIGHT="20" WC="0.95" CONTENT="arbetaren"/><SP WIDTH="17" VPOS="771" HPOS="282"/>
							<String ID="string_80" HPOS="299" VPOS="772" WIDTH="58" HEIGHT="19" WC="0.96" CONTENT="stora"/><SP WIDTH="15" VPOS="772" HPOS="357"/>
							<String ID="string_81" HPOS="372" VPOS="770" WIDTH="132" HEIGHT="27" WC="0.96" CONTENT="svårigheter"/><SP WIDTH="15" VPOS="770" HPOS="504"/>
							<String ID="string_82" HPOS="519" VPOS="772" WIDTH="31" HEIGHT="19" WC="0.93" CONTENT="att"/><SP WIDTH="15" VPOS="772" HPOS="550"/>
							<String ID="string_83" HPOS="565" VPOS="769" WIDTH="124" HEIGHT="22" WC="0.92" CONTENT="öfvervinna"/><SP WIDTH="12" VPOS="769" HPOS="689"/>
							<String ID="string_84" HPOS="701" VPOS="770" WIDTH="35" HEIGHT="21" WC="0.96" CONTENT="vid"/><SP WIDTH="15" VPOS="770" HPOS="736"/>
							<String ID="string_85" HPOS="751" VPOS="769" WIDTH="148" HEIGHT="22" WC="0.96" CONTENT="anskaffandet"/>
						</TextLine>
						<TextLine ID="line_14" HPOS="72" VPOS="798" WIDTH="826" HEIGHT="28">
							<String ID="string_86" HPOS="72" VPOS="798" WIDTH="23" HEIGHT="22" WC="0.95" CONTENT="af"/><SP WIDTH="13" VPOS="798" HPOS="95"/>
							<String ID="string_87" HPOS="108" VPOS="799" WIDTH="112" HEIGHT="27" WC="0.96" CONTENT="uppehälle"/><SP WIDTH="16" VPOS="799" HPOS="220"/>
							<String ID="string_88" HPOS="236" VPOS="799" WIDTH="39" HEIGHT="21" WC="0.96" CONTENT="och"/><SP WIDTH="16" VPOS="799" HPOS="275"/>
							<String ID="string_89" HPOS="291" VPOS="799" WIDTH="129" HEIGHT="27" WC="0.96" CONTENT="upplysning"/><SP WIDTH="15" VPOS="799" HPOS="420"/>
							<String ID="string_90" HPOS="435" VPOS="799" WIDTH="22" HEIGHT="20" WC="0.96" CONTENT="åt"/><SP WIDTH="15" VPOS="799" HPOS="457"/>
							<String ID="string_91" HPOS="472" VPOS="799" WIDTH="34" HEIGHT="27" WC="0.96" CONTENT="sig"/><SP WIDTH="14" VPOS="799" HPOS="506"/>
							<String ID="string_92" HPOS="520" VPOS="799" WIDTH="39" HEIGHT="21" WC="0.96" CONTENT="och"/><SP WIDTH="14" VPOS="799" HPOS="559"/>
							<String ID="string_93" HPOS="573" VPOS="799" WIDTH="26" HEIGHT="20" WC="0.95" CONTENT="de"/><SP WIDTH="11" VPOS="799" HPOS="599"/>
							<String ID="string_94" HPOS="610" VPOS="799" WIDTH="51" HEIGHT="21" WC="0.93" CONTENT="sina."/><SP WIDTH="23" VPOS="799" HPOS="661"/>
							<String ID="string_95" HPOS="684" VPOS="798" WIDTH="214" HEIGHT="26" WC="0.92" CONTENT="Arbetsförtjänsten,"/>
						</TextLine>
						<TextLine ID="line_15" HPOS="73" VPOS="825" WIDTH="826" HEIGHT="29">
							<String ID="string_96" HPOS="73" VPOS="827" WIDTH="61" HEIGHT="22" WC="0.96" CONTENT="äfven"/><SP WIDTH="15" VPOS="827" HPOS="134"/>
							<String ID="string_97" HPOS="149" VPOS="827" WIDTH="33" HEIGHT="21" WC="0.96" CONTENT="för"/><SP WIDTH="16" VPOS="827" HPOS="182"/>
							<String ID="string_98" HPOS="198" VPOS="827" WIDTH="40" HEIGHT="21" WC="0.96" CONTENT="den"/><SP WIDTH="16" VPOS="827" HPOS="238"/>
							<String ID="string_99" HPOS="254" VPOS="828" WIDTH="70" HEIGHT="20" WC="0.93" CONTENT="bättre"/><SP WIDTH="15" VPOS="828" HPOS="324"/>
							<String ID="string_100" HPOS="339" VPOS="827" WIDTH="101" HEIGHT="26" WC="0.90" CONTENT="aflönade,"/><SP WIDTH="16" VPOS="827" HPOS="440"/>
							<String ID="string_101" HPOS="456" VPOS="827" WIDTH="112" HEIGHT="27" WC="0.96" CONTENT="möjliggör"/><SP WIDTH="16" VPOS="827" HPOS="568"/>
							<String ID="string_102" HPOS="584" VPOS="827" WIDTH="45" HEIGHT="21" WC="0.96" CONTENT="icke"/><SP WIDTH="15" VPOS="827" HPOS="629"/>
							<String ID="string_103" HPOS="644" VPOS="827" WIDTH="32" HEIGHT="21" WC="0.96" CONTENT="för"/><SP WIDTH="16" VPOS="827" HPOS="676"/>
							<String ID="string_104" HPOS="692" VPOS="827" WIDTH="36" HEIGHT="21" WC="0.96" CONTENT="det"/><SP WIDTH="10" VPOS="827" HPOS="728"/>
							<String ID="string_105" HPOS="738" VPOS="829" WIDTH="59" HEIGHT="19" WC="0.96" CONTENT="stora"/><SP WIDTH="10" VPOS="829" HPOS="797"/>
							<String ID="string_106" HPOS="807" VPOS="825" WIDTH="92" HEIGHT="22" WC="0.96" CONTENT="flertalet"/>
						</TextLine>
						<TextLine ID="line_16" HPOS="72" VPOS="855" WIDTH="826" HEIGHT="27">
							<String ID="string_107" HPOS="72" VPOS="856" WIDTH="104" HEIGHT="25" WC="0.96" CONTENT="arbetare,"/><SP WIDTH="16" VPOS="856" HPOS="176"/>
							<String ID="string_108" HPOS="192" VPOS="862" WIDTH="47" HEIGHT="15" WC="0.96" CONTENT="som"/><SP WIDTH="16" VPOS="862" HPOS="239"/>
							<String ID="string_109" HPOS="255" VPOS="855" WIDTH="65" HEIGHT="22" WC="0.96" CONTENT="oftast"/><SP WIDTH="15" VPOS="855" HPOS="320"/>
							<String ID="string_110" HPOS="335" VPOS="855" WIDTH="63" HEIGHT="22" WC="0.96" CONTENT="hafva"/><SP WIDTH="14" VPOS="855" HPOS="398"/>
							<String ID="string_111" HPOS="412" VPOS="862" WIDTH="26" HEIGHT="14" WC="0.96" CONTENT="en"/><SP WIDTH="17" VPOS="862" HPOS="438"/>
							<String ID="string_112" HPOS="455" VPOS="856" WIDTH="63" HEIGHT="21" WC="0.96" CONTENT="talrik"/><SP WIDTH="14" VPOS="856" HPOS="518"/>
							<String ID="string_113" HPOS="532" VPOS="855" WIDTH="64" HEIGHT="27" WC="0.96" CONTENT="familj"/><SP WIDTH="17" VPOS="855" HPOS="596"/>
							<String ID="string_114" HPOS="613" VPOS="857" WIDTH="32" HEIGHT="19" WC="0.96" CONTENT="att"/><SP WIDTH="14" VPOS="857" HPOS="645"/>
							<String ID="string_115" HPOS="659" VPOS="855" WIDTH="97" HEIGHT="27" WC="0.95" CONTENT="försörja,"/><SP WIDTH="11" VPOS="855" HPOS="756"/>
							<String ID="string_116" HPOS="767" VPOS="855" WIDTH="67" HEIGHT="26" WC="0.93" CONTENT="några"/><SP WIDTH="16" VPOS="855" HPOS="834"/>
							<String ID="string_117" HPOS="850" VPOS="861" WIDTH="48" HEIGHT="20" WC="0.92" CONTENT="syn-"/>
						</TextLine>
						<TextLine ID="line_17" HPOS="72" VPOS="882" WIDTH="827" HEIGHT="29">
							<String ID="string_118" HPOS="72" VPOS="884" WIDTH="82" HEIGHT="27" WC="0.91" CONTENT="nerliga"/><SP WIDTH="20" VPOS="884" HPOS="154"/>
							<String ID="string_119" HPOS="174" VPOS="884" WIDTH="147" HEIGHT="27" WC="0.96" CONTENT="besparingar,"/><SP WIDTH="22" VPOS="884" HPOS="321"/>
							<String ID="string_120" HPOS="343" VPOS="884" WIDTH="71" HEIGHT="21" WC="0.96" CONTENT="hvilka"/><SP WIDTH="22" VPOS="884" HPOS="414"/>
							<String ID="string_121" HPOS="436" VPOS="884" WIDTH="68" HEIGHT="21" WC="0.93" CONTENT="skulle"/><SP WIDTH="21" VPOS="884" HPOS="504"/>
							<String ID="string_122" HPOS="525" VPOS="884" WIDTH="102" HEIGHT="27" WC="0.92" CONTENT="betrygga"/><SP WIDTH="20" VPOS="884" HPOS="627"/>
							<String ID="string_123" HPOS="647" VPOS="884" WIDTH="40" HEIGHT="21" WC="0.95" CONTENT="den"/><SP WIDTH="21" VPOS="884" HPOS="687"/>
							<String ID="string_124" HPOS="708" VPOS="884" WIDTH="32" HEIGHT="21" WC="0.95" CONTENT="del"/><SP WIDTH="15" VPOS="884" HPOS="740"/>
							<String ID="string_125" HPOS="755" VPOS="883" WIDTH="23" HEIGHT="21" WC="0.96" CONTENT="af"/><SP WIDTH="13" VPOS="883" HPOS="778"/>
							<String ID="string_126" HPOS="791" VPOS="882" WIDTH="65" HEIGHT="24" WC="0.96" CONTENT="lifvet,"/><SP WIDTH="16" VPOS="882" HPOS="856"/>
							<String ID="string_127" HPOS="872" VPOS="882" WIDTH="27" HEIGHT="21" WC="0.96" CONTENT="då"/>
						</TextLine>
						<TextLine ID="line_18" HPOS="73" VPOS="912" WIDTH="825" HEIGHT="28">
							<String ID="string_128" HPOS="73" VPOS="912" WIDTH="60" HEIGHT="22" WC="0.96" CONTENT="hälsa"/><SP WIDTH="15" VPOS="912" HPOS="133"/>
							<String ID="string_129" HPOS="148" VPOS="912" WIDTH="39" HEIGHT="22" WC="0.96" CONTENT="och"/><SP WIDTH="15" VPOS="912" HPOS="187"/>
							<String ID="string_130" HPOS="202" VPOS="912" WIDTH="81" HEIGHT="22" WC="0.96" CONTENT="krafter"/><SP WIDTH="16" VPOS="912" HPOS="283"/>
							<String ID="string_131" HPOS="299" VPOS="913" WIDTH="60" HEIGHT="27" WC="0.93" CONTENT="börja"/><SP WIDTH="9" VPOS="913" HPOS="359"/>
							<String ID="string_132" HPOS="368" VPOS="912" WIDTH="76" HEIGHT="28" WC="0.91" CONTENT="aftaga."/><SP WIDTH="24" VPOS="912" HPOS="444"/>
							<String ID="string_133" HPOS="468" VPOS="913" WIDTH="86" HEIGHT="21" WC="0.93" CONTENT="Kännes"/><SP WIDTH="11" VPOS="913" HPOS="554"/>
							<String ID="string_134" HPOS="565" VPOS="913" WIDTH="41" HEIGHT="21" WC="0.96" CONTENT="den"/><SP WIDTH="11" VPOS="913" HPOS="606"/>
							<String ID="string_135" HPOS="617" VPOS="912" WIDTH="133" HEIGHT="22" WC="0.95" CONTENT="annalkande"/><SP WIDTH="11" VPOS="912" HPOS="750"/>
							<String ID="string_136" HPOS="761" VPOS="912" WIDTH="137" HEIGHT="21" WC="0.96" CONTENT="ålderdomen"/>
						</TextLine>
						<TextLine ID="line_19" HPOS="73" VPOS="940" WIDTH="826" HEIGHT="28">
							<String ID="string_137" HPOS="73" VPOS="942" WIDTH="65" HEIGHT="20" WC="0.96" CONTENT="redan"/><SP WIDTH="16" VPOS="942" HPOS="138"/>
							<String ID="string_138" HPOS="154" VPOS="941" WIDTH="7" HEIGHT="21" WC="0.96" CONTENT="i"/><SP WIDTH="15" VPOS="941" HPOS="161"/>
							<String ID="string_139" HPOS="176" VPOS="941" WIDTH="39" HEIGHT="21" WC="0.96" CONTENT="och"/><SP WIDTH="15" VPOS="941" HPOS="215"/>
							<String ID="string_140" HPOS="230" VPOS="941" WIDTH="33" HEIGHT="21" WC="0.96" CONTENT="för"/><SP WIDTH="16" VPOS="941" HPOS="263"/>
							<String ID="string_141" HPOS="279" VPOS="942" WIDTH="33" HEIGHT="26" WC="0.96" CONTENT="sig"/><SP WIDTH="15" VPOS="942" HPOS="312"/>
							<String ID="string_142" HPOS="327" VPOS="944" WIDTH="53" HEIGHT="24" WC="0.96" CONTENT="tung"/><SP WIDTH="16" VPOS="944" HPOS="380"/>
							<String ID="string_143" HPOS="396" VPOS="941" WIDTH="38" HEIGHT="21" WC="0.96" CONTENT="och"/><SP WIDTH="16" VPOS="941" HPOS="434"/>
							<String ID="string_144" HPOS="450" VPOS="942" WIDTH="56" HEIGHT="25" WC="0.96" CONTENT="svår,"/><SP WIDTH="14" VPOS="942" HPOS="506"/>
							<String ID="string_145" HPOS="520" VPOS="942" WIDTH="24" HEIGHT="20" WC="0.96" CONTENT="så"/><SP WIDTH="15" VPOS="942" HPOS="544"/>
							<String ID="string_146" HPOS="559" VPOS="941" WIDTH="68" HEIGHT="21" WC="0.97" CONTENT="måste"/><SP WIDTH="15" VPOS="941" HPOS="627"/>
							<String ID="string_147" HPOS="642" VPOS="941" WIDTH="81" HEIGHT="21" WC="0.96" CONTENT="bördan"/><SP WIDTH="16" VPOS="941" HPOS="723"/>
							<String ID="string_148" HPOS="739" VPOS="940" WIDTH="22" HEIGHT="22" WC="0.96" CONTENT="af"/><SP WIDTH="14" VPOS="940" HPOS="761"/>
							<String ID="string_149" HPOS="775" VPOS="941" WIDTH="124" HEIGHT="21" WC="0.95" CONTENT="densamma"/>
						</TextLine>
						<TextLine ID="line_20" HPOS="73" VPOS="968" WIDTH="826" HEIGHT="28">
							<String ID="string_150" HPOS="73" VPOS="970" WIDTH="82" HEIGHT="21" WC="0.96" CONTENT="kännas"/><SP WIDTH="16" VPOS="970" HPOS="155"/>
							<String ID="string_151" HPOS="171" VPOS="970" WIDTH="140" HEIGHT="26" WC="0.93" CONTENT="mångfaldigt"/><SP WIDTH="14" VPOS="970" HPOS="311"/>
							<String ID="string_152" HPOS="325" VPOS="970" WIDTH="95" HEIGHT="26" WC="0.93" CONTENT="bittrare,"/><SP WIDTH="16" VPOS="970" HPOS="420"/>
							<String ID="string_153" HPOS="436" VPOS="972" WIDTH="38" HEIGHT="19" WC="0.96" CONTENT="när"/><SP WIDTH="16" VPOS="972" HPOS="474"/>
							<String ID="string_154" HPOS="490" VPOS="970" WIDTH="40" HEIGHT="21" WC="0.96" CONTENT="den"/><SP WIDTH="15" VPOS="970" HPOS="530"/>
							<String ID="string_155" HPOS="545" VPOS="969" WIDTH="54" HEIGHT="22" WC="0.96" CONTENT="efter"/><SP WIDTH="15" VPOS="969" HPOS="599"/>
							<String ID="string_156" HPOS="614" VPOS="972" WIDTH="31" HEIGHT="19" WC="0.96" CONTENT="ett"/><SP WIDTH="15" VPOS="972" HPOS="645"/>
							<String ID="string_157" HPOS="660" VPOS="970" WIDTH="60" HEIGHT="26" WC="0.96" CONTENT="långt"/><SP WIDTH="14" VPOS="970" HPOS="720"/>
							<String ID="string_158" HPOS="734" VPOS="969" WIDTH="39" HEIGHT="21" WC="0.91" CONTENT="och"/><SP WIDTH="16" VPOS="969" HPOS="773"/>
							<String ID="string_159" HPOS="789" VPOS="968" WIDTH="110" HEIGHT="22" WC="0.91" CONTENT="sträfsamt"/>
						</TextLine>
						<TextLine ID="line_21" HPOS="73" VPOS="997" WIDTH="826" HEIGHT="28">
							<String ID="string_160" HPOS="73" VPOS="998" WIDTH="25" HEIGHT="21" WC="0.81" CONTENT="lif"/><SP WIDTH="21" VPOS="998" HPOS="98"/>
							<String ID="string_161" HPOS="119" VPOS="998" WIDTH="118" HEIGHT="27" WC="0.92" CONTENT="oförskyldt"/><SP WIDTH="22" VPOS="998" HPOS="237"/>
							<String ID="string_162" HPOS="259" VPOS="998" WIDTH="84" HEIGHT="27" WC="0.92" CONTENT="ätföljes"/><SP WIDTH="18" VPOS="998" HPOS="343"/>
							<String ID="string_163" HPOS="361" VPOS="998" WIDTH="23" HEIGHT="21" WC="0.96" CONTENT="af"/><SP WIDTH="18" VPOS="998" HPOS="384"/>
							<String ID="string_164" HPOS="402" VPOS="999" WIDTH="152" HEIGHT="25" WC="0.96" CONTENT="umbäranden,"/><SP WIDTH="15" VPOS="999" HPOS="554"/>
							<String ID="string_165" HPOS="569" VPOS="998" WIDTH="55" HEIGHT="22" WC="0.96" CONTENT="brist"/><SP WIDTH="16" VPOS="998" HPOS="624"/>
							<String ID="string_166" HPOS="640" VPOS="998" WIDTH="39" HEIGHT="21" WC="0.96" CONTENT="och"/><SP WIDTH="16" VPOS="998" HPOS="679"/>
							<String ID="string_167" HPOS="695" VPOS="998" WIDTH="48" HEIGHT="21" WC="0.95" CONTENT="nöd."/><SP WIDTH="30" VPOS="998" HPOS="743"/>
							<String ID="string_168" HPOS="773" VPOS="998" WIDTH="43" HEIGHT="20" WC="0.96" CONTENT="Det"/><SP WIDTH="15" VPOS="998" HPOS="816"/>
							<String ID="string_169" HPOS="831" VPOS="997" WIDTH="68" HEIGHT="21" WC="0.95" CONTENT="måste"/>
						</TextLine>
						<TextLine ID="line_22" HPOS="73" VPOS="1025" WIDTH="827" HEIGHT="29">
							<String ID="string_170" HPOS="73" VPOS="1026" WIDTH="71" HEIGHT="22" WC="0.96" CONTENT="därför"/><SP WIDTH="23" VPOS="1026" HPOS="144"/>
							<String ID="string_171" HPOS="167" VPOS="1027" WIDTH="108" HEIGHT="21" WC="0.96" CONTENT="betraktas"/><SP WIDTH="24" VPOS="1027" HPOS="275"/>
							<String ID="string_172" HPOS="299" VPOS="1034" WIDTH="45" HEIGHT="14" WC="0.96" CONTENT="som"/><SP WIDTH="20" VPOS="1034" HPOS="344"/>
							<String ID="string_173" HPOS="364" VPOS="1033" WIDTH="26" HEIGHT="15" WC="0.96" CONTENT="en"/><SP WIDTH="16" VPOS="1033" HPOS="390"/>
							<String ID="string_174" HPOS="406" VPOS="1029" WIDTH="82" HEIGHT="19" WC="0.96" CONTENT="statens"/><SP WIDTH="15" VPOS="1029" HPOS="488"/>
							<String ID="string_175" HPOS="503" VPOS="1026" WIDTH="84" HEIGHT="28" WC="0.96" CONTENT="uppgift"/><SP WIDTH="15" VPOS="1026" HPOS="587"/>
							<String ID="string_176" HPOS="602" VPOS="1029" WIDTH="32" HEIGHT="19" WC="0.96" CONTENT="att"/><SP WIDTH="15" VPOS="1029" HPOS="634"/>
							<String ID="string_177" HPOS="649" VPOS="1027" WIDTH="108" HEIGHT="21" WC="0.95" CONTENT="ordnande"/><SP WIDTH="16" VPOS="1027" HPOS="757"/>
							<String ID="string_178" HPOS="773" VPOS="1026" WIDTH="84" HEIGHT="26" WC="0.95" CONTENT="ingripa"/><SP WIDTH="15" VPOS="1026" HPOS="857"/>
							<String ID="string_179" HPOS="872" VPOS="1025" WIDTH="28" HEIGHT="27" WC="0.95" CONTENT="på"/>
						</TextLine>
						<TextLine ID="line_23" HPOS="73" VPOS="1054" WIDTH="826" HEIGHT="28">
							<String ID="string_180" HPOS="73" VPOS="1056" WIDTH="59" HEIGHT="20" WC="0.96" CONTENT="detta"/><SP WIDTH="15" VPOS="1056" HPOS="132"/>
							<String ID="string_181" HPOS="147" VPOS="1056" WIDTH="87" HEIGHT="20" WC="0.96" CONTENT="område"/><SP WIDTH="21" VPOS="1056" HPOS="234"/>
							<String ID="string_182" HPOS="255" VPOS="1055" WIDTH="33" HEIGHT="21" WC="0.96" CONTENT="för"/><SP WIDTH="15" VPOS="1055" HPOS="288"/>
							<String ID="string_183" HPOS="303" VPOS="1057" WIDTH="31" HEIGHT="19" WC="0.96" CONTENT="att"/><SP WIDTH="16" VPOS="1057" HPOS="334"/>
							<String ID="string_184" HPOS="350" VPOS="1056" WIDTH="78" HEIGHT="20" WC="0.95" CONTENT="bereda"/><SP WIDTH="14" VPOS="1056" HPOS="428"/>
							<String ID="string_185" HPOS="442" VPOS="1058" WIDTH="100" HEIGHT="24" WC="0.93" CONTENT="tryggare"/><SP WIDTH="15" VPOS="1058" HPOS="542"/>
							<String ID="string_186" HPOS="557" VPOS="1056" WIDTH="163" HEIGHT="21" WC="0.92" CONTENT="existensvilkor"/><SP WIDTH="15" VPOS="1056" HPOS="720"/>
							<String ID="string_187" HPOS="735" VPOS="1055" WIDTH="61" HEIGHT="21" WC="0.96" CONTENT="äfven"/><SP WIDTH="16" VPOS="1055" HPOS="796"/>
							<String ID="string_188" HPOS="812" VPOS="1054" WIDTH="33" HEIGHT="21" WC="0.93" CONTENT="för"/><SP WIDTH="10" VPOS="1054" HPOS="845"/>
							<String ID="string_189" HPOS="855" VPOS="1054" WIDTH="44" HEIGHT="20" WC="0.92" CONTENT="lan-"/>
						</TextLine>
						<TextLine ID="line_24" HPOS="73" VPOS="1084" WIDTH="826" HEIGHT="27">
							<String ID="string_190" HPOS="73" VPOS="1084" WIDTH="47" HEIGHT="21" WC="0.96" CONTENT="dets"/><SP WIDTH="23" VPOS="1084" HPOS="120"/>
							<String ID="string_191" HPOS="143" VPOS="1084" WIDTH="98" HEIGHT="21" WC="0.96" CONTENT="arbetare"/><SP WIDTH="23" VPOS="1084" HPOS="241"/>
							<String ID="string_192" HPOS="264" VPOS="1084" WIDTH="28" HEIGHT="27" WC="0.96" CONTENT="på"/><SP WIDTH="21" VPOS="1084" HPOS="292"/>
							<String ID="string_193" HPOS="313" VPOS="1084" WIDTH="61" HEIGHT="21" WC="0.96" CONTENT="deras"/><SP WIDTH="19" VPOS="1084" HPOS="374"/>
							<String ID="string_194" HPOS="393" VPOS="1084" WIDTH="115" HEIGHT="25" WC="0.96" CONTENT="ålderdom,"/><SP WIDTH="16" VPOS="1084" HPOS="508"/>
							<String ID="string_195" HPOS="524" VPOS="1084" WIDTH="38" HEIGHT="21" WC="0.96" CONTENT="och"/><SP WIDTH="21" VPOS="1084" HPOS="562"/>
							<String ID="string_196" HPOS="583" VPOS="1084" WIDTH="61" HEIGHT="21" WC="0.96" CONTENT="torde"/><SP WIDTH="20" VPOS="1084" HPOS="644"/>
							<String ID="string_197" HPOS="664" VPOS="1084" WIDTH="59" HEIGHT="21" WC="0.96" CONTENT="detta"/><SP WIDTH="18" VPOS="1084" HPOS="723"/>
							<String ID="string_198" HPOS="741" VPOS="1084" WIDTH="74" HEIGHT="20" WC="0.96" CONTENT="kunna"/><SP WIDTH="20" VPOS="1084" HPOS="815"/>
							<String ID="string_199" HPOS="835" VPOS="1088" WIDTH="64" HEIGHT="15" WC="0.96" CONTENT="anses"/>
						</TextLine>
						<TextLine ID="line_25" HPOS="74" VPOS="1111" WIDTH="825" HEIGHT="28">
							<String ID="string_200" HPOS="74" VPOS="1119" WIDTH="50" HEIGHT="15" WC="0.96" CONTENT="vara"/><SP WIDTH="22" VPOS="1119" HPOS="124"/>
							<String ID="string_201" HPOS="146" VPOS="1113" WIDTH="76" HEIGHT="21" WC="0.96" CONTENT="endast"/><SP WIDTH="23" VPOS="1113" HPOS="222"/>
							<String ID="string_202" HPOS="245" VPOS="1119" WIDTH="26" HEIGHT="15" WC="0.96" CONTENT="en"/><SP WIDTH="23" VPOS="1119" HPOS="271"/>
							<String ID="string_203" HPOS="294" VPOS="1113" WIDTH="93" HEIGHT="26" WC="0.96" CONTENT="naturlig"/><SP WIDTH="21" VPOS="1113" HPOS="387"/>
							<String ID="string_204" HPOS="408" VPOS="1113" WIDTH="39" HEIGHT="21" WC="0.96" CONTENT="och"/><SP WIDTH="22" VPOS="1113" HPOS="447"/>
							<String ID="string_205" HPOS="469" VPOS="1113" WIDTH="122" HEIGHT="26" WC="0.95" CONTENT="nödvändig"/><SP WIDTH="19" VPOS="1113" HPOS="591"/>
							<String ID="string_206" HPOS="610" VPOS="1112" WIDTH="121" HEIGHT="27" WC="0.95" CONTENT="utveckling"/><SP WIDTH="14" VPOS="1112" HPOS="731"/>
							<String ID="string_207" HPOS="745" VPOS="1112" WIDTH="23" HEIGHT="21" WC="0.96" CONTENT="af"/><SP WIDTH="14" VPOS="1112" HPOS="768"/>
							<String ID="string_208" HPOS="782" VPOS="1111" WIDTH="65" HEIGHT="21" WC="0.93" CONTENT="redan"/><SP WIDTH="16" VPOS="1111" HPOS="847"/>
							<String ID="string_209" HPOS="863" VPOS="1111" WIDTH="36" HEIGHT="20" WC="0.90" CONTENT="be-"/>
						</TextLine>
						<TextLine ID="line_26" HPOS="73" VPOS="1140" WIDTH="311" HEIGHT="28">
							<String ID="string_210" HPOS="73" VPOS="1141" WIDTH="88" HEIGHT="21" WC="0.93" CONTENT="stående"/><SP WIDTH="16" VPOS="1141" HPOS="161"/>
							<String ID="string_211" HPOS="177" VPOS="1140" WIDTH="207" HEIGHT="28" WC="0.90" CONTENT="försäkringformer."/>
						</TextLine>
					</TextBlock>
					<TextBlock ID="block_7" HPOS="73" VPOS="1168" WIDTH="828" HEIGHT="199">
						<TextLine ID="line_27" HPOS="142" VPOS="1168" WIDTH="758" HEIGHT="28">
							<String ID="string_212" HPOS="142" VPOS="1170" WIDTH="72" HEIGHT="26" WC="0.94" CONTENT="Något"/><SP WIDTH="23" VPOS="1170" HPOS="214"/>
							<String ID="string_213" HPOS="237" VPOS="1169" WIDTH="96" HEIGHT="27" WC="0.94" CONTENT="utförligt"/><SP WIDTH="20" VPOS="1169" HPOS="333"/>
							<String ID="string_214" HPOS="353" VPOS="1169" WIDTH="82" HEIGHT="27" WC="0.96" CONTENT="förslag"/><SP WIDTH="18" VPOS="1169" HPOS="435"/>
							<String ID="string_215" HPOS="453" VPOS="1170" WIDTH="77" HEIGHT="21" WC="0.96" CONTENT="dristar"/><SP WIDTH="13" VPOS="1170" HPOS="530"/>
							<String ID="string_216" HPOS="543" VPOS="1170" WIDTH="37" HEIGHT="26" WC="0.96" CONTENT="jag"/><SP WIDTH="15" VPOS="1170" HPOS="580"/>
							<String ID="string_217" HPOS="595" VPOS="1170" WIDTH="44" HEIGHT="26" WC="0.96" CONTENT="mig"/><SP WIDTH="15" VPOS="1170" HPOS="639"/>
							<String ID="string_218" HPOS="654" VPOS="1170" WIDTH="45" HEIGHT="20" WC="0.95" CONTENT="icke"/><SP WIDTH="15" VPOS="1170" HPOS="699"/>
							<String ID="string_219" HPOS="714" VPOS="1171" WIDTH="31" HEIGHT="19" WC="0.95" CONTENT="att"/><SP WIDTH="15" VPOS="1171" HPOS="745"/>
							<String ID="string_220" HPOS="760" VPOS="1168" WIDTH="119" HEIGHT="27" WC="0.95" CONTENT="framlägga"/><SP WIDTH="14" VPOS="1168" HPOS="879"/>
							<String ID="string_221" HPOS="893" VPOS="1168" WIDTH="7" HEIGHT="20" WC="0.96" CONTENT="i"/>
						</TextLine>
						<TextLine ID="line_28" HPOS="73" VPOS="1197" WIDTH="826" HEIGHT="28">
							<String ID="string_222" HPOS="73" VPOS="1198" WIDTH="70" HEIGHT="21" WC="0.92" CONTENT="denna"/><SP WIDTH="16" VPOS="1198" HPOS="143"/>
							<String ID="string_223" HPOS="159" VPOS="1198" WIDTH="106" HEIGHT="21" WC="0.90" CONTENT="svårlösta"/><SP WIDTH="15" VPOS="1198" HPOS="265"/>
							<String ID="string_224" HPOS="280" VPOS="1198" WIDTH="65" HEIGHT="27" WC="0.96" CONTENT="fråga,"/><SP WIDTH="16" VPOS="1198" HPOS="345"/>
							<String ID="string_225" HPOS="361" VPOS="1199" WIDTH="24" HEIGHT="21" WC="0.96" CONTENT="så"/><SP WIDTH="14" VPOS="1199" HPOS="385"/>
							<String ID="string_226" HPOS="399" VPOS="1198" WIDTH="85" HEIGHT="27" WC="0.96" CONTENT="mycket"/><SP WIDTH="14" VPOS="1198" HPOS="484"/>
							<String ID="string_227" HPOS="498" VPOS="1198" WIDTH="83" HEIGHT="21" WC="0.96" CONTENT="mindre"/><SP WIDTH="11" VPOS="1198" HPOS="581"/>
							<String ID="string_228" HPOS="592" VPOS="1204" WIDTH="46" HEIGHT="15" WC="0.96" CONTENT="som"/><SP WIDTH="11" VPOS="1204" HPOS="638"/>
							<String ID="string_229" HPOS="649" VPOS="1198" WIDTH="124" HEIGHT="21" WC="0.96" CONTENT="densamma"/><SP WIDTH="10" VPOS="1198" HPOS="773"/>
							<String ID="string_230" HPOS="783" VPOS="1198" WIDTH="7" HEIGHT="20" WC="0.97" CONTENT="i"/><SP WIDTH="10" VPOS="1198" HPOS="790"/>
							<String ID="string_231" HPOS="800" VPOS="1197" WIDTH="99" HEIGHT="27" WC="0.96" CONTENT="Europas"/>
						</TextLine>
						<TextLine ID="line_29" HPOS="73" VPOS="1226" WIDTH="826" HEIGHT="27">
							<String ID="string_232" HPOS="73" VPOS="1227" WIDTH="6" HEIGHT="20" WC="0.95" CONTENT="i"/><SP WIDTH="22" VPOS="1227" HPOS="79"/>
							<String ID="string_233" HPOS="101" VPOS="1226" WIDTH="72" HEIGHT="22" WC="0.95" CONTENT="kultur"/><SP WIDTH="21" VPOS="1226" HPOS="173"/>
							<String ID="string_234" HPOS="194" VPOS="1229" WIDTH="57" HEIGHT="19" WC="0.96" CONTENT="mest"/><SP WIDTH="17" VPOS="1229" HPOS="251"/>
							<String ID="string_235" HPOS="268" VPOS="1226" WIDTH="143" HEIGHT="22" WC="0.96" CONTENT="framskridna"/><SP WIDTH="19" VPOS="1226" HPOS="411"/>
							<String ID="string_236" HPOS="430" VPOS="1227" WIDTH="73" HEIGHT="21" WC="0.96" CONTENT="länder"/><SP WIDTH="16" VPOS="1227" HPOS="503"/>
							<String ID="string_237" HPOS="519" VPOS="1227" WIDTH="64" HEIGHT="21" WC="0.96" CONTENT="redan"/><SP WIDTH="16" VPOS="1227" HPOS="583"/>
							<String ID="string_238" HPOS="599" VPOS="1227" WIDTH="62" HEIGHT="26" WC="0.96" CONTENT="länge"/><SP WIDTH="16" VPOS="1227" HPOS="661"/>
							<String ID="string_239" HPOS="677" VPOS="1227" WIDTH="54" HEIGHT="20" WC="0.96" CONTENT="varit"/><SP WIDTH="14" VPOS="1227" HPOS="731"/>
							<String ID="string_240" HPOS="745" VPOS="1226" WIDTH="46" HEIGHT="21" WC="0.96" CONTENT="före"/><SP WIDTH="16" VPOS="1226" HPOS="791"/>
							<String ID="string_241" HPOS="807" VPOS="1226" WIDTH="27" HEIGHT="26" WC="0.93" CONTENT="på"/><SP WIDTH="15" VPOS="1226" HPOS="834"/>
							<String ID="string_242" HPOS="849" VPOS="1226" WIDTH="50" HEIGHT="26" WC="0.92" CONTENT="dag-"/>
						</TextLine>
						<TextLine ID="line_30" HPOS="74" VPOS="1254" WIDTH="826" HEIGHT="28">
							<String ID="string_243" HPOS="74" VPOS="1255" WIDTH="119" HEIGHT="27" WC="0.96" CONTENT="ordningen"/><SP WIDTH="19" VPOS="1255" HPOS="193"/>
							<String ID="string_244" HPOS="212" VPOS="1256" WIDTH="6" HEIGHT="20" WC="0.96" CONTENT="i"/><SP WIDTH="19" VPOS="1256" HPOS="218"/>
							<String ID="string_245" HPOS="237" VPOS="1255" WIDTH="136" HEIGHT="27" WC="0.96" CONTENT="lagstiftande"/><SP WIDTH="22" VPOS="1255" HPOS="373"/>
							<String ID="string_246" HPOS="395" VPOS="1255" WIDTH="155" HEIGHT="27" WC="0.96" CONTENT="församlingar,"/><SP WIDTH="17" VPOS="1255" HPOS="550"/>
							<String ID="string_247" HPOS="567" VPOS="1262" WIDTH="49" HEIGHT="14" WC="0.96" CONTENT="men"/><SP WIDTH="22" VPOS="1262" HPOS="616"/>
							<String ID="string_248" HPOS="638" VPOS="1257" WIDTH="64" HEIGHT="24" WC="0.93" CONTENT="ännu,"/><SP WIDTH="16" VPOS="1257" HPOS="702"/>
							<String ID="string_249" HPOS="718" VPOS="1255" WIDTH="70" HEIGHT="21" WC="0.93" CONTENT="såvidt"/><SP WIDTH="17" VPOS="1255" HPOS="788"/>
							<String ID="string_250" HPOS="805" VPOS="1254" WIDTH="38" HEIGHT="27" WC="0.96" CONTENT="jag"/><SP WIDTH="18" VPOS="1254" HPOS="843"/>
							<String ID="string_251" HPOS="861" VPOS="1254" WIDTH="39" HEIGHT="20" WC="0.96" CONTENT="har"/>
						</TextLine>
						<TextLine ID="line_31" HPOS="73" VPOS="1282" WIDTH="828" HEIGHT="28">
							<String ID="string_252" HPOS="73" VPOS="1284" WIDTH="45" HEIGHT="26" WC="0.96" CONTENT="mig"/><SP WIDTH="14" VPOS="1284" HPOS="118"/>
							<String ID="string_253" HPOS="132" VPOS="1284" WIDTH="85" HEIGHT="25" WC="0.96" CONTENT="bekant,"/><SP WIDTH="17" VPOS="1284" HPOS="217"/>
							<String ID="string_254" HPOS="234" VPOS="1284" WIDTH="76" HEIGHT="21" WC="0.96" CONTENT="endast"/><SP WIDTH="17" VPOS="1284" HPOS="310"/>
							<String ID="string_255" HPOS="327" VPOS="1284" WIDTH="153" HEIGHT="26" WC="0.96" CONTENT="undantagsvis"/><SP WIDTH="15" VPOS="1284" HPOS="480"/>
							<String ID="string_256" HPOS="495" VPOS="1284" WIDTH="84" HEIGHT="21" WC="0.96" CONTENT="erhållit"/><SP WIDTH="14" VPOS="1284" HPOS="579"/>
							<String ID="string_257" HPOS="593" VPOS="1290" WIDTH="26" HEIGHT="15" WC="0.96" CONTENT="en"/><SP WIDTH="16" VPOS="1290" HPOS="619"/>
							<String ID="string_258" HPOS="635" VPOS="1283" WIDTH="94" HEIGHT="21" WC="0.94" CONTENT="definitiv"/><SP WIDTH="15" VPOS="1283" HPOS="729"/>
							<String ID="string_259" HPOS="744" VPOS="1283" WIDTH="92" HEIGHT="26" WC="0.94" CONTENT="lösning."/><SP WIDTH="23" VPOS="1283" HPOS="836"/>
							<String ID="string_260" HPOS="859" VPOS="1282" WIDTH="42" HEIGHT="26" WC="0.96" CONTENT="Jag"/>
						</TextLine>
						<TextLine ID="line_32" HPOS="73" VPOS="1311" WIDTH="828" HEIGHT="28">
							<String ID="string_261" HPOS="73" VPOS="1312" WIDTH="66" HEIGHT="27" WC="0.95" CONTENT="vågar"/><SP WIDTH="22" VPOS="1312" HPOS="139"/>
							<String ID="string_262" HPOS="161" VPOS="1311" WIDTH="71" HEIGHT="22" WC="0.96" CONTENT="därför"/><SP WIDTH="22" VPOS="1311" HPOS="232"/>
							<String ID="string_263" HPOS="254" VPOS="1312" WIDTH="76" HEIGHT="21" WC="0.96" CONTENT="endast"/><SP WIDTH="22" VPOS="1312" HPOS="330"/>
							<String ID="string_264" HPOS="352" VPOS="1312" WIDTH="83" HEIGHT="21" WC="0.96" CONTENT="anhålla"/><SP WIDTH="15" VPOS="1312" HPOS="435"/>
							<String ID="string_265" HPOS="450" VPOS="1314" WIDTH="31" HEIGHT="19" WC="0.93" CONTENT="att"/><SP WIDTH="16" VPOS="1314" HPOS="481"/>
							<String ID="string_266" HPOS="497" VPOS="1311" WIDTH="104" HEIGHT="28" WC="0.92" CONTENT="vällofliga"/><SP WIDTH="17" VPOS="1311" HPOS="601"/>
							<String ID="string_267" HPOS="618" VPOS="1311" WIDTH="175" HEIGHT="27" WC="0.91" CONTENT="borgareståndet"/><SP WIDTH="16" VPOS="1311" HPOS="793"/>
							<String ID="string_268" HPOS="809" VPOS="1311" WIDTH="92" HEIGHT="26" WC="0.92" CONTENT="benäget"/>
						</TextLine>
						<TextLine ID="line_33" HPOS="73" VPOS="1340" WIDTH="438" HEIGHT="27">
							<String ID="string_269" HPOS="73" VPOS="1340" WIDTH="50" HEIGHT="21" WC="0.93" CONTENT="ville"/><SP WIDTH="15" VPOS="1340" HPOS="123"/>
							<String ID="string_270" HPOS="138" VPOS="1341" WIDTH="131" HEIGHT="20" WC="0.92" CONTENT="understöda"/><SP WIDTH="15" VPOS="1341" HPOS="269"/>
							<String ID="string_271" HPOS="284" VPOS="1347" WIDTH="26" HEIGHT="14" WC="0.96" CONTENT="en"/><SP WIDTH="15" VPOS="1347" HPOS="310"/>
							<String ID="string_272" HPOS="325" VPOS="1341" WIDTH="90" HEIGHT="26" WC="0.96" CONTENT="petition"/><SP WIDTH="16" VPOS="1341" HPOS="415"/>
							<String ID="string_273" HPOS="431" VPOS="1341" WIDTH="80" HEIGHT="25" WC="0.95" CONTENT="därom,"/>
						</TextLine>
					</TextBlock>
				</ComposedBlock>
				<ComposedBlock ID="cblock_6" HPOS="281" VPOS="1401" WIDTH="620" HEIGHT="115">
					<TextBlock ID="block_8" HPOS="281" VPOS="1401" WIDTH="620" HEIGHT="115">
						<TextLine ID="line_34" HPOS="351" VPOS="1401" WIDTH="550" HEIGHT="29">
							<String ID="string_274" HPOS="351" VPOS="1405" WIDTH="33" HEIGHT="19" WC="0.95" CONTENT="att"/><SP WIDTH="22" VPOS="1405" HPOS="384"/>
							<String ID="string_275" HPOS="406" VPOS="1403" WIDTH="64" HEIGHT="21" WC="0.96" CONTENT="Hans"/><SP WIDTH="23" VPOS="1403" HPOS="470"/>
							<String ID="string_276" HPOS="493" VPOS="1403" WIDTH="122" HEIGHT="27" WC="0.96" CONTENT="Kejserliga"/><SP WIDTH="17" VPOS="1403" HPOS="615"/>
							<String ID="string_277" HPOS="632" VPOS="1403" WIDTH="103" HEIGHT="27" WC="0.95" CONTENT="Majestät"/><SP WIDTH="22" VPOS="1403" HPOS="735"/>
							<String ID="string_278" HPOS="757" VPOS="1402" WIDTH="79" HEIGHT="21" WC="0.96" CONTENT="täcktes"/><SP WIDTH="19" VPOS="1402" HPOS="836"/>
							<String ID="string_279" HPOS="855" VPOS="1401" WIDTH="46" HEIGHT="21" WC="0.96" CONTENT="låta"/>
						</TextLine>
						<TextLine ID="line_35" HPOS="281" VPOS="1431" WIDTH="618" HEIGHT="28">
							<String ID="string_280" HPOS="281" VPOS="1439" WIDTH="78" HEIGHT="19" WC="0.96" CONTENT="genom"/><SP WIDTH="22" VPOS="1439" HPOS="359"/>
							<String ID="string_281" HPOS="381" VPOS="1439" WIDTH="27" HEIGHT="14" WC="0.92" CONTENT="en"/><SP WIDTH="22" VPOS="1439" HPOS="408"/>
							<String ID="string_282" HPOS="430" VPOS="1432" WIDTH="82" HEIGHT="21" WC="0.82" CONTENT="komité"/><SP WIDTH="20" VPOS="1432" HPOS="512"/>
							<String ID="string_283" HPOS="532" VPOS="1431" WIDTH="29" HEIGHT="28" WC="0.96" CONTENT="af"/><SP WIDTH="17" VPOS="1431" HPOS="561"/>
							<String ID="string_284" HPOS="578" VPOS="1431" WIDTH="139" HEIGHT="27" WC="0.93" CONTENT="sakkunniga"/><SP WIDTH="18" VPOS="1431" HPOS="717"/>
							<String ID="string_285" HPOS="735" VPOS="1431" WIDTH="121" HEIGHT="20" WC="0.90" CONTENT="värkställa"/><SP WIDTH="18" VPOS="1431" HPOS="856"/>
							<String ID="string_286" HPOS="874" VPOS="1436" WIDTH="25" HEIGHT="14" WC="0.96" CONTENT="en"/>
						</TextLine>
						<TextLine ID="line_36" HPOS="282" VPOS="1458" WIDTH="619" HEIGHT="29">
							<String ID="string_287" HPOS="282" VPOS="1460" WIDTH="118" HEIGHT="27" WC="0.96" CONTENT="utredning"/><SP WIDTH="22" VPOS="1460" HPOS="400"/>
							<String ID="string_288" HPOS="422" VPOS="1460" WIDTH="30" HEIGHT="27" WC="0.96" CONTENT="af"/><SP WIDTH="18" VPOS="1460" HPOS="452"/>
							<String ID="string_289" HPOS="470" VPOS="1461" WIDTH="24" HEIGHT="20" WC="0.96" CONTENT="de"/><SP WIDTH="21" VPOS="1461" HPOS="494"/>
							<String ID="string_290" HPOS="515" VPOS="1461" WIDTH="103" HEIGHT="26" WC="0.96" CONTENT="grunder,"/><SP WIDTH="14" VPOS="1461" HPOS="618"/>
							<String ID="string_291" HPOS="632" VPOS="1460" WIDTH="31" HEIGHT="27" WC="0.92" CONTENT="pä"/><SP WIDTH="19" VPOS="1460" HPOS="663"/>
							<String ID="string_292" HPOS="682" VPOS="1459" WIDTH="74" HEIGHT="22" WC="0.91" CONTENT="hvilka"/><SP WIDTH="27" VPOS="1459" HPOS="756"/>
							<String ID="string_293" HPOS="783" VPOS="1466" WIDTH="28" HEIGHT="13" WC="0.93" CONTENT="en"/><SP WIDTH="20" VPOS="1466" HPOS="811"/>
							<String ID="string_294" HPOS="831" VPOS="1458" WIDTH="70" HEIGHT="21" WC="0.92" CONTENT="älder-"/>
						</TextLine>
						<TextLine ID="line_37" HPOS="283" VPOS="1487" WIDTH="618" HEIGHT="29">
							<String ID="string_295" HPOS="283" VPOS="1489" WIDTH="188" HEIGHT="27" WC="0.91" CONTENT="domsförsäkring"/><SP WIDTH="19" VPOS="1489" HPOS="471"/>
							<String ID="string_296" HPOS="490" VPOS="1489" WIDTH="29" HEIGHT="27" WC="0.96" CONTENT="af"/><SP WIDTH="17" VPOS="1489" HPOS="519"/>
							<String ID="string_297" HPOS="536" VPOS="1489" WIDTH="112" HEIGHT="20" WC="0.92" CONTENT="Finlands"/><SP WIDTH="19" VPOS="1489" HPOS="648"/>
							<String ID="string_298" HPOS="667" VPOS="1488" WIDTH="98" HEIGHT="21" WC="0.91" CONTENT="arbetare"/><SP WIDTH="16" VPOS="1488" HPOS="765"/>
							<String ID="string_299" HPOS="781" VPOS="1487" WIDTH="72" HEIGHT="21" WC="0.93" CONTENT="kunde"/><SP WIDTH="13" VPOS="1487" HPOS="853"/>
							<String ID="string_300" HPOS="866" VPOS="1493" WIDTH="35" HEIGHT="20" WC="0.93" CONTENT="ge-"/>
						</TextLine>
					</TextBlock>
				</ComposedBlock>
			</PrintSpace>
		</Page>
	</Layout>
</alto>
