1084 1756
187 96 32 37 54
381 108 206 18 Privatskollärares
599 109 239 22 tjänsteårsberäkning.
938 110 14 17 8
963 110 54 18 febr.

398 177 126 22 Tisalmesta
532 178 128 28 Kajaaniin
671 178 133 22 hallituksen
813 178 169 22 tutkituttamaa
989 178 29 28 ja

399 206 68 22 edellä
482 206 117 22 mainitun
613 208 111 20 komitean
734 208 132 27 puoltamaa
876 209 105 24 suuntaa,
989 207 28 27 ja

468 237 44 19 että
532 237 53 25 työn
605 236 141 21 alkamiseksi
761 236 90 21 tulevan
865 236 152 21 rahainhoito-

398 264 86 21 kauden
505 264 84 21 aikana
607 265 146 21 osotettaisiin
772 272 22 14 se
809 265 142 23 rahamäärä,
961 264 55 28 joka

398 292 242 23 kulkulaitosrahaston
669 294 97 21 varoista
796 293 74 22 siihen
896 293 120 22 harkitaan

397 321 115 22 riittävän.

261 383 136 28 Helsingissä
412 385 124 21 helmikuun
553 385 13 21 6
581 387 50 25 p:nä
647 385 61 21 1900.

296 447 53 21 Ivar
364 447 112 28 Kyander.
755 449 27 21 A.
798 448 82 21 Lilius.

259 486 92 23 Kajaanin
363 487 55 24 kaup.
432 487 88 23 edustaja.
693 488 86 18 Tisalmen
792 488 55 23 kaup.
860 488 88 22 edustaja.

260 550 10 21 I
286 550 93 27 enlighet
396 551 49 21 med
460 551 26 21 hr
501 551 146 28 Kyanders
663 552 73 21 därom
750 552 75 27 gjorda
837 551 98 22 anhällan
946 552 73 21 remit-

190 579 85 21 terades
291 579 237 27 petitionsmemorialet
543 580 32 21 till
587 580 217 27 järnvägsutskottet.

259 780 34 21 Hr
315 780 108 21 Pentzin
447 781 54 22 hade
523 781 104 21 inlämnat
647 784 31 19 ett
693 781 23 21 af
733 781 79 21 honom
825 781 68 26 jämte
908 781 25 21 hr
949 781 67 21 Carl-

189 809 82 20 ström
287 809 169 22 undertecknadt
471 810 213 27 petitionsmemorial
700 810 22 21 af
735 809 93 27 följande
843 809 89 27 lydelse:

420 895 40 21 Till
475 896 106 27 vällotliga
597 896 183 27 borgareständet.

259 957 74 22 Under
355 958 41 21 alla
416 958 145 22 förhällanden
578 959 39 21 bör
632 959 36 21 det
682 959 58 27 ligga
755 960 70 20 staten
842 964 34 15 om
892 958 78 26 hjärtat
985 960 32 19 att

189 987 53 25 göra
264 986 182 28 undervisningen
471 988 30 20 uti
524 987 41 21 alla
587 987 73 21 skolor
675 988 6 20 i
696 988 78 23 landet,
798 987 18 26 ej
839 987 76 21 endast
930 987 7 21 i
952 988 65 20 stats-

189 1014 107 26 skolorna,
317 1017 52 19 utan
391 1015 62 21 äfven
474 1016 58 20 såväl
547 1016 6 20 i
569 1016 26 21 de
611 1015 22 21 af
647 1018 69 19 staten
732 1015 194 21 subventionerade
947 1022 47 14 som
1009 1016 7 20 i

189 1043 26 21 de
230 1042 23 22 af
267 1043 69 21 denna
351 1044 46 20 icke
408 1044 195 21 subventionerade
616 1044 173 27 privatskolorna
799 1044 24 21 så
834 1044 41 26 god
886 1044 39 21 och
937 1044 78 26 grund-

187 1071 32 27 lig
233 1078 47 14 som
296 1072 89 27 möjligt,
401 1072 27 21 då
440 1072 25 28 ju
481 1079 25 15 en
523 1073 42 27 god
576 1072 126 28 uppfostran
713 1073 40 21 och
764 1072 55 26 goda
829 1072 122 27 kunskaper
962 1072 55 22 dock

188 1100 7 21 i
211 1100 54 21 sista
286 1100 57 21 hand
365 1101 87 21 komma
474 1102 36 20 det
531 1101 107 21 allmänna
660 1101 31 21 till
714 1103 60 25 nytta
796 1101 39 21 och
854 1101 56 27 förty
929 1101 51 21 böra
995 1100 23 22 af

189 1128 112 22 samhället
316 1129 27 27 på
358 1129 31 21 alt
404 1131 43 19 sätt
462 1130 121 26 befrämjas.

258 1157 43 21 För
315 1160 32 18 att
363 1158 180 27 undervisningen
559 1158 6 21 i
581 1158 83 21 landets
676 1158 72 21 skolor
759 1158 119 21 emellertid
889 1158 53 21 skall
952 1158 64 21 blifva

187 1185 179 27 fruktbringande
389 1187 68 21 måste
472 1187 6 21 i
493 1186 90 22 främsta
605 1189 93 19 rummet
721 1187 41 21 den
784 1186 88 22 fordran
892 1186 125 27 uppställas,

187 1215 33 19 att
235 1214 125 22 densamma
375 1214 68 28 gifves
459 1216 7 20 i
481 1215 108 21 händerna
607 1216 27 26 på
649 1221 26 15 en
686 1215 75 27 duglig
770 1215 176 27 lärarepersonal.
966 1215 50 21 Men

188 1242 69 21 under
277 1244 133 20 närvarande
428 1243 146 22 förhållanden
590 1246 23 18 är
629 1244 36 21 det
679 1244 119 21 emellertid
812 1243 100 21 förenadt
927 1244 48 20 med
990 1244 26 20 de

188 1272 81 20 största
292 1272 132 26 svårigheter
447 1274 31 19 att
499 1272 35 21 vid
557 1272 131 27 privatskola
709 1272 7 21 i
734 1272 117 21 allmänhet
873 1272 39 21 och
932 1272 34 21 vid
990 1272 27 20 de

187 1298 140 22 kommunala
342 1300 150 22 samskolorna
507 1301 7 21 i
528 1300 84 22 landets
628 1301 118 21 småstäder
762 1300 124 28 isynnerhet
898 1300 55 22 fästa
963 1300 53 26 dug-

187 1327 43 27 liga
255 1328 155 22 lärarekrafter.
440 1329 33 21 De
495 1328 108 22 förmåner
622 1330 51 20 våra
692 1329 138 21 kommunala
848 1328 120 22 samskolor
983 1334 33 15 er-

187 1356 67 27 bjuda
277 1357 32 21 sin
331 1357 171 27 lärarepersonal
524 1360 37 18 äro
576 1357 23 22 af
615 1358 40 21 den
671 1360 38 23 art,
724 1360 32 18 att
771 1358 27 21 de
813 1357 116 27 ingalunda
944 1357 71 21 kunna

187 1390 64 16 anses
274 1385 111 21 lockande:
409 1386 47 21 små
476 1386 59 21 löner
556 1386 39 21 och
617 1388 31 19 ett
663 1386 57 27 styft,
736 1386 66 21 oftast
816 1386 145 21 missförstådt
976 1385 40 21 och

187 1413 166 22 underskattadt
374 1414 74 21 arbete
464 1416 22 20 är
502 1415 24 21 så
542 1415 52 27 godt
616 1421 46 15 som
678 1415 36 21 alt.
743 1414 81 28 Lyckas
840 1420 26 15 en
882 1414 57 27 dylik
955 1414 61 21 skola

186 1441 41 21 hos
249 1442 34 27 sig
303 1442 91 22 anställa
414 1449 27 15 en
456 1442 144 22 framstående
615 1443 171 27 lärareförmåga,
801 1445 24 19 är
840 1443 37 21 det
892 1443 76 21 endast
982 1442 34 21 för

186 1469 51 22 kort
251 1471 37 20 tid.
318 1471 31 27 Ty
364 1471 37 21 det
415 1472 71 26 dröjer
506 1472 17 27 ej
540 1472 68 27 länge,
623 1472 64 21 innan
703 1471 81 22 tillfälle
799 1473 32 20 att
847 1472 75 27 utbyta
936 1471 79 28 privat-

187 1498 185 23 skollärarekallet
387 1502 46 19 mot
448 1500 41 21 den
505 1501 47 20 vida
567 1500 150 27 förmånligare
727 1499 288 22 statsskollärarebefattnin-
