1086 1770
68 112 26 17 10
107 112 60 20 april.
307 112 144 20 Konstgjorda
462 112 191 21 gödslingsämnen.
852 105 42 22 395

211 253 142 34 Tisdagen
372 253 55 27 den
446 253 33 27 10
497 253 75 35 april
589 253 39 27 kl.
646 254 16 26 7
680 261 22 19 e.
721 262 34 17 m.

139 323 42 20 Vid
196 322 118 22 värkstäldt
329 329 85 20 upprop
429 323 106 22 befunnos
546 323 142 21 frånvarande
698 323 25 21 hr
760 323 134 21 Borenius.

69 357 48 16 som
133 351 80 21 anmält
222 351 116 25 förhinder,
351 351 37 21 hrr
428 351 126 26 Kerttula,
570 351 159 26 Relander,
745 351 149 27 Samberg,

71 375 147 30 Åkesson,
242 379 104 26 Savön,
361 380 138 24 Pentzin,
515 380 149 26 Killinen,
680 380 148 26 Walmari,
843 380 52 21 An-

71 409 107 20 dersin
201 408 39 21 och
264 408 124 23 Genetz,
410 409 28 26 pä
461 409 70 27 grund
550 408 23 22 af
585 409 59 21 förut
658 409 120 21 meddeladt
793 409 101 22 tillstånd.

70 439 56 19 samt
142 437 36 20 hrr
193 437 129 25 Stråhle,
362 437 108 27 Löfgren
487 438 38 20 och
541 437 101 26 Lindh,
653 437 31 21 till
695 437 51 27 följd
758 437 23 21 af
790 437 105 27 sjukdom.

142 574 115 27 Upplästes
280 574 30 21 till
331 574 108 27 justering
463 574 40 22 och
519 574 123 28 godkändes
658 574 103 22 särskilda
776 575 78 26 utdrag
869 581 25 14 ur

71 602 186 26 borgareständets
274 603 35 21 vid
325 605 84 19 senaste
425 603 86 27 plenum
526 602 61 23 förda
601 603 113 27 protokoll.

139 763 148 21 Antecknades
309 765 32 19 att
362 762 48 22 frän
434 764 139 21 medständen
596 754 88 31 anländt
702 763 104 21 särskilda
820 765 73 25 proto-

70 791 138 27 kollsutdrag.

139 923 121 27 Föredrogs
283 923 217 22 ekonomiutskottets
523 924 35 21 vid
574 925 86 20 senaste
675 923 86 27 plenum
777 922 117 27 bordlagda

69 951 81 27 förslag
165 951 31 21 till
212 952 206 27 sammanjämkning
433 951 23 22 af
469 952 102 21 ständens
587 952 120 27 skiljaktiga
723 951 70 22 beslut
808 951 35 21 vid
858 951 36 21 be-

70 979 128 28 handlingen
221 979 23 22 af
263 981 116 21 utskottets
403 981 134 21 betänkande
559 987 34 15 n:o
609 981 13 20 3
638 981 7 20 i
660 980 114 27 anledning
789 979 23 22 af
824 979 28 22 H.
868 979 26 21 K.

70 1008 49 21 M:ts
137 1009 77 27 nädiga
229 1009 133 27 proposition
379 1015 33 15 n:o
428 1010 14 20 2
458 1009 48 22 med
521 1009 80 27 förslag
611 1009 31 21 till
652 1009 124 26 förordning
784 1008 110 27 angäende

70 1037 90 22 handel
182 1037 56 22 med
261 1037 163 28 konstgjorda
447 1038 214 27 gödslingsämnen
677 1037 45 22 och
738 1036 106 23 beredda
858 1036 36 22 fo-

71 1065 124 22 dermedel
211 1067 62 20 samt
289 1066 180 23 utsädesvaror.

139 1123 67 22 Ordet
221 1124 104 27 begärdes
341 1123 23 22 af

138 1180 25 21 hr
185 1186 41 15 von
249 1179 111 24 Pfaler,
384 1187 47 14 som
451 1181 92 26 yttrade:
560 1180 144 21 Alldenstund
719 1179 175 27 borgareständet

69 1208 68 27 afböjt
151 1209 73 26 hvarje
239 1208 134 28 lagstiftning
387 1209 7 21 i
410 1209 59 21 detta
484 1211 68 23 ämne,
562 1209 24 21 sä
597 1215 64 21 synes
672 1209 84 21 ständet
767 1208 45 21 icke
822 1207 73 22 kunna

69 1237 50 27 ingå
139 1237 6 21 i
167 1237 100 27 pröfning
288 1237 23 21 af
331 1244 29 15 nu
374 1237 147 27 föreliggande
537 1236 303 28 sammanjämkningsförslag,
855 1235 39 22 och

69 1266 38 21 ber
120 1265 38 27 jag
173 1265 70 22 därför
259 1265 21 22 fä
294 1265 79 22 föreslä
388 1268 32 19 att
436 1266 85 21 ständet
537 1268 50 19 utan
604 1266 72 21 vidare
689 1266 65 21 mätte
764 1264 72 27 afböja
848 1264 47 21 hela

69 1294 328 27 sammanjämkningsförslaget.

138 1351 33 21 Hr
194 1350 232 28 Schybergson:
443 1351 11 21 I
470 1352 59 20 detta
543 1349 299 28 sammanjämkningsförslag
857 1348 38 22 har

69 1379 206 21 ekonomiutskottet
297 1379 61 21 äfven
374 1380 54 26 tagit
443 1380 49 21 med
507 1380 7 20 i
529 1379 117 27 räkningen
663 1378 187 28 borgareständets
865 1377 29 21 af-

69 1408 91 26 böjande
175 1408 76 21 beslut.
271 1408 43 21 Det
325 1410 23 19 är
359 1414 25 15 en
396 1408 207 27 sammanjämkning
612 1407 46 22 icke
667 1407 54 21 blott
728 1406 90 22 emellan
826 1406 26 22 de
863 1408 32 19 tre

69 1436 74 21 ständs
152 1436 56 21 olika
218 1436 116 27 meningar,
343 1436 71 22 hvilka
422 1436 63 22 ständ
493 1436 69 27 ingätt
570 1436 6 21 i
585 1436 194 26 detaljbehandling
786 1434 22 22 af
814 1434 80 27 frägan,

69 1466 52 20 utan
142 1464 62 22 äfven
222 1465 90 21 emellan
331 1465 48 21 dem
395 1465 40 21 och
452 1465 187 27 borgareständets
654 1464 63 22 totalt
731 1463 116 27 afböjande
859 1463 35 21 be-

69 1493 48 21 slut.
141 1493 62 21 Altsä
218 1493 129 21 tillkommer
362 1494 37 20 det
410 1494 178 26 borgareständet
600 1495 32 19 att
641 1493 50 27 ingä
701 1493 7 21 i
718 1492 100 28 pröfning
830 1490 65 27 däraf,
