1086 1778
55 112 29 16 30
96 116 63 13 mars.
329 110 185 18 Folkskollärares
526 110 97 21 aflöning.
839 103 43 21 353

126 180 80 21 Vidare
220 179 38 21 har
274 180 36 20 det
324 178 109 22 anmärkts
456 180 46 20 mot
516 178 102 28 förslaget
633 180 32 20 att
680 180 52 25 göra
746 178 70 21 denna
832 178 50 21 skil-

57 208 43 22 nad
115 208 78 21 mellan
214 208 39 27 gift
275 208 39 21 och
337 207 53 27 ogift
405 208 69 20 lärare
496 209 32 19 att
543 208 36 20 det
594 214 51 15 vore
661 209 32 19 att
707 206 39 22 hos
762 213 36 15 oss
814 206 69 22 införa

57 243 27 15 en
99 237 8 21 i
121 237 52 21 vära
188 236 78 22 sociala
276 236 145 22 förhällanden
436 242 29 21 ny
480 236 82 27 princip
581 236 40 21 och
641 237 32 20 att
688 236 36 21 det
739 235 69 21 skulle
823 235 60 21 inne-

57 266 52 20 bära
125 272 26 14 en
167 265 130 27 premiering
311 264 22 22 af
353 264 146 28 äktenskapet.
529 264 76 22 Denna
626 264 132 27 invändning
775 263 108 22 förefaller

58 294 45 27 mig
117 294 46 21 icke
184 293 68 22 häller
270 293 63 22 hafva
356 293 76 27 grund,
455 293 94 26 emedan,
565 292 33 22 för
618 294 32 20 att
665 299 49 15 man
730 292 69 22 skulle
811 292 73 22 kunna

57 322 44 22 tala
116 328 35 16 om
167 322 136 27 premiering,
325 322 41 21 den
390 321 106 27 differens,
518 328 46 15 som
585 321 90 22 föresläs
697 321 76 21 mellan
791 320 39 28 gift
844 320 40 22 och

58 350 55 27 ogift
127 351 80 20 lärares
222 350 66 26 löner,
304 351 67 20 mäste
386 357 51 14 vara
452 350 26 21 sä
492 352 51 24 stor,
563 352 32 19 att
609 350 36 21 det
661 350 40 21 blir
717 356 25 15 en
758 349 127 21 ekonomisk

58 379 71 22 fördel
143 379 34 21 för
192 379 83 21 läraren
296 381 32 19 att
350 378 52 27 gifta
426 379 40 26 sig.
494 379 66 20 Detta
577 379 62 20 torde
653 378 64 27 ingen
736 378 72 21 kunna
823 377 62 28 pästä

59 407 132 22 beträffande
215 407 144 28 föreliggande
382 407 86 27 förslag.
498 407 47 21 Den
561 406 106 26 differens,
680 413 46 15 som
741 407 39 20 här
794 405 90 22 föreslås

59 436 41 22 och
115 443 47 14 som
178 437 7 20 i
200 436 99 21 medeltal
323 436 68 21 skulle
413 437 76 26 utgöra
510 442 16 15 c.
547 436 42 21 200
611 435 67 23 mark,
693 437 24 19 är
732 435 83 22 således
838 434 47 22 icke

59 465 68 27 något
141 467 65 19 annat
228 467 27 18 än
278 467 31 19 ett
330 465 80 26 bidrag,
432 471 47 14 som
502 465 76 20 endast
593 465 7 20 i
614 465 70 26 någon
707 464 49 21 män
774 465 111 26 uppväger

61 493 107 28 ökningen
191 493 23 22 af
234 493 229 22 lefnadskostnaderna
484 493 32 21 tör
538 493 39 21 den
601 492 57 27 gifte,
680 499 48 14 men
747 494 23 19 är
786 492 46 21 icke
846 498 39 15 ens

61 522 123 27 tillräckligt
206 523 31 20 att
253 522 88 21 betäcka
362 522 48 21 hela
432 522 70 21 denna
524 521 84 27 ökning,
628 523 26 19 än
670 521 83 21 mindre
768 523 33 19 att
815 521 71 20 lämna

61 551 66 26 nägot
143 551 31 20 till
190 550 76 21 öfvers.
296 551 46 20 Här
364 550 42 21 kan
428 550 56 21 altsä
504 550 18 27 ej
545 557 51 14 vara
610 550 30 21 tal
655 556 35 15 om
705 550 71 27 nägon
799 549 87 28 premie.

61 579 80 22 Vidare
156 579 38 21 har
209 579 36 21 det
260 579 108 21 anmärkts
391 581 31 19 att
437 581 31 19 ett
484 579 75 21 sädant
574 578 122 22 förfarande
711 578 68 21 skulle
791 577 96 22 medföra

61 608 104 21 orättvisa
180 608 7 21 i
202 607 24 22 så
248 608 73 25 måtto,
336 609 32 20 att
386 608 26 27 ju
436 607 97 28 familjer,
556 614 46 15 som
622 607 63 22 bestå
699 607 23 21 af
734 607 56 21 olika
809 606 78 27 många

62 636 144 26 medlemmar,
222 637 64 20 också
300 636 62 21 hafva
377 636 56 21 olika
448 636 208 26 lefnadskostnader;
679 642 49 15 man
750 636 68 21 borde
834 635 52 21 såle-

62 665 38 21 des
116 665 27 21 då
158 665 70 27 lämpa
251 665 96 27 bidraget
369 665 129 26 exempelvis
513 664 54 22 efter
581 665 81 20 antalet
677 665 58 20 barn.
764 664 77 21 Denna
856 663 31 21 in-

64 693 110 27 vändning
188 693 42 21 kan
245 693 125 27 visserligen
393 693 113 21 teoretiskt
528 695 59 25 taget
602 699 51 15 vara
669 692 102 28 grundad,
787 699 49 14 men
852 692 36 21 det

63 724 24 18 är
108 722 24 21 så
154 722 48 21 med
226 722 69 21 denna
318 722 136 26 invändning,
477 723 32 20 att
531 722 40 21 den
589 722 41 20 kan
647 723 62 25 göras
725 721 7 21 i
746 721 42 21 alla
802 720 44 26 fall,
862 720 27 21 då

63 757 49 14 man
129 750 58 22 delar
202 750 196 27 lärarepersonalen
413 750 7 21 i
436 750 77 22 endast
536 750 36 22 två
593 750 127 26 kategorier,
740 749 61 22 ätven
816 756 30 14 nu
862 748 28 22 då

64 779 21 20 vi
101 780 52 25 göra
173 778 115 28 delningen
310 779 53 21 efter
385 779 49 20 kön.
464 779 43 20 Det
529 780 23 19 är
574 778 33 21 väl
628 778 96 27 omöjligt
739 780 32 19 att
786 777 104 27 uppfinna

63 813 27 15 en
106 807 66 21 sädan
188 807 110 27 indelning
313 807 6 21 i
334 807 76 21 endast
425 807 67 27 nägra
507 807 21 21 fä
542 807 126 27 kategorier,
676 808 32 20 att
722 807 36 21 det
772 806 46 21 icke
833 806 7 21 i
853 811 35 15 en-

65 835 69 22 skilda
148 835 36 21 fall
200 836 68 21 skulle
284 835 104 28 föreligga
402 835 46 22 skäl
464 835 32 22 till
509 836 100 21 liknande
623 835 162 27 invändningar,
800 834 40 22 och
854 834 36 21 det

64 863 107 22 förefaller
186 865 44 26 mig
252 871 46 14 som
314 871 34 14 om
364 865 70 20 denna
448 865 132 26 invändning
600 864 45 21 icke
661 864 67 21 skulle
744 863 56 28 gälla
814 863 76 21 endast

65 893 71 21 denna
158 893 92 26 delning,
273 895 51 19 utan
345 893 85 21 hvilken
453 893 88 26 delning
558 899 47 15 som
620 893 57 21 hälst
690 893 8 20 i
713 893 76 20 endast
804 892 35 21 tvä
854 891 36 21 ka-

65 921 99 27 tegorier.

136 950 28 21 Sä
179 950 37 21 har
232 950 36 21 det
283 950 73 21 vidare
371 950 110 21 anmärkts
497 952 32 19 att
543 950 36 21 det
594 952 23 19 är
633 950 88 27 onödigt
736 951 32 20 att
778 951 52 25 göra
841 948 49 21 skil-

65 978 43 21 nad
131 979 76 20 mellan
231 979 39 26 gift
292 979 38 21 och
353 978 53 27 ogift
423 979 70 21 lärare
508 979 28 26 pä
550 979 40 20 den
607 979 75 26 grund,
698 980 31 19 att
744 978 26 21 de
785 977 62 22 flesta
861 977 29 20 lä-

64 1013 48 15 rare
128 1007 52 26 gifta
195 1007 39 27 sig.
263 1008 47 21 Mot
331 1007 59 21 detta
410 1007 41 21 kan
472 1007 112 21 anmärkas
600 1009 32 19 att
647 1007 66 27 enligt
727 1006 122 22 statistiken
865 1005 26 21 de

64 1035 67 27 ogifta
146 1036 97 21 lärarena
258 1036 7 21 i
281 1036 130 27 genomsnitt
419 1037 77 26 utgöra
509 1029 26 38 30
547 1037 27 24 %/,
589 1035 22 22 af
625 1036 40 21 den
681 1036 93 26 manliga
794 1034 61 22 delen
871 1033 23 22 af

64 1064 47 21 hela
127 1064 141 21 Järarekären.
298 1065 64 20 Detta
378 1067 22 18 är
412 1065 26 26 ju
454 1070 27 15 en
496 1065 46 20 icke
557 1064 86 21 alldeles
667 1064 107 27 obetydlig
797 1062 94 22 bråkdel.

65 1092 79 21 Därtill
159 1092 97 22 kommer
271 1093 39 21 den
327 1093 186 27 omständigheten
534 1094 31 20 att
580 1092 35 22 vid
631 1092 131 22 närvarande
778 1090 114 22 förhällan-

65 1121 48 25 den,
130 1121 27 21 dä
172 1128 49 14 man
237 1122 123 20 bedömmer
383 1122 109 20 lärarenas
510 1121 65 21 behof
589 1120 52 22 efter
657 1121 99 21 behofvet
771 1120 35 21 för
821 1126 27 14 en
862 1119 30 21 lä-

64 1149 114 27 rarefamilj
195 1156 35 14 om
246 1150 43 21 fem
304 1156 103 21 personer
416 1150 40 21 och
464 1150 53 21 läter
526 1150 25 21 de
562 1149 67 27 ogifta
639 1150 97 20 lärarena
746 1150 87 20 komma
843 1149 49 21 med

66 1178 28 26 pä
108 1178 71 27 köpet,
195 1185 49 15 man
268 1178 66 27 gifver
357 1179 70 26 grund
441 1178 35 22 för
490 1185 26 15 en
532 1178 74 22 känsla
621 1178 23 21 af
656 1178 112 27 begängen
790 1177 104 21 orättvisa

65 1206 40 22 hos
122 1206 54 26 dem,
200 1213 46 15 som
262 1207 45 21 icke
322 1207 60 21 räkat
396 1207 22 21 fä
432 1207 88 21 komma
534 1207 49 21 med
598 1207 27 27 pä
641 1207 51 27 släp.
705 1209 50 19 utan
772 1205 119 22 betraktats

66 1235 72 21 säsom
154 1241 27 15 en
196 1242 74 15 ensam
292 1242 78 20 person
386 1236 40 21 och
441 1235 71 22 därför
531 1242 62 15 anses
609 1236 52 20 böra
675 1235 63 21 hafva
752 1234 84 22 mindre
851 1234 42 26 lön,

66 1264 20 20 d.
97 1270 20 14 v.
125 1270 16 14 s.
149 1264 152 21 lärarinnorna.
322 1264 48 21 Den
380 1264 112 27 indelning
499 1264 21 22 vi
528 1264 78 21 föreslå
616 1264 40 21 och
667 1270 76 21 genom
756 1263 86 21 hvilken
850 1262 42 22 för-

66 1292 74 21 mäner
156 1292 69 22 skulle
238 1292 67 27 gifvas
320 1293 26 21 de
363 1292 51 28 gifta
424 1293 98 21 lärarena
543 1293 40 21 och
603 1293 26 21 de
644 1292 67 27 ogifta
724 1292 104 21 likställas
844 1291 50 21 med

66 1321 149 21 lärarinnorna
237 1321 41 21 kan
291 1322 38 26 jag
343 1322 45 20 icke
403 1328 53 14 anse
470 1328 50 15 vara
536 1322 78 26 onödig
629 1322 64 20 redan
709 1320 72 22 därför
796 1322 32 19 att
844 1320 50 21 den-

68 1356 83 14 samma
165 1350 89 26 bidroge
269 1352 31 19 att
315 1350 95 26 aflägsna
426 1350 70 21 denna
511 1350 102 21 orättvisa
629 1350 39 21 och
683 1351 31 19 ett
729 1349 47 21 skäl
791 1348 32 22 till
833 1348 62 21 miss-

67 1378 55 26 nöje,
138 1378 40 21 och
193 1378 59 21 detta
266 1379 61 21 torde
341 1385 51 15 vara
407 1379 68 21 motiv
490 1385 44 21 nog
548 1378 31 22 till
595 1384 26 15 en
637 1378 132 26 förändring.

137 1406 79 21 Vidare
231 1406 84 22 anföres
330 1408 7 19 i
352 1408 42 25 dag
408 1408 7 19 i
430 1413 27 14 en
473 1408 83 25 tidning
571 1409 32 18 att
617 1407 48 21 värt
678 1406 81 27 förslag
767 1412 52 15 vore
830 1407 66 20 orätt-

68 1435 43 20 vist
126 1435 129 21 därutinnan
284 1437 31 19 att
336 1435 22 21 vi
380 1435 80 21 föreslä
481 1442 26 14 en
523 1435 88 27 höjning
626 1435 23 21 af
661 1435 159 21 lärarinnornas
836 1434 60 20 löner

68 1463 49 21 med
133 1464 31 20 ett
179 1463 131 27 totalbelopp
325 1463 23 21 af
361 1464 63 26 drygt
440 1464 111 25 1,000,000
572 1463 66 26 mark,
654 1463 75 21 medan
744 1463 22 21 vi
781 1462 79 21 föreslä
875 1462 23 20 ät

68 1491 97 21 lärarena
180 1498 26 14 en
222 1491 122 27 förhöjning
359 1492 22 21 af
394 1492 78 21 endast
493 1492 91 26 390,000
606 1492 61 21 mark
682 1492 7 20 i
704 1492 66 20 rundt
789 1490 35 22 tal.
854 1490 44 21 Det

806 1530 24 18 23
