<?xml version="1.0" encoding="UTF-8"?>
<alto xmlns="http://www.loc.gov/standards/alto/ns-v3#" xmlns:xlink="http://www.w3.org/1999/xlink" xmlns:xsi="http://www.w3.org/2001/XMLSchema-instance" xsi:schemaLocation="http://www.loc.gov/standards/alto/ns-v3# http://www.loc.gov/alto/v3/alto-3-0.xsd">
	<Description>
		<MeasurementUnit>pixel</MeasurementUnit>
		<sourceImageInformation>
			<fileName>/tmp/tess_f8ncb7_h_input.PNG</fileName>
		</sourceImageInformation>
		<OCRProcessing ID="OCR_0">
			<ocrProcessingStep>
				<processingSoftware>
					<softwareName>tesseract 5.3.4</softwareName>
				</processingSoftware>
			</ocrProcessingStep>
		</OCRProcessing>
	</Description>
	<Layout>
		<Page WIDTH="1084" HEIGHT="1748" PHYSICAL_IMG_NR="0" ID="page_0">
			<PrintSpace HPOS="0" VPOS="0" WIDTH="1084" HEIGHT="1748">
				<ComposedBlock ID="cblock_0" HPOS="197" VPOS="94" WIDTH="823" HEIGHT="42">
					<TextBlock ID="block_0" HPOS="197" VPOS="94" WIDTH="823" HEIGHT="42">
						<TextLine ID="line_0" HPOS="197" VPOS="94" WIDTH="823" HEIGHT="42">
							<String ID="string_0" HPOS="197" VPOS="94" WIDTH="28" HEIGHT="20" WC="0.95" CONTENT="20"/><SP WIDTH="238" VPOS="94" HPOS="225"/>
							<String ID="string_1" HPOS="463" VPOS="131" WIDTH="5" HEIGHT="1" WC="0.79" CONTENT="—"/><SP WIDTH="11" VPOS="131" HPOS="468"/>
							<String ID="string_2" HPOS="479" VPOS="96" WIDTH="264" HEIGHT="40" WC="0.37" CONTENT="Häleningsdeputationer."/><SP WIDTH="197" VPOS="96" HPOS="743"/>
							<String ID="string_3" HPOS="940" VPOS="100" WIDTH="27" HEIGHT="17" WC="0.96" CONTENT="26"/><SP WIDTH="9" VPOS="100" HPOS="967"/>
							<String ID="string_4" HPOS="976" VPOS="101" WIDTH="44" HEIGHT="20" WC="0.96" CONTENT="jan."/>
						</TextLine>
					</TextBlock>
				</ComposedBlock>
				<GraphicalElement ID="cblock_1" HPOS="474" VPOS="130" WIDTH="62" HEIGHT="3"></GraphicalElement >
				<ComposedBlock ID="cblock_2" HPOS="194" VPOS="167" WIDTH="827" HEIGHT="571">
					<TextBlock ID="block_1" HPOS="197" VPOS="167" WIDTH="824" HEIGHT="52">
						<TextLine ID="line_1" HPOS="197" VPOS="167" WIDTH="824" HEIGHT="28">
							<String ID="string_5" HPOS="197" VPOS="167" WIDTH="151" HEIGHT="27" WC="0.96" CONTENT="valtiopäivillä"/><SP WIDTH="15" VPOS="167" HPOS="348"/>
							<String ID="string_6" HPOS="363" VPOS="168" WIDTH="34" HEIGHT="21" WC="0.93" CONTENT="ole"/><SP WIDTH="11" VPOS="168" HPOS="397"/>
							<String ID="string_7" HPOS="408" VPOS="168" WIDTH="64" HEIGHT="27" WC="0.91" CONTENT="jääpä"/><SP WIDTH="15" VPOS="168" HPOS="472"/>
							<String ID="string_8" HPOS="487" VPOS="169" WIDTH="134" HEIGHT="23" WC="0.90" CONTENT="hedelmättä,"/><SP WIDTH="17" VPOS="169" HPOS="621"/>
							<String ID="string_9" HPOS="638" VPOS="176" WIDTH="52" HEIGHT="14" WC="0.96" CONTENT="vaan"/><SP WIDTH="17" VPOS="176" HPOS="690"/>
							<String ID="string_10" HPOS="707" VPOS="175" WIDTH="27" HEIGHT="15" WC="0.96" CONTENT="on"/><SP WIDTH="17" VPOS="175" HPOS="734"/>
							<String ID="string_11" HPOS="751" VPOS="170" WIDTH="97" HEIGHT="20" WC="0.96" CONTENT="tuottava"/><SP WIDTH="16" VPOS="170" HPOS="848"/>
							<String ID="string_12" HPOS="864" VPOS="168" WIDTH="110" HEIGHT="22" WC="0.93" CONTENT="siunausta"/><SP WIDTH="15" VPOS="168" HPOS="974"/>
							<String ID="string_13" HPOS="989" VPOS="175" WIDTH="32" HEIGHT="15" WC="0.92" CONTENT="ra-"/>
						</TextLine>
						<TextLine ID="line_2" HPOS="197" VPOS="196" WIDTH="314" HEIGHT="23">
							<String ID="string_14" HPOS="197" VPOS="196" WIDTH="114" HEIGHT="22" WC="0.92" CONTENT="kastetulle"/><SP WIDTH="14" VPOS="196" HPOS="311"/>
							<String ID="string_15" HPOS="325" VPOS="197" WIDTH="186" HEIGHT="22" WC="0.96" CONTENT="isänmaallemme."/>
						</TextLine>
					</TextBlock>
					<TextBlock ID="block_2" HPOS="195" VPOS="225" WIDTH="826" HEIGHT="341">
						<TextLine ID="line_3" HPOS="266" VPOS="225" WIDTH="755" HEIGHT="28">
							<String ID="string_16" HPOS="266" VPOS="225" WIDTH="33" HEIGHT="21" WC="0.96" CONTENT="Ne"/><SP WIDTH="22" VPOS="225" HPOS="299"/>
							<String ID="string_17" HPOS="321" VPOS="225" WIDTH="92" HEIGHT="22" WC="0.93" CONTENT="erilaiset"/><SP WIDTH="20" VPOS="225" HPOS="413"/>
							<String ID="string_18" HPOS="433" VPOS="226" WIDTH="224" HEIGHT="21" WC="0.92" CONTENT="elämänkokemukset"/><SP WIDTH="19" VPOS="226" HPOS="657"/>
							<String ID="string_19" HPOS="676" VPOS="226" WIDTH="24" HEIGHT="27" WC="0.96" CONTENT="ja"/><SP WIDTH="20" VPOS="226" HPOS="700"/>
							<String ID="string_20" HPOS="720" VPOS="233" WIDTH="26" HEIGHT="14" WC="0.96" CONTENT="ne"/><SP WIDTH="16" VPOS="233" HPOS="746"/>
							<String ID="string_21" HPOS="762" VPOS="226" WIDTH="30" HEIGHT="21" WC="0.96" CONTENT="eri"/><SP WIDTH="16" VPOS="226" HPOS="792"/>
							<String ID="string_22" HPOS="808" VPOS="226" WIDTH="140" HEIGHT="26" WC="0.96" CONTENT="näkökohdat,"/><SP WIDTH="13" VPOS="226" HPOS="948"/>
							<String ID="string_23" HPOS="961" VPOS="226" WIDTH="60" HEIGHT="27" WC="0.96" CONTENT="joita,"/>
						</TextLine>
						<TextLine ID="line_4" HPOS="197" VPOS="253" WIDTH="824" HEIGHT="28">
							<String ID="string_24" HPOS="197" VPOS="253" WIDTH="66" HEIGHT="21" WC="0.95" CONTENT="kuten"/><SP WIDTH="23" VPOS="253" HPOS="263"/>
							<String ID="string_25" HPOS="286" VPOS="254" WIDTH="137" HEIGHT="21" WC="0.95" CONTENT="luonnollista"/><SP WIDTH="18" VPOS="254" HPOS="423"/>
							<String ID="string_26" HPOS="441" VPOS="261" WIDTH="34" HEIGHT="20" WC="0.96" CONTENT="on,"/><SP WIDTH="13" VPOS="261" HPOS="475"/>
							<String ID="string_27" HPOS="488" VPOS="255" WIDTH="23" HEIGHT="26" WC="0.96" CONTENT="jo"/><SP WIDTH="15" VPOS="255" HPOS="511"/>
							<String ID="string_28" HPOS="526" VPOS="255" WIDTH="101" HEIGHT="21" WC="0.96" CONTENT="ihmisten"/><SP WIDTH="16" VPOS="255" HPOS="627"/>
							<String ID="string_29" HPOS="643" VPOS="255" WIDTH="97" HEIGHT="21" WC="0.93" CONTENT="erilaisen"/><SP WIDTH="16" VPOS="255" HPOS="740"/>
							<String ID="string_30" HPOS="756" VPOS="254" WIDTH="203" HEIGHT="27" WC="0.91" CONTENT="yhteiskunnallisen"/><SP WIDTH="16" VPOS="254" HPOS="959"/>
							<String ID="string_31" HPOS="975" VPOS="261" WIDTH="46" HEIGHT="15" WC="0.93" CONTENT="ase-"/>
						</TextLine>
						<TextLine ID="line_5" HPOS="197" VPOS="283" WIDTH="822" HEIGHT="25">
							<String ID="string_32" HPOS="197" VPOS="288" WIDTH="48" HEIGHT="15" WC="0.95" CONTENT="man"/><SP WIDTH="17" VPOS="288" HPOS="245"/>
							<String ID="string_33" HPOS="262" VPOS="283" WIDTH="76" HEIGHT="20" WC="0.96" CONTENT="vuoksi"/><SP WIDTH="15" VPOS="283" HPOS="338"/>
							<String ID="string_34" HPOS="353" VPOS="283" WIDTH="48" HEIGHT="20" WC="0.93" CONTENT="aina"/><SP WIDTH="13" VPOS="283" HPOS="401"/>
							<String ID="string_35" HPOS="414" VPOS="283" WIDTH="170" HEIGHT="22" WC="0.90" CONTENT="ihmiselämässä"/><SP WIDTH="15" VPOS="283" HPOS="584"/>
							<String ID="string_36" HPOS="599" VPOS="283" WIDTH="95" HEIGHT="25" WC="0.96" CONTENT="ilmenee,"/><SP WIDTH="16" VPOS="283" HPOS="694"/>
							<String ID="string_37" HPOS="710" VPOS="283" WIDTH="56" HEIGHT="21" WC="0.96" CONTENT="eivät"/><SP WIDTH="14" VPOS="283" HPOS="766"/>
							<String ID="string_38" HPOS="780" VPOS="283" WIDTH="103" HEIGHT="21" WC="0.96" CONTENT="itsestään"/><SP WIDTH="17" VPOS="283" HPOS="883"/>
							<String ID="string_39" HPOS="900" VPOS="283" WIDTH="119" HEIGHT="21" WC="0.96" CONTENT="mitenkään"/>
						</TextLine>
						<TextLine ID="line_6" HPOS="197" VPOS="311" WIDTH="824" HEIGHT="28">
							<String ID="string_40" HPOS="197" VPOS="313" WIDTH="60" HEIGHT="18" WC="0.94" CONTENT="saata"/><SP WIDTH="15" VPOS="313" HPOS="257"/>
							<String ID="string_41" HPOS="272" VPOS="311" WIDTH="42" HEIGHT="21" WC="0.96" CONTENT="olla"/><SP WIDTH="12" VPOS="311" HPOS="314"/>
							<String ID="string_42" HPOS="326" VPOS="311" WIDTH="91" HEIGHT="21" WC="0.93" CONTENT="esteeksi"/><SP WIDTH="11" VPOS="311" HPOS="417"/>
							<String ID="string_43" HPOS="428" VPOS="312" WIDTH="207" HEIGHT="27" WC="0.92" CONTENT="säätykokouksessa"/><SP WIDTH="11" VPOS="312" HPOS="635"/>
							<String ID="string_44" HPOS="646" VPOS="313" WIDTH="66" HEIGHT="20" WC="0.93" CONTENT="asiain"/><SP WIDTH="11" VPOS="313" HPOS="712"/>
							<String ID="string_45" HPOS="723" VPOS="311" WIDTH="131" HEIGHT="22" WC="0.92" CONTENT="onnelliselle"/><SP WIDTH="12" VPOS="311" HPOS="854"/>
							<String ID="string_46" HPOS="866" VPOS="311" WIDTH="155" HEIGHT="26" WC="0.96" CONTENT="suoritukselle,"/>
						</TextLine>
						<TextLine ID="line_7" HPOS="198" VPOS="340" WIDTH="821" HEIGHT="27">
							<String ID="string_47" HPOS="198" VPOS="345" WIDTH="52" HEIGHT="15" WC="0.95" CONTENT="vaan"/><SP WIDTH="24" VPOS="345" HPOS="250"/>
							<String ID="string_48" HPOS="274" VPOS="346" WIDTH="27" HEIGHT="14" WC="0.95" CONTENT="ne"/><SP WIDTH="21" VPOS="346" HPOS="301"/>
							<String ID="string_49" HPOS="322" VPOS="340" WIDTH="134" HEIGHT="26" WC="0.96" CONTENT="päinvastoin"/><SP WIDTH="24" VPOS="340" HPOS="456"/>
							<String ID="string_50" HPOS="480" VPOS="341" WIDTH="137" HEIGHT="26" WC="0.96" CONTENT="täydentävät"/><SP WIDTH="16" VPOS="341" HPOS="617"/>
							<String ID="string_51" HPOS="633" VPOS="341" WIDTH="22" HEIGHT="26" WC="0.96" CONTENT="ja"/><SP WIDTH="16" VPOS="341" HPOS="655"/>
							<String ID="string_52" HPOS="671" VPOS="340" WIDTH="110" HEIGHT="27" WC="0.96" CONTENT="korjaavat"/><SP WIDTH="15" VPOS="340" HPOS="781"/>
							<String ID="string_53" HPOS="796" VPOS="340" WIDTH="96" HEIGHT="25" WC="0.96" CONTENT="toisiaan,"/><SP WIDTH="17" VPOS="340" HPOS="892"/>
							<String ID="string_54" HPOS="909" VPOS="340" WIDTH="41" HEIGHT="21" WC="0.96" CONTENT="kun"/><SP WIDTH="17" VPOS="340" HPOS="950"/>
							<String ID="string_55" HPOS="967" VPOS="347" WIDTH="52" HEIGHT="14" WC="0.96" CONTENT="vaan"/>
						</TextLine>
						<TextLine ID="line_8" HPOS="197" VPOS="368" WIDTH="823" HEIGHT="27">
							<String ID="string_56" HPOS="197" VPOS="368" WIDTH="143" HEIGHT="21" WC="0.93" CONTENT="noudatetaan"/><SP WIDTH="17" VPOS="368" HPOS="340"/>
							<String ID="string_57" HPOS="357" VPOS="370" WIDTH="147" HEIGHT="25" WC="0.91" CONTENT="sananpartta:"/><SP WIDTH="18" VPOS="370" HPOS="504"/>
							<String ID="string_58" HPOS="522" VPOS="375" WIDTH="77" HEIGHT="15" WC="0.78" CONTENT="»arvaa"/><SP WIDTH="15" VPOS="375" HPOS="599"/>
							<String ID="string_59" HPOS="614" VPOS="375" WIDTH="49" HEIGHT="15" WC="0.96" CONTENT="oma"/><SP WIDTH="15" VPOS="375" HPOS="663"/>
							<String ID="string_60" HPOS="678" VPOS="369" WIDTH="60" HEIGHT="25" WC="0.96" CONTENT="tilasi,"/><SP WIDTH="12" VPOS="369" HPOS="738"/>
							<String ID="string_61" HPOS="750" VPOS="375" WIDTH="56" HEIGHT="14" WC="0.96" CONTENT="anna"/><SP WIDTH="12" VPOS="375" HPOS="806"/>
							<String ID="string_62" HPOS="818" VPOS="375" WIDTH="51" HEIGHT="14" WC="0.93" CONTENT="arvo"/><SP WIDTH="13" VPOS="375" HPOS="869"/>
							<String ID="string_63" HPOS="882" VPOS="369" WIDTH="138" HEIGHT="20" WC="0.83" CONTENT="toisellekin»."/>
						</TextLine>
						<TextLine ID="line_9" HPOS="195" VPOS="396" WIDTH="826" HEIGHT="28">
							<String ID="string_64" HPOS="195" VPOS="396" WIDTH="28" HEIGHT="21" WC="0.92" CONTENT="Ja"/><SP WIDTH="15" VPOS="396" HPOS="223"/>
							<String ID="string_65" HPOS="238" VPOS="396" WIDTH="179" HEIGHT="22" WC="0.92" CONTENT="luonnollistahan"/><SP WIDTH="17" VPOS="396" HPOS="417"/>
							<String ID="string_66" HPOS="434" VPOS="403" WIDTH="23" HEIGHT="15" WC="0.96" CONTENT="se"/><SP WIDTH="16" VPOS="403" HPOS="457"/>
							<String ID="string_67" HPOS="473" VPOS="397" WIDTH="71" HEIGHT="26" WC="0.96" CONTENT="onkin,"/><SP WIDTH="16" VPOS="397" HPOS="544"/>
							<String ID="string_68" HPOS="560" VPOS="397" WIDTH="47" HEIGHT="22" WC="0.96" CONTENT="sillä"/><SP WIDTH="16" VPOS="397" HPOS="607"/>
							<String ID="string_69" HPOS="623" VPOS="397" WIDTH="69" HEIGHT="22" WC="0.96" CONTENT="onhan"/><SP WIDTH="16" VPOS="397" HPOS="692"/>
							<String ID="string_70" HPOS="708" VPOS="397" WIDTH="106" HEIGHT="21" WC="0.96" CONTENT="olemassa"/><SP WIDTH="15" VPOS="397" HPOS="814"/>
							<String ID="string_71" HPOS="829" VPOS="403" WIDTH="59" HEIGHT="15" WC="0.96" CONTENT="sama"/><SP WIDTH="16" VPOS="403" HPOS="888"/>
							<String ID="string_72" HPOS="904" VPOS="398" WIDTH="117" HEIGHT="26" WC="0.96" CONTENT="päämäärä,"/>
						</TextLine>
						<TextLine ID="line_10" HPOS="194" VPOS="424" WIDTH="826" HEIGHT="29">
							<String ID="string_73" HPOS="194" VPOS="424" WIDTH="67" HEIGHT="27" WC="0.94" CONTENT="johon"/><SP WIDTH="24" VPOS="424" HPOS="261"/>
							<String ID="string_74" HPOS="285" VPOS="425" WIDTH="111" HEIGHT="26" WC="0.93" CONTENT="pyrimme:"/><SP WIDTH="22" VPOS="425" HPOS="396"/>
							<String ID="string_75" HPOS="418" VPOS="426" WIDTH="153" HEIGHT="21" WC="0.86" CONTENT="isänmaamme"/><SP WIDTH="15" VPOS="426" HPOS="571"/>
							<String ID="string_76" HPOS="586" VPOS="426" WIDTH="22" HEIGHT="27" WC="0.96" CONTENT="ja"/><SP WIDTH="21" VPOS="426" HPOS="608"/>
							<String ID="string_77" HPOS="629" VPOS="426" WIDTH="123" HEIGHT="21" WC="0.96" CONTENT="kansamme"/><SP WIDTH="16" VPOS="426" HPOS="752"/>
							<String ID="string_78" HPOS="768" VPOS="426" WIDTH="56" HEIGHT="22" WC="0.96" CONTENT="onni,"/><SP WIDTH="17" VPOS="426" HPOS="824"/>
							<String ID="string_79" HPOS="841" VPOS="432" WIDTH="59" HEIGHT="15" WC="0.96" CONTENT="sama"/><SP WIDTH="14" VPOS="432" HPOS="900"/>
							<String ID="string_80" HPOS="914" VPOS="427" WIDTH="106" HEIGHT="25" WC="0.96" CONTENT="perustus,"/>
						</TextLine>
						<TextLine ID="line_11" HPOS="194" VPOS="453" WIDTH="827" HEIGHT="28">
							<String ID="string_81" HPOS="194" VPOS="447" WIDTH="52" HEIGHT="32" WC="0.96" CONTENT="jolle"/><SP WIDTH="23" VPOS="447" HPOS="246"/>
							<String ID="string_82" HPOS="269" VPOS="453" WIDTH="121" HEIGHT="22" WC="0.96" CONTENT="tahdomme"/><SP WIDTH="22" VPOS="453" HPOS="390"/>
							<String ID="string_83" HPOS="412" VPOS="454" WIDTH="109" HEIGHT="32" WC="0.94" CONTENT="rakentaa:"/><SP WIDTH="24" VPOS="454" HPOS="521"/>
							<String ID="string_84" HPOS="545" VPOS="455" WIDTH="74" HEIGHT="20" WC="0.94" CONTENT="oikeus"/><SP WIDTH="21" VPOS="455" HPOS="619"/>
							<String ID="string_85" HPOS="640" VPOS="455" WIDTH="23" HEIGHT="26" WC="0.96" CONTENT="ja"/><SP WIDTH="21" VPOS="455" HPOS="663"/>
							<String ID="string_86" HPOS="684" VPOS="457" WIDTH="82" HEIGHT="23" WC="0.65" CONTENT="totuus,"/><SP WIDTH="16" VPOS="457" HPOS="766"/>
							<String ID="string_87" HPOS="782" VPOS="461" WIDTH="59" HEIGHT="14" WC="0.96" CONTENT="sama"/><SP WIDTH="16" VPOS="461" HPOS="841"/>
							<String ID="string_88" HPOS="857" VPOS="454" WIDTH="100" HEIGHT="25" WC="0.96" CONTENT="vaikutin,"/><SP WIDTH="12" VPOS="454" HPOS="957"/>
							<String ID="string_89" HPOS="969" VPOS="454" WIDTH="52" HEIGHT="27" WC="0.96" CONTENT="joka"/>
						</TextLine>
						<TextLine ID="line_12" HPOS="197" VPOS="481" WIDTH="823" HEIGHT="28">
							<String ID="string_90" HPOS="197" VPOS="481" WIDTH="106" HEIGHT="28" WC="0.91" CONTENT="elähyttää"/><SP WIDTH="20" VPOS="481" HPOS="303"/>
							<String ID="string_91" HPOS="323" VPOS="483" WIDTH="64" HEIGHT="20" WC="0.93" CONTENT="meitä"/><SP WIDTH="15" VPOS="483" HPOS="387"/>
							<String ID="string_92" HPOS="402" VPOS="483" WIDTH="163" HEIGHT="21" WC="0.93" CONTENT="toimissamme:"/><SP WIDTH="23" VPOS="483" HPOS="565"/>
							<String ID="string_93" HPOS="588" VPOS="483" WIDTH="91" HEIGHT="21" WC="0.96" CONTENT="rakkaus"/><SP WIDTH="16" VPOS="483" HPOS="679"/>
							<String ID="string_94" HPOS="695" VPOS="483" WIDTH="133" HEIGHT="21" WC="0.96" CONTENT="maahamme"/><SP WIDTH="12" VPOS="483" HPOS="828"/>
							<String ID="string_95" HPOS="840" VPOS="483" WIDTH="24" HEIGHT="26" WC="0.93" CONTENT="ja"/><SP WIDTH="14" VPOS="483" HPOS="864"/>
							<String ID="string_96" HPOS="878" VPOS="477" WIDTH="142" HEIGHT="30" WC="0.92" CONTENT="kansaamme,"/>
						</TextLine>
						<TextLine ID="line_13" HPOS="197" VPOS="511" WIDTH="822" HEIGHT="28">
							<String ID="string_97" HPOS="197" VPOS="517" WIDTH="59" HEIGHT="14" WC="0.94" CONTENT="sama"/><SP WIDTH="16" VPOS="517" HPOS="256"/>
							<String ID="string_98" HPOS="272" VPOS="511" WIDTH="53" HEIGHT="26" WC="0.96" CONTENT="ohje,"/><SP WIDTH="13" VPOS="511" HPOS="325"/>
							<String ID="string_99" HPOS="338" VPOS="511" WIDTH="51" HEIGHT="26" WC="0.96" CONTENT="joka"/><SP WIDTH="15" VPOS="511" HPOS="389"/>
							<String ID="string_100" HPOS="404" VPOS="513" WIDTH="82" HEIGHT="19" WC="0.90" CONTENT="määrää"/><SP WIDTH="14" VPOS="513" HPOS="486"/>
							<String ID="string_101" HPOS="500" VPOS="512" WIDTH="193" HEIGHT="27" WC="0.92" CONTENT="menettelyämme:"/><SP WIDTH="13" VPOS="512" HPOS="693"/>
							<String ID="string_102" HPOS="706" VPOS="511" WIDTH="171" HEIGHT="27" WC="0.91" CONTENT="järkähtämätön"/><SP WIDTH="14" VPOS="511" HPOS="877"/>
							<String ID="string_103" HPOS="891" VPOS="500" WIDTH="129" HEIGHT="32" WC="0.96" CONTENT="uskollisuus"/>
						</TextLine>
						<TextLine ID="line_14" HPOS="196" VPOS="539" WIDTH="587" HEIGHT="27">
							<String ID="string_104" HPOS="196" VPOS="539" WIDTH="121" HEIGHT="27" WC="0.91" CONTENT="Hallitsijaa"/><SP WIDTH="15" VPOS="539" HPOS="317"/>
							<String ID="string_105" HPOS="332" VPOS="539" WIDTH="92" HEIGHT="22" WC="0.96" CONTENT="kohtaan"/><SP WIDTH="14" VPOS="539" HPOS="424"/>
							<String ID="string_106" HPOS="438" VPOS="540" WIDTH="22" HEIGHT="26" WC="0.97" CONTENT="ja"/><SP WIDTH="16" VPOS="540" HPOS="460"/>
							<String ID="string_107" HPOS="476" VPOS="540" WIDTH="107" HEIGHT="21" WC="0.93" CONTENT="tunnokas"/><SP WIDTH="16" VPOS="540" HPOS="583"/>
							<String ID="string_108" HPOS="599" VPOS="540" WIDTH="184" HEIGHT="21" WC="0.92" CONTENT="lainkuuliaisuus."/>
						</TextLine>
					</TextBlock>
					<TextBlock ID="block_3" HPOS="195" VPOS="567" WIDTH="824" HEIGHT="171">
						<TextLine ID="line_15" HPOS="266" VPOS="567" WIDTH="753" HEIGHT="28">
							<String ID="string_109" HPOS="266" VPOS="567" WIDTH="160" HEIGHT="22" WC="0.91" CONTENT="Vakuutettuna"/><SP WIDTH="16" VPOS="567" HPOS="426"/>
							<String ID="string_110" HPOS="442" VPOS="569" WIDTH="53" HEIGHT="22" WC="0.95" CONTENT="siitä,"/><SP WIDTH="16" VPOS="569" HPOS="495"/>
							<String ID="string_111" HPOS="511" VPOS="571" WIDTH="43" HEIGHT="18" WC="0.96" CONTENT="että"/><SP WIDTH="17" VPOS="571" HPOS="554"/>
							<String ID="string_112" HPOS="571" VPOS="575" WIDTH="22" HEIGHT="15" WC="0.96" CONTENT="se"/><SP WIDTH="16" VPOS="575" HPOS="593"/>
							<String ID="string_113" HPOS="609" VPOS="569" WIDTH="163" HEIGHT="26" WC="0.96" CONTENT="perusteellinen"/><SP WIDTH="17" VPOS="569" HPOS="772"/>
							<String ID="string_114" HPOS="789" VPOS="569" WIDTH="52" HEIGHT="20" WC="0.96" CONTENT="tieto"/><SP WIDTH="18" VPOS="569" HPOS="841"/>
							<String ID="string_115" HPOS="859" VPOS="569" WIDTH="19" HEIGHT="20" WC="0.93" CONTENT="ja"/><SP WIDTH="15" VPOS="569" HPOS="878"/>
							<String ID="string_116" HPOS="893" VPOS="568" WIDTH="126" HEIGHT="27" WC="0.92" CONTENT="monipuoli-"/>
						</TextLine>
						<TextLine ID="line_16" HPOS="197" VPOS="596" WIDTH="822" HEIGHT="28">
							<String ID="string_117" HPOS="197" VPOS="602" WIDTH="41" HEIGHT="15" WC="0.96" CONTENT="nen"/><SP WIDTH="16" VPOS="602" HPOS="238"/>
							<String ID="string_118" HPOS="254" VPOS="596" WIDTH="171" HEIGHT="27" WC="0.96" CONTENT="käytännöllinen"/><SP WIDTH="16" VPOS="596" HPOS="425"/>
							<String ID="string_119" HPOS="441" VPOS="597" WIDTH="57" HEIGHT="25" WC="0.96" CONTENT="taito,"/><SP WIDTH="14" VPOS="597" HPOS="498"/>
							<String ID="string_120" HPOS="512" VPOS="597" WIDTH="52" HEIGHT="27" WC="0.93" CONTENT="joka"/><SP WIDTH="15" VPOS="597" HPOS="564"/>
							<String ID="string_121" HPOS="579" VPOS="597" WIDTH="177" HEIGHT="27" WC="0.93" CONTENT="hyvinarvoisalla"/><SP WIDTH="10" VPOS="597" HPOS="756"/>
							<String ID="string_122" HPOS="766" VPOS="597" WIDTH="192" HEIGHT="26" WC="0.92" CONTENT="porvarissäädyllä"/><SP WIDTH="9" VPOS="597" HPOS="958"/>
							<String ID="string_123" HPOS="967" VPOS="597" WIDTH="52" HEIGHT="20" WC="0.91" CONTENT="näil-"/>
						</TextLine>
						<TextLine ID="line_17" HPOS="196" VPOS="624" WIDTH="823" HEIGHT="28">
							<String ID="string_124" HPOS="196" VPOS="624" WIDTH="56" HEIGHT="21" WC="0.93" CONTENT="läkin"/><SP WIDTH="16" VPOS="624" HPOS="252"/>
							<String ID="string_125" HPOS="268" VPOS="625" WIDTH="150" HEIGHT="26" WC="0.96" CONTENT="valtiopäivillä"/><SP WIDTH="16" VPOS="625" HPOS="418"/>
							<String ID="string_126" HPOS="434" VPOS="632" WIDTH="26" HEIGHT="14" WC="0.97" CONTENT="on"/><SP WIDTH="17" VPOS="632" HPOS="460"/>
							<String ID="string_127" HPOS="477" VPOS="626" WIDTH="186" HEIGHT="26" WC="0.96" CONTENT="käytettävissään,"/><SP WIDTH="12" VPOS="626" HPOS="663"/>
							<String ID="string_128" HPOS="675" VPOS="633" WIDTH="25" HEIGHT="14" WC="0.96" CONTENT="on"/><SP WIDTH="18" VPOS="633" HPOS="700"/>
							<String ID="string_129" HPOS="718" VPOS="632" WIDTH="89" HEIGHT="15" WC="0.96" CONTENT="omansa"/><SP WIDTH="15" VPOS="632" HPOS="807"/>
							<String ID="string_130" HPOS="822" VPOS="631" WIDTH="102" HEIGHT="15" WC="0.96" CONTENT="suuressa"/><SP WIDTH="15" VPOS="631" HPOS="924"/>
							<String ID="string_131" HPOS="939" VPOS="625" WIDTH="80" HEIGHT="21" WC="0.96" CONTENT="määrin"/>
						</TextLine>
						<TextLine ID="line_18" HPOS="195" VPOS="653" WIDTH="824" HEIGHT="29">
							<String ID="string_132" HPOS="195" VPOS="653" WIDTH="159" HEIGHT="27" WC="0.89" CONTENT="helpottamaan"/><SP WIDTH="23" VPOS="653" HPOS="354"/>
							<String ID="string_133" HPOS="377" VPOS="654" WIDTH="159" HEIGHT="27" WC="0.85" CONTENT="valtiosäätyjen"/><SP WIDTH="21" VPOS="654" HPOS="536"/>
							<String ID="string_134" HPOS="557" VPOS="655" WIDTH="128" HEIGHT="27" WC="0.95" CONTENT="yhteistyötä"/><SP WIDTH="12" VPOS="655" HPOS="685"/>
							<String ID="string_135" HPOS="697" VPOS="655" WIDTH="23" HEIGHT="27" WC="0.96" CONTENT="ja"/><SP WIDTH="16" VPOS="655" HPOS="720"/>
							<String ID="string_136" HPOS="736" VPOS="656" WIDTH="131" HEIGHT="20" WC="0.96" CONTENT="saattamaan"/><SP WIDTH="17" VPOS="656" HPOS="867"/>
							<String ID="string_137" HPOS="884" VPOS="654" WIDTH="40" HEIGHT="21" WC="0.93" CONTENT="sitä"/><SP WIDTH="15" VPOS="654" HPOS="924"/>
							<String ID="string_138" HPOS="939" VPOS="654" WIDTH="80" HEIGHT="21" WC="0.92" CONTENT="suotui-"/>
						</TextLine>
						<TextLine ID="line_19" HPOS="264" VPOS="682" WIDTH="755" HEIGHT="28">
							<String ID="string_139" HPOS="264" VPOS="682" WIDTH="110" HEIGHT="21" WC="0.96" CONTENT="tulokseen"/><SP WIDTH="83" VPOS="682" HPOS="374"/>
							<String ID="string_140" HPOS="457" VPOS="690" WIDTH="13" HEIGHT="14" WC="0.85" CONTENT="ä"/><SP WIDTH="14" VPOS="690" HPOS="470"/>
							<String ID="string_141" HPOS="484" VPOS="684" WIDTH="137" HEIGHT="26" WC="0.92" CONTENT="pappissääty"/><SP WIDTH="16" VPOS="684" HPOS="621"/>
							<String ID="string_142" HPOS="637" VPOS="684" WIDTH="113" HEIGHT="20" WC="0.93" CONTENT="sulkeutua"/><SP WIDTH="16" VPOS="684" HPOS="750"/>
							<String ID="string_143" HPOS="766" VPOS="683" WIDTH="162" HEIGHT="27" WC="0.91" CONTENT="hyvinarvoisan"/><SP WIDTH="17" VPOS="683" HPOS="928"/>
							<String ID="string_144" HPOS="945" VPOS="689" WIDTH="74" HEIGHT="20" WC="0.91" CONTENT="porva-"/>
						</TextLine>
						<TextLine ID="line_20" HPOS="265" VPOS="711" WIDTH="559" HEIGHT="27">
							<String ID="string_145" HPOS="265" VPOS="711" WIDTH="41" HEIGHT="27" WC="0.89" CONTENT="dyn"/><SP WIDTH="16" VPOS="711" HPOS="306"/>
							<String ID="string_146" HPOS="322" VPOS="712" WIDTH="147" HEIGHT="26" WC="0.96" CONTENT="ystävälliseen"/><SP WIDTH="18" VPOS="712" HPOS="469"/>
							<String ID="string_147" HPOS="487" VPOS="712" WIDTH="101" HEIGHT="20" WC="0.96" CONTENT="suosioon"/><SP WIDTH="14" VPOS="712" HPOS="588"/>
							<String ID="string_148" HPOS="602" VPOS="712" WIDTH="23" HEIGHT="26" WC="0.93" CONTENT="ja"/><SP WIDTH="16" VPOS="712" HPOS="625"/>
							<String ID="string_149" HPOS="641" VPOS="713" WIDTH="183" HEIGHT="25" WC="0.92" CONTENT="työtoveruuteen."/>
						</TextLine>
					</TextBlock>
				</ComposedBlock>
				<Illustration ID="cblock_3" HPOS="455" VPOS="489" WIDTH="37" HEIGHT="47"></Illustration>
				<Illustration ID="cblock_4" HPOS="440" VPOS="489" WIDTH="12" HEIGHT="14"></Illustration>
				<Illustration ID="cblock_5" HPOS="723" VPOS="519" WIDTH="33" HEIGHT="13"></Illustration>
				<Illustration ID="cblock_6" HPOS="290" VPOS="598" WIDTH="584" HEIGHT="20"></Illustration>
				<Illustration ID="cblock_7" HPOS="356" VPOS="689" WIDTH="50" HEIGHT="43"></Illustration>
				<Illustration ID="cblock_8" HPOS="195" VPOS="688" WIDTH="259" HEIGHT="43"></Illustration>
				<ComposedBlock ID="cblock_9" HPOS="265" VPOS="768" WIDTH="640" HEIGHT="26">
					<TextBlock ID="block_4" HPOS="265" VPOS="768" WIDTH="640" HEIGHT="26">
						<TextLine ID="line_21" HPOS="265" VPOS="768" WIDTH="640" HEIGHT="26">
							<String ID="string_150" HPOS="265" VPOS="768" WIDTH="32" HEIGHT="20" WC="0.93" CONTENT="Hr"/><SP WIDTH="16" VPOS="768" HPOS="297"/>
							<String ID="string_151" HPOS="313" VPOS="768" WIDTH="121" HEIGHT="21" WC="0.95" CONTENT="talmannen"/><SP WIDTH="17" VPOS="768" HPOS="434"/>
							<String ID="string_152" HPOS="451" VPOS="769" WIDTH="89" HEIGHT="21" WC="0.93" CONTENT="svarade"/><SP WIDTH="15" VPOS="769" HPOS="540"/>
							<String ID="string_153" HPOS="555" VPOS="769" WIDTH="12" HEIGHT="21" WC="0.82" CONTENT="ä"/><SP WIDTH="16" VPOS="769" HPOS="567"/>
							<String ID="string_154" HPOS="583" VPOS="769" WIDTH="40" HEIGHT="21" WC="0.93" CONTENT="den"/><SP WIDTH="16" VPOS="769" HPOS="623"/>
							<String ID="string_155" HPOS="639" VPOS="768" WIDTH="116" HEIGHT="22" WC="0.96" CONTENT="framförda"/><SP WIDTH="15" VPOS="768" HPOS="755"/>
							<String ID="string_156" HPOS="770" VPOS="768" WIDTH="135" HEIGHT="26" WC="0.96" CONTENT="hälsningen:"/>
						</TextLine>
					</TextBlock>
				</ComposedBlock>
				<ComposedBlock ID="cblock_10" HPOS="192" VPOS="824" WIDTH="830" HEIGHT="513">
					<TextBlock ID="block_5" HPOS="192" VPOS="824" WIDTH="830" HEIGHT="513">
						<TextLine ID="line_22" HPOS="265" VPOS="824" WIDTH="754" HEIGHT="28">
							<String ID="string_157" HPOS="265" VPOS="825" WIDTH="181" HEIGHT="27" WC="0.92" CONTENT="Borgareståndet"/><SP WIDTH="22" VPOS="825" HPOS="446"/>
							<String ID="string_158" HPOS="468" VPOS="826" WIDTH="93" HEIGHT="21" WC="0.96" CONTENT="anhåller"/><SP WIDTH="24" VPOS="826" HPOS="561"/>
							<String ID="string_159" HPOS="585" VPOS="828" WIDTH="31" HEIGHT="19" WC="0.93" CONTENT="att"/><SP WIDTH="22" VPOS="828" HPOS="616"/>
							<String ID="string_160" HPOS="638" VPOS="826" WIDTH="110" HEIGHT="20" WC="0.92" CONTENT="vördsamt"/><SP WIDTH="18" VPOS="826" HPOS="748"/>
							<String ID="string_161" HPOS="766" VPOS="825" WIDTH="22" HEIGHT="21" WC="0.93" CONTENT="få"/><SP WIDTH="15" VPOS="825" HPOS="788"/>
							<String ID="string_162" HPOS="803" VPOS="825" WIDTH="100" HEIGHT="21" WC="0.92" CONTENT="hembära"/><SP WIDTH="15" VPOS="825" HPOS="903"/>
							<String ID="string_163" HPOS="918" VPOS="825" WIDTH="35" HEIGHT="21" WC="0.93" CONTENT="det"/><SP WIDTH="15" VPOS="825" HPOS="953"/>
							<String ID="string_164" HPOS="968" VPOS="824" WIDTH="51" HEIGHT="27" WC="0.92" CONTENT="hög-"/>
						</TextLine>
						<TextLine ID="line_23" HPOS="195" VPOS="853" WIDTH="827" HEIGHT="29">
							<String ID="string_165" HPOS="195" VPOS="853" WIDTH="89" HEIGHT="28" WC="0.91" CONTENT="vördiga"/><SP WIDTH="22" VPOS="853" HPOS="284"/>
							<String ID="string_166" HPOS="306" VPOS="854" WIDTH="158" HEIGHT="27" WC="0.96" CONTENT="prästeståndet"/><SP WIDTH="24" VPOS="854" HPOS="464"/>
							<String ID="string_167" HPOS="488" VPOS="854" WIDTH="31" HEIGHT="21" WC="0.95" CONTENT="sin"/><SP WIDTH="24" VPOS="854" HPOS="519"/>
							<String ID="string_168" HPOS="543" VPOS="854" WIDTH="132" HEIGHT="27" WC="0.95" CONTENT="tacksägelse"/><SP WIDTH="22" VPOS="854" HPOS="675"/>
							<String ID="string_169" HPOS="697" VPOS="854" WIDTH="32" HEIGHT="21" WC="0.96" CONTENT="för"/><SP WIDTH="24" VPOS="854" HPOS="729"/>
							<String ID="string_170" HPOS="753" VPOS="854" WIDTH="40" HEIGHT="21" WC="0.96" CONTENT="den"/><SP WIDTH="21" VPOS="854" HPOS="793"/>
							<String ID="string_171" HPOS="814" VPOS="854" WIDTH="104" HEIGHT="28" WC="0.96" CONTENT="hälsning,"/><SP WIDTH="17" VPOS="854" HPOS="918"/>
							<String ID="string_172" HPOS="935" VPOS="859" WIDTH="45" HEIGHT="15" WC="0.96" CONTENT="som"/><SP WIDTH="19" VPOS="859" HPOS="980"/>
							<String ID="string_173" HPOS="999" VPOS="853" WIDTH="23" HEIGHT="21" WC="0.96" CONTENT="af"/>
						</TextLine>
						<TextLine ID="line_24" HPOS="195" VPOS="869" WIDTH="824" HEIGHT="41">
							<String ID="string_174" HPOS="195" VPOS="882" WIDTH="16" HEIGHT="20" WC="0.89" CONTENT="E"/><SP WIDTH="4" VPOS="882" HPOS="211"/>
							<String ID="string_175" HPOS="215" VPOS="869" WIDTH="55" HEIGHT="39" WC="0.95" CONTENT="der,"/><SP WIDTH="4" VPOS="869" HPOS="270"/>
							<String ID="string_176" HPOS="274" VPOS="882" WIDTH="49" HEIGHT="22" WC="0.96" CONTENT="dess"/><SP WIDTH="23" VPOS="882" HPOS="323"/>
							<String ID="string_177" HPOS="346" VPOS="883" WIDTH="136" HEIGHT="26" WC="0.96" CONTENT="deputerade,"/><SP WIDTH="15" VPOS="883" HPOS="482"/>
							<String ID="string_178" HPOS="497" VPOS="883" WIDTH="31" HEIGHT="21" WC="0.96" CONTENT="till"/><SP WIDTH="21" VPOS="883" HPOS="528"/>
							<String ID="string_179" HPOS="549" VPOS="870" WIDTH="177" HEIGHT="40" WC="0.91" CONTENT="borgareståndet"/><SP WIDTH="14" VPOS="870" HPOS="726"/>
							<String ID="string_180" HPOS="740" VPOS="882" WIDTH="116" HEIGHT="21" WC="0.94" CONTENT="framförts."/><SP WIDTH="30" VPOS="882" HPOS="856"/>
							<String ID="string_181" HPOS="886" VPOS="879" WIDTH="69" HEIGHT="24" WC="0.78" CONTENT="Äfven"/><SP WIDTH="15" VPOS="879" HPOS="955"/>
							<String ID="string_182" HPOS="970" VPOS="882" WIDTH="49" HEIGHT="21" WC="0.92" CONTENT="bor-"/>
						</TextLine>
						<TextLine ID="line_25" HPOS="195" VPOS="910" WIDTH="824" HEIGHT="28">
							<String ID="string_183" HPOS="195" VPOS="911" WIDTH="136" HEIGHT="26" WC="0.13" CONTENT="yareständet"/><SP WIDTH="16" VPOS="911" HPOS="331"/>
							<String ID="string_184" HPOS="347" VPOS="911" WIDTH="57" HEIGHT="21" WC="0.96" CONTENT="delar"/><SP WIDTH="16" VPOS="911" HPOS="404"/>
							<String ID="string_185" HPOS="420" VPOS="911" WIDTH="40" HEIGHT="21" WC="0.96" CONTENT="den"/><SP WIDTH="16" VPOS="911" HPOS="460"/>
							<String ID="string_186" HPOS="476" VPOS="918" WIDTH="38" HEIGHT="15" WC="0.96" CONTENT="oro"/><SP WIDTH="16" VPOS="918" HPOS="514"/>
							<String ID="string_187" HPOS="530" VPOS="912" WIDTH="39" HEIGHT="21" WC="0.96" CONTENT="och"/><SP WIDTH="17" VPOS="912" HPOS="569"/>
							<String ID="string_188" HPOS="586" VPOS="912" WIDTH="34" HEIGHT="21" WC="0.96" CONTENT="det"/><SP WIDTH="17" VPOS="912" HPOS="620"/>
							<String ID="string_189" HPOS="637" VPOS="911" WIDTH="127" HEIGHT="27" WC="0.96" CONTENT="bekymmer,"/><SP WIDTH="14" VPOS="911" HPOS="764"/>
							<String ID="string_190" HPOS="778" VPOS="917" WIDTH="46" HEIGHT="15" WC="0.96" CONTENT="som"/><SP WIDTH="16" VPOS="917" HPOS="824"/>
							<String ID="string_191" HPOS="840" VPOS="910" WIDTH="32" HEIGHT="21" WC="0.96" CONTENT="för"/><SP WIDTH="16" VPOS="910" HPOS="872"/>
							<String ID="string_192" HPOS="888" VPOS="911" WIDTH="131" HEIGHT="20" WC="0.96" CONTENT="närvarande"/>
						</TextLine>
						<TextLine ID="line_26" HPOS="194" VPOS="939" WIDTH="825" HEIGHT="28">
							<String ID="string_193" HPOS="194" VPOS="939" WIDTH="85" HEIGHT="26" WC="0.96" CONTENT="trycker"/><SP WIDTH="15" VPOS="939" HPOS="279"/>
							<String ID="string_194" HPOS="294" VPOS="946" WIDTH="42" HEIGHT="19" WC="0.96" CONTENT="oss,"/><SP WIDTH="16" VPOS="946" HPOS="336"/>
							<String ID="string_195" HPOS="352" VPOS="946" WIDTH="48" HEIGHT="14" WC="0.93" CONTENT="men"/><SP WIDTH="16" VPOS="946" HPOS="400"/>
							<String ID="string_196" HPOS="416" VPOS="940" WIDTH="88" HEIGHT="21" WC="0.96" CONTENT="likasom"/><SP WIDTH="21" VPOS="940" HPOS="504"/>
							<String ID="string_197" HPOS="525" VPOS="940" WIDTH="158" HEIGHT="27" WC="0.96" CONTENT="prästeståndet"/><SP WIDTH="16" VPOS="940" HPOS="683"/>
							<String ID="string_198" HPOS="699" VPOS="940" WIDTH="63" HEIGHT="27" WC="0.96" CONTENT="hyser"/><SP WIDTH="13" VPOS="940" HPOS="762"/>
							<String ID="string_199" HPOS="775" VPOS="939" WIDTH="79" HEIGHT="27" WC="0.93" CONTENT="jämväl"/><SP WIDTH="18" VPOS="939" HPOS="854"/>
							<String ID="string_200" HPOS="872" VPOS="939" WIDTH="147" HEIGHT="26" WC="0.92" CONTENT="borgarestän-"/>
						</TextLine>
						<TextLine ID="line_27" HPOS="194" VPOS="967" WIDTH="825" HEIGHT="26">
							<String ID="string_201" HPOS="194" VPOS="967" WIDTH="37" HEIGHT="21" WC="0.96" CONTENT="det"/><SP WIDTH="22" VPOS="967" HPOS="231"/>
							<String ID="string_202" HPOS="253" VPOS="968" WIDTH="40" HEIGHT="21" WC="0.96" CONTENT="den"/><SP WIDTH="23" VPOS="968" HPOS="293"/>
							<String ID="string_203" HPOS="316" VPOS="968" WIDTH="55" HEIGHT="21" WC="0.96" CONTENT="fasta"/><SP WIDTH="22" VPOS="968" HPOS="371"/>
							<String ID="string_204" HPOS="393" VPOS="968" WIDTH="121" HEIGHT="24" WC="0.95" CONTENT="förtröstan,"/><SP WIDTH="17" VPOS="968" HPOS="514"/>
							<String ID="string_205" HPOS="531" VPOS="971" WIDTH="32" HEIGHT="19" WC="0.96" CONTENT="att"/><SP WIDTH="22" VPOS="971" HPOS="563"/>
							<String ID="string_206" HPOS="585" VPOS="969" WIDTH="62" HEIGHT="20" WC="0.96" CONTENT="dessa"/><SP WIDTH="24" VPOS="969" HPOS="647"/>
							<String ID="string_207" HPOS="671" VPOS="971" WIDTH="91" HEIGHT="18" WC="0.96" CONTENT="stormar"/><SP WIDTH="20" VPOS="971" HPOS="762"/>
							<String ID="string_208" HPOS="782" VPOS="970" WIDTH="36" HEIGHT="19" WC="0.96" CONTENT="äro"/><SP WIDTH="21" VPOS="970" HPOS="818"/>
							<String ID="string_209" HPOS="839" VPOS="967" WIDTH="23" HEIGHT="22" WC="0.93" CONTENT="af"/><SP WIDTH="17" VPOS="967" HPOS="862"/>
							<String ID="string_210" HPOS="879" VPOS="967" WIDTH="140" HEIGHT="26" WC="0.91" CONTENT="öfvergående"/>
						</TextLine>
						<TextLine ID="line_28" HPOS="194" VPOS="996" WIDTH="825" HEIGHT="27">
							<String ID="string_211" HPOS="194" VPOS="998" WIDTH="64" HEIGHT="19" WC="0.96" CONTENT="natur"/><SP WIDTH="16" VPOS="998" HPOS="258"/>
							<String ID="string_212" HPOS="274" VPOS="997" WIDTH="38" HEIGHT="20" WC="0.95" CONTENT="och"/><SP WIDTH="16" VPOS="997" HPOS="312"/>
							<String ID="string_213" HPOS="328" VPOS="999" WIDTH="30" HEIGHT="18" WC="0.96" CONTENT="att"/><SP WIDTH="17" VPOS="999" HPOS="358"/>
							<String ID="string_214" HPOS="375" VPOS="997" WIDTH="47" HEIGHT="20" WC="0.95" CONTENT="vårt"/><SP WIDTH="14" VPOS="997" HPOS="422"/>
							<String ID="string_215" HPOS="436" VPOS="997" WIDTH="49" HEIGHT="21" WC="0.96" CONTENT="land"/><SP WIDTH="16" VPOS="997" HPOS="485"/>
							<String ID="string_216" HPOS="501" VPOS="997" WIDTH="46" HEIGHT="21" WC="0.96" CONTENT="åter"/><SP WIDTH="16" VPOS="997" HPOS="547"/>
							<String ID="string_217" HPOS="563" VPOS="997" WIDTH="52" HEIGHT="21" WC="0.96" CONTENT="skall"/><SP WIDTH="17" VPOS="997" HPOS="615"/>
							<String ID="string_218" HPOS="632" VPOS="997" WIDTH="26" HEIGHT="26" WC="0.96" CONTENT="gå"/><SP WIDTH="16" VPOS="997" HPOS="658"/>
							<String ID="string_219" HPOS="674" VPOS="1003" WIDTH="25" HEIGHT="14" WC="0.96" CONTENT="en"/><SP WIDTH="17" VPOS="1003" HPOS="699"/>
							<String ID="string_220" HPOS="716" VPOS="996" WIDTH="78" HEIGHT="27" WC="0.96" CONTENT="lycklig"/><SP WIDTH="12" VPOS="996" HPOS="794"/>
							<String ID="string_221" HPOS="806" VPOS="996" WIDTH="86" HEIGHT="21" WC="0.95" CONTENT="framtid"/><SP WIDTH="11" VPOS="996" HPOS="892"/>
							<String ID="string_222" HPOS="903" VPOS="996" WIDTH="31" HEIGHT="21" WC="0.96" CONTENT="till"/><SP WIDTH="11" VPOS="996" HPOS="934"/>
							<String ID="string_223" HPOS="945" VPOS="997" WIDTH="74" HEIGHT="20" WC="0.96" CONTENT="mötes."/>
						</TextLine>
						<TextLine ID="line_29" HPOS="194" VPOS="1024" WIDTH="825" HEIGHT="28">
							<String ID="string_224" HPOS="194" VPOS="1024" WIDTH="78" HEIGHT="21" WC="0.93" CONTENT="Därför"/><SP WIDTH="23" VPOS="1024" HPOS="272"/>
							<String ID="string_225" HPOS="295" VPOS="1025" WIDTH="84" HEIGHT="21" WC="0.92" CONTENT="kräfves"/><SP WIDTH="23" VPOS="1025" HPOS="379"/>
							<String ID="string_226" HPOS="402" VPOS="1025" WIDTH="76" HEIGHT="21" WC="0.96" CONTENT="främst"/><SP WIDTH="22" VPOS="1025" HPOS="478"/>
							<String ID="string_227" HPOS="500" VPOS="1025" WIDTH="22" HEIGHT="21" WC="0.95" CONTENT="af"/><SP WIDTH="21" VPOS="1025" HPOS="522"/>
							<String ID="string_228" HPOS="543" VPOS="1025" WIDTH="73" HEIGHT="27" WC="0.96" CONTENT="hvarje"/><SP WIDTH="15" VPOS="1025" HPOS="616"/>
							<String ID="string_229" HPOS="631" VPOS="1025" WIDTH="91" HEIGHT="21" WC="0.95" CONTENT="medlem"/><SP WIDTH="14" VPOS="1025" HPOS="722"/>
							<String ID="string_230" HPOS="736" VPOS="1025" WIDTH="23" HEIGHT="20" WC="0.96" CONTENT="af"/><SP WIDTH="13" VPOS="1025" HPOS="759"/>
							<String ID="string_231" HPOS="772" VPOS="1025" WIDTH="58" HEIGHT="20" WC="0.96" CONTENT="detta"/><SP WIDTH="15" VPOS="1025" HPOS="830"/>
							<String ID="string_232" HPOS="845" VPOS="1024" WIDTH="50" HEIGHT="26" WC="0.96" CONTENT="folk,"/><SP WIDTH="16" VPOS="1024" HPOS="895"/>
							<String ID="string_233" HPOS="911" VPOS="1030" WIDTH="47" HEIGHT="15" WC="0.92" CONTENT="men"/><SP WIDTH="17" VPOS="1030" HPOS="958"/>
							<String ID="string_234" HPOS="975" VPOS="1026" WIDTH="44" HEIGHT="19" WC="0.92" CONTENT="sär-"/>
						</TextLine>
						<TextLine ID="line_30" HPOS="194" VPOS="1052" WIDTH="825" HEIGHT="29">
							<String ID="string_235" HPOS="194" VPOS="1053" WIDTH="65" HEIGHT="21" WC="0.91" CONTENT="skildt"/><SP WIDTH="16" VPOS="1053" HPOS="259"/>
							<String ID="string_236" HPOS="275" VPOS="1053" WIDTH="22" HEIGHT="21" WC="0.96" CONTENT="af"/><SP WIDTH="12" VPOS="1053" HPOS="297"/>
							<String ID="string_237" HPOS="309" VPOS="1053" WIDTH="74" HEIGHT="27" WC="0.96" CONTENT="hvarje"/><SP WIDTH="15" VPOS="1053" HPOS="383"/>
							<String ID="string_238" HPOS="398" VPOS="1054" WIDTH="89" HEIGHT="21" WC="0.96" CONTENT="medlem"/><SP WIDTH="17" VPOS="1054" HPOS="487"/>
							<String ID="string_239" HPOS="504" VPOS="1054" WIDTH="6" HEIGHT="21" WC="0.96" CONTENT="i"/><SP WIDTH="16" VPOS="1054" HPOS="510"/>
							<String ID="string_240" HPOS="526" VPOS="1054" WIDTH="49" HEIGHT="21" WC="0.96" CONTENT="dess"/><SP WIDTH="16" VPOS="1054" HPOS="575"/>
							<String ID="string_241" HPOS="591" VPOS="1054" WIDTH="169" HEIGHT="27" WC="0.96" CONTENT="representation"/><SP WIDTH="20" VPOS="1054" HPOS="760"/>
							<String ID="string_242" HPOS="780" VPOS="1055" WIDTH="30" HEIGHT="19" WC="0.96" CONTENT="att"/><SP WIDTH="15" VPOS="1055" HPOS="810"/>
							<String ID="string_243" HPOS="825" VPOS="1053" WIDTH="41" HEIGHT="20" WC="0.96" CONTENT="han"/><SP WIDTH="16" VPOS="1053" HPOS="866"/>
							<String ID="string_244" HPOS="882" VPOS="1053" WIDTH="48" HEIGHT="20" WC="0.93" CONTENT="med"/><SP WIDTH="12" VPOS="1053" HPOS="930"/>
							<String ID="string_245" HPOS="942" VPOS="1052" WIDTH="77" HEIGHT="21" WC="0.91" CONTENT="foster-"/>
						</TextLine>
						<TextLine ID="line_31" HPOS="193" VPOS="1081" WIDTH="826" HEIGHT="28">
							<String ID="string_246" HPOS="193" VPOS="1081" WIDTH="84" HEIGHT="22" WC="0.75" CONTENT="landets"/><SP WIDTH="16" VPOS="1081" HPOS="277"/>
							<String ID="string_247" HPOS="293" VPOS="1082" WIDTH="91" HEIGHT="27" WC="0.96" CONTENT="välgång"/><SP WIDTH="16" VPOS="1082" HPOS="384"/>
							<String ID="string_248" HPOS="400" VPOS="1089" WIDTH="44" HEIGHT="14" WC="0.96" CONTENT="som"/><SP WIDTH="18" VPOS="1089" HPOS="444"/>
							<String ID="string_249" HPOS="462" VPOS="1083" WIDTH="36" HEIGHT="21" WC="0.95" CONTENT="sitt"/><SP WIDTH="15" VPOS="1083" HPOS="498"/>
							<String ID="string_250" HPOS="513" VPOS="1083" WIDTH="55" HEIGHT="21" WC="0.96" CONTENT="enda"/><SP WIDTH="15" VPOS="1083" HPOS="568"/>
							<String ID="string_251" HPOS="583" VPOS="1083" WIDTH="48" HEIGHT="26" WC="0.91" CONTENT="mål,"/><SP WIDTH="9" VPOS="1083" HPOS="631"/>
							<String ID="string_252" HPOS="640" VPOS="1083" WIDTH="48" HEIGHT="20" WC="0.93" CONTENT="med"/><SP WIDTH="16" VPOS="1083" HPOS="688"/>
							<String ID="string_253" HPOS="704" VPOS="1081" WIDTH="154" HEIGHT="28" WC="0.93" CONTENT="uppbjudande"/><SP WIDTH="11" VPOS="1081" HPOS="858"/>
							<String ID="string_254" HPOS="869" VPOS="1081" WIDTH="23" HEIGHT="21" WC="0.96" CONTENT="af"/><SP WIDTH="11" VPOS="1081" HPOS="892"/>
							<String ID="string_255" HPOS="903" VPOS="1081" WIDTH="45" HEIGHT="21" WC="0.96" CONTENT="sina"/><SP WIDTH="11" VPOS="1081" HPOS="948"/>
							<String ID="string_256" HPOS="959" VPOS="1081" WIDTH="60" HEIGHT="21" WC="0.96" CONTENT="bästa"/>
						</TextLine>
						<TextLine ID="line_32" HPOS="193" VPOS="1109" WIDTH="826" HEIGHT="29">
							<String ID="string_257" HPOS="193" VPOS="1110" WIDTH="80" HEIGHT="21" WC="0.92" CONTENT="krafter"/><SP WIDTH="16" VPOS="1110" HPOS="273"/>
							<String ID="string_258" HPOS="289" VPOS="1111" WIDTH="84" HEIGHT="21" WC="0.92" CONTENT="arbetar"/><SP WIDTH="15" VPOS="1111" HPOS="373"/>
							<String ID="string_259" HPOS="388" VPOS="1110" WIDTH="32" HEIGHT="22" WC="0.93" CONTENT="för"/><SP WIDTH="16" VPOS="1110" HPOS="420"/>
							<String ID="string_260" HPOS="436" VPOS="1111" WIDTH="111" HEIGHT="27" WC="0.91" CONTENT="lösningen"/><SP WIDTH="16" VPOS="1111" HPOS="547"/>
							<String ID="string_261" HPOS="563" VPOS="1111" WIDTH="22" HEIGHT="21" WC="0.97" CONTENT="af"/><SP WIDTH="14" VPOS="1111" HPOS="585"/>
							<String ID="string_262" HPOS="599" VPOS="1112" WIDTH="25" HEIGHT="20" WC="0.93" CONTENT="de"/><SP WIDTH="15" VPOS="1112" HPOS="624"/>
							<String ID="string_263" HPOS="639" VPOS="1111" WIDTH="78" HEIGHT="27" WC="0.92" CONTENT="mänga"/><SP WIDTH="15" VPOS="1111" HPOS="717"/>
							<String ID="string_264" HPOS="732" VPOS="1111" WIDTH="63" HEIGHT="21" WC="0.93" CONTENT="svära"/><SP WIDTH="14" VPOS="1111" HPOS="795"/>
							<String ID="string_265" HPOS="809" VPOS="1110" WIDTH="78" HEIGHT="27" WC="0.92" CONTENT="frägor,"/><SP WIDTH="12" VPOS="1110" HPOS="887"/>
							<String ID="string_266" HPOS="899" VPOS="1116" WIDTH="45" HEIGHT="15" WC="0.93" CONTENT="som"/><SP WIDTH="20" VPOS="1116" HPOS="944"/>
							<String ID="string_267" HPOS="964" VPOS="1109" WIDTH="55" HEIGHT="21" WC="0.92" CONTENT="före-"/>
						</TextLine>
						<TextLine ID="line_33" HPOS="192" VPOS="1138" WIDTH="827" HEIGHT="28">
							<String ID="string_268" HPOS="192" VPOS="1138" WIDTH="58" HEIGHT="32" WC="0.92" CONTENT="ligga"/><SP WIDTH="23" VPOS="1138" HPOS="250"/>
							<String ID="string_269" HPOS="273" VPOS="1146" WIDTH="42" HEIGHT="14" WC="0.93" CONTENT="oss."/><SP WIDTH="31" VPOS="1146" HPOS="315"/>
							<String ID="string_270" HPOS="346" VPOS="1140" WIDTH="182" HEIGHT="26" WC="0.90" CONTENT="Borgareständet"/><SP WIDTH="22" VPOS="1140" HPOS="528"/>
							<String ID="string_271" HPOS="550" VPOS="1142" WIDTH="23" HEIGHT="18" WC="0.93" CONTENT="är"/><SP WIDTH="22" VPOS="1142" HPOS="573"/>
							<String ID="string_272" HPOS="595" VPOS="1140" WIDTH="115" HEIGHT="20" WC="0.91" CONTENT="förvissadt"/><SP WIDTH="22" VPOS="1140" HPOS="710"/>
							<String ID="string_273" HPOS="732" VPOS="1141" WIDTH="32" HEIGHT="19" WC="0.96" CONTENT="att"/><SP WIDTH="22" VPOS="1141" HPOS="764"/>
							<String ID="string_274" HPOS="786" VPOS="1139" WIDTH="70" HEIGHT="21" WC="0.96" CONTENT="denna"/><SP WIDTH="22" VPOS="1139" HPOS="856"/>
							<String ID="string_275" HPOS="878" VPOS="1138" WIDTH="141" HEIGHT="27" WC="0.95" CONTENT="uppfattning."/>
						</TextLine>
						<TextLine ID="line_34" HPOS="193" VPOS="1164" WIDTH="826" HEIGHT="42">
							<String ID="string_276" HPOS="193" VPOS="1167" WIDTH="72" HEIGHT="21" WC="0.64" CONTENT="såsom"/><SP WIDTH="16" VPOS="1167" HPOS="265"/>
							<String ID="string_277" HPOS="281" VPOS="1168" WIDTH="61" HEIGHT="20" WC="0.94" CONTENT="äfven"/><SP WIDTH="17" VPOS="1168" HPOS="342"/>
							<String ID="string_278" HPOS="359" VPOS="1167" WIDTH="22" HEIGHT="21" WC="0.93" CONTENT="af"/><SP WIDTH="11" VPOS="1167" HPOS="381"/>
							<String ID="string_279" HPOS="392" VPOS="1156" WIDTH="76" HEIGHT="32" WC="0.96" CONTENT="herrar"/><SP WIDTH="16" VPOS="1156" HPOS="468"/>
							<String ID="string_280" HPOS="484" VPOS="1168" WIDTH="129" HEIGHT="26" WC="0.95" CONTENT="deputerade"/><SP WIDTH="16" VPOS="1168" HPOS="613"/>
							<String ID="string_281" HPOS="629" VPOS="1164" WIDTH="93" HEIGHT="42" WC="0.96" CONTENT="uttalats,"/><SP WIDTH="12" VPOS="1164" HPOS="722"/>
							<String ID="string_282" HPOS="734" VPOS="1167" WIDTH="58" HEIGHT="21" WC="0.96" CONTENT="delas"/><SP WIDTH="14" VPOS="1167" HPOS="792"/>
							<String ID="string_283" HPOS="806" VPOS="1167" WIDTH="23" HEIGHT="21" WC="0.96" CONTENT="af"/><SP WIDTH="13" VPOS="1167" HPOS="829"/>
							<String ID="string_284" HPOS="842" VPOS="1168" WIDTH="36" HEIGHT="20" WC="0.93" CONTENT="det"/><SP WIDTH="12" VPOS="1168" HPOS="878"/>
							<String ID="string_285" HPOS="890" VPOS="1167" WIDTH="129" HEIGHT="26" WC="0.91" CONTENT="högvördiga"/>
						</TextLine>
						<TextLine ID="line_35" HPOS="192" VPOS="1194" WIDTH="826" HEIGHT="29">
							<String ID="string_286" HPOS="192" VPOS="1196" WIDTH="166" HEIGHT="25" WC="0.96" CONTENT="prästeståndet."/><SP WIDTH="31" VPOS="1196" HPOS="358"/>
							<String ID="string_287" HPOS="389" VPOS="1196" WIDTH="61" HEIGHT="21" WC="0.96" CONTENT="Olika"/><SP WIDTH="22" VPOS="1196" HPOS="450"/>
							<String ID="string_288" HPOS="472" VPOS="1197" WIDTH="79" HEIGHT="21" WC="0.95" CONTENT="åsikter"/><SP WIDTH="15" VPOS="1197" HPOS="551"/>
							<String ID="string_289" HPOS="566" VPOS="1197" WIDTH="73" HEIGHT="20" WC="0.96" CONTENT="kunna"/><SP WIDTH="12" VPOS="1197" HPOS="639"/>
							<String ID="string_290" HPOS="651" VPOS="1196" WIDTH="24" HEIGHT="26" WC="0.96" CONTENT="ju"/><SP WIDTH="16" VPOS="1196" HPOS="675"/>
							<String ID="string_291" HPOS="691" VPOS="1196" WIDTH="28" HEIGHT="27" WC="0.96" CONTENT="på"/><SP WIDTH="15" VPOS="1196" HPOS="719"/>
							<String ID="string_292" HPOS="734" VPOS="1196" WIDTH="71" HEIGHT="26" WC="0.96" CONTENT="grund"/><SP WIDTH="16" VPOS="1196" HPOS="805"/>
							<String ID="string_293" HPOS="821" VPOS="1195" WIDTH="23" HEIGHT="21" WC="0.96" CONTENT="af"/><SP WIDTH="13" VPOS="1195" HPOS="844"/>
							<String ID="string_294" HPOS="857" VPOS="1195" WIDTH="56" HEIGHT="21" WC="0.93" CONTENT="olika"/><SP WIDTH="15" VPOS="1195" HPOS="913"/>
							<String ID="string_295" HPOS="928" VPOS="1194" WIDTH="90" HEIGHT="22" WC="0.92" CONTENT="lefnads-"/>
						</TextLine>
						<TextLine ID="line_36" HPOS="193" VPOS="1223" WIDTH="826" HEIGHT="28">
							<String ID="string_296" HPOS="193" VPOS="1224" WIDTH="106" HEIGHT="27" WC="0.96" CONTENT="ställning,"/><SP WIDTH="17" VPOS="1224" HPOS="299"/>
							<String ID="string_297" HPOS="316" VPOS="1225" WIDTH="55" HEIGHT="21" WC="0.93" CONTENT="olika"/><SP WIDTH="23" VPOS="1225" HPOS="371"/>
							<String ID="string_298" HPOS="394" VPOS="1225" WIDTH="135" HEIGHT="21" WC="0.90" CONTENT="värksamhet"/><SP WIDTH="22" VPOS="1225" HPOS="529"/>
							<String ID="string_299" HPOS="551" VPOS="1226" WIDTH="6" HEIGHT="20" WC="0.96" CONTENT="i"/><SP WIDTH="22" VPOS="1226" HPOS="557"/>
							<String ID="string_300" HPOS="579" VPOS="1225" WIDTH="58" HEIGHT="21" WC="0.96" CONTENT="lifvet"/><SP WIDTH="24" VPOS="1225" HPOS="637"/>
							<String ID="string_301" HPOS="661" VPOS="1226" WIDTH="51" HEIGHT="25" WC="0.95" CONTENT="göra"/><SP WIDTH="24" VPOS="1226" HPOS="712"/>
							<String ID="string_302" HPOS="736" VPOS="1224" WIDTH="34" HEIGHT="26" WC="0.95" CONTENT="sig"/><SP WIDTH="19" VPOS="1224" HPOS="770"/>
							<String ID="string_303" HPOS="789" VPOS="1224" WIDTH="102" HEIGHT="26" WC="0.96" CONTENT="gällande,"/><SP WIDTH="16" VPOS="1224" HPOS="891"/>
							<String ID="string_304" HPOS="907" VPOS="1230" WIDTH="48" HEIGHT="14" WC="0.95" CONTENT="men"/><SP WIDTH="15" VPOS="1230" HPOS="955"/>
							<String ID="string_305" HPOS="970" VPOS="1224" WIDTH="7" HEIGHT="20" WC="0.96" CONTENT="i"/><SP WIDTH="16" VPOS="1224" HPOS="977"/>
							<String ID="string_306" HPOS="993" VPOS="1223" WIDTH="26" HEIGHT="21" WC="0.96" CONTENT="de"/>
						</TextLine>
						<TextLine ID="line_37" HPOS="193" VPOS="1252" WIDTH="825" HEIGHT="28">
							<String ID="string_307" HPOS="193" VPOS="1254" WIDTH="59" HEIGHT="19" WC="0.96" CONTENT="stora"/><SP WIDTH="22" VPOS="1254" HPOS="252"/>
							<String ID="string_308" HPOS="274" VPOS="1253" WIDTH="101" HEIGHT="27" WC="0.96" CONTENT="frågorna"/><SP WIDTH="22" VPOS="1253" HPOS="375"/>
							<String ID="string_309" HPOS="397" VPOS="1253" WIDTH="81" HEIGHT="27" WC="0.93" CONTENT="hoppas"/><SP WIDTH="17" VPOS="1253" HPOS="478"/>
							<String ID="string_310" HPOS="495" VPOS="1254" WIDTH="176" HEIGHT="26" WC="0.92" CONTENT="borgareståndet"/><SP WIDTH="15" VPOS="1254" HPOS="671"/>
							<String ID="string_311" HPOS="686" VPOS="1255" WIDTH="31" HEIGHT="19" WC="0.96" CONTENT="att"/><SP WIDTH="16" VPOS="1255" HPOS="717"/>
							<String ID="string_312" HPOS="733" VPOS="1253" WIDTH="21" HEIGHT="20" WC="0.96" CONTENT="vi"/><SP WIDTH="16" VPOS="1253" HPOS="754"/>
							<String ID="string_313" HPOS="770" VPOS="1252" WIDTH="40" HEIGHT="21" WC="0.96" CONTENT="alla"/><SP WIDTH="16" VPOS="1252" HPOS="810"/>
							<String ID="string_314" HPOS="826" VPOS="1254" WIDTH="36" HEIGHT="19" WC="0.96" CONTENT="äro"/><SP WIDTH="17" VPOS="1254" HPOS="862"/>
							<String ID="string_315" HPOS="879" VPOS="1258" WIDTH="57" HEIGHT="15" WC="0.92" CONTENT="ense."/><SP WIDTH="29" VPOS="1258" HPOS="936"/>
							<String ID="string_316" HPOS="965" VPOS="1252" WIDTH="53" HEIGHT="20" WC="0.89" CONTENT="Bor-"/>
						</TextLine>
						<TextLine ID="line_38" HPOS="193" VPOS="1280" WIDTH="825" HEIGHT="28">
							<String ID="string_317" HPOS="193" VPOS="1282" WIDTH="136" HEIGHT="22" WC="0.91" CONTENT="gareståndet"/><SP WIDTH="22" VPOS="1282" HPOS="329"/>
							<String ID="string_318" HPOS="351" VPOS="1282" WIDTH="95" HEIGHT="20" WC="0.96" CONTENT="anhåller"/><SP WIDTH="22" VPOS="1282" HPOS="446"/>
							<String ID="string_319" HPOS="468" VPOS="1284" WIDTH="31" HEIGHT="19" WC="0.96" CONTENT="att"/><SP WIDTH="21" VPOS="1284" HPOS="499"/>
							<String ID="string_320" HPOS="520" VPOS="1282" WIDTH="21" HEIGHT="21" WC="0.96" CONTENT="få"/><SP WIDTH="15" VPOS="1282" HPOS="541"/>
							<String ID="string_321" HPOS="556" VPOS="1282" WIDTH="107" HEIGHT="21" WC="0.96" CONTENT="innesluta"/><SP WIDTH="15" VPOS="1282" HPOS="663"/>
							<String ID="string_322" HPOS="678" VPOS="1282" WIDTH="34" HEIGHT="26" WC="0.96" CONTENT="sig"/><SP WIDTH="15" VPOS="1282" HPOS="712"/>
							<String ID="string_323" HPOS="727" VPOS="1281" WIDTH="31" HEIGHT="21" WC="0.96" CONTENT="uti"/><SP WIDTH="16" VPOS="1281" HPOS="758"/>
							<String ID="string_324" HPOS="774" VPOS="1281" WIDTH="36" HEIGHT="21" WC="0.93" CONTENT="det"/><SP WIDTH="15" VPOS="1281" HPOS="810"/>
							<String ID="string_325" HPOS="825" VPOS="1280" WIDTH="130" HEIGHT="27" WC="0.92" CONTENT="högvördiga"/><SP WIDTH="15" VPOS="1280" HPOS="955"/>
							<String ID="string_326" HPOS="970" VPOS="1282" WIDTH="48" HEIGHT="25" WC="0.89" CONTENT="prä-"/>
						</TextLine>
						<TextLine ID="line_39" HPOS="192" VPOS="1310" WIDTH="440" HEIGHT="27">
							<String ID="string_327" HPOS="192" VPOS="1310" WIDTH="131" HEIGHT="21" WC="0.91" CONTENT="steståndets"/><SP WIDTH="16" VPOS="1310" HPOS="323"/>
							<String ID="string_328" HPOS="339" VPOS="1310" WIDTH="122" HEIGHT="21" WC="0.96" CONTENT="förtroende"/><SP WIDTH="16" VPOS="1310" HPOS="461"/>
							<String ID="string_329" HPOS="477" VPOS="1310" WIDTH="38" HEIGHT="21" WC="0.96" CONTENT="och"/><SP WIDTH="16" VPOS="1310" HPOS="515"/>
							<String ID="string_330" HPOS="531" VPOS="1310" WIDTH="101" HEIGHT="27" WC="0.96" CONTENT="vänskap."/>
						</TextLine>
					</TextBlock>
				</ComposedBlock>
				<ComposedBlock ID="cblock_11" HPOS="263" VPOS="1418" WIDTH="304" HEIGHT="27">
					<TextBlock ID="block_6" HPOS="263" VPOS="1418" WIDTH="304" HEIGHT="27">
						<TextLine ID="line_40" HPOS="263" VPOS="1418" WIDTH="304" HEIGHT="27">
							<String ID="string_331" HPOS="263" VPOS="1418" WIDTH="66" HEIGHT="21" WC="0.96" CONTENT="Ordet"/><SP WIDTH="25" VPOS="1418" HPOS="329"/>
							<String ID="string_332" HPOS="354" VPOS="1418" WIDTH="102" HEIGHT="27" WC="0.93" CONTENT="begärdes"/><SP WIDTH="23" VPOS="1418" HPOS="456"/>
							<String ID="string_333" HPOS="479" VPOS="1418" WIDTH="52" HEIGHT="22" WC="0.92" CONTENT="härå"/><SP WIDTH="14" VPOS="1418" HPOS="531"/>
							<String ID="string_334" HPOS="545" VPOS="1418" WIDTH="22" HEIGHT="22" WC="0.96" CONTENT="af"/>
						</TextLine>
					</TextBlock>
				</ComposedBlock>
				<ComposedBlock ID="cblock_12" HPOS="190" VPOS="1468" WIDTH="828" HEIGHT="57">
					<TextBlock ID="block_7" HPOS="190" VPOS="1468" WIDTH="828" HEIGHT="57">
						<TextLine ID="line_41" HPOS="261" VPOS="1468" WIDTH="757" HEIGHT="32">
							<String ID="string_335" HPOS="261" VPOS="1470" WIDTH="25" HEIGHT="20" WC="0.92" CONTENT="hr"/><SP WIDTH="36" VPOS="1470" HPOS="286"/>
							<String ID="string_336" HPOS="322" VPOS="1469" WIDTH="116" HEIGHT="26" WC="0.91" CONTENT="Jusélius,"/><SP WIDTH="16" VPOS="1469" HPOS="438"/>
							<String ID="string_337" HPOS="454" VPOS="1470" WIDTH="92" HEIGHT="26" WC="0.96" CONTENT="August,"/><SP WIDTH="17" VPOS="1470" HPOS="546"/>
							<String ID="string_338" HPOS="563" VPOS="1476" WIDTH="46" HEIGHT="14" WC="0.96" CONTENT="som"/><SP WIDTH="15" VPOS="1476" HPOS="609"/>
							<String ID="string_339" HPOS="624" VPOS="1470" WIDTH="92" HEIGHT="26" WC="0.96" CONTENT="yttrade:"/><SP WIDTH="25" VPOS="1470" HPOS="716"/>
							<String ID="string_340" HPOS="741" VPOS="1469" WIDTH="31" HEIGHT="21" WC="0.93" CONTENT="På"/><SP WIDTH="14" VPOS="1469" HPOS="772"/>
							<String ID="string_341" HPOS="786" VPOS="1468" WIDTH="232" HEIGHT="32" WC="0.92" CONTENT="hälsningsdeputatio-"/>
						</TextLine>
						<TextLine ID="line_42" HPOS="190" VPOS="1497" WIDTH="828" HEIGHT="28">
							<String ID="string_342" HPOS="190" VPOS="1504" WIDTH="55" HEIGHT="15" WC="0.96" CONTENT="nens"/><SP WIDTH="16" VPOS="1504" HPOS="245"/>
							<String ID="string_343" HPOS="261" VPOS="1500" WIDTH="80" HEIGHT="24" WC="0.96" CONTENT="vägnar"/><SP WIDTH="16" VPOS="1500" HPOS="341"/>
							<String ID="string_344" HPOS="357" VPOS="1498" WIDTH="37" HEIGHT="21" WC="0.96" CONTENT="ber"/><SP WIDTH="12" VPOS="1498" HPOS="394"/>
							<String ID="string_345" HPOS="406" VPOS="1498" WIDTH="38" HEIGHT="27" WC="0.96" CONTENT="jag"/><SP WIDTH="14" VPOS="1498" HPOS="444"/>
							<String ID="string_346" HPOS="458" VPOS="1498" WIDTH="20" HEIGHT="21" WC="0.96" CONTENT="få"/><SP WIDTH="16" VPOS="1498" HPOS="478"/>
							<String ID="string_347" HPOS="494" VPOS="1498" WIDTH="83" HEIGHT="21" WC="0.96" CONTENT="anmäla"/><SP WIDTH="15" VPOS="1498" HPOS="577"/>
							<String ID="string_348" HPOS="592" VPOS="1500" WIDTH="29" HEIGHT="19" WC="0.93" CONTENT="att"/><SP WIDTH="17" VPOS="1500" HPOS="621"/>
							<String ID="string_349" HPOS="638" VPOS="1498" WIDTH="153" HEIGHT="26" WC="0.92" CONTENT="deputationen"/><SP WIDTH="16" VPOS="1498" HPOS="791"/>
							<String ID="string_350" HPOS="807" VPOS="1497" WIDTH="97" HEIGHT="26" WC="0.96" CONTENT="fullgjort"/><SP WIDTH="16" VPOS="1497" HPOS="904"/>
							<String ID="string_351" HPOS="920" VPOS="1497" WIDTH="36" HEIGHT="20" WC="0.92" CONTENT="sitt"/><SP WIDTH="9" VPOS="1497" HPOS="956"/>
							<String ID="string_352" HPOS="965" VPOS="1502" WIDTH="53" HEIGHT="21" WC="0.92" CONTENT="upp-"/>
						</TextLine>
					</TextBlock>
				</ComposedBlock>
			</PrintSpace>
		</Page>
	</Layout>
</alto>
