1086 1753
191 96 27 21 84
429 101 103 18 Rådande
543 102 229 21 förvaltningssystem.

926 101 26 16 10
964 101 52 16 febr.

261 165 117 21 Enahanda
400 165 90 21 tendens
506 166 33 20 att
553 165 85 21 hämma
657 165 170 26 medborgarena
841 164 7 20 i
864 164 62 20 deras
945 163 73 27 lofliga

191 192 167 22 förehafvanden
380 193 38 21 har
441 193 76 21 riktats
541 192 63 22 äfven
625 194 46 20 mot
686 193 40 21 den
742 192 23 22 af
777 192 59 22 ålder
851 192 66 27 enligt
932 192 35 27 lag
981 192 36 21 be-

192 221 89 21 stående
300 222 129 26 rättigheten
446 224 32 19 att
492 222 36 21 vid
544 223 72 19 möten
632 221 40 22 och
687 221 194 22 sammankomster
896 220 122 28 öfverlägga

191 256 35 14 om
243 256 158 20 gemensamma
416 250 185 27 angelägenheter,
617 262 26 3 —
659 256 27 15 en
702 250 107 27 rättighet,
825 249 86 22 hvilken
926 249 24 21 så
961 256 55 20 myc-

191 278 36 21 ket
242 278 67 22 hällre
331 279 67 21 borde
413 279 142 27 respekteras,
571 284 46 16 som
633 279 41 21 den
689 278 46 22 icke
750 278 69 21 blifvit
834 278 136 21 missbrukad
984 277 33 21 för

192 307 116 27 obehöriga
328 307 101 27 politiska
448 307 70 28 syften
537 307 51 21 eller
603 307 61 27 gifvit
679 306 84 28 upphof
776 307 31 21 tlil
823 307 107 27 störingar
945 306 23 22 af
980 306 37 21 all-

191 338 78 18 männa
284 336 125 26 ordningen.

260 364 41 21 Till
323 364 26 21 de
364 364 77 21 vackra
464 365 80 26 dragen
560 364 7 21 i
583 364 46 21 vårt
652 363 78 22 sociala
744 363 26 22 lif
783 363 38 22 hör
837 363 41 22 den
894 363 123 26 tilltagande

191 392 69 27 hågen
283 393 39 20 hos
346 393 26 20 de
394 393 84 21 bildade
492 393 8 20 i
514 393 73 21 landet
604 394 31 19 att
651 393 73 26 sprida
739 392 135 26 bildningens
890 392 80 21 skatter
985 391 32 21 till

192 421 26 21 de
233 420 134 27 folkklasser,
383 427 46 15 som
454 421 61 22 däraf
528 427 40 21 ega
582 421 33 21 för
630 421 53 21 litet.
712 421 44 21 Det
771 421 104 26 muntliga
897 420 120 26 föredraget

190 449 39 22 har
251 449 110 22 befunnits
383 450 74 21 härvid
480 457 52 14 vara
553 449 42 22 den
617 449 134 28 lämpligaste
773 449 83 22 formen
872 449 39 21 och
925 449 91 26 mången

191 478 98 21 väckelse
304 480 31 19 att
351 478 51 22 söka
417 479 73 21 vidare
504 478 105 27 framsteg
623 479 7 20 i
646 478 96 27 bildning
755 478 38 21 har
803 478 124 27 härigenom
940 477 77 27 gifvits.

191 507 33 20 De
248 507 111 21 tillärnade
381 507 128 27 åtgärderna
531 507 33 21 för
586 509 32 19 att
633 507 76 21 hindra
726 509 31 19 ett
775 507 77 21 sådant
869 507 73 20 arbete
957 505 61 22 skola

191 535 120 27 säkerligen
327 535 45 22 icke
387 535 73 22 kunna
475 535 23 22 af
512 535 149 27 befolkningen
677 535 64 22 fattas
757 535 72 22 såsom
844 534 142 22 förestafvade
996 533 23 22 af

191 563 108 28 välvilliga
314 564 92 21 afsikter.

261 593 50 20 Man
328 593 52 21 skall
395 595 92 19 tvärtom
504 593 45 21 däri
565 599 24 15 se
603 595 31 19 ett
650 593 83 27 uttryck
746 592 23 21 af
779 599 82 15 samma
874 593 85 26 system,
970 597 46 15 som

191 621 66 21 redan
275 621 6 21 i
297 621 36 21 det
348 621 128 27 föregående
491 622 104 27 påpekats
610 621 40 22 och
665 621 80 21 hvilket
760 621 39 21 fått
815 621 34 21 sin
860 623 55 18 mest
924 619 94 22 radikala

191 650 137 27 tillämpning
342 651 7 20 i
363 649 131 28 förföljelsen
511 652 45 19 mot
567 650 72 21 landet
649 650 164 27 tidningspress,
824 649 137 27 hvarigenom
972 648 46 21 icke

191 678 56 21 blott
267 685 101 20 pressens
390 679 73 21 arbete
477 679 8 20 i
499 678 152 22 fosterlandets
666 679 67 26 tjänst
747 679 8 20 i
770 678 43 26 hög
828 678 52 26 grad
895 677 122 25 försvårats,

192 709 52 19 utan
260 706 39 22 ock
314 706 154 22 allmänhetens
484 707 133 27 berättigade
631 707 107 21 intressen
754 707 69 21 trädts
837 706 33 21 för
885 708 44 19 när.

260 735 84 21 Endast
365 736 8 20 i
392 736 64 21 korta
475 736 53 26 drag
549 735 63 21 hafva
629 736 22 20 vi
671 735 38 21 här
731 735 86 21 tecknat
831 735 41 21 den
895 734 122 28 systemför-

191 764 97 26 ändring,
305 770 47 15 som
368 764 49 21 sökt
436 766 53 25 göra
508 764 33 27 sig
557 764 96 27 gällande
668 764 7 21 i
690 764 81 27 viktiga
785 763 58 22 delar
859 762 22 22 af
894 762 123 22 förvaltnin-

192 798 53 20 gens
261 792 115 27 uppgifter.
405 793 27 21 Vi
448 792 88 28 utbedja
550 799 37 15 oss
603 793 110 21 vördsamt
726 792 21 21 få
762 792 79 21 föreslå
855 794 32 19 att
903 792 115 20 ständerna

191 820 62 50 I
255 820 40 50 108
314 821 61 21 Hans
395 822 121 26 Kejserliga
530 821 101 27 Majestät
646 827 76 21 genom
739 828 25 14 en
781 820 133 26 underdånig
928 820 89 27 petition

191 855 84 15 anhålla

467 906 35 22 det
524 906 79 21 täcktes
617 906 65 21 Hans
698 906 123 28 Kejserliga
836 905 104 28 Majestät
954 905 9 21 i
978 905 40 21 nå-

398 935 39 21 der
460 935 89 27 vidtaga
569 935 87 21 sådana
671 935 108 27 åtgärder,
794 941 48 14 som
857 934 111 27 erfordras
982 933 37 28 för

398 965 34 19 att
454 963 113 21 Finlands
587 964 50 20 inre
653 963 138 27 förvaltning
806 963 21 27 ej
841 962 38 22 må
894 963 58 21 ledas
967 962 9 21 i
991 969 27 13 en

398 992 108 27 riktning,
521 992 88 21 stående
627 992 10 20 i
656 992 58 21 strid
730 992 50 20 med
801 992 86 20 landets
903 992 62 26 lagar
980 990 38 22 och

399 1021 50 20 med
470 1021 25 21 de
520 1021 149 27 grundsatser,
688 1020 75 21 hvilka
785 1020 152 27 härförinnan
959 1019 60 21 varit

396 1049 104 27 gällande
515 1049 10 20 i
540 1049 99 27 afseende
661 1049 15 20 å
694 1048 243 27 samhällsordningens
960 1050 58 25 tryg-

397 1077 72 27 gande
495 1077 39 21 och
559 1077 181 28 medborgarenas
759 1076 175 28 allmännyttiga
951 1076 65 21 värk-

398 1106 90 21 samhet.

260 1161 137 28 Helsingfors
413 1163 41 21 den
470 1163 13 21 8
498 1163 94 21 februari
609 1163 60 21 1900.

261 1224 102 21 Mauritz
377 1224 113 29 Hallberg.
715 1225 48 21 Otto
780 1224 109 22 Stenroth.

260 1252 67 21 Leon.
343 1260 20 14 v.
380 1253 84 27 Pfaler.
712 1253 63 21 Emil
791 1253 155 28 Schybergson.

260 1281 55 21 Axel
331 1281 64 21 Lille.
712 1282 25 21 F.
758 1282 30 21 W.
805 1282 123 21 Sundwall.

261 1309 28 21 K.
306 1309 29 22 A.
353 1310 111 22 Renlund.
713 1310 27 22 E.
757 1310 20 21 J.
795 1310 94 21 Stråhle.

261 1338 24 21 Z.
306 1338 114 21 Walmari.
713 1339 62 21 Arth.
792 1338 107 22 Sommer.

260 1366 26 21 A.
300 1366 111 28 Lagerlöf.
712 1368 21 20 J.
750 1368 23 20 F.
791 1367 109 21 Kerttula.

260 1394 75 21 Fredr.
351 1395 140 22 Lundenius.
712 1396 21 21 J.
754 1396 66 21 Wilh.
839 1395 110 28 Samberg.

259 1423 89 27 August
362 1423 106 22 Juselius.
715 1424 24 21 G.
755 1423 26 22 E.
797 1423 115 22 Mattsson.

260 1451 59 21 Lars
333 1451 103 28 Krogius.
712 1452 71 22 F.A.
799 1452 104 21 Juselius.

263 1479 26 22 G.
307 1480 26 21 A.
350 1480 128 22 Lindblom.
