1086 1767
76 107 30 17 26
116 108 43 20 jan.
309 106 149 21 Hälsningstal
470 106 33 17 till
518 104 146 18 medstånden.
879 98 26 21 13

193 305 146 34 Fredagen
357 305 54 26 den
431 304 37 27 26
486 304 114 35 januari
619 303 38 27 kl.
675 303 32 27 12
725 312 26 25 p.
769 303 26 26 d.

152 375 41 21 Vid
209 374 117 21 värkstäldt
339 380 83 21 upprop
434 373 106 22 befunnos
551 373 96 22 ståndets
661 373 98 27 samtliga
769 372 137 21 medlemmar

82 398 138 58 närvarande,
235 402 93 22 förutom
344 402 25 21 hr
407 402 117 21 Sundvall
538 402 28 27 på
581 402 71 27 grund
661 401 24 22 af
692 401 91 28 tidigare
793 400 113 22 utvärkadt

81 432 103 21 tillstånd.

151 562 60 22 Efter
235 562 66 21 skedd
323 562 97 21 anmälan
442 562 99 21 inträdde
563 561 221 25 ceremonimästaren,
801 560 105 21 kammar-

78 591 108 27 junkaren
209 591 88 21 friherre
319 591 135 21 Theodor
477 591 94 20 Bruun
594 590 40 21 och
656 589 124 22 meddelade
802 591 32 19 att
852 588 53 21 hans

83 620 104 21 excellens
210 619 227 27 generalguvernören,
452 625 46 15 som
522 619 22 21 af
562 617 250 28 Kejsaren-Storfursten
827 618 79 20 utsetts

81 650 34 19 att
129 650 71 25 öppna
216 648 143 21 innevarande
374 648 152 25 ständermöte,
541 647 28 21 kl.
579 647 13 21 3
605 653 17 15 e.
635 653 27 14 m.
677 647 13 20 å
704 647 114 26 kejserliga
833 645 74 21 slottet

82 677 114 21 inväntade
220 676 41 22 den
284 676 131 27 deputation,
432 682 46 15 som
501 676 39 21 hos
562 676 53 20 hans
635 675 104 21 excellens
755 675 54 27 egde
824 673 83 22 anhålla

81 711 36 15 om
134 705 159 21 bestämmande
311 704 22 22 af
347 705 41 27 dag
403 704 39 22 och
458 704 74 22 timme
546 704 33 21 för
594 703 161 28 landtdagens
771 702 135 28 högtidliga

81 733 138 28 öppnande.

153 860 10 20 I
186 859 93 27 enlighet
301 860 48 20 med
369 859 189 27 borgareståndets
578 859 36 21 vid
630 858 118 27 gårdagens
764 857 87 27 plenum
867 856 40 21 fat-

83 888 50 21 tade
158 888 70 21 beslut
251 888 98 26 uppläste
368 888 37 21 hrr
427 882 139 31 Åkesson,
594 886 135 26 Jusélius,
754 886 93 26 August,
869 884 39 22 och

83 917 147 25 Levonius,
253 916 52 21 hvar
326 916 53 22 efter
401 923 78 19 annan,
495 916 26 21 de
540 916 35 26 tal,
591 916 49 21 med
654 915 72 21 hvilka
741 915 26 21 de
782 914 79 21 ärnade
876 912 31 22 öf-

83 946 115 26 verbringa
214 944 213 28 borgareståndets
443 944 115 28 hälsning
568 944 41 22 till
620 943 169 27 medstånden,
800 942 107 26 nämligen

152 1002 25 21 hr
192 996 129 27 Åkesson
338 1002 31 21 till
384 1002 25 21 R.
425 1008 19 14 o.
460 1002 32 26 A,
507 1002 23 21 af
542 1002 93 26 följande
650 1001 89 27 lydelse:

152 1059 107 21 Välborne
275 1059 48 21 herr
339 1058 174 27 landtmarskalk,
529 1058 114 28 höglofliga
657 1058 128 26 ridderskap
801 1056 40 22 och
851 1056 56 21 adel!

153 1088 181 26 Borgareståndet
356 1087 89 21 utbeder
462 1088 33 26 sig
510 1093 77 20 genom
602 1094 43 19 oss,
661 1087 49 20 dess
726 1085 136 28 deputerade,
877 1086 31 19 att

83 1115 22 22 få
119 1117 51 20 äran
190 1116 31 21 till
241 1115 114 27 höglofliga
372 1115 24 21 R.
412 1122 19 14 o.
447 1116 26 20 A.
490 1115 135 27 öfverbringa
640 1115 96 21 ståndets
748 1112 161 23 vördnadsfulla

84 1145 105 26 hälsning.

153 1173 33 20 Då
201 1173 101 21 Finlands
321 1173 87 20 ständer
427 1173 71 20 denna
520 1173 57 26 gång
595 1172 158 21 sammanträda
767 1171 32 21 för
815 1172 32 19 att
862 1169 46 21 råd-

84 1201 32 22 slå
138 1201 39 21 och
200 1201 83 21 besluta
303 1207 34 15 om
357 1201 153 21 fosterlandets
526 1201 183 26 angelägenheter,
725 1200 48 21 sker
790 1200 35 20 det
841 1198 68 21 under

84 1230 105 27 intrycket
211 1229 23 22 af
255 1230 25 21 de
303 1229 73 22 mörka
398 1229 197 26 framtidsutsikter,
610 1229 71 21 hvilka
701 1231 50 18 utan
767 1228 84 21 landets
867 1226 41 21 för-

84 1258 81 27 skyllan
190 1259 68 20 under
281 1260 85 19 senaste
388 1259 31 20 tid
443 1257 146 22 frammanats.
623 1257 104 22 Särskildt
743 1257 55 21 1899
815 1256 34 21 års
869 1255 40 21 till-

85 1287 108 26 dragelser
211 1287 62 21 kasta
291 1287 32 20 sin
339 1287 84 26 skugga
438 1287 65 26 skarp
519 1287 39 20 och
573 1286 93 21 hotande
681 1285 59 22 öfver
755 1285 78 21 landet.
864 1283 45 22 Och

84 1315 32 21 till
131 1315 26 21 de
173 1315 61 21 häraf
247 1315 123 21 föranledda
385 1315 102 27 politiska
502 1315 114 27 bekymren
632 1314 33 21 för
681 1315 55 20 hvad
748 1313 162 27 morgondagen

84 1344 41 21 kan
149 1344 51 21 bära
218 1344 7 20 i
248 1344 37 21 sitt
307 1344 61 21 sköte
383 1343 63 22 hafva
461 1344 122 27 ytterligare
599 1343 61 22 sällat
675 1343 34 27 sig
723 1343 86 26 olyckor
825 1341 22 21 af
861 1341 49 20 eko-

84 1373 86 20 nomisk
191 1374 69 24 natur,
282 1379 26 14 en
330 1372 52 27 följd
405 1372 179 27 hufvudsakligen
601 1371 22 22 af
642 1371 102 27 felslagen
761 1371 65 21 skörd
841 1369 69 21 under

85 1400 131 22 sistförlidna
231 1401 29 20 år.

153 1429 42 21 Det
202 1431 22 19 är
235 1429 81 21 således
329 1429 67 21 under
406 1429 154 26 förhållanden,
571 1435 139 20 ogynsamma
720 1428 7 21 i
737 1428 41 21 alla
789 1426 121 25 afseenden,

84 1457 83 22 landets
183 1458 87 21 ständer
285 1458 85 26 vidtaga
388 1458 48 21 med
452 1457 243 27 landtdagsgöromålen.
724 1457 50 20 Men
790 1456 64 21 dessa
868 1454 42 21 för-

85 1486 112 21 hållanden
212 1493 63 14 mana
291 1487 24 20 så
330 1486 83 27 mycket
428 1486 116 27 kraftigare
560 1486 31 21 till
606 1487 31 20 ett
652 1485 64 27 enigt,
731 1485 28 27 på
773 1485 82 20 rättens
872 1483 38 21 och
