1086 1753
41 113 15 17 9
67 117 64 12 mars.

826 104 42 23 239

43 181 41 21 den
101 181 13 21 3
129 180 94 21 februari
247 180 54 21 1868
323 182 24 19 är
362 181 100 26 stadgadt
477 180 110 27 angäende
602 180 130 27 tjänstemän
747 180 28 27 pä
790 180 76 21 allmän

43 210 98 24 civilstat,
157 209 64 21 hvars
237 209 66 26 tjänst
317 209 106 27 indrages,
439 209 55 21 dock
508 209 49 21 med
570 209 111 21 enahanda
689 208 179 27 inskränkningar

42 239 6 20 i
64 237 63 22 häraf
139 237 132 27 härflytande
286 237 130 27 rättigheter,
432 243 46 16 som
495 238 31 25 de,
542 237 71 21 hvilka
627 237 6 21 i
651 238 10 20 1
679 237 11 28 &
705 237 23 22 af
741 237 70 21 denna
825 236 42 22 för-

43 267 93 26 ordning
151 267 96 26 stadgats
262 265 33 22 för
310 265 187 28 häradshöfding».
527 266 46 21 Här
588 265 69 22 finnes
673 266 83 21 således
770 265 46 22 icke
831 266 37 21 nä-

44 298 37 23 got
96 295 89 27 positivt
200 295 71 26 päbud
287 295 79 25 därom,
388 297 32 18 att
442 295 65 20 ocksä
529 294 136 21 innehafvare
688 294 23 21 af
721 294 147 27 justitieborg-

43 323 160 27 mästaretjänst
225 323 39 20 och
286 323 7 20 i
315 323 125 27 paragrafen
464 323 114 21 omnämda
593 323 191 27 rädmanstjänster
800 322 68 21 skulle

43 352 74 20 kunna
131 351 31 21 till
178 351 134 27 nyinrättade
327 351 230 27 domarebefattningar
573 351 124 21 öfverföras.
727 352 65 20 Detta
806 351 62 21 torde

43 380 118 21 emellertid
184 379 155 27 otvifvelaktigt
361 386 50 15 vara
434 379 98 27 afsikten,
550 382 32 19 att
597 380 62 21 döma
675 380 58 21 säväl
748 379 22 22 af
784 379 84 21 hänvis-

43 409 79 27 ningen
138 409 7 20 i
160 409 13 21 2
189 408 11 28 $
216 408 31 21 till
262 408 151 27 förordningen
436 408 23 21 af
480 409 40 21 den
543 408 13 21 3
578 408 94 21 februari
692 408 54 21 1868
762 414 46 15 som
825 410 43 19 sär-

45 437 65 21 skildt
125 437 23 21 af
161 436 135 22 föreskriften
317 437 2 21 i
341 437 6 21 2
362 443 64 15 mom.
441 436 23 22 af
477 437 15 21 4
502 437 17 27 &,
530 437 37 21 där
579 437 36 21 det
626 437 67 21 heter:
711 437 83 21 »Nekar
806 436 62 27 borg-

44 468 95 19 mästare
154 466 51 20 eller
220 466 87 20 rådman
323 467 32 19 att
370 468 108 24 emottaga
494 466 65 21 sådan
576 466 71 26 tjänst,
671 466 69 26 gänge
754 465 112 27 förlustig»

44 501 19 15 o.
79 501 16 15 s.
111 501 19 15 v.
160 494 94 21 Hvarför
277 494 31 21 uti
331 494 11 27 $
364 494 14 21 2
400 494 66 27 något
488 494 89 27 positivt
597 494 118 27 stadgande
730 500 34 15 om
780 496 43 19 rätt
837 496 32 18 att

43 522 108 22 Ofverföra
165 523 131 27 nyssnämda
310 522 128 27 tjänstemän
454 523 46 21 icke
515 522 120 26 återfinnes,
654 522 38 22 har
700 523 38 27 jag
748 525 57 19 ännu
823 522 46 21 icke

43 552 84 20 kunnat
141 551 21 21 fä
177 551 55 21 klart
247 550 34 22 för
297 552 43 26 mig
355 551 38 21 och
410 552 36 20 ber
462 552 28 26 pä
505 552 40 21 den
561 552 70 26 grund
647 554 36 23 att,
698 552 64 20 innan
776 551 37 27 jag
830 552 38 26 gör

44 580 67 27 nägot
125 580 100 27 yrkande,
248 580 21 20 fä
291 580 135 27 interpellera
440 580 71 27 nägon
528 580 22 21 af
563 580 152 27 lagutskottets
731 580 137 20 medlemmar

45 609 80 21 härom.

114 667 33 20 Hr
169 666 142 25 Jusölius,
333 667 91 26 August:
456 666 42 21 För
521 666 43 21 min
587 666 34 21 del
643 667 46 20 tror
713 666 37 27 jag
771 665 45 22 icke
838 667 31 19 att

45 694 62 21 äfven
123 695 49 21 med
187 695 41 21 den
244 695 117 25 redaktion,
383 701 46 14 som
452 695 12 27 &
483 695 13 20 2
512 695 30 20 uti
557 694 241 27 författningsförslaget
813 700 55 20 eger,

44 723 67 27 nägot
125 723 127 21 tvifvelsmäl
268 723 54 21 skall
337 723 78 27 uppstä
430 723 81 25 därom,
526 725 31 19 att
569 723 26 26 ju
611 723 137 27 stadgandets
764 722 104 21 innebörd

45 752 39 20 bör
99 758 52 14 vara
166 752 65 21 sådan
247 752 25 20 hr
288 752 119 21 Stenström
422 751 121 21 framhållit.
570 751 38 22 Uti
623 751 12 27 $
650 752 13 20 2
678 753 62 25 säges
755 751 113 26 nämligen:

47 788 8 11 »
60 780 83 21 Varder
155 780 299 27 justitieborgmästaretjänst
469 780 51 21 eller
536 780 65 21 sädan
617 780 173 26 rädmanstjänst,
804 779 64 21 hvars

45 808 139 22 innehafvare
206 809 46 21 icke
275 809 66 21 tillika
363 811 23 19 är
401 808 95 22 ledamot
510 809 7 21 i
532 809 118 26 magistrat,
666 808 35 22 vid
716 808 106 21 reformen
838 808 31 20 in-

47 837 79 27 dragen
151 837 38 21 och
212 837 38 21 har
274 838 119 20 dävarande
416 837 137 21 innehafvare
575 836 22 22 af
610 837 93 27 tjänsten
719 836 69 22 blifvit
803 836 66 22 sedan

45 866 71 20 denna
137 866 127 27 förordning
285 866 58 21 trädt
364 866 7 21 i
394 866 97 26 gällande
513 865 57 21 kraft
591 866 32 20 till
645 866 33 20 sin
694 866 66 26 tjänst
775 864 94 26 utnämd,

46 894 54 21 skall
122 895 13 20 &
157 895 69 21 denne
248 894 105 27 tillämpas
375 894 56 21 hvad
453 894 7 21 i
482 894 152 27 förordningen
657 894 23 21 af
693 894 40 21 den
748 894 14 21 3
777 893 93 21 februari

47 923 55 21 1868
118 925 23 19 är
157 923 99 27 stadgadt
270 924 109 26 angående
395 923 129 27 tjänstemän
540 923 28 27 pä
582 923 77 21 allmän
676 923 102 21 civilstat»
797 928 45 15 o.s.
851 928 19 15 v.

46 951 67 21 Detta
135 952 90 20 innebär
248 952 89 21 sälunda
359 953 31 20 att
412 958 26 14 en
462 952 189 26 stadstjänsteman
673 951 23 21 af
709 950 161 28 ifrägavarande

46 980 147 21 beskaffenhet
208 980 41 21 kan
264 980 65 22 blifva
345 980 54 21 stäld
414 980 28 27 pä
456 980 190 27 indragningsstat.
685 980 35 21 Nu
735 980 61 26 ingär
812 979 30 21 uti
859 978 11 28 $

47 1009 11 20 7
75 1008 23 22 af
112 1009 55 21 1868
182 1009 36 21 ärs
233 1008 127 28 förordning
382 1009 40 21 den
446 1009 143 26 bestämning,
607 1010 32 20 att
654 1009 91 21 ämbets-
762 1008 39 21 och
816 1008 54 26 tjän-

46 1039 89 24 steman,
159 1044 46 14 som
228 1038 94 26 ätnjuter
344 1038 74 26 anslag
441 1038 28 25 pä
490 1038 190 25 indragningsstat,
695 1037 7 20 i
717 1036 115 21 allmänhet
847 1038 23 18 är

46 1065 83 27 skyldig
145 1068 37 23 att,
206 1072 34 15 om
256 1065 77 22 honom
350 1066 27 27 pä
392 1072 83 15 samma
490 1068 40 23 ort,
553 1066 38 20 där
610 1065 41 21 han
668 1066 32 21 sin
716 1065 104 26 indragna
835 1065 35 20 be-

45 1093 93 28 fattning
153 1093 88 27 utöfvat,
257 1094 51 21 eller
318 1095 13 20 å
341 1096 39 24 ort,
396 1095 38 20 där
450 1094 42 21 han
508 1096 23 19 är
546 1094 78 26 bosatt,
639 1101 70 14 annan
724 1093 91 22 likartad
830 1092 40 22 och

46 1123 41 20 den
103 1122 58 21 förra
175 1123 46 21 icke
238 1123 148 21 underordnad
404 1123 68 26 tjänst
487 1123 85 20 anvisas
588 1123 51 20 eller
653 1123 106 26 erbjudes,
774 1124 97 24 mottaga

47 1151 66 21 sådan
129 1151 125 27 befattning.
283 1151 167 27 Bestämningen
472 1153 32 19 att
526 1151 53 21 1868
599 1151 36 21 års
650 1151 125 26 förordning
790 1150 54 21 skall
859 1150 13 20 å

46 1180 59 21 vissa
127 1180 12 21 å
161 1180 111 21 städernas
294 1180 86 21 domare
400 1179 108 27 tillämpas
530 1180 38 21 bör
591 1179 90 22 sålunda
695 1179 103 27 klarligen
814 1177 58 28 gifva

47 1208 36 21 vid
99 1208 84 21 handen
199 1210 32 19 att
246 1209 26 20 de
287 1208 64 21 äfven
366 1209 73 20 kunna
455 1208 31 21 till
501 1215 70 14 annan
587 1208 66 27 tjänst
668 1207 137 28 öfverflyttas.
829 1207 43 26 Jag

46 1236 124 21 hemställer
186 1236 72 22 därför
273 1243 35 15 om
323 1237 45 21 icke
383 1236 127 28 paragrafen
526 1237 128 20 härutinnan
670 1239 23 18 är
709 1237 66 26 tydlig
790 1241 49 21 nog.

116 1294 33 21 Hr
166 1294 172 21 Stenström:
353 1295 42 26 Jag
405 1294 36 21 vill
452 1294 49 21 med
512 1294 115 26 anledning
637 1293 22 21 af
667 1293 26 21 hr
702 1292 102 23 Jusölius'
817 1299 53 20 upp-

46 1322 110 27 lysningar
172 1323 76 20 endast
263 1323 101 20 anmärka
386 1325 32 18 att
441 1323 55 20 1868
518 1323 35 20 ärs
576 1322 126 27 förordning
717 1321 155 26 otvifvelaktigt

46 1350 61 21 äfven
125 1351 65 26 gäller
206 1351 57 21 säväl
279 1351 156 21 underdomare
458 1351 29 27 pä
508 1351 72 21 landet
595 1357 46 15 som
658 1350 214 25 hofrättsledamöter,

47 1379 39 21 och
110 1379 41 21 kan
172 1379 38 27 jag
225 1379 83 22 således
323 1380 45 21 icke
383 1386 51 15 vara
449 1379 149 22 tillfredsstäld
613 1379 49 21 med
677 1379 40 21 den
732 1379 23 21 af
768 1379 25 21 hr
808 1377 64 23 Jusé-

47 1407 41 22 lius
104 1407 80 27 afgifna
198 1407 151 28 förklaringen.
364 1408 34 21 Dä
413 1415 49 14 man
478 1410 71 19 ansett
565 1408 32 27 sig
613 1408 52 21 böra
679 1407 86 27 inrycka
780 1406 92 27 positiva

46 1436 72 27 päbud
142 1436 132 21 beträffande
296 1437 130 26 nyssnämda
449 1437 135 26 tjänstemän,
606 1436 55 21 hade
679 1437 76 20 sädant
770 1435 50 22 bort
835 1435 38 20 ske

43 1464 82 27 jämväl
147 1464 132 22 beträffande
302 1465 26 21 de
350 1465 7 20 i
379 1465 11 27 $
413 1465 13 21 2
442 1465 84 21 nämda.
555 1465 41 26 Jag
611 1467 45 18 tror
671 1465 43 20 min
730 1463 143 27 anmärkning

46 1499 51 15 vara
113 1493 23 21 sä
151 1493 84 27 mycket
250 1499 46 15 mer
311 1493 96 27 befogad,
430 1499 48 16 som
498 1493 38 27 jag
558 1493 38 21 har
618 1493 44 27 mig
683 1493 80 21 bekant
784 1494 32 19 att
832 1491 40 22 den
