1086 1734
209 107 43 20 252
415 112 189 20 Undervisningen
616 112 7 16 i
635 110 181 18 naturalhistoria.
949 109 12 16 9
973 112 64 12 mars.

281 182 55 20 Från
359 181 107 21 allmänna
484 180 197 22 besvärsutskottet
695 179 55 21 hade
766 178 87 21 anländt
868 184 26 14 en
910 177 23 21 så
949 176 90 27 lydande

212 209 121 22 skrifvelse:

306 306 106 20 FINLANDS
425 303 111 23 STÄNDERS

213 346 142 30 ALLMÄNNA
373 345 253 31 BESVÄRSUTSKOTT.

341 430 165 15 HELSINGFORS
649 443 3 4 mm
700 445 9 3 om
758 442 4 3 Ar

629 443 40 20 Till
685 441 106 28 vällofliga
806 440 181 28 borgareståndet.

327 471 33 17 den
374 473 12 14 8
398 477 51 11 mars
462 471 56 17 1900.

384 552 36 17 N:o
432 552 27 17 44.

287 609 113 21 Allmänna
423 609 196 21 besvärsutskottet
640 609 32 21 får
687 608 88 21 härmed
791 610 51 19 äran
857 607 84 21 anmäla
960 608 32 20 att
1006 612 37 15 en-

218 637 40 27 ligt
280 637 105 21 utskottet
408 637 182 22 tillhandakomna
612 637 199 27 protokollsutdrag
825 635 47 22 frän
888 635 89 22 ständen
993 635 52 21 dess

217 666 137 21 betänkande
369 672 34 15 n:o
419 666 13 21 3
447 667 7 20 i
469 666 116 27 anledning
600 666 23 21 af
636 668 31 19 ett
680 666 6 21 i
697 665 148 27 ridderskapet
860 663 40 22 och
910 663 61 22 adeln
982 663 65 22 väckt

218 694 184 27 petitionsförslag
421 701 35 14 om
474 695 157 21 förbättrandet
647 694 23 21 af
687 693 210 27 undervisningen
911 693 9 21 i
936 691 108 23 natural-

218 723 105 22 historia
333 723 35 21 vid
380 723 82 22 landets
474 723 68 27 lyceer
553 723 69 21 blifvit
630 723 23 21 af
659 722 178 28 borgareständet
844 721 138 22 oförändradt
993 721 51 26 god-

218 751 67 22 kändt
293 751 38 22 och
342 751 23 22 af
375 752 148 27 ridderskapet
531 752 39 21 och
581 752 62 21 adeln
652 751 180 22 äterremitteradt
840 749 34 22 för
882 749 163 26 omarbetning
1030 745 17 38 i

218 779 224 22 Ofverensstämmelse
453 781 48 20 med
512 780 216 27 petitionsförslagets
738 779 101 28 yrkande,
847 779 111 21 hvaremot
965 777 79 22 bonde-

220 809 91 25 ståndet,
327 809 47 21 med
391 808 138 22 förkastande
544 809 23 21 af
580 809 118 21 utskottets
714 808 139 25 betänkande,
868 807 82 26 antagit
962 807 40 20 den
1013 805 32 22 till

220 837 144 21 betänkandet
379 837 77 27 fogade
471 838 161 21 reservationen
649 837 38 22 och
703 836 159 28 prästeståndet
874 835 80 27 jämväl
964 835 82 26 antagit

220 865 70 22 denna
305 866 138 26 reservation,
458 873 49 15 men
523 867 48 21 med
587 866 137 22 uteslutande
740 865 23 22 af
774 865 66 21 orden
852 863 147 23 »erkännande
1010 863 37 21 det

220 894 133 28 berättigade
367 895 7 20 i
386 894 141 22 förevarande
538 894 218 28 petitionsmemorial,
769 893 75 22 likväl»
857 894 7 20 i
875 892 172 22 reservationens

221 923 143 27 slutyrkande.
387 923 35 21 Då
437 923 83 21 således
535 926 79 18 tvänne
625 924 63 20 stånd
699 924 71 20 ansett
780 921 204 28 petitionsförslaget
993 920 55 22 böra

220 952 83 21 lämnas
326 954 51 19 utan
396 951 106 26 afseende,
517 952 38 21 har
571 952 80 26 frågan,
665 952 84 26 jämlikt
764 951 22 21 L.
803 950 37 22 O:s
855 950 11 26 $
882 950 33 24 73,
930 949 32 21 för
977 949 71 21 denna.

217 980 103 26 landtdag
334 980 92 22 förfallit.

499 1043 28 21 På
545 1043 117 21 utskottets
679 1045 87 24 vägnar:

555 1112 26 20 A.
599 1111 110 21 Auvinen,

793 1189 61 23 Georg
866 1189 110 17 Schauman.

290 1357 120 26 Föredrogs
432 1363 26 14 en
479 1356 46 21 från
547 1355 235 27 bevillningsutskottet
804 1353 78 22 anländ
902 1353 110 22 skrifvelse
1027 1351 25 23 af

218 1384 94 27 Töljande
327 1385 89 27 lydelse:
