1086 1761
52 103 30 17 30
94 107 64 13 mars.
319 103 129 17 Ekektriska
460 103 157 20 anläggningar.
839 97 41 21 347

53 171 118 22 allmänhet
190 171 142 26 föreskrifver;
347 171 54 21 dock
419 171 53 21 böra
490 171 79 25 därvid,
584 170 44 22 ifall
643 171 75 21 värket
732 171 54 21 skall
801 171 79 21 drifvas

55 200 48 21 med
119 199 135 26 vattenkraft,
265 200 96 26 gällande
371 200 118 27 stadgande
500 200 109 26 angående
619 199 127 22 vattenvärk
756 199 125 28 iakttagas».

124 257 59 20 Enär
205 256 40 21 den
268 256 105 21 allmänna
395 256 150 21 diskussionen
568 258 47 19 rört
637 257 34 26 sig
692 256 135 21 uteslutande
846 262 35 15 om

55 285 68 21 första
145 285 132 27 paragrafen,
300 285 133 27 uppmanade
452 285 25 21 hr
496 285 122 21 talmannen
633 285 27 21 de
675 285 143 25 medlemmar,
834 291 47 15 som

55 315 57 19 ännu
129 314 94 20 önskade
238 315 56 25 yttra
309 314 32 26 sig
356 320 34 14 om
406 314 71 20 denna
492 313 105 27 paragraf,
612 315 31 19 att
659 320 28 14 nu
704 313 66 21 uttala
786 313 38 27 sig.

125 370 34 21 Hr
182 370 124 22 Stenroth
328 370 70 22 anhöll
420 377 35 15 om
472 371 61 21 ordet
547 370 40 22 och
602 371 93 27 yttrade:
724 371 158 21 Muodollisista

56 399 67 27 syistä
145 399 57 21 minä
225 399 119 27 puolestani
366 400 83 27 pyydän
472 400 66 21 saada
558 400 105 25 ehdottaa,
679 401 44 20 että
738 400 143 21 valiokunnan

57 427 84 22 tekemä
163 428 64 27 lisäys
248 428 63 21 tähän
327 429 150 20 ensimmäisen
493 429 90 26 pykälän
599 429 162 20 ensimmäiseen
778 430 103 20 moment-

57 457 37 20 tiin
119 457 157 26 poistettaisiin,
299 457 105 21 nimittäin
428 459 70 20 sanat:
522 457 57 27 »jota
601 457 70 27 paitsi,
688 457 35 27 jos
747 457 63 21 laitos
825 457 57 22 tulee

56 485 146 21 vesivoimalla
223 485 159 27 käytettäväksi,
400 486 189 25 noudatettakoon,
605 486 53 21 mitä
673 486 157 21 vesilaitoksien
845 492 36 21 pe-

56 514 150 21 rustamisesta
221 521 27 14 on
264 515 114 26 säädetty».
408 515 96 20 Minusta
519 521 27 14 on
559 515 112 20 kokonaan
682 515 146 25 muodotonta,
838 516 44 19 että

56 543 143 25 asetuksessa,
220 543 51 26 joka
292 543 74 27 puhuu
386 543 192 26 sähkölaitoksista,
594 543 109 27 puhutaan
720 543 53 26 siitä,
789 543 93 21 mitenkä

57 571 155 21 mahdollisesti
234 578 27 14 on
282 571 156 21 vesilaitoksien
461 572 177 26 perustamisesta
657 572 101 28 säädetty.
789 571 34 21 On
838 571 43 21 niin

58 599 145 21 luonnollinen
226 600 50 26 asia,
292 602 43 19 että
354 600 158 21 vesilaitoksien
533 600 178 27 perustamisessa
727 606 27 15 on
770 600 112 21 noudatet-

57 630 55 24 tava,
127 628 52 21 mitä
194 629 54 20 siinä
264 628 88 22 suhteen
368 636 28 14 on
412 629 102 27 säädetty,
530 631 44 19 että
589 629 40 21 sitä
645 629 19 21 ei
679 629 103 21 suinkaan
794 628 88 22 tarvitse

58 657 85 21 erittäin
159 658 93 20 mainita.
282 658 135 20 Semmoinen
433 658 178 21 muodottomuus
627 658 54 20 ehkä
698 658 52 20 vielä
766 658 34 20 voi
815 657 68 27 käydä

57 685 76 27 päinsä
147 686 178 21 hallinnollisessa
339 686 144 21 asetuksessa.
504 687 70 20 Mutta
589 686 74 21 minun
679 686 119 21 mielestäni
813 688 69 24 sääty-

57 714 65 21 laissa
145 714 46 21 olisi
212 714 100 22 sellainen
328 715 178 21 muodottomuus
522 715 152 21 ehdottomasti
689 714 121 22 vältettävä.
840 714 42 22 Sen

57 742 79 27 nojalla
151 743 100 21 tahtoisin
267 744 105 25 ehdottaa,
388 746 43 18 että
447 746 37 18 tuo
500 744 63 26 lisäys
577 744 94 26 jätetään
687 744 53 26 pois.

128 800 69 21 Sedan
217 800 149 21 diskussionen
389 800 51 21 härä
464 800 112 22 förklarats
599 800 98 26 afslutad,
716 800 124 21 framstälde
858 800 25 20 hr

57 828 122 21 talmannen
210 829 31 21 till
271 829 94 21 ständets
400 829 132 21 besvarande
565 829 93 27 följande
688 829 194 27 omröstningspro-

58 857 102 26 position:

127 914 38 26 De,
181 914 75 21 hvilka
276 915 116 27 godkänna
414 915 112 21 utskottets
542 915 82 27 förslag
641 915 34 21 till
691 915 79 27 lydelse
785 915 36 27 för
837 916 11 19 1
862 916 21 25 $,

57 944 60 19 rösta
128 943 39 27 ja:
184 943 30 26 de,
231 944 35 20 det
280 944 44 20 icke
337 946 60 24 göra,
412 945 61 19 rösta
488 944 48 25 nej;

127 972 80 20 vinner
227 972 42 28 nej,
278 972 42 21 har
333 972 87 21 ståndet
436 972 88 21 beslutit
538 972 78 28 förena
631 972 33 28 sig
680 979 34 14 om
727 972 27 21 hr
770 971 114 22 Stenroihs

56 1000 89 27 förslag.

126 1058 165 26 Propositionen
314 1058 128 22 besvarades
466 1059 35 21 vid
520 1058 108 22 värkstäld
638 1058 104 27 votering
756 1059 49 21 med
820 1058 28 21 30
860 1057 24 27 ja

56 1086 41 21 och
112 1086 28 21 30
156 1086 40 27 nej.
227 1087 33 21 Dä
275 1087 40 21 den
331 1087 83 27 aflagda
426 1087 74 21 sedeln
511 1088 6 20 i
528 1087 115 27 anledning
654 1087 61 21 häraf
723 1087 110 27 öppnades
844 1086 39 21 och

57 1114 90 22 befanns
160 1115 105 21 innehälla
283 1116 40 26 nei,
331 1116 55 21 hade
402 1116 86 21 ständet
503 1116 82 21 säledes
601 1116 88 21 beslutit
703 1118 32 19 att
750 1122 26 14 ur
793 1116 9 20 1
819 1121 64 15 mom.

55 1142 24 22 af
98 1143 11 28 $
129 1144 10 20 1
163 1144 93 21 utesluta
278 1145 66 21 orden
369 1144 136 27 »hvarjämte,
524 1145 38 21 där
583 1144 131 28 anläggning
733 1144 54 22 skall
803 1143 80 22 drifvas

56 1172 49 21 med
125 1172 134 26 vattenkraft,
275 1173 104 26 iakttagas
395 1174 39 19 bör
450 1173 55 21 hvad
528 1179 35 15 om
585 1174 121 20 inrättande
721 1172 23 21 af
756 1172 128 21 vattenvärk

56 1199 69 22 finnes
140 1200 155 22 föreskrifvet».

125 1257 24 28 88
165 1259 18 23 2,
199 1259 13 20 3
228 1259 39 20 och
282 1259 14 20 4
310 1259 88 21 likasom
416 1258 62 22 äfven
493 1258 166 27 författningens
675 1258 74 21 rubrik
760 1257 123 28 godkändes

57 1288 52 19 utan
125 1287 146 27 anmärkning.

125 1344 40 21 Till
181 1344 51 27 följd
248 1344 22 22 af
284 1345 96 21 ständets
403 1345 72 21 beslut
496 1345 7 20 i
524 1344 59 28 fråga
606 1351 35 14 om
658 1345 10 20 1
685 1344 12 28 &
712 1344 69 21 skulle
801 1350 25 15 ur
842 1343 41 21 den

56 1372 63 27 kläm,
135 1379 46 15 som
196 1373 94 27 föregick
305 1374 107 25 rubriken,
428 1374 67 21 orden
513 1373 51 22 »och
580 1375 31 19 ett
626 1374 85 26 tillägg»
729 1373 57 27 utgå.

126 1430 11 21 I
160 1428 116 30 anledning
296 1430 22 22 af
336 1430 118 22 utskottets
470 1431 109 21 uttalande
595 1431 12 21 å
623 1431 53 21 sidd.
692 1430 55 22 7—8
763 1430 31 21 uti
810 1430 74 20 betän-

57 1459 80 21 kandet
157 1459 109 26 angående
289 1460 40 20 den
352 1458 127 29 författning
493 1460 7 20 i
516 1461 71 19 ämnet
609 1466 46 14 som
670 1465 51 15 vore
736 1458 75 21 afsedd
826 1458 7 21 i
848 1458 36 21 ad-

57 1487 128 21 ministrativ
201 1489 41 25 väg
258 1487 114 26 utkomma,
388 1487 105 27 begärdes
510 1488 61 21 ordet
585 1487 23 22 af
