1086 1775
192 95 43 23 370
494 102 81 17 Finska
586 102 114 17 militären.
916 102 28 16 30
956 106 65 13 mars.

262 169 56 23 Frän
334 168 206 23 ekonomiutskottet
554 170 55 21 hade
624 170 89 22 anländt
722 176 26 16 en
761 169 112 23 skrifvelse
883 170 49 21 med
942 170 78 21 under-

192 198 87 21 rättelse
301 199 31 19 att
353 198 105 21 utskottet
472 198 32 21 till
520 198 127 22 ordförande
666 201 67 20 utsett
747 198 161 23 bokhandlaren
924 198 97 22 Walter

192 226 110 27 Having
319 226 6 21 i
346 226 70 23 stället
430 226 33 22 för
479 226 154 23 hofrättsrädet
647 227 25 22 A.
688 228 27 21 H.
731 227 137 26 Snellman,
883 234 47 16 som
945 227 75 21 inläm-

191 257 38 19 nat
244 255 81 26 pollett.

260 414 69 23 Bland
355 416 95 21 ständets
472 416 138 22 medlemmar
625 415 54 23 hade
695 416 92 22 utdelats
803 416 40 21 och
859 416 113 22 bordlades
987 415 33 22 till

191 445 63 20 nästa
269 443 96 28 plenum:

261 502 171 22 statsutskottets
456 502 134 21 betänkande
610 509 34 14 n:o
669 503 13 20 3
697 503 7 20 i
719 502 116 27 anledning
849 501 23 22 af
885 503 27 20 H.
928 502 25 21 K.
968 502 50 21 M:ts

191 530 79 27 nädiga
288 531 134 26 proposition
438 537 35 15 n:o
489 531 27 21 28
532 537 35 15 om
583 531 116 21 anvisande
714 531 22 21 af
750 531 69 20 medel
835 531 31 20 till
882 531 138 21 bestridande

190 558 23 22 af
225 558 166 23 kostnaderna
406 559 40 22 för
462 559 77 22 finska
553 559 127 22 militären
696 560 51 21 ären
765 559 146 22 1901—1904.

260 730 45 22 Hrr
320 731 128 26 Jusélius',
464 732 91 26 August,
569 732 38 21 och
619 732 151 21 Lindbloms
786 732 99 21 anhållan
901 738 34 15 om
951 732 66 26 ledig-

192 759 36 21 het
249 758 47 22 frän
319 760 109 26 tisdagens
451 760 86 27 plenum
558 760 116 28 beviljades
689 760 23 22 af
724 760 93 26 ständet,
832 760 89 22 likasom
937 760 39 22 ock
991 760 26 20 hr

215 788 118 21 kessons
349 789 47 21 med
413 789 115 27 anledning
542 789 23 21 af
573 789 147 26 sjukdomsfall
731 790 58 20 inom
801 789 53 21 hans
865 788 64 28 familj
942 789 76 27 gjorda

191 816 99 21 anhållan
306 823 34 14 om
356 817 92 27 ledighet
463 817 45 21 från
525 818 98 26 samtliga
638 818 63 27 plena
715 818 46 21 före
777 818 60 26 päsk.

256 977 34 21 Hr
305 971 118 28 Äkesson
444 978 71 21 anhöll
534 985 34 14 om
584 978 62 21 ordet
661 978 39 21 och
715 976 143 28 tillkännagaf
870 979 32 19 att
917 976 64 22 behof
994 976 23 22 af

186 1005 124 27 ytterligare
332 1012 26 15 en
381 1007 114 26 suppleant
514 1007 6 20 i
539 1007 141 27 lagutskottet
702 1007 86 20 komme
808 1008 32 19 att
862 1006 78 27 uppstä
958 1009 57 18 samt

186 1033 78 26 anhöll,
279 1034 28 27 pä
323 1035 97 26 uppdrag
434 1035 24 21 af
470 1035 77 22 nämda
562 1035 89 26 utskott,
666 1037 32 19 att
713 1035 178 26 borgareständet
907 1035 48 20 ville
966 1036 48 19 utse

186 1068 26 15 en
228 1063 70 26 tredje
312 1063 114 27 suppleant
441 1064 7 21 i
464 1064 109 21 utskottet.

254 1125 96 21 Emedan
366 1126 91 26 ständet,
472 1126 28 27 pä
515 1126 25 21 hr
550 1126 134 21 talmannens
695 1125 68 28 fräga,
775 1125 58 21 biföll
843 1125 32 22 till
887 1126 39 21 den
938 1126 76 27 gjorda

184 1153 192 27 framställningen,
399 1155 134 26 uppmanade
556 1155 24 20 hr
603 1155 121 21 talmannen
748 1154 98 21 ständets
862 1154 104 21 elektorer
982 1156 32 19 att

184 1182 133 21 omedelbart
328 1183 114 21 värkställa
452 1183 62 23 valet;
522 1183 49 21 med
581 1183 151 21 föranledande
742 1182 77 22 hvaraf
829 1183 86 27 plenum
925 1182 88 22 afbröts.

253 1244 60 22 Efter
336 1246 36 20 det
395 1246 97 21 ständets
515 1246 137 21 medlemmar
667 1246 47 21 äter
734 1252 36 15 om
796 1252 26 14 en
838 1246 65 20 stund
918 1246 94 25 samlats,

184 1273 110 27 upplästes
315 1276 31 18 ett
361 1274 107 26 protokoll
482 1274 46 21 frän
544 1275 97 21 ständets
657 1274 106 22 elektorer
779 1274 23 21 af
815 1274 93 27 följande
923 1274 88 27 lydelse:

459 1332 31 26 Är
515 1337 54 21 1900
591 1337 41 21 den
651 1338 28 20 30
694 1343 57 15 mars
768 1336 27 22 kl.
812 1337 53 26 11,45
881 1343 17 15 e.
913 1343 27 15 m.
956 1343 55 15 sam-

390 1366 125 21 manträdde
534 1366 188 26 borgareständets
738 1365 107 21 elektorer
860 1365 33 21 för
908 1367 36 24 att,
957 1365 54 27 jäm-

389 1394 39 21 likt
449 1394 96 21 ständets
567 1394 73 21 därom
663 1394 79 21 fattade
767 1394 77 25 beslut,
867 1396 48 19 utse
936 1394 75 27 ytter-

391 1422 77 28 ligare
480 1429 29 15 en
521 1422 130 28 suppleant
662 1423 8 21 i
682 1422 175 28 lagutskottet;
879 1422 133 22 närvarande

389 1451 75 21 härvid
480 1452 98 26 samtliga
593 1451 110 21 elektorer.
