1084 1770
207 100 33 39 50
519 100 201 39 Järnvägsutskott.
956 114 14 17 8
981 113 55 18 febr.

318 249 163 36 Torsdagen
499 251 56 26 den
574 251 18 26 8
611 250 127 28 februari
757 250 38 27 kl.
813 251 16 26 7
847 258 22 19 e.
887 259 36 18 m.

275 319 42 21 Vid
339 319 119 22 värkstäldt
481 327 85 20 upprop
588 321 106 21 befunnos
709 320 142 22 frånvarande
865 320 37 21 hrr
925 320 108 24 Stråhle,

206 347 115 27 Berneri,
338 348 134 26 Stenroth,
487 349 89 26 Lindh,
590 349 118 27 Löfgren,
723 349 126 21 Walmari
865 349 39 21 och
915 349 82 25 Solin,
1013 348 26 22 af

205 375 72 22 hvilka
291 377 27 20 de
331 378 33 20 tre
378 376 136 23 förstnämda
527 377 60 22 förut
601 378 119 21 meddelats
735 377 96 22 tillständ
847 379 32 20 att
889 377 108 25 uteblifva,
1007 377 26 21 hr

205 404 69 22 Lindh
289 404 23 22 af
325 405 98 27 sjukdom
435 412 38 15 var
483 406 93 26 hindrad
590 408 32 20 att
638 406 191 22 tillstädeskomma
843 406 39 21 och
899 406 26 21 de
940 408 33 19 tre
983 405 52 22 sist-

205 433 78 21 nämda
297 434 80 21 anmält
392 433 115 23 förhinder.

275 577 116 27 Upplästes
407 578 30 21 till
450 578 110 27 justering
575 578 39 21 och
631 578 123 27 godkändes
766 580 32 20 ett
808 578 78 27 utdrag
895 585 26 14 ur
933 578 102 27 borgare-

205 605 97 21 ståndets
318 606 35 22 vid
369 608 85 20 senaste
469 606 88 28 plenum
572 606 62 22 förda
648 607 114 27 protokoll.

273 760 150 22 Antecknades
446 763 32 20 att
498 761 47 22 från
566 762 158 21 bondeståndet
742 761 90 22 anländt
854 763 31 19 ett
904 761 128 27 protokolls-

204 789 83 27 utdrag.

271 914 34 20 Hr
325 914 123 22 talmannen
470 914 141 28 tillkännagaf
626 917 32 19 att
672 914 242 26 talmanskonferensen,
930 915 49 21 med
994 921 37 15 an-

201 942 89 27 ledning
305 942 62 22 däraf
379 945 32 19 att
425 943 32 21 till
473 944 90 20 stånden
577 944 115 21 inlämnats
702 943 106 22 särskilda
817 943 214 27 petitionsmemorial

201 971 92 21 rörande
317 971 112 27 byggande
450 972 23 21 af
490 972 116 27 järnvägar
620 972 8 21 i
643 972 77 26 landet,
736 974 72 19 ansett
825 972 76 26 nödigt
915 974 32 19 att
962 972 69 21 under

200 999 145 21 innevarande
360 1000 103 28 landtdag
477 1000 69 22 skulle
561 1000 100 22 tillsättas
676 1003 32 19 ett
719 1000 224 28 järnvägsutskott,
959 1000 70 22 bestå-

200 1028 55 21 ende
270 1027 23 22 af
305 1027 46 28 fyra
366 1028 139 22 medlemmar
520 1029 40 21 och
576 1030 36 20 två
627 1029 138 27 suppleanter
781 1028 46 22 från
844 1028 73 28 hvarje
932 1029 68 21 stånd.

269 1085 66 21 Detta
355 1084 82 29 förslag
455 1086 45 21 blef
510 1086 80 27 jämväl
605 1086 23 21 af
642 1086 179 27 borgareståndet
837 1086 114 26 godkändt,
966 1086 62 21 hvar-

199 1112 34 22 för
249 1114 97 21 ståndets
362 1114 106 22 elektorer
483 1115 130 21 anmodades
629 1117 32 19 att
676 1115 31 21 till
723 1115 79 21 nämda
814 1114 84 22 utskott
908 1116 49 20 utse
971 1114 57 22 leda-

199 1143 69 20 möter
283 1142 40 21 och
339 1142 144 28 suppleanter.

267 1284 69 22 Bland
359 1285 98 21 ståndets
480 1286 138 21 medlemmar
640 1286 54 21 hade
716 1285 103 22 utdelats:
845 1284 128 23 »Relation
996 1284 31 22 till

197 1313 102 21 Finlands
322 1314 24 20 år
362 1314 57 21 1900
433 1314 128 21 församlade
576 1314 87 21 ständer
679 1320 34 15 om
729 1313 162 23 statsvärkets
904 1312 123 26 tillstånd,

195 1341 95 28 afgifven
312 1341 24 22 af
355 1341 221 28 finansexpeditionen
601 1343 8 20 i
631 1342 112 27 kejserliga
766 1343 89 20 senaten
878 1341 33 21 för
937 1341 90 21 Finland

196 1370 41 21 den
253 1371 13 20 3
282 1370 94 21 februari
399 1371 75 26 1900»,
497 1370 40 22 och
559 1371 70 21 beslöt
652 1371 178 27 borgareständet
848 1370 110 21 remittera
976 1369 52 22 den-

196 1405 82 15 samma
293 1399 31 21 till
341 1400 167 21 statsutskottet.
