<?xml version="1.0" encoding="UTF-8"?>
<alto xmlns="http://www.loc.gov/standards/alto/ns-v3#" xmlns:xlink="http://www.w3.org/1999/xlink" xmlns:xsi="http://www.w3.org/2001/XMLSchema-instance" xsi:schemaLocation="http://www.loc.gov/standards/alto/ns-v3# http://www.loc.gov/alto/v3/alto-3-0.xsd">
	<Description>
		<MeasurementUnit>pixel</MeasurementUnit>
		<sourceImageInformation>
			<fileName>/tmp/tess_akkobuf9_input.PNG</fileName>
		</sourceImageInformation>
		<OCRProcessing ID="OCR_0">
			<ocrProcessingStep>
				<processingSoftware>
					<softwareName>tesseract 5.3.4</softwareName>
				</processingSoftware>
			</ocrProcessingStep>
		</OCRProcessing>
	</Description>
	<Layout>
		<Page WIDTH="1086" HEIGHT="1764" PHYSICAL_IMG_NR="0" ID="page_0">
			<PrintSpace HPOS="0" VPOS="0" WIDTH="1086" HEIGHT="1764">
				<ComposedBlock ID="cblock_0" HPOS="213" VPOS="97" WIDTH="823" HEIGHT="36">
					<TextBlock ID="block_0" HPOS="213" VPOS="97" WIDTH="823" HEIGHT="36">
						<TextLine ID="line_0" HPOS="213" VPOS="97" WIDTH="823" HEIGHT="36">
							<String ID="string_0" HPOS="213" VPOS="97" WIDTH="41" HEIGHT="33" WC="0.96" CONTENT="180"/><SP WIDTH="310" VPOS="97" HPOS="254"/>
							<String ID="string_1" HPOS="564" VPOS="100" WIDTH="108" HEIGHT="33" WC="0.92" CONTENT="Spelkort."/><SP WIDTH="271" VPOS="100" HPOS="672"/>
							<String ID="string_2" HPOS="943" VPOS="107" WIDTH="29" HEIGHT="17" WC="0.96" CONTENT="20"/><SP WIDTH="12" VPOS="107" HPOS="972"/>
							<String ID="string_3" HPOS="984" VPOS="107" WIDTH="52" HEIGHT="17" WC="0.95" CONTENT="febr."/>
						</TextLine>
					</TextBlock>
				</ComposedBlock>
				<GraphicalElement ID="cblock_1" HPOS="225" VPOS="137" WIDTH="550" HEIGHT="2"></GraphicalElement >
				<ComposedBlock ID="cblock_2" HPOS="211" VPOS="175" WIDTH="825" HEIGHT="314">
					<TextBlock ID="block_1" HPOS="211" VPOS="175" WIDTH="825" HEIGHT="314">
						<TextLine ID="line_1" HPOS="212" VPOS="175" WIDTH="824" HEIGHT="27">
							<String ID="string_4" HPOS="212" VPOS="175" WIDTH="117" HEIGHT="27" WC="0.92" CONTENT="epäilykset"/><SP WIDTH="20" VPOS="175" HPOS="329"/>
							<String ID="string_5" HPOS="349" VPOS="176" WIDTH="55" HEIGHT="21" WC="0.92" CONTENT="eivät"/><SP WIDTH="14" VPOS="176" HPOS="404"/>
							<String ID="string_6" HPOS="418" VPOS="175" WIDTH="33" HEIGHT="22" WC="0.93" CONTENT="ole"/><SP WIDTH="17" VPOS="175" HPOS="451"/>
							<String ID="string_7" HPOS="468" VPOS="176" WIDTH="150" HEIGHT="21" WC="0.91" CONTENT="valiokuntaan"/><SP WIDTH="21" VPOS="176" HPOS="618"/>
							<String ID="string_8" HPOS="639" VPOS="176" WIDTH="150" HEIGHT="24" WC="0.91" CONTENT="vaikuttaneet,"/><SP WIDTH="15" VPOS="176" HPOS="789"/>
							<String ID="string_9" HPOS="804" VPOS="183" WIDTH="53" HEIGHT="14" WC="0.96" CONTENT="vaan"/><SP WIDTH="16" VPOS="183" HPOS="857"/>
							<String ID="string_10" HPOS="873" VPOS="183" WIDTH="27" HEIGHT="14" WC="0.93" CONTENT="on"/><SP WIDTH="16" VPOS="183" HPOS="900"/>
							<String ID="string_11" HPOS="916" VPOS="176" WIDTH="120" HEIGHT="21" WC="0.91" CONTENT="valiokunta"/>
						</TextLine>
						<TextLine ID="line_2" HPOS="212" VPOS="203" WIDTH="824" HEIGHT="29">
							<String ID="string_12" HPOS="212" VPOS="203" WIDTH="83" HEIGHT="28" WC="0.92" CONTENT="pitänyt"/><SP WIDTH="21" VPOS="203" HPOS="295"/>
							<String ID="string_13" HPOS="316" VPOS="205" WIDTH="100" HEIGHT="26" WC="0.92" CONTENT="sopivana"/><SP WIDTH="25" VPOS="205" HPOS="416"/>
							<String ID="string_14" HPOS="441" VPOS="206" WIDTH="94" HEIGHT="19" WC="0.88" CONTENT="verottaa"/><SP WIDTH="23" VPOS="206" HPOS="535"/>
							<String ID="string_15" HPOS="558" VPOS="205" WIDTH="139" HEIGHT="27" WC="0.92" CONTENT="pelikortteja,"/><SP WIDTH="25" VPOS="205" HPOS="697"/>
							<String ID="string_16" HPOS="722" VPOS="205" WIDTH="82" HEIGHT="27" WC="0.92" CONTENT="vieläpä"/><SP WIDTH="16" VPOS="205" HPOS="804"/>
							<String ID="string_17" HPOS="820" VPOS="205" WIDTH="98" HEIGHT="20" WC="0.92" CONTENT="katsonut"/><SP WIDTH="19" VPOS="205" HPOS="918"/>
							<String ID="string_18" HPOS="937" VPOS="205" WIDTH="99" HEIGHT="21" WC="0.92" CONTENT="voivansa"/>
						</TextLine>
						<TextLine ID="line_3" HPOS="213" VPOS="233" WIDTH="823" HEIGHT="21">
							<String ID="string_19" HPOS="213" VPOS="233" WIDTH="98" HEIGHT="20" WC="0.96" CONTENT="ehdottaa"/><SP WIDTH="15" VPOS="233" HPOS="311"/>
							<String ID="string_20" HPOS="326" VPOS="233" WIDTH="72" HEIGHT="20" WC="0.96" CONTENT="niiden"/><SP WIDTH="16" VPOS="233" HPOS="398"/>
							<String ID="string_21" HPOS="414" VPOS="235" WIDTH="106" HEIGHT="19" WC="0.95" CONTENT="verotusta"/><SP WIDTH="16" VPOS="235" HPOS="520"/>
							<String ID="string_22" HPOS="536" VPOS="233" WIDTH="79" HEIGHT="21" WC="0.93" CONTENT="hiukan"/><SP WIDTH="17" VPOS="233" HPOS="615"/>
							<String ID="string_23" HPOS="632" VPOS="233" WIDTH="208" HEIGHT="21" WC="0.92" CONTENT="korotettavaksikin."/><SP WIDTH="31" VPOS="233" HPOS="840"/>
							<String ID="string_24" HPOS="871" VPOS="233" WIDTH="75" HEIGHT="21" WC="0.71" CONTENT="Vanha"/><SP WIDTH="15" VPOS="233" HPOS="946"/>
							<String ID="string_25" HPOS="961" VPOS="240" WIDTH="75" HEIGHT="14" WC="0.88" CONTENT="sanan-"/>
						</TextLine>
						<TextLine ID="line_4" HPOS="211" VPOS="261" WIDTH="824" HEIGHT="28">
							<String ID="string_26" HPOS="211" VPOS="261" WIDTH="66" HEIGHT="27" WC="0.91" CONTENT="parsi:"/><SP WIDTH="25" VPOS="261" HPOS="277"/>
							<String ID="string_27" HPOS="302" VPOS="261" WIDTH="114" HEIGHT="21" WC="0.90" CONTENT="»tarkoitus"/><SP WIDTH="22" VPOS="261" HPOS="416"/>
							<String ID="string_28" HPOS="438" VPOS="262" WIDTH="94" HEIGHT="27" WC="0.93" CONTENT="pyhittää"/><SP WIDTH="22" VPOS="262" HPOS="532"/>
							<String ID="string_29" HPOS="554" VPOS="262" WIDTH="166" HEIGHT="27" WC="0.24" CONTENT="välikappaleet&gt;"/><SP WIDTH="25" VPOS="262" HPOS="720"/>
							<String ID="string_30" HPOS="745" VPOS="269" WIDTH="27" HEIGHT="14" WC="0.96" CONTENT="on"/><SP WIDTH="24" VPOS="269" HPOS="772"/>
							<String ID="string_31" HPOS="796" VPOS="262" WIDTH="93" HEIGHT="21" WC="0.96" CONTENT="tässäkin"/><SP WIDTH="21" VPOS="262" HPOS="889"/>
							<String ID="string_32" HPOS="910" VPOS="264" WIDTH="125" HEIGHT="19" WC="0.96" CONTENT="toteutunut."/>
						</TextLine>
						<TextLine ID="line_5" HPOS="212" VPOS="289" WIDTH="824" HEIGHT="27">
							<String ID="string_33" HPOS="212" VPOS="289" WIDTH="52" HEIGHT="22" WC="0.96" CONTENT="Mitä"/><SP WIDTH="16" VPOS="289" HPOS="264"/>
							<String ID="string_34" HPOS="280" VPOS="289" WIDTH="141" HEIGHT="22" WC="0.96" CONTENT="valiokunnan"/><SP WIDTH="16" VPOS="289" HPOS="421"/>
							<String ID="string_35" HPOS="437" VPOS="290" WIDTH="148" HEIGHT="21" WC="0.96" CONTENT="ehdottamaan"/><SP WIDTH="17" VPOS="290" HPOS="585"/>
							<String ID="string_36" HPOS="602" VPOS="297" WIDTH="64" HEIGHT="14" WC="0.96" CONTENT="veron"/><SP WIDTH="17" VPOS="297" HPOS="666"/>
							<String ID="string_37" HPOS="683" VPOS="291" WIDTH="142" HEIGHT="20" WC="0.96" CONTENT="korotukseen"/><SP WIDTH="17" VPOS="291" HPOS="825"/>
							<String ID="string_38" HPOS="842" VPOS="291" WIDTH="62" HEIGHT="25" WC="0.96" CONTENT="tulee,"/><SP WIDTH="8" VPOS="291" HPOS="904"/>
							<String ID="string_39" HPOS="912" VPOS="291" WIDTH="44" HEIGHT="20" WC="0.93" CONTENT="niin"/><SP WIDTH="16" VPOS="291" HPOS="956"/>
							<String ID="string_40" HPOS="972" VPOS="290" WIDTH="64" HEIGHT="21" WC="0.91" CONTENT="valio-"/>
						</TextLine>
						<TextLine ID="line_6" HPOS="212" VPOS="318" WIDTH="824" HEIGHT="28">
							<String ID="string_41" HPOS="212" VPOS="318" WIDTH="87" HEIGHT="21" WC="0.96" CONTENT="kunnan"/><SP WIDTH="16" VPOS="318" HPOS="299"/>
							<String ID="string_42" HPOS="315" VPOS="319" WIDTH="136" HEIGHT="20" WC="0.96" CONTENT="mietinnössä"/><SP WIDTH="20" VPOS="319" HPOS="451"/>
							<String ID="string_43" HPOS="471" VPOS="319" WIDTH="133" HEIGHT="27" WC="0.96" CONTENT="esiintyvistä"/><SP WIDTH="20" VPOS="319" HPOS="604"/>
							<String ID="string_44" HPOS="624" VPOS="319" WIDTH="126" HEIGHT="27" WC="0.96" CONTENT="perusteista"/><SP WIDTH="15" VPOS="319" HPOS="750"/>
							<String ID="string_45" HPOS="765" VPOS="319" WIDTH="42" HEIGHT="27" WC="0.96" CONTENT="käy"/><SP WIDTH="15" VPOS="319" HPOS="807"/>
							<String ID="string_46" HPOS="822" VPOS="319" WIDTH="88" HEIGHT="25" WC="0.96" CONTENT="selville,"/><SP WIDTH="15" VPOS="319" HPOS="910"/>
							<String ID="string_47" HPOS="925" VPOS="319" WIDTH="50" HEIGHT="21" WC="0.96" CONTENT="ettei"/><SP WIDTH="15" VPOS="319" HPOS="975"/>
							<String ID="string_48" HPOS="990" VPOS="319" WIDTH="46" HEIGHT="21" WC="0.97" CONTENT="siitä"/>
						</TextLine>
						<TextLine ID="line_7" HPOS="213" VPOS="347" WIDTH="823" HEIGHT="28">
							<String ID="string_49" HPOS="213" VPOS="347" WIDTH="68" HEIGHT="20" WC="0.96" CONTENT="luulla"/><SP WIDTH="15" VPOS="347" HPOS="281"/>
							<String ID="string_50" HPOS="296" VPOS="347" WIDTH="77" HEIGHT="20" WC="0.96" CONTENT="mitään"/><SP WIDTH="16" VPOS="347" HPOS="373"/>
							<String ID="string_51" HPOS="389" VPOS="354" WIDTH="76" HEIGHT="14" WC="0.96" CONTENT="vaaraa"/><SP WIDTH="15" VPOS="354" HPOS="465"/>
							<String ID="string_52" HPOS="480" VPOS="348" WIDTH="74" HEIGHT="21" WC="0.97" CONTENT="olevan"/><SP WIDTH="16" VPOS="348" HPOS="554"/>
							<String ID="string_53" HPOS="570" VPOS="348" WIDTH="22" HEIGHT="27" WC="0.97" CONTENT="ja"/><SP WIDTH="15" VPOS="348" HPOS="592"/>
							<String ID="string_54" HPOS="607" VPOS="348" WIDTH="50" HEIGHT="21" WC="0.93" CONTENT="ettei"/><SP WIDTH="16" VPOS="348" HPOS="657"/>
							<String ID="string_55" HPOS="673" VPOS="347" WIDTH="217" HEIGHT="28" WC="0.92" CONTENT="salakuljetustakaan"/><SP WIDTH="15" VPOS="347" HPOS="890"/>
							<String ID="string_56" HPOS="905" VPOS="347" WIDTH="78" HEIGHT="22" WC="0.93" CONTENT="tultaisi"/><SP WIDTH="16" VPOS="347" HPOS="983"/>
							<String ID="string_57" HPOS="999" VPOS="354" WIDTH="37" HEIGHT="14" WC="0.97" CONTENT="sen"/>
						</TextLine>
						<TextLine ID="line_8" HPOS="212" VPOS="375" WIDTH="824" HEIGHT="28">
							<String ID="string_58" HPOS="212" VPOS="375" WIDTH="73" HEIGHT="21" WC="0.94" CONTENT="kautta"/><SP WIDTH="25" VPOS="375" HPOS="285"/>
							<String ID="string_59" HPOS="310" VPOS="375" WIDTH="134" HEIGHT="27" WC="0.95" CONTENT="käyttämään"/><SP WIDTH="25" VPOS="375" HPOS="444"/>
							<String ID="string_60" HPOS="469" VPOS="383" WIDTH="157" HEIGHT="14" WC="0.94" CONTENT="suuremmassa"/><SP WIDTH="27" VPOS="383" HPOS="626"/>
							<String ID="string_61" HPOS="653" VPOS="378" WIDTH="111" HEIGHT="25" WC="0.93" CONTENT="määrässä,"/><SP WIDTH="26" VPOS="378" HPOS="764"/>
							<String ID="string_62" HPOS="790" VPOS="376" WIDTH="76" HEIGHT="21" WC="0.96" CONTENT="vaikka"/><SP WIDTH="24" VPOS="376" HPOS="866"/>
							<String ID="string_63" HPOS="890" VPOS="376" WIDTH="54" HEIGHT="21" WC="0.93" CONTENT="tosin"/><SP WIDTH="16" VPOS="376" HPOS="944"/>
							<String ID="string_64" HPOS="960" VPOS="376" WIDTH="76" HEIGHT="21" WC="0.92" CONTENT="tiettiin"/>
						</TextLine>
						<TextLine ID="line_9" HPOS="213" VPOS="404" WIDTH="823" HEIGHT="28">
							<String ID="string_65" HPOS="213" VPOS="404" WIDTH="136" HEIGHT="27" WC="0.96" CONTENT="nykyäänkin"/><SP WIDTH="23" VPOS="404" HPOS="349"/>
							<String ID="string_66" HPOS="372" VPOS="405" WIDTH="74" HEIGHT="20" WC="0.96" CONTENT="olevan"/><SP WIDTH="24" VPOS="405" HPOS="446"/>
							<String ID="string_67" HPOS="470" VPOS="407" WIDTH="82" HEIGHT="18" WC="0.96" CONTENT="eräässä"/><SP WIDTH="16" VPOS="407" HPOS="552"/>
							<String ID="string_68" HPOS="568" VPOS="405" WIDTH="126" HEIGHT="21" WC="0.93" CONTENT="oikeudessa"/><SP WIDTH="17" VPOS="405" HPOS="694"/>
							<String ID="string_69" HPOS="711" VPOS="405" WIDTH="85" HEIGHT="20" WC="0.93" CONTENT="vireellä"/><SP WIDTH="18" VPOS="405" HPOS="796"/>
							<String ID="string_70" HPOS="814" VPOS="406" WIDTH="74" HEIGHT="26" WC="0.93" CONTENT="syytös"/><SP WIDTH="16" VPOS="406" HPOS="888"/>
							<String ID="string_71" HPOS="904" VPOS="404" WIDTH="132" HEIGHT="28" WC="0.92" CONTENT="pelikorttien"/>
						</TextLine>
						<TextLine ID="line_10" HPOS="213" VPOS="432" WIDTH="823" HEIGHT="29">
							<String ID="string_72" HPOS="213" VPOS="432" WIDTH="203" HEIGHT="27" WC="0.92" CONTENT="salakuljetuksesta."/><SP WIDTH="29" VPOS="432" HPOS="416"/>
							<String ID="string_73" HPOS="445" VPOS="433" WIDTH="64" HEIGHT="21" WC="0.96" CONTENT="Jätän"/><SP WIDTH="16" VPOS="433" HPOS="509"/>
							<String ID="string_74" HPOS="525" VPOS="433" WIDTH="79" HEIGHT="27" WC="0.96" CONTENT="säädyn"/><SP WIDTH="17" VPOS="433" HPOS="604"/>
							<String ID="string_75" HPOS="621" VPOS="434" WIDTH="157" HEIGHT="27" WC="0.96" CONTENT="päätettäväksi,"/><SP WIDTH="16" VPOS="434" HPOS="778"/>
							<String ID="string_76" HPOS="794" VPOS="434" WIDTH="54" HEIGHT="20" WC="0.96" CONTENT="onko"/><SP WIDTH="16" VPOS="434" HPOS="848"/>
							<String ID="string_77" HPOS="864" VPOS="435" WIDTH="62" HEIGHT="25" WC="0.96" CONTENT="syytä"/><SP WIDTH="16" VPOS="435" HPOS="926"/>
							<String ID="string_78" HPOS="942" VPOS="435" WIDTH="94" HEIGHT="18" WC="0.96" CONTENT="muuttaa"/>
						</TextLine>
						<TextLine ID="line_11" HPOS="212" VPOS="461" WIDTH="727" HEIGHT="28">
							<String ID="string_79" HPOS="212" VPOS="461" WIDTH="145" HEIGHT="21" WC="0.96" CONTENT="valiokunnan"/><SP WIDTH="14" VPOS="461" HPOS="357"/>
							<String ID="string_80" HPOS="371" VPOS="462" WIDTH="107" HEIGHT="21" WC="0.93" CONTENT="esittämää"/><SP WIDTH="16" VPOS="462" HPOS="478"/>
							<String ID="string_81" HPOS="494" VPOS="464" WIDTH="134" HEIGHT="19" WC="0.92" CONTENT="veromäärää"/><SP WIDTH="16" VPOS="464" HPOS="628"/>
							<String ID="string_82" HPOS="644" VPOS="463" WIDTH="33" HEIGHT="20" WC="0.96" CONTENT="vai"/><SP WIDTH="16" VPOS="463" HPOS="677"/>
							<String ID="string_83" HPOS="693" VPOS="462" WIDTH="55" HEIGHT="21" WC="0.96" CONTENT="onko"/><SP WIDTH="16" VPOS="462" HPOS="748"/>
							<String ID="string_84" HPOS="764" VPOS="468" WIDTH="23" HEIGHT="15" WC="0.96" CONTENT="se"/><SP WIDTH="15" VPOS="468" HPOS="787"/>
							<String ID="string_85" HPOS="802" VPOS="462" WIDTH="137" HEIGHT="27" WC="0.95" CONTENT="säilytettävä."/>
						</TextLine>
					</TextBlock>
				</ComposedBlock>
				<ComposedBlock ID="cblock_3" HPOS="211" VPOS="518" WIDTH="827" HEIGHT="998">
					<TextBlock ID="block_2" HPOS="211" VPOS="518" WIDTH="827" HEIGHT="998">
						<TextLine ID="line_12" HPOS="281" VPOS="518" WIDTH="753" HEIGHT="28">
							<String ID="string_86" HPOS="281" VPOS="518" WIDTH="32" HEIGHT="21" WC="0.96" CONTENT="Hr"/><SP WIDTH="22" VPOS="518" HPOS="313"/>
							<String ID="string_87" HPOS="335" VPOS="518" WIDTH="152" HEIGHT="21" WC="0.93" CONTENT="Mattsson:"/><SP WIDTH="30" VPOS="518" HPOS="487"/>
							<String ID="string_88" HPOS="517" VPOS="518" WIDTH="33" HEIGHT="21" WC="0.92" CONTENT="Dä"/><SP WIDTH="22" VPOS="518" HPOS="550"/>
							<String ID="string_89" HPOS="572" VPOS="519" WIDTH="232" HEIGHT="27" WC="0.91" CONTENT="bevillningsutskottet"/><SP WIDTH="22" VPOS="519" HPOS="804"/>
							<String ID="string_90" HPOS="826" VPOS="521" WIDTH="70" HEIGHT="19" WC="0.91" CONTENT="ansett"/><SP WIDTH="21" VPOS="521" HPOS="896"/>
							<String ID="string_91" HPOS="917" VPOS="519" WIDTH="117" HEIGHT="27" WC="0.93" CONTENT="spelkorten"/>
						</TextLine>
						<TextLine ID="line_13" HPOS="213" VPOS="547" WIDTH="823" HEIGHT="28">
							<String ID="string_92" HPOS="213" VPOS="553" WIDTH="50" HEIGHT="14" WC="0.93" CONTENT="vara"/><SP WIDTH="15" VPOS="553" HPOS="263"/>
							<String ID="string_93" HPOS="278" VPOS="547" WIDTH="136" HEIGHT="27" WC="0.92" CONTENT="synnerligen"/><SP WIDTH="24" VPOS="547" HPOS="414"/>
							<String ID="string_94" HPOS="438" VPOS="547" WIDTH="100" HEIGHT="28" WC="0.91" CONTENT="lämpliga"/><SP WIDTH="15" VPOS="547" HPOS="538"/>
							<String ID="string_95" HPOS="553" VPOS="548" WIDTH="88" HEIGHT="21" WC="0.92" CONTENT="föremäl"/><SP WIDTH="16" VPOS="548" HPOS="641"/>
							<String ID="string_96" HPOS="657" VPOS="548" WIDTH="33" HEIGHT="21" WC="0.93" CONTENT="för"/><SP WIDTH="22" VPOS="548" HPOS="690"/>
							<String ID="string_97" HPOS="712" VPOS="547" WIDTH="142" HEIGHT="28" WC="0.92" CONTENT="beskattning,"/><SP WIDTH="22" VPOS="547" HPOS="854"/>
							<String ID="string_98" HPOS="876" VPOS="548" WIDTH="38" HEIGHT="20" WC="0.93" CONTENT="har"/><SP WIDTH="22" VPOS="548" HPOS="914"/>
							<String ID="string_99" HPOS="936" VPOS="547" WIDTH="100" HEIGHT="21" WC="0.93" CONTENT="utskottet"/>
						</TextLine>
						<TextLine ID="line_14" HPOS="214" VPOS="575" WIDTH="821" HEIGHT="28">
							<String ID="string_100" HPOS="214" VPOS="575" WIDTH="104" HEIGHT="22" WC="0.96" CONTENT="betraktat"/><SP WIDTH="15" VPOS="575" HPOS="318"/>
							<String ID="string_101" HPOS="333" VPOS="575" WIDTH="73" HEIGHT="28" WC="0.96" CONTENT="frågan"/><SP WIDTH="16" VPOS="575" HPOS="406"/>
							<String ID="string_102" HPOS="422" VPOS="583" WIDTH="25" HEIGHT="14" WC="0.93" CONTENT="ur"/><SP WIDTH="14" VPOS="583" HPOS="447"/>
							<String ID="string_103" HPOS="461" VPOS="578" WIDTH="78" HEIGHT="19" WC="0.96" CONTENT="tvänne"/><SP WIDTH="16" VPOS="578" HPOS="539"/>
							<String ID="string_104" HPOS="555" VPOS="577" WIDTH="57" HEIGHT="20" WC="0.96" CONTENT="olika"/><SP WIDTH="15" VPOS="577" HPOS="612"/>
							<String ID="string_105" HPOS="627" VPOS="577" WIDTH="141" HEIGHT="26" WC="0.87" CONTENT="synpunkter,"/><SP WIDTH="11" VPOS="577" HPOS="768"/>
							<String ID="string_106" HPOS="779" VPOS="576" WIDTH="13" HEIGHT="21" WC="0.92" CONTENT="å"/><SP WIDTH="15" VPOS="576" HPOS="792"/>
							<String ID="string_107" HPOS="807" VPOS="583" WIDTH="40" HEIGHT="14" WC="0.96" CONTENT="ena"/><SP WIDTH="16" VPOS="583" HPOS="847"/>
							<String ID="string_108" HPOS="863" VPOS="576" WIDTH="59" HEIGHT="21" WC="0.93" CONTENT="sidan"/><SP WIDTH="16" VPOS="576" HPOS="922"/>
							<String ID="string_109" HPOS="938" VPOS="578" WIDTH="97" HEIGHT="19" WC="0.93" CONTENT="statsvär-"/>
						</TextLine>
						<TextLine ID="line_15" HPOS="213" VPOS="604" WIDTH="823" HEIGHT="28">
							<String ID="string_110" HPOS="213" VPOS="604" WIDTH="46" HEIGHT="21" WC="0.91" CONTENT="kets"/><SP WIDTH="16" VPOS="604" HPOS="259"/>
							<String ID="string_111" HPOS="275" VPOS="604" WIDTH="63" HEIGHT="21" WC="0.92" CONTENT="behof"/><SP WIDTH="15" VPOS="604" HPOS="338"/>
							<String ID="string_112" HPOS="353" VPOS="605" WIDTH="21" HEIGHT="20" WC="0.97" CONTENT="af"/><SP WIDTH="14" VPOS="605" HPOS="374"/>
							<String ID="string_113" HPOS="388" VPOS="611" WIDTH="27" HEIGHT="14" WC="0.93" CONTENT="en"/><SP WIDTH="16" VPOS="611" HPOS="415"/>
							<String ID="string_114" HPOS="431" VPOS="605" WIDTH="58" HEIGHT="26" WC="0.93" CONTENT="dylik"/><SP WIDTH="16" VPOS="605" HPOS="489"/>
							<String ID="string_115" HPOS="505" VPOS="605" WIDTH="61" HEIGHT="27" WC="0.91" CONTENT="skatt,"/><SP WIDTH="16" VPOS="605" HPOS="566"/>
							<String ID="string_116" HPOS="582" VPOS="605" WIDTH="12" HEIGHT="20" WC="0.92" CONTENT="ä"/><SP WIDTH="15" VPOS="605" HPOS="594"/>
							<String ID="string_117" HPOS="609" VPOS="605" WIDTH="66" HEIGHT="20" WC="0.96" CONTENT="andra"/><SP WIDTH="15" VPOS="605" HPOS="675"/>
							<String ID="string_118" HPOS="690" VPOS="605" WIDTH="59" HEIGHT="20" WC="0.93" CONTENT="sidan"/><SP WIDTH="19" VPOS="605" HPOS="749"/>
							<String ID="string_119" HPOS="768" VPOS="605" WIDTH="173" HEIGHT="27" WC="0.91" CONTENT="beskattningens"/><SP WIDTH="15" VPOS="605" HPOS="941"/>
							<String ID="string_120" HPOS="956" VPOS="605" WIDTH="80" HEIGHT="26" WC="0.92" CONTENT="sedliga"/>
						</TextLine>
						<TextLine ID="line_16" HPOS="213" VPOS="632" WIDTH="823" HEIGHT="28">
							<String ID="string_121" HPOS="213" VPOS="632" WIDTH="61" HEIGHT="27" WC="0.91" CONTENT="syfte."/><SP WIDTH="35" VPOS="632" HPOS="274"/>
							<String ID="string_122" HPOS="309" VPOS="632" WIDTH="63" HEIGHT="21" WC="0.93" CONTENT="Hvad"/><SP WIDTH="30" VPOS="632" HPOS="372"/>
							<String ID="string_123" HPOS="402" VPOS="632" WIDTH="98" HEIGHT="22" WC="0.76" CONTENT="behofvet"/><SP WIDTH="25" VPOS="632" HPOS="500"/>
							<String ID="string_124" HPOS="525" VPOS="633" WIDTH="21" HEIGHT="21" WC="0.93" CONTENT="af"/><SP WIDTH="22" VPOS="633" HPOS="546"/>
							<String ID="string_125" HPOS="568" VPOS="633" WIDTH="84" HEIGHT="22" WC="0.93" CONTENT="skatten"/><SP WIDTH="22" VPOS="633" HPOS="652"/>
							<String ID="string_126" HPOS="674" VPOS="633" WIDTH="138" HEIGHT="25" WC="0.91" CONTENT="vidkommer,"/><SP WIDTH="29" VPOS="633" HPOS="812"/>
							<String ID="string_127" HPOS="841" VPOS="635" WIDTH="67" HEIGHT="25" WC="0.85" CONTENT="yttrar"/><SP WIDTH="29" VPOS="635" HPOS="908"/>
							<String ID="string_128" HPOS="937" VPOS="633" WIDTH="99" HEIGHT="21" WC="0.96" CONTENT="utskottet"/>
						</TextLine>
						<TextLine ID="line_17" HPOS="213" VPOS="661" WIDTH="822" HEIGHT="28">
							<String ID="string_129" HPOS="213" VPOS="661" WIDTH="82" HEIGHT="21" WC="0.91" CONTENT="därom:"/><SP WIDTH="26" VPOS="661" HPOS="295"/>
							<String ID="string_130" HPOS="321" VPOS="661" WIDTH="120" HEIGHT="21" WC="0.85" CONTENT="&lt;Ehuruväl"/><SP WIDTH="24" VPOS="661" HPOS="441"/>
							<String ID="string_131" HPOS="465" VPOS="662" WIDTH="143" HEIGHT="27" WC="0.96" CONTENT="beräkningen"/><SP WIDTH="16" VPOS="662" HPOS="608"/>
							<String ID="string_132" HPOS="624" VPOS="662" WIDTH="22" HEIGHT="20" WC="0.96" CONTENT="af"/><SP WIDTH="14" VPOS="662" HPOS="646"/>
							<String ID="string_133" HPOS="660" VPOS="662" WIDTH="26" HEIGHT="21" WC="0.96" CONTENT="de"/><SP WIDTH="17" VPOS="662" HPOS="686"/>
							<String ID="string_134" HPOS="703" VPOS="662" WIDTH="75" HEIGHT="26" WC="0.96" CONTENT="medel,"/><SP WIDTH="16" VPOS="662" HPOS="778"/>
							<String ID="string_135" HPOS="794" VPOS="668" WIDTH="46" HEIGHT="14" WC="0.93" CONTENT="som"/><SP WIDTH="15" VPOS="668" HPOS="840"/>
							<String ID="string_136" HPOS="855" VPOS="662" WIDTH="113" HEIGHT="20" WC="0.93" CONTENT="ständerna"/><SP WIDTH="15" VPOS="662" HPOS="968"/>
							<String ID="string_137" HPOS="983" VPOS="661" WIDTH="52" HEIGHT="27" WC="0.92" CONTENT="egde"/>
						</TextLine>
						<TextLine ID="line_18" HPOS="213" VPOS="690" WIDTH="823" HEIGHT="27">
							<String ID="string_138" HPOS="213" VPOS="696" WIDTH="76" HEIGHT="20" WC="0.93" CONTENT="genom"/><SP WIDTH="17" VPOS="696" HPOS="289"/>
							<String ID="string_139" HPOS="306" VPOS="690" WIDTH="115" HEIGHT="27" WC="0.92" CONTENT="bevillning"/><SP WIDTH="15" VPOS="690" HPOS="421"/>
							<String ID="string_140" HPOS="436" VPOS="690" WIDTH="176" HEIGHT="27" WC="0.92" CONTENT="sammanbringa,"/><SP WIDTH="12" VPOS="690" HPOS="612"/>
							<String ID="string_141" HPOS="624" VPOS="692" WIDTH="59" HEIGHT="19" WC="0.93" CONTENT="ännu"/><SP WIDTH="10" VPOS="692" HPOS="683"/>
							<String ID="string_142" HPOS="693" VPOS="690" WIDTH="46" HEIGHT="21" WC="0.92" CONTENT="icke"/><SP WIDTH="16" VPOS="690" HPOS="739"/>
							<String ID="string_143" HPOS="755" VPOS="690" WIDTH="22" HEIGHT="21" WC="0.93" CONTENT="af"/><SP WIDTH="15" VPOS="690" HPOS="777"/>
							<String ID="string_144" HPOS="792" VPOS="690" WIDTH="153" HEIGHT="21" WC="0.92" CONTENT="statsutskottet"/><SP WIDTH="10" VPOS="690" HPOS="945"/>
							<String ID="string_145" HPOS="955" VPOS="690" WIDTH="81" HEIGHT="20" WC="0.97" CONTENT="kunnat"/>
						</TextLine>
						<TextLine ID="line_19" HPOS="213" VPOS="718" WIDTH="823" HEIGHT="28">
							<String ID="string_146" HPOS="213" VPOS="718" WIDTH="130" HEIGHT="26" WC="0.93" CONTENT="värkställas,"/><SP WIDTH="9" VPOS="718" HPOS="343"/>
							<String ID="string_147" HPOS="352" VPOS="719" WIDTH="38" HEIGHT="20" WC="0.93" CONTENT="har"/><SP WIDTH="15" VPOS="719" HPOS="390"/>
							<String ID="string_148" HPOS="405" VPOS="718" WIDTH="229" HEIGHT="28" WC="0.92" CONTENT="bevillningsutskottet"/><SP WIDTH="14" VPOS="718" HPOS="634"/>
							<String ID="string_149" HPOS="648" VPOS="719" WIDTH="66" HEIGHT="21" WC="0.92" CONTENT="likväl"/><SP WIDTH="14" VPOS="719" HPOS="714"/>
							<String ID="string_150" HPOS="728" VPOS="721" WIDTH="70" HEIGHT="19" WC="0.93" CONTENT="ansett"/><SP WIDTH="10" VPOS="721" HPOS="798"/>
							<String ID="string_151" HPOS="808" VPOS="719" WIDTH="32" HEIGHT="27" WC="0.93" CONTENT="sig"/><SP WIDTH="11" VPOS="719" HPOS="840"/>
							<String ID="string_152" HPOS="851" VPOS="719" WIDTH="144" HEIGHT="21" WC="0.93" CONTENT="oförhindradt"/><SP WIDTH="12" VPOS="719" HPOS="995"/>
							<String ID="string_153" HPOS="1007" VPOS="720" WIDTH="29" HEIGHT="19" WC="0.97" CONTENT="att"/>
						</TextLine>
						<TextLine ID="line_20" HPOS="213" VPOS="747" WIDTH="823" HEIGHT="28">
							<String ID="string_154" HPOS="213" VPOS="749" WIDTH="92" HEIGHT="25" WC="0.92" CONTENT="upptaga"/><SP WIDTH="22" VPOS="749" HPOS="305"/>
							<String ID="string_155" HPOS="327" VPOS="747" WIDTH="56" HEIGHT="21" WC="0.92" CONTENT="detta"/><SP WIDTH="23" VPOS="747" HPOS="383"/>
							<String ID="string_156" HPOS="406" VPOS="748" WIDTH="77" HEIGHT="20" WC="0.92" CONTENT="ärende"/><SP WIDTH="23" VPOS="748" HPOS="483"/>
							<String ID="string_157" HPOS="506" VPOS="748" WIDTH="31" HEIGHT="20" WC="0.96" CONTENT="till"/><SP WIDTH="20" VPOS="748" HPOS="537"/>
							<String ID="string_158" HPOS="557" VPOS="748" WIDTH="129" HEIGHT="27" WC="0.96" CONTENT="behandling"/><SP WIDTH="17" VPOS="748" HPOS="686"/>
							<String ID="string_159" HPOS="703" VPOS="748" WIDTH="67" HEIGHT="20" WC="0.96" CONTENT="under"/><SP WIDTH="16" VPOS="748" HPOS="770"/>
							<String ID="string_160" HPOS="786" VPOS="748" WIDTH="41" HEIGHT="20" WC="0.93" CONTENT="den"/><SP WIDTH="16" VPOS="748" HPOS="827"/>
							<String ID="string_161" HPOS="843" VPOS="748" WIDTH="149" HEIGHT="27" WC="0.91" CONTENT="förutsättning"/><SP WIDTH="15" VPOS="748" HPOS="992"/>
							<String ID="string_162" HPOS="1007" VPOS="749" WIDTH="29" HEIGHT="19" WC="0.96" CONTENT="att"/>
						</TextLine>
						<TextLine ID="line_21" HPOS="213" VPOS="775" WIDTH="823" HEIGHT="29">
							<String ID="string_163" HPOS="213" VPOS="775" WIDTH="36" HEIGHT="21" WC="0.91" CONTENT="det"/><SP WIDTH="23" VPOS="775" HPOS="249"/>
							<String ID="string_164" HPOS="272" VPOS="775" WIDTH="79" HEIGHT="28" WC="0.94" CONTENT="bidrag,"/><SP WIDTH="21" VPOS="775" HPOS="351"/>
							<String ID="string_165" HPOS="372" VPOS="782" WIDTH="44" HEIGHT="14" WC="0.96" CONTENT="som"/><SP WIDTH="23" VPOS="782" HPOS="416"/>
							<String ID="string_166" HPOS="439" VPOS="782" WIDTH="77" HEIGHT="20" WC="0.93" CONTENT="genom"/><SP WIDTH="16" VPOS="782" HPOS="516"/>
							<String ID="string_167" HPOS="532" VPOS="776" WIDTH="117" HEIGHT="26" WC="0.90" CONTENT="bevillning"/><SP WIDTH="20" VPOS="776" HPOS="649"/>
							<String ID="string_168" HPOS="669" VPOS="776" WIDTH="21" HEIGHT="21" WC="0.93" CONTENT="af"/><SP WIDTH="16" VPOS="776" HPOS="690"/>
							<String ID="string_169" HPOS="706" VPOS="776" WIDTH="92" HEIGHT="28" WC="0.96" CONTENT="spelkort"/><SP WIDTH="16" VPOS="776" HPOS="798"/>
							<String ID="string_170" HPOS="814" VPOS="776" WIDTH="41" HEIGHT="20" WC="0.93" CONTENT="kan"/><SP WIDTH="17" VPOS="776" HPOS="855"/>
							<String ID="string_171" HPOS="872" VPOS="776" WIDTH="95" HEIGHT="27" WC="0.69" CONTENT="erhällas,"/><SP WIDTH="15" VPOS="776" HPOS="967"/>
							<String ID="string_172" HPOS="982" VPOS="776" WIDTH="54" HEIGHT="20" WC="0.96" CONTENT="skall"/>
						</TextLine>
						<TextLine ID="line_22" HPOS="215" VPOS="803" WIDTH="821" HEIGHT="29">
							<String ID="string_173" HPOS="215" VPOS="803" WIDTH="96" HEIGHT="21" WC="0.93" CONTENT="befinnas"/><SP WIDTH="20" VPOS="803" HPOS="311"/>
							<String ID="string_174" HPOS="331" VPOS="804" WIDTH="118" HEIGHT="28" WC="0.50" CONTENT="behöfligt»."/><SP WIDTH="30" VPOS="804" HPOS="449"/>
							<String ID="string_175" HPOS="479" VPOS="804" WIDTH="42" HEIGHT="22" WC="0.95" CONTENT="Det"/><SP WIDTH="18" VPOS="804" HPOS="521"/>
							<String ID="string_176" HPOS="539" VPOS="807" WIDTH="23" HEIGHT="19" WC="0.93" CONTENT="är"/><SP WIDTH="15" VPOS="807" HPOS="562"/>
							<String ID="string_177" HPOS="577" VPOS="805" WIDTH="83" HEIGHT="21" WC="0.96" CONTENT="således"/><SP WIDTH="15" VPOS="805" HPOS="660"/>
							<String ID="string_178" HPOS="675" VPOS="807" WIDTH="58" HEIGHT="19" WC="0.93" CONTENT="ännu"/><SP WIDTH="15" VPOS="807" HPOS="733"/>
							<String ID="string_179" HPOS="748" VPOS="805" WIDTH="48" HEIGHT="21" WC="0.93" CONTENT="icke"/><SP WIDTH="15" VPOS="805" HPOS="796"/>
							<String ID="string_180" HPOS="811" VPOS="804" WIDTH="96" HEIGHT="22" WC="0.92" CONTENT="bevisadt"/><SP WIDTH="15" VPOS="804" HPOS="907"/>
							<String ID="string_181" HPOS="922" VPOS="807" WIDTH="30" HEIGHT="18" WC="0.96" CONTENT="att"/><SP WIDTH="15" VPOS="807" HPOS="952"/>
							<String ID="string_182" HPOS="967" VPOS="804" WIDTH="69" HEIGHT="21" WC="0.96" CONTENT="denna"/>
						</TextLine>
						<TextLine ID="line_23" HPOS="213" VPOS="832" WIDTH="823" HEIGHT="28">
							<String ID="string_183" HPOS="213" VPOS="832" WIDTH="56" HEIGHT="21" WC="0.93" CONTENT="skatt"/><SP WIDTH="14" VPOS="832" HPOS="269"/>
							<String ID="string_184" HPOS="283" VPOS="834" WIDTH="24" HEIGHT="19" WC="0.93" CONTENT="är"/><SP WIDTH="15" VPOS="834" HPOS="307"/>
							<String ID="string_185" HPOS="322" VPOS="832" WIDTH="96" HEIGHT="28" WC="0.93" CONTENT="behöflig,"/><SP WIDTH="15" VPOS="832" HPOS="418"/>
							<String ID="string_186" HPOS="433" VPOS="835" WIDTH="27" HEIGHT="19" WC="0.96" CONTENT="än"/><SP WIDTH="15" VPOS="835" HPOS="460"/>
							<String ID="string_187" HPOS="475" VPOS="833" WIDTH="82" HEIGHT="21" WC="0.96" CONTENT="mindre"/><SP WIDTH="15" VPOS="833" HPOS="557"/>
							<String ID="string_188" HPOS="572" VPOS="836" WIDTH="30" HEIGHT="18" WC="0.96" CONTENT="att"/><SP WIDTH="16" VPOS="836" HPOS="602"/>
							<String ID="string_189" HPOS="618" VPOS="833" WIDTH="41" HEIGHT="21" WC="0.93" CONTENT="den"/><SP WIDTH="16" VPOS="833" HPOS="659"/>
							<String ID="string_190" HPOS="675" VPOS="834" WIDTH="90" HEIGHT="20" WC="0.92" CONTENT="behöfde"/><SP WIDTH="16" VPOS="834" HPOS="765"/>
							<String ID="string_191" HPOS="781" VPOS="833" WIDTH="51" HEIGHT="21" WC="0.92" CONTENT="ökas"/><SP WIDTH="12" VPOS="833" HPOS="832"/>
							<String ID="string_192" HPOS="844" VPOS="833" WIDTH="83" HEIGHT="21" WC="0.93" CONTENT="utöfver"/><SP WIDTH="12" VPOS="833" HPOS="927"/>
							<String ID="string_193" HPOS="939" VPOS="833" WIDTH="47" HEIGHT="21" WC="0.93" CONTENT="dess"/><SP WIDTH="12" VPOS="833" HPOS="986"/>
							<String ID="string_194" HPOS="998" VPOS="839" WIDTH="38" HEIGHT="14" WC="0.92" CONTENT="nu-"/>
						</TextLine>
						<TextLine ID="line_24" HPOS="213" VPOS="861" WIDTH="824" HEIGHT="28">
							<String ID="string_195" HPOS="213" VPOS="861" WIDTH="92" HEIGHT="21" WC="0.95" CONTENT="varande"/><SP WIDTH="23" VPOS="861" HPOS="305"/>
							<String ID="string_196" HPOS="328" VPOS="861" WIDTH="80" HEIGHT="28" WC="0.93" CONTENT="belopp."/><SP WIDTH="31" VPOS="861" HPOS="408"/>
							<String ID="string_197" HPOS="439" VPOS="861" WIDTH="41" HEIGHT="22" WC="0.93" CONTENT="Det"/><SP WIDTH="22" VPOS="861" HPOS="480"/>
							<String ID="string_198" HPOS="502" VPOS="862" WIDTH="106" HEIGHT="27" WC="0.93" CONTENT="antagliga"/><SP WIDTH="21" VPOS="862" HPOS="608"/>
							<String ID="string_199" HPOS="629" VPOS="864" WIDTH="23" HEIGHT="18" WC="0.93" CONTENT="är"/><SP WIDTH="18" VPOS="864" HPOS="652"/>
							<String ID="string_200" HPOS="670" VPOS="862" WIDTH="82" HEIGHT="21" WC="0.96" CONTENT="således"/><SP WIDTH="16" VPOS="862" HPOS="752"/>
							<String ID="string_201" HPOS="768" VPOS="864" WIDTH="30" HEIGHT="18" WC="0.96" CONTENT="att"/><SP WIDTH="16" VPOS="864" HPOS="798"/>
							<String ID="string_202" HPOS="814" VPOS="862" WIDTH="35" HEIGHT="20" WC="0.93" CONTENT="det"/><SP WIDTH="16" VPOS="862" HPOS="849"/>
							<String ID="string_203" HPOS="865" VPOS="862" WIDTH="134" HEIGHT="20" WC="0.96" CONTENT="uteslutande"/><SP WIDTH="15" VPOS="862" HPOS="999"/>
							<String ID="string_204" HPOS="1014" VPOS="863" WIDTH="23" HEIGHT="19" WC="0.97" CONTENT="är"/>
						</TextLine>
						<TextLine ID="line_25" HPOS="213" VPOS="890" WIDTH="824" HEIGHT="27">
							<String ID="string_205" HPOS="213" VPOS="890" WIDTH="255" HEIGHT="27" WC="0.92" CONTENT="sedlighetssynpunkten,"/><SP WIDTH="15" VPOS="890" HPOS="468"/>
							<String ID="string_206" HPOS="483" VPOS="897" WIDTH="46" HEIGHT="14" WC="0.93" CONTENT="som"/><SP WIDTH="15" VPOS="897" HPOS="529"/>
							<String ID="string_207" HPOS="544" VPOS="890" WIDTH="106" HEIGHT="22" WC="0.93" CONTENT="föranledt"/><SP WIDTH="15" VPOS="890" HPOS="650"/>
							<String ID="string_208" HPOS="665" VPOS="891" WIDTH="100" HEIGHT="21" WC="0.93" CONTENT="utskottet"/><SP WIDTH="15" VPOS="891" HPOS="765"/>
							<String ID="string_209" HPOS="780" VPOS="892" WIDTH="31" HEIGHT="19" WC="0.93" CONTENT="att"/><SP WIDTH="15" VPOS="892" HPOS="811"/>
							<String ID="string_210" HPOS="826" VPOS="890" WIDTH="76" HEIGHT="21" WC="0.92" CONTENT="föreslä"/><SP WIDTH="16" VPOS="890" HPOS="902"/>
							<String ID="string_211" HPOS="918" VPOS="896" WIDTH="28" HEIGHT="14" WC="0.93" CONTENT="nu"/><SP WIDTH="15" VPOS="896" HPOS="946"/>
							<String ID="string_212" HPOS="961" VPOS="890" WIDTH="76" HEIGHT="27" WC="0.92" CONTENT="ifräga-"/>
						</TextLine>
						<TextLine ID="line_26" HPOS="213" VPOS="918" WIDTH="823" HEIGHT="28">
							<String ID="string_213" HPOS="213" VPOS="918" WIDTH="92" HEIGHT="21" WC="0.91" CONTENT="varande"/><SP WIDTH="23" VPOS="918" HPOS="305"/>
							<String ID="string_214" HPOS="328" VPOS="918" WIDTH="125" HEIGHT="28" WC="0.89" CONTENT="förhöjning."/><SP WIDTH="30" VPOS="918" HPOS="453"/>
							<String ID="string_215" HPOS="483" VPOS="918" WIDTH="40" HEIGHT="22" WC="0.96" CONTENT="Om"/><SP WIDTH="19" VPOS="918" HPOS="523"/>
							<String ID="string_216" HPOS="542" VPOS="920" WIDTH="21" HEIGHT="20" WC="0.96" CONTENT="vi"/><SP WIDTH="15" VPOS="920" HPOS="563"/>
							<String ID="string_217" HPOS="578" VPOS="926" WIDTH="30" HEIGHT="14" WC="0.93" CONTENT="nu"/><SP WIDTH="16" VPOS="926" HPOS="608"/>
							<String ID="string_218" HPOS="624" VPOS="919" WIDTH="96" HEIGHT="21" WC="0.92" CONTENT="betrakta"/><SP WIDTH="21" VPOS="919" HPOS="720"/>
							<String ID="string_219" HPOS="741" VPOS="919" WIDTH="75" HEIGHT="27" WC="0.92" CONTENT="frägan"/><SP WIDTH="16" VPOS="919" HPOS="816"/>
							<String ID="string_220" HPOS="832" VPOS="926" WIDTH="26" HEIGHT="13" WC="0.93" CONTENT="ur"/><SP WIDTH="16" VPOS="926" HPOS="858"/>
							<String ID="string_221" HPOS="874" VPOS="919" WIDTH="162" HEIGHT="27" WC="0.92" CONTENT="sedlighetssyn-"/>
						</TextLine>
						<TextLine ID="line_27" HPOS="213" VPOS="946" WIDTH="824" HEIGHT="28">
							<String ID="string_222" HPOS="213" VPOS="946" WIDTH="74" HEIGHT="28" WC="0.92" CONTENT="punkt,"/><SP WIDTH="22" VPOS="946" HPOS="287"/>
							<String ID="string_223" HPOS="309" VPOS="946" WIDTH="23" HEIGHT="21" WC="0.96" CONTENT="sä"/><SP WIDTH="19" VPOS="946" HPOS="332"/>
							<String ID="string_224" HPOS="351" VPOS="948" WIDTH="59" HEIGHT="20" WC="0.93" CONTENT="torde"/><SP WIDTH="16" VPOS="948" HPOS="410"/>
							<String ID="string_225" HPOS="426" VPOS="948" WIDTH="85" HEIGHT="25" WC="0.92" CONTENT="enhvar,"/><SP WIDTH="14" VPOS="948" HPOS="511"/>
							<String ID="string_226" HPOS="525" VPOS="954" WIDTH="46" HEIGHT="14" WC="0.96" CONTENT="som"/><SP WIDTH="16" VPOS="954" HPOS="571"/>
							<String ID="string_227" HPOS="587" VPOS="948" WIDTH="54" HEIGHT="20" WC="0.96" CONTENT="varit"/><SP WIDTH="15" VPOS="948" HPOS="641"/>
							<String ID="string_228" HPOS="656" VPOS="948" WIDTH="6" HEIGHT="20" WC="0.93" CONTENT="i"/><SP WIDTH="16" VPOS="948" HPOS="662"/>
							<String ID="string_229" HPOS="678" VPOS="948" WIDTH="82" HEIGHT="20" WC="0.91" CONTENT="tillfälle"/><SP WIDTH="16" VPOS="948" HPOS="760"/>
							<String ID="string_230" HPOS="776" VPOS="950" WIDTH="30" HEIGHT="18" WC="0.93" CONTENT="att"/><SP WIDTH="15" VPOS="950" HPOS="806"/>
							<String ID="string_231" HPOS="821" VPOS="948" WIDTH="51" HEIGHT="26" WC="0.91" CONTENT="följa"/><SP WIDTH="15" VPOS="948" HPOS="872"/>
							<String ID="string_232" HPOS="887" VPOS="948" WIDTH="48" HEIGHT="20" WC="0.93" CONTENT="med"/><SP WIDTH="16" VPOS="948" HPOS="935"/>
							<String ID="string_233" HPOS="951" VPOS="947" WIDTH="86" HEIGHT="21" WC="0.91" CONTENT="utveck-"/>
						</TextLine>
						<TextLine ID="line_28" HPOS="212" VPOS="975" WIDTH="825" HEIGHT="28">
							<String ID="string_234" HPOS="212" VPOS="975" WIDTH="72" HEIGHT="27" WC="0.92" CONTENT="lingen"/><SP WIDTH="16" VPOS="975" HPOS="284"/>
							<String ID="string_235" HPOS="300" VPOS="976" WIDTH="68" HEIGHT="20" WC="0.96" CONTENT="under"/><SP WIDTH="14" VPOS="976" HPOS="368"/>
							<String ID="string_236" HPOS="382" VPOS="975" WIDTH="27" HEIGHT="21" WC="0.93" CONTENT="de"/><SP WIDTH="15" VPOS="975" HPOS="409"/>
							<String ID="string_237" HPOS="424" VPOS="978" WIDTH="83" HEIGHT="19" WC="0.93" CONTENT="senaste"/><SP WIDTH="15" VPOS="978" HPOS="507"/>
							<String ID="string_238" HPOS="522" VPOS="976" WIDTH="66" HEIGHT="27" WC="0.92" CONTENT="tjugu,"/><SP WIDTH="16" VPOS="976" HPOS="588"/>
							<String ID="string_239" HPOS="604" VPOS="976" WIDTH="70" HEIGHT="21" WC="0.91" CONTENT="trettio"/><SP WIDTH="16" VPOS="976" HPOS="674"/>
							<String ID="string_240" HPOS="690" VPOS="976" WIDTH="56" HEIGHT="26" WC="0.93" CONTENT="ären,"/><SP WIDTH="17" VPOS="976" HPOS="746"/>
							<String ID="string_241" HPOS="763" VPOS="976" WIDTH="51" HEIGHT="20" WC="0.92" CONTENT="böra"/><SP WIDTH="16" VPOS="976" HPOS="814"/>
							<String ID="string_242" HPOS="830" VPOS="976" WIDTH="106" HEIGHT="27" WC="0.92" CONTENT="medgifva"/><SP WIDTH="15" VPOS="976" HPOS="936"/>
							<String ID="string_243" HPOS="951" VPOS="978" WIDTH="30" HEIGHT="18" WC="0.93" CONTENT="att"/><SP WIDTH="14" VPOS="978" HPOS="981"/>
							<String ID="string_244" HPOS="995" VPOS="975" WIDTH="42" HEIGHT="21" WC="0.93" CONTENT="för-"/>
						</TextLine>
						<TextLine ID="line_29" HPOS="213" VPOS="1003" WIDTH="825" HEIGHT="29">
							<String ID="string_245" HPOS="213" VPOS="1003" WIDTH="128" HEIGHT="21" WC="0.93" CONTENT="hällandena"/><SP WIDTH="14" VPOS="1003" HPOS="341"/>
							<String ID="string_246" HPOS="355" VPOS="1004" WIDTH="8" HEIGHT="20" WC="0.96" CONTENT="i"/><SP WIDTH="15" VPOS="1004" HPOS="363"/>
							<String ID="string_247" HPOS="378" VPOS="1004" WIDTH="56" HEIGHT="21" WC="0.93" CONTENT="detta"/><SP WIDTH="23" VPOS="1004" HPOS="434"/>
							<String ID="string_248" HPOS="457" VPOS="1005" WIDTH="99" HEIGHT="21" WC="0.96" CONTENT="afseende"/><SP WIDTH="23" VPOS="1005" HPOS="556"/>
							<String ID="string_249" HPOS="579" VPOS="1005" WIDTH="105" HEIGHT="27" WC="0.91" CONTENT="betydligt"/><SP WIDTH="29" VPOS="1005" HPOS="684"/>
							<String ID="string_250" HPOS="713" VPOS="1005" WIDTH="115" HEIGHT="21" WC="0.86" CONTENT="föbättrats."/><SP WIDTH="37" VPOS="1005" HPOS="828"/>
							<String ID="string_251" HPOS="865" VPOS="1004" WIDTH="50" HEIGHT="21" WC="0.93" CONTENT="Man"/><SP WIDTH="22" VPOS="1004" HPOS="915"/>
							<String ID="string_252" HPOS="937" VPOS="1004" WIDTH="101" HEIGHT="21" WC="0.90" CONTENT="behöfver"/>
						</TextLine>
						<TextLine ID="line_30" HPOS="213" VPOS="1032" WIDTH="823" HEIGHT="28">
							<String ID="string_253" HPOS="213" VPOS="1032" WIDTH="54" HEIGHT="22" WC="0.91" CONTENT="blott"/><SP WIDTH="21" VPOS="1032" HPOS="267"/>
							<String ID="string_254" HPOS="288" VPOS="1032" WIDTH="63" HEIGHT="21" WC="0.96" CONTENT="tänka"/><SP WIDTH="23" VPOS="1032" HPOS="351"/>
							<String ID="string_255" HPOS="374" VPOS="1033" WIDTH="31" HEIGHT="27" WC="0.96" CONTENT="sig"/><SP WIDTH="23" VPOS="1033" HPOS="405"/>
							<String ID="string_256" HPOS="428" VPOS="1033" WIDTH="53" HEIGHT="21" WC="0.93" CONTENT="huru"/><SP WIDTH="22" VPOS="1033" HPOS="481"/>
							<String ID="string_257" HPOS="503" VPOS="1033" WIDTH="112" HEIGHT="27" WC="0.91" CONTENT="sällskaps-"/><SP WIDTH="16" VPOS="1033" HPOS="615"/>
							<String ID="string_258" HPOS="631" VPOS="1034" WIDTH="39" HEIGHT="20" WC="0.93" CONTENT="och"/><SP WIDTH="16" VPOS="1034" HPOS="670"/>
							<String ID="string_259" HPOS="686" VPOS="1033" WIDTH="142" HEIGHT="27" WC="0.92" CONTENT="familjelifvet"/><SP WIDTH="14" VPOS="1033" HPOS="828"/>
							<String ID="string_260" HPOS="842" VPOS="1033" WIDTH="8" HEIGHT="20" WC="0.96" CONTENT="i"/><SP WIDTH="15" VPOS="1033" HPOS="850"/>
							<String ID="string_261" HPOS="865" VPOS="1033" WIDTH="57" HEIGHT="21" WC="0.93" CONTENT="detta"/><SP WIDTH="15" VPOS="1033" HPOS="922"/>
							<String ID="string_262" HPOS="937" VPOS="1032" WIDTH="99" HEIGHT="21" WC="0.92" CONTENT="afseende"/>
						</TextLine>
						<TextLine ID="line_31" HPOS="213" VPOS="1060" WIDTH="823" HEIGHT="28">
							<String ID="string_263" HPOS="213" VPOS="1060" WIDTH="88" HEIGHT="27" WC="0.92" CONTENT="tidigare"/><SP WIDTH="23" VPOS="1060" HPOS="301"/>
							<String ID="string_264" HPOS="324" VPOS="1061" WIDTH="115" HEIGHT="27" WC="0.96" CONTENT="gestaltade"/><SP WIDTH="23" VPOS="1061" HPOS="439"/>
							<String ID="string_265" HPOS="462" VPOS="1062" WIDTH="37" HEIGHT="26" WC="0.92" CONTENT="sig."/><SP WIDTH="30" VPOS="1062" HPOS="499"/>
							<String ID="string_266" HPOS="529" VPOS="1062" WIDTH="79" HEIGHT="21" WC="0.96" CONTENT="Korten"/><SP WIDTH="24" VPOS="1062" HPOS="608"/>
							<String ID="string_267" HPOS="632" VPOS="1062" WIDTH="68" HEIGHT="20" WC="0.96" CONTENT="skulle"/><SP WIDTH="23" VPOS="1062" HPOS="700"/>
							<String ID="string_268" HPOS="723" VPOS="1062" WIDTH="60" HEIGHT="20" WC="0.95" CONTENT="alltid"/><SP WIDTH="16" VPOS="1062" HPOS="783"/>
							<String ID="string_269" HPOS="799" VPOS="1068" WIDTH="50" HEIGHT="14" WC="0.93" CONTENT="vara"/><SP WIDTH="14" VPOS="1068" HPOS="849"/>
							<String ID="string_270" HPOS="863" VPOS="1062" WIDTH="94" HEIGHT="20" WC="0.96" CONTENT="framme."/><SP WIDTH="30" VPOS="1062" HPOS="957"/>
							<String ID="string_271" HPOS="987" VPOS="1061" WIDTH="49" HEIGHT="21" WC="0.96" CONTENT="Man"/>
						</TextLine>
						<TextLine ID="line_32" HPOS="214" VPOS="1089" WIDTH="822" HEIGHT="28">
							<String ID="string_272" HPOS="214" VPOS="1089" WIDTH="85" HEIGHT="27" WC="0.92" CONTENT="började"/><SP WIDTH="21" VPOS="1089" HPOS="299"/>
							<String ID="string_273" HPOS="320" VPOS="1090" WIDTH="48" HEIGHT="20" WC="0.93" CONTENT="med"/><SP WIDTH="17" VPOS="1090" HPOS="368"/>
							<String ID="string_274" HPOS="385" VPOS="1090" WIDTH="112" HEIGHT="27" WC="0.92" CONTENT="whistspel,"/><SP WIDTH="20" VPOS="1090" HPOS="497"/>
							<String ID="string_275" HPOS="517" VPOS="1096" WIDTH="47" HEIGHT="15" WC="0.93" CONTENT="men"/><SP WIDTH="16" VPOS="1096" HPOS="564"/>
							<String ID="string_276" HPOS="580" VPOS="1093" WIDTH="60" HEIGHT="19" WC="0.92" CONTENT="strax"/><SP WIDTH="15" VPOS="1093" HPOS="640"/>
							<String ID="string_277" HPOS="655" VPOS="1090" WIDTH="54" HEIGHT="21" WC="0.93" CONTENT="efter"/><SP WIDTH="14" VPOS="1090" HPOS="709"/>
							<String ID="string_278" HPOS="723" VPOS="1090" WIDTH="149" HEIGHT="21" WC="0.92" CONTENT="kvällsvarden"/><SP WIDTH="17" VPOS="1090" HPOS="872"/>
							<String ID="string_279" HPOS="889" VPOS="1090" WIDTH="96" HEIGHT="27" WC="0.92" CONTENT="börjades"/><SP WIDTH="15" VPOS="1090" HPOS="985"/>
							<String ID="string_280" HPOS="1000" VPOS="1090" WIDTH="36" HEIGHT="20" WC="0.92" CONTENT="ha-"/>
						</TextLine>
						<TextLine ID="line_33" HPOS="212" VPOS="1118" WIDTH="826" HEIGHT="28">
							<String ID="string_281" HPOS="212" VPOS="1118" WIDTH="123" HEIGHT="27" WC="0.93" CONTENT="sardspelet,"/><SP WIDTH="14" VPOS="1118" HPOS="335"/>
							<String ID="string_282" HPOS="349" VPOS="1118" WIDTH="39" HEIGHT="21" WC="0.96" CONTENT="och"/><SP WIDTH="16" VPOS="1118" HPOS="388"/>
							<String ID="string_283" HPOS="404" VPOS="1118" WIDTH="48" HEIGHT="22" WC="0.92" CONTENT="ville"/><SP WIDTH="16" VPOS="1118" HPOS="452"/>
							<String ID="string_284" HPOS="468" VPOS="1119" WIDTH="46" HEIGHT="21" WC="0.92" CONTENT="icke"/><SP WIDTH="16" VPOS="1119" HPOS="514"/>
							<String ID="string_285" HPOS="530" VPOS="1119" WIDTH="115" HEIGHT="21" WC="0.92" CONTENT="värdinnan"/><SP WIDTH="17" VPOS="1119" HPOS="645"/>
							<String ID="string_286" HPOS="662" VPOS="1119" WIDTH="66" HEIGHT="21" WC="0.92" CONTENT="tilläta"/><SP WIDTH="14" VPOS="1119" HPOS="728"/>
							<String ID="string_287" HPOS="742" VPOS="1121" WIDTH="30" HEIGHT="19" WC="0.93" CONTENT="att"/><SP WIDTH="10" VPOS="1121" HPOS="772"/>
							<String ID="string_288" HPOS="782" VPOS="1119" WIDTH="68" HEIGHT="27" WC="0.93" CONTENT="spelet"/><SP WIDTH="10" VPOS="1119" HPOS="850"/>
							<String ID="string_289" HPOS="860" VPOS="1119" WIDTH="105" HEIGHT="21" WC="0.92" CONTENT="fortsattes"/><SP WIDTH="10" VPOS="1119" HPOS="965"/>
							<String ID="string_290" HPOS="975" VPOS="1118" WIDTH="63" HEIGHT="21" WC="0.90" CONTENT="altför"/>
						</TextLine>
						<TextLine ID="line_34" HPOS="212" VPOS="1146" WIDTH="825" HEIGHT="28">
							<String ID="string_291" HPOS="212" VPOS="1146" WIDTH="59" HEIGHT="27" WC="0.96" CONTENT="långt"/><SP WIDTH="21" VPOS="1146" HPOS="271"/>
							<String ID="string_292" HPOS="292" VPOS="1146" WIDTH="23" HEIGHT="21" WC="0.96" CONTENT="in"/><SP WIDTH="19" VPOS="1146" HPOS="315"/>
							<String ID="string_293" HPOS="334" VPOS="1147" WIDTH="27" HEIGHT="27" WC="0.93" CONTENT="pä"/><SP WIDTH="15" VPOS="1147" HPOS="361"/>
							<String ID="string_294" HPOS="376" VPOS="1149" WIDTH="77" HEIGHT="24" WC="0.96" CONTENT="natten,"/><SP WIDTH="15" VPOS="1149" HPOS="453"/>
							<String ID="string_295" HPOS="468" VPOS="1147" WIDTH="23" HEIGHT="21" WC="0.96" CONTENT="sä"/><SP WIDTH="15" VPOS="1147" HPOS="491"/>
							<String ID="string_296" HPOS="506" VPOS="1147" WIDTH="54" HEIGHT="21" WC="0.96" CONTENT="hade"/><SP WIDTH="16" VPOS="1147" HPOS="560"/>
							<String ID="string_297" HPOS="576" VPOS="1154" WIDTH="48" HEIGHT="14" WC="0.96" CONTENT="man"/><SP WIDTH="16" VPOS="1154" HPOS="624"/>
							<String ID="string_298" HPOS="640" VPOS="1148" WIDTH="23" HEIGHT="26" WC="0.92" CONTENT="ju"/><SP WIDTH="17" VPOS="1148" HPOS="663"/>
							<String ID="string_299" HPOS="680" VPOS="1148" WIDTH="131" HEIGHT="20" WC="0.92" CONTENT="värdshusen"/><SP WIDTH="15" VPOS="1148" HPOS="811"/>
							<String ID="string_300" HPOS="826" VPOS="1150" WIDTH="30" HEIGHT="18" WC="0.92" CONTENT="att"/><SP WIDTH="15" VPOS="1150" HPOS="856"/>
							<String ID="string_301" HPOS="871" VPOS="1147" WIDTH="59" HEIGHT="27" WC="0.96" CONTENT="tillgå"/><SP WIDTH="15" VPOS="1147" HPOS="930"/>
							<String ID="string_302" HPOS="945" VPOS="1147" WIDTH="39" HEIGHT="21" WC="0.96" CONTENT="och"/><SP WIDTH="15" VPOS="1147" HPOS="984"/>
							<String ID="string_303" HPOS="999" VPOS="1147" WIDTH="38" HEIGHT="21" WC="0.95" CONTENT="där"/>
						</TextLine>
						<TextLine ID="line_35" HPOS="213" VPOS="1174" WIDTH="823" HEIGHT="29">
							<String ID="string_304" HPOS="213" VPOS="1174" WIDTH="106" HEIGHT="22" WC="0.92" CONTENT="fortsattes"/><SP WIDTH="15" VPOS="1174" HPOS="319"/>
							<String ID="string_305" HPOS="334" VPOS="1176" WIDTH="66" HEIGHT="26" WC="0.96" CONTENT="spelet"/><SP WIDTH="15" VPOS="1176" HPOS="400"/>
							<String ID="string_306" HPOS="415" VPOS="1176" WIDTH="55" HEIGHT="20" WC="0.93" CONTENT="intill"/><SP WIDTH="15" VPOS="1176" HPOS="470"/>
							<String ID="string_307" HPOS="485" VPOS="1176" WIDTH="68" HEIGHT="27" WC="0.93" CONTENT="ljusan"/><SP WIDTH="17" VPOS="1176" HPOS="553"/>
							<String ID="string_308" HPOS="570" VPOS="1176" WIDTH="47" HEIGHT="27" WC="0.92" CONTENT="dag."/><SP WIDTH="31" VPOS="1176" HPOS="617"/>
							<String ID="string_309" HPOS="648" VPOS="1176" WIDTH="75" HEIGHT="27" WC="0.96" CONTENT="Många"/><SP WIDTH="10" VPOS="1176" HPOS="723"/>
							<String ID="string_310" HPOS="733" VPOS="1176" WIDTH="81" HEIGHT="27" WC="0.96" CONTENT="gånger"/><SP WIDTH="12" VPOS="1176" HPOS="814"/>
							<String ID="string_311" HPOS="826" VPOS="1176" WIDTH="71" HEIGHT="20" WC="0.95" CONTENT="kunde"/><SP WIDTH="13" VPOS="1176" HPOS="897"/>
							<String ID="string_312" HPOS="910" VPOS="1176" WIDTH="35" HEIGHT="20" WC="0.96" CONTENT="det"/><SP WIDTH="10" VPOS="1176" HPOS="945"/>
							<String ID="string_313" HPOS="955" VPOS="1176" WIDTH="31" HEIGHT="20" WC="0.96" CONTENT="till"/><SP WIDTH="11" VPOS="1176" HPOS="986"/>
							<String ID="string_314" HPOS="997" VPOS="1176" WIDTH="39" HEIGHT="20" WC="0.96" CONTENT="och"/>
						</TextLine>
						<TextLine ID="line_36" HPOS="213" VPOS="1203" WIDTH="823" HEIGHT="28">
							<String ID="string_315" HPOS="213" VPOS="1203" WIDTH="48" HEIGHT="21" WC="0.96" CONTENT="med"/><SP WIDTH="21" VPOS="1203" HPOS="261"/>
							<String ID="string_316" HPOS="282" VPOS="1204" WIDTH="83" HEIGHT="20" WC="0.96" CONTENT="inträffa"/><SP WIDTH="23" VPOS="1204" HPOS="365"/>
							<String ID="string_317" HPOS="388" VPOS="1206" WIDTH="30" HEIGHT="19" WC="0.96" CONTENT="att"/><SP WIDTH="20" VPOS="1206" HPOS="418"/>
							<String ID="string_318" HPOS="438" VPOS="1211" WIDTH="49" HEIGHT="14" WC="0.96" CONTENT="man"/><SP WIDTH="23" VPOS="1211" HPOS="487"/>
							<String ID="string_319" HPOS="510" VPOS="1204" WIDTH="53" HEIGHT="21" WC="0.95" CONTENT="efter"/><SP WIDTH="22" VPOS="1204" HPOS="563"/>
							<String ID="string_320" HPOS="585" VPOS="1205" WIDTH="86" HEIGHT="26" WC="0.96" CONTENT="intagen"/><SP WIDTH="16" VPOS="1205" HPOS="671"/>
							<String ID="string_321" HPOS="687" VPOS="1204" WIDTH="83" HEIGHT="21" WC="0.96" CONTENT="frukost"/><SP WIDTH="16" VPOS="1204" HPOS="770"/>
							<String ID="string_322" HPOS="786" VPOS="1206" WIDTH="58" HEIGHT="19" WC="0.96" CONTENT="ännu"/><SP WIDTH="16" VPOS="1206" HPOS="844"/>
							<String ID="string_323" HPOS="860" VPOS="1204" WIDTH="94" HEIGHT="21" WC="0.96" CONTENT="fortsatte"/><SP WIDTH="16" VPOS="1204" HPOS="954"/>
							<String ID="string_324" HPOS="970" VPOS="1204" WIDTH="66" HEIGHT="27" WC="0.96" CONTENT="spelet"/>
						</TextLine>
						<TextLine ID="line_37" HPOS="211" VPOS="1231" WIDTH="824" HEIGHT="29">
							<String ID="string_325" HPOS="211" VPOS="1231" WIDTH="50" HEIGHT="27" WC="0.96" CONTENT="inpå"/><SP WIDTH="16" VPOS="1231" HPOS="261"/>
							<String ID="string_326" HPOS="277" VPOS="1232" WIDTH="171" HEIGHT="28" WC="0.96" CONTENT="eftermiddagen."/><SP WIDTH="30" VPOS="1232" HPOS="448"/>
							<String ID="string_327" HPOS="478" VPOS="1232" WIDTH="57" HEIGHT="28" WC="0.96" CONTENT="Föga"/><SP WIDTH="15" VPOS="1232" HPOS="535"/>
							<String ID="string_328" HPOS="550" VPOS="1240" WIDTH="42" HEIGHT="20" WC="0.96" CONTENT="nog"/><SP WIDTH="15" VPOS="1240" HPOS="592"/>
							<String ID="string_329" HPOS="607" VPOS="1233" WIDTH="59" HEIGHT="21" WC="0.96" CONTENT="torde"/><SP WIDTH="16" VPOS="1233" HPOS="666"/>
							<String ID="string_330" HPOS="682" VPOS="1233" WIDTH="74" HEIGHT="21" WC="0.96" CONTENT="sådant"/><SP WIDTH="16" VPOS="1233" HPOS="756"/>
							<String ID="string_331" HPOS="772" VPOS="1239" WIDTH="58" HEIGHT="15" WC="0.96" CONTENT="mera"/><SP WIDTH="10" VPOS="1239" HPOS="830"/>
							<String ID="string_332" HPOS="840" VPOS="1232" WIDTH="137" HEIGHT="26" WC="0.96" CONTENT="förekomma,"/><SP WIDTH="10" VPOS="1232" HPOS="977"/>
							<String ID="string_333" HPOS="987" VPOS="1238" WIDTH="48" HEIGHT="15" WC="0.96" CONTENT="men"/>
						</TextLine>
						<TextLine ID="line_38" HPOS="211" VPOS="1260" WIDTH="825" HEIGHT="28">
							<String ID="string_334" HPOS="211" VPOS="1260" WIDTH="36" HEIGHT="27" WC="0.96" CONTENT="jag"/><SP WIDTH="22" VPOS="1260" HPOS="247"/>
							<String ID="string_335" HPOS="269" VPOS="1262" WIDTH="44" HEIGHT="19" WC="0.96" CONTENT="tror"/><SP WIDTH="18" VPOS="1262" HPOS="313"/>
							<String ID="string_336" HPOS="331" VPOS="1261" WIDTH="53" HEIGHT="21" WC="0.96" CONTENT="dock"/><SP WIDTH="15" VPOS="1261" HPOS="384"/>
							<String ID="string_337" HPOS="399" VPOS="1263" WIDTH="30" HEIGHT="19" WC="0.96" CONTENT="att"/><SP WIDTH="14" VPOS="1263" HPOS="429"/>
							<String ID="string_338" HPOS="443" VPOS="1261" WIDTH="51" HEIGHT="21" WC="0.96" CONTENT="flere"/><SP WIDTH="15" VPOS="1261" HPOS="494"/>
							<String ID="string_339" HPOS="509" VPOS="1261" WIDTH="20" HEIGHT="21" WC="0.96" CONTENT="af"/><SP WIDTH="15" VPOS="1261" HPOS="529"/>
							<String ID="string_340" HPOS="544" VPOS="1262" WIDTH="26" HEIGHT="20" WC="0.96" CONTENT="de"/><SP WIDTH="16" VPOS="1262" HPOS="570"/>
							<String ID="string_341" HPOS="586" VPOS="1262" WIDTH="132" HEIGHT="20" WC="0.96" CONTENT="närvarande"/><SP WIDTH="15" VPOS="1262" HPOS="718"/>
							<String ID="string_342" HPOS="733" VPOS="1262" WIDTH="73" HEIGHT="20" WC="0.96" CONTENT="kunna"/><SP WIDTH="15" VPOS="1262" HPOS="806"/>
							<String ID="string_343" HPOS="821" VPOS="1262" WIDTH="74" HEIGHT="26" WC="0.96" CONTENT="intyga"/><SP WIDTH="15" VPOS="1262" HPOS="895"/>
							<String ID="string_344" HPOS="910" VPOS="1261" WIDTH="126" HEIGHT="27" WC="0.96" CONTENT="riktigheten"/>
						</TextLine>
						<TextLine ID="line_39" HPOS="212" VPOS="1288" WIDTH="824" HEIGHT="23">
							<String ID="string_345" HPOS="212" VPOS="1288" WIDTH="21" HEIGHT="21" WC="0.96" CONTENT="af"/><SP WIDTH="16" VPOS="1288" HPOS="233"/>
							<String ID="string_346" HPOS="249" VPOS="1288" WIDTH="35" HEIGHT="22" WC="0.95" CONTENT="det"/><SP WIDTH="15" VPOS="1288" HPOS="284"/>
							<String ID="string_347" HPOS="299" VPOS="1289" WIDTH="93" HEIGHT="21" WC="0.96" CONTENT="anförda."/><SP WIDTH="29" VPOS="1289" HPOS="392"/>
							<String ID="string_348" HPOS="421" VPOS="1290" WIDTH="35" HEIGHT="20" WC="0.96" CONTENT="Nu"/><SP WIDTH="16" VPOS="1290" HPOS="456"/>
							<String ID="string_349" HPOS="472" VPOS="1290" WIDTH="41" HEIGHT="20" WC="0.95" CONTENT="kan"/><SP WIDTH="16" VPOS="1290" HPOS="513"/>
							<String ID="string_350" HPOS="529" VPOS="1290" WIDTH="74" HEIGHT="21" WC="0.96" CONTENT="sådant"/><SP WIDTH="14" VPOS="1290" HPOS="603"/>
							<String ID="string_351" HPOS="617" VPOS="1290" WIDTH="47" HEIGHT="21" WC="0.96" CONTENT="icke"/><SP WIDTH="16" VPOS="1290" HPOS="664"/>
							<String ID="string_352" HPOS="680" VPOS="1290" WIDTH="71" HEIGHT="21" WC="0.96" CONTENT="vidare"/><SP WIDTH="13" VPOS="1290" HPOS="751"/>
							<String ID="string_353" HPOS="764" VPOS="1290" WIDTH="84" HEIGHT="20" WC="0.96" CONTENT="inträffa"/><SP WIDTH="10" VPOS="1290" HPOS="848"/>
							<String ID="string_354" HPOS="858" VPOS="1292" WIDTH="65" HEIGHT="18" WC="0.96" CONTENT="annat"/><SP WIDTH="10" VPOS="1292" HPOS="923"/>
							<String ID="string_355" HPOS="933" VPOS="1291" WIDTH="26" HEIGHT="19" WC="0.96" CONTENT="än"/><SP WIDTH="14" VPOS="1291" HPOS="959"/>
							<String ID="string_356" HPOS="973" VPOS="1289" WIDTH="63" HEIGHT="21" WC="0.96" CONTENT="bland"/>
						</TextLine>
						<TextLine ID="line_40" HPOS="212" VPOS="1317" WIDTH="824" HEIGHT="29">
							<String ID="string_357" HPOS="212" VPOS="1317" WIDTH="119" HEIGHT="27" WC="0.95" CONTENT="ynglingar,"/><SP WIDTH="14" VPOS="1317" HPOS="331"/>
							<String ID="string_358" HPOS="345" VPOS="1324" WIDTH="45" HEIGHT="14" WC="0.96" CONTENT="som"/><SP WIDTH="16" VPOS="1324" HPOS="390"/>
							<String ID="string_359" HPOS="406" VPOS="1318" WIDTH="46" HEIGHT="21" WC="0.96" CONTENT="icke"/><SP WIDTH="16" VPOS="1318" HPOS="452"/>
							<String ID="string_360" HPOS="468" VPOS="1320" WIDTH="47" HEIGHT="19" WC="0.93" CONTENT="veta"/><SP WIDTH="16" VPOS="1320" HPOS="515"/>
							<String ID="string_361" HPOS="531" VPOS="1318" WIDTH="60" HEIGHT="21" WC="0.92" CONTENT="hvart"/><SP WIDTH="15" VPOS="1318" HPOS="591"/>
							<String ID="string_362" HPOS="606" VPOS="1318" WIDTH="26" HEIGHT="21" WC="0.96" CONTENT="de"/><SP WIDTH="15" VPOS="1318" HPOS="632"/>
							<String ID="string_363" HPOS="647" VPOS="1318" WIDTH="60" HEIGHT="21" WC="0.96" CONTENT="skola"/><SP WIDTH="15" VPOS="1318" HPOS="707"/>
							<String ID="string_364" HPOS="722" VPOS="1320" WIDTH="50" HEIGHT="26" WC="0.96" CONTENT="göra"/><SP WIDTH="17" VPOS="1320" HPOS="772"/>
							<String ID="string_365" HPOS="789" VPOS="1318" WIDTH="22" HEIGHT="21" WC="0.97" CONTENT="af"/><SP WIDTH="15" VPOS="1318" HPOS="811"/>
							<String ID="string_366" HPOS="826" VPOS="1318" WIDTH="48" HEIGHT="21" WC="0.96" CONTENT="med"/><SP WIDTH="16" VPOS="1318" HPOS="874"/>
							<String ID="string_367" HPOS="890" VPOS="1324" WIDTH="78" HEIGHT="21" WC="0.93" CONTENT="pappas"/><SP WIDTH="18" VPOS="1324" HPOS="968"/>
							<String ID="string_368" HPOS="986" VPOS="1318" WIDTH="50" HEIGHT="27" WC="0.92" CONTENT="hop-"/>
						</TextLine>
						<TextLine ID="line_41" HPOS="212" VPOS="1346" WIDTH="825" HEIGHT="28">
							<String ID="string_369" HPOS="212" VPOS="1346" WIDTH="103" HEIGHT="27" WC="0.96" CONTENT="skrapade"/><SP WIDTH="23" VPOS="1346" HPOS="315"/>
							<String ID="string_370" HPOS="338" VPOS="1346" WIDTH="75" HEIGHT="25" WC="0.95" CONTENT="medel,"/><SP WIDTH="15" VPOS="1346" HPOS="413"/>
							<String ID="string_371" HPOS="428" VPOS="1346" WIDTH="52" HEIGHT="22" WC="0.95" CONTENT="eller"/><SP WIDTH="15" VPOS="1346" HPOS="480"/>
							<String ID="string_372" HPOS="495" VPOS="1347" WIDTH="39" HEIGHT="21" WC="0.96" CONTENT="ock"/><SP WIDTH="20" VPOS="1347" HPOS="534"/>
							<String ID="string_373" HPOS="554" VPOS="1347" WIDTH="64" HEIGHT="21" WC="0.93" CONTENT="bland"/><SP WIDTH="16" VPOS="1347" HPOS="618"/>
							<String ID="string_374" HPOS="634" VPOS="1347" WIDTH="156" HEIGHT="27" WC="0.92" CONTENT="stockjunkare,"/><SP WIDTH="16" VPOS="1347" HPOS="790"/>
							<String ID="string_375" HPOS="806" VPOS="1346" WIDTH="77" HEIGHT="26" WC="0.96" CONTENT="hvilka,"/><SP WIDTH="16" VPOS="1346" HPOS="883"/>
							<String ID="string_376" HPOS="899" VPOS="1346" WIDTH="26" HEIGHT="21" WC="0.96" CONTENT="då"/><SP WIDTH="15" VPOS="1346" HPOS="925"/>
							<String ID="string_377" HPOS="940" VPOS="1346" WIDTH="26" HEIGHT="21" WC="0.96" CONTENT="de"/><SP WIDTH="15" VPOS="1346" HPOS="966"/>
							<String ID="string_378" HPOS="981" VPOS="1346" WIDTH="56" HEIGHT="27" WC="0.96" CONTENT="gjort"/>
						</TextLine>
						<TextLine ID="line_42" HPOS="211" VPOS="1374" WIDTH="825" HEIGHT="28">
							<String ID="string_379" HPOS="211" VPOS="1374" WIDTH="56" HEIGHT="26" WC="0.94" CONTENT="goda"/><SP WIDTH="21" VPOS="1374" HPOS="267"/>
							<String ID="string_380" HPOS="288" VPOS="1374" WIDTH="80" HEIGHT="26" WC="0.93" CONTENT="affärer,"/><SP WIDTH="22" VPOS="1374" HPOS="368"/>
							<String ID="string_381" HPOS="390" VPOS="1375" WIDTH="68" HEIGHT="26" WC="0.92" CONTENT="fröjda"/><SP WIDTH="15" VPOS="1375" HPOS="458"/>
							<String ID="string_382" HPOS="473" VPOS="1376" WIDTH="32" HEIGHT="26" WC="0.96" CONTENT="sig"/><SP WIDTH="16" VPOS="1376" HPOS="505"/>
							<String ID="string_383" HPOS="521" VPOS="1376" WIDTH="58" HEIGHT="20" WC="0.96" CONTENT="öfver"/><SP WIDTH="15" VPOS="1376" HPOS="579"/>
							<String ID="string_384" HPOS="594" VPOS="1376" WIDTH="109" HEIGHT="20" WC="0.96" CONTENT="desamma"/><SP WIDTH="15" VPOS="1376" HPOS="703"/>
							<String ID="string_385" HPOS="718" VPOS="1375" WIDTH="48" HEIGHT="21" WC="0.96" CONTENT="med"/><SP WIDTH="16" VPOS="1375" HPOS="766"/>
							<String ID="string_386" HPOS="782" VPOS="1375" WIDTH="46" HEIGHT="27" WC="0.95" CONTENT="spel"/><SP WIDTH="16" VPOS="1375" HPOS="828"/>
							<String ID="string_387" HPOS="844" VPOS="1376" WIDTH="40" HEIGHT="19" WC="0.96" CONTENT="och"/><SP WIDTH="16" VPOS="1376" HPOS="884"/>
							<String ID="string_388" HPOS="900" VPOS="1376" WIDTH="136" HEIGHT="26" WC="0.95" CONTENT="champagne."/>
						</TextLine>
						<TextLine ID="line_43" HPOS="211" VPOS="1401" WIDTH="825" HEIGHT="29">
							<String ID="string_389" HPOS="211" VPOS="1401" WIDTH="42" HEIGHT="28" WC="0.96" CONTENT="Jag"/><SP WIDTH="15" VPOS="1401" HPOS="253"/>
							<String ID="string_390" HPOS="268" VPOS="1405" WIDTH="43" HEIGHT="18" WC="0.96" CONTENT="tror"/><SP WIDTH="15" VPOS="1405" HPOS="311"/>
							<String ID="string_391" HPOS="326" VPOS="1403" WIDTH="82" HEIGHT="21" WC="0.96" CONTENT="således"/><SP WIDTH="15" VPOS="1403" HPOS="408"/>
							<String ID="string_392" HPOS="423" VPOS="1405" WIDTH="30" HEIGHT="19" WC="0.96" CONTENT="att"/><SP WIDTH="14" VPOS="1405" HPOS="453"/>
							<String ID="string_393" HPOS="467" VPOS="1403" WIDTH="82" HEIGHT="22" WC="0.96" CONTENT="tiderna"/><SP WIDTH="14" VPOS="1403" HPOS="549"/>
							<String ID="string_394" HPOS="563" VPOS="1403" WIDTH="7" HEIGHT="21" WC="0.96" CONTENT="i"/><SP WIDTH="16" VPOS="1403" HPOS="570"/>
							<String ID="string_395" HPOS="586" VPOS="1403" WIDTH="41" HEIGHT="21" WC="0.95" CONTENT="alla"/><SP WIDTH="15" VPOS="1403" HPOS="627"/>
							<String ID="string_396" HPOS="642" VPOS="1403" WIDTH="37" HEIGHT="22" WC="0.96" CONTENT="fall"/><SP WIDTH="16" VPOS="1403" HPOS="679"/>
							<String ID="string_397" HPOS="695" VPOS="1410" WIDTH="29" HEIGHT="14" WC="0.96" CONTENT="nu"/><SP WIDTH="14" VPOS="1410" HPOS="724"/>
							<String ID="string_398" HPOS="738" VPOS="1405" WIDTH="37" HEIGHT="19" WC="0.96" CONTENT="äro"/><SP WIDTH="16" VPOS="1405" HPOS="775"/>
							<String ID="string_399" HPOS="791" VPOS="1403" WIDTH="23" HEIGHT="21" WC="0.96" CONTENT="så"/><SP WIDTH="11" VPOS="1403" HPOS="814"/>
							<String ID="string_400" HPOS="825" VPOS="1403" WIDTH="132" HEIGHT="27" WC="0.96" CONTENT="förändrade,"/><SP WIDTH="13" VPOS="1403" HPOS="957"/>
							<String ID="string_401" HPOS="970" VPOS="1405" WIDTH="30" HEIGHT="18" WC="0.96" CONTENT="att"/><SP WIDTH="10" VPOS="1405" HPOS="1000"/>
							<String ID="string_402" HPOS="1010" VPOS="1409" WIDTH="26" HEIGHT="14" WC="0.96" CONTENT="en"/>
						</TextLine>
						<TextLine ID="line_44" HPOS="212" VPOS="1430" WIDTH="825" HEIGHT="29">
							<String ID="string_403" HPOS="212" VPOS="1430" WIDTH="121" HEIGHT="28" WC="0.95" CONTENT="förhöjning"/><SP WIDTH="25" VPOS="1430" HPOS="333"/>
							<String ID="string_404" HPOS="358" VPOS="1431" WIDTH="21" HEIGHT="21" WC="0.96" CONTENT="af"/><SP WIDTH="22" VPOS="1431" HPOS="379"/>
							<String ID="string_405" HPOS="401" VPOS="1438" WIDTH="29" HEIGHT="14" WC="0.94" CONTENT="nu"/><SP WIDTH="22" VPOS="1438" HPOS="430"/>
							<String ID="string_406" HPOS="452" VPOS="1432" WIDTH="160" HEIGHT="27" WC="0.94" CONTENT="ifrågavarande"/><SP WIDTH="24" VPOS="1432" HPOS="612"/>
							<String ID="string_407" HPOS="636" VPOS="1432" WIDTH="56" HEIGHT="21" WC="0.96" CONTENT="skatt"/><SP WIDTH="16" VPOS="1432" HPOS="692"/>
							<String ID="string_408" HPOS="708" VPOS="1432" WIDTH="46" HEIGHT="21" WC="0.96" CONTENT="icke"/><SP WIDTH="16" VPOS="1432" HPOS="754"/>
							<String ID="string_409" HPOS="770" VPOS="1438" WIDTH="27" HEIGHT="14" WC="0.93" CONTENT="ur"/><SP WIDTH="15" VPOS="1438" HPOS="797"/>
							<String ID="string_410" HPOS="812" VPOS="1431" WIDTH="225" HEIGHT="28" WC="0.91" CONTENT="sedlighetssynpunkt"/>
						</TextLine>
						<TextLine ID="line_45" HPOS="212" VPOS="1459" WIDTH="824" HEIGHT="28">
							<String ID="string_411" HPOS="212" VPOS="1465" WIDTH="46" HEIGHT="14" WC="0.96" CONTENT="mer"/><SP WIDTH="15" VPOS="1465" HPOS="258"/>
							<String ID="string_412" HPOS="273" VPOS="1459" WIDTH="66" HEIGHT="22" WC="0.96" CONTENT="måste"/><SP WIDTH="16" VPOS="1459" HPOS="339"/>
							<String ID="string_413" HPOS="355" VPOS="1466" WIDTH="61" HEIGHT="15" WC="0.96" CONTENT="anses"/><SP WIDTH="15" VPOS="1466" HPOS="416"/>
							<String ID="string_414" HPOS="431" VPOS="1460" WIDTH="104" HEIGHT="27" WC="0.96" CONTENT="påkallad."/><SP WIDTH="29" VPOS="1460" HPOS="535"/>
							<String ID="string_415" HPOS="564" VPOS="1461" WIDTH="35" HEIGHT="20" WC="0.96" CONTENT="Nu"/><SP WIDTH="15" VPOS="1461" HPOS="599"/>
							<String ID="string_416" HPOS="614" VPOS="1461" WIDTH="108" HEIGHT="20" WC="0.96" CONTENT="användas"/><SP WIDTH="8" VPOS="1461" HPOS="722"/>
							<String ID="string_417" HPOS="730" VPOS="1461" WIDTH="75" HEIGHT="20" WC="0.96" CONTENT="korten"/><SP WIDTH="10" VPOS="1461" HPOS="805"/>
							<String ID="string_418" HPOS="815" VPOS="1467" WIDTH="57" HEIGHT="14" WC="0.96" CONTENT="mera"/><SP WIDTH="11" VPOS="1467" HPOS="872"/>
							<String ID="string_419" HPOS="883" VPOS="1461" WIDTH="33" HEIGHT="20" WC="0.92" CONTENT="för"/><SP WIDTH="9" VPOS="1461" HPOS="916"/>
							<String ID="string_420" HPOS="925" VPOS="1460" WIDTH="111" HEIGHT="27" WC="0.92" CONTENT="sällskaps-"/>
						</TextLine>
						<TextLine ID="line_46" HPOS="212" VPOS="1487" WIDTH="824" HEIGHT="29">
							<String ID="string_421" HPOS="212" VPOS="1487" WIDTH="39" HEIGHT="21" WC="0.91" CONTENT="och"/><SP WIDTH="16" VPOS="1487" HPOS="251"/>
							<String ID="string_422" HPOS="267" VPOS="1488" WIDTH="145" HEIGHT="28" WC="0.91" CONTENT="familjenöjen"/><SP WIDTH="16" VPOS="1488" HPOS="412"/>
							<String ID="string_423" HPOS="428" VPOS="1489" WIDTH="39" HEIGHT="21" WC="0.96" CONTENT="och"/><SP WIDTH="15" VPOS="1489" HPOS="467"/>
							<String ID="string_424" HPOS="482" VPOS="1489" WIDTH="31" HEIGHT="21" WC="0.92" CONTENT="till"/><SP WIDTH="16" VPOS="1489" HPOS="513"/>
							<String ID="string_425" HPOS="529" VPOS="1489" WIDTH="131" HEIGHT="21" WC="0.91" CONTENT="förströelser"/><SP WIDTH="14" VPOS="1489" HPOS="660"/>
							<String ID="string_426" HPOS="674" VPOS="1489" WIDTH="33" HEIGHT="21" WC="0.96" CONTENT="för"/><SP WIDTH="15" VPOS="1489" HPOS="707"/>
							<String ID="string_427" HPOS="722" VPOS="1489" WIDTH="79" HEIGHT="21" WC="0.96" CONTENT="barnen"/><SP WIDTH="16" VPOS="1489" HPOS="801"/>
							<String ID="string_428" HPOS="817" VPOS="1489" WIDTH="56" HEIGHT="21" WC="0.96" CONTENT="och"/><SP WIDTH="-10" VPOS="1489" HPOS="873"/>
							<String ID="string_429" HPOS="863" VPOS="1483" WIDTH="15" HEIGHT="38" WC="0.96" CONTENT="i"/><SP WIDTH="9" VPOS="1483" HPOS="878"/>
							<String ID="string_430" HPOS="887" VPOS="1495" WIDTH="25" HEIGHT="15" WC="0.96" CONTENT="en"/><SP WIDTH="12" VPOS="1495" HPOS="912"/>
							<String ID="string_431" HPOS="924" VPOS="1489" WIDTH="65" HEIGHT="20" WC="0.93" CONTENT="sådan"/><SP WIDTH="11" VPOS="1489" HPOS="989"/>
							<String ID="string_432" HPOS="1000" VPOS="1495" WIDTH="36" HEIGHT="14" WC="0.89" CONTENT="an-"/>
						</TextLine>
					</TextBlock>
				</ComposedBlock>
			</PrintSpace>
		</Page>
	</Layout>
</alto>
