1086 1761
879 97 11 8 o

61 104 29 16 24
103 103 59 21 april.
335 104 167 16 Folkskolornas
514 103 117 17 underhäll.
878 107 13 11 O

133 172 24 21 hr
173 171 136 26 Sundvall,
325 178 46 15 som
387 172 91 27 yttrade:
511 171 112 22 Utskottet
639 172 38 21 har
693 172 125 26 visserligen
834 173 55 20 varit

62 201 108 24 frikostigt
186 207 49 20 nog,
251 201 27 20 dä
293 201 36 20 det
341 200 95 21 vidhällit
447 201 176 26 propositionens
633 201 82 26 förslag
724 202 32 19 att
766 201 123 20 biblioteks-

62 229 99 26 anslaget
181 229 65 21 måtte
268 229 59 26 höjas
342 229 46 20 från
405 229 77 25 17,000
499 229 58 21 mark
573 229 31 21 till
620 229 77 24 25,000
712 229 60 21 mark
788 235 34 15 om
838 229 51 21 året,

63 264 49 15 men
129 257 25 21 dä
171 257 105 22 utskottet
325 257 24 21 själft
364 257 97 22 förordat
477 260 31 19 ett
524 258 109 21 uttalande
649 258 79 25 därom,
744 259 31 19 att
791 257 98 27 samtliga

64 286 101 21 hibliotek
188 286 60 20 skola
270 286 107 20 försäkras
392 289 46 18 mot
453 286 86 26 eldfara,
554 289 31 18 att
601 287 87 26 stadgar
704 286 60 21 skola
779 286 110 21 utarbetas

63 314 39 22 och
118 314 53 27 skäp
186 314 106 21 anskatfas
311 314 32 21 för
359 314 117 22 böckernas
492 314 133 26 förvarande,
640 317 45 19 tror
698 314 38 27 jag
750 317 31 18 att
797 314 40 21 den
853 321 37 14 an-

64 343 75 27 slagna
159 349 89 16 summa,
272 349 46 15 som
341 343 105 21 utskottet
467 343 92 26 beviljat,
577 344 130 20 ätminstone
722 342 34 22 för
772 343 36 21 det
822 342 68 22 första

63 372 46 20 äret
131 374 23 18 är
177 371 32 21 för
232 371 57 21 liten.
320 372 39 20 Om
382 378 48 14 man
448 372 108 21 anskaffar
571 374 32 19 ett
617 372 53 26 skåp
686 372 31 21 till
732 372 41 20 alla
788 372 102 20 bibliotek

62 400 34 21 för
119 400 98 26 omkring
238 400 43 21 450
295 400 127 21 kommuner
437 400 41 22 och
494 400 103 22 beräknar
613 403 32 19 att
660 400 72 27 hvarje
748 400 53 27 skåp
817 400 73 21 kostar

63 429 28 21 50
107 428 66 22 mark,
189 429 24 21 sä
228 428 61 22 hafva
305 429 20 21 vi
338 429 24 27 ju
378 429 65 21 redan
460 430 78 24 22,500
553 430 60 21 mark
629 429 38 21 och
683 429 27 21 dä
724 429 80 21 återstå
814 429 76 21 endast

63 458 64 25 2,500
150 457 60 21 mark
231 457 33 21 för
286 457 68 21 första
368 458 46 20 året
429 458 31 20 till
478 458 86 26 uppköp
580 458 23 21 af
617 458 83 21 böcker.
729 458 42 26 Jag
780 456 108 22 förmodar

63 488 32 19 att
119 486 36 21 det
177 486 109 21 uttalande
309 486 104 22 utskottet
434 486 39 21 här
489 486 37 21 har
543 487 56 26 gjort
615 488 24 19 är
654 486 86 21 alldeles
756 486 134 26 berättigadt.

63 514 107 27 nämligen
186 517 32 18 att
234 514 52 27 skäp
302 514 60 22 skola
376 514 108 22 anskaffas
500 515 39 21 och
554 518 31 18 att
601 515 106 21 böckerna
721 514 108 22 försäkras
845 517 44 18 mot

61 543 88 21 eldfara.
179 543 75 21 Säsom
271 544 35 20 det
321 550 28 14 nu
365 546 29 23 är,
410 546 45 19 tror
468 544 38 26 jag
522 544 35 21 det
572 544 45 21 ofta
632 546 23 18 är
670 543 60 22 fallet
742 545 32 19 att
784 543 105 21 böckerna

62 574 38 18 äro
123 572 124 26 uppradade
265 572 27 26 pä
308 571 68 26 någon
393 572 70 21 möbel
479 573 6 20 i
501 572 94 21 lärarens
611 572 76 21 bostad
703 572 39 21 och
757 574 38 19 äro
811 574 81 18 utsatta

63 599 34 22 för
112 600 147 27 förskingring
274 600 39 21 och
328 600 32 21 för
375 603 31 18 att
421 600 97 22 förfaras.
541 601 56 26 Skåp
613 603 37 18 äro
662 601 82 20 således
755 600 134 27 synnerligen

63 628 22 21 af
102 629 77 22 nöden,
197 635 49 15 men
266 629 26 21 då
307 629 36 20 det
359 629 64 27 gäller
439 629 25 21 så
479 629 77 26 många
572 629 107 26 bibliotek,
696 629 39 21 blir
751 629 36 21 det
802 635 26 14 en
844 631 46 18 stor

61 663 86 15 summa
165 657 48 22 utaf.
242 658 42 26 Jag
299 657 67 22 skulle
382 660 33 19 tro
430 660 33 19 att
478 658 32 21 för
526 658 35 21 det
576 657 68 22 första
659 658 46 21 året
715 664 97 15 summan
824 657 66 21 borde

62 685 53 21 ökas
138 686 48 21 med
209 686 129 21 åtminstone
361 687 77 24 20,000
461 687 61 20 mark
543 687 38 20 och
597 687 69 20 skulle
682 686 70 21 därför
768 686 76 21 önskat
859 688 30 19 att

63 714 105 21 klämmen
190 714 54 21 hade
266 715 108 21 innehållit
394 718 30 18 att
444 715 91 25 120,000
551 715 60 21 mark
625 715 72 21 anslås
713 714 31 21 för
760 714 129 22 biblioteken

63 743 39 20 och
125 743 57 21 detta
206 743 29 22 så.
251 746 31 18 att
302 743 33 21 för
351 744 35 21 det
401 743 69 22 första
485 744 46 21 året
545 744 72 21 anslås
633 744 78 25 45,000
726 743 60 21 mark
802 743 38 21 och
856 743 34 20 för

62 772 27 20 de
104 771 92 27 följande
242 772 46 25 25,000
304 772 64 21 mark.

132 835 32 20 Då
187 835 64 26 ingen
274 841 68 15 annan
364 835 23 20 af
404 835 98 21 ständets
517 835 138 21 medlemmar
671 835 94 21 önskade
780 836 55 25 yttra
852 834 38 26 sig,

62 863 131 21 förklarades
209 863 149 21 diskussionen
371 863 99 25 afslutad,
482 863 38 21 och
532 863 124 21 framstälde
669 863 24 21 hr
704 863 121 21 talmannen
840 863 51 20 därä

62 891 94 26 följande
173 892 291 26 omröstningsproposition
454 887 12 36 :

133 954 38 26 De,
188 954 73 21 hvilka
275 954 117 27 godkänna
407 954 113 21 utskottets
537 954 214 28 vesolutionsförslag
768 954 13 20 å
797 954 41 21 sid.
856 955 34 24 12,

65 984 58 19 rösta
133 982 40 27 ja;
190 983 31 26 de,
238 983 34 20 det
286 983 45 21 ieke
344 986 60 24 göra,
420 985 61 19 rösta
496 983 49 27 nej;

133 1011 80 21 vinner
228 1012 41 27 nej,
285 1012 41 20 har
342 1012 176 27 borgareständet
533 1012 88 26 förenat
635 1012 33 26 sig
684 1018 34 14 om
730 1012 27 20 hr
770 1011 121 21 Sundrvalls

63 1039 89 28 förslag.

133 1103 95 21 Emedan
245 1104 160 26 propositionen
422 1104 35 21 vid
469 1104 108 21 värkstäld
589 1104 99 27 votering
699 1104 127 21 besvarades
842 1104 48 21 med

65 1132 27 21 26
111 1132 23 26 ja
157 1132 39 21 och
218 1133 27 20 58
260 1133 41 26 nej,
317 1132 53 21 hade
385 1132 178 27 borgareständet
578 1133 89 21 beslutit
682 1133 48 26 höja
747 1133 97 26 anslaget
859 1133 30 20 till

65 1160 128 21 biblioteken
214 1160 32 21 för
267 1161 68 21 lärare
358 1161 38 21 och
418 1161 119 21 lärarinnor
556 1161 34 21 vid
613 1161 145 21 folkskolorna
776 1162 27 26 pä
818 1161 72 21 landet

64 1188 46 21 från
133 1188 90 23 100.000
242 1189 60 21 mark
324 1189 31 21 till
379 1190 91 24 120,000
491 1190 59 20 mark
567 1190 67 20 under
650 1190 47 20 hela
712 1189 178 27 finansperioden.

64 1216 77 22 hvaraf
154 1217 77 24 45,000
246 1218 60 20 mark
329 1218 68 20 skulle
420 1218 52 25 utgå
491 1218 66 21 under
573 1218 23 21 år
613 1218 51 21 1901
684 1218 39 21 och
738 1218 77 23 25,000
830 1218 60 21 mark

65 1245 68 21 under
148 1246 73 26 hvarje
237 1246 21 21 af
272 1247 50 20 ären
339 1247 60 25 1902,
417 1247 55 21 1905
488 1247 38 21 och
544 1247 61 21 1904.

134 1308 122 22 Utskottets
276 1309 108 21 uttalande
399 1310 13 20 å
427 1310 40 20 sid.
487 1310 26 20 12
528 1310 110 26 angående
654 1310 140 21 bibliotekens
810 1310 81 20 försäk-

65 1337 48 26 ring
136 1340 45 18 mot
202 1337 80 21 eldfara
304 1344 27 14 m.
346 1344 26 14 m.
388 1337 124 22 föranledde
532 1338 62 26 ingen
611 1338 141 26 anmärkning
769 1338 46 21 frän
834 1338 57 21 stän-

64 1365 48 21 dets
128 1366 51 20 sida.

134 1428 10 20 I
165 1428 115 31 anledning
295 1428 23 22 af
336 1429 118 21 utskottets
470 1429 109 21 uttalande
595 1430 6 20 i
617 1430 52 20 sista
685 1429 81 27 stycket
782 1430 13 20 ä
810 1429 38 21 sid.
866 1430 26 19 12

65 1456 110 27 angäende
190 1457 227 26 fortsättningskurser
433 1457 36 21 vid
484 1457 146 22 folkskolorna
645 1458 27 26 pä
687 1458 72 21 landet
774 1457 71 21 anhöll
