<?xml version="1.0" encoding="UTF-8"?>
<alto xmlns="http://www.loc.gov/standards/alto/ns-v3#" xmlns:xlink="http://www.w3.org/1999/xlink" xmlns:xsi="http://www.w3.org/2001/XMLSchema-instance" xsi:schemaLocation="http://www.loc.gov/standards/alto/ns-v3# http://www.loc.gov/alto/v3/alto-3-0.xsd">
	<Description>
		<MeasurementUnit>pixel</MeasurementUnit>
		<sourceImageInformation>
			<fileName>/tmp/tess_woog2ub1_input.PNG</fileName>
		</sourceImageInformation>
		<OCRProcessing ID="OCR_0">
			<ocrProcessingStep>
				<processingSoftware>
					<softwareName>tesseract 5.3.4</softwareName>
				</processingSoftware>
			</ocrProcessingStep>
		</OCRProcessing>
	</Description>
	<Layout>
		<Page WIDTH="1086" HEIGHT="1723" PHYSICAL_IMG_NR="0" ID="page_0">
			<PrintSpace HPOS="0" VPOS="0" WIDTH="1086" HEIGHT="1723">
				<ComposedBlock ID="cblock_0" HPOS="196" VPOS="96" WIDTH="826" HEIGHT="36">
					<TextBlock ID="block_0" HPOS="196" VPOS="96" WIDTH="826" HEIGHT="36">
						<TextLine ID="line_0" HPOS="196" VPOS="96" WIDTH="826" HEIGHT="36">
							<String ID="string_0" HPOS="196" VPOS="96" WIDTH="41" HEIGHT="36" WC="0.96" CONTENT="248"/><SP WIDTH="306" VPOS="96" HPOS="237"/>
							<String ID="string_1" HPOS="543" VPOS="109" WIDTH="120" HEIGHT="21" WC="0.90" CONTENT="Jaktlagen."/><SP WIDTH="270" VPOS="109" HPOS="663"/>
							<String ID="string_2" HPOS="933" VPOS="108" WIDTH="13" HEIGHT="17" WC="0.93" CONTENT="9"/><SP WIDTH="13" VPOS="108" HPOS="946"/>
							<String ID="string_3" HPOS="959" VPOS="111" WIDTH="63" HEIGHT="13" WC="0.95" CONTENT="mars."/>
						</TextLine>
					</TextBlock>
				</ComposedBlock>
				<GraphicalElement ID="cblock_1" HPOS="487" VPOS="135" WIDTH="535" HEIGHT="4"></GraphicalElement >
				<Illustration ID="cblock_2" HPOS="428" VPOS="134" WIDTH="32" HEIGHT="33"></Illustration>
				<ComposedBlock ID="cblock_3" HPOS="196" VPOS="176" WIDTH="830" HEIGHT="256">
					<TextBlock ID="block_1" HPOS="196" VPOS="176" WIDTH="830" HEIGHT="256">
						<TextLine ID="line_1" HPOS="197" VPOS="176" WIDTH="827" HEIGHT="22">
							<String ID="string_4" HPOS="197" VPOS="176" WIDTH="37" HEIGHT="21" WC="0.96" CONTENT="det"/><SP WIDTH="22" VPOS="176" HPOS="234"/>
							<String ID="string_5" HPOS="256" VPOS="176" WIDTH="31" HEIGHT="21" WC="0.96" CONTENT="till"/><SP WIDTH="23" VPOS="176" HPOS="287"/>
							<String ID="string_6" HPOS="310" VPOS="176" WIDTH="106" HEIGHT="22" WC="0.96" CONTENT="utskottet"/><SP WIDTH="22" VPOS="176" HPOS="416"/>
							<String ID="string_7" HPOS="438" VPOS="176" WIDTH="32" HEIGHT="22" WC="0.96" CONTENT="för"/><SP WIDTH="15" VPOS="176" HPOS="470"/>
							<String ID="string_8" HPOS="485" VPOS="179" WIDTH="32" HEIGHT="19" WC="0.96" CONTENT="att"/><SP WIDTH="15" VPOS="179" HPOS="517"/>
							<String ID="string_9" HPOS="532" VPOS="179" WIDTH="98" HEIGHT="19" WC="0.96" CONTENT="närmare"/><SP WIDTH="15" VPOS="179" HPOS="630"/>
							<String ID="string_10" HPOS="645" VPOS="177" WIDTH="135" HEIGHT="21" WC="0.95" CONTENT="formuleras."/><SP WIDTH="30" VPOS="177" HPOS="780"/>
							<String ID="string_11" HPOS="810" VPOS="177" WIDTH="42" HEIGHT="21" WC="0.96" CONTENT="Det"/><SP WIDTH="16" VPOS="177" HPOS="852"/>
							<String ID="string_12" HPOS="868" VPOS="178" WIDTH="23" HEIGHT="20" WC="0.96" CONTENT="är"/><SP WIDTH="14" VPOS="178" HPOS="891"/>
							<String ID="string_13" HPOS="905" VPOS="177" WIDTH="54" HEIGHT="21" WC="0.96" CONTENT="visst"/><SP WIDTH="15" VPOS="177" HPOS="959"/>
							<String ID="string_14" HPOS="974" VPOS="178" WIDTH="50" HEIGHT="19" WC="0.94" CONTENT="sant"/>
						</TextLine>
						<TextLine ID="line_2" HPOS="196" VPOS="204" WIDTH="826" HEIGHT="28">
							<String ID="string_15" HPOS="196" VPOS="206" WIDTH="33" HEIGHT="20" WC="0.96" CONTENT="att"/><SP WIDTH="14" VPOS="206" HPOS="229"/>
							<String ID="string_16" HPOS="243" VPOS="204" WIDTH="25" HEIGHT="22" WC="0.93" CONTENT="hr"/><SP WIDTH="16" VPOS="204" HPOS="268"/>
							<String ID="string_17" HPOS="284" VPOS="205" WIDTH="80" HEIGHT="21" WC="0.91" CONTENT="Genetz"/><SP WIDTH="16" VPOS="205" HPOS="364"/>
							<String ID="string_18" HPOS="380" VPOS="205" WIDTH="40" HEIGHT="21" WC="0.96" CONTENT="kan"/><SP WIDTH="18" VPOS="205" HPOS="420"/>
							<String ID="string_19" HPOS="438" VPOS="212" WIDTH="50" HEIGHT="14" WC="0.96" CONTENT="vara"/><SP WIDTH="15" VPOS="212" HPOS="488"/>
							<String ID="string_20" HPOS="503" VPOS="212" WIDTH="26" HEIGHT="14" WC="0.96" CONTENT="en"/><SP WIDTH="16" VPOS="212" HPOS="529"/>
							<String ID="string_21" HPOS="545" VPOS="208" WIDTH="46" HEIGHT="18" WC="0.96" CONTENT="stor"/><SP WIDTH="15" VPOS="208" HPOS="591"/>
							<String ID="string_22" HPOS="606" VPOS="206" WIDTH="95" HEIGHT="20" WC="0.96" CONTENT="kännare"/><SP WIDTH="15" VPOS="206" HPOS="701"/>
							<String ID="string_23" HPOS="716" VPOS="206" WIDTH="28" HEIGHT="26" WC="0.96" CONTENT="på"/><SP WIDTH="15" VPOS="206" HPOS="744"/>
							<String ID="string_24" HPOS="759" VPOS="205" WIDTH="161" HEIGHT="27" WC="0.96" CONTENT="ifrågavarande"/><SP WIDTH="10" VPOS="205" HPOS="920"/>
							<String ID="string_25" HPOS="930" VPOS="204" WIDTH="92" HEIGHT="23" WC="0.95" CONTENT="område,"/>
						</TextLine>
						<TextLine ID="line_3" HPOS="196" VPOS="232" WIDTH="827" HEIGHT="29">
							<String ID="string_26" HPOS="196" VPOS="239" WIDTH="49" HEIGHT="15" WC="0.96" CONTENT="men"/><SP WIDTH="14" VPOS="239" HPOS="245"/>
							<String ID="string_27" HPOS="259" VPOS="234" WIDTH="37" HEIGHT="26" WC="0.96" CONTENT="jag"/><SP WIDTH="15" VPOS="234" HPOS="296"/>
							<String ID="string_28" HPOS="311" VPOS="234" WIDTH="41" HEIGHT="20" WC="0.96" CONTENT="kan"/><SP WIDTH="15" VPOS="234" HPOS="352"/>
							<String ID="string_29" HPOS="367" VPOS="234" WIDTH="53" HEIGHT="20" WC="0.96" CONTENT="dock"/><SP WIDTH="15" VPOS="234" HPOS="420"/>
							<String ID="string_30" HPOS="435" VPOS="234" WIDTH="45" HEIGHT="21" WC="0.93" CONTENT="icke"/><SP WIDTH="16" VPOS="234" HPOS="480"/>
							<String ID="string_31" HPOS="496" VPOS="234" WIDTH="89" HEIGHT="21" WC="0.92" CONTENT="tillmäta"/><SP WIDTH="15" VPOS="234" HPOS="585"/>
							<String ID="string_32" HPOS="600" VPOS="234" WIDTH="54" HEIGHT="21" WC="0.95" CONTENT="hans"/><SP WIDTH="15" VPOS="234" HPOS="654"/>
							<String ID="string_33" HPOS="669" VPOS="234" WIDTH="100" HEIGHT="27" WC="0.93" CONTENT="yttrande"/><SP WIDTH="12" VPOS="234" HPOS="769"/>
							<String ID="string_34" HPOS="781" VPOS="234" WIDTH="63" HEIGHT="21" WC="0.91" CONTENT="altför"/><SP WIDTH="9" VPOS="234" HPOS="844"/>
							<String ID="string_35" HPOS="853" VPOS="236" WIDTH="45" HEIGHT="19" WC="0.96" CONTENT="stor"/><SP WIDTH="10" VPOS="236" HPOS="898"/>
							<String ID="string_36" HPOS="908" VPOS="232" WIDTH="115" HEIGHT="28" WC="0.96" CONTENT="betydelse,"/>
						</TextLine>
						<TextLine ID="line_4" HPOS="197" VPOS="262" WIDTH="829" HEIGHT="28">
							<String ID="string_37" HPOS="197" VPOS="262" WIDTH="27" HEIGHT="20" WC="0.96" CONTENT="då"/><SP WIDTH="16" VPOS="262" HPOS="224"/>
							<String ID="string_38" HPOS="240" VPOS="262" WIDTH="40" HEIGHT="21" WC="0.96" CONTENT="han"/><SP WIDTH="17" VPOS="262" HPOS="280"/>
							<String ID="string_39" HPOS="297" VPOS="262" WIDTH="6" HEIGHT="20" WC="0.96" CONTENT="i"/><SP WIDTH="16" VPOS="262" HPOS="303"/>
							<String ID="string_40" HPOS="319" VPOS="262" WIDTH="69" HEIGHT="21" WC="0.96" CONTENT="denna"/><SP WIDTH="15" VPOS="262" HPOS="388"/>
							<String ID="string_41" HPOS="403" VPOS="262" WIDTH="68" HEIGHT="27" WC="0.96" CONTENT="punkt"/><SP WIDTH="16" VPOS="262" HPOS="471"/>
							<String ID="string_42" HPOS="487" VPOS="269" WIDTH="63" HEIGHT="20" WC="0.96" CONTENT="synes"/><SP WIDTH="16" VPOS="269" HPOS="550"/>
							<String ID="string_43" HPOS="566" VPOS="262" WIDTH="63" HEIGHT="22" WC="0.96" CONTENT="hafva"/><SP WIDTH="14" VPOS="262" HPOS="629"/>
							<String ID="string_44" HPOS="643" VPOS="263" WIDTH="48" HEIGHT="21" WC="0.93" CONTENT="hela"/><SP WIDTH="15" VPOS="263" HPOS="691"/>
							<String ID="string_45" HPOS="706" VPOS="262" WIDTH="243" HEIGHT="28" WC="0.89" CONTENT="allmogebefolkningen"/><SP WIDTH="16" VPOS="262" HPOS="949"/>
							<String ID="string_46" HPOS="965" VPOS="264" WIDTH="61" HEIGHT="18" WC="0.96" CONTENT="emot"/>
						</TextLine>
						<TextLine ID="line_5" HPOS="198" VPOS="290" WIDTH="824" HEIGHT="28">
							<String ID="string_47" HPOS="198" VPOS="290" WIDTH="40" HEIGHT="27" WC="0.95" CONTENT="sig."/><SP WIDTH="28" VPOS="290" HPOS="238"/>
							<String ID="string_48" HPOS="266" VPOS="291" WIDTH="42" HEIGHT="27" WC="0.96" CONTENT="Jag"/><SP WIDTH="20" VPOS="291" HPOS="308"/>
							<String ID="string_49" HPOS="328" VPOS="291" WIDTH="38" HEIGHT="21" WC="0.95" CONTENT="har"/><SP WIDTH="22" VPOS="291" HPOS="366"/>
							<String ID="string_50" HPOS="388" VPOS="290" WIDTH="63" HEIGHT="22" WC="0.95" CONTENT="äfven"/><SP WIDTH="23" VPOS="290" HPOS="451"/>
							<String ID="string_51" HPOS="474" VPOS="297" WIDTH="26" HEIGHT="15" WC="0.95" CONTENT="en"/><SP WIDTH="24" VPOS="297" HPOS="500"/>
							<String ID="string_52" HPOS="524" VPOS="291" WIDTH="117" HEIGHT="21" WC="0.92" CONTENT="auktoritet"/><SP WIDTH="14" VPOS="291" HPOS="641"/>
							<String ID="string_53" HPOS="655" VPOS="293" WIDTH="33" HEIGHT="19" WC="0.96" CONTENT="att"/><SP WIDTH="23" VPOS="293" HPOS="688"/>
							<String ID="string_54" HPOS="711" VPOS="291" WIDTH="62" HEIGHT="21" WC="0.96" CONTENT="stöda"/><SP WIDTH="21" VPOS="291" HPOS="773"/>
							<String ID="string_55" HPOS="794" VPOS="292" WIDTH="44" HEIGHT="26" WC="0.93" CONTENT="mig"/><SP WIDTH="14" VPOS="292" HPOS="838"/>
							<String ID="string_56" HPOS="852" VPOS="291" WIDTH="28" HEIGHT="27" WC="0.96" CONTENT="på"/><SP WIDTH="15" VPOS="291" HPOS="880"/>
							<String ID="string_57" HPOS="895" VPOS="291" WIDTH="38" HEIGHT="21" WC="0.96" CONTENT="och"/><SP WIDTH="16" VPOS="291" HPOS="933"/>
							<String ID="string_58" HPOS="949" VPOS="290" WIDTH="35" HEIGHT="21" WC="0.96" CONTENT="det"/><SP WIDTH="15" VPOS="290" HPOS="984"/>
							<String ID="string_59" HPOS="999" VPOS="292" WIDTH="23" HEIGHT="19" WC="0.96" CONTENT="är"/>
						</TextLine>
						<TextLine ID="line_6" HPOS="197" VPOS="318" WIDTH="826" HEIGHT="28">
							<String ID="string_60" HPOS="197" VPOS="319" WIDTH="140" HEIGHT="21" WC="0.96" CONTENT="redaktionen"/><SP WIDTH="18" VPOS="319" HPOS="337"/>
							<String ID="string_61" HPOS="355" VPOS="319" WIDTH="23" HEIGHT="21" WC="0.96" CONTENT="af"/><SP WIDTH="20" VPOS="319" HPOS="378"/>
							<String ID="string_62" HPOS="398" VPOS="319" WIDTH="106" HEIGHT="23" WC="0.30" CONTENT="Tidskrift:"/><SP WIDTH="14" VPOS="319" HPOS="504"/>
							<String ID="string_63" HPOS="518" VPOS="319" WIDTH="32" HEIGHT="22" WC="0.96" CONTENT="för"/><SP WIDTH="13" VPOS="319" HPOS="550"/>
							<String ID="string_64" HPOS="563" VPOS="320" WIDTH="75" HEIGHT="26" WC="0.96" CONTENT="jägare"/><SP WIDTH="20" VPOS="320" HPOS="638"/>
							<String ID="string_65" HPOS="658" VPOS="320" WIDTH="39" HEIGHT="20" WC="0.96" CONTENT="och"/><SP WIDTH="19" VPOS="320" HPOS="697"/>
							<String ID="string_66" HPOS="716" VPOS="319" WIDTH="84" HEIGHT="26" WC="0.96" CONTENT="fiskare,"/><SP WIDTH="16" VPOS="319" HPOS="800"/>
							<String ID="string_67" HPOS="816" VPOS="326" WIDTH="45" HEIGHT="15" WC="0.96" CONTENT="som"/><SP WIDTH="17" VPOS="326" HPOS="861"/>
							<String ID="string_68" HPOS="878" VPOS="319" WIDTH="65" HEIGHT="22" WC="0.96" CONTENT="också"/><SP WIDTH="14" VPOS="319" HPOS="943"/>
							<String ID="string_69" HPOS="957" VPOS="318" WIDTH="66" HEIGHT="22" WC="0.96" CONTENT="håller"/>
						</TextLine>
						<TextLine ID="line_7" HPOS="197" VPOS="347" WIDTH="827" HEIGHT="28">
							<String ID="string_70" HPOS="197" VPOS="347" WIDTH="28" HEIGHT="28" WC="0.96" CONTENT="på"/><SP WIDTH="22" VPOS="347" HPOS="225"/>
							<String ID="string_71" HPOS="247" VPOS="350" WIDTH="99" HEIGHT="24" WC="0.96" CONTENT="sportens"/><SP WIDTH="22" VPOS="350" HPOS="346"/>
							<String ID="string_72" HPOS="368" VPOS="348" WIDTH="96" HEIGHT="26" WC="0.96" CONTENT="intresse,"/><SP WIDTH="24" VPOS="348" HPOS="464"/>
							<String ID="string_73" HPOS="488" VPOS="354" WIDTH="47" HEIGHT="15" WC="0.96" CONTENT="men"/><SP WIDTH="16" VPOS="354" HPOS="535"/>
							<String ID="string_74" HPOS="551" VPOS="348" WIDTH="6" HEIGHT="21" WC="0.96" CONTENT="i"/><SP WIDTH="16" VPOS="348" HPOS="557"/>
							<String ID="string_75" HPOS="573" VPOS="348" WIDTH="70" HEIGHT="21" WC="0.96" CONTENT="denna"/><SP WIDTH="23" VPOS="348" HPOS="643"/>
							<String ID="string_76" HPOS="666" VPOS="348" WIDTH="60" HEIGHT="27" WC="0.96" CONTENT="fråga"/><SP WIDTH="20" VPOS="348" HPOS="726"/>
							<String ID="string_77" HPOS="746" VPOS="348" WIDTH="72" HEIGHT="22" WC="0.96" CONTENT="ställer"/><SP WIDTH="16" VPOS="348" HPOS="818"/>
							<String ID="string_78" HPOS="834" VPOS="349" WIDTH="33" HEIGHT="25" WC="0.96" CONTENT="sig"/><SP WIDTH="15" VPOS="349" HPOS="867"/>
							<String ID="string_79" HPOS="882" VPOS="349" WIDTH="27" HEIGHT="26" WC="0.96" CONTENT="på"/><SP WIDTH="15" VPOS="349" HPOS="909"/>
							<String ID="string_80" HPOS="924" VPOS="354" WIDTH="25" HEIGHT="15" WC="0.96" CONTENT="en"/><SP WIDTH="16" VPOS="354" HPOS="949"/>
							<String ID="string_81" HPOS="965" VPOS="354" WIDTH="59" HEIGHT="14" WC="0.95" CONTENT="mera"/>
						</TextLine>
						<TextLine ID="line_8" HPOS="197" VPOS="375" WIDTH="826" HEIGHT="28">
							<String ID="string_82" HPOS="197" VPOS="375" WIDTH="104" HEIGHT="22" WC="0.96" CONTENT="frisinnad"/><SP WIDTH="20" VPOS="375" HPOS="301"/>
							<String ID="string_83" HPOS="321" VPOS="376" WIDTH="137" HEIGHT="27" WC="0.94" CONTENT="ståndpunkt,"/><SP WIDTH="16" VPOS="376" HPOS="458"/>
							<String ID="string_84" HPOS="474" VPOS="377" WIDTH="5" HEIGHT="21" WC="0.96" CONTENT="i"/><SP WIDTH="17" VPOS="377" HPOS="479"/>
							<String ID="string_85" HPOS="496" VPOS="377" WIDTH="35" HEIGHT="21" WC="0.96" CONTENT="det"/><SP WIDTH="15" VPOS="377" HPOS="531"/>
							<String ID="string_86" HPOS="546" VPOS="377" WIDTH="124" HEIGHT="21" WC="0.90" CONTENT="densamma"/><SP WIDTH="23" VPOS="377" HPOS="670"/>
							<String ID="string_87" HPOS="693" VPOS="377" WIDTH="143" HEIGHT="21" WC="0.90" CONTENT="understöder"/><SP WIDTH="24" VPOS="377" HPOS="836"/>
							<String ID="string_88" HPOS="860" VPOS="376" WIDTH="163" HEIGHT="26" WC="0.95" CONTENT="befolkningens"/>
						</TextLine>
						<TextLine ID="line_9" HPOS="198" VPOS="405" WIDTH="826" HEIGHT="27">
							<String ID="string_89" HPOS="198" VPOS="405" WIDTH="98" HEIGHT="21" WC="0.89" CONTENT="intresse."/><SP WIDTH="29" VPOS="405" HPOS="296"/>
							<String ID="string_90" HPOS="325" VPOS="405" WIDTH="42" HEIGHT="21" WC="0.93" CONTENT="Det"/><SP WIDTH="15" VPOS="405" HPOS="367"/>
							<String ID="string_91" HPOS="382" VPOS="407" WIDTH="22" HEIGHT="19" WC="0.96" CONTENT="är"/><SP WIDTH="16" VPOS="407" HPOS="404"/>
							<String ID="string_92" HPOS="420" VPOS="405" WIDTH="26" HEIGHT="27" WC="0.96" CONTENT="på"/><SP WIDTH="16" VPOS="405" HPOS="446"/>
							<String ID="string_93" HPOS="462" VPOS="406" WIDTH="69" HEIGHT="20" WC="0.96" CONTENT="denna"/><SP WIDTH="16" VPOS="406" HPOS="531"/>
							<String ID="string_94" HPOS="547" VPOS="406" WIDTH="68" HEIGHT="25" WC="0.96" CONTENT="grund"/><SP WIDTH="14" VPOS="406" HPOS="615"/>
							<String ID="string_95" HPOS="629" VPOS="406" WIDTH="38" HEIGHT="26" WC="0.92" CONTENT="jag"/><SP WIDTH="11" VPOS="406" HPOS="667"/>
							<String ID="string_96" HPOS="678" VPOS="406" WIDTH="142" HEIGHT="20" WC="0.92" CONTENT="understöder"/><SP WIDTH="10" VPOS="406" HPOS="820"/>
							<String ID="string_97" HPOS="830" VPOS="406" WIDTH="25" HEIGHT="20" WC="0.93" CONTENT="hr"/><SP WIDTH="13" VPOS="406" HPOS="855"/>
							<String ID="string_98" HPOS="868" VPOS="405" WIDTH="156" HEIGHT="27" WC="0.90" CONTENT="Schybergson."/>
						</TextLine>
					</TextBlock>
				</ComposedBlock>
				<ComposedBlock ID="cblock_4" HPOS="198" VPOS="461" WIDTH="825" HEIGHT="85">
					<TextBlock ID="block_2" HPOS="198" VPOS="461" WIDTH="825" HEIGHT="85">
						<TextLine ID="line_10" HPOS="268" VPOS="461" WIDTH="755" HEIGHT="28">
							<String ID="string_99" HPOS="268" VPOS="462" WIDTH="32" HEIGHT="21" WC="0.96" CONTENT="Hr"/><SP WIDTH="16" VPOS="462" HPOS="300"/>
							<String ID="string_100" HPOS="316" VPOS="462" WIDTH="128" HEIGHT="21" WC="0.96" CONTENT="Neovius:"/><SP WIDTH="29" VPOS="462" HPOS="444"/>
							<String ID="string_101" HPOS="473" VPOS="463" WIDTH="43" HEIGHT="26" WC="0.96" CONTENT="Jag"/><SP WIDTH="14" VPOS="463" HPOS="516"/>
							<String ID="string_102" HPOS="530" VPOS="462" WIDTH="35" HEIGHT="21" WC="0.96" CONTENT="vill"/><SP WIDTH="17" VPOS="462" HPOS="565"/>
							<String ID="string_103" HPOS="582" VPOS="464" WIDTH="66" HEIGHT="25" WC="0.96" CONTENT="gärna"/><SP WIDTH="16" VPOS="464" HPOS="648"/>
							<String ID="string_104" HPOS="664" VPOS="463" WIDTH="110" HEIGHT="21" WC="0.85" CONTENT="modifiera"/><SP WIDTH="15" VPOS="463" HPOS="774"/>
							<String ID="string_105" HPOS="789" VPOS="463" WIDTH="48" HEIGHT="21" WC="0.96" CONTENT="mitt"/><SP WIDTH="11" VPOS="463" HPOS="837"/>
							<String ID="string_106" HPOS="848" VPOS="461" WIDTH="175" HEIGHT="28" WC="0.96" CONTENT="förslag"/><SP WIDTH="-87" VPOS="461" HPOS="1023"/>
							<String ID="string_107" HPOS="936" VPOS="457" WIDTH="13" HEIGHT="37" WC="0.93" CONTENT="i"/><SP WIDTH="8" VPOS="457" HPOS="949"/>
							<String ID="string_108" HPOS="957" VPOS="461" WIDTH="66" HEIGHT="28" WC="0.92" CONTENT="öfver-"/>
						</TextLine>
						<TextLine ID="line_11" HPOS="198" VPOS="490" WIDTH="825" HEIGHT="32">
							<String ID="string_109" HPOS="198" VPOS="490" WIDTH="162" HEIGHT="32" WC="0.92" CONTENT="ensstämmelse"/><SP WIDTH="16" VPOS="490" HPOS="360"/>
							<String ID="string_110" HPOS="376" VPOS="491" WIDTH="47" HEIGHT="21" WC="0.96" CONTENT="med"/><SP WIDTH="11" VPOS="491" HPOS="423"/>
							<String ID="string_111" HPOS="434" VPOS="491" WIDTH="34" HEIGHT="31" WC="0.93" CONTENT="hr"/><SP WIDTH="16" VPOS="491" HPOS="468"/>
							<String ID="string_112" HPOS="484" VPOS="491" WIDTH="167" HEIGHT="27" WC="0.92" CONTENT="Schybergsons,"/><SP WIDTH="16" VPOS="491" HPOS="651"/>
							<String ID="string_113" HPOS="667" VPOS="492" WIDTH="26" HEIGHT="20" WC="0.96" CONTENT="dä"/><SP WIDTH="16" VPOS="492" HPOS="693"/>
							<String ID="string_114" HPOS="709" VPOS="492" WIDTH="35" HEIGHT="20" WC="0.96" CONTENT="det"/><SP WIDTH="16" VPOS="492" HPOS="744"/>
							<String ID="string_115" HPOS="760" VPOS="492" WIDTH="76" HEIGHT="20" WC="0.96" CONTENT="endast"/><SP WIDTH="15" VPOS="492" HPOS="836"/>
							<String ID="string_116" HPOS="851" VPOS="492" WIDTH="6" HEIGHT="20" WC="0.96" CONTENT="i"/><SP WIDTH="15" VPOS="492" HPOS="857"/>
							<String ID="string_117" HPOS="872" VPOS="490" WIDTH="86" HEIGHT="22" WC="0.91" CONTENT="formelt"/><SP WIDTH="14" VPOS="490" HPOS="958"/>
							<String ID="string_118" HPOS="972" VPOS="490" WIDTH="51" HEIGHT="21" WC="0.90" CONTENT="hän-"/>
						</TextLine>
						<TextLine ID="line_12" HPOS="199" VPOS="519" WIDTH="414" HEIGHT="27">
							<String ID="string_119" HPOS="199" VPOS="519" WIDTH="79" HEIGHT="21" WC="0.90" CONTENT="seende"/><SP WIDTH="15" VPOS="519" HPOS="278"/>
							<String ID="string_120" HPOS="293" VPOS="519" WIDTH="71" HEIGHT="27" WC="0.96" CONTENT="skiljer"/><SP WIDTH="16" VPOS="519" HPOS="364"/>
							<String ID="string_121" HPOS="380" VPOS="520" WIDTH="32" HEIGHT="26" WC="0.93" CONTENT="sig"/><SP WIDTH="16" VPOS="520" HPOS="412"/>
							<String ID="string_122" HPOS="428" VPOS="520" WIDTH="44" HEIGHT="20" WC="0.93" CONTENT="frän"/><SP WIDTH="17" VPOS="520" HPOS="472"/>
							<String ID="string_123" HPOS="489" VPOS="520" WIDTH="124" HEIGHT="20" WC="0.92" CONTENT="detsamma."/>
						</TextLine>
					</TextBlock>
				</ComposedBlock>
				<ComposedBlock ID="cblock_5" HPOS="200" VPOS="576" WIDTH="824" HEIGHT="56">
					<TextBlock ID="block_3" HPOS="200" VPOS="576" WIDTH="824" HEIGHT="56">
						<TextLine ID="line_13" HPOS="270" VPOS="576" WIDTH="754" HEIGHT="24">
							<String ID="string_124" HPOS="270" VPOS="576" WIDTH="68" HEIGHT="21" WC="0.92" CONTENT="Sedan"/><SP WIDTH="23" VPOS="576" HPOS="338"/>
							<String ID="string_125" HPOS="361" VPOS="576" WIDTH="148" HEIGHT="21" WC="0.89" CONTENT="diskussionen"/><SP WIDTH="24" VPOS="576" HPOS="509"/>
							<String ID="string_126" HPOS="533" VPOS="576" WIDTH="49" HEIGHT="21" WC="0.91" CONTENT="härä"/><SP WIDTH="24" VPOS="576" HPOS="582"/>
							<String ID="string_127" HPOS="606" VPOS="576" WIDTH="113" HEIGHT="22" WC="0.93" CONTENT="förklarats"/><SP WIDTH="22" VPOS="576" HPOS="719"/>
							<String ID="string_128" HPOS="741" VPOS="576" WIDTH="99" HEIGHT="24" WC="0.92" CONTENT="afslutad,"/><SP WIDTH="16" VPOS="576" HPOS="840"/>
							<String ID="string_129" HPOS="856" VPOS="576" WIDTH="122" HEIGHT="21" WC="0.93" CONTENT="framstälde"/><SP WIDTH="21" VPOS="576" HPOS="978"/>
							<String ID="string_130" HPOS="999" VPOS="576" WIDTH="25" HEIGHT="21" WC="0.91" CONTENT="hr"/>
						</TextLine>
						<TextLine ID="line_14" HPOS="200" VPOS="604" WIDTH="824" HEIGHT="28">
							<String ID="string_131" HPOS="200" VPOS="604" WIDTH="122" HEIGHT="21" WC="0.96" CONTENT="talmannen"/><SP WIDTH="16" VPOS="604" HPOS="322"/>
							<String ID="string_132" HPOS="338" VPOS="604" WIDTH="30" HEIGHT="21" WC="0.93" CONTENT="till"/><SP WIDTH="17" VPOS="604" HPOS="368"/>
							<String ID="string_133" HPOS="385" VPOS="605" WIDTH="95" HEIGHT="21" WC="0.93" CONTENT="ständets"/><SP WIDTH="12" VPOS="605" HPOS="480"/>
							<String ID="string_134" HPOS="492" VPOS="605" WIDTH="131" HEIGHT="21" WC="0.92" CONTENT="besvarande"/><SP WIDTH="10" VPOS="605" HPOS="623"/>
							<String ID="string_135" HPOS="633" VPOS="605" WIDTH="92" HEIGHT="27" WC="0.93" CONTENT="följande"/><SP WIDTH="9" VPOS="605" HPOS="725"/>
							<String ID="string_136" HPOS="734" VPOS="605" WIDTH="290" HEIGHT="27" WC="0.86" CONTENT="omröstningsproposition:"/>
						</TextLine>
					</TextBlock>
				</ComposedBlock>
				<ComposedBlock ID="cblock_6" HPOS="198" VPOS="662" WIDTH="827" HEIGHT="141">
					<TextBlock ID="block_4" HPOS="198" VPOS="662" WIDTH="826" HEIGHT="55">
						<TextLine ID="line_15" HPOS="269" VPOS="662" WIDTH="755" HEIGHT="27">
							<String ID="string_137" HPOS="269" VPOS="662" WIDTH="39" HEIGHT="25" WC="0.92" CONTENT="De,"/><SP WIDTH="15" VPOS="662" HPOS="308"/>
							<String ID="string_138" HPOS="323" VPOS="662" WIDTH="73" HEIGHT="20" WC="0.90" CONTENT="hvilka"/><SP WIDTH="14" VPOS="662" HPOS="396"/>
							<String ID="string_139" HPOS="410" VPOS="662" WIDTH="118" HEIGHT="27" WC="0.90" CONTENT="godkänna"/><SP WIDTH="15" VPOS="662" HPOS="528"/>
							<String ID="string_140" HPOS="543" VPOS="662" WIDTH="113" HEIGHT="21" WC="0.90" CONTENT="utskottets"/><SP WIDTH="15" VPOS="662" HPOS="656"/>
							<String ID="string_141" HPOS="671" VPOS="662" WIDTH="89" HEIGHT="27" WC="0.93" CONTENT="förslag,"/><SP WIDTH="17" VPOS="662" HPOS="760"/>
							<String ID="string_142" HPOS="777" VPOS="664" WIDTH="58" HEIGHT="19" WC="0.93" CONTENT="rösta"/><SP WIDTH="10" VPOS="664" HPOS="835"/>
							<String ID="string_143" HPOS="845" VPOS="662" WIDTH="39" HEIGHT="27" WC="0.95" CONTENT="ja;"/><SP WIDTH="16" VPOS="662" HPOS="884"/>
							<String ID="string_144" HPOS="900" VPOS="662" WIDTH="25" HEIGHT="20" WC="0.95" CONTENT="de"/><SP WIDTH="10" VPOS="662" HPOS="925"/>
							<String ID="string_145" HPOS="935" VPOS="662" WIDTH="35" HEIGHT="21" WC="0.93" CONTENT="det"/><SP WIDTH="10" VPOS="662" HPOS="970"/>
							<String ID="string_146" HPOS="980" VPOS="662" WIDTH="44" HEIGHT="20" WC="0.93" CONTENT="icke"/>
						</TextLine>
						<TextLine ID="line_16" HPOS="198" VPOS="690" WIDTH="260" HEIGHT="27">
							<String ID="string_147" HPOS="198" VPOS="693" WIDTH="60" HEIGHT="24" WC="0.93" CONTENT="göra,"/><SP WIDTH="18" VPOS="693" HPOS="258"/>
							<String ID="string_148" HPOS="276" VPOS="692" WIDTH="58" HEIGHT="19" WC="0.87" CONTENT="rösta"/><SP WIDTH="16" VPOS="692" HPOS="334"/>
							<String ID="string_149" HPOS="350" VPOS="690" WIDTH="46" HEIGHT="27" WC="0.95" CONTENT="nej;"/><SP WIDTH="59" VPOS="690" HPOS="396"/>
							<String ID="string_150" HPOS="455" VPOS="704" WIDTH="3" HEIGHT="2" WC="0.61" CONTENT=":"/>
						</TextLine>
					</TextBlock>
					<TextBlock ID="block_5" HPOS="200" VPOS="719" WIDTH="825" HEIGHT="84">
						<TextLine ID="line_17" HPOS="272" VPOS="719" WIDTH="753" HEIGHT="27">
							<String ID="string_151" HPOS="272" VPOS="719" WIDTH="77" HEIGHT="20" WC="0.96" CONTENT="vinner"/><SP WIDTH="15" VPOS="719" HPOS="349"/>
							<String ID="string_152" HPOS="364" VPOS="719" WIDTH="41" HEIGHT="27" WC="0.90" CONTENT="nej,"/><SP WIDTH="17" VPOS="719" HPOS="405"/>
							<String ID="string_153" HPOS="422" VPOS="719" WIDTH="41" HEIGHT="21" WC="0.93" CONTENT="har"/><SP WIDTH="15" VPOS="719" HPOS="463"/>
							<String ID="string_154" HPOS="478" VPOS="719" WIDTH="176" HEIGHT="27" WC="0.87" CONTENT="borgareständet"/><SP WIDTH="15" VPOS="719" HPOS="654"/>
							<String ID="string_155" HPOS="669" VPOS="719" WIDTH="87" HEIGHT="27" WC="0.96" CONTENT="förenat"/><SP WIDTH="16" VPOS="719" HPOS="756"/>
							<String ID="string_156" HPOS="772" VPOS="719" WIDTH="34" HEIGHT="27" WC="0.96" CONTENT="sig"/><SP WIDTH="16" VPOS="719" HPOS="806"/>
							<String ID="string_157" HPOS="822" VPOS="726" WIDTH="34" HEIGHT="14" WC="0.95" CONTENT="om"/><SP WIDTH="12" VPOS="726" HPOS="856"/>
							<String ID="string_158" HPOS="868" VPOS="720" WIDTH="28" HEIGHT="20" WC="0.93" CONTENT="hr"/><SP WIDTH="11" VPOS="720" HPOS="896"/>
							<String ID="string_159" HPOS="907" VPOS="719" WIDTH="118" HEIGHT="27" WC="0.87" CONTENT="Schyberg-"/>
						</TextLine>
						<TextLine ID="line_18" HPOS="200" VPOS="748" WIDTH="825" HEIGHT="27">
							<String ID="string_160" HPOS="200" VPOS="754" WIDTH="52" HEIGHT="14" WC="0.95" CONTENT="sons"/><SP WIDTH="15" VPOS="754" HPOS="252"/>
							<String ID="string_161" HPOS="267" VPOS="748" WIDTH="82" HEIGHT="26" WC="0.96" CONTENT="förslag"/><SP WIDTH="16" VPOS="748" HPOS="349"/>
							<String ID="string_162" HPOS="365" VPOS="748" WIDTH="48" HEIGHT="20" WC="0.96" CONTENT="med"/><SP WIDTH="15" VPOS="748" HPOS="413"/>
							<String ID="string_163" HPOS="428" VPOS="748" WIDTH="51" HEIGHT="20" WC="0.96" CONTENT="eller"/><SP WIDTH="16" VPOS="748" HPOS="479"/>
							<String ID="string_164" HPOS="495" VPOS="750" WIDTH="53" HEIGHT="18" WC="0.95" CONTENT="utan"/><SP WIDTH="17" VPOS="750" HPOS="548"/>
							<String ID="string_165" HPOS="565" VPOS="748" WIDTH="34" HEIGHT="20" WC="0.95" CONTENT="det"/><SP WIDTH="15" VPOS="748" HPOS="599"/>
							<String ID="string_166" HPOS="614" VPOS="748" WIDTH="29" HEIGHT="27" WC="0.96" CONTENT="af"/><SP WIDTH="12" VPOS="748" HPOS="643"/>
							<String ID="string_167" HPOS="655" VPOS="748" WIDTH="26" HEIGHT="20" WC="0.93" CONTENT="hr"/><SP WIDTH="17" VPOS="748" HPOS="681"/>
							<String ID="string_168" HPOS="698" VPOS="748" WIDTH="114" HEIGHT="20" WC="0.91" CONTENT="Schwindt"/><SP WIDTH="12" VPOS="748" HPOS="812"/>
							<String ID="string_169" HPOS="824" VPOS="748" WIDTH="76" HEIGHT="20" WC="0.93" CONTENT="därtill"/><SP WIDTH="9" VPOS="748" HPOS="900"/>
							<String ID="string_170" HPOS="909" VPOS="748" WIDTH="116" HEIGHT="27" WC="0.96" CONTENT="förordade"/>
						</TextLine>
						<TextLine ID="line_19" HPOS="200" VPOS="776" WIDTH="82" HEIGHT="27">
							<String ID="string_171" HPOS="200" VPOS="776" WIDTH="82" HEIGHT="27" WC="0.88" CONTENT="tillägg."/>
						</TextLine>
					</TextBlock>
				</ComposedBlock>
				<ComposedBlock ID="cblock_7" HPOS="200" VPOS="839" WIDTH="824" HEIGHT="79">
					<TextBlock ID="block_6" HPOS="200" VPOS="839" WIDTH="824" HEIGHT="79">
						<TextLine ID="line_20" HPOS="270" VPOS="839" WIDTH="754" HEIGHT="27">
							<String ID="string_172" HPOS="270" VPOS="839" WIDTH="163" HEIGHT="26" WC="0.95" CONTENT="Propositionen"/><SP WIDTH="22" VPOS="839" HPOS="433"/>
							<String ID="string_173" HPOS="455" VPOS="839" WIDTH="127" HEIGHT="21" WC="0.95" CONTENT="besvarades"/><SP WIDTH="20" VPOS="839" HPOS="582"/>
							<String ID="string_174" HPOS="602" VPOS="840" WIDTH="35" HEIGHT="20" WC="0.93" CONTENT="vid"/><SP WIDTH="24" VPOS="840" HPOS="637"/>
							<String ID="string_175" HPOS="661" VPOS="839" WIDTH="108" HEIGHT="21" WC="0.87" CONTENT="värkstäld"/><SP WIDTH="17" VPOS="839" HPOS="769"/>
							<String ID="string_176" HPOS="786" VPOS="839" WIDTH="97" HEIGHT="27" WC="0.95" CONTENT="votering"/><SP WIDTH="15" VPOS="839" HPOS="883"/>
							<String ID="string_177" HPOS="898" VPOS="839" WIDTH="48" HEIGHT="21" WC="0.96" CONTENT="med"/><SP WIDTH="16" VPOS="839" HPOS="946"/>
							<String ID="string_178" HPOS="962" VPOS="839" WIDTH="25" HEIGHT="21" WC="0.96" CONTENT="37"/><SP WIDTH="14" VPOS="839" HPOS="987"/>
							<String ID="string_179" HPOS="1001" VPOS="839" WIDTH="23" HEIGHT="27" WC="0.95" CONTENT="ja"/>
						</TextLine>
						<TextLine ID="line_21" HPOS="200" VPOS="867" WIDTH="822" HEIGHT="28">
							<String ID="string_180" HPOS="200" VPOS="867" WIDTH="39" HEIGHT="21" WC="0.96" CONTENT="och"/><SP WIDTH="24" VPOS="867" HPOS="239"/>
							<String ID="string_181" HPOS="263" VPOS="869" WIDTH="27" HEIGHT="19" WC="0.95" CONTENT="26"/><SP WIDTH="20" VPOS="869" HPOS="290"/>
							<String ID="string_182" HPOS="310" VPOS="867" WIDTH="41" HEIGHT="27" WC="0.96" CONTENT="nej,"/><SP WIDTH="19" VPOS="867" HPOS="351"/>
							<String ID="string_183" HPOS="370" VPOS="867" WIDTH="137" HEIGHT="28" WC="0.96" CONTENT="hvarigenom"/><SP WIDTH="20" VPOS="867" HPOS="507"/>
							<String ID="string_184" HPOS="527" VPOS="868" WIDTH="115" HEIGHT="21" WC="0.93" CONTENT="utskottets"/><SP WIDTH="13" VPOS="868" HPOS="642"/>
							<String ID="string_185" HPOS="655" VPOS="867" WIDTH="80" HEIGHT="27" WC="0.96" CONTENT="förslag"/><SP WIDTH="15" VPOS="867" HPOS="735"/>
							<String ID="string_186" HPOS="750" VPOS="867" WIDTH="69" HEIGHT="21" WC="0.96" CONTENT="blifvit"/><SP WIDTH="15" VPOS="867" HPOS="819"/>
							<String ID="string_187" HPOS="834" VPOS="867" WIDTH="22" HEIGHT="22" WC="0.95" CONTENT="af"/><SP WIDTH="14" VPOS="867" HPOS="856"/>
							<String ID="string_188" HPOS="870" VPOS="867" WIDTH="85" HEIGHT="22" WC="0.93" CONTENT="ståndet"/><SP WIDTH="16" VPOS="867" HPOS="955"/>
							<String ID="string_189" HPOS="971" VPOS="868" WIDTH="51" HEIGHT="26" WC="0.90" CONTENT="god-"/>
						</TextLine>
						<TextLine ID="line_22" HPOS="200" VPOS="896" WIDTH="72" HEIGHT="22">
							<String ID="string_190" HPOS="200" VPOS="896" WIDTH="72" HEIGHT="22" WC="0.96" CONTENT="kändt."/>
						</TextLine>
					</TextBlock>
				</ComposedBlock>
				<ComposedBlock ID="cblock_8" HPOS="199" VPOS="1039" WIDTH="828" HEIGHT="140">
					<TextBlock ID="block_7" HPOS="199" VPOS="1039" WIDTH="828" HEIGHT="140">
						<TextLine ID="line_23" HPOS="270" VPOS="1039" WIDTH="754" HEIGHT="26">
							<String ID="string_191" HPOS="270" VPOS="1039" WIDTH="119" HEIGHT="26" WC="0.95" CONTENT="Föredrogs"/><SP WIDTH="26" VPOS="1039" HPOS="389"/>
							<String ID="string_192" HPOS="415" VPOS="1039" WIDTH="106" HEIGHT="21" WC="0.93" CONTENT="allmänna"/><SP WIDTH="22" VPOS="1039" HPOS="521"/>
							<String ID="string_193" HPOS="543" VPOS="1039" WIDTH="206" HEIGHT="21" WC="0.91" CONTENT="besvärsutskottets"/><SP WIDTH="23" VPOS="1039" HPOS="749"/>
							<String ID="string_194" HPOS="772" VPOS="1039" WIDTH="34" HEIGHT="21" WC="0.94" CONTENT="vid"/><SP WIDTH="24" VPOS="1039" HPOS="806"/>
							<String ID="string_195" HPOS="830" VPOS="1040" WIDTH="85" HEIGHT="20" WC="0.96" CONTENT="senaste"/><SP WIDTH="23" VPOS="1040" HPOS="915"/>
							<String ID="string_196" HPOS="938" VPOS="1039" WIDTH="86" HEIGHT="26" WC="0.96" CONTENT="plenum"/>
						</TextLine>
						<TextLine ID="line_24" HPOS="200" VPOS="1067" WIDTH="827" HEIGHT="27">
							<String ID="string_197" HPOS="200" VPOS="1067" WIDTH="118" HEIGHT="26" WC="0.90" CONTENT="bordlagda"/><SP WIDTH="14" VPOS="1067" HPOS="318"/>
							<String ID="string_198" HPOS="332" VPOS="1067" WIDTH="133" HEIGHT="21" WC="0.96" CONTENT="betänkande"/><SP WIDTH="15" VPOS="1067" HPOS="465"/>
							<String ID="string_199" HPOS="480" VPOS="1074" WIDTH="34" HEIGHT="14" WC="0.96" CONTENT="n:o"/><SP WIDTH="15" VPOS="1074" HPOS="514"/>
							<String ID="string_200" HPOS="529" VPOS="1068" WIDTH="14" HEIGHT="20" WC="0.94" CONTENT="4"/><SP WIDTH="15" VPOS="1068" HPOS="543"/>
							<String ID="string_201" HPOS="558" VPOS="1068" WIDTH="6" HEIGHT="20" WC="0.96" CONTENT="i"/><SP WIDTH="15" VPOS="1068" HPOS="564"/>
							<String ID="string_202" HPOS="579" VPOS="1067" WIDTH="116" HEIGHT="27" WC="0.96" CONTENT="anledning"/><SP WIDTH="10" VPOS="1067" HPOS="695"/>
							<String ID="string_203" HPOS="705" VPOS="1067" WIDTH="23" HEIGHT="21" WC="0.96" CONTENT="af"/><SP WIDTH="8" VPOS="1067" HPOS="728"/>
							<String ID="string_204" HPOS="736" VPOS="1067" WIDTH="106" HEIGHT="21" WC="0.96" CONTENT="särskilda"/><SP WIDTH="9" VPOS="1067" HPOS="842"/>
							<String ID="string_205" HPOS="851" VPOS="1067" WIDTH="7" HEIGHT="20" WC="0.96" CONTENT="i"/><SP WIDTH="10" VPOS="1067" HPOS="858"/>
							<String ID="string_206" HPOS="868" VPOS="1067" WIDTH="159" HEIGHT="21" WC="0.96" CONTENT="bondeståndet"/>
						</TextLine>
						<TextLine ID="line_25" HPOS="199" VPOS="1095" WIDTH="827" HEIGHT="27">
							<String ID="string_207" HPOS="199" VPOS="1095" WIDTH="76" HEIGHT="21" WC="0.93" CONTENT="väckta"/><SP WIDTH="15" VPOS="1095" HPOS="275"/>
							<String ID="string_208" HPOS="290" VPOS="1095" WIDTH="183" HEIGHT="27" WC="0.91" CONTENT="petitionsforslag"/><SP WIDTH="11" VPOS="1095" HPOS="473"/>
							<String ID="string_209" HPOS="484" VPOS="1102" WIDTH="34" HEIGHT="15" WC="0.93" CONTENT="om"/><SP WIDTH="10" VPOS="1102" HPOS="518"/>
							<String ID="string_210" HPOS="528" VPOS="1096" WIDTH="168" HEIGHT="21" WC="0.92" CONTENT="föranstaltande"/><SP WIDTH="13" VPOS="1096" HPOS="696"/>
							<String ID="string_211" HPOS="709" VPOS="1095" WIDTH="22" HEIGHT="22" WC="0.96" CONTENT="af"/><SP WIDTH="9" VPOS="1095" HPOS="731"/>
							<String ID="string_212" HPOS="740" VPOS="1095" WIDTH="185" HEIGHT="27" WC="0.96" CONTENT="undersökningar"/><SP WIDTH="9" VPOS="1095" HPOS="925"/>
							<String ID="string_213" HPOS="934" VPOS="1096" WIDTH="92" HEIGHT="20" WC="0.96" CONTENT="rörande"/>
						</TextLine>
						<TextLine ID="line_26" HPOS="199" VPOS="1123" WIDTH="826" HEIGHT="28">
							<String ID="string_214" HPOS="199" VPOS="1124" WIDTH="26" HEIGHT="20" WC="0.96" CONTENT="de"/><SP WIDTH="21" VPOS="1124" HPOS="225"/>
							<String ID="string_215" HPOS="246" VPOS="1124" WIDTH="68" HEIGHT="20" WC="0.96" CONTENT="under"/><SP WIDTH="19" VPOS="1124" HPOS="314"/>
							<String ID="string_216" HPOS="333" VPOS="1124" WIDTH="51" HEIGHT="20" WC="0.93" CONTENT="åren"/><SP WIDTH="17" VPOS="1124" HPOS="384"/>
							<String ID="string_217" HPOS="401" VPOS="1124" WIDTH="113" HEIGHT="21" WC="0.91" CONTENT="1898—99"/><SP WIDTH="15" VPOS="1124" HPOS="514"/>
							<String ID="string_218" HPOS="529" VPOS="1125" WIDTH="6" HEIGHT="20" WC="0.96" CONTENT="i"/><SP WIDTH="16" VPOS="1125" HPOS="535"/>
							<String ID="string_219" HPOS="551" VPOS="1124" WIDTH="71" HEIGHT="21" WC="0.96" CONTENT="landet"/><SP WIDTH="15" VPOS="1124" HPOS="622"/>
							<String ID="string_220" HPOS="637" VPOS="1124" WIDTH="112" HEIGHT="22" WC="0.93" CONTENT="inträffade"/><SP WIDTH="15" VPOS="1124" HPOS="749"/>
							<String ID="string_221" HPOS="764" VPOS="1123" WIDTH="261" HEIGHT="28" WC="0.90" CONTENT="öfversvämningarna"/>
						</TextLine>
						<TextLine ID="line_27" HPOS="199" VPOS="1152" WIDTH="737" HEIGHT="27">
							<String ID="string_222" HPOS="199" VPOS="1152" WIDTH="39" HEIGHT="21" WC="0.96" CONTENT="och"/><SP WIDTH="16" VPOS="1152" HPOS="238"/>
							<String ID="string_223" HPOS="254" VPOS="1158" WIDTH="35" HEIGHT="15" WC="0.91" CONTENT="om"/><SP WIDTH="17" VPOS="1158" HPOS="289"/>
							<String ID="string_224" HPOS="306" VPOS="1152" WIDTH="127" HEIGHT="27" WC="0.91" CONTENT="vidtagande"/><SP WIDTH="15" VPOS="1152" HPOS="433"/>
							<String ID="string_225" HPOS="448" VPOS="1152" WIDTH="22" HEIGHT="22" WC="0.96" CONTENT="af"/><SP WIDTH="13" VPOS="1152" HPOS="470"/>
							<String ID="string_226" HPOS="483" VPOS="1153" WIDTH="6" HEIGHT="20" WC="0.96" CONTENT="i"/><SP WIDTH="16" VPOS="1153" HPOS="489"/>
							<String ID="string_227" HPOS="505" VPOS="1153" WIDTH="102" HEIGHT="21" WC="0.94" CONTENT="samband"/><SP WIDTH="16" VPOS="1153" HPOS="607"/>
							<String ID="string_228" HPOS="623" VPOS="1153" WIDTH="88" HEIGHT="21" WC="0.96" CONTENT="därmed"/><SP WIDTH="17" VPOS="1153" HPOS="711"/>
							<String ID="string_229" HPOS="728" VPOS="1152" WIDTH="88" HEIGHT="22" WC="0.96" CONTENT="stående"/><SP WIDTH="16" VPOS="1152" HPOS="816"/>
							<String ID="string_230" HPOS="832" VPOS="1152" WIDTH="104" HEIGHT="27" WC="0.95" CONTENT="åtgärder."/>
						</TextLine>
					</TextBlock>
				</ComposedBlock>
				<ComposedBlock ID="cblock_9" HPOS="197" VPOS="1209" WIDTH="829" HEIGHT="311">
					<TextBlock ID="block_8" HPOS="197" VPOS="1209" WIDTH="829" HEIGHT="311">
						<TextLine ID="line_28" HPOS="268" VPOS="1209" WIDTH="758" HEIGHT="27">
							<String ID="string_231" HPOS="268" VPOS="1210" WIDTH="33" HEIGHT="20" WC="0.93" CONTENT="Hr"/><SP WIDTH="19" VPOS="1210" HPOS="301"/>
							<String ID="string_232" HPOS="320" VPOS="1209" WIDTH="144" HEIGHT="27" WC="0.91" CONTENT="Tallgvist"/><SP WIDTH="18" VPOS="1209" HPOS="464"/>
							<String ID="string_233" HPOS="482" VPOS="1210" WIDTH="70" HEIGHT="20" WC="0.96" CONTENT="anhöll"/><SP WIDTH="16" VPOS="1210" HPOS="552"/>
							<String ID="string_234" HPOS="568" VPOS="1216" WIDTH="34" HEIGHT="14" WC="0.96" CONTENT="om"/><SP WIDTH="17" VPOS="1216" HPOS="602"/>
							<String ID="string_235" HPOS="619" VPOS="1210" WIDTH="61" HEIGHT="20" WC="0.96" CONTENT="ordet"/><SP WIDTH="15" VPOS="1210" HPOS="680"/>
							<String ID="string_236" HPOS="695" VPOS="1210" WIDTH="39" HEIGHT="20" WC="0.97" CONTENT="och"/><SP WIDTH="15" VPOS="1210" HPOS="734"/>
							<String ID="string_237" HPOS="749" VPOS="1210" WIDTH="95" HEIGHT="26" WC="0.96" CONTENT="yttrade:"/><SP WIDTH="30" VPOS="1210" HPOS="844"/>
							<String ID="string_238" HPOS="874" VPOS="1210" WIDTH="41" HEIGHT="20" WC="0.96" CONTENT="För"/><SP WIDTH="16" VPOS="1210" HPOS="915"/>
							<String ID="string_239" HPOS="931" VPOS="1210" WIDTH="43" HEIGHT="20" WC="0.96" CONTENT="min"/><SP WIDTH="16" VPOS="1210" HPOS="974"/>
							<String ID="string_240" HPOS="990" VPOS="1209" WIDTH="36" HEIGHT="21" WC="0.61" CONTENT="del"/>
						</TextLine>
						<TextLine ID="line_29" HPOS="198" VPOS="1237" WIDTH="826" HEIGHT="28">
							<String ID="string_241" HPOS="198" VPOS="1238" WIDTH="70" HEIGHT="20" WC="0.96" CONTENT="skulle"/><SP WIDTH="12" VPOS="1238" HPOS="268"/>
							<String ID="string_242" HPOS="280" VPOS="1238" WIDTH="38" HEIGHT="26" WC="0.96" CONTENT="jag"/><SP WIDTH="14" VPOS="1238" HPOS="318"/>
							<String ID="string_243" HPOS="332" VPOS="1238" WIDTH="53" HEIGHT="26" WC="0.96" CONTENT="våga"/><SP WIDTH="15" VPOS="1238" HPOS="385"/>
							<String ID="string_244" HPOS="400" VPOS="1237" WIDTH="79" HEIGHT="22" WC="0.96" CONTENT="föreslå"/><SP WIDTH="14" VPOS="1237" HPOS="479"/>
							<String ID="string_245" HPOS="493" VPOS="1240" WIDTH="31" HEIGHT="19" WC="0.93" CONTENT="att"/><SP WIDTH="13" VPOS="1240" HPOS="524"/>
							<String ID="string_246" HPOS="537" VPOS="1238" WIDTH="176" HEIGHT="27" WC="0.91" CONTENT="borgareståndet"/><SP WIDTH="15" VPOS="1238" HPOS="713"/>
							<String ID="string_247" HPOS="728" VPOS="1238" WIDTH="70" HEIGHT="21" WC="0.96" CONTENT="skulle"/><SP WIDTH="15" VPOS="1238" HPOS="798"/>
							<String ID="string_248" HPOS="813" VPOS="1237" WIDTH="95" HEIGHT="21" WC="0.93" CONTENT="förkasta"/><SP WIDTH="10" VPOS="1237" HPOS="908"/>
							<String ID="string_249" HPOS="918" VPOS="1237" WIDTH="106" HEIGHT="25" WC="0.92" CONTENT="klämmen"/>
						</TextLine>
						<TextLine ID="line_30" HPOS="198" VPOS="1266" WIDTH="827" HEIGHT="27">
							<String ID="string_250" HPOS="198" VPOS="1266" WIDTH="6" HEIGHT="20" WC="0.96" CONTENT="i"/><SP WIDTH="24" VPOS="1266" HPOS="204"/>
							<String ID="string_251" HPOS="228" VPOS="1266" WIDTH="59" HEIGHT="21" WC="0.96" CONTENT="detta"/><SP WIDTH="22" VPOS="1266" HPOS="287"/>
							<String ID="string_252" HPOS="309" VPOS="1266" WIDTH="134" HEIGHT="21" WC="0.96" CONTENT="betänkande"/><SP WIDTH="22" VPOS="1266" HPOS="443"/>
							<String ID="string_253" HPOS="465" VPOS="1266" WIDTH="39" HEIGHT="22" WC="0.96" CONTENT="och"/><SP WIDTH="18" VPOS="1266" HPOS="504"/>
							<String ID="string_254" HPOS="522" VPOS="1266" WIDTH="62" HEIGHT="27" WC="0.93" CONTENT="lägga"/><SP WIDTH="15" VPOS="1266" HPOS="584"/>
							<String ID="string_255" HPOS="599" VPOS="1266" WIDTH="207" HEIGHT="27" WC="0.91" CONTENT="petitionsförslaget"/><SP WIDTH="14" VPOS="1266" HPOS="806"/>
							<String ID="string_256" HPOS="820" VPOS="1266" WIDTH="27" HEIGHT="21" WC="0.91" CONTENT="ad"/><SP WIDTH="15" VPOS="1266" HPOS="847"/>
							<String ID="string_257" HPOS="862" VPOS="1268" WIDTH="52" HEIGHT="19" WC="0.91" CONTENT="acta."/><SP WIDTH="30" VPOS="1268" HPOS="914"/>
							<String ID="string_258" HPOS="944" VPOS="1266" WIDTH="42" HEIGHT="20" WC="0.96" CONTENT="Det"/><SP WIDTH="15" VPOS="1266" HPOS="986"/>
							<String ID="string_259" HPOS="1001" VPOS="1268" WIDTH="24" HEIGHT="18" WC="0.96" CONTENT="är"/>
						</TextLine>
						<TextLine ID="line_31" HPOS="198" VPOS="1294" WIDTH="825" HEIGHT="27">
							<String ID="string_260" HPOS="198" VPOS="1294" WIDTH="33" HEIGHT="21" WC="0.96" CONTENT="väl"/><SP WIDTH="23" VPOS="1294" HPOS="231"/>
							<String ID="string_261" HPOS="254" VPOS="1297" WIDTH="49" HEIGHT="18" WC="0.96" CONTENT="sant"/><SP WIDTH="22" VPOS="1297" HPOS="303"/>
							<String ID="string_262" HPOS="325" VPOS="1294" WIDTH="50" HEIGHT="21" WC="0.34" CONTENT="att"/><SP WIDTH="-8" VPOS="1294" HPOS="375"/>
							<String ID="string_263" HPOS="367" VPOS="1290" WIDTH="12" HEIGHT="36" WC="0.34" CONTENT="i"/><SP WIDTH="11" VPOS="1290" HPOS="379"/>
							<String ID="string_264" HPOS="390" VPOS="1295" WIDTH="59" HEIGHT="21" WC="0.96" CONTENT="detta"/><SP WIDTH="22" VPOS="1295" HPOS="449"/>
							<String ID="string_265" HPOS="471" VPOS="1295" WIDTH="132" HEIGHT="21" WC="0.91" CONTENT="betänkande"/><SP WIDTH="23" VPOS="1295" HPOS="603"/>
							<String ID="string_266" HPOS="626" VPOS="1295" WIDTH="87" HEIGHT="21" WC="0.91" CONTENT="beröres"/><SP WIDTH="19" VPOS="1295" HPOS="713"/>
							<String ID="string_267" HPOS="732" VPOS="1301" WIDTH="26" HEIGHT="15" WC="0.96" CONTENT="en"/><SP WIDTH="16" VPOS="1301" HPOS="758"/>
							<String ID="string_268" HPOS="774" VPOS="1294" WIDTH="84" HEIGHT="27" WC="0.96" CONTENT="mycket"/><SP WIDTH="15" VPOS="1294" HPOS="858"/>
							<String ID="string_269" HPOS="873" VPOS="1294" WIDTH="96" HEIGHT="26" WC="0.95" CONTENT="allvarlig"/><SP WIDTH="15" VPOS="1294" HPOS="969"/>
							<String ID="string_270" HPOS="984" VPOS="1294" WIDTH="39" HEIGHT="21" WC="0.96" CONTENT="och"/>
						</TextLine>
						<TextLine ID="line_32" HPOS="197" VPOS="1322" WIDTH="828" HEIGHT="28">
							<String ID="string_271" HPOS="197" VPOS="1322" WIDTH="33" HEIGHT="22" WC="0.96" CONTENT="för"/><SP WIDTH="23" VPOS="1322" HPOS="230"/>
							<String ID="string_272" HPOS="253" VPOS="1323" WIDTH="73" HEIGHT="21" WC="0.96" CONTENT="landet"/><SP WIDTH="18" VPOS="1323" HPOS="326"/>
							<String ID="string_273" HPOS="344" VPOS="1323" WIDTH="64" HEIGHT="26" WC="0.96" CONTENT="högst"/><SP WIDTH="15" VPOS="1323" HPOS="408"/>
							<String ID="string_274" HPOS="423" VPOS="1323" WIDTH="67" HEIGHT="27" WC="0.96" CONTENT="viktig"/><SP WIDTH="15" VPOS="1323" HPOS="490"/>
							<String ID="string_275" HPOS="505" VPOS="1324" WIDTH="43" HEIGHT="20" WC="0.86" CONTENT="sak."/><SP WIDTH="37" VPOS="1324" HPOS="548"/>
							<String ID="string_276" HPOS="585" VPOS="1324" WIDTH="47" HEIGHT="20" WC="0.95" CONTENT="Den"/><SP WIDTH="17" VPOS="1324" HPOS="632"/>
							<String ID="string_277" HPOS="649" VPOS="1325" WIDTH="36" HEIGHT="19" WC="0.96" CONTENT="rör"/><SP WIDTH="20" VPOS="1325" HPOS="685"/>
							<String ID="string_278" HPOS="705" VPOS="1324" WIDTH="26" HEIGHT="20" WC="0.92" CONTENT="de"/><SP WIDTH="20" VPOS="1324" HPOS="731"/>
							<String ID="string_279" HPOS="751" VPOS="1323" WIDTH="204" HEIGHT="26" WC="0.90" CONTENT="öfversvämningar,"/><SP WIDTH="22" VPOS="1323" HPOS="955"/>
							<String ID="string_280" HPOS="977" VPOS="1328" WIDTH="48" HEIGHT="16" WC="0.96" CONTENT="som"/>
						</TextLine>
						<TextLine ID="line_33" HPOS="198" VPOS="1351" WIDTH="827" HEIGHT="27">
							<String ID="string_281" HPOS="198" VPOS="1351" WIDTH="133" HEIGHT="27" WC="0.96" CONTENT="olyckligtvis"/><SP WIDTH="20" VPOS="1351" HPOS="331"/>
							<String ID="string_282" HPOS="351" VPOS="1352" WIDTH="68" HEIGHT="20" WC="0.96" CONTENT="under"/><SP WIDTH="22" VPOS="1352" HPOS="419"/>
							<String ID="string_283" HPOS="441" VPOS="1352" WIDTH="27" HEIGHT="20" WC="0.96" CONTENT="de"/><SP WIDTH="18" VPOS="1352" HPOS="468"/>
							<String ID="string_284" HPOS="486" VPOS="1352" WIDTH="36" HEIGHT="20" WC="0.96" CONTENT="två"/><SP WIDTH="14" VPOS="1352" HPOS="522"/>
							<String ID="string_285" HPOS="536" VPOS="1352" WIDTH="53" HEIGHT="21" WC="0.96" CONTENT="sista"/><SP WIDTH="15" VPOS="1352" HPOS="589"/>
							<String ID="string_286" HPOS="604" VPOS="1352" WIDTH="51" HEIGHT="21" WC="0.96" CONTENT="åren"/><SP WIDTH="16" VPOS="1352" HPOS="655"/>
							<String ID="string_287" HPOS="671" VPOS="1352" WIDTH="81" HEIGHT="26" WC="0.95" CONTENT="ganska"/><SP WIDTH="15" VPOS="1352" HPOS="752"/>
							<String ID="string_288" HPOS="767" VPOS="1352" WIDTH="61" HEIGHT="20" WC="0.96" CONTENT="svårt"/><SP WIDTH="15" VPOS="1352" HPOS="828"/>
							<String ID="string_289" HPOS="843" VPOS="1351" WIDTH="90" HEIGHT="21" WC="0.96" CONTENT="drabbat"/><SP WIDTH="15" VPOS="1351" HPOS="933"/>
							<String ID="string_290" HPOS="948" VPOS="1351" WIDTH="77" HEIGHT="21" WC="0.96" CONTENT="landet."/>
						</TextLine>
						<TextLine ID="line_34" HPOS="197" VPOS="1379" WIDTH="828" HEIGHT="27">
							<String ID="string_291" HPOS="197" VPOS="1380" WIDTH="50" HEIGHT="21" WC="0.96" CONTENT="Men"/><SP WIDTH="27" VPOS="1380" HPOS="247"/>
							<String ID="string_292" HPOS="274" VPOS="1380" WIDTH="28" HEIGHT="21" WC="0.95" CONTENT="då"/><SP WIDTH="21" VPOS="1380" HPOS="302"/>
							<String ID="string_293" HPOS="323" VPOS="1380" WIDTH="32" HEIGHT="20" WC="0.96" CONTENT="uti"/><SP WIDTH="22" VPOS="1380" HPOS="355"/>
							<String ID="string_294" HPOS="377" VPOS="1380" WIDTH="144" HEIGHT="21" WC="0.93" CONTENT="betänkandet"/><SP WIDTH="21" VPOS="1380" HPOS="521"/>
							<String ID="string_295" HPOS="542" VPOS="1380" WIDTH="121" HEIGHT="21" WC="0.92" CONTENT="framhålles"/><SP WIDTH="22" VPOS="1380" HPOS="663"/>
							<String ID="string_296" HPOS="685" VPOS="1380" WIDTH="55" HEIGHT="21" WC="0.95" CONTENT="hvad"/><SP WIDTH="23" VPOS="1380" HPOS="740"/>
							<String ID="string_297" HPOS="763" VPOS="1380" WIDTH="126" HEIGHT="26" WC="0.96" CONTENT="regeringen"/><SP WIDTH="16" VPOS="1380" HPOS="889"/>
							<String ID="string_298" HPOS="905" VPOS="1380" WIDTH="66" HEIGHT="20" WC="0.96" CONTENT="redan"/><SP WIDTH="15" VPOS="1380" HPOS="971"/>
							<String ID="string_299" HPOS="986" VPOS="1379" WIDTH="39" HEIGHT="21" WC="0.96" CONTENT="har"/>
						</TextLine>
						<TextLine ID="line_35" HPOS="197" VPOS="1408" WIDTH="829" HEIGHT="27">
							<String ID="string_300" HPOS="197" VPOS="1408" WIDTH="58" HEIGHT="27" WC="0.96" CONTENT="gjort"/><SP WIDTH="16" VPOS="1408" HPOS="255"/>
							<String ID="string_301" HPOS="271" VPOS="1408" WIDTH="131" HEIGHT="21" WC="0.96" CONTENT="beträffande"/><SP WIDTH="19" VPOS="1408" HPOS="402"/>
							<String ID="string_302" HPOS="421" VPOS="1408" WIDTH="146" HEIGHT="22" WC="0.95" CONTENT="anskaffandet"/><SP WIDTH="16" VPOS="1408" HPOS="567"/>
							<String ID="string_303" HPOS="583" VPOS="1409" WIDTH="23" HEIGHT="21" WC="0.96" CONTENT="af"/><SP WIDTH="13" VPOS="1409" HPOS="606"/>
							<String ID="string_304" HPOS="619" VPOS="1409" WIDTH="120" HEIGHT="26" WC="0.93" CONTENT="utredning,"/><SP WIDTH="16" VPOS="1409" HPOS="739"/>
							<String ID="string_305" HPOS="755" VPOS="1408" WIDTH="82" HEIGHT="27" WC="0.91" CONTENT="hvarpå"/><SP WIDTH="15" VPOS="1408" HPOS="837"/>
							<String ID="string_306" HPOS="852" VPOS="1408" WIDTH="63" HEIGHT="21" WC="0.96" CONTENT="dessa"/><SP WIDTH="15" VPOS="1408" HPOS="915"/>
							<String ID="string_307" HPOS="930" VPOS="1408" WIDTH="96" HEIGHT="26" WC="0.96" CONTENT="ovanligt"/>
						</TextLine>
						<TextLine ID="line_36" HPOS="197" VPOS="1436" WIDTH="827" HEIGHT="28">
							<String ID="string_308" HPOS="197" VPOS="1436" WIDTH="56" HEIGHT="28" WC="0.93" CONTENT="höga"/><SP WIDTH="15" VPOS="1436" HPOS="253"/>
							<String ID="string_309" HPOS="268" VPOS="1436" WIDTH="105" HEIGHT="22" WC="0.91" CONTENT="vårfloder"/><SP WIDTH="15" VPOS="1436" HPOS="373"/>
							<String ID="string_310" HPOS="388" VPOS="1436" WIDTH="64" HEIGHT="22" WC="0.96" CONTENT="hafva"/><SP WIDTH="14" VPOS="1436" HPOS="452"/>
							<String ID="string_311" HPOS="466" VPOS="1437" WIDTH="77" HEIGHT="26" WC="0.96" CONTENT="berott,"/><SP WIDTH="16" VPOS="1437" HPOS="543"/>
							<String ID="string_312" HPOS="559" VPOS="1437" WIDTH="38" HEIGHT="21" WC="0.96" CONTENT="och"/><SP WIDTH="16" VPOS="1437" HPOS="597"/>
							<String ID="string_313" HPOS="613" VPOS="1440" WIDTH="30" HEIGHT="18" WC="0.96" CONTENT="att"/><SP WIDTH="16" VPOS="1440" HPOS="643"/>
							<String ID="string_314" HPOS="659" VPOS="1438" WIDTH="126" HEIGHT="26" WC="0.95" CONTENT="regeringen"/><SP WIDTH="15" VPOS="1438" HPOS="785"/>
							<String ID="string_315" HPOS="800" VPOS="1436" WIDTH="76" HEIGHT="22" WC="0.95" CONTENT="tillsatt"/><SP WIDTH="11" VPOS="1436" HPOS="876"/>
							<String ID="string_316" HPOS="887" VPOS="1442" WIDTH="25" HEIGHT="15" WC="0.92" CONTENT="en"/><SP WIDTH="12" VPOS="1442" HPOS="912"/>
							<String ID="string_317" HPOS="924" VPOS="1436" WIDTH="100" HEIGHT="21" WC="0.92" CONTENT="kommis-"/>
						</TextLine>
						<TextLine ID="line_37" HPOS="197" VPOS="1465" WIDTH="828" HEIGHT="27">
							<String ID="string_318" HPOS="197" VPOS="1465" WIDTH="53" HEIGHT="26" WC="0.96" CONTENT="sion,"/><SP WIDTH="22" VPOS="1465" HPOS="250"/>
							<String ID="string_319" HPOS="272" VPOS="1471" WIDTH="47" HEIGHT="15" WC="0.96" CONTENT="som"/><SP WIDTH="26" VPOS="1471" HPOS="319"/>
							<String ID="string_320" HPOS="345" VPOS="1465" WIDTH="38" HEIGHT="21" WC="0.96" CONTENT="har"/><SP WIDTH="23" VPOS="1465" HPOS="383"/>
							<String ID="string_321" HPOS="406" VPOS="1466" WIDTH="88" HEIGHT="20" WC="0.96" CONTENT="ärendet"/><SP WIDTH="15" VPOS="1466" HPOS="494"/>
							<String ID="string_322" HPOS="509" VPOS="1466" WIDTH="67" HEIGHT="20" WC="0.93" CONTENT="under"/><SP WIDTH="15" VPOS="1466" HPOS="576"/>
							<String ID="string_323" HPOS="591" VPOS="1466" WIDTH="163" HEIGHT="26" WC="0.88" CONTENT="öfvervägande,"/><SP WIDTH="15" VPOS="1466" HPOS="754"/>
							<String ID="string_324" HPOS="769" VPOS="1466" WIDTH="25" HEIGHT="20" WC="0.96" CONTENT="sä"/><SP WIDTH="16" VPOS="1466" HPOS="794"/>
							<String ID="string_325" HPOS="810" VPOS="1465" WIDTH="71" HEIGHT="27" WC="0.96" CONTENT="tycker"/><SP WIDTH="12" VPOS="1465" HPOS="881"/>
							<String ID="string_326" HPOS="893" VPOS="1465" WIDTH="38" HEIGHT="26" WC="0.96" CONTENT="jag"/><SP WIDTH="15" VPOS="1465" HPOS="931"/>
							<String ID="string_327" HPOS="946" VPOS="1467" WIDTH="31" HEIGHT="19" WC="0.93" CONTENT="att"/><SP WIDTH="16" VPOS="1467" HPOS="977"/>
							<String ID="string_328" HPOS="993" VPOS="1467" WIDTH="32" HEIGHT="18" WC="0.92" CONTENT="ut-"/>
						</TextLine>
						<TextLine ID="line_38" HPOS="197" VPOS="1492" WIDTH="829" HEIGHT="28">
							<String ID="string_329" HPOS="197" VPOS="1493" WIDTH="218" HEIGHT="21" WC="0.92" CONTENT="skottsbetänkandet"/><SP WIDTH="16" VPOS="1493" HPOS="415"/>
							<String ID="string_330" HPOS="431" VPOS="1494" WIDTH="55" HEIGHT="20" WC="0.96" CONTENT="hade"/><SP WIDTH="15" VPOS="1494" HPOS="486"/>
							<String ID="string_331" HPOS="501" VPOS="1494" WIDTH="47" HEIGHT="20" WC="0.93" CONTENT="bort"/><SP WIDTH="17" VPOS="1494" HPOS="548"/>
							<String ID="string_332" HPOS="565" VPOS="1498" WIDTH="102" HEIGHT="22" WC="0.92" CONTENT="utmynna"/><SP WIDTH="15" VPOS="1498" HPOS="667"/>
							<String ID="string_333" HPOS="682" VPOS="1494" WIDTH="45" HEIGHT="22" WC="0.91" CONTENT="däri"/><SP WIDTH="13" VPOS="1494" HPOS="727"/>
							<String ID="string_334" HPOS="740" VPOS="1496" WIDTH="30" HEIGHT="19" WC="0.96" CONTENT="att"/><SP WIDTH="15" VPOS="1496" HPOS="770"/>
							<String ID="string_335" HPOS="785" VPOS="1494" WIDTH="7" HEIGHT="20" WC="0.96" CONTENT="i"/><SP WIDTH="16" VPOS="1494" HPOS="792"/>
							<String ID="string_336" HPOS="808" VPOS="1494" WIDTH="65" HEIGHT="20" WC="0.96" CONTENT="saken"/><SP WIDTH="18" VPOS="1494" HPOS="873"/>
							<String ID="string_337" HPOS="891" VPOS="1500" WIDTH="27" HEIGHT="14" WC="0.96" CONTENT="nu"/><SP WIDTH="17" VPOS="1500" HPOS="918"/>
							<String ID="string_338" HPOS="935" VPOS="1492" WIDTH="32" HEIGHT="22" WC="0.93" CONTENT="för"/><SP WIDTH="17" VPOS="1492" HPOS="967"/>
							<String ID="string_339" HPOS="984" VPOS="1492" WIDTH="42" HEIGHT="21" WC="0.91" CONTENT="till-"/>
						</TextLine>
					</TextBlock>
				</ComposedBlock>
			</PrintSpace>
		</Page>
	</Layout>
</alto>
