1086 1773
187 112 42 22 394
431 119 143 21 Konstgjorda
584 119 191 21 gödslingsämnen.
925 118 13 16 6
951 118 60 20 april.

187 187 32 21 till
237 187 124 27 förordning
383 188 110 26 angående
515 187 90 23 handel
628 188 56 22 med
703 186 161 30 konstgjorda
879 186 132 28 gödslings-

187 217 90 21 ämnen
293 216 45 22 och
354 216 107 22 beredda
475 216 153 22 fodermedel
643 217 63 21 samt
720 216 184 25 utsädesvaror;

257 279 81 15 samma
361 273 94 22 utskotts
482 273 80 27 förslag
584 273 32 21 till
638 273 207 27 sammanjämkning
866 272 22 22 af
909 272 101 22 ständens

187 301 122 27 skiljaktiga
324 302 71 21 beslut
410 302 35 21 vid
460 302 156 27 behandlingen
631 302 23 21 af
667 302 117 21 utskottets
799 302 133 21 betänkande
948 307 33 15 n:o
997 301 14 20 4

186 330 7 20 i
215 329 116 28 anledning
353 330 23 22 af
395 331 28 21 H.
446 331 26 21 K.
492 331 50 21 M:ts
563 331 77 27 nädiga
658 330 133 28 proposition
809 336 35 16 n:o
859 330 26 21 21
902 329 109 28 angäende

186 358 136 50 Vlektriska
341 359 178 27 anläggningar
530 359 33 21 för
578 359 108 21 alstrande
701 358 22 22 af
738 359 42 27 ljus
796 358 39 22 och
851 358 129 27 öfverföring
990 358 23 21 af

201 389 50 23 raft;
268 390 55 18 samt

257 450 80 15 samma
346 444 94 22 utskotts
450 445 132 21 betänkande
590 451 34 15 n:o
634 445 12 21 6
654 445 6 21 i
669 445 115 26 anledning
792 444 22 21 af
820 446 32 19 ett
858 445 58 20 inom
925 444 24 21 R.
957 450 19 15 o.
984 443 25 22 A.

186 471 120 23 framstäldt
322 473 183 27 petitionsförslag
520 479 34 16 om
570 473 95 22 inlösen
681 473 39 22 för
735 473 159 22 statsvärkets
905 472 105 27 räkning

186 500 28 22 af
225 500 41 23 för
285 501 136 28 skogsbruk
444 501 116 29 lämpliga
577 501 99 23 marker
690 503 7 20 i
712 501 108 22 mellersta
842 501 39 22 och
896 501 63 22 södra
973 501 36 21 de-

185 529 61 21 larna
261 529 23 21 af
296 529 77 22 landet.

257 661 32 21 Hr
312 661 120 22 talmannen
454 663 122 21 meddelade
592 665 31 19 att
638 665 62 19 nästa
715 663 86 26 plenum
818 662 85 21 komme
969 668 40 21 ega

186 695 47 15 rum
250 690 177 22 nästkommande
441 691 71 27 tisdag
526 691 26 21 kl.
568 692 12 21 7
596 697 18 15 e.
630 698 26 14 m.
672 693 55 20 samt
742 691 68 35 därpå
819 691 92 49 följande
922 691 85 26 plenum

185 718 111 27 onsdagen
312 719 39 21 den
369 719 25 21 18
410 720 142 21 innevarande
567 720 53 27 april
636 720 100 21 likaledes
752 719 27 21 kl.
796 720 11 21 7

254 867 33 21 Hr
305 867 120 23 talmannen
447 868 139 28 tillkännagaf
599 871 32 19 att
648 869 24 21 hr
688 869 123 21 Killinen
828 868 87 22 anhållit
929 870 31 20 att
975 867 32 23 för

184 896 206 27 tjänsteåligganden
406 896 21 22 få
441 904 51 14 vara
507 897 140 22 frånvarande
662 897 46 22 från
719 898 63 26 plena
794 898 67 20 under
871 899 62 19 nästa
942 897 65 21 vecka

184 926 56 19 samt
255 925 109 21 eventuelt
379 925 62 21 äfven
455 925 47 22 från
517 926 67 21 första
598 926 87 27 plenum
701 926 53 22 efter
765 926 59 27 påsk,
835 926 37 21 hrr
885 926 121 21 Pentzin

183 952 40 21 och
245 953 110 22 Genetz
377 954 47 21 från
445 954 68 21 första
535 954 85 27 plenum
644 955 68 20 under
732 956 64 19 nästa
817 954 65 21 vecka
900 956 55 19 samt
969 954 38 21 hrr

184 981 146 22 Andersin
347 982 38 21 och
402 982 91 21 Savön
510 983 46 20 från
572 983 64 27 plena
646 983 68 22 under
725 985 62 19 nästa
797 983 66 21 vecka
873 985 55 19 samt
938 982 69 22 första

182 1009 88 27 plenum
287 1010 52 21 efter
354 1011 62 26 päsk;
432 1011 39 21 och
487 1011 44 22 blef
544 1011 61 22 deras
621 1011 97 22 anhållan
734 1011 23 22 af
770 1011 86 22 ståndet
872 1011 89 22 bifallen.

251 1142 39 21 Att
303 1143 83 26 justera
402 1143 95 22 ständets
514 1143 241 27 diskussionsprotokoll
776 1143 46 21 frän
839 1143 63 27 plena
917 1143 40 21 den
973 1143 33 25 20,

181 1170 28 21 23
232 1170 40 21 och
295 1171 26 21 27
343 1171 98 22 sistlidna
463 1178 56 15 mars
543 1172 61 27 utsäg
626 1172 25 21 hr
674 1172 122 21 talmannen
819 1171 36 21 hrr
876 1171 130 26 Sommer,

182 1198 79 21 Sikio
277 1199 39 22 och
333 1199 205 28 Schybergson.

249 1342 91 21 Plenum
355 1342 117 23 afslutades
487 1343 27 23 kl.
529 1344 39 26 9,15
584 1350 17 15 e.
616 1351 27 14 m.

791 1389 23 18 In
826 1389 65 18 fidem:

728 1425 27 20 A.
779 1423 23 22 V.
819 1423 117 28 Lindberg.
