1086 1778
70 115 29 17 30
112 115 60 20 april.
311 115 144 20 Konstgjorda
466 114 193 21 gödslingsämnen.
855 107 42 22 453

141 183 68 22 Ordet
223 183 104 28 begärdes
343 183 23 22 af

141 240 25 21 hr
182 241 151 26 Stigzelius,
349 247 46 15 som
410 240 94 27 yttrade:
532 241 50 21 Med
597 241 126 27 anslutning
737 241 31 21 till
783 240 56 22 hvad
849 241 49 21 bor-

72 269 137 28 gareständet
230 269 90 27 tidigare
335 269 89 22 beslutit
438 269 7 21 i
460 269 94 26 ärendet,
570 269 70 22 skulle
652 269 38 28 jag
705 269 84 22 anhälla
803 271 32 20 att
849 269 49 22 bor-

73 298 136 27 gareständet
230 297 49 22 ville
300 297 102 22 vidblifva
421 298 33 21 sin
477 298 56 21 åsikt
547 298 8 21 i
568 297 76 28 frågan
667 298 39 21 och
729 298 28 27 pä
772 298 40 21 den
828 297 70 28 grund

72 326 95 21 förkasta
182 326 329 27 sammanjämkningsförslaget.

141 384 33 21 Hr
195 379 111 25 Öhman:
335 384 42 26 Jag
392 383 71 21 anhöll
479 384 36 21 vid
531 386 85 19 senaste
632 384 87 27 plenum
735 390 34 14 om
785 383 113 33 bordlägg-

73 412 52 27 ning
148 411 24 22 af
191 412 60 21 detta
273 412 300 28 sammanjämkningsförslag
594 412 35 21 för
652 414 31 19 att
704 412 108 21 eventuelt
831 412 7 20 i
858 412 42 26 dag

72 441 86 21 komma
160 435 13 37 i
194 440 82 22 tillfälle
290 442 32 20 att
336 440 78 22 föreslä
429 443 32 19 att
476 441 184 27 borgareständet,
676 441 48 21 med
737 440 129 27 frängäende
878 439 23 22 af

73 470 38 21 sitt
133 470 90 26 tidigare
245 469 76 27 beslut,
341 469 67 22 skulle
427 471 50 25 taga
495 469 322 27 sammanjämkningsförslaget
831 469 68 21 under

73 498 130 27 behandling
217 498 34 21 för
265 500 32 19 att
311 486 124 39 därigenom
449 486 96 34 undvika
560 498 42 22 den
616 498 143 25 eventualitet,
770 504 47 15 som
827 497 72 21 kunde

73 527 35 21 stä
129 526 33 22 för
182 527 84 24 dörren,
288 529 32 19 att
341 527 88 21 ärendet
447 527 121 27 onödigtvis
586 527 69 21 skulle
670 526 125 28 hänskjutas
811 526 31 21 till
856 526 42 21 för-

74 556 69 21 stärkt
164 555 190 22 ekonomiutskott.
383 556 66 21 Detta
470 556 55 21 hade
540 556 108 26 nämligen
663 555 70 22 blifvit
746 555 65 26 fallet,
827 555 73 21 därest

74 586 78 20 tvänne
175 584 22 21 af
217 584 140 21 medständen
378 584 68 22 skulle
469 584 63 22 hafva
554 584 96 27 godkänt
672 583 227 28 sammanjämknings-

73 612 108 28 förslaget,
196 619 49 15 men
261 613 36 21 det
309 613 68 27 tredje
389 613 98 21 däremot
498 613 52 26 icke,
563 615 57 19 samt
630 612 178 28 borgareständet
816 612 27 21 dä
854 612 45 21 vid-

73 641 70 21 blifvit
162 642 37 20 sitt
213 641 90 27 tidigare
319 642 76 20 beslut.
425 642 125 21 Emellertid
565 641 104 27 föreligga
684 647 89 15 numera
788 642 111 20 samstäm-

74 670 57 26 miga
148 670 72 21 beslut
235 670 22 21 af
270 670 41 21 alla
326 670 141 32 medständen
482 670 33 21 för
531 670 155 26 godkännande
701 672 21 19 at
737 669 163 27 sammanjämk-

74 698 167 27 ningsförslaget
263 698 39 21 och
324 698 68 21 finner
411 698 39 27 jag
469 699 68 20 under
556 699 78 21 sädant
648 698 130 21 förhällande
793 698 47 21 icke
854 697 46 32 skäl

75 727 31 22 till
121 727 160 21 framställande
295 727 24 21 af
331 727 66 27 nägot
411 727 96 27 yrkande
521 727 136 22 härutinnan.

145 784 156 21 Diskussionen
321 784 130 21 förklarades
469 784 52 21 härä
536 783 99 27 afslutad,
650 783 106 22 hvarefter
771 783 26 22 hr
812 783 88 21 talman-

76 819 41 14 nen
139 812 31 21 till
193 813 96 21 ständets
309 813 133 21 besvarande
457 812 125 22 framstälde
597 812 93 28 följande
706 812 194 27 omröstningspro-

75 841 103 27 position:

147 898 38 27 De,
209 899 74 20 hvilka
303 899 117 27 godkänna
443 899 214 32 ekonomiutskottets
676 898 156 32 föreliggande
839 904 61 14 sam-

77 927 272 33 manjämkningsförslag,
362 929 60 19 rösta
432 927 41 28 ja;
489 927 31 27 de,
535 927 36 21 det
585 927 45 21 icke
644 929 60 26 göra,
720 929 60 19 rösta
795 926 49 27 nej;

146 963 79 14 vinner
239 956 43 28 nej,
298 956 42 21 har
355 940 176 48 borgareständet
546 956 108 27 förkastat
668 956 69 27 sagda
751 955 89 28 förslag.

146 1013 50 21 Med
211 1013 144 27 öfvevägande
370 1013 34 27 nej
418 1013 71 22 beslöt
505 1013 177 27 borgareständet
692 1012 95 22 förkasta
797 1017 105 16 samman-

75 1041 232 27 jämkningsförslaget.

147 1185 120 32 Föredrogs
290 1185 172 21 statsutskottets
477 1185 36 21 vid
533 1187 85 19 senaste
633 1185 87 27 plenum
736 1184 118 27 bordlagda
868 1184 36 21 be-

79 1213 106 22 tänkande
200 1220 34 15 n:o
249 1213 14 22 5
278 1213 7 21 i
300 1213 115 27 anledning
430 1213 23 22 af
469 1214 105 21 särskilda
590 1214 58 21 inom
662 1213 156 22 bondeståndet
828 1212 76 22 väckta

79 1241 182 28 petitionsförslag
275 1248 36 15 om
327 1241 231 28 skatteförmedling
572 1243 58 20 inom
646 1242 162 21 kusttrakterna
822 1240 22 22 af
854 1235 48 27 Äbo

79 1270 39 21 och
139 1270 151 27 Björneborgs,
305 1271 95 27 Nylands
422 1270 40 22 och
478 1271 57 21 Vasa
549 1271 35 21 län
600 1273 56 19 samt
670 1271 58 20 inom
744 1270 74 21 Kolari
833 1269 70 27 kapell

79 1298 22 22 af
122 1299 62 21 Kemi
206 1299 72 27 härad,
301 1299 109 22 äfvensom
432 1299 109 28 angäende
556 1299 160 27 fullständigt
731 1297 173 30 upphäfvande

79 1327 28 22 af
115 1312 166 48 jordskatten.

148 1385 33 21 Hr
206 1385 112 21 Erenius
344 1385 71 21 anhöll
445 1391 35 15 om
505 1385 63 21 ordet
592 1385 40 21 och
658 1385 92 27 yttrade:
788 1384 33 21 De
847 1385 57 20 stän-

79 1413 46 27 digt
140 1413 174 22 äterkommande
329 1414 143 26 petitionerna
487 1420 35 15 om
539 1413 198 27 skatteförmedling
750 1413 8 21 i
774 1413 58 21 vissa
846 1412 58 21 delar

79 1441 23 21 af
115 1441 77 26 landet,
208 1442 101 21 särskildt
323 1442 7 21 i
346 1442 26 21 de
387 1442 118 26 sydvästra,
517 1441 63 22 hafva
595 1441 34 22 väl
643 1441 46 21 haft
704 1443 30 19 ett
749 1441 55 21 visst
818 1440 87 22 berätti-

80 1470 74 26 gande,
178 1470 27 21 dä
227 1470 101 22 särskildt
347 1470 69 22 denna
439 1470 34 22 del
492 1470 23 22 af
528 1470 72 21 landet
615 1470 115 26 undergätt
745 1468 161 28 skattläggning

79 1498 66 22 redan
169 1499 67 21 under
259 1499 58 21 äldre
339 1498 55 22 tider
414 1499 39 21 och
472 1498 53 22 efter
544 1498 66 28 nägot
625 1498 67 22 andra
706 1498 96 22 metoder
818 1497 39 22 och
870 1497 35 21 be-
