<?xml version="1.0" encoding="UTF-8"?>
<alto xmlns="http://www.loc.gov/standards/alto/ns-v3#" xmlns:xlink="http://www.w3.org/1999/xlink" xmlns:xsi="http://www.w3.org/2001/XMLSchema-instance" xsi:schemaLocation="http://www.loc.gov/standards/alto/ns-v3# http://www.loc.gov/alto/v3/alto-3-0.xsd">
	<Description>
		<MeasurementUnit>pixel</MeasurementUnit>
		<sourceImageInformation>
			<fileName>/tmp/tess_mt06ttqh_input.PNG</fileName>
		</sourceImageInformation>
		<OCRProcessing ID="OCR_0">
			<ocrProcessingStep>
				<processingSoftware>
					<softwareName>tesseract 5.3.4</softwareName>
				</processingSoftware>
			</ocrProcessingStep>
		</OCRProcessing>
	</Description>
	<Layout>
		<Page WIDTH="1086" HEIGHT="1764" PHYSICAL_IMG_NR="0" ID="page_0">
			<PrintSpace HPOS="0" VPOS="0" WIDTH="1086" HEIGHT="1764">
				<ComposedBlock ID="cblock_0" HPOS="198" VPOS="98" WIDTH="821" HEIGHT="26">
					<TextBlock ID="block_0" HPOS="198" VPOS="98" WIDTH="821" HEIGHT="26">
						<TextLine ID="line_0" HPOS="198" VPOS="98" WIDTH="821" HEIGHT="26">
							<String ID="string_0" HPOS="198" VPOS="98" WIDTH="41" HEIGHT="21" WC="0.95" CONTENT="218"/><SP WIDTH="133" VPOS="98" HPOS="239"/>
							<String ID="string_1" HPOS="372" VPOS="104" WIDTH="204" HEIGHT="17" WC="0.91" CONTENT="Privatskollärares"/><SP WIDTH="13" VPOS="104" HPOS="576"/>
							<String ID="string_2" HPOS="589" VPOS="102" WIDTH="238" HEIGHT="22" WC="0.90" CONTENT="tjänsteårsberäkning."/><SP WIDTH="104" VPOS="102" HPOS="827"/>
							<String ID="string_3" HPOS="931" VPOS="101" WIDTH="13" HEIGHT="17" WC="0.96" CONTENT="6"/><SP WIDTH="13" VPOS="101" HPOS="944"/>
							<String ID="string_4" HPOS="957" VPOS="106" WIDTH="62" HEIGHT="12" WC="0.96" CONTENT="mars."/>
						</TextLine>
					</TextBlock>
				</ComposedBlock>
				<GraphicalElement ID="cblock_1" HPOS="198" VPOS="128" WIDTH="822" HEIGHT="9"></GraphicalElement >
				<ComposedBlock ID="cblock_2" HPOS="200" VPOS="169" WIDTH="821" HEIGHT="59">
					<TextBlock ID="block_1" HPOS="200" VPOS="169" WIDTH="821" HEIGHT="59">
						<TextLine ID="line_1" HPOS="267" VPOS="169" WIDTH="754" HEIGHT="30">
							<String ID="string_5" HPOS="267" VPOS="173" WIDTH="120" HEIGHT="26" WC="0.96" CONTENT="Föredrogs"/><SP WIDTH="22" VPOS="173" HPOS="387"/>
							<String ID="string_6" HPOS="409" VPOS="174" WIDTH="78" HEIGHT="19" WC="0.96" CONTENT="tvänne"/><SP WIDTH="22" VPOS="174" HPOS="487"/>
							<String ID="string_7" HPOS="509" VPOS="172" WIDTH="46" HEIGHT="21" WC="0.96" CONTENT="från"/><SP WIDTH="23" VPOS="172" HPOS="555"/>
							<String ID="string_8" HPOS="578" VPOS="172" WIDTH="109" HEIGHT="21" WC="0.93" CONTENT="allmänna"/><SP WIDTH="27" VPOS="172" HPOS="687"/>
							<String ID="string_9" HPOS="714" VPOS="170" WIDTH="195" HEIGHT="23" WC="0.77" CONTENT="besvärsutskottet"/><SP WIDTH="22" VPOS="170" HPOS="909"/>
							<String ID="string_10" HPOS="931" VPOS="169" WIDTH="90" HEIGHT="22" WC="0.96" CONTENT="anlända"/>
						</TextLine>
						<TextLine ID="line_2" HPOS="200" VPOS="201" WIDTH="368" HEIGHT="27">
							<String ID="string_11" HPOS="200" VPOS="201" WIDTH="122" HEIGHT="22" WC="0.91" CONTENT="skrifvelser"/><SP WIDTH="15" VPOS="201" HPOS="322"/>
							<String ID="string_12" HPOS="337" VPOS="201" WIDTH="23" HEIGHT="22" WC="0.96" CONTENT="af"/><SP WIDTH="12" VPOS="201" HPOS="360"/>
							<String ID="string_13" HPOS="372" VPOS="201" WIDTH="92" HEIGHT="27" WC="0.96" CONTENT="följande"/><SP WIDTH="15" VPOS="201" HPOS="464"/>
							<String ID="string_14" HPOS="479" VPOS="201" WIDTH="89" HEIGHT="27" WC="0.96" CONTENT="lydelse:"/>
						</TextLine>
					</TextBlock>
				</ComposedBlock>
				<ComposedBlock ID="cblock_3" HPOS="199" VPOS="277" WIDTH="411" HEIGHT="74">
					<TextBlock ID="block_2" HPOS="199" VPOS="277" WIDTH="411" HEIGHT="74">
						<TextLine ID="line_3" HPOS="292" VPOS="277" WIDTH="228" HEIGHT="24">
							<String ID="string_15" HPOS="292" VPOS="281" WIDTH="105" HEIGHT="20" WC="0.93" CONTENT="FINLANDS"/><SP WIDTH="13" VPOS="281" HPOS="397"/>
							<String ID="string_16" HPOS="410" VPOS="277" WIDTH="110" HEIGHT="23" WC="0.88" CONTENT="STÄNDERS"/>
						</TextLine>
						<TextLine ID="line_4" HPOS="199" VPOS="319" WIDTH="411" HEIGHT="32">
							<String ID="string_17" HPOS="199" VPOS="319" WIDTH="142" HEIGHT="31" WC="0.79" CONTENT="ALLMÄNNA"/><SP WIDTH="18" VPOS="319" HPOS="341"/>
							<String ID="string_18" HPOS="359" VPOS="319" WIDTH="251" HEIGHT="32" WC="0.90" CONTENT="BESVÄRSUTSKOTT."/>
						</TextLine>
					</TextBlock>
				</ComposedBlock>
				<ComposedBlock ID="cblock_4" HPOS="328" VPOS="375" WIDTH="162" HEIGHT="44">
					<TextBlock ID="block_3" HPOS="328" VPOS="375" WIDTH="162" HEIGHT="44">
						<TextLine ID="line_5" HPOS="355" VPOS="375" WIDTH="106" HEIGHT="7">
							<String ID="string_19" HPOS="355" VPOS="375" WIDTH="106" HEIGHT="7" WC="0.2" CONTENT="te"/>
						</TextLine>
						<TextLine ID="line_6" HPOS="328" VPOS="403" WIDTH="162" HEIGHT="16">
							<String ID="string_20" HPOS="328" VPOS="403" WIDTH="162" HEIGHT="16" WC="0.95" CONTENT="HELSINGFORS"/>
						</TextLine>
					</TextBlock>
				</ComposedBlock>
				<ComposedBlock ID="cblock_5" HPOS="313" VPOS="417" WIDTH="656" HEIGHT="46">
					<TextBlock ID="block_4" HPOS="313" VPOS="417" WIDTH="656" HEIGHT="46">
						<TextLine ID="line_7" HPOS="611" VPOS="417" WIDTH="358" HEIGHT="28">
							<String ID="string_21" HPOS="611" VPOS="417" WIDTH="41" HEIGHT="22" WC="0.93" CONTENT="Till"/><SP WIDTH="15" VPOS="417" HPOS="652"/>
							<String ID="string_22" HPOS="667" VPOS="417" WIDTH="105" HEIGHT="28" WC="0.90" CONTENT="vällofliga"/><SP WIDTH="15" VPOS="417" HPOS="772"/>
							<String ID="string_23" HPOS="787" VPOS="417" WIDTH="182" HEIGHT="27" WC="0.91" CONTENT="borgareståndet."/>
						</TextLine>
						<TextLine ID="line_8" HPOS="313" VPOS="445" WIDTH="190" HEIGHT="18">
							<String ID="string_24" HPOS="313" VPOS="445" WIDTH="34" HEIGHT="18" WC="0.96" CONTENT="den"/><SP WIDTH="12" VPOS="445" HPOS="347"/>
							<String ID="string_25" HPOS="359" VPOS="446" WIDTH="12" HEIGHT="17" WC="0.96" CONTENT="5"/><SP WIDTH="11" VPOS="446" HPOS="371"/>
							<String ID="string_26" HPOS="382" VPOS="451" WIDTH="52" HEIGHT="12" WC="0.96" CONTENT="mars"/><SP WIDTH="12" VPOS="451" HPOS="434"/>
							<String ID="string_27" HPOS="446" VPOS="446" WIDTH="57" HEIGHT="17" WC="0.95" CONTENT="1900."/>
						</TextLine>
					</TextBlock>
				</ComposedBlock>
				<ComposedBlock ID="cblock_6" HPOS="368" VPOS="525" WIDTH="75" HEIGHT="19">
					<TextBlock ID="block_5" HPOS="368" VPOS="525" WIDTH="75" HEIGHT="19">
						<TextLine ID="line_9" HPOS="368" VPOS="525" WIDTH="75" HEIGHT="19">
							<String ID="string_28" HPOS="368" VPOS="525" WIDTH="36" HEIGHT="19" WC="0.94" CONTENT="N:o"/><SP WIDTH="12" VPOS="525" HPOS="404"/>
							<String ID="string_29" HPOS="416" VPOS="526" WIDTH="27" HEIGHT="17" WC="0.94" CONTENT="29."/>
						</TextLine>
					</TextBlock>
				</ComposedBlock>
				<ComposedBlock ID="cblock_7" HPOS="200" VPOS="583" WIDTH="826" HEIGHT="342">
					<TextBlock ID="block_6" HPOS="200" VPOS="583" WIDTH="826" HEIGHT="342">
						<TextLine ID="line_10" HPOS="269" VPOS="583" WIDTH="754" HEIGHT="22">
							<String ID="string_30" HPOS="269" VPOS="583" WIDTH="114" HEIGHT="22" WC="0.93" CONTENT="Allmänna"/><SP WIDTH="14" VPOS="583" HPOS="383"/>
							<String ID="string_31" HPOS="397" VPOS="583" WIDTH="196" HEIGHT="22" WC="0.92" CONTENT="besvärsutskottet"/><SP WIDTH="14" VPOS="583" HPOS="593"/>
							<String ID="string_32" HPOS="607" VPOS="583" WIDTH="32" HEIGHT="22" WC="0.96" CONTENT="får"/><SP WIDTH="15" VPOS="583" HPOS="639"/>
							<String ID="string_33" HPOS="654" VPOS="583" WIDTH="87" HEIGHT="22" WC="0.96" CONTENT="härmed"/><SP WIDTH="16" VPOS="583" HPOS="741"/>
							<String ID="string_34" HPOS="757" VPOS="585" WIDTH="51" HEIGHT="19" WC="0.96" CONTENT="äran"/><SP WIDTH="22" VPOS="585" HPOS="808"/>
							<String ID="string_35" HPOS="830" VPOS="583" WIDTH="97" HEIGHT="21" WC="0.96" CONTENT="meddela"/><SP WIDTH="14" VPOS="583" HPOS="927"/>
							<String ID="string_36" HPOS="941" VPOS="585" WIDTH="32" HEIGHT="19" WC="0.93" CONTENT="att"/><SP WIDTH="15" VPOS="585" HPOS="973"/>
							<String ID="string_37" HPOS="988" VPOS="589" WIDTH="35" HEIGHT="15" WC="0.93" CONTENT="en-"/>
						</TextLine>
						<TextLine ID="line_11" HPOS="200" VPOS="611" WIDTH="824" HEIGHT="28">
							<String ID="string_38" HPOS="200" VPOS="613" WIDTH="39" HEIGHT="26" WC="0.96" CONTENT="ligt"/><SP WIDTH="22" VPOS="613" HPOS="239"/>
							<String ID="string_39" HPOS="261" VPOS="612" WIDTH="105" HEIGHT="21" WC="0.93" CONTENT="utskottet"/><SP WIDTH="22" VPOS="612" HPOS="366"/>
							<String ID="string_40" HPOS="388" VPOS="612" WIDTH="180" HEIGHT="21" WC="0.88" CONTENT="tillhandakomna"/><SP WIDTH="22" VPOS="612" HPOS="568"/>
							<String ID="string_41" HPOS="590" VPOS="612" WIDTH="198" HEIGHT="27" WC="0.91" CONTENT="protokollsutdrag"/><SP WIDTH="18" VPOS="612" HPOS="788"/>
							<String ID="string_42" HPOS="806" VPOS="611" WIDTH="47" HEIGHT="22" WC="0.95" CONTENT="från"/><SP WIDTH="17" VPOS="611" HPOS="853"/>
							<String ID="string_43" HPOS="870" VPOS="612" WIDTH="89" HEIGHT="21" WC="0.96" CONTENT="stånden"/><SP WIDTH="16" VPOS="612" HPOS="959"/>
							<String ID="string_44" HPOS="975" VPOS="612" WIDTH="49" HEIGHT="21" WC="0.95" CONTENT="dess"/>
						</TextLine>
						<TextLine ID="line_12" HPOS="200" VPOS="640" WIDTH="824" HEIGHT="28">
							<String ID="string_45" HPOS="200" VPOS="641" WIDTH="134" HEIGHT="21" WC="0.96" CONTENT="betänkande"/><SP WIDTH="18" VPOS="641" HPOS="334"/>
							<String ID="string_46" HPOS="352" VPOS="647" WIDTH="33" HEIGHT="14" WC="0.93" CONTENT="n:o"/><SP WIDTH="17" VPOS="647" HPOS="385"/>
							<String ID="string_47" HPOS="402" VPOS="641" WIDTH="10" HEIGHT="20" WC="0.96" CONTENT="1"/><SP WIDTH="17" VPOS="641" HPOS="412"/>
							<String ID="string_48" HPOS="429" VPOS="641" WIDTH="7" HEIGHT="20" WC="0.96" CONTENT="i"/><SP WIDTH="15" VPOS="641" HPOS="436"/>
							<String ID="string_49" HPOS="451" VPOS="641" WIDTH="115" HEIGHT="27" WC="0.96" CONTENT="anledning"/><SP WIDTH="14" VPOS="641" HPOS="566"/>
							<String ID="string_50" HPOS="580" VPOS="640" WIDTH="23" HEIGHT="22" WC="0.96" CONTENT="af"/><SP WIDTH="18" VPOS="640" HPOS="603"/>
							<String ID="string_51" HPOS="621" VPOS="643" WIDTH="31" HEIGHT="19" WC="0.96" CONTENT="ett"/><SP WIDTH="14" VPOS="643" HPOS="652"/>
							<String ID="string_52" HPOS="666" VPOS="641" WIDTH="8" HEIGHT="21" WC="0.93" CONTENT="i"/><SP WIDTH="15" VPOS="641" HPOS="674"/>
							<String ID="string_53" HPOS="689" VPOS="641" WIDTH="177" HEIGHT="27" WC="0.92" CONTENT="borgareståndet"/><SP WIDTH="23" VPOS="641" HPOS="866"/>
							<String ID="string_54" HPOS="889" VPOS="641" WIDTH="61" HEIGHT="21" WC="0.92" CONTENT="väckt"/><SP WIDTH="22" VPOS="641" HPOS="950"/>
							<String ID="string_55" HPOS="972" VPOS="641" WIDTH="52" HEIGHT="26" WC="0.92" CONTENT="peti-"/>
						</TextLine>
						<TextLine ID="line_13" HPOS="201" VPOS="669" WIDTH="824" HEIGHT="28">
							<String ID="string_56" HPOS="201" VPOS="669" WIDTH="138" HEIGHT="28" WC="0.91" CONTENT="tionsförslag"/><SP WIDTH="22" VPOS="669" HPOS="339"/>
							<String ID="string_57" HPOS="361" VPOS="675" WIDTH="34" HEIGHT="15" WC="0.92" CONTENT="om"/><SP WIDTH="23" VPOS="675" HPOS="395"/>
							<String ID="string_58" HPOS="418" VPOS="669" WIDTH="230" HEIGHT="28" WC="0.91" CONTENT="privatskollärares"/><SP WIDTH="22" VPOS="669" HPOS="648"/>
							<String ID="string_59" HPOS="670" VPOS="669" WIDTH="46" HEIGHT="22" WC="0.88" CONTENT="och"/><SP WIDTH="21" VPOS="669" HPOS="716"/>
							<String ID="string_60" HPOS="737" VPOS="669" WIDTH="166" HEIGHT="22" WC="0.88" CONTENT="-lärarinnors"/><SP WIDTH="15" VPOS="669" HPOS="903"/>
							<String ID="string_61" HPOS="918" VPOS="669" WIDTH="51" HEIGHT="22" WC="0.96" CONTENT="rätt"/><SP WIDTH="14" VPOS="669" HPOS="969"/>
							<String ID="string_62" HPOS="983" VPOS="669" WIDTH="42" HEIGHT="22" WC="0.96" CONTENT="till"/>
						</TextLine>
						<TextLine ID="line_14" HPOS="201" VPOS="697" WIDTH="823" HEIGHT="30">
							<String ID="string_63" HPOS="201" VPOS="697" WIDTH="268" HEIGHT="30" WC="0.92" CONTENT="tjänsteårsberäkning"/><SP WIDTH="22" VPOS="697" HPOS="469"/>
							<String ID="string_64" HPOS="491" VPOS="698" WIDTH="35" HEIGHT="21" WC="0.92" CONTENT="vid"/><SP WIDTH="22" VPOS="698" HPOS="526"/>
							<String ID="string_65" HPOS="548" VPOS="698" WIDTH="117" HEIGHT="27" WC="0.91" CONTENT="öfvergång"/><SP WIDTH="22" VPOS="698" HPOS="665"/>
							<String ID="string_66" HPOS="687" VPOS="698" WIDTH="31" HEIGHT="21" WC="0.95" CONTENT="till"/><SP WIDTH="22" VPOS="698" HPOS="718"/>
							<String ID="string_67" HPOS="740" VPOS="699" WIDTH="82" HEIGHT="20" WC="0.96" CONTENT="statens"/><SP WIDTH="17" VPOS="699" HPOS="822"/>
							<String ID="string_68" HPOS="839" VPOS="697" WIDTH="66" HEIGHT="27" WC="0.96" CONTENT="tjänst"/><SP WIDTH="15" VPOS="697" HPOS="905"/>
							<String ID="string_69" HPOS="920" VPOS="699" WIDTH="55" HEIGHT="20" WC="0.96" CONTENT="samt"/><SP WIDTH="14" VPOS="699" HPOS="975"/>
							<String ID="string_70" HPOS="989" VPOS="704" WIDTH="35" HEIGHT="15" WC="0.97" CONTENT="om"/>
						</TextLine>
						<TextLine ID="line_15" HPOS="201" VPOS="726" WIDTH="824" HEIGHT="27">
							<String ID="string_71" HPOS="201" VPOS="727" WIDTH="198" HEIGHT="26" WC="0.90" CONTENT="privatskollärares"/><SP WIDTH="22" VPOS="727" HPOS="399"/>
							<String ID="string_72" HPOS="421" VPOS="727" WIDTH="129" HEIGHT="26" WC="0.96" CONTENT="delaktighet"/><SP WIDTH="22" VPOS="727" HPOS="550"/>
							<String ID="string_73" HPOS="572" VPOS="727" WIDTH="7" HEIGHT="21" WC="0.93" CONTENT="i"/><SP WIDTH="15" VPOS="727" HPOS="579"/>
							<String ID="string_74" HPOS="594" VPOS="727" WIDTH="130" HEIGHT="21" WC="0.91" CONTENT="skolstatens"/><SP WIDTH="22" VPOS="727" HPOS="724"/>
							<String ID="string_75" HPOS="746" VPOS="727" WIDTH="63" HEIGHT="20" WC="0.90" CONTENT="änke-"/><SP WIDTH="23" VPOS="727" HPOS="809"/>
							<String ID="string_76" HPOS="832" VPOS="726" WIDTH="40" HEIGHT="21" WC="0.88" CONTENT="och"/><SP WIDTH="22" VPOS="726" HPOS="872"/>
							<String ID="string_77" HPOS="894" VPOS="726" WIDTH="131" HEIGHT="27" WC="0.88" CONTENT="pupillkassa"/>
						</TextLine>
						<TextLine ID="line_16" HPOS="201" VPOS="754" WIDTH="823" HEIGHT="28">
							<String ID="string_78" HPOS="201" VPOS="755" WIDTH="70" HEIGHT="21" WC="0.96" CONTENT="blifvit"/><SP WIDTH="14" VPOS="755" HPOS="271"/>
							<String ID="string_79" HPOS="285" VPOS="755" WIDTH="22" HEIGHT="21" WC="0.96" CONTENT="af"/><SP WIDTH="13" VPOS="755" HPOS="307"/>
							<String ID="string_80" HPOS="320" VPOS="755" WIDTH="147" HEIGHT="27" WC="0.96" CONTENT="ridderskapet"/><SP WIDTH="15" VPOS="755" HPOS="467"/>
							<String ID="string_81" HPOS="482" VPOS="755" WIDTH="39" HEIGHT="22" WC="0.96" CONTENT="och"/><SP WIDTH="15" VPOS="755" HPOS="521"/>
							<String ID="string_82" HPOS="536" VPOS="755" WIDTH="68" HEIGHT="26" WC="0.92" CONTENT="adeln,"/><SP WIDTH="18" VPOS="755" HPOS="604"/>
							<String ID="string_83" HPOS="622" VPOS="755" WIDTH="100" HEIGHT="27" WC="0.91" CONTENT="borgare-"/><SP WIDTH="19" VPOS="755" HPOS="722"/>
							<String ID="string_84" HPOS="741" VPOS="755" WIDTH="40" HEIGHT="21" WC="0.97" CONTENT="och"/><SP WIDTH="17" VPOS="755" HPOS="781"/>
							<String ID="string_85" HPOS="798" VPOS="755" WIDTH="157" HEIGHT="21" WC="0.93" CONTENT="bondeståndet"/><SP WIDTH="14" VPOS="755" HPOS="955"/>
							<String ID="string_86" HPOS="969" VPOS="754" WIDTH="55" HEIGHT="22" WC="0.92" CONTENT="oför-"/>
						</TextLine>
						<TextLine ID="line_17" HPOS="201" VPOS="783" WIDTH="824" HEIGHT="28">
							<String ID="string_87" HPOS="201" VPOS="784" WIDTH="91" HEIGHT="21" WC="0.92" CONTENT="ändradt"/><SP WIDTH="23" VPOS="784" HPOS="292"/>
							<String ID="string_88" HPOS="315" VPOS="784" WIDTH="113" HEIGHT="27" WC="0.91" CONTENT="godkändt,"/><SP WIDTH="22" VPOS="784" HPOS="428"/>
							<String ID="string_89" HPOS="450" VPOS="790" WIDTH="48" HEIGHT="15" WC="0.95" CONTENT="men"/><SP WIDTH="19" VPOS="790" HPOS="498"/>
							<String ID="string_90" HPOS="517" VPOS="783" WIDTH="23" HEIGHT="22" WC="0.96" CONTENT="af"/><SP WIDTH="18" VPOS="783" HPOS="540"/>
							<String ID="string_91" HPOS="558" VPOS="784" WIDTH="160" HEIGHT="27" WC="0.96" CONTENT="prästeståndet"/><SP WIDTH="13" VPOS="784" HPOS="718"/>
							<String ID="string_92" HPOS="731" VPOS="784" WIDTH="48" HEIGHT="21" WC="0.96" CONTENT="med"/><SP WIDTH="16" VPOS="784" HPOS="779"/>
							<String ID="string_93" HPOS="795" VPOS="784" WIDTH="40" HEIGHT="21" WC="0.97" CONTENT="den"/><SP WIDTH="15" VPOS="784" HPOS="835"/>
							<String ID="string_94" HPOS="850" VPOS="783" WIDTH="129" HEIGHT="27" WC="0.96" CONTENT="förändring,"/><SP WIDTH="15" VPOS="783" HPOS="979"/>
							<String ID="string_95" HPOS="994" VPOS="786" WIDTH="31" HEIGHT="19" WC="0.96" CONTENT="att"/>
						</TextLine>
						<TextLine ID="line_18" HPOS="201" VPOS="812" WIDTH="825" HEIGHT="27">
							<String ID="string_96" HPOS="201" VPOS="819" WIDTH="64" HEIGHT="14" WC="0.92" CONTENT="mom."/><SP WIDTH="17" VPOS="819" HPOS="265"/>
							<String ID="string_97" HPOS="282" VPOS="812" WIDTH="21" HEIGHT="27" WC="0.88" CONTENT="b)"/><SP WIDTH="15" VPOS="812" HPOS="303"/>
							<String ID="string_98" HPOS="318" VPOS="813" WIDTH="7" HEIGHT="20" WC="0.96" CONTENT="i"/><SP WIDTH="16" VPOS="813" HPOS="325"/>
							<String ID="string_99" HPOS="341" VPOS="813" WIDTH="35" HEIGHT="20" WC="0.96" CONTENT="det"/><SP WIDTH="14" VPOS="813" HPOS="376"/>
							<String ID="string_100" HPOS="390" VPOS="812" WIDTH="67" HEIGHT="21" WC="0.93" CONTENT="första"/><SP WIDTH="15" VPOS="812" HPOS="457"/>
							<String ID="string_101" HPOS="472" VPOS="813" WIDTH="168" HEIGHT="26" WC="0.91" CONTENT="slutstyrkandet"/><SP WIDTH="16" VPOS="813" HPOS="640"/>
							<String ID="string_102" HPOS="656" VPOS="813" WIDTH="114" HEIGHT="21" WC="0.96" CONTENT="uteslutits."/><SP WIDTH="25" VPOS="813" HPOS="770"/>
							<String ID="string_103" HPOS="795" VPOS="812" WIDTH="34" HEIGHT="21" WC="0.96" CONTENT="Då"/><SP WIDTH="12" VPOS="812" HPOS="829"/>
							<String ID="string_104" HPOS="841" VPOS="812" WIDTH="82" HEIGHT="21" WC="0.93" CONTENT="således"/><SP WIDTH="11" VPOS="812" HPOS="923"/>
							<String ID="string_105" HPOS="934" VPOS="812" WIDTH="92" HEIGHT="27" WC="0.92" CONTENT="lagenlig"/>
						</TextLine>
						<TextLine ID="line_19" HPOS="201" VPOS="841" WIDTH="824" HEIGHT="27">
							<String ID="string_106" HPOS="201" VPOS="841" WIDTH="110" HEIGHT="27" WC="0.92" CONTENT="pluralitet"/><SP WIDTH="14" VPOS="841" HPOS="311"/>
							<String ID="string_107" HPOS="325" VPOS="841" WIDTH="33" HEIGHT="21" WC="0.96" CONTENT="för"/><SP WIDTH="15" VPOS="841" HPOS="358"/>
							<String ID="string_108" HPOS="373" VPOS="841" WIDTH="40" HEIGHT="21" WC="0.96" CONTENT="den"/><SP WIDTH="16" VPOS="841" HPOS="413"/>
							<String ID="string_109" HPOS="429" VPOS="841" WIDTH="22" HEIGHT="21" WC="0.96" CONTENT="af"/><SP WIDTH="14" VPOS="841" HPOS="451"/>
							<String ID="string_110" HPOS="465" VPOS="841" WIDTH="103" HEIGHT="21" WC="0.96" CONTENT="utskottet"/><SP WIDTH="17" VPOS="841" HPOS="568"/>
							<String ID="string_111" HPOS="585" VPOS="841" WIDTH="122" HEIGHT="27" WC="0.93" CONTENT="föreslagna"/><SP WIDTH="10" VPOS="841" HPOS="707"/>
							<String ID="string_112" HPOS="717" VPOS="841" WIDTH="204" HEIGHT="27" WC="0.91" CONTENT="ständerpetitionen"/><SP WIDTH="11" VPOS="841" HPOS="921"/>
							<String ID="string_113" HPOS="932" VPOS="841" WIDTH="93" HEIGHT="26" WC="0.96" CONTENT="vunnits,"/>
						</TextLine>
						<TextLine ID="line_20" HPOS="201" VPOS="869" WIDTH="824" HEIGHT="28">
							<String ID="string_114" HPOS="201" VPOS="869" WIDTH="38" HEIGHT="22" WC="0.96" CONTENT="har"/><SP WIDTH="23" VPOS="869" HPOS="239"/>
							<String ID="string_115" HPOS="262" VPOS="870" WIDTH="110" HEIGHT="26" WC="0.96" CONTENT="utskottet,"/><SP WIDTH="16" VPOS="870" HPOS="372"/>
							<String ID="string_116" HPOS="388" VPOS="869" WIDTH="83" HEIGHT="28" WC="0.95" CONTENT="jämlikt"/><SP WIDTH="18" VPOS="869" HPOS="471"/>
							<String ID="string_117" HPOS="489" VPOS="870" WIDTH="22" HEIGHT="21" WC="0.93" CONTENT="L."/><SP WIDTH="16" VPOS="870" HPOS="511"/>
							<String ID="string_118" HPOS="527" VPOS="870" WIDTH="36" HEIGHT="21" WC="0.91" CONTENT="O:s"/><SP WIDTH="16" VPOS="870" HPOS="563"/>
							<String ID="string_119" HPOS="579" VPOS="870" WIDTH="11" HEIGHT="27" WC="0.89" CONTENT="&amp;"/><SP WIDTH="16" VPOS="870" HPOS="590"/>
							<String ID="string_120" HPOS="606" VPOS="870" WIDTH="33" HEIGHT="26" WC="0.93" CONTENT="67,"/><SP WIDTH="23" VPOS="870" HPOS="639"/>
							<String ID="string_121" HPOS="662" VPOS="869" WIDTH="140" HEIGHT="22" WC="0.92" CONTENT="öfverlämnat"/><SP WIDTH="17" VPOS="869" HPOS="802"/>
							<String ID="string_122" HPOS="819" VPOS="869" WIDTH="27" HEIGHT="22" WC="0.95" CONTENT="de"/><SP WIDTH="14" VPOS="869" HPOS="846"/>
							<String ID="string_123" HPOS="860" VPOS="869" WIDTH="7" HEIGHT="21" WC="0.95" CONTENT="i"/><SP WIDTH="15" VPOS="869" HPOS="867"/>
							<String ID="string_124" HPOS="882" VPOS="869" WIDTH="87" HEIGHT="22" WC="0.93" CONTENT="ärendet"/><SP WIDTH="15" VPOS="869" HPOS="969"/>
							<String ID="string_125" HPOS="984" VPOS="869" WIDTH="41" HEIGHT="22" WC="0.91" CONTENT="till-"/>
						</TextLine>
						<TextLine ID="line_21" HPOS="201" VPOS="898" WIDTH="542" HEIGHT="27">
							<String ID="string_126" HPOS="201" VPOS="898" WIDTH="80" HEIGHT="21" WC="0.96" CONTENT="komna"/><SP WIDTH="14" VPOS="898" HPOS="281"/>
							<String ID="string_127" HPOS="295" VPOS="898" WIDTH="151" HEIGHT="27" WC="0.96" CONTENT="handlingarna"/><SP WIDTH="17" VPOS="898" HPOS="446"/>
							<String ID="string_128" HPOS="463" VPOS="899" WIDTH="22" HEIGHT="20" WC="0.93" CONTENT="åt"/><SP WIDTH="14" VPOS="899" HPOS="485"/>
							<String ID="string_129" HPOS="499" VPOS="898" WIDTH="244" HEIGHT="27" WC="0.91" CONTENT="expeditionsutskottet."/>
						</TextLine>
					</TextBlock>
				</ComposedBlock>
				<ComposedBlock ID="cblock_8" HPOS="484" VPOS="955" WIDTH="266" HEIGHT="79">
					<TextBlock ID="block_7" HPOS="484" VPOS="955" WIDTH="266" HEIGHT="79">
						<TextLine ID="line_22" HPOS="484" VPOS="955" WIDTH="266" HEIGHT="28">
							<String ID="string_130" HPOS="484" VPOS="956" WIDTH="31" HEIGHT="21" WC="0.96" CONTENT="På"/><SP WIDTH="15" VPOS="956" HPOS="515"/>
							<String ID="string_131" HPOS="530" VPOS="955" WIDTH="116" HEIGHT="22" WC="0.96" CONTENT="utskottets"/><SP WIDTH="16" VPOS="955" HPOS="646"/>
							<String ID="string_132" HPOS="662" VPOS="957" WIDTH="88" HEIGHT="26" WC="0.96" CONTENT="vägnar:"/>
						</TextLine>
						<TextLine ID="line_23" HPOS="541" VPOS="1013" WIDTH="150" HEIGHT="21">
							<String ID="string_133" HPOS="541" VPOS="1013" WIDTH="24" HEIGHT="20" WC="0.92" CONTENT="A."/><SP WIDTH="16" VPOS="1013" HPOS="565"/>
							<String ID="string_134" HPOS="581" VPOS="1013" WIDTH="110" HEIGHT="21" WC="0.94" CONTENT="Auvinen."/>
						</TextLine>
					</TextBlock>
				</ComposedBlock>
				<ComposedBlock ID="cblock_9" HPOS="772" VPOS="1069" WIDTH="185" HEIGHT="23">
					<TextBlock ID="block_8" HPOS="772" VPOS="1069" WIDTH="185" HEIGHT="23">
						<TextLine ID="line_24" HPOS="772" VPOS="1069" WIDTH="185" HEIGHT="23">
							<String ID="string_135" HPOS="772" VPOS="1069" WIDTH="62" HEIGHT="23" WC="0.95" CONTENT="Georg"/><SP WIDTH="12" VPOS="1069" HPOS="834"/>
							<String ID="string_136" HPOS="846" VPOS="1069" WIDTH="111" HEIGHT="18" WC="0.95" CONTENT="Schauman."/>
						</TextLine>
					</TextBlock>
				</ComposedBlock>
				<ComposedBlock ID="cblock_10" HPOS="203" VPOS="1158" WIDTH="409" HEIGHT="73">
					<TextBlock ID="block_9" HPOS="203" VPOS="1158" WIDTH="409" HEIGHT="73">
						<TextLine ID="line_25" HPOS="295" VPOS="1158" WIDTH="227" HEIGHT="23">
							<String ID="string_137" HPOS="295" VPOS="1161" WIDTH="106" HEIGHT="20" WC="0.86" CONTENT="FINLANDS"/><SP WIDTH="13" VPOS="1161" HPOS="401"/>
							<String ID="string_138" HPOS="414" VPOS="1158" WIDTH="108" HEIGHT="23" WC="0.72" CONTENT="STÄNDERS"/>
						</TextLine>
						<TextLine ID="line_26" HPOS="203" VPOS="1198" WIDTH="409" HEIGHT="33">
							<String ID="string_139" HPOS="203" VPOS="1198" WIDTH="143" HEIGHT="31" WC="0.93" CONTENT="ALLMÄNNA"/><SP WIDTH="18" VPOS="1198" HPOS="346"/>
							<String ID="string_140" HPOS="364" VPOS="1199" WIDTH="248" HEIGHT="32" WC="0.86" CONTENT="BESVÄRSUTSKOTT."/>
						</TextLine>
					</TextBlock>
				</ComposedBlock>
				<ComposedBlock ID="cblock_11" HPOS="331" VPOS="1283" WIDTH="162" HEIGHT="16">
					<TextBlock ID="block_10" HPOS="331" VPOS="1283" WIDTH="162" HEIGHT="16">
						<TextLine ID="line_27" HPOS="331" VPOS="1283" WIDTH="162" HEIGHT="16">
							<String ID="string_141" HPOS="331" VPOS="1283" WIDTH="162" HEIGHT="16" WC="0.96" CONTENT="HELSINGFORS"/>
						</TextLine>
					</TextBlock>
				</ComposedBlock>
				<ComposedBlock ID="cblock_12" HPOS="313" VPOS="1299" WIDTH="660" HEIGHT="44">
					<TextBlock ID="block_11" HPOS="313" VPOS="1299" WIDTH="660" HEIGHT="44">
						<TextLine ID="line_28" HPOS="614" VPOS="1299" WIDTH="359" HEIGHT="28">
							<String ID="string_142" HPOS="614" VPOS="1300" WIDTH="40" HEIGHT="21" WC="0.93" CONTENT="Till"/><SP WIDTH="16" VPOS="1300" HPOS="654"/>
							<String ID="string_143" HPOS="670" VPOS="1299" WIDTH="106" HEIGHT="28" WC="0.91" CONTENT="vällofliga"/><SP WIDTH="14" VPOS="1299" HPOS="776"/>
							<String ID="string_144" HPOS="790" VPOS="1299" WIDTH="183" HEIGHT="27" WC="0.92" CONTENT="borgareständet."/>
						</TextLine>
						<TextLine ID="line_29" HPOS="313" VPOS="1325" WIDTH="191" HEIGHT="18">
							<String ID="string_145" HPOS="313" VPOS="1325" WIDTH="36" HEIGHT="18" WC="0.96" CONTENT="den"/><SP WIDTH="12" VPOS="1325" HPOS="349"/>
							<String ID="string_146" HPOS="361" VPOS="1326" WIDTH="12" HEIGHT="17" WC="0.96" CONTENT="5"/><SP WIDTH="11" VPOS="1326" HPOS="373"/>
							<String ID="string_147" HPOS="384" VPOS="1331" WIDTH="52" HEIGHT="12" WC="0.96" CONTENT="mars"/><SP WIDTH="12" VPOS="1331" HPOS="436"/>
							<String ID="string_148" HPOS="448" VPOS="1326" WIDTH="56" HEIGHT="17" WC="0.96" CONTENT="1900."/>
						</TextLine>
					</TextBlock>
				</ComposedBlock>
				<ComposedBlock ID="cblock_13" HPOS="375" VPOS="1406" WIDTH="75" HEIGHT="19">
					<TextBlock ID="block_12" HPOS="375" VPOS="1406" WIDTH="75" HEIGHT="19">
						<TextLine ID="line_30" HPOS="375" VPOS="1406" WIDTH="75" HEIGHT="19">
							<String ID="string_149" HPOS="375" VPOS="1406" WIDTH="37" HEIGHT="19" WC="0.96" CONTENT="N:o"/><SP WIDTH="11" VPOS="1406" HPOS="412"/>
							<String ID="string_150" HPOS="423" VPOS="1407" WIDTH="27" HEIGHT="17" WC="0.96" CONTENT="30."/>
						</TextLine>
					</TextBlock>
				</ComposedBlock>
				<ComposedBlock ID="cblock_14" HPOS="203" VPOS="1452" WIDTH="824" HEIGHT="58">
					<TextBlock ID="block_13" HPOS="203" VPOS="1452" WIDTH="824" HEIGHT="58">
						<TextLine ID="line_31" HPOS="213" VPOS="1452" WIDTH="814" HEIGHT="31">
							<String ID="string_151" HPOS="213" VPOS="1479" WIDTH="4" HEIGHT="4" WC="0.28" CONTENT="+"/><SP WIDTH="31" VPOS="1479" HPOS="217"/>
							<String ID="string_152" HPOS="248" VPOS="1448" WIDTH="13" HEIGHT="39" WC="0.53" CONTENT="="/><SP WIDTH="12" VPOS="1448" HPOS="261"/>
							<String ID="string_153" HPOS="273" VPOS="1452" WIDTH="114" HEIGHT="21" WC="0.85" CONTENT="Allmänna"/><SP WIDTH="23" VPOS="1452" HPOS="387"/>
							<String ID="string_154" HPOS="410" VPOS="1453" WIDTH="192" HEIGHT="22" WC="0.72" CONTENT="besvärsutskottet"/><SP WIDTH="14" VPOS="1453" HPOS="602"/>
							<String ID="string_155" HPOS="616" VPOS="1453" WIDTH="32" HEIGHT="22" WC="0.96" CONTENT="får"/><SP WIDTH="16" VPOS="1453" HPOS="648"/>
							<String ID="string_156" HPOS="664" VPOS="1454" WIDTH="87" HEIGHT="21" WC="0.96" CONTENT="härmed"/><SP WIDTH="16" VPOS="1454" HPOS="751"/>
							<String ID="string_157" HPOS="767" VPOS="1456" WIDTH="51" HEIGHT="19" WC="0.95" CONTENT="äran"/><SP WIDTH="15" VPOS="1456" HPOS="818"/>
							<String ID="string_158" HPOS="833" VPOS="1453" WIDTH="97" HEIGHT="22" WC="0.96" CONTENT="meddela"/><SP WIDTH="15" VPOS="1453" HPOS="930"/>
							<String ID="string_159" HPOS="945" VPOS="1455" WIDTH="31" HEIGHT="20" WC="0.92" CONTENT="att"/><SP WIDTH="15" VPOS="1455" HPOS="976"/>
							<String ID="string_160" HPOS="991" VPOS="1459" WIDTH="36" HEIGHT="16" WC="0.92" CONTENT="en-"/>
						</TextLine>
						<TextLine ID="line_32" HPOS="203" VPOS="1479" WIDTH="824" HEIGHT="31">
							<String ID="string_161" HPOS="203" VPOS="1479" WIDTH="40" HEIGHT="28" WC="0.92" CONTENT="ligt"/><SP WIDTH="21" VPOS="1479" HPOS="243"/>
							<String ID="string_162" HPOS="264" VPOS="1481" WIDTH="106" HEIGHT="22" WC="0.92" CONTENT="utskottet"/><SP WIDTH="22" VPOS="1481" HPOS="370"/>
							<String ID="string_163" HPOS="392" VPOS="1481" WIDTH="180" HEIGHT="23" WC="0.89" CONTENT="tillhandakomna"/><SP WIDTH="20" VPOS="1481" HPOS="572"/>
							<String ID="string_164" HPOS="592" VPOS="1483" WIDTH="201" HEIGHT="27" WC="0.90" CONTENT="protokollsutdrag"/><SP WIDTH="17" VPOS="1483" HPOS="793"/>
							<String ID="string_165" HPOS="810" VPOS="1482" WIDTH="47" HEIGHT="22" WC="0.92" CONTENT="frän"/><SP WIDTH="16" VPOS="1482" HPOS="857"/>
							<String ID="string_166" HPOS="873" VPOS="1483" WIDTH="90" HEIGHT="21" WC="0.93" CONTENT="ständen"/><SP WIDTH="16" VPOS="1483" HPOS="963"/>
							<String ID="string_167" HPOS="979" VPOS="1482" WIDTH="48" HEIGHT="21" WC="0.95" CONTENT="dess"/>
						</TextLine>
					</TextBlock>
				</ComposedBlock>
			</PrintSpace>
		</Page>
	</Layout>
</alto>
