1084 1756
197 104 29 21 26
512 111 82 22 Nädigt
605 112 107 21 telegram.
947 112 23 31 a
980 111 42 20 jan.

308 213 151 34 Onsdagen
478 215 55 26 den
553 215 31 26 31
602 203 115 46 jannari
736 215 40 26 kl.
793 214 32 26 12
845 222 24 26 p.
888 215 24 26 d.

268 283 41 20 Vid
331 283 117 21 värkstäldt
469 290 84 21 upprop
574 283 105 22 befunnos
695 284 97 21 ständets
808 283 98 27 samtliga
923 283 100 22 medlem-

199 317 46 14 mar
266 312 137 25 närvarande,
423 311 94 22 förutom
538 313 37 20 hrr
595 313 132 20 Lindblom
747 312 39 21 och
808 312 90 24 Lindh,
918 311 22 22 af
954 311 70 22 hvilka

199 339 40 21 den
256 339 56 21 förre
327 329 89 38 tidigare
432 341 99 21 utvärkat
545 341 33 27 sig
588 341 93 21 tillstånd
693 343 31 19 att
734 341 102 21 uteblifva
848 341 38 20 och
897 341 40 21 den
949 347 76 14 senare

196 367 26 21 af
235 368 98 26 sjukdom
349 375 38 14 var
402 369 89 21 hindrad
507 371 31 19 att
555 369 135 27 uppkomma.

269 465 32 20 Hr
317 465 121 21 talmannen
454 465 99 27 uppläste
569 472 26 14 en
610 465 46 22 från
673 466 52 21 hans
741 465 105 22 excellens
862 465 163 27 generalguver-

199 495 67 19 nören
282 493 78 22 anländ
376 493 114 28 sälydande
506 493 121 22 skrifvelse:

881 586 144 27 Öfversättning.

269 625 39 21 Till
324 625 48 22 herr
387 626 122 21 talmannen
524 625 33 22 för
573 626 182 27 borgareståndet.

270 688 69 28 Sedan
357 688 37 27 jag
414 689 155 26 underdånigst
584 688 104 22 framstält
703 688 33 21 för
752 688 78 21 HANS
847 687 178 23 KEJSERLIGA

199 716 150 22 MAJESTÄT
365 717 26 21 de
405 717 23 21 af
442 717 115 21 ständerna
572 717 35 21 vid
623 717 122 27 öppnandet
760 716 22 21 af
796 717 87 26 lagtima
898 716 126 27 landtdagen

201 745 106 26 uttryckta
329 745 115 22 känslorna
466 745 22 22 af
508 745 69 22 finska
599 745 77 29 folkets
700 745 112 26 orubbliga
830 745 71 21 trohet
919 745 38 21 och
972 751 53 20 upp-

199 774 78 26 riktiga
297 774 140 26 tillgifvenhet
457 774 32 21 för
510 775 37 21 vår
566 770 83 26 HÖGA
667 774 127 28 MONARK
806 774 68 26 jämte
888 774 61 21 deras
965 774 61 20 vörd-

199 802 107 21 nadsfulla
326 803 165 25 välönskningar
510 803 33 21 för
565 803 78 21 HANS
659 799 155 29 MAJESTÄT,
830 802 96 21 DERAS
942 802 84 22 MAJE-

200 827 112 25 STÄTER
334 820 252 34 KEJSARINNORNA,
610 820 290 44 Storfursten-Tronföljaren
924 831 39 21 och
980 831 47 20 hela

199 859 38 21 det
259 859 180 22 KEJSERLIGA
462 860 76 26 Huset,
557 855 38 26 har
607 860 38 26 jag
659 860 45 21 haft
718 860 74 26 lyckan
808 859 45 21 från
870 859 77 21 HANS
965 859 61 21 KEJ-

200 887 126 22 SERLIGA
341 885 149 25 MAJESTÄT
506 877 109 38 emottaga
629 888 93 27 följande
737 888 111 26 telegram:

272 945 53 27 »Jag
347 945 71 21 tackar
440 946 119 26 uppriktigt
583 946 113 20 ständerna
715 944 33 22 för
770 945 26 21 de
816 944 23 22 af
858 945 47 21 dem
922 944 105 27 uttryckta

200 973 116 21 känslorna
331 973 22 21 af
367 974 71 21 trohet
454 974 38 21 och
508 974 141 26 tillgifvenhet
664 973 32 21 för
712 974 45 26 Mig
772 973 40 21 och
827 974 47 20 mitt
890 973 68 21 Hus>.

801 1024 156 21 »NIKOLAL>.

270 1082 69 20 Dessa
357 1082 79 21 HANS
452 1082 180 22 KEJSERLIGA
648 1078 166 25 MAJESTÄTS
830 1081 143 27 höggunstiga
989 1081 38 21 ord

198 1116 66 15 anser
283 1110 38 27 jag
341 1110 32 21 för
393 1110 60 27 lycka
474 1112 31 20 att
525 1110 96 21 meddela
636 1111 56 20 Eder
708 1110 34 21 för
758 1112 31 19 att
804 1110 32 21 för
852 1109 175 27 borgareståndet

200 1138 115 26 kungöras.

280 1196 180 26 seneraladjutant
476 1196 116 21 Bobrikoff.

269 1252 24 21 T.
307 1252 14 21 f.
337 1252 172 22 kanslidirektor:
526 1252 25 21 A.
568 1259 41 14 von
625 1252 113 21 Minkwitz.

271 1304 202 32 Öfversättningens
488 1309 102 27 riktighet
605 1309 119 27 bestyrker:
741 1309 25 21 A.
784 1308 111 27 Cajander.

270 1366 42 21 Vid
330 1366 142 26 uppläsandet
487 1366 23 21 af
523 1366 36 21 det
574 1366 76 26 nådiga
665 1365 148 27 telegrammet
829 1367 57 19 reste
902 1365 32 27 sig
949 1365 24 21 hr
990 1364 38 21 tal-

200 1400 93 15 mannen
308 1394 39 21 och
363 1395 97 21 ståndets
477 1395 142 20 medlemmar.
