<?xml version="1.0" encoding="UTF-8"?>
<alto xmlns="http://www.loc.gov/standards/alto/ns-v3#" xmlns:xlink="http://www.w3.org/1999/xlink" xmlns:xsi="http://www.w3.org/2001/XMLSchema-instance" xsi:schemaLocation="http://www.loc.gov/standards/alto/ns-v3# http://www.loc.gov/alto/v3/alto-3-0.xsd">
	<Description>
		<MeasurementUnit>pixel</MeasurementUnit>
		<sourceImageInformation>
			<fileName>/tmp/tess_5qm94dc__input.PNG</fileName>
		</sourceImageInformation>
		<OCRProcessing ID="OCR_0">
			<ocrProcessingStep>
				<processingSoftware>
					<softwareName>tesseract 5.3.4</softwareName>
				</processingSoftware>
			</ocrProcessingStep>
		</OCRProcessing>
	</Description>
	<Layout>
		<Page WIDTH="1086" HEIGHT="1748" PHYSICAL_IMG_NR="0" ID="page_0">
			<PrintSpace HPOS="0" VPOS="0" WIDTH="1086" HEIGHT="1748">
				<ComposedBlock ID="cblock_0" HPOS="46" VPOS="101" WIDTH="829" HEIGHT="25">
					<TextBlock ID="block_0" HPOS="46" VPOS="101" WIDTH="829" HEIGHT="25">
						<TextLine ID="line_0" HPOS="46" VPOS="101" WIDTH="829" HEIGHT="25">
							<String ID="string_0" HPOS="46" VPOS="109" WIDTH="29" HEIGHT="17" WC="0.94" CONTENT="23"/><SP WIDTH="12" VPOS="109" HPOS="75"/>
							<String ID="string_1" HPOS="87" VPOS="113" WIDTH="63" HEIGHT="13" WC="0.94" CONTENT="mars."/><SP WIDTH="207" VPOS="113" HPOS="150"/>
							<String ID="string_2" HPOS="357" VPOS="108" WIDTH="97" HEIGHT="16" WC="0.91" CONTENT="Beredda"/><SP WIDTH="11" VPOS="108" HPOS="454"/>
							<String ID="string_3" HPOS="465" VPOS="108" WIDTH="136" HEIGHT="17" WC="0.95" CONTENT="fodermedel."/><SP WIDTH="233" VPOS="108" HPOS="601"/>
							<String ID="string_4" HPOS="834" VPOS="101" WIDTH="41" HEIGHT="22" WC="0.96" CONTENT="301"/>
						</TextLine>
					</TextBlock>
				</ComposedBlock>
				<ComposedBlock ID="cblock_1" HPOS="44" VPOS="176" WIDTH="832" HEIGHT="365">
					<TextBlock ID="block_1" HPOS="48" VPOS="176" WIDTH="828" HEIGHT="50">
						<TextLine ID="line_1" HPOS="48" VPOS="176" WIDTH="828" HEIGHT="28">
							<String ID="string_5" HPOS="48" VPOS="176" WIDTH="56" HEIGHT="22" WC="0.92" CONTENT="selta"/><SP WIDTH="21" VPOS="176" HPOS="104"/>
							<String ID="string_6" HPOS="125" VPOS="176" WIDTH="79" HEIGHT="28" WC="0.92" CONTENT="puolen"/><SP WIDTH="22" VPOS="176" HPOS="204"/>
							<String ID="string_7" HPOS="226" VPOS="178" WIDTH="60" HEIGHT="25" WC="0.93" CONTENT="myös"/><SP WIDTH="15" VPOS="178" HPOS="286"/>
							<String ID="string_8" HPOS="301" VPOS="178" WIDTH="136" HEIGHT="24" WC="0.91" CONTENT="vastustettu,"/><SP WIDTH="14" VPOS="178" HPOS="437"/>
							<String ID="string_9" HPOS="451" VPOS="176" WIDTH="61" HEIGHT="27" WC="0.93" CONTENT="joten"/><SP WIDTH="16" VPOS="176" HPOS="512"/>
							<String ID="string_10" HPOS="528" VPOS="176" WIDTH="135" HEIGHT="27" WC="0.92" CONTENT="epätietoista"/><SP WIDTH="14" VPOS="176" HPOS="663"/>
							<String ID="string_11" HPOS="677" VPOS="182" WIDTH="34" HEIGHT="20" WC="0.93" CONTENT="on,"/><SP WIDTH="16" VPOS="182" HPOS="711"/>
							<String ID="string_12" HPOS="727" VPOS="176" WIDTH="65" HEIGHT="22" WC="0.91" CONTENT="tokko"/><SP WIDTH="16" VPOS="176" HPOS="792"/>
							<String ID="string_13" HPOS="808" VPOS="176" WIDTH="68" HEIGHT="22" WC="0.91" CONTENT="siellä-"/>
						</TextLine>
						<TextLine ID="line_2" HPOS="48" VPOS="204" WIDTH="468" HEIGHT="22">
							<String ID="string_14" HPOS="48" VPOS="205" WIDTH="55" HEIGHT="21" WC="0.90" CONTENT="kään"/><SP WIDTH="17" VPOS="205" HPOS="103"/>
							<String ID="string_15" HPOS="120" VPOS="205" WIDTH="122" HEIGHT="21" WC="0.92" CONTENT="tämmöistä"/><SP WIDTH="14" VPOS="205" HPOS="242"/>
							<String ID="string_16" HPOS="256" VPOS="204" WIDTH="56" HEIGHT="22" WC="0.92" CONTENT="lakia"/><SP WIDTH="14" VPOS="204" HPOS="312"/>
							<String ID="string_17" HPOS="326" VPOS="205" WIDTH="92" HEIGHT="21" WC="0.92" CONTENT="saadaan"/><SP WIDTH="16" VPOS="205" HPOS="418"/>
							<String ID="string_18" HPOS="434" VPOS="205" WIDTH="82" HEIGHT="21" WC="0.91" CONTENT="aikaan."/>
						</TextLine>
					</TextBlock>
					<TextBlock ID="block_2" HPOS="44" VPOS="233" WIDTH="832" HEIGHT="256">
						<TextLine ID="line_3" HPOS="118" VPOS="233" WIDTH="756" HEIGHT="27">
							<String ID="string_19" HPOS="118" VPOS="234" WIDTH="39" HEIGHT="22" WC="0.96" CONTENT="Jos"/><SP WIDTH="22" VPOS="234" HPOS="157"/>
							<String ID="string_20" HPOS="179" VPOS="234" WIDTH="59" HEIGHT="20" WC="0.96" CONTENT="minä"/><SP WIDTH="20" VPOS="234" HPOS="238"/>
							<String ID="string_21" HPOS="258" VPOS="235" WIDTH="38" HEIGHT="25" WC="0.93" CONTENT="nyt"/><SP WIDTH="20" VPOS="235" HPOS="296"/>
							<String ID="string_22" HPOS="316" VPOS="233" WIDTH="115" HEIGHT="21" WC="0.90" CONTENT="koettaisin"/><SP WIDTH="23" VPOS="233" HPOS="431"/>
							<String ID="string_23" HPOS="454" VPOS="234" WIDTH="96" HEIGHT="26" WC="0.90" CONTENT="supistaa"/><SP WIDTH="15" VPOS="234" HPOS="550"/>
							<String ID="string_24" HPOS="565" VPOS="240" WIDTH="44" HEIGHT="20" WC="0.93" CONTENT="sen,"/><SP WIDTH="16" VPOS="240" HPOS="609"/>
							<String ID="string_25" HPOS="625" VPOS="233" WIDTH="72" HEIGHT="21" WC="0.92" CONTENT="minkä"/><SP WIDTH="15" VPOS="233" HPOS="697"/>
							<String ID="string_26" HPOS="712" VPOS="233" WIDTH="48" HEIGHT="21" WC="0.93" CONTENT="olen"/><SP WIDTH="16" VPOS="233" HPOS="760"/>
							<String ID="string_27" HPOS="776" VPOS="236" WIDTH="98" HEIGHT="23" WC="0.92" CONTENT="sanonut,"/>
						</TextLine>
						<TextLine ID="line_4" HPOS="47" VPOS="262" WIDTH="828" HEIGHT="27">
							<String ID="string_28" HPOS="47" VPOS="262" WIDTH="65" HEIGHT="21" WC="0.92" CONTENT="aivan"/><SP WIDTH="15" VPOS="262" HPOS="112"/>
							<String ID="string_29" HPOS="127" VPOS="262" WIDTH="89" HEIGHT="27" WC="0.92" CONTENT="lyhyeen"/><SP WIDTH="15" VPOS="262" HPOS="216"/>
							<String ID="string_30" HPOS="231" VPOS="264" WIDTH="98" HEIGHT="25" WC="0.92" CONTENT="ponteen,"/><SP WIDTH="16" VPOS="264" HPOS="329"/>
							<String ID="string_31" HPOS="345" VPOS="262" WIDTH="43" HEIGHT="21" WC="0.93" CONTENT="niin"/><SP WIDTH="16" VPOS="262" HPOS="388"/>
							<String ID="string_32" HPOS="404" VPOS="262" WIDTH="59" HEIGHT="21" WC="0.92" CONTENT="tulisi"/><SP WIDTH="16" VPOS="262" HPOS="463"/>
							<String ID="string_33" HPOS="479" VPOS="268" WIDTH="23" HEIGHT="15" WC="0.93" CONTENT="se"/><SP WIDTH="15" VPOS="268" HPOS="502"/>
							<String ID="string_34" HPOS="517" VPOS="262" WIDTH="130" HEIGHT="21" WC="0.92" CONTENT="kuulumaan"/><SP WIDTH="14" VPOS="262" HPOS="647"/>
							<String ID="string_35" HPOS="661" VPOS="262" WIDTH="135" HEIGHT="26" WC="0.92" CONTENT="jotakuinkin"/><SP WIDTH="16" VPOS="262" HPOS="796"/>
							<String ID="string_36" HPOS="812" VPOS="262" WIDTH="63" HEIGHT="21" WC="0.91" CONTENT="tähän"/>
						</TextLine>
						<TextLine ID="line_5" HPOS="49" VPOS="290" WIDTH="827" HEIGHT="28">
							<String ID="string_37" HPOS="49" VPOS="292" WIDTH="119" HEIGHT="20" WC="0.90" CONTENT="suuntaan:"/><SP WIDTH="29" VPOS="292" HPOS="168"/>
							<String ID="string_38" HPOS="197" VPOS="290" WIDTH="147" HEIGHT="22" WC="0.90" CONTENT="Tarkoitettua"/><SP WIDTH="15" VPOS="290" HPOS="344"/>
							<String ID="string_39" HPOS="359" VPOS="292" WIDTH="126" HEIGHT="25" WC="0.89" CONTENT="päämäärää"/><SP WIDTH="15" VPOS="292" HPOS="485"/>
							<String ID="string_40" HPOS="500" VPOS="290" WIDTH="223" HEIGHT="28" WC="0.91" CONTENT="kysymyksenalaisen"/><SP WIDTH="15" VPOS="290" HPOS="723"/>
							<String ID="string_41" HPOS="738" VPOS="290" WIDTH="85" HEIGHT="28" WC="0.91" CONTENT="kaupan"/><SP WIDTH="10" VPOS="290" HPOS="823"/>
							<String ID="string_42" HPOS="833" VPOS="290" WIDTH="43" HEIGHT="27" WC="0.92" CONTENT="jär-"/>
						</TextLine>
						<TextLine ID="line_6" HPOS="44" VPOS="318" WIDTH="832" HEIGHT="28">
							<String ID="string_43" HPOS="44" VPOS="319" WIDTH="157" HEIGHT="27" WC="0.88" CONTENT="jestämisessä,"/><SP WIDTH="15" VPOS="319" HPOS="201"/>
							<String ID="string_44" HPOS="216" VPOS="319" WIDTH="105" HEIGHT="21" WC="0.93" CONTENT="nimittäin"/><SP WIDTH="26" VPOS="319" HPOS="321"/>
							<String ID="string_45" HPOS="347" VPOS="318" WIDTH="135" HEIGHT="22" WC="0.74" CONTENT="effektiivistä"/><SP WIDTH="14" VPOS="318" HPOS="482"/>
							<String ID="string_46" HPOS="496" VPOS="319" WIDTH="121" HEIGHT="25" WC="0.95" CONTENT="kontrollia,"/><SP WIDTH="16" VPOS="319" HPOS="617"/>
							<String ID="string_47" HPOS="633" VPOS="319" WIDTH="19" HEIGHT="21" WC="0.96" CONTENT="ei"/><SP WIDTH="16" VPOS="319" HPOS="652"/>
							<String ID="string_48" HPOS="668" VPOS="320" WIDTH="111" HEIGHT="20" WC="0.93" CONTENT="saavuteta"/><SP WIDTH="14" VPOS="320" HPOS="779"/>
							<String ID="string_49" HPOS="793" VPOS="325" WIDTH="83" HEIGHT="21" WC="0.92" CONTENT="parem-"/>
						</TextLine>
						<TextLine ID="line_7" HPOS="50" VPOS="348" WIDTH="825" HEIGHT="27">
							<String ID="string_50" HPOS="50" VPOS="348" WIDTH="44" HEIGHT="21" WC="0.96" CONTENT="min"/><SP WIDTH="15" VPOS="348" HPOS="94"/>
							<String ID="string_51" HPOS="109" VPOS="350" WIDTH="38" HEIGHT="25" WC="0.93" CONTENT="nyt"/><SP WIDTH="15" VPOS="350" HPOS="147"/>
							<String ID="string_52" HPOS="162" VPOS="348" WIDTH="138" HEIGHT="21" WC="0.92" CONTENT="ehdotetuilla"/><SP WIDTH="14" VPOS="348" HPOS="300"/>
							<String ID="string_53" HPOS="314" VPOS="348" WIDTH="191" HEIGHT="27" WC="0.92" CONTENT="lainmääräyksillä"/><SP WIDTH="15" VPOS="348" HPOS="505"/>
							<String ID="string_54" HPOS="520" VPOS="348" WIDTH="52" HEIGHT="21" WC="0.93" CONTENT="kuin"/><SP WIDTH="15" VPOS="348" HPOS="572"/>
							<String ID="string_55" HPOS="587" VPOS="348" WIDTH="215" HEIGHT="26" WC="0.92" CONTENT="vapaaehtoistakaan"/><SP WIDTH="15" VPOS="348" HPOS="802"/>
							<String ID="string_56" HPOS="817" VPOS="349" WIDTH="58" HEIGHT="20" WC="0.97" CONTENT="tietä."/>
						</TextLine>
						<TextLine ID="line_8" HPOS="49" VPOS="376" WIDTH="827" HEIGHT="27">
							<String ID="string_57" HPOS="49" VPOS="376" WIDTH="72" HEIGHT="22" WC="0.96" CONTENT="Mutta"/><SP WIDTH="22" VPOS="376" HPOS="121"/>
							<String ID="string_58" HPOS="143" VPOS="376" WIDTH="105" HEIGHT="22" WC="0.93" CONTENT="tällaisilla"/><SP WIDTH="22" VPOS="376" HPOS="248"/>
							<String ID="string_59" HPOS="270" VPOS="376" WIDTH="190" HEIGHT="27" WC="0.92" CONTENT="lainmääräyksillä"/><SP WIDTH="23" VPOS="376" HPOS="460"/>
							<String ID="string_60" HPOS="483" VPOS="376" WIDTH="48" HEIGHT="22" WC="0.96" CONTENT="olisi"/><SP WIDTH="22" VPOS="376" HPOS="531"/>
							<String ID="string_61" HPOS="553" VPOS="382" WIDTH="23" HEIGHT="16" WC="0.96" CONTENT="se"/><SP WIDTH="19" VPOS="382" HPOS="576"/>
							<String ID="string_62" HPOS="595" VPOS="376" WIDTH="54" HEIGHT="27" WC="0.96" CONTENT="paha"/><SP WIDTH="16" VPOS="376" HPOS="649"/>
							<String ID="string_63" HPOS="665" VPOS="376" WIDTH="58" HEIGHT="27" WC="0.96" CONTENT="puoli"/><SP WIDTH="15" VPOS="376" HPOS="723"/>
							<String ID="string_64" HPOS="738" VPOS="376" WIDTH="138" HEIGHT="25" WC="0.96" CONTENT="mukanansa,"/>
						</TextLine>
						<TextLine ID="line_9" HPOS="49" VPOS="404" WIDTH="827" HEIGHT="28">
							<String ID="string_65" HPOS="49" VPOS="406" WIDTH="46" HEIGHT="20" WC="0.96" CONTENT="että"/><SP WIDTH="15" VPOS="406" HPOS="95"/>
							<String ID="string_66" HPOS="110" VPOS="411" WIDTH="27" HEIGHT="15" WC="0.93" CONTENT="ne"/><SP WIDTH="15" VPOS="411" HPOS="137"/>
							<String ID="string_67" HPOS="152" VPOS="405" WIDTH="164" HEIGHT="21" WC="0.93" CONTENT="aikaansaisivat"/><SP WIDTH="13" VPOS="405" HPOS="316"/>
							<String ID="string_68" HPOS="329" VPOS="404" WIDTH="109" HEIGHT="28" WC="0.96" CONTENT="petollista"/><SP WIDTH="15" VPOS="404" HPOS="438"/>
							<String ID="string_69" HPOS="453" VPOS="405" WIDTH="161" HEIGHT="21" WC="0.96" CONTENT="turvallisuutta"/><SP WIDTH="12" VPOS="405" HPOS="614"/>
							<String ID="string_70" HPOS="626" VPOS="405" WIDTH="24" HEIGHT="27" WC="0.97" CONTENT="ja"/><SP WIDTH="14" VPOS="405" HPOS="650"/>
							<String ID="string_71" HPOS="664" VPOS="404" WIDTH="72" HEIGHT="22" WC="0.96" CONTENT="lisäksi"/><SP WIDTH="15" VPOS="404" HPOS="736"/>
							<String ID="string_72" HPOS="751" VPOS="405" WIDTH="65" HEIGHT="21" WC="0.93" CONTENT="ilman"/><SP WIDTH="12" VPOS="405" HPOS="816"/>
							<String ID="string_73" HPOS="828" VPOS="411" WIDTH="48" HEIGHT="15" WC="0.92" CONTENT="vas-"/>
						</TextLine>
						<TextLine ID="line_10" HPOS="49" VPOS="433" WIDTH="827" HEIGHT="28">
							<String ID="string_74" HPOS="49" VPOS="436" WIDTH="76" HEIGHT="19" WC="0.92" CONTENT="taavaa"/><SP WIDTH="16" VPOS="436" HPOS="125"/>
							<String ID="string_75" HPOS="141" VPOS="433" WIDTH="78" HEIGHT="27" WC="0.93" CONTENT="hyötyä"/><SP WIDTH="14" VPOS="433" HPOS="219"/>
							<String ID="string_76" HPOS="233" VPOS="433" WIDTH="204" HEIGHT="22" WC="0.92" CONTENT="hankaluuttaisivat"/><SP WIDTH="14" VPOS="433" HPOS="437"/>
							<String ID="string_77" HPOS="451" VPOS="434" WIDTH="105" HEIGHT="27" WC="0.96" CONTENT="kauppaa,"/><SP WIDTH="13" VPOS="434" HPOS="556"/>
							<String ID="string_78" HPOS="569" VPOS="434" WIDTH="77" HEIGHT="26" WC="0.96" CONTENT="jääden"/><SP WIDTH="17" VPOS="434" HPOS="646"/>
							<String ID="string_79" HPOS="663" VPOS="434" WIDTH="41" HEIGHT="20" WC="0.97" CONTENT="sitä"/><SP WIDTH="9" VPOS="434" HPOS="704"/>
							<String ID="string_80" HPOS="713" VPOS="434" WIDTH="64" HEIGHT="26" WC="0.96" CONTENT="paitsi"/><SP WIDTH="12" VPOS="434" HPOS="777"/>
							<String ID="string_81" HPOS="789" VPOS="440" WIDTH="87" HEIGHT="15" WC="0.96" CONTENT="useassa"/>
						</TextLine>
						<TextLine ID="line_11" HPOS="50" VPOS="462" WIDTH="430" HEIGHT="27">
							<String ID="string_82" HPOS="50" VPOS="462" WIDTH="142" HEIGHT="27" WC="0.96" CONTENT="tapauksessa"/><SP WIDTH="15" VPOS="462" HPOS="192"/>
							<String ID="string_83" HPOS="207" VPOS="462" WIDTH="117" HEIGHT="22" WC="0.93" CONTENT="kuolleeksi"/><SP WIDTH="15" VPOS="462" HPOS="324"/>
							<String ID="string_84" HPOS="339" VPOS="462" WIDTH="141" HEIGHT="27" WC="0.92" CONTENT="puustaviksi."/>
						</TextLine>
					</TextBlock>
					<TextBlock ID="block_3" HPOS="49" VPOS="490" WIDTH="827" HEIGHT="51">
						<TextLine ID="line_12" HPOS="120" VPOS="490" WIDTH="756" HEIGHT="28">
							<String ID="string_85" HPOS="120" VPOS="491" WIDTH="69" HEIGHT="23" WC="0.96" CONTENT="Näillä"/><SP WIDTH="15" VPOS="491" HPOS="189"/>
							<String ID="string_86" HPOS="204" VPOS="491" WIDTH="123" HEIGHT="27" WC="0.96" CONTENT="perusteilla"/><SP WIDTH="15" VPOS="491" HPOS="327"/>
							<String ID="string_87" HPOS="342" VPOS="491" WIDTH="83" HEIGHT="27" WC="0.96" CONTENT="pyydän"/><SP WIDTH="15" VPOS="491" HPOS="425"/>
							<String ID="string_88" HPOS="440" VPOS="491" WIDTH="94" HEIGHT="21" WC="0.96" CONTENT="minäkin"/><SP WIDTH="16" VPOS="491" HPOS="534"/>
							<String ID="string_89" HPOS="550" VPOS="490" WIDTH="122" HEIGHT="28" WC="0.96" CONTENT="puolestani"/><SP WIDTH="15" VPOS="490" HPOS="672"/>
							<String ID="string_90" HPOS="687" VPOS="491" WIDTH="65" HEIGHT="21" WC="0.97" CONTENT="saada"/><SP WIDTH="9" VPOS="491" HPOS="752"/>
							<String ID="string_91" HPOS="761" VPOS="490" WIDTH="115" HEIGHT="22" WC="0.96" CONTENT="kannattaa"/>
						</TextLine>
						<TextLine ID="line_13" HPOS="49" VPOS="519" WIDTH="300" HEIGHT="22">
							<String ID="string_92" HPOS="49" VPOS="519" WIDTH="127" HEIGHT="22" WC="0.92" CONTENT="ensimäistä"/><SP WIDTH="14" VPOS="519" HPOS="176"/>
							<String ID="string_93" HPOS="190" VPOS="520" WIDTH="159" HEIGHT="21" WC="0.92" CONTENT="vastalausetta."/>
						</TextLine>
					</TextBlock>
				</ComposedBlock>
				<ComposedBlock ID="cblock_2" HPOS="44" VPOS="576" WIDTH="834" HEIGHT="915">
					<TextBlock ID="block_4" HPOS="44" VPOS="576" WIDTH="834" HEIGHT="915">
						<TextLine ID="line_14" HPOS="120" VPOS="576" WIDTH="756" HEIGHT="26">
							<String ID="string_94" HPOS="120" VPOS="576" WIDTH="33" HEIGHT="21" WC="0.95" CONTENT="Hr"/><SP WIDTH="24" VPOS="576" HPOS="153"/>
							<String ID="string_95" HPOS="177" VPOS="576" WIDTH="155" HEIGHT="22" WC="0.92" CONTENT="Stenström:"/><SP WIDTH="30" VPOS="576" HPOS="332"/>
							<String ID="string_96" HPOS="362" VPOS="576" WIDTH="90" HEIGHT="22" WC="0.92" CONTENT="Utöfver"/><SP WIDTH="24" VPOS="576" HPOS="452"/>
							<String ID="string_97" HPOS="476" VPOS="577" WIDTH="26" HEIGHT="21" WC="0.96" CONTENT="de"/><SP WIDTH="20" VPOS="577" HPOS="502"/>
							<String ID="string_98" HPOS="522" VPOS="576" WIDTH="51" HEIGHT="26" WC="0.95" CONTENT="skäl,"/><SP WIDTH="20" VPOS="576" HPOS="573"/>
							<String ID="string_99" HPOS="593" VPOS="583" WIDTH="47" HEIGHT="15" WC="0.93" CONTENT="som"/><SP WIDTH="16" VPOS="583" HPOS="640"/>
							<String ID="string_100" HPOS="656" VPOS="577" WIDTH="31" HEIGHT="21" WC="0.92" CONTENT="uti"/><SP WIDTH="15" VPOS="577" HPOS="687"/>
							<String ID="string_101" HPOS="702" VPOS="577" WIDTH="40" HEIGHT="21" WC="0.96" CONTENT="den"/><SP WIDTH="17" VPOS="577" HPOS="742"/>
							<String ID="string_102" HPOS="759" VPOS="576" WIDTH="67" HEIGHT="22" WC="0.93" CONTENT="första"/><SP WIDTH="18" VPOS="576" HPOS="826"/>
							<String ID="string_103" HPOS="844" VPOS="582" WIDTH="32" HEIGHT="15" WC="0.92" CONTENT="re-"/>
						</TextLine>
						<TextLine ID="line_15" HPOS="48" VPOS="604" WIDTH="827" HEIGHT="28">
							<String ID="string_104" HPOS="48" VPOS="605" WIDTH="137" HEIGHT="21" WC="0.92" CONTENT="servationen"/><SP WIDTH="16" VPOS="605" HPOS="185"/>
							<String ID="string_105" HPOS="201" VPOS="604" WIDTH="85" HEIGHT="22" WC="0.92" CONTENT="anföras"/><SP WIDTH="15" VPOS="604" HPOS="286"/>
							<String ID="string_106" HPOS="301" VPOS="605" WIDTH="32" HEIGHT="21" WC="0.96" CONTENT="för"/><SP WIDTH="16" VPOS="605" HPOS="333"/>
							<String ID="string_107" HPOS="349" VPOS="607" WIDTH="31" HEIGHT="19" WC="0.93" CONTENT="att"/><SP WIDTH="15" VPOS="607" HPOS="380"/>
							<String ID="string_108" HPOS="395" VPOS="605" WIDTH="162" HEIGHT="27" WC="0.91" CONTENT="ifrägavarande"/><SP WIDTH="14" VPOS="605" HPOS="557"/>
							<String ID="string_109" HPOS="571" VPOS="605" WIDTH="116" HEIGHT="27" WC="0.93" CONTENT="lagförslag"/><SP WIDTH="15" VPOS="605" HPOS="687"/>
							<String ID="string_110" HPOS="702" VPOS="605" WIDTH="45" HEIGHT="21" WC="0.90" CONTENT="icke"/><SP WIDTH="16" VPOS="605" HPOS="747"/>
							<String ID="string_111" HPOS="763" VPOS="605" WIDTH="65" HEIGHT="21" WC="0.91" CONTENT="mätte"/><SP WIDTH="15" VPOS="605" HPOS="828"/>
							<String ID="string_112" HPOS="843" VPOS="604" WIDTH="32" HEIGHT="22" WC="0.96" CONTENT="till"/>
						</TextLine>
						<TextLine ID="line_16" HPOS="48" VPOS="633" WIDTH="827" HEIGHT="27">
							<String ID="string_113" HPOS="48" VPOS="633" WIDTH="72" HEIGHT="27" WC="0.92" CONTENT="nägon"/><SP WIDTH="23" VPOS="633" HPOS="120"/>
							<String ID="string_114" HPOS="143" VPOS="634" WIDTH="76" HEIGHT="26" WC="0.92" CONTENT="ätgärd"/><SP WIDTH="19" VPOS="634" HPOS="219"/>
							<String ID="string_115" HPOS="238" VPOS="633" WIDTH="47" HEIGHT="21" WC="0.92" CONTENT="frän"/><SP WIDTH="19" VPOS="633" HPOS="285"/>
							<String ID="string_116" HPOS="304" VPOS="634" WIDTH="126" HEIGHT="21" WC="0.92" CONTENT="ständernas"/><SP WIDTH="16" VPOS="634" HPOS="430"/>
							<String ID="string_117" HPOS="446" VPOS="634" WIDTH="47" HEIGHT="22" WC="0.93" CONTENT="sida"/><SP WIDTH="14" VPOS="634" HPOS="493"/>
							<String ID="string_118" HPOS="507" VPOS="634" WIDTH="115" HEIGHT="26" WC="0.92" CONTENT="töranleda,"/><SP WIDTH="15" VPOS="634" HPOS="622"/>
							<String ID="string_119" HPOS="637" VPOS="634" WIDTH="95" HEIGHT="21" WC="0.92" CONTENT="anhäller"/><SP WIDTH="13" VPOS="634" HPOS="732"/>
							<String ID="string_120" HPOS="745" VPOS="634" WIDTH="43" HEIGHT="26" WC="0.93" CONTENT="jag,"/><SP WIDTH="16" VPOS="634" HPOS="788"/>
							<String ID="string_121" HPOS="804" VPOS="634" WIDTH="71" HEIGHT="21" WC="0.92" CONTENT="säsom"/>
						</TextLine>
						<TextLine ID="line_17" HPOS="47" VPOS="661" WIDTH="829" HEIGHT="28">
							<String ID="string_122" HPOS="47" VPOS="668" WIDTH="29" HEIGHT="14" WC="0.96" CONTENT="en"/><SP WIDTH="20" VPOS="668" HPOS="76"/>
							<String ID="string_123" HPOS="96" VPOS="661" WIDTH="23" HEIGHT="22" WC="0.93" CONTENT="af"/><SP WIDTH="20" VPOS="661" HPOS="119"/>
							<String ID="string_124" HPOS="139" VPOS="662" WIDTH="196" HEIGHT="22" WC="0.91" CONTENT="undertecknarena"/><SP WIDTH="15" VPOS="662" HPOS="335"/>
							<String ID="string_125" HPOS="350" VPOS="662" WIDTH="22" HEIGHT="22" WC="0.97" CONTENT="af"/><SP WIDTH="16" VPOS="662" HPOS="372"/>
							<String ID="string_126" HPOS="388" VPOS="663" WIDTH="41" HEIGHT="21" WC="0.96" CONTENT="den"/><SP WIDTH="15" VPOS="663" HPOS="429"/>
							<String ID="string_127" HPOS="444" VPOS="662" WIDTH="69" HEIGHT="22" WC="0.93" CONTENT="första"/><SP WIDTH="14" VPOS="662" HPOS="513"/>
							<String ID="string_128" HPOS="527" VPOS="663" WIDTH="166" HEIGHT="25" WC="0.90" CONTENT="reservationen,"/><SP WIDTH="15" VPOS="663" HPOS="693"/>
							<String ID="string_129" HPOS="708" VPOS="664" WIDTH="36" HEIGHT="24" WC="0.93" CONTENT="att,"/><SP WIDTH="14" VPOS="664" HPOS="744"/>
							<String ID="string_130" HPOS="758" VPOS="662" WIDTH="66" HEIGHT="27" WC="0.93" CONTENT="jämte"/><SP WIDTH="16" VPOS="662" HPOS="824"/>
							<String ID="string_131" HPOS="840" VPOS="662" WIDTH="36" HEIGHT="21" WC="0.96" CONTENT="det"/>
						</TextLine>
						<TextLine ID="line_18" HPOS="44" VPOS="690" WIDTH="831" HEIGHT="28">
							<String ID="string_132" HPOS="44" VPOS="690" WIDTH="41" HEIGHT="27" WC="0.95" CONTENT="jag"/><SP WIDTH="14" VPOS="690" HPOS="85"/>
							<String ID="string_133" HPOS="99" VPOS="690" WIDTH="7" HEIGHT="21" WC="0.93" CONTENT="i"/><SP WIDTH="15" VPOS="690" HPOS="106"/>
							<String ID="string_134" HPOS="121" VPOS="690" WIDTH="41" HEIGHT="22" WC="0.91" CONTENT="allo"/><SP WIDTH="16" VPOS="690" HPOS="162"/>
							<String ID="string_135" HPOS="178" VPOS="691" WIDTH="95" HEIGHT="21" WC="0.93" CONTENT="ansluter"/><SP WIDTH="15" VPOS="691" HPOS="273"/>
							<String ID="string_136" HPOS="288" VPOS="691" WIDTH="44" HEIGHT="27" WC="0.96" CONTENT="mig"/><SP WIDTH="14" VPOS="691" HPOS="332"/>
							<String ID="string_137" HPOS="346" VPOS="691" WIDTH="31" HEIGHT="21" WC="0.96" CONTENT="till"/><SP WIDTH="15" VPOS="691" HPOS="377"/>
							<String ID="string_138" HPOS="392" VPOS="692" WIDTH="36" HEIGHT="20" WC="0.96" CONTENT="det"/><SP WIDTH="15" VPOS="692" HPOS="428"/>
							<String ID="string_139" HPOS="443" VPOS="692" WIDTH="116" HEIGHT="24" WC="0.96" CONTENT="uttalande,"/><SP WIDTH="16" VPOS="692" HPOS="559"/>
							<String ID="string_140" HPOS="575" VPOS="698" WIDTH="46" HEIGHT="15" WC="0.96" CONTENT="som"/><SP WIDTH="16" VPOS="698" HPOS="621"/>
							<String ID="string_141" HPOS="637" VPOS="690" WIDTH="22" HEIGHT="22" WC="0.96" CONTENT="af"/><SP WIDTH="11" VPOS="690" HPOS="659"/>
							<String ID="string_142" HPOS="670" VPOS="691" WIDTH="24" HEIGHT="21" WC="0.94" CONTENT="hr"/><SP WIDTH="11" VPOS="691" HPOS="694"/>
							<String ID="string_143" HPOS="705" VPOS="691" WIDTH="103" HEIGHT="27" WC="0.93" CONTENT="Hallberg"/><SP WIDTH="11" VPOS="691" HPOS="808"/>
							<String ID="string_144" HPOS="819" VPOS="691" WIDTH="56" HEIGHT="27" WC="0.92" CONTENT="gjor-"/>
						</TextLine>
						<TextLine ID="line_19" HPOS="49" VPOS="718" WIDTH="825" HEIGHT="28">
							<String ID="string_145" HPOS="49" VPOS="719" WIDTH="45" HEIGHT="26" WC="0.92" CONTENT="des,"/><SP WIDTH="23" VPOS="719" HPOS="94"/>
							<String ID="string_146" HPOS="117" VPOS="718" WIDTH="22" HEIGHT="22" WC="0.90" CONTENT="fä"/><SP WIDTH="22" VPOS="718" HPOS="139"/>
							<String ID="string_147" HPOS="161" VPOS="718" WIDTH="56" HEIGHT="22" WC="0.92" CONTENT="fästa"/><SP WIDTH="15" VPOS="718" HPOS="217"/>
							<String ID="string_148" HPOS="232" VPOS="720" WIDTH="214" HEIGHT="26" WC="0.92" CONTENT="uppmärksamheten"/><SP WIDTH="18" VPOS="720" HPOS="446"/>
							<String ID="string_149" HPOS="464" VPOS="720" WIDTH="35" HEIGHT="21" WC="0.93" CONTENT="vid"/><SP WIDTH="15" VPOS="720" HPOS="499"/>
							<String ID="string_150" HPOS="514" VPOS="720" WIDTH="67" HEIGHT="26" WC="0.93" CONTENT="nägra"/><SP WIDTH="14" VPOS="720" HPOS="581"/>
							<String ID="string_151" HPOS="595" VPOS="720" WIDTH="188" HEIGHT="26" WC="0.93" CONTENT="omständigheter,"/><SP WIDTH="16" VPOS="720" HPOS="783"/>
							<String ID="string_152" HPOS="799" VPOS="719" WIDTH="75" HEIGHT="24" WC="0.92" CONTENT="hvilka,"/>
						</TextLine>
						<TextLine ID="line_20" HPOS="49" VPOS="747" WIDTH="826" HEIGHT="29">
							<String ID="string_153" HPOS="49" VPOS="747" WIDTH="63" HEIGHT="21" WC="0.68" CONTENT="äfven"/><SP WIDTH="16" VPOS="747" HPOS="112"/>
							<String ID="string_154" HPOS="128" VPOS="748" WIDTH="32" HEIGHT="22" WC="0.86" CONTENT="de,"/><SP WIDTH="15" VPOS="748" HPOS="160"/>
							<String ID="string_155" HPOS="175" VPOS="748" WIDTH="7" HEIGHT="21" WC="0.96" CONTENT="i"/><SP WIDTH="16" VPOS="748" HPOS="182"/>
							<String ID="string_156" HPOS="198" VPOS="748" WIDTH="33" HEIGHT="21" WC="0.96" CONTENT="sin"/><SP WIDTH="15" VPOS="748" HPOS="231"/>
							<String ID="string_157" HPOS="246" VPOS="748" WIDTH="49" HEIGHT="21" WC="0.93" CONTENT="män"/><SP WIDTH="16" VPOS="748" HPOS="295"/>
							<String ID="string_158" HPOS="311" VPOS="750" WIDTH="36" HEIGHT="20" WC="0.96" CONTENT="äro"/><SP WIDTH="16" VPOS="750" HPOS="347"/>
							<String ID="string_159" HPOS="363" VPOS="749" WIDTH="82" HEIGHT="27" WC="0.96" CONTENT="egnade"/><SP WIDTH="17" VPOS="749" HPOS="445"/>
							<String ID="string_160" HPOS="462" VPOS="751" WIDTH="32" HEIGHT="19" WC="0.93" CONTENT="att"/><SP WIDTH="14" VPOS="751" HPOS="494"/>
							<String ID="string_161" HPOS="508" VPOS="748" WIDTH="99" HEIGHT="27" WC="0.96" CONTENT="försvaga"/><SP WIDTH="16" VPOS="748" HPOS="607"/>
							<String ID="string_162" HPOS="623" VPOS="751" WIDTH="30" HEIGHT="19" WC="0.96" CONTENT="ett"/><SP WIDTH="15" VPOS="751" HPOS="653"/>
							<String ID="string_163" HPOS="668" VPOS="748" WIDTH="23" HEIGHT="21" WC="0.97" CONTENT="af"/><SP WIDTH="12" VPOS="748" HPOS="691"/>
							<String ID="string_164" HPOS="703" VPOS="748" WIDTH="26" HEIGHT="21" WC="0.93" CONTENT="de"/><SP WIDTH="11" VPOS="748" HPOS="729"/>
							<String ID="string_165" HPOS="740" VPOS="748" WIDTH="135" HEIGHT="23" WC="0.92" CONTENT="hufvudskäl,"/>
						</TextLine>
						<TextLine ID="line_21" HPOS="49" VPOS="776" WIDTH="826" HEIGHT="28">
							<String ID="string_166" HPOS="49" VPOS="776" WIDTH="59" HEIGHT="27" WC="0.91" CONTENT="uppä"/><SP WIDTH="22" VPOS="776" HPOS="108"/>
							<String ID="string_167" HPOS="130" VPOS="776" WIDTH="71" HEIGHT="22" WC="0.91" CONTENT="hvilka"/><SP WIDTH="22" VPOS="776" HPOS="201"/>
							<String ID="string_168" HPOS="223" VPOS="777" WIDTH="77" HEIGHT="27" WC="0.91" CONTENT="nädiga"/><SP WIDTH="21" VPOS="777" HPOS="300"/>
							<String ID="string_169" HPOS="321" VPOS="777" WIDTH="161" HEIGHT="27" WC="0.96" CONTENT="propositionen"/><SP WIDTH="23" VPOS="777" HPOS="482"/>
							<String ID="string_170" HPOS="505" VPOS="777" WIDTH="39" HEIGHT="21" WC="0.93" CONTENT="och"/><SP WIDTH="25" VPOS="777" HPOS="544"/>
							<String ID="string_171" HPOS="569" VPOS="778" WIDTH="83" HEIGHT="20" WC="0.93" CONTENT="säledes"/><SP WIDTH="23" VPOS="778" HPOS="652"/>
							<String ID="string_172" HPOS="675" VPOS="776" WIDTH="61" HEIGHT="22" WC="0.92" CONTENT="äfven"/><SP WIDTH="22" VPOS="776" HPOS="736"/>
							<String ID="string_173" HPOS="758" VPOS="776" WIDTH="117" HEIGHT="22" WC="0.92" CONTENT="utskottets"/>
						</TextLine>
						<TextLine ID="line_22" HPOS="48" VPOS="804" WIDTH="826" HEIGHT="29">
							<String ID="string_174" HPOS="48" VPOS="804" WIDTH="70" HEIGHT="22" WC="0.93" CONTENT="flertal"/><SP WIDTH="23" VPOS="804" HPOS="118"/>
							<String ID="string_175" HPOS="141" VPOS="805" WIDTH="51" HEIGHT="27" WC="0.92" CONTENT="bygt"/><SP WIDTH="21" VPOS="805" HPOS="192"/>
							<String ID="string_176" HPOS="213" VPOS="806" WIDTH="33" HEIGHT="20" WC="0.93" CONTENT="sin"/><SP WIDTH="15" VPOS="806" HPOS="246"/>
							<String ID="string_177" HPOS="261" VPOS="806" WIDTH="55" HEIGHT="20" WC="0.92" CONTENT="äsikt"/><SP WIDTH="15" VPOS="806" HPOS="316"/>
							<String ID="string_178" HPOS="331" VPOS="812" WIDTH="34" HEIGHT="14" WC="0.93" CONTENT="om"/><SP WIDTH="16" VPOS="812" HPOS="365"/>
							<String ID="string_179" HPOS="381" VPOS="806" WIDTH="186" HEIGHT="27" WC="0.91" CONTENT="nödvändigheten"/><SP WIDTH="16" VPOS="806" HPOS="567"/>
							<String ID="string_180" HPOS="583" VPOS="805" WIDTH="22" HEIGHT="22" WC="0.97" CONTENT="af"/><SP WIDTH="14" VPOS="805" HPOS="605"/>
							<String ID="string_181" HPOS="619" VPOS="812" WIDTH="26" HEIGHT="15" WC="0.93" CONTENT="en"/><SP WIDTH="16" VPOS="812" HPOS="645"/>
							<String ID="string_182" HPOS="661" VPOS="805" WIDTH="108" HEIGHT="22" WC="0.92" CONTENT="restriktiv"/><SP WIDTH="16" VPOS="805" HPOS="769"/>
							<String ID="string_183" HPOS="785" VPOS="804" WIDTH="89" HEIGHT="28" WC="0.91" CONTENT="lagstift-"/>
						</TextLine>
						<TextLine ID="line_23" HPOS="49" VPOS="833" WIDTH="829" HEIGHT="29">
							<String ID="string_184" HPOS="49" VPOS="833" WIDTH="141" HEIGHT="27" WC="0.92" CONTENT="ningsätgärd"/><SP WIDTH="22" VPOS="833" HPOS="190"/>
							<String ID="string_185" HPOS="212" VPOS="834" WIDTH="32" HEIGHT="21" WC="0.92" CONTENT="uti"/><SP WIDTH="20" VPOS="834" HPOS="244"/>
							<String ID="string_186" HPOS="264" VPOS="834" WIDTH="160" HEIGHT="27" WC="0.91" CONTENT="ifrägavarande"/><SP WIDTH="23" VPOS="834" HPOS="424"/>
							<String ID="string_187" HPOS="447" VPOS="834" WIDTH="61" HEIGHT="28" WC="0.93" CONTENT="syfte."/><SP WIDTH="30" VPOS="834" HPOS="508"/>
							<String ID="string_188" HPOS="538" VPOS="834" WIDTH="112" HEIGHT="22" WC="0.93" CONTENT="Utskottet"/><SP WIDTH="21" VPOS="834" HPOS="650"/>
							<String ID="string_189" HPOS="671" VPOS="834" WIDTH="61" HEIGHT="21" WC="0.96" CONTENT="anför"/><SP WIDTH="18" VPOS="834" HPOS="732"/>
							<String ID="string_190" HPOS="750" VPOS="834" WIDTH="7" HEIGHT="21" WC="0.95" CONTENT="i"/><SP WIDTH="19" VPOS="834" HPOS="757"/>
							<String ID="string_191" HPOS="776" VPOS="834" WIDTH="64" HEIGHT="21" WC="0.96" CONTENT="slutet"/><SP WIDTH="14" VPOS="834" HPOS="840"/>
							<String ID="string_192" HPOS="854" VPOS="833" WIDTH="24" HEIGHT="21" WC="0.96" CONTENT="af"/>
						</TextLine>
						<TextLine ID="line_24" HPOS="49" VPOS="862" WIDTH="827" HEIGHT="29">
							<String ID="string_193" HPOS="49" VPOS="868" WIDTH="48" HEIGHT="21" WC="0.90" CONTENT="pag."/><SP WIDTH="21" VPOS="868" HPOS="97"/>
							<String ID="string_194" HPOS="118" VPOS="862" WIDTH="14" HEIGHT="21" WC="0.96" CONTENT="5"/><SP WIDTH="22" VPOS="862" HPOS="132"/>
							<String ID="string_195" HPOS="154" VPOS="862" WIDTH="104" HEIGHT="28" WC="0.92" CONTENT="följande:"/><SP WIDTH="25" VPOS="862" HPOS="258"/>
							<String ID="string_196" HPOS="283" VPOS="869" WIDTH="38" HEIGHT="15" WC="0.92" CONTENT="»en"/><SP WIDTH="18" VPOS="869" HPOS="321"/>
							<String ID="string_197" HPOS="339" VPOS="862" WIDTH="23" HEIGHT="22" WC="0.93" CONTENT="af"/><SP WIDTH="15" VPOS="862" HPOS="362"/>
							<String ID="string_198" HPOS="377" VPOS="863" WIDTH="233" HEIGHT="28" WC="0.92" CONTENT="landtbruksstyrelsen"/><SP WIDTH="15" VPOS="863" HPOS="610"/>
							<String ID="string_199" HPOS="625" VPOS="863" WIDTH="129" HEIGHT="27" WC="0.92" CONTENT="publicerad,"/><SP WIDTH="17" VPOS="863" HPOS="754"/>
							<String ID="string_200" HPOS="771" VPOS="862" WIDTH="105" HEIGHT="22" WC="0.93" CONTENT="utskottet"/>
						</TextLine>
						<TextLine ID="line_25" HPOS="48" VPOS="891" WIDTH="827" HEIGHT="28">
							<String ID="string_201" HPOS="48" VPOS="891" WIDTH="174" HEIGHT="21" WC="0.92" CONTENT="tillhandahällen"/><SP WIDTH="22" VPOS="891" HPOS="222"/>
							<String ID="string_202" HPOS="244" VPOS="891" WIDTH="137" HEIGHT="28" WC="0.92" CONTENT="redogörelse"/><SP WIDTH="21" VPOS="891" HPOS="381"/>
							<String ID="string_203" HPOS="402" VPOS="891" WIDTH="33" HEIGHT="22" WC="0.96" CONTENT="för"/><SP WIDTH="18" VPOS="891" HPOS="435"/>
							<String ID="string_204" HPOS="453" VPOS="898" WIDTH="27" HEIGHT="15" WC="0.96" CONTENT="en"/><SP WIDTH="16" VPOS="898" HPOS="480"/>
							<String ID="string_205" HPOS="496" VPOS="892" WIDTH="24" HEIGHT="21" WC="0.96" CONTENT="är"/><SP WIDTH="17" VPOS="892" HPOS="520"/>
							<String ID="string_206" HPOS="537" VPOS="892" WIDTH="54" HEIGHT="21" WC="0.93" CONTENT="1894"/><SP WIDTH="15" VPOS="892" HPOS="591"/>
							<String ID="string_207" HPOS="606" VPOS="892" WIDTH="109" HEIGHT="21" WC="0.92" CONTENT="värkstäld"/><SP WIDTH="15" VPOS="892" HPOS="715"/>
							<String ID="string_208" HPOS="730" VPOS="891" WIDTH="90" HEIGHT="22" WC="0.92" CONTENT="klöfver-"/><SP WIDTH="16" VPOS="891" HPOS="820"/>
							<String ID="string_209" HPOS="836" VPOS="891" WIDTH="39" HEIGHT="21" WC="0.96" CONTENT="och"/>
						</TextLine>
						<TextLine ID="line_26" HPOS="49" VPOS="919" WIDTH="826" HEIGHT="28">
							<String ID="string_210" HPOS="49" VPOS="919" WIDTH="85" HEIGHT="27" WC="0.92" CONTENT="gräsfrö"/><SP WIDTH="16" VPOS="919" HPOS="134"/>
							<String ID="string_211" HPOS="150" VPOS="921" WIDTH="84" HEIGHT="26" WC="0.88" CONTENT="enguöt,"/><SP WIDTH="16" VPOS="921" HPOS="234"/>
							<String ID="string_212" HPOS="250" VPOS="920" WIDTH="88" HEIGHT="21" WC="0.92" CONTENT="hvarom"/><SP WIDTH="13" VPOS="920" HPOS="338"/>
							<String ID="string_213" HPOS="351" VPOS="920" WIDTH="62" HEIGHT="21" WC="0.92" CONTENT="äfven"/><SP WIDTH="11" VPOS="920" HPOS="413"/>
							<String ID="string_214" HPOS="424" VPOS="922" WIDTH="90" HEIGHT="20" WC="0.91" CONTENT="nämnes"/><SP WIDTH="12" VPOS="922" HPOS="514"/>
							<String ID="string_215" HPOS="526" VPOS="921" WIDTH="31" HEIGHT="21" WC="0.93" CONTENT="uti"/><SP WIDTH="10" VPOS="921" HPOS="557"/>
							<String ID="string_216" HPOS="567" VPOS="921" WIDTH="41" HEIGHT="21" WC="0.93" CONTENT="den"/><SP WIDTH="12" VPOS="921" HPOS="608"/>
							<String ID="string_217" HPOS="620" VPOS="921" WIDTH="77" HEIGHT="26" WC="0.90" CONTENT="nädiga"/><SP WIDTH="10" VPOS="921" HPOS="697"/>
							<String ID="string_218" HPOS="707" VPOS="920" WIDTH="168" HEIGHT="27" WC="0.96" CONTENT="propositionen,"/>
						</TextLine>
						<TextLine ID="line_27" HPOS="49" VPOS="948" WIDTH="826" HEIGHT="28">
							<String ID="string_219" HPOS="49" VPOS="948" WIDTH="112" HEIGHT="27" WC="0.92" CONTENT="bestyrker"/><SP WIDTH="20" VPOS="948" HPOS="161"/>
							<String ID="string_220" HPOS="181" VPOS="949" WIDTH="160" HEIGHT="26" WC="0.92" CONTENT="förhällandet»,"/><SP WIDTH="19" VPOS="949" HPOS="341"/>
							<String ID="string_221" HPOS="360" VPOS="949" WIDTH="19" HEIGHT="21" WC="0.93" CONTENT="d."/><SP WIDTH="15" VPOS="949" HPOS="379"/>
							<String ID="string_222" HPOS="394" VPOS="956" WIDTH="20" HEIGHT="14" WC="0.96" CONTENT="v."/><SP WIDTH="16" VPOS="956" HPOS="414"/>
							<String ID="string_223" HPOS="430" VPOS="956" WIDTH="16" HEIGHT="14" WC="0.96" CONTENT="s."/><SP WIDTH="16" VPOS="956" HPOS="446"/>
							<String ID="string_224" HPOS="462" VPOS="949" WIDTH="36" HEIGHT="21" WC="0.93" CONTENT="det"/><SP WIDTH="15" VPOS="949" HPOS="498"/>
							<String ID="string_225" HPOS="513" VPOS="949" WIDTH="136" HEIGHT="26" WC="0.92" CONTENT="förhällande,"/><SP WIDTH="16" VPOS="949" HPOS="649"/>
							<String ID="string_226" HPOS="665" VPOS="951" WIDTH="32" HEIGHT="19" WC="0.93" CONTENT="att"/><SP WIDTH="14" VPOS="951" HPOS="697"/>
							<String ID="string_227" HPOS="711" VPOS="949" WIDTH="122" HEIGHT="27" WC="0.92" CONTENT="isynnerhet"/><SP WIDTH="15" VPOS="949" HPOS="833"/>
							<String ID="string_228" HPOS="848" VPOS="948" WIDTH="27" HEIGHT="21" WC="0.97" CONTENT="de"/>
						</TextLine>
						<TextLine ID="line_28" HPOS="48" VPOS="976" WIDTH="829" HEIGHT="29">
							<String ID="string_229" HPOS="48" VPOS="977" WIDTH="7" HEIGHT="20" WC="0.96" CONTENT="i"/><SP WIDTH="16" VPOS="977" HPOS="55"/>
							<String ID="string_230" HPOS="71" VPOS="976" WIDTH="92" HEIGHT="22" WC="0.93" CONTENT="handeln"/><SP WIDTH="15" VPOS="976" HPOS="163"/>
							<String ID="string_231" HPOS="178" VPOS="977" WIDTH="173" HEIGHT="22" WC="0.93" CONTENT="förekommande"/><SP WIDTH="15" VPOS="977" HPOS="351"/>
							<String ID="string_232" HPOS="366" VPOS="978" WIDTH="180" HEIGHT="21" WC="0.54" CONTENT="utsädesvarorna"/><SP WIDTH="15" VPOS="978" HPOS="546"/>
							<String ID="string_233" HPOS="561" VPOS="977" WIDTH="44" HEIGHT="22" WC="0.97" CONTENT="ofta"/><SP WIDTH="15" VPOS="977" HPOS="605"/>
							<String ID="string_234" HPOS="620" VPOS="978" WIDTH="55" HEIGHT="21" WC="0.93" CONTENT="varit"/><SP WIDTH="15" VPOS="978" HPOS="675"/>
							<String ID="string_235" HPOS="690" VPOS="978" WIDTH="100" HEIGHT="27" WC="0.96" CONTENT="odugliga"/><SP WIDTH="12" VPOS="978" HPOS="790"/>
							<String ID="string_236" HPOS="802" VPOS="977" WIDTH="39" HEIGHT="21" WC="0.96" CONTENT="och"/><SP WIDTH="13" VPOS="977" HPOS="841"/>
							<String ID="string_237" HPOS="854" VPOS="976" WIDTH="23" HEIGHT="21" WC="0.97" CONTENT="af"/>
						</TextLine>
						<TextLine ID="line_29" HPOS="50" VPOS="1005" WIDTH="824" HEIGHT="28">
							<String ID="string_238" HPOS="50" VPOS="1005" WIDTH="136" HEIGHT="28" WC="0.90" CONTENT="underhaltig"/><SP WIDTH="21" VPOS="1005" HPOS="186"/>
							<String ID="string_239" HPOS="207" VPOS="1005" WIDTH="151" HEIGHT="22" WC="0.90" CONTENT="beskaffenhet."/><SP WIDTH="30" VPOS="1005" HPOS="358"/>
							<String ID="string_240" HPOS="388" VPOS="1007" WIDTH="10" HEIGHT="20" WC="0.93" CONTENT="I"/><SP WIDTH="24" VPOS="1007" HPOS="398"/>
							<String ID="string_241" HPOS="422" VPOS="1006" WIDTH="118" HEIGHT="22" WC="0.91" CONTENT="relationen"/><SP WIDTH="22" VPOS="1006" HPOS="540"/>
							<String ID="string_242" HPOS="562" VPOS="1006" WIDTH="23" HEIGHT="21" WC="0.96" CONTENT="af"/><SP WIDTH="20" VPOS="1006" HPOS="585"/>
							<String ID="string_243" HPOS="605" VPOS="1007" WIDTH="41" HEIGHT="21" WC="0.96" CONTENT="den"/><SP WIDTH="16" VPOS="1007" HPOS="646"/>
							<String ID="string_244" HPOS="662" VPOS="1006" WIDTH="160" HEIGHT="27" WC="0.93" CONTENT="undersökning"/><SP WIDTH="14" VPOS="1006" HPOS="822"/>
							<String ID="string_245" HPOS="836" VPOS="1012" WIDTH="38" HEIGHT="15" WC="0.91" CONTENT="an-"/>
						</TextLine>
						<TextLine ID="line_30" HPOS="49" VPOS="1034" WIDTH="825" HEIGHT="27">
							<String ID="string_246" HPOS="49" VPOS="1034" WIDTH="83" HEIGHT="27" WC="0.96" CONTENT="gående"/><SP WIDTH="15" VPOS="1034" HPOS="132"/>
							<String ID="string_247" HPOS="147" VPOS="1036" WIDTH="131" HEIGHT="25" WC="0.96" CONTENT="ursprunget"/><SP WIDTH="8" VPOS="1036" HPOS="278"/>
							<String ID="string_248" HPOS="286" VPOS="1035" WIDTH="31" HEIGHT="21" WC="0.96" CONTENT="till"/><SP WIDTH="12" VPOS="1035" HPOS="317"/>
							<String ID="string_249" HPOS="329" VPOS="1035" WIDTH="26" HEIGHT="21" WC="0.93" CONTENT="de"/><SP WIDTH="9" VPOS="1035" HPOS="355"/>
							<String ID="string_250" HPOS="364" VPOS="1034" WIDTH="54" HEIGHT="27" WC="0.96" CONTENT="frön,"/><SP WIDTH="11" VPOS="1034" HPOS="418"/>
							<String ID="string_251" HPOS="429" VPOS="1041" WIDTH="47" HEIGHT="15" WC="0.93" CONTENT="som"/><SP WIDTH="11" VPOS="1041" HPOS="476"/>
							<String ID="string_252" HPOS="487" VPOS="1035" WIDTH="136" HEIGHT="21" WC="0.96" CONTENT="förekommit"/><SP WIDTH="10" VPOS="1035" HPOS="623"/>
							<String ID="string_253" HPOS="633" VPOS="1035" WIDTH="35" HEIGHT="21" WC="0.93" CONTENT="vid"/><SP WIDTH="11" VPOS="1035" HPOS="668"/>
							<String ID="string_254" HPOS="679" VPOS="1036" WIDTH="105" HEIGHT="25" WC="0.84" CONTENT="enguöten"/><SP WIDTH="11" VPOS="1036" HPOS="784"/>
							<String ID="string_255" HPOS="795" VPOS="1035" WIDTH="5" HEIGHT="20" WC="0.96" CONTENT="i"/><SP WIDTH="9" VPOS="1035" HPOS="800"/>
							<String ID="string_256" HPOS="809" VPOS="1034" WIDTH="65" HEIGHT="27" WC="0.96" CONTENT="fråga,"/>
						</TextLine>
						<TextLine ID="line_31" HPOS="49" VPOS="1063" WIDTH="826" HEIGHT="28">
							<String ID="string_257" HPOS="49" VPOS="1063" WIDTH="60" HEIGHT="20" WC="0.96" CONTENT="heter"/><SP WIDTH="23" VPOS="1063" HPOS="109"/>
							<String ID="string_258" HPOS="132" VPOS="1063" WIDTH="41" HEIGHT="26" WC="0.95" CONTENT="det,"/><SP WIDTH="26" VPOS="1063" HPOS="173"/>
							<String ID="string_259" HPOS="199" VPOS="1063" WIDTH="64" HEIGHT="21" WC="0.96" CONTENT="bland"/><SP WIDTH="15" VPOS="1063" HPOS="263"/>
							<String ID="string_260" HPOS="278" VPOS="1066" WIDTH="70" HEIGHT="23" WC="0.95" CONTENT="annat,"/><SP WIDTH="21" VPOS="1066" HPOS="348"/>
							<String ID="string_261" HPOS="369" VPOS="1065" WIDTH="32" HEIGHT="20" WC="0.92" CONTENT="att"/><SP WIDTH="15" VPOS="1065" HPOS="401"/>
							<String ID="string_262" HPOS="416" VPOS="1063" WIDTH="215" HEIGHT="28" WC="0.90" CONTENT="groningsförmågan"/><SP WIDTH="15" VPOS="1063" HPOS="631"/>
							<String ID="string_263" HPOS="646" VPOS="1063" WIDTH="39" HEIGHT="22" WC="0.95" CONTENT="hos"/><SP WIDTH="16" VPOS="1063" HPOS="685"/>
							<String ID="string_264" HPOS="701" VPOS="1066" WIDTH="31" HEIGHT="19" WC="0.96" CONTENT="ett"/><SP WIDTH="15" VPOS="1066" HPOS="732"/>
							<String ID="string_265" HPOS="747" VPOS="1065" WIDTH="55" HEIGHT="20" WC="0.96" CONTENT="stort"/><SP WIDTH="15" VPOS="1065" HPOS="802"/>
							<String ID="string_266" HPOS="817" VPOS="1063" WIDTH="58" HEIGHT="20" WC="0.96" CONTENT="antal"/>
						</TextLine>
						<TextLine ID="line_32" HPOS="49" VPOS="1091" WIDTH="826" HEIGHT="27">
							<String ID="string_267" HPOS="49" VPOS="1091" WIDTH="51" HEIGHT="27" WC="0.96" CONTENT="prof"/><SP WIDTH="20" VPOS="1091" HPOS="100"/>
							<String ID="string_268" HPOS="120" VPOS="1091" WIDTH="55" HEIGHT="21" WC="0.96" CONTENT="varit"/><SP WIDTH="22" VPOS="1091" HPOS="175"/>
							<String ID="string_269" HPOS="197" VPOS="1091" WIDTH="62" HEIGHT="27" WC="0.96" CONTENT="dålig,"/><SP WIDTH="23" VPOS="1091" HPOS="259"/>
							<String ID="string_270" HPOS="282" VPOS="1092" WIDTH="38" HEIGHT="21" WC="0.96" CONTENT="hos"/><SP WIDTH="24" VPOS="1092" HPOS="320"/>
							<String ID="string_271" HPOS="344" VPOS="1092" WIDTH="45" HEIGHT="21" WC="0.96" CONTENT="icke"/><SP WIDTH="22" VPOS="1092" HPOS="389"/>
							<String ID="string_272" HPOS="411" VPOS="1092" WIDTH="21" HEIGHT="21" WC="0.96" CONTENT="få"/><SP WIDTH="20" VPOS="1092" HPOS="432"/>
							<String ID="string_273" HPOS="452" VPOS="1095" WIDTH="49" HEIGHT="18" WC="0.96" CONTENT="rent"/><SP WIDTH="15" VPOS="1095" HPOS="501"/>
							<String ID="string_274" HPOS="516" VPOS="1092" WIDTH="22" HEIGHT="21" WC="0.96" CONTENT="af"/><SP WIDTH="19" VPOS="1092" HPOS="538"/>
							<String ID="string_275" HPOS="557" VPOS="1093" WIDTH="52" HEIGHT="20" WC="0.95" CONTENT="usel."/><SP WIDTH="30" VPOS="1093" HPOS="609"/>
							<String ID="string_276" HPOS="639" VPOS="1092" WIDTH="81" HEIGHT="21" WC="0.96" CONTENT="Härvid"/><SP WIDTH="16" VPOS="1092" HPOS="720"/>
							<String ID="string_277" HPOS="736" VPOS="1094" WIDTH="23" HEIGHT="19" WC="0.96" CONTENT="är"/><SP WIDTH="16" VPOS="1094" HPOS="759"/>
							<String ID="string_278" HPOS="775" VPOS="1091" WIDTH="53" HEIGHT="22" WC="0.96" CONTENT="dock"/><SP WIDTH="15" VPOS="1091" HPOS="828"/>
							<String ID="string_279" HPOS="843" VPOS="1093" WIDTH="32" HEIGHT="19" WC="0.96" CONTENT="att"/>
						</TextLine>
						<TextLine ID="line_33" HPOS="48" VPOS="1119" WIDTH="826" HEIGHT="29">
							<String ID="string_280" HPOS="48" VPOS="1119" WIDTH="75" HEIGHT="22" WC="0.95" CONTENT="märka"/><SP WIDTH="22" VPOS="1119" HPOS="123"/>
							<String ID="string_281" HPOS="145" VPOS="1126" WIDTH="26" HEIGHT="15" WC="0.95" CONTENT="en"/><SP WIDTH="15" VPOS="1126" HPOS="171"/>
							<String ID="string_282" HPOS="186" VPOS="1120" WIDTH="68" HEIGHT="27" WC="0.95" CONTENT="viktig"/><SP WIDTH="14" VPOS="1120" HPOS="254"/>
							<String ID="string_283" HPOS="268" VPOS="1121" WIDTH="164" HEIGHT="27" WC="0.96" CONTENT="omständighet,"/><SP WIDTH="15" VPOS="1121" HPOS="432"/>
							<String ID="string_284" HPOS="447" VPOS="1121" WIDTH="86" HEIGHT="21" WC="0.96" CONTENT="hvilken"/><SP WIDTH="16" VPOS="1121" HPOS="533"/>
							<String ID="string_285" HPOS="549" VPOS="1121" WIDTH="45" HEIGHT="21" WC="0.96" CONTENT="icke"/><SP WIDTH="15" VPOS="1121" HPOS="594"/>
							<String ID="string_286" HPOS="609" VPOS="1120" WIDTH="93" HEIGHT="27" WC="0.96" CONTENT="framgår"/><SP WIDTH="16" VPOS="1120" HPOS="702"/>
							<String ID="string_287" HPOS="718" VPOS="1127" WIDTH="25" HEIGHT="14" WC="0.93" CONTENT="ur"/><SP WIDTH="15" VPOS="1127" HPOS="743"/>
							<String ID="string_288" HPOS="758" VPOS="1120" WIDTH="116" HEIGHT="21" WC="0.91" CONTENT="betänkan-"/>
						</TextLine>
						<TextLine ID="line_34" HPOS="49" VPOS="1148" WIDTH="826" HEIGHT="28">
							<String ID="string_289" HPOS="49" VPOS="1148" WIDTH="42" HEIGHT="26" WC="0.96" CONTENT="det,"/><SP WIDTH="24" VPOS="1148" HPOS="91"/>
							<String ID="string_290" HPOS="115" VPOS="1148" WIDTH="41" HEIGHT="21" WC="0.96" CONTENT="den"/><SP WIDTH="22" VPOS="1148" HPOS="156"/>
							<String ID="string_291" HPOS="178" VPOS="1149" WIDTH="112" HEIGHT="26" WC="0.94" CONTENT="nämligen,"/><SP WIDTH="23" VPOS="1149" HPOS="290"/>
							<String ID="string_292" HPOS="313" VPOS="1151" WIDTH="31" HEIGHT="19" WC="0.97" CONTENT="att"/><SP WIDTH="23" VPOS="1151" HPOS="344"/>
							<String ID="string_293" HPOS="367" VPOS="1150" WIDTH="63" HEIGHT="21" WC="0.96" CONTENT="dessa"/><SP WIDTH="20" VPOS="1150" HPOS="430"/>
							<String ID="string_294" HPOS="450" VPOS="1149" WIDTH="52" HEIGHT="27" WC="0.96" CONTENT="prof"/><SP WIDTH="20" VPOS="1149" HPOS="502"/>
							<String ID="string_295" HPOS="522" VPOS="1150" WIDTH="65" HEIGHT="21" WC="0.96" CONTENT="redan"/><SP WIDTH="19" VPOS="1150" HPOS="587"/>
							<String ID="string_296" HPOS="606" VPOS="1149" WIDTH="45" HEIGHT="22" WC="0.96" CONTENT="före"/><SP WIDTH="13" VPOS="1149" HPOS="651"/>
							<String ID="string_297" HPOS="664" VPOS="1149" WIDTH="48" HEIGHT="27" WC="0.96" CONTENT="juni"/><SP WIDTH="15" VPOS="1149" HPOS="712"/>
							<String ID="string_298" HPOS="727" VPOS="1149" WIDTH="76" HEIGHT="21" WC="0.96" CONTENT="månad"/><SP WIDTH="17" VPOS="1149" HPOS="803"/>
							<String ID="string_299" HPOS="820" VPOS="1148" WIDTH="55" HEIGHT="21" WC="0.96" CONTENT="1894"/>
						</TextLine>
						<TextLine ID="line_35" HPOS="48" VPOS="1177" WIDTH="826" HEIGHT="28">
							<String ID="string_300" HPOS="48" VPOS="1177" WIDTH="133" HEIGHT="21" WC="0.95" CONTENT="inlämnades"/><SP WIDTH="29" VPOS="1177" HPOS="181"/>
							<String ID="string_301" HPOS="210" VPOS="1177" WIDTH="31" HEIGHT="21" WC="0.84" CONTENT="till"/><SP WIDTH="21" VPOS="1177" HPOS="241"/>
							<String ID="string_302" HPOS="262" VPOS="1177" WIDTH="233" HEIGHT="28" WC="0.91" CONTENT="landtbruksstyrelsen"/><SP WIDTH="23" VPOS="1177" HPOS="495"/>
							<String ID="string_303" HPOS="518" VPOS="1180" WIDTH="56" HEIGHT="19" WC="0.96" CONTENT="samt"/><SP WIDTH="17" VPOS="1180" HPOS="574"/>
							<String ID="string_304" HPOS="591" VPOS="1180" WIDTH="32" HEIGHT="19" WC="0.93" CONTENT="att"/><SP WIDTH="20" VPOS="1180" HPOS="623"/>
							<String ID="string_305" HPOS="643" VPOS="1177" WIDTH="231" HEIGHT="28" WC="0.90" CONTENT="landtbruksstyrelsen"/>
						</TextLine>
						<TextLine ID="line_36" HPOS="47" VPOS="1205" WIDTH="829" HEIGHT="28">
							<String ID="string_306" HPOS="47" VPOS="1205" WIDTH="57" HEIGHT="21" WC="0.96" CONTENT="först"/><SP WIDTH="14" VPOS="1205" HPOS="104"/>
							<String ID="string_307" HPOS="118" VPOS="1205" WIDTH="8" HEIGHT="21" WC="0.96" CONTENT="i"/><SP WIDTH="14" VPOS="1205" HPOS="126"/>
							<String ID="string_308" HPOS="140" VPOS="1212" WIDTH="58" HEIGHT="15" WC="0.95" CONTENT="mars"/><SP WIDTH="25" VPOS="1212" HPOS="198"/>
							<String ID="string_309" HPOS="223" VPOS="1206" WIDTH="54" HEIGHT="21" WC="0.93" CONTENT="1895"/><SP WIDTH="23" VPOS="1206" HPOS="277"/>
							<String ID="string_310" HPOS="300" VPOS="1205" WIDTH="157" HEIGHT="22" WC="0.91" CONTENT="öfverlämnade"/><SP WIDTH="15" VPOS="1205" HPOS="457"/>
							<String ID="string_311" HPOS="472" VPOS="1206" WIDTH="91" HEIGHT="27" WC="0.91" CONTENT="profven"/><SP WIDTH="14" VPOS="1206" HPOS="563"/>
							<String ID="string_312" HPOS="577" VPOS="1207" WIDTH="7" HEIGHT="20" WC="0.96" CONTENT="i"/><SP WIDTH="15" VPOS="1207" HPOS="584"/>
							<String ID="string_313" HPOS="599" VPOS="1206" WIDTH="100" HEIGHT="22" WC="0.92" CONTENT="afseende"/><SP WIDTH="15" VPOS="1206" HPOS="699"/>
							<String ID="string_314" HPOS="714" VPOS="1207" WIDTH="12" HEIGHT="20" WC="0.92" CONTENT="å"/><SP WIDTH="14" VPOS="1207" HPOS="726"/>
							<String ID="string_315" HPOS="740" VPOS="1205" WIDTH="136" HEIGHT="28" WC="0.96" CONTENT="analysering"/>
						</TextLine>
						<TextLine ID="line_37" HPOS="47" VPOS="1233" WIDTH="828" HEIGHT="28">
							<String ID="string_316" HPOS="47" VPOS="1233" WIDTH="34" HEIGHT="22" WC="0.93" CONTENT="till"/><SP WIDTH="15" VPOS="1233" HPOS="81"/>
							<String ID="string_317" HPOS="96" VPOS="1233" WIDTH="197" HEIGHT="28" WC="0.92" CONTENT="tjänstförrättande"/><SP WIDTH="15" VPOS="1233" HPOS="293"/>
							<String ID="string_318" HPOS="308" VPOS="1235" WIDTH="109" HEIGHT="21" WC="0.92" CONTENT="direktorn"/><SP WIDTH="15" VPOS="1235" HPOS="417"/>
							<String ID="string_319" HPOS="432" VPOS="1235" WIDTH="33" HEIGHT="21" WC="0.93" CONTENT="för"/><SP WIDTH="16" VPOS="1235" HPOS="465"/>
							<String ID="string_320" HPOS="481" VPOS="1235" WIDTH="101" HEIGHT="22" WC="0.92" CONTENT="Mustiala"/><SP WIDTH="14" VPOS="1235" HPOS="582"/>
							<String ID="string_321" HPOS="596" VPOS="1235" WIDTH="212" HEIGHT="22" WC="0.91" CONTENT="landtbruksinstitut"/><SP WIDTH="16" VPOS="1235" HPOS="808"/>
							<String ID="string_322" HPOS="824" VPOS="1233" WIDTH="51" HEIGHT="22" WC="0.90" CONTENT="dok-"/>
						</TextLine>
						<TextLine ID="line_38" HPOS="48" VPOS="1263" WIDTH="826" HEIGHT="22">
							<String ID="string_323" HPOS="48" VPOS="1265" WIDTH="35" HEIGHT="18" WC="0.96" CONTENT="tor"/><SP WIDTH="17" VPOS="1265" HPOS="83"/>
							<String ID="string_324" HPOS="100" VPOS="1263" WIDTH="126" HEIGHT="22" WC="0.84" CONTENT="Grotenfelt."/><SP WIDTH="30" VPOS="1263" HPOS="226"/>
							<String ID="string_325" HPOS="256" VPOS="1263" WIDTH="83" HEIGHT="22" WC="0.96" CONTENT="Doktor"/><SP WIDTH="21" VPOS="1263" HPOS="339"/>
							<String ID="string_326" HPOS="360" VPOS="1263" WIDTH="121" HEIGHT="22" WC="0.92" CONTENT="Grotenfelt"/><SP WIDTH="15" VPOS="1263" HPOS="481"/>
							<String ID="string_327" HPOS="496" VPOS="1264" WIDTH="46" HEIGHT="21" WC="0.96" CONTENT="åter"/><SP WIDTH="15" VPOS="1264" HPOS="542"/>
							<String ID="string_328" HPOS="557" VPOS="1264" WIDTH="66" HEIGHT="21" WC="0.96" CONTENT="sände"/><SP WIDTH="15" VPOS="1264" HPOS="623"/>
							<String ID="string_329" HPOS="638" VPOS="1263" WIDTH="112" HEIGHT="22" WC="0.96" CONTENT="resultatet"/><SP WIDTH="15" VPOS="1263" HPOS="750"/>
							<String ID="string_330" HPOS="765" VPOS="1263" WIDTH="47" HEIGHT="21" WC="0.93" CONTENT="utaf"/><SP WIDTH="13" VPOS="1263" HPOS="812"/>
							<String ID="string_331" HPOS="825" VPOS="1269" WIDTH="49" HEIGHT="14" WC="0.93" CONTENT="ana-"/>
						</TextLine>
						<TextLine ID="line_39" HPOS="48" VPOS="1291" WIDTH="827" HEIGHT="28">
							<String ID="string_332" HPOS="48" VPOS="1291" WIDTH="61" HEIGHT="26" WC="0.96" CONTENT="lysen"/><SP WIDTH="22" VPOS="1291" HPOS="109"/>
							<String ID="string_333" HPOS="131" VPOS="1291" WIDTH="55" HEIGHT="22" WC="0.96" CONTENT="först"/><SP WIDTH="19" VPOS="1291" HPOS="186"/>
							<String ID="string_334" HPOS="205" VPOS="1292" WIDTH="23" HEIGHT="21" WC="0.96" CONTENT="är"/><SP WIDTH="17" VPOS="1292" HPOS="228"/>
							<String ID="string_335" HPOS="245" VPOS="1292" WIDTH="55" HEIGHT="21" WC="0.96" CONTENT="1896"/><SP WIDTH="15" VPOS="1292" HPOS="300"/>
							<String ID="string_336" HPOS="315" VPOS="1292" WIDTH="6" HEIGHT="21" WC="0.96" CONTENT="i"/><SP WIDTH="12" VPOS="1292" HPOS="321"/>
							<String ID="string_337" HPOS="333" VPOS="1292" WIDTH="41" HEIGHT="27" WC="0.93" CONTENT="juli"/><SP WIDTH="15" VPOS="1292" HPOS="374"/>
							<String ID="string_338" HPOS="389" VPOS="1293" WIDTH="77" HEIGHT="20" WC="0.96" CONTENT="månad"/><SP WIDTH="16" VPOS="1293" HPOS="466"/>
							<String ID="string_339" HPOS="482" VPOS="1293" WIDTH="32" HEIGHT="20" WC="0.93" CONTENT="till"/><SP WIDTH="15" VPOS="1293" HPOS="514"/>
							<String ID="string_340" HPOS="529" VPOS="1292" WIDTH="238" HEIGHT="27" WC="0.88" CONTENT="landtbruksstyrelsen."/><SP WIDTH="30" VPOS="1292" HPOS="767"/>
							<String ID="string_341" HPOS="797" VPOS="1291" WIDTH="33" HEIGHT="21" WC="0.96" CONTENT="Då"/><SP WIDTH="15" VPOS="1291" HPOS="830"/>
							<String ID="string_342" HPOS="845" VPOS="1297" WIDTH="30" HEIGHT="14" WC="0.96" CONTENT="nu"/>
						</TextLine>
						<TextLine ID="line_40" HPOS="48" VPOS="1319" WIDTH="825" HEIGHT="27">
							<String ID="string_343" HPOS="48" VPOS="1319" WIDTH="25" HEIGHT="21" WC="0.96" CONTENT="sä"/><SP WIDTH="15" VPOS="1319" HPOS="73"/>
							<String ID="string_344" HPOS="88" VPOS="1321" WIDTH="24" HEIGHT="19" WC="0.93" CONTENT="är"/><SP WIDTH="15" VPOS="1321" HPOS="112"/>
							<String ID="string_345" HPOS="127" VPOS="1319" WIDTH="147" HEIGHT="27" WC="0.93" CONTENT="förhällandet,"/><SP WIDTH="16" VPOS="1319" HPOS="274"/>
							<String ID="string_346" HPOS="290" VPOS="1321" WIDTH="38" HEIGHT="21" WC="0.96" CONTENT="och"/><SP WIDTH="16" VPOS="1321" HPOS="328"/>
							<String ID="string_347" HPOS="344" VPOS="1321" WIDTH="36" HEIGHT="21" WC="0.96" CONTENT="det"/><SP WIDTH="14" VPOS="1321" HPOS="380"/>
							<String ID="string_348" HPOS="394" VPOS="1321" WIDTH="62" HEIGHT="21" WC="0.96" CONTENT="torde"/><SP WIDTH="16" VPOS="1321" HPOS="456"/>
							<String ID="string_349" HPOS="472" VPOS="1327" WIDTH="51" HEIGHT="15" WC="0.93" CONTENT="vara"/><SP WIDTH="15" VPOS="1327" HPOS="523"/>
							<String ID="string_350" HPOS="538" VPOS="1321" WIDTH="79" HEIGHT="21" WC="0.92" CONTENT="enhvar"/><SP WIDTH="16" VPOS="1321" HPOS="617"/>
							<String ID="string_351" HPOS="633" VPOS="1321" WIDTH="78" HEIGHT="21" WC="0.90" CONTENT="bekant"/><SP WIDTH="15" VPOS="1321" HPOS="711"/>
							<String ID="string_352" HPOS="726" VPOS="1322" WIDTH="31" HEIGHT="20" WC="0.93" CONTENT="att"/><SP WIDTH="21" VPOS="1322" HPOS="757"/>
							<String ID="string_353" HPOS="778" VPOS="1319" WIDTH="95" HEIGHT="22" WC="0.93" CONTENT="utsädes-"/>
						</TextLine>
						<TextLine ID="line_41" HPOS="48" VPOS="1347" WIDTH="828" HEIGHT="29">
							<String ID="string_354" HPOS="48" VPOS="1354" WIDTH="70" HEIGHT="20" WC="0.96" CONTENT="varor,"/><SP WIDTH="23" VPOS="1354" HPOS="118"/>
							<String ID="string_355" HPOS="141" VPOS="1349" WIDTH="102" HEIGHT="21" WC="0.96" CONTENT="särskildt"/><SP WIDTH="21" VPOS="1349" HPOS="243"/>
							<String ID="string_356" HPOS="264" VPOS="1349" WIDTH="26" HEIGHT="21" WC="0.96" CONTENT="dä"/><SP WIDTH="15" VPOS="1349" HPOS="290"/>
							<String ID="string_357" HPOS="305" VPOS="1349" WIDTH="36" HEIGHT="22" WC="0.95" CONTENT="det"/><SP WIDTH="15" VPOS="1349" HPOS="341"/>
							<String ID="string_358" HPOS="356" VPOS="1349" WIDTH="66" HEIGHT="27" WC="0.93" CONTENT="gäller"/><SP WIDTH="16" VPOS="1349" HPOS="422"/>
							<String ID="string_359" HPOS="438" VPOS="1350" WIDTH="60" HEIGHT="21" WC="0.92" CONTENT="oriad"/><SP WIDTH="16" VPOS="1350" HPOS="498"/>
							<String ID="string_360" HPOS="514" VPOS="1356" WIDTH="55" HEIGHT="19" WC="0.96" CONTENT="vara,"/><SP WIDTH="17" VPOS="1356" HPOS="569"/>
							<String ID="string_361" HPOS="586" VPOS="1355" WIDTH="77" HEIGHT="21" WC="0.96" CONTENT="genom"/><SP WIDTH="15" VPOS="1355" HPOS="663"/>
							<String ID="string_362" HPOS="678" VPOS="1351" WIDTH="31" HEIGHT="19" WC="0.93" CONTENT="att"/><SP WIDTH="14" VPOS="1351" HPOS="709"/>
							<String ID="string_363" HPOS="723" VPOS="1349" WIDTH="57" HEIGHT="27" WC="0.95" CONTENT="ligga"/><SP WIDTH="16" VPOS="1349" HPOS="780"/>
							<String ID="string_364" HPOS="796" VPOS="1348" WIDTH="31" HEIGHT="21" WC="0.96" CONTENT="till"/><SP WIDTH="15" VPOS="1348" HPOS="827"/>
							<String ID="string_365" HPOS="842" VPOS="1347" WIDTH="34" HEIGHT="27" WC="0.97" CONTENT="sig"/>
						</TextLine>
						<TextLine ID="line_42" HPOS="47" VPOS="1376" WIDTH="827" HEIGHT="29">
							<String ID="string_366" HPOS="47" VPOS="1382" WIDTH="27" HEIGHT="15" WC="0.96" CONTENT="en"/><SP WIDTH="17" VPOS="1382" HPOS="74"/>
							<String ID="string_367" HPOS="91" VPOS="1376" WIDTH="74" HEIGHT="27" WC="0.96" CONTENT="längre"/><SP WIDTH="20" VPOS="1376" HPOS="165"/>
							<String ID="string_368" HPOS="185" VPOS="1377" WIDTH="30" HEIGHT="21" WC="0.93" CONTENT="tid"/><SP WIDTH="22" VPOS="1377" HPOS="215"/>
							<String ID="string_369" HPOS="237" VPOS="1378" WIDTH="95" HEIGHT="27" WC="0.92" CONTENT="undergä"/><SP WIDTH="15" VPOS="1378" HPOS="332"/>
							<String ID="string_370" HPOS="347" VPOS="1378" WIDTH="94" HEIGHT="27" WC="0.92" CONTENT="betydlig"/><SP WIDTH="14" VPOS="1378" HPOS="441"/>
							<String ID="string_371" HPOS="455" VPOS="1378" WIDTH="125" HEIGHT="27" WC="0.91" CONTENT="minskning"/><SP WIDTH="15" VPOS="1378" HPOS="580"/>
							<String ID="string_372" HPOS="595" VPOS="1377" WIDTH="129" HEIGHT="22" WC="0.96" CONTENT="beträffande"/><SP WIDTH="15" VPOS="1377" HPOS="724"/>
							<String ID="string_373" HPOS="739" VPOS="1378" WIDTH="33" HEIGHT="21" WC="0.93" CONTENT="sin"/><SP WIDTH="16" VPOS="1378" HPOS="772"/>
							<String ID="string_374" HPOS="788" VPOS="1377" WIDTH="86" HEIGHT="27" WC="0.93" CONTENT="grobar-"/>
						</TextLine>
						<TextLine ID="line_43" HPOS="48" VPOS="1405" WIDTH="827" HEIGHT="28">
							<String ID="string_375" HPOS="48" VPOS="1405" WIDTH="42" HEIGHT="26" WC="0.96" CONTENT="het,"/><SP WIDTH="17" VPOS="1405" HPOS="90"/>
							<String ID="string_376" HPOS="107" VPOS="1407" WIDTH="23" HEIGHT="19" WC="0.95" CONTENT="är"/><SP WIDTH="18" VPOS="1407" HPOS="130"/>
							<String ID="string_377" HPOS="148" VPOS="1412" WIDTH="49" HEIGHT="15" WC="0.92" CONTENT="man"/><SP WIDTH="25" VPOS="1412" HPOS="197"/>
							<String ID="string_378" HPOS="222" VPOS="1406" WIDTH="118" HEIGHT="27" WC="0.96" CONTENT="berättigad"/><SP WIDTH="16" VPOS="1406" HPOS="340"/>
							<String ID="string_379" HPOS="356" VPOS="1408" WIDTH="31" HEIGHT="19" WC="0.93" CONTENT="att"/><SP WIDTH="21" VPOS="1408" HPOS="387"/>
							<String ID="string_380" HPOS="408" VPOS="1407" WIDTH="52" HEIGHT="26" WC="0.96" CONTENT="hysa"/><SP WIDTH="19" VPOS="1407" HPOS="460"/>
							<String ID="string_381" HPOS="479" VPOS="1413" WIDTH="27" HEIGHT="15" WC="0.96" CONTENT="en"/><SP WIDTH="16" VPOS="1413" HPOS="506"/>
							<String ID="string_382" HPOS="522" VPOS="1407" WIDTH="43" HEIGHT="21" WC="0.93" CONTENT="viss"/><SP WIDTH="15" VPOS="1407" HPOS="565"/>
							<String ID="string_383" HPOS="580" VPOS="1406" WIDTH="77" HEIGHT="22" WC="0.96" CONTENT="tvekan"/><SP WIDTH="16" VPOS="1406" HPOS="657"/>
							<String ID="string_384" HPOS="673" VPOS="1408" WIDTH="32" HEIGHT="19" WC="0.96" CONTENT="att"/><SP WIDTH="14" VPOS="1408" HPOS="705"/>
							<String ID="string_385" HPOS="719" VPOS="1406" WIDTH="62" HEIGHT="27" WC="0.93" CONTENT="lägga"/><SP WIDTH="15" VPOS="1406" HPOS="781"/>
							<String ID="string_386" HPOS="796" VPOS="1405" WIDTH="79" HEIGHT="22" WC="0.96" CONTENT="sådana"/>
						</TextLine>
						<TextLine ID="line_44" HPOS="48" VPOS="1433" WIDTH="826" HEIGHT="29">
							<String ID="string_387" HPOS="48" VPOS="1433" WIDTH="186" HEIGHT="28" WC="0.95" CONTENT="undersökningar"/><SP WIDTH="14" VPOS="1433" HPOS="234"/>
							<String ID="string_388" HPOS="248" VPOS="1435" WIDTH="32" HEIGHT="20" WC="0.96" CONTENT="till"/><SP WIDTH="16" VPOS="1435" HPOS="280"/>
							<String ID="string_389" HPOS="296" VPOS="1435" WIDTH="69" HEIGHT="26" WC="0.55" CONTENT="grund"/><SP WIDTH="15" VPOS="1435" HPOS="365"/>
							<String ID="string_390" HPOS="380" VPOS="1435" WIDTH="34" HEIGHT="21" WC="0.93" CONTENT="för"/><SP WIDTH="16" VPOS="1435" HPOS="414"/>
							<String ID="string_391" HPOS="430" VPOS="1435" WIDTH="127" HEIGHT="27" WC="0.95" CONTENT="påståendet"/><SP WIDTH="14" VPOS="1435" HPOS="557"/>
							<String ID="string_392" HPOS="571" VPOS="1441" WIDTH="34" HEIGHT="15" WC="0.93" CONTENT="om"/><SP WIDTH="16" VPOS="1441" HPOS="605"/>
							<String ID="string_393" HPOS="621" VPOS="1435" WIDTH="185" HEIGHT="26" WC="0.96" CONTENT="nödvändigheten"/><SP WIDTH="11" VPOS="1435" HPOS="806"/>
							<String ID="string_394" HPOS="817" VPOS="1433" WIDTH="23" HEIGHT="22" WC="0.96" CONTENT="af"/><SP WIDTH="8" VPOS="1433" HPOS="840"/>
							<String ID="string_395" HPOS="848" VPOS="1439" WIDTH="26" HEIGHT="15" WC="0.96" CONTENT="en"/>
						</TextLine>
						<TextLine ID="line_45" HPOS="47" VPOS="1462" WIDTH="424" HEIGHT="29">
							<String ID="string_396" HPOS="47" VPOS="1462" WIDTH="36" HEIGHT="27" WC="0.92" CONTENT="lag"/><SP WIDTH="16" VPOS="1462" HPOS="83"/>
							<String ID="string_397" HPOS="99" VPOS="1463" WIDTH="66" HEIGHT="20" WC="0.92" CONTENT="sädan"/><SP WIDTH="16" VPOS="1463" HPOS="165"/>
							<String ID="string_398" HPOS="181" VPOS="1469" WIDTH="47" HEIGHT="15" WC="0.96" CONTENT="som"/><SP WIDTH="16" VPOS="1469" HPOS="228"/>
							<String ID="string_399" HPOS="244" VPOS="1463" WIDTH="40" HEIGHT="21" WC="0.95" CONTENT="den"/><SP WIDTH="16" VPOS="1463" HPOS="284"/>
							<String ID="string_400" HPOS="300" VPOS="1470" WIDTH="29" HEIGHT="14" WC="0.96" CONTENT="nu"/><SP WIDTH="15" VPOS="1470" HPOS="329"/>
							<String ID="string_401" HPOS="344" VPOS="1463" WIDTH="127" HEIGHT="28" WC="0.96" CONTENT="föreslagna."/>
						</TextLine>
					</TextBlock>
				</ComposedBlock>
			</PrintSpace>
		</Page>
	</Layout>
</alto>
