1089 1725
71 94 26 16 10
110 93 60 21 april
369 85 237 33 Prässförhällandena.
860 87 40 21 407

70 162 67 27 jestät
154 161 47 21 icke
219 161 68 27 ansäg
303 161 58 21 tiden
375 160 33 22 för
424 167 26 15 en
466 161 66 21 sädan
549 160 221 28 lagstiftningsätgärd
787 166 50 16 vara
852 161 50 21 inne

73 190 118 22 emellertid
207 190 81 20 täcktes
305 190 85 25 vidtaga
405 190 79 20 sädana
501 190 135 26 ändringar»,
652 190 50 20 ville
714 190 38 26 jag
767 189 79 21 föreslä
861 189 40 21 den

73 219 130 26 förändring,
211 220 32 19 att
258 218 7 21 i
281 218 70 21 stället
366 218 33 21 för
414 218 66 21 orden
500 218 44 21 «för
559 224 25 15 en
602 218 65 21 sådan
679 218 223 27 lagstiftningsätgärd

73 254 52 15 vara
135 248 61 20 inne»
207 246 69 22 skulle
287 247 89 21 insättas
388 246 66 22 orden
468 253 66 15 «vara
544 247 50 21 inne
605 246 33 22 för
649 246 111 22 stiftandet
770 246 23 21 af
800 252 26 15 en
833 246 69 27 tryck-

73 276 122 26 frihetslag>
214 275 109 21 äfvensom
345 278 31 18 att
397 275 62 21 ordet
482 275 67 21 «låta»
567 275 57 27 finge
643 275 98 21 bortfalla
757 275 71 21 såsom
844 275 58 21 inne-

74 304 93 22 bärande
183 310 26 15 en
225 304 149 26 vegentlighet.
405 304 37 21 Uti
458 310 78 15 senare
552 304 60 21 delen
624 304 22 21 af
654 304 107 20 klämmen
773 304 66 21 borde
852 304 51 24 åter,

74 333 67 27 enligt
155 333 43 21 min
214 332 62 26 åsikt,
292 332 123 22 slutstrofen
435 335 69 19 «samt
518 334 32 20 att
565 332 26 22 de
605 332 200 22 missförhållanden
816 332 6 21 i
833 332 70 26 öfrigt.

75 368 46 15 som
145 362 35 20 vid
203 360 165 22 öfvervakandet
389 360 22 22 af
430 361 40 21 den
490 361 122 27 periodiska
632 363 88 25 prässen
740 361 68 21 under
828 366 75 16 senare

74 390 55 21 tider
152 390 57 27 gjort
233 390 32 26 sig
288 390 101 26 gällande,
405 389 69 21 blefve
496 389 134 28 atlägsnade»
649 390 85 26 utbytas
757 392 58 18 emot
837 389 65 21 orden

77 421 68 19 «samt
164 421 32 19 att
211 418 80 27 jämväl
309 418 68 27 öfriga
392 418 6 21 i
413 418 36 21 det
467 418 130 27 föregående
616 418 140 22 omförmälda
772 417 130 22 missförhål-

75 448 76 20 landen
174 447 35 21 vid
225 447 166 21 öfvervakandet
405 446 23 22 af
441 447 42 21 den
500 447 122 27 periodiska
637 449 89 25 prässen
743 446 69 22 blefve
828 446 75 27 aflägs-

75 476 74 21 nade».
179 476 44 20 Det
245 482 63 20 synes
331 476 44 26 mig
395 475 107 27 nämligen
522 476 98 27 lämpligt
634 478 32 19 att
681 476 65 20 slutet
762 475 22 21 af
797 475 105 21 klämmen

75 504 82 22 direkte
176 504 75 21 hänför
271 504 32 27 sig
323 504 30 21 till
369 504 41 26 det,
426 510 47 15 som
490 504 23 21 af
525 505 105 21 utskottet
646 504 90 27 tidigare
752 504 24 21 så
791 504 33 20 väl
839 503 63 21 fram-

75 533 77 21 hållits.
182 533 50 21 Med
248 533 63 21 dessa
326 532 149 28 förändringar
492 533 68 21 blefve
576 533 105 21 klämmen
698 532 123 28 sålydande:

144 565 32 18 att
191 562 28 21 H.
237 562 32 21 K.'
277 562 34 23 M.,
325 561 61 22 äfven
407 568 34 15 om
458 562 28 21 H.
505 562 28 21 M.
548 562 46 21 icke
609 562 80 27 ansäge
704 562 60 20 tiden
780 568 54 14 vara
849 560 53 21 inne

75 591 36 26 för
125 591 107 27 stiftande
247 591 28 26 af
287 591 183 27 tryckfrihetslag,
486 591 117 21 emellertid
622 591 81 21 täcktes
722 591 86 26 vidtaga
824 590 78 21 sådana

75 619 116 27 ändringar
207 619 22 21 af
243 619 96 26 gällande
355 619 219 27 prässförfattningar,
589 622 32 19 att
636 619 127 27 rättigheten
780 621 32 19 att
823 617 79 28 utgifva

75 648 109 27 periodisk
208 647 62 22 skrift
294 648 45 21 icke
360 648 65 21 måtte
445 648 78 25 kunna,
547 654 49 15 vare
618 649 34 26 sig
671 649 118 26 temporärt
804 647 51 21 eller
871 646 32 21 för

75 677 66 21 alltid,
156 676 101 21 beröfvas
276 676 118 27 utgifvaren
410 677 136 21 annorlunda
561 679 26 19 än
603 677 53 21 efter
672 676 128 27 föregående
816 675 87 22 ransak-

77 705 52 27 ning
144 705 39 21 och
199 705 50 21 dom
265 705 22 21 af
300 705 47 27 laga
362 705 100 26 domstol,
478 708 56 18 samt
548 707 33 19 att
590 706 90 27 jämväl
695 705 73 27 öfriga
784 705 6 20 i
804 705 34 20 det
847 705 56 26 före-

75 733 83 28 gående
181 734 146 27 omförmälda
349 733 201 22 missförhållanden
574 735 34 20 vid
631 733 166 22 öfvervakandet
820 733 22 21 af
863 733 40 20 den

78 763 123 26 periodiska
216 765 89 24 prässen
322 762 69 21 blefve
405 762 129 27 aflägsnade.

146 791 72 22 Jämte
238 792 36 20 det
289 791 37 27 jag
344 793 59 25 tager
419 791 45 26 mig
478 791 90 21 friheten
584 791 79 21 föreslå
678 791 62 21 dessa
755 791 149 26 förändringar

77 820 8 20 i
99 819 113 23 klämmen,
228 820 39 21 bör
279 820 38 27 jag
331 819 161 28 tillkännagifva
507 823 31 18 att
553 820 111 21 enahanda
674 819 80 27 förslag
765 819 96 21 kommer
873 821 31 18 att

78 848 129 21 framställas
223 849 79 26 jämväl
318 849 6 19 i
340 849 131 20 åtminstone
490 851 30 18 ett
538 851 66 18 annat
619 849 63 20 stånd
698 848 34 21 vid
748 847 155 26 behandlingen

79 876 22 21 af
115 877 59 21 detta
189 877 83 21 ärende.

149 934 33 21 Hr
200 934 139 24 Jusélius,
355 935 94 25 August:
481 934 74 21 Såsom
571 934 90 21 medlem
678 934 22 20 af
713 933 141 27 lagutskottet
869 939 35 14 an-

80 968 35 15 ser
127 962 39 27 jag
181 963 44 27 mig
238 963 49 20 böra
301 962 56 27 gifva
367 962 103 21 tillkänna
480 965 36 21 att,
529 962 67 22 ehuru
606 962 38 28 jag
654 962 104 27 deltagit
755 957 13 37 i
771 962 40 21 den
823 961 82 26 delega-

80 991 44 21 tion
145 992 57 20 inom
227 991 110 25 utskottet,
353 998 46 14 som
418 991 46 21 haft
480 991 33 27 sig
528 992 41 20 den
584 991 154 21 förberedande
754 990 151 26 handläggnin-

81 1026 40 20 gen
144 1019 23 21 af
182 1019 74 27 frågan
273 1026 34 14 om
323 1020 181 26 prässpetitionen
520 1020 133 24 ombetrodd,
669 1020 98 20 bortresa
782 1019 46 21 från
844 1021 60 18 orten

80 1048 87 21 hindrat
186 1049 43 26 mig
245 1050 30 19 att
291 1048 84 27 deltaga
390 1049 6 20 i
411 1048 81 27 frågan,
508 1048 27 21 då
550 1049 40 21 den
606 1048 144 21 behandlades
766 1047 22 21 af
801 1047 104 21 utskottet

80 1077 21 20 in
121 1077 69 27 pleno,
206 1077 85 21 hvarför
311 1077 48 21 mitt
376 1084 65 14 namn
457 1077 45 21 icke
517 1077 142 21 förekommer
674 1077 68 21 under
757 1076 150 21 betänkandet.

150 1105 135 21 Beträffande
301 1105 76 27 själfva
393 1106 65 21 saken
475 1106 37 20 ber
524 1106 39 26 jag
578 1108 32 18 att
624 1105 21 21 få
657 1106 6 20 i
675 1105 41 21 allo
730 1105 81 21 biträda
822 1104 26 21 de
859 1110 48 21 syn-

82 1134 97 27 punkter,
203 1140 45 15 som
265 1134 5 21 i
286 1134 117 28 utskottets
427 1134 133 21 betänkande
583 1136 37 19 äro
642 1134 131 21 framhållna.
802 1132 106 22 Måhända

81 1163 89 20 innebär
185 1163 54 21 dock
255 1163 40 21 den
311 1163 22 21 af
347 1163 24 21 hr
388 1163 84 21 Öhman
488 1163 121 27 föreslagna
624 1163 105 21 klämmen
741 1169 26 14 en
780 1161 129 26 förbättring

81 1191 7 21 i
103 1191 86 22 formelt
209 1191 104 26 afseende,
329 1191 85 22 hvarför
430 1192 39 27 jag
486 1191 33 22 för
538 1192 42 21 min
601 1192 33 21 del
653 1191 69 22 skulle
737 1191 105 26 tillstyrka
857 1190 51 27 god-

81 1219 113 22 kännande
209 1220 23 21 af
245 1221 128 20 densamma.

152 1277 33 21 Hr
201 1277 210 28 Schybergson:
442 1277 43 21 Det
500 1279 23 19 är
539 1277 59 21 svårt
612 1279 32 19 att
659 1277 57 21 bilda
726 1277 34 26 sig
770 1278 30 19 ett
811 1276 98 21 omdöme

83 1305 106 22 huruvida
207 1306 40 21 den
268 1305 22 22 af
303 1306 25 21 hr
344 1306 85 21 Öhman
442 1305 123 28 föreslagna
574 1305 158 27 förändringen,
744 1311 46 15 som
800 1305 25 26 ju
834 1304 76 21 endast

82 1333 57 22 afser
153 1334 98 21 formella
265 1335 190 26 omständigheter,
464 1334 108 27 värkligen
584 1336 23 19 är
618 1341 24 14 en
653 1333 131 27 förbättring
796 1333 51 21 eller
859 1332 51 21 icke.

82 1363 43 26 Jag
142 1362 56 21 fäste
213 1363 44 26 mig
272 1363 87 27 specielt
375 1363 35 21 vid
426 1363 41 21 den
482 1363 58 21 förra
555 1363 61 21 delen
632 1362 65 25 däraf,
713 1362 38 21 där
766 1362 66 21 orden
851 1360 59 21 «stif-

83 1391 64 21 tande
162 1391 23 21 af
199 1398 25 14 en
240 1391 182 28 tryckfrihetslag»
441 1391 114 21 användes.
586 1391 32 21 Då
633 1391 6 20 i
654 1391 118 20 klämmens
788 1390 68 21 första
866 1395 45 15 mo-

83 1422 65 23 ment,
164 1426 46 15 som
223 1420 25 27 ju
264 1420 65 21 också
343 1422 24 19 är
382 1419 70 22 afsedt
467 1423 31 18 att
512 1420 50 27 ingå
573 1420 5 20 i
590 1419 126 22 ständernas
731 1417 180 25 svarsskrifvelse,

83 1448 122 21 framhålles
224 1449 35 20 det
278 1449 61 26 djupt
357 1449 71 20 kända
448 1448 100 21 behofvet
567 1448 23 21 af
606 1454 26 15 en
648 1448 48 21 med
712 1447 127 22 ständernas
855 1446 56 21 med-

84 1477 79 20 värkan
184 1477 131 21 tillkommen
331 1477 171 27 tryckfrihetslag
516 1477 33 21 för
565 1477 95 25 Finland,
676 1482 64 21 synes
756 1476 37 21 det
808 1475 44 26 mig
866 1474 45 22 icke
