1086 1761
191 90 47 38 224
509 102 80 17 Finska
601 102 112 17 militären.

932 102 14 17 9
958 107 62 13 mars.

266 169 69 22 Sedan
358 170 150 21 diskussionen
524 171 88 21 härmed
627 170 114 22 förklarats
757 170 99 26 afslutad,
871 170 45 21 blef
928 171 42 20 den
984 170 36 21 nå-

195 197 50 27 diga
259 199 162 26 propositionen
438 199 123 22 remitterad
577 199 31 22 till
623 199 148 28 lagutskottet,
786 199 39 21 och
837 199 69 21 skulle
917 199 103 22 remissen

196 226 84 27 åtföljas
295 227 23 21 af
330 227 204 28 protokollsutdrag,
549 228 148 21 innefattande
712 228 26 21 hr
753 228 113 27 Kyanders
880 228 104 27 yttrande.

265 386 120 28 Föredrogs
407 388 28 21 H.
450 388 26 21 K.
492 388 49 21 M:ts
556 388 34 21 vid
607 391 86 18 senaste
709 388 87 27 plenum
813 387 116 27 bordlagda
944 387 76 27 nådiga

196 415 133 26 proposition
345 422 34 15 n:o
394 416 27 22 28
438 423 34 15 om
488 417 116 21 anvisande
619 416 23 22 af
656 417 68 21 medel
735 416 32 22 till
779 416 135 22 bestridande
926 416 22 21 af
957 416 63 22 kost-

195 443 109 23 naderna
318 444 42 22 för
374 444 78 23 finska
466 445 126 22 militären
609 446 67 20 under
692 446 50 20 åren
760 445 146 25 1901—1904,
922 445 39 21 och
978 444 45 22 blef

196 472 129 26 densamma,
341 473 6 21 i
360 473 221 22 öfverensstämmelse
601 474 50 21 med
673 473 247 23 talmanskonferensens
935 473 85 27 förslag,

196 501 123 21 remitterad
335 502 31 21 till
382 502 167 22 statsutskottet.

265 656 120 28 Föredrogs
400 658 27 20 H.
444 657 25 21 K.
484 658 50 20 M:ts
549 658 35 21 vid
600 660 86 19 senaste
709 658 87 27 plenum
813 657 117 27 bordlagda
944 657 77 27 nådiga

195 685 134 27 proposition
353 692 33 14 n:o
408 686 26 21 29
454 686 47 21 med
516 686 81 27 förslag
611 686 32 22 till
658 686 127 27 förordning
800 693 34 14 om
851 686 75 27 ändrig
940 685 23 22 af
976 688 44 18 sär-

196 713 68 21 skilda
287 714 131 27 stadganden
435 715 6 21 i
456 715 153 27 förordningen
631 715 110 27 angående
757 715 150 27 försäljning
922 714 46 22 och
983 715 37 21 ut-

195 741 127 29 känkning
337 742 27 22 af
376 743 168 28 maltdrycker
558 744 23 21 af
594 744 40 21 den
650 744 13 20 2
679 744 53 26 april
744 744 61 25 1883,
816 744 7 20 i
833 744 58 20 vissa
901 743 57 21 delar
969 743 51 21 änd-

195 770 51 21 rade
268 777 76 21 genom
360 771 177 28 förordningarna
552 773 41 21 den
607 772 13 21 9
628 772 49 27 juni
689 772 54 22 1892
754 772 40 21 och
805 772 41 21 den
859 772 26 21 10
895 772 53 27 april
960 772 60 20 1895.

264 828 70 21 Sedan
357 828 24 22 hr
404 829 121 21 talmannen
546 830 107 21 meddelat
667 832 32 18 att
714 828 235 22 talmanskonferensen
964 829 56 21 velat

194 855 79 23 föreslå
295 858 76 20 remiss
394 858 22 20 af
436 858 162 27 propositionen
623 858 32 21 till
678 858 212 25 ekonomiutskottet,
916 858 103 26 begärdes

194 885 62 20 ordet
270 885 24 21 af

262 942 26 21 hr
304 938 116 27 Öhman,
436 950 46 15 som
497 944 91 26 yttrade:
612 944 33 21 Då
657 943 39 28 jag
711 944 12 21 å
737 944 107 21 ämbetets
860 945 80 25 vägnar
952 943 67 21 under

194 976 25 15 en
242 971 50 26 lång
312 971 52 27 följd
386 971 22 22 af
421 972 23 21 år
459 972 55 21 varit
528 972 115 27 förpliktad
659 974 32 19 att
705 973 86 26 deltaga
806 972 6 21 i
828 971 156 28 behandlingen
999 971 23 22 af

193 999 94 21 ärenden
310 1001 91 20 rörande
424 1001 144 26 utskänkning
591 1001 39 21 och
647 1001 128 27 försäljning
789 1000 24 21 af
826 1001 63 26 sprit-
904 1000 40 21 och
959 1000 60 21 malt-

194 1027 88 27 drycker
304 1028 40 22 och
367 1029 70 21 därför
461 1029 98 27 möjligen
574 1029 41 21 kan
631 1036 64 15 anses
710 1029 64 22 hafva
789 1029 76 21 vunnit
880 1029 69 27 någon
966 1028 53 22 erfa-

193 1056 77 22 renhet
292 1058 92 20 rörande
406 1058 141 21 bedömandet
569 1058 22 21 af
612 1058 126 22 hithörande
753 1058 80 26 frågor,
848 1064 63 15 anser
923 1057 39 27 jag
976 1058 44 26 mig

194 1084 51 22 böra
260 1085 31 21 till
302 1086 116 22 utskottets
429 1087 118 21 beaktande
560 1086 120 22 framställa
689 1087 67 27 några
764 1087 119 26 erinringar
891 1086 7 21 i
906 1086 114 27 anledning

193 1113 23 21 af
222 1120 29 14 nu
259 1114 146 27 föreliggande
413 1116 77 26 nådiga
498 1116 140 26 proposition.
654 1116 33 20 De
695 1116 120 26 viktigaste,
825 1115 47 21 från
883 1122 29 14 nu
923 1115 97 27 gällande

193 1142 135 28 lagstiftning
349 1143 113 21 afvikande
485 1144 159 26 bestämningar
660 1144 50 27 ingå
723 1144 7 21 i
746 1144 11 28 $
774 1144 13 20 2
803 1143 23 21 af
838 1143 180 27 författningsför-

193 1170 74 27 slaget.
297 1171 69 21 Bland
381 1172 182 27 ändringsförslag
577 1172 23 21 af
613 1174 70 19 större
699 1172 129 27 betydenhet
843 1172 38 21 bör
896 1172 38 26 jag
943 1172 77 21 främst

192 1198 112 22 framhålla
318 1202 33 19 att
365 1201 187 26 proposositionen
565 1200 56 22 afser
634 1203 32 19 att
678 1201 131 21 öfverlämna
820 1201 21 20 åt
849 1201 26 20 de
883 1200 136 21 kommunala

192 1227 177 28 myndigheterna
376 1230 31 19 att
423 1229 123 26 bestämma,
556 1230 7 20 i
574 1229 71 22 hvilka
657 1229 81 22 trakter
750 1228 24 22 af
785 1229 75 21 staden
873 1228 145 27 försäljnings-

193 1255 75 22 ställen
284 1256 21 21 få
318 1257 96 21 inrättas.
444 1257 137 22 Afsaknaden
596 1257 23 22 af
632 1265 26 14 en
675 1258 65 21 sådan
756 1257 138 27 bestämning
911 1257 38 21 har
961 1257 57 21 med-

192 1283 43 22 fört
250 1287 59 19 stora
324 1285 132 28 svårigheter
471 1286 32 21 för
518 1287 131 26 ordningens
665 1286 187 27 upprätthållande
865 1286 39 21 och
915 1291 62 22 synes
988 1287 31 19 ett

192 1313 118 27 stadgande
325 1314 7 21 i
348 1314 76 21 sådant
439 1315 55 26 syfte
509 1315 61 21 äfven
586 1315 118 21 önskvärdt
722 1315 33 21 för
772 1314 142 22 befordrande
928 1313 23 22 af
967 1313 51 28 nyk-

192 1341 103 22 terheten.
325 1343 79 21 Vidare
425 1343 39 21 bör
487 1343 104 22 erkännas
612 1345 32 20 att
664 1344 36 21 det
720 1343 42 21 kan
785 1349 52 15 vara
851 1342 23 22 af
887 1343 45 21 vikt
946 1344 32 20 att
992 1342 27 21 de

191 1370 138 22 kommunala
344 1371 176 28 myndigheterna
534 1372 79 21 erhålla
628 1374 69 19 större
712 1371 130 28 befogenhet
857 1371 35 22 vid
903 1371 115 22 bedöman-

192 1399 36 20 det
243 1399 23 21 af
280 1399 26 22 de
321 1400 123 27 personliga
458 1400 197 22 kvalifikationerna
669 1401 40 21 hos
725 1400 96 22 sökande
834 1400 31 21 till
875 1400 102 27 rättighet
987 1401 32 19 att

191 1427 50 21 idka
255 1427 78 22 handel
348 1429 49 20 med
412 1429 147 27 maltdrycker.
589 1429 65 21 Detta
669 1429 65 27 gäller
744 1429 8 21 i
769 1429 106 26 synnerhet
884 1429 41 20 ide
936 1428 83 21 mindre

192 1456 106 21 städerna.
328 1457 38 21 Uti
385 1457 27 21 de
426 1459 70 19 större
511 1459 24 19 är
550 1458 35 20 det
601 1458 96 20 däremot
712 1457 137 27 tämmeligen
865 1457 107 26 vanskligt
986 1455 32 22 för

192 1483 26 21 de
232 1484 138 22 kommunala
385 1486 176 26 myndigheterna
575 1488 32 19 att
621 1486 28 27 på
665 1486 69 27 grund
749 1485 24 22 af
781 1485 110 27 personlig
898 1484 119 22 kännedom
