1086 1756
55 105 14 17 9
82 109 63 13 mars.
366 95 199 35 Bränvinsskatten.
842 98 40 21 241

126 167 33 21 Hr
176 167 176 21 Stenström:
376 166 57 22 Utan
454 168 32 19 att
501 166 50 27 vilja
565 166 97 27 förlänga
677 166 151 22 diskussionen
844 166 42 23 och

57 198 52 20 utan
124 197 32 19 att
177 195 55 27 hysa
253 196 70 26 någon
345 194 109 28 synnerlig
469 194 145 28 förhoppning
629 201 35 15 om
679 196 33 20 att
727 195 47 21 mitt
788 195 96 27 yrkande

57 224 54 22 skall
126 223 62 22 hafva
204 223 81 27 åsyftad
301 223 85 26 värkan,
402 223 37 21 vill
451 223 39 27 jag
505 223 54 21 dock
573 223 124 27 ytterligare
712 225 78 19 nämna
799 226 32 18 att
842 224 41 21 den

56 252 25 22 af
93 253 26 21 hr
133 252 96 22 Jusélius
249 252 119 27 åberopade
385 251 154 27 förordningen
555 252 23 20 af
591 252 56 21 1868
663 252 39 21 och
719 252 48 21 dess
784 253 11 20 7
805 247 12 36 &
839 254 45 20 ute-

57 281 101 21 slutande
173 280 59 22 afser
247 280 78 22 sådana
341 280 135 27 tjänstemän,
496 280 71 21 hvilka
581 281 66 21 redan
664 280 84 21 befinna
764 280 33 27 sig
811 280 27 27 pä
853 281 31 20 in-

58 310 170 26 dragningsstat.

127 366 157 22 Diskussionen
308 366 110 27 angående
438 366 11 27 $
465 366 13 20 2
494 365 117 22 afslutades
627 366 94 25 härmed,
736 365 108 22 hvarefter
859 365 26 21 hr

59 395 124 21 talmannen
199 394 123 22 framstälde
337 394 91 28 följande
444 394 290 28 omröstningsproposition:

132 453 40 26 De,
187 453 74 20 hvilka
280 453 116 27 godkänna
411 452 113 21 utskottets
539 451 83 28 förslag
638 451 35 22 till
689 451 78 28 lydelse
782 451 36 28 för
833 453 15 25 $
864 452 21 26 2,

60 483 61 20 rösta
131 481 40 28 ja;
188 481 32 27 de,
235 481 35 21 det
284 481 45 21 icke
343 483 59 25 göra,
417 482 61 19 rösta
493 480 48 27 nej;

130 510 81 21 vinner
225 510 42 27 nej,
290 510 42 20 har
347 509 175 28 borgareståndet
538 509 89 20 beslutit
641 509 160 21 återremittera
814 515 71 21 para-

60 538 79 28 grafen
163 539 35 20 till
220 539 102 20 utskottet
343 538 36 27 för
394 539 33 20 att
442 537 145 28 omredigeras
602 537 10 21 i
627 537 35 21 det
675 537 64 28 syfte,
758 544 46 14 som
820 537 29 27 af
860 537 28 20 hr

63 567 122 21 Stenström
202 567 130 27 föreslagits.

131 625 43 21 Vid
189 624 52 21 härå
255 624 28 27 på
298 624 91 27 begäran
404 623 85 22 anstäld
505 623 99 27 votering
618 623 97 27 afgåfvos
730 624 28 20 44
770 623 23 27 ja
808 623 39 21 och
862 623 25 21 18

63 653 41 27 nej,
128 653 39 21 och
190 653 54 20 hade
267 652 177 27 borgareståndet
466 651 56 28 förty
538 651 89 22 beslutit
643 652 112 27 godkänna
771 652 117 21 utskottets

63 681 82 27 förslag
159 681 32 21 till
207 681 79 27 lydelse
301 681 32 21 för
349 681 11 27 $
375 681 13 20 2
404 680 145 23 oförändradt,

133 739 58 21 Utan
215 738 141 26 anmärkning
377 737 124 27 godkändes
521 737 23 28 $$
560 737 63 26 3-—5,
638 737 250 28 författningsförslagets

65 767 73 22 rubrik
154 767 39 21 och
208 767 84 27 ingress
308 769 56 18 samt
379 766 117 21 utskottets
512 766 55 21 kläm
586 766 13 21 å
616 766 47 21 sida
681 766 27 21 14
723 766 6 21 i
740 766 148 21 betänkandet.

135 967 121 27 Föredrogs
279 966 217 22 ekonomiutskottets
519 966 35 21 vid
573 968 85 19 senaste
673 967 86 26 plenum
775 965 116 28 bordlagda

67 996 134 21 betänkande
216 1002 34 15 n:o
266 996 14 21 2
295 996 6 20 i
317 995 115 26 anledning
447 994 24 21 af
483 995 77 26 nådiga
574 995 162 27 propositionen
752 1001 34 15 n:o
802 995 13 20 9
827 994 64 27 angå-

66 1025 54 21 ende
135 1025 41 20 den
192 1024 75 28 skatt,
290 1029 51 17 som
364 1023 41 22 för
426 1023 166 28 tillvärkning
614 1023 25 22 at
657 1023 103 22 bränvin
776 1023 65 22 skall
856 1028 35 17 er-

66 1053 92 27 läggas,
180 1053 64 22 samt
266 1058 40 17 om
321 1052 73 27 sagda
410 1051 79 22 skatts
504 1051 162 22 användande
681 1051 46 23 och
742 1051 150 27 fördelning.

137 1110 69 21 Ordet
221 1110 104 27 begärdes
341 1109 22 22 af

135 1167 26 20 hr
176 1167 122 27 Hoving,
320 1173 46 15 som
381 1166 95 27 yttrade:
500 1166 47 21 Den
563 1166 63 26 skatt,
648 1172 47 15 som
711 1166 33 21 för
759 1165 133 23 närvarande

67 1195 98 27 erlägges
186 1195 34 21 för
242 1196 97 24 bränvin,
362 1196 64 25 utgör
451 1194 27 22 75
501 1195 65 26 penni
584 1200 39 21 per
645 1195 48 20 liter
709 1195 38 21 och
762 1194 39 21 har
814 1193 79 28 jämväl

67 1224 78 27 nådiga
167 1224 161 27 propositionen
350 1223 114 27 föreslagit
485 1225 32 19 att
536 1229 81 15 samma
633 1223 57 22 skatt
705 1223 69 22 skulle
788 1222 106 27 framgent

69 1253 56 26 utgå...
154 1253 42 26 Jag
218 1253 38 20 ber
278 1252 21 22 få
320 1251 78 22 föreslå
422 1253 33 20 att
473 1251 178 27 borgareständet
666 1251 68 22 skulle
749 1251 89 22 omfatta
853 1251 41 21 den

68 1281 138 26 reservation,
229 1287 47 15 som
296 1281 38 27 jag
355 1281 68 26 jämte
447 1280 189 27 borgareståndets
652 1279 68 28 öfriga
735 1280 159 21 medlemmar
880 1275 17 37 i

68 1309 106 22 utskottet
189 1309 159 22 undertecknat.
376 1309 12 27 $
405 1309 11 20 1
435 1308 69 22 skulle
519 1309 27 20 då
561 1308 22 21 få
597 1309 41 21 den
653 1309 85 26 lydelse,
749 1315 47 14 som
812 1308 31 22 uti
858 1308 36 21 nå-

68 1338 50 27 diga
132 1338 163 27 propositionen
310 1337 97 26 föreslås,
423 1337 21 21 d.
459 1343 19 15 v.
494 1343 17 15 s.
526 1337 41 21 den
583 1337 68 21 skulle
666 1337 64 22 blifva
744 1337 44 21 lika
802 1336 49 22 med
862 1337 33 20 ut-

68 1366 99 23 skottets,
189 1367 50 21 med
261 1367 109 26 undantag
393 1365 23 22 af
437 1367 33 20 att
492 1365 171 27 skattebeloppet
685 1365 68 22 skulle
776 1367 77 25 utgöra
868 1363 29 23 75

68 1395 65 27 penni
147 1394 34 21 för
196 1395 48 21 liter
259 1395 7 21 i
281 1395 71 21 stället
366 1393 34 22 för
415 1396 33 19 att
464 1393 105 22 utskottet
583 1393 91 22 föreslår
689 1394 28 21 85
731 1394 71 27 penni.

139 1457 34 22 Hr
192 1457 106 22 Idman:
328 1457 34 22 Då
381 1457 39 28 jag
434 1457 46 22 icke
495 1457 41 21 kan
552 1456 90 22 tillmäta
657 1457 26 21 de
699 1457 51 25 skäl,
765 1463 47 15 som
828 1462 69 15 reser-

69 1487 104 20 vanterna
188 1485 71 22 anfört
274 1485 33 22 för
322 1486 33 21 sin
374 1485 47 22 från
437 1485 118 22 utskottets
570 1485 109 27 pluralitet
693 1485 112 22 afvikande
820 1485 55 21 åsikt
890 1485 8 20 i

807 1524 21 18 16
