1086 1753
42 101 27 17 10
81 101 52 16 febr.
406 91 100 36 Järnväg.
857 95 13 20 3

320 176 26 13 en
361 169 56 21 bana
432 169 47 21 från
496 169 104 22 Kauhava
615 169 78 22 station
711 169 12 21 å
739 169 131 26 Uleåborgs-

252 197 69 22 banan
344 197 32 22 till
398 197 88 28 lämplig
508 198 69 27 punkt
592 198 7 21 i
614 198 128 27 Lappajärvi
761 197 109 24 kommun,

251 225 125 28 förslagsvis
393 226 30 21 till
439 233 65 14 norra
519 227 69 21 ändan
603 226 24 21 af
640 226 127 27 Lappajärvi
783 226 38 27 sjö.

114 283 68 28 Ingen
204 283 23 21 af
249 283 62 21 dessa
327 283 66 21 banor
408 283 61 27 fyller
485 283 118 22 emellertid
618 283 41 22 den
675 283 90 27 uppgift,
781 289 47 15 som
844 289 26 15 en

46 312 60 26 bana,
121 312 80 27 dragen
218 318 77 21 genom
311 311 36 22 det
362 314 59 19 stora
436 312 93 26 område,
544 312 81 21 hvilket
640 312 116 27 begränsas
772 311 23 22 af
808 311 63 22 Uleå-

46 340 291 27 borg—Vasa—Jyväskylä,
354 340 393 27 Suonenjoki--Kuopio—Idensalmi
761 340 40 21 och
817 339 54 21 före-

46 369 75 27 slagna
142 368 255 22 Idensalmi-—Ylivieska
416 369 96 21 banorna
527 369 68 21 skulle
611 375 45 21 ega.
686 368 83 22 Nämda
784 368 87 21 område

46 399 106 25 upptager
177 404 26 14 en
226 397 57 21 areal
305 396 23 22 af
348 397 99 27 omkring
465 398 77 25 29,000
561 397 204 21 kvadratkilometer
780 397 49 21 med
845 403 26 15 en

47 426 124 26 befolkning
184 426 23 21 af
220 426 81 21 inemot
315 426 36 26 !/,,
361 425 23 21 af
397 426 47 20 hela
458 426 84 21 landets
553 426 40 21 och
603 426 56 21 ändå
668 425 89 22 föreslås
771 426 17 26 ej
801 426 70 26 någon

47 454 119 22 detsamma
180 454 91 21 delande
283 454 160 27 järnvägslinje.
473 455 84 21 Endast
571 456 30 20 ett
617 461 38 21 par
666 454 86 21 kortare
763 454 110 27 sugbanor

47 485 38 19 äro
100 482 23 22 af
136 483 94 21 komitén
246 483 143 27 accepterade,
405 483 39 21 och
459 482 23 22 af
496 483 63 21 dessa
574 484 41 20 den
631 489 45 19 ena,
692 483 72 21 såsom
780 482 39 22 ock
829 483 7 20 i
846 488 25 15 en

48 512 132 21 reservation
198 512 32 20 till
245 511 106 21 komiténs
367 511 134 22 betänkande
517 512 85 21 slående
617 511 128 26 framhålles,
760 512 49 20 ledd
824 512 7 20 i
847 517 25 15 en

48 546 45 15 mer
116 540 112 21 teoretiskt
250 540 187 27 uppkonstruerad
459 542 27 19 än
502 540 22 21 af
537 540 124 22 nuvarande
675 540 146 21 förhållanden
837 540 36 26 pä-

48 569 61 21 visad
123 568 101 28 riktning.

118 597 45 21 Och
181 597 64 21 likväl
260 597 36 21 vill
312 597 35 21 det
363 604 69 20 synas,
448 604 47 14 som
511 604 33 14 om
561 598 41 20 den
619 598 69 26 gamla
703 596 102 27 trafikled,
821 597 52 21 hvil-

48 626 42 21 ken
105 625 13 22 f.
134 632 19 15 n.
169 626 108 21 markeras
301 625 22 22 af
344 626 131 27 landsvägen
497 625 47 22 från
564 626 163 27 Gamlakarleby
741 625 59 22 öfver
811 625 62 23 Vetil,

48 655 77 25 Perho,
149 655 107 26 Karstula,
280 655 119 26 Saarijärvi,
420 655 98 21 Laukkas
541 655 39 21 och
600 655 71 21 vidare
686 655 32 20 till
733 655 86 26 Kuopio
835 654 39 21 och

51 683 31 21 S:t
103 683 82 25 Michel,
202 683 62 27 gäfve
285 689 27 15 en
333 683 69 21 direkt
416 683 154 27 fingervisning
585 683 41 21 hur
641 683 98 21 området
753 683 122 27 lämpligast

49 711 72 21 kunde
136 711 66 21 delas.
232 712 11 20 I
259 712 32 20 sin
308 711 129 27 detaljkritik
452 711 23 21 af
485 712 96 21 området
591 712 105 20 erkänner
704 711 170 27 järnvägskomi-

49 740 37 20 tön
101 742 32 19 att
148 746 26 14 en
193 740 188 27 spanmälsimport
404 746 50 21 eger
470 747 48 14 rum
534 740 31 21 till
580 740 41 22 alla
637 740 25 22 de
677 740 134 24 kommuner,
827 746 46 14 som

49 774 26 15 en
98 768 56 22 bana
176 769 6 20 i
207 769 70 21 denna
300 768 212 33 landsvägsriktning
528 769 85 21 komme
623 771 32 19 att
665 769 133 27 genomlöpa,
808 768 67 21 likasä

50 799 32 19 att
97 797 63 21 dessa
175 797 127 21 kommuner
325 803 39 21 ega
378 797 7 21 i
401 797 47 21 sina
470 798 78 26 skogar
571 797 40 22 och
627 797 117 21 vidsträkta
759 797 116 21 betesmar-

50 825 37 21 ker
103 826 68 20 källor
186 826 32 20 till
233 826 103 22 välständ,
353 826 54 20 blott
423 826 71 21 bättre
509 826 207 21 kommunikationer
732 826 92 20 värkade
840 825 35 21 be-

49 853 120 22 fruktande.
199 854 94 21 Alldeles
310 854 100 21 särskildt
425 854 69 21 skulle
510 854 227 35 mejerihandteringen
755 854 38 21 här
803 854 73 20 kunna

50 882 158 27 uppblomstra;
224 883 66 21 redan
307 889 28 15 nu
351 883 123 27 uppräknas
491 883 102 21 Karstula
608 884 72 20 säsom
695 889 27 15 en
737 882 24 22 af
769 883 26 21 de
807 884 69 19 större

50 911 295 27 smörproduktionsorterna.
375 912 83 26 Lägges
483 912 70 20 härtill
575 914 32 19 att
622 912 57 21 Vetil
700 912 47 20 ädal
762 913 23 19 är
801 910 76 26 bördig

50 941 57 19 samt
121 940 85 21 hemort
220 939 33 21 för
268 946 26 14 en
307 940 131 21 omfattande
448 940 149 27 tjärbränning
607 953 27 2 —
646 946 26 15 en
685 940 133 26 handtering,
829 945 47 15 som

50 968 7 20 i
72 967 138 34 förbigäende
225 968 63 27 sagdt
303 970 23 19 är
346 968 70 22 bättre
434 970 27 19 än
480 969 38 21 sitt
532 969 66 27 rykte,
615 982 22 2 —
656 971 31 19 att
702 968 58 22 säväl
776 968 38 21 här
830 974 46 14 som

50 996 124 27 isynnerhet
188 997 7 20 i
212 997 102 21 Karstula
337 997 39 21 och
391 997 7 21 i
414 997 114 27 Saarijärvi
547 997 68 21 finnes
633 997 52 21 flera
701 999 40 19 rätt
758 996 119 28 betydande

50 1025 76 26 forsar,
149 1027 32 19 att
202 1021 77 42 Perho,
302 1032 47 14 som
372 1027 23 19 är
415 1026 41 20 den
476 1028 99 29 svagaste
595 1025 23 22 af
638 1026 26 21 de
686 1026 127 20 kommuner
836 1025 41 21 den

51 1053 107 22 blifvande
173 1053 119 27 järnvägen
308 1053 85 22 komme
408 1056 32 19 att
456 1054 81 26 beröra,
553 1054 16 27 ej
587 1061 64 18 mera,
667 1054 65 21 sedan
749 1056 59 19 stora
823 1056 54 18 torr-

50 1081 203 28 läggningsarbeten
277 1082 38 21 där
339 1082 84 26 utförts,
445 1083 71 20 tillhör
532 1071 27 33 de
574 1083 111 26 ohjälpligt
701 1083 67 20 under
783 1082 94 21 frostens

51 1110 125 21 herravälde
198 1111 78 20 dömda
294 1111 87 21 delarna
398 1111 23 21 af
434 1111 48 21 vårt
497 1111 55 25 land,
568 1113 45 19 tror
626 1111 38 27 jag
679 1111 46 21 skäl
740 1117 43 20 nog
795 1110 82 21 funnits

50 1138 33 21 för
99 1141 31 19 att
145 1139 70 21 denna
229 1139 24 21 af
265 1139 44 27 mig
323 1146 30 14 nu
368 1139 110 27 påpekade
494 1140 55 21 bana
563 1139 22 22 af
598 1140 94 21 komitén
708 1139 116 28 upptagits.

120 1167 50 21 Men
190 1167 83 22 utöfver
289 1168 40 21 den
349 1168 108 27 betydelse
472 1168 38 27 jag
528 1168 38 21 här
581 1169 49 20 sökt
645 1168 100 21 framvisa
760 1167 33 22 för
809 1167 70 21 denna

51 1196 61 25 bana,
127 1195 32 22 får
175 1196 17 26 ej
210 1197 50 20 dess
276 1196 109 27 betydelse
399 1196 33 21 för
449 1197 41 21 den
506 1197 159 26 genomgående
681 1196 89 22 trafiken
781 1196 98 21 förbises.

52 1224 86 27 Dragen
154 1224 46 21 från
216 1225 192 34 Uleåborgsbanan
424 1225 7 21 i
447 1227 108 19 närmaste
573 1225 76 21 närhet
663 1225 31 21 till
711 1224 168 27 Gamlakarleby,

51 1252 65 21 hvars
138 1253 111 32 ypperliga
271 1253 64 21 hamn
358 1255 23 19 är
402 1253 48 22 isfri
464 1254 60 27 långt
539 1254 21 21 in
576 1254 27 27 på
618 1254 90 25 vintern,
723 1255 57 20 samt
795 1255 84 32 utmyn-

52 1281 70 21 nande
137 1281 6 21 i
160 1281 103 24 Suolahti,
279 1281 69 22 skulle
363 1282 69 21 banan
449 1270 65 33 blifva
529 1288 25 15 en
571 1282 122 28 nödvändig
703 1282 65 21 länk
760 1278 12 36 i
781 1282 41 21 den
833 1283 46 24 väg,

53 1316 52 18 som,
120 1309 45 22 förr
187 1310 51 21 eller
257 1316 81 16 senare,
354 1310 46 21 från
416 1311 80 26 hjärtat
510 1311 23 21 af
546 1311 90 21 Finland
652 1311 63 21 söker
730 1311 34 26 sig
778 1310 54 21 fram
848 1309 31 22 till

52 1338 64 21 hamn
139 1338 36 21 vid
197 1339 92 26 Ladoga,
312 1345 26 14 en
361 1341 47 25 väg,
432 1345 47 15 som
503 1340 28 26 på
546 1341 31 19 ett
593 1339 102 27 naturligt
710 1341 43 19 sätt
769 1339 54 21 skall
837 1337 42 22 för-

52 1367 71 21 medla
138 1373 26 15 en
180 1367 66 21 redan
262 1366 121 28 förefintlig,
398 1374 50 15 men
463 1368 45 21 helt
523 1368 59 26 visst,
598 1369 39 20 när
651 1368 42 21 alla
707 1368 75 21 hinder
799 1367 80 21 undan-

52 1395 61 26 röjts,
128 1396 104 26 betydligt
247 1396 128 21 tillväxande
391 1397 109 26 spanmåls
516 1397 79 26 import
609 1396 47 21 från
672 1396 163 27 kejsaredömet.

121 1423 11 21 I
148 1424 41 21 den
205 1424 90 27 petition
308 1424 38 27 jag
361 1425 35 20 vid
411 1425 130 26 landtdagen
557 1425 54 21 1897
628 1425 54 21 hade
692 1427 51 18 äran
754 1423 81 28 ingifva
849 1423 31 21 till

53 1451 179 28 borgareståndet
253 1452 106 27 föreslogs
382 1459 27 14 en
425 1453 55 21 bana
495 1453 47 21 från
558 1453 62 25 Sievi,
635 1453 122 21 alternativt
772 1452 108 21 Ylivieska

53 1480 32 21 till
99 1480 89 27 lämplig
202 1481 69 26 punkt
287 1481 12 20 å
315 1481 181 22 Savolaksbanan.
525 1481 75 22 Ehuru
615 1481 184 27 fortsättningsvis
812 1480 69 22 öfver-
