1086 1759
193 87 41 21 298
471 95 97 17 Beredda
580 95 131 17 fodermedel
914 94 27 17 23
953 98 62 12 mars.

260 162 73 28 Något
353 163 144 28 egendomligt
519 166 23 18 är
565 164 36 20 det
624 163 62 22 äfven
708 166 30 19 att
754 164 73 26 lagens
843 162 104 22 tillkomst
961 162 54 21 före-

192 190 79 22 stafvas
295 191 64 25 däraf,
382 194 31 19 att
435 194 31 19 ett
488 192 106 27 oafvisligt
610 192 68 27 skydd
693 192 67 22 måste
776 191 67 28 gifvas
856 190 158 28 jordbrukaren

191 221 44 19 mot
251 220 148 27 underhaltiga
414 227 69 18 varor,
513 227 49 15 men
577 223 32 19 att
624 221 109 27 samtidigt
748 221 7 21 i
770 220 17 28 8:
804 221 10 20 1
832 220 86 27 stadgas
931 221 32 19 att
973 219 41 21 alla

191 248 63 21 dessa
269 249 117 27 omgängar
401 249 39 21 och
455 249 41 21 alla
511 250 63 21 dessa
589 250 68 21 vilkor
673 250 55 26 gälla
738 249 76 21 endast
825 249 47 25 den,
883 254 46 16 som
940 248 74 27 yrkes-

191 277 90 26 mässigt
302 277 97 27 försäljer
422 278 79 21 sädana
523 284 68 15 varor.
621 277 88 22 Säledes
730 280 24 19 är
776 278 73 26 hvarje
865 277 149 27 jordbrukare,

191 311 47 15 som
263 305 24 21 är
309 305 53 22 efter
384 306 24 21 är
423 306 60 21 odlar
499 307 39 20 och
553 307 63 26 säljer
631 307 157 25 utsädesvaror,
804 305 90 28 fritagen
910 305 46 22 frän
972 305 42 22 alla

191 333 64 22 dessa
279 334 147 22 restriktioner
451 335 41 21 och
514 335 41 21 kan
579 335 89 25 således,
684 341 35 15 om
740 335 41 21 han
798 334 41 26 vill,
858 334 157 21 öfversvämma

191 362 130 22 marknaden
337 363 47 21 med
400 363 111 22 hurudana
526 370 62 19 varor
604 370 47 15 som
667 363 61 22 hälst.
757 363 36 21 Nu
809 363 41 21 kan
863 369 48 15 man
921 363 25 27 ju
963 365 51 24 säga

191 392 31 20 att
237 391 62 26 lagen
314 391 81 22 lämnar
410 391 33 22 för
459 393 53 25 dem,
529 399 46 14 som
588 393 45 20 icke
649 393 50 26 vilja
715 392 129 21 underkasta
860 392 33 27 sig
901 392 64 25 detta,
974 391 39 21 till-

191 419 48 21 fälle
261 421 32 20 att
310 421 35 20 vid
360 420 91 22 affärens
466 421 122 21 afslutande
603 421 186 21 öfverenskomma
804 422 31 20 att
850 420 164 27 förordningens

191 448 160 27 bestämningar
372 449 46 21 icke
440 449 61 22 skola
521 449 54 28 gälla
590 449 132 22 beträffande
737 450 62 21 deras
814 449 57 22 aftal.
901 449 114 21 Närmaste

192 476 107 28 päföljden
315 477 23 22 af
351 478 40 21 den
407 478 40 27 lag,
463 485 46 14 som
526 479 31 20 uti
572 478 110 21 Danmark
697 478 126 21 emanerade
836 478 60 25 1898,
904 477 38 22 har
951 477 64 22 ocksä

191 505 55 21 varit
267 508 32 19 att
321 507 98 27 samtliga
440 507 110 27 försäljare
572 507 24 21 af
613 507 206 27 bigödningsämnen
835 506 39 22 och
889 506 124 21 kraftfoder-

191 534 69 21 medel
283 535 157 22 sammanslutit
463 536 33 27 sig
518 536 38 21 och
578 536 31 21 till
628 536 47 21 sina
690 535 169 28 prisnoteringar
874 535 59 27 fogat
948 541 25 15 en
990 535 25 21 sä

191 562 91 27 lydande
299 563 95 22 klausul:
420 565 58 20 »Ved
495 564 83 21 ethvert
594 564 50 27 Salg
659 564 23 21 af
695 563 145 22 Foderstoffer
855 564 107 27 betragtes
979 563 36 22 det

189 597 47 16 som
261 592 134 27 udtrykkelig
418 593 99 26 vedtaget
532 593 91 21 imellem
641 593 109 28 Kjoberen
766 599 28 20 og
808 599 31 20 os,
855 594 21 19 at
891 593 123 20 Forretnin-

189 626 37 21 ger
241 620 47 21 ikke
303 627 23 15 er
341 621 96 22 afsluttet
452 628 41 21 paa
507 621 26 22 de
549 622 6 21 i
570 622 41 21 den
626 628 41 21 nye
683 622 43 21 Lov
742 628 36 15 om
793 621 85 21 Handel
894 621 47 21 med
957 621 56 22 Ged-

188 649 73 26 nings-
284 655 28 22 og
333 649 143 22 Foderstoffer
496 651 121 20 indeholdte
640 650 172 26 Bestemmelser,
827 650 88 27 ligesoin
931 650 21 21 vi
967 649 46 22 ikke

188 681 90 24 paatage
294 685 24 14 os
334 685 71 20 nogon
421 678 22 22 af
457 679 26 21 de
498 679 6 21 i
520 682 90 18 naevnte
625 679 45 21 Lov
683 685 110 15 naermere
809 678 146 27 specificerede
972 678 41 22 Ga-

188 706 86 21 rantier.
304 707 33 20 En
361 707 76 27 speciel
461 707 86 22 Clausul
571 708 73 21 herom
667 707 93 23 indfores
776 707 6 21 i
798 707 52 21 hver
866 707 71 21 enkelt
951 707 22 21 af
987 707 26 21 de

188 735 143 22 umiddelbart
353 735 53 22 efter
431 736 123 21 Handelens
576 736 125 27 Afslutning
722 736 112 21 utvexlede
849 735 164 22 Stadfaestelser

188 763 51 21 eller
263 763 117 22 Slutsedler
398 771 28 20 og
442 765 152 26 underskrives
608 765 107 26 gjensidig
729 765 23 21 af
766 765 81 26 Kjober
863 771 28 20 og
906 764 107 27 Saelger».

188 791 65 22 Detta
269 793 37 26 gär
321 799 29 15 nu
366 793 176 28 utomordentligt
557 794 33 21 väl
606 793 32 22 för
655 794 33 27 sig
702 794 7 20 i
724 795 31 20 ett
770 793 48 21 land
832 793 47 21 med
890 793 26 21 de
927 793 85 21 utveck-

187 820 48 21 lade
249 820 152 27 förhällanden,
417 829 46 14 som
479 823 91 20 existera
588 823 3 20 i
607 822 116 21 Danmark.
752 822 46 21 Här
813 821 40 22 hos
869 828 36 15 oss
920 821 41 22 kan
977 821 36 22 det

187 849 6 20 i
209 849 78 27 mänga
302 849 36 22 fall
353 850 140 27 genomföras,
509 851 7 20 i
531 851 77 27 mänga
622 851 52 21 icke.
704 850 95 26 Enhvar,
815 857 47 14 som
872 850 79 21 drifver
961 850 51 21 han-

188 877 33 21 del
237 878 49 21 med
301 878 81 22 sädana
396 879 92 26 artiklar,
504 881 35 20 vet
554 882 31 19 att
600 879 68 22 under
684 881 107 25 säsongen
807 878 44 22 ofta
866 881 30 19 ett
910 878 101 27 telegram

187 906 126 22 ankommer
335 913 34 16 om
392 908 131 21 omedelbart
543 908 130 21 afsändande
695 907 23 22 af
731 914 69 19 varor,
816 907 87 22 emedan
918 907 95 21 förrädet

187 935 54 26 tagit
261 935 50 22 slut.
340 936 34 21 En
390 937 119 26 expedition
525 937 68 20 mäste
608 937 27 21 dä
651 938 75 25 genast
741 936 39 21 ske
795 936 39 21 och
849 942 49 15 man
914 936 37 21 har
966 935 46 22 icke

187 963 31 21 tid
240 965 32 20 att
291 964 72 21 skicka
378 971 44 21 upp
438 965 116 22 slutsedeln
570 965 48 21 med
634 965 50 21 dess
699 965 109 21 förbehåll.
838 965 131 20 Ankommer
985 964 28 21 dä

189 998 64 15 varan
279 993 48 21 med
350 993 63 26 detta,
436 994 44 21 stär
503 994 35 21 det
552 994 7 21 i
580 995 106 26 köparens
702 993 53 22 skön
771 995 32 19 att
817 993 92 21 förklara
924 995 31 19 att
970 993 42 21 han

187 1020 46 21 icke
256 1023 106 25 mottager
384 1022 48 26 den,
447 1023 88 20 emedan
550 1023 74 28 lagens
639 1021 109 22 föreskrift
764 1028 35 15 om
816 1022 82 26 garanti
912 1021 23 22 af
950 1021 62 27 sälja-

187 1055 39 15 ren
249 1050 92 27 ensidigt
361 1050 70 22 blifvit
453 1051 113 21 utesluten.
599 1051 70 21 Äfven
692 1051 67 21 andra
778 1051 139 20 trakasserier
940 1050 72 21 kunde

188 1077 61 22 däraf
262 1077 58 28 följa.

255 1105 44 28 Jag
306 1107 68 21 mäste
383 1108 27 26 pä
418 1108 27 21 de
453 1107 51 27 skäl,
513 1114 46 15 som
567 1108 6 21 i
582 1107 68 22 första
659 1107 160 22 reservationen
830 1107 81 21 anförts
919 1107 39 21 och
965 1113 46 15 som

185 1135 38 26 jag
230 1141 29 15 nu
269 1135 48 21 sökt
325 1136 6 20 i
340 1136 70 27 någon
419 1137 48 20 män
477 1137 146 26 komplettera,
632 1137 7 20 i
647 1136 41 21 allo
698 1136 85 21 alnsuta
791 1136 44 27 mig
843 1135 31 22 till
883 1136 128 21 densamma.

256 1192 34 21 Hr
306 1193 139 22 Levonius:
476 1193 41 22 Sen
533 1193 106 22 asiallisen
655 1193 107 27 esityksen
776 1193 90 27 jälkeen,
879 1193 65 26 jonka
955 1193 56 21 edel-

186 1220 57 21 linen
266 1221 81 27 puhuja
370 1228 27 15 on
420 1224 94 24 antanut,
533 1222 48 21 voin
604 1222 58 21 minä
684 1222 97 27 supistaa
802 1221 125 22 lausuntoni
949 1222 62 21 aivan

185 1248 96 28 lyhyeen.

255 1278 67 21 Esillä
337 1278 74 21 olevan
428 1279 164 21 lainsäädännön
608 1279 105 21 tarkoitus
729 1285 34 19 on,
772 1278 66 21 kuten
849 1279 66 26 tietty,
926 1279 86 21 koettaa

185 1306 85 27 poistaa
292 1307 52 21 niitä
364 1307 118 27 epäkohtia,
501 1307 55 27 joita
574 1314 27 15 on
622 1307 105 22 olemassa
742 1307 213 26 lannoitusaineiden,
971 1307 40 21 sie-

185 1335 147 21 mentavarain
344 1335 24 27 ja
382 1336 126 21 rehuvarain
526 1336 114 27 kaupassa;
655 1336 24 27 ja
690 1343 27 14 on
727 1335 208 28 parannuskeinoksi
945 1335 64 22 ehdo-

185 1365 55 19 tettu
263 1363 181 28 lainmääräyksiä,
464 1365 73 26 joiden
560 1365 91 21 mukaan
671 1365 70 27 myyjä
756 1364 48 21 olisi
819 1364 127 21 velvollinen
959 1364 52 27 joka

184 1391 66 26 kerta,
272 1392 44 21 kun
337 1392 86 28 kauppa
437 1393 109 27 tapahtuu,
561 1395 113 20 antamaan
690 1393 98 27 ostajalle
804 1393 99 27 erityisen
918 1393 93 21 vakuus-

185 1420 135 22 todistuksen
336 1423 88 20 tavaran
439 1421 102 22 laadusta.

253 1449 52 21 Että
317 1449 115 22 todellakin
447 1450 113 27 epäkohtia
574 1451 131 21 osoitetussa
723 1450 113 21 suhteessa
855 1456 28 15 on
898 1449 54 22 ollut
967 1449 43 21 ole-

183 1482 78 21 massa,
277 1479 44 19 että
336 1478 152 28 väärennyksiä
503 1478 23 27 ja
541 1478 148 28 petollisuutta
703 1478 233 28 kysymyksenalaisten
952 1480 58 19 tava-
