1086 1761
27 112 28 18 20
67 112 53 17 febr.
372 105 106 33 Spelkort.
812 106 40 21 179

28 182 65 21 uttala
109 184 30 18 att
153 182 69 21 denna
243 182 34 20 del
297 182 21 20 af
333 182 155 26 motiveringen
503 181 46 21 icke
565 182 66 20 borde
646 182 7 20 i
669 182 182 21 svarsskrifvelsen

27 211 89 26 intagas.

97 267 68 21 Sedan
181 267 147 21 diskussionen
344 267 50 21 härå
409 267 112 21 förklarats
537 267 98 27 afslutad,
648 267 122 21 framstälde
781 268 24 20 hr
815 267 38 21 tal-

28 303 92 14 mannen
143 296 31 21 till
197 296 93 21 ståndets
314 295 131 22 besvarande
461 295 93 28 följande
571 295 281 28 omröstningsproposition:

97 353 39 27 De,
151 353 74 21 hvilka
238 353 116 27 godkänna
369 352 214 21 ekonomiutskottets
599 352 133 21 betänkande
748 353 103 27 oföränd-

27 382 56 27 radt,
99 384 59 19 rösta
173 382 34 25 ja;
223 381 31 26 de,
270 381 35 21 det
319 381 44 21 icke
377 383 54 25 göra
446 383 60 18 rösta
523 381 46 27 nej;

96 411 81 20 vinner
190 410 42 27 nej,
247 410 42 20 har
304 409 178 28 borgareståndet
497 409 88 22 beslutit
598 409 118 28 godkänna
731 409 120 22 betänkan-

27 439 36 20 det
77 439 49 21 med
140 439 137 20 uteslutande
292 445 28 14 ur
342 438 160 27 motiveringen
517 438 29 27 af
557 439 67 20 orden
641 439 83 20 »under
738 439 114 21 uttalande

28 467 29 27 af
67 467 40 21 den
132 467 114 27 tillförsikt
268 469 33 18 att
322 467 74 27 någon
419 467 132 27 betydligare
566 467 131 27 förhöjning
713 467 29 27 af
750 467 103 27 gällande

29 496 110 21 tullsatser
154 496 38 21 och
207 495 69 28 däraf
288 495 102 28 betingad
404 495 130 28 opåräknad
543 496 97 27 stegring
653 495 29 28 af
689 495 164 28 tolagsafgiften

28 525 71 20 under
113 524 171 28 ifrågavarande
300 524 118 28 tidsperiod
432 524 46 21 icke
493 524 56 21 skall
564 531 39 20 ega
617 531 73 14 rum>.

99 587 159 27 Propositionen
283 587 125 21 besvarades
431 587 50 21 med
504 587 156 27 öfvervägande
682 587 41 27 nej,
744 587 40 21 och
799 587 53 20 hade

29 616 171 27 borgareständet
215 615 81 21 således
312 615 86 21 beslutit
412 615 114 27 godkänna
543 616 112 20 utskottets
663 615 133 21 betänkande
804 615 48 21 med

30 644 133 21 uteslutande
179 650 25 14 ur
219 644 92 21 motiven
329 644 22 20 af
365 644 143 20 ofvannämda
524 644 115 26 uttalande,
647 644 79 21 hvilket
742 644 55 26 förty
806 644 46 20 icke

30 672 69 21 skulle
123 672 49 28 ingå
187 673 6 20 i
209 673 124 21 ständernas
355 672 147 28 underdåniga
520 679 48 15 svar
583 672 12 21 å
611 673 42 21 den
668 672 76 28 nådiga
760 672 93 28 proposi-

30 701 77 21 tionen.

98 832 116 27 Föredrogs
230 832 240 27 bevillningsutskottets
486 833 34 20 vid
537 834 83 19 senaste
636 832 86 27 plenum
739 831 115 28 bordlagda

30 861 133 21 betänkande
179 868 33 13 n:o
229 861 11 20 1
256 861 7 20 i
282 861 115 27 anledning
412 861 21 21 af
449 861 77 27 nådiga
541 861 129 27 proposition
685 867 35 14 n:o
737 862 12 19 8
766 867 34 14 om
815 861 38 21 be-

29 889 106 28 villning
149 889 40 23 för
203 889 117 28 spelkort.

99 946 65 21 Ordet
179 946 102 28 begärdes
296 946 31 21 till
343 946 52 21 först
410 946 22 21 af

97 1004 25 20 hr
137 1003 120 27 Hoving,
278 1010 45 14 som
339 1004 93 26 yttrade:
464 1003 108 21 Ehuruväl
589 1004 35 26 jag
639 1010 62 14 anser
717 1004 29 20 att
761 1002 93 28 spelkort

29 1034 23 18 är
67 1038 26 15 en
109 1032 85 27 lämplig
210 1032 75 21 artikel
304 1032 33 20 för
352 1032 136 26 beskattning
504 1032 39 20 och
558 1032 123 27 bevillning,
697 1033 22 19 sä
734 1032 69 20 finnes
818 1031 36 21 det

30 1061 53 21 dock
99 1067 25 14 en
140 1063 62 25 gräns
218 1061 32 20 för
265 1061 168 27 beskattningen.
464 1060 49 21 Man
531 1060 37 21 bör
582 1061 47 21 icke
645 1060 66 22 äsätta
732 1066 25 15 en
774 1060 23 20 sä
812 1060 42 26 hög

29 1090 60 23 skatt,
105 1091 30 19 att
149 1089 41 21 den
206 1089 80 27 uppgär
308 1089 31 21 till
356 1089 113 27 väsentligt
484 1089 64 27 högre
564 1089 76 27 belopp
656 1091 25 19 än
697 1088 157 27 tillvärknings-

30 1118 116 20 kostnaden
162 1118 32 20 för
210 1125 69 18 varan,
295 1120 22 24 ty
333 1118 122 26 därigenom
472 1118 109 20 befordras
596 1118 138 27 lurendräjeri
747 1117 39 21 och
797 1116 57 21 detta

29 1148 23 19 är
68 1146 32 21 väl
115 1146 47 21 icke
178 1147 113 27 meningen
307 1146 48 21 med
372 1147 36 20 vär
424 1146 123 27 bevillning.
577 1146 42 28 Jag
637 1146 87 21 föreslär
739 1146 71 20 därför
824 1146 30 20 att

30 1175 76 26 nådiga
130 1175 168 26 propositionens
323 1175 77 27 förslag
424 1175 124 26 godkännes
574 1175 39 21 och
639 1177 29 18 att
683 1175 143 26 bevillningen
842 1173 11 20 &

30 1203 91 28 spelkort
137 1203 73 20 förblir
224 1203 35 21 vid
277 1203 35 21 det
327 1203 77 27 gamla.

97 1266 33 21 Hr
151 1266 196 27 Aejmelaeus:
377 1266 53 21 Tulo
446 1266 134 27 pelikorttien
596 1265 257 22 suostuntaverotuksesta

31 1301 26 14 on
73 1295 114 20 todellakin
204 1295 42 20 niin
264 1295 109 24 vähäinen,
388 1295 50 20 ettei
462 1301 22 14 se
500 1297 121 18 verrattuna
637 1295 80 20 muihin
734 1296 119 19 suostunta-

31 1323 93 21 veroihin
148 1323 137 21 valtiovarain
307 1323 54 21 tulo-
376 1323 21 27 ja
413 1323 158 21 menoarviossa
594 1323 85 21 vaikuta
702 1323 68 27 paljoa
793 1323 59 20 sinne

30 1352 47 21 eikä
92 1354 69 18 tänne.
190 1351 116 22 Kuitenkin
323 1359 26 13 on
366 1352 124 20 valiokunta
511 1352 74 20 käsillä
599 1352 74 20 olevaa
691 1352 55 20 asiaa
757 1351 97 28 pohtinut

30 1380 172 27 monipuolisesti.
233 1379 45 22 Sitä
300 1387 27 14 on
344 1381 92 20 katsottu
452 1380 163 21 taloudelliselta
631 1381 99 20 kannalta
744 1381 22 26 ja
788 1379 66 21 miltei

30 1409 51 26 yhtä
103 1409 113 27 painavasti
240 1409 141 25 siveelliseltä,
406 1409 83 27 vieläpä
504 1409 219 26 terveydelliseltäkin.
753 1408 57 21 Joku
826 1414 28 14 on

31 1437 162 21 valiokunnassa
214 1437 102 21 lausunut
334 1437 148 27 epäilyksensä
497 1437 52 25 siitä,
565 1437 55 21 onko
636 1437 116 21 ensinkään
768 1436 86 28 sopivaa

31 1466 84 25 käyttää
129 1466 119 26 pelikorttia
264 1466 197 20 verotus-esineenä
484 1466 26 26 ja,
532 1466 33 26 jos
581 1466 42 19 niin
641 1471 33 21 on,
692 1466 80 26 sopiiko
784 1471 70 19 sanoa,

31 1494 97 20 niinkuin
144 1500 26 14 on
192 1495 90 24 sanottu,
301 1493 72 21 niiden
386 1494 76 21 olevan
479 1494 67 21 siihen
563 1494 95 21 erittäin
675 1494 99 27 sopivia».
804 1492 49 21 Nuo
