1092 1764
186 103 49 39 504
530 115 144 30 Rusdrycker.

944 120 13 16 5
969 119 47 20 maj.

189 183 58 21 vissa
270 183 57 22 delar
350 185 80 22 ändrad
453 193 77 20 genom
552 187 178 28 förordningarna
753 188 41 21 den
813 188 13 21 9
842 188 48 27 juni
908 188 54 21 1892
977 188 40 21 och

189 211 41 21 den
248 212 26 21 10
289 213 53 26 april
359 214 64 27 1895;

258 275 81 16 samma
363 271 95 26 utskotts
480 273 135 21 betänkande
637 279 34 15 n:o
694 274 12 21 8
722 274 7 20 i
743 273 117 28 anledning
879 273 24 22 af
915 275 80 20 tvänne
1010 274 7 20 i

187 299 83 24 präste-
286 299 40 21 och
341 299 162 24 bondestånden
519 301 76 22 väckta
609 301 189 28 petitionsförslag,
814 303 36 20 det
863 309 40 14 ena
914 302 103 21 afseende

187 326 189 28 åvägabringande
391 329 23 21 af
426 329 143 23 kommunal
588 330 158 23 förbudsrätt
762 331 43 22 för
819 330 198 28 alkoholhaltiga

188 354 114 29 drycker,
318 357 36 21 det
369 358 66 21 andra
450 358 93 23 allmän
559 359 156 28 förbudslag;

256 419 82 16 samma
362 415 95 22 utskotts
481 416 134 21 betänkande
637 423 34 14 n:o
694 417 13 20 9
727 417 7 21 i
756 417 116 26 anledning
891 416 24 21 af
934 418 31 19 ett
984 416 31 21 till

187 441 160 26 prästeständet
369 443 118 22 inlämnadt
509 445 176 26 motionsförslag
706 445 92 22 rörande
821 445 92 26 ändring
934 445 23 22 af
970 447 45 19 sär-

187 469 69 22 skilda
278 471 132 26 stadganden
433 473 32 21 uti
487 473 78 27 nådiga
586 473 152 28 förordningen
762 474 23 21 af
805 474 41 21 den
867 474 14 21 2
899 474 42 27 maj
959 473 56 22 1895

186 498 112 27 angäende
313 500 58 21 vissa
386 501 179 28 inskränkningar
580 503 7 20 i
602 502 108 23 handeln
725 503 57 28 med
798 503 71 22 viner
879 502 47 23 och
937 502 79 22 andra

186 532 101 22 svagare
302 529 162 28 rusdrycker;
480 533 56 19 samt

254 584 107 23 allmänna
376 587 207 22 besvärsutskottets
600 588 132 21 betänkande
749 595 34 14 n:o
801 589 23 20 11
841 588 7 21 i
863 588 117 27 anledning
993 587 23 22 af

185 614 31 19 ett
235 613 7 20 i
261 615 159 26 prästeständet
439 617 63 21 väckt
523 617 185 27 petitionsförslag
729 623 37 16 om
788 617 184 28 inskränkning
987 616 28 23 af

185 641 211 28 söndagstrafiken
412 644 31 28 pä
459 645 234 28 statsjärnvägarna.

252 801 33 22 Hr
301 803 121 22 talmannen
436 805 141 28 tillkänpagaf
585 808 32 19 att
627 806 96 21 ständets
735 805 277 28 diskussionsprotokokoll

181 828 33 22 för
238 830 40 21 den
302 831 77 26 20,24
401 833 39 21 och
464 834 26 21 27
512 834 55 27 april
588 833 94 28 förelägo
697 834 84 27 färdiga
795 835 32 20 till
840 835 115 26 justering,
971 834 41 21 och

181 858 64 27 utsäg
267 859 25 21 hr
314 860 123 23 talmannen
458 862 36 21 hrr
514 862 92 27 Savön,
622 863 146 21 Relander
784 863 38 21 och
838 863 125 21 Pentzin
979 865 34 19 att

178 886 85 27 justera
278 889 78 21 nämda
374 891 113 25 protokoll.

248 1030 91 23 Plenum
356 1033 112 26 upplöstes
484 1034 26 21 kl.
527 1034 26 27 1/,
564 1035 24 20 11
606 1041 17 15 e.
639 1041 28 15 m.

793 1092 22 17 In
827 1091 66 18 fidem:

729 1132 28 21 A.
781 1131 23 22 V.
822 1131 118 28 Lindberg.
