1086 1745
202 111 42 20 268
505 113 123 35 Ändringar
640 118 44 16 iR.
696 118 23 16 B.
930 117 24 16 16
966 121 64 12 mars.

204 185 76 21 käsillä
296 185 97 22 olevassa
407 186 114 27 pykälässä
536 186 86 21 tehtävä
637 192 59 15 sama
710 188 93 23 muutos,
820 185 104 22 nimittäin
940 185 90 28 pykälän

204 210 173 33 ensimmäisessä
399 215 116 32 lauseessa,
538 215 54 21 siten
616 216 44 19 että
682 215 87 20 lauseen
789 214 151 27 keskipaikalla
955 214 75 21 olevan

204 249 67 14 sanan
289 243 115 21 »tuomari»
463 250 27 14 an
513 243 113 27 pantaisiin
644 250 51 14 sana
712 243 107 21 »oikeus».
849 243 119 21 Mielestäni
983 242 48 21 olisi

204 271 55 21 vielä
275 272 110 26 suurempi
403 278 34 21 syy
456 272 63 21 tähän
536 272 141 21 muutokseen
694 272 106 21 olemassa
815 278 37 15 sen
865 271 106 27 johdosta,
987 273 45 19 että

204 300 82 21 sanalla
302 301 116 20 »tuomari»
437 302 58 19 tässä
509 301 140 20 arvattavasti
664 301 19 20 ei
699 301 62 20 voida
772 300 114 21 tarkoittaa
896 302 74 19 muuta
979 300 51 20 kuin

203 328 154 21 hovioikeutta.
382 329 108 27 Pyytäisin
508 329 36 21 siis
561 329 65 22 saada
641 329 106 26 ehdottaa,
755 329 74 26 että
811 324 24 36 jo
840 329 191 20 mainitsemassani

204 357 110 21 lauseessa
330 364 51 14 sana
398 358 115 20 »tuomari»
532 358 155 21 muutettaisiin
704 357 85 22 sanaksi
809 357 104 22 >oikeus;.

273 415 33 20 Hr
321 415 125 25 Jusölius,
461 415 95 27 August:
588 415 49 21 Med
653 415 116 26 anledning
783 414 23 21 af
821 415 24 20 hr
858 415 69 21 Sikios
937 414 95 27 yrkande

204 443 38 20 ber
255 443 38 26 jag
307 443 21 21 få
346 445 78 19 nämna
445 446 31 19 att
491 444 7 21 i
515 444 54 21 1734
585 444 35 21 års
637 444 34 26 lag
686 444 61 21 ordet
765 444 126 21 »domaren»
908 443 28 27 pä
951 442 81 27 ganska

204 472 78 25 många
304 472 75 21 ställen
403 472 142 21 förekommer
560 472 99 27 liktydigt
677 473 48 20 med
743 474 102 19 »rätten».
876 471 155 26 Anledningen,

204 500 88 21 hvarför
307 501 6 20 i
328 501 14 20 5
358 502 10 23 N
384 500 22 21 af
420 501 25 21 17
461 501 48 26 kap.
525 501 62 21 ordet
602 501 126 21 »domaren>
743 501 82 27 utbytts
839 504 44 18 mot
895 502 101 22 »rätten»,
1008 501 23 19 är

204 529 41 28 den
268 531 31 19 att
314 529 7 20 i
337 535 80 15 samma
433 533 96 18 moment
543 529 74 27 längre
633 529 53 21 fram
702 529 143 21 förekommer
856 530 60 21 ordet
928 531 104 18 »rätten».

204 557 126 27 Ändringen
351 558 7 20 i
381 558 116 21 sistnämda
521 558 82 26 lagrum
627 558 38 21 har
684 558 55 21 altså
757 558 69 21 blifvit
841 558 98 26 vidtagen
955 557 77 21 endast

204 585 34 22 för
259 586 176 21 konformitetens
451 587 62 21 skull.
541 587 42 26 Jag
598 587 116 26 tillstyrker
735 589 32 19 att
782 587 14 20 4
816 588 5 23 %
837 587 6 20 i
859 587 25 20 21
902 587 46 26 kap.
963 586 67 21 måtte

205 615 125 26 godkännas
346 615 127 21 oförändrad
489 615 67 27 enligt
572 615 149 22 betänkandet.

275 672 33 21 Hr
330 673 177 26 Aejmelaeus:
538 673 79 21 Tämän
641 673 113 26 neljännen
775 673 89 26 pykälän
881 673 149 20 ensimmäisen

204 701 86 21 kohdan
311 701 112 21 viimeinen
446 701 59 22 lause
528 702 60 21 alkaa
611 702 97 21 sanoilla:
743 702 52 21 >Jos
818 701 83 21 Keisari
921 701 110 21 vahvistaa

205 729 156 22 hovioikeuden
383 730 137 26 päätöksen».
550 731 58 20 Minä
631 730 98 25 ehdotan,
753 732 44 19 että
817 733 38 18 tuo
873 729 49 22 alku
937 729 93 21 kuuluisi

208 758 52 21 »Jos
280 758 82 21 Keisari
379 759 23 26 ja
418 759 162 21 Suuriruhtinas
597 759 110 21 vahvistaa
722 759 155 20 hovioikeuden
894 758 136 27 päätöksen».

276 815 32 21 Hr
331 816 118 21 Kumlin:
480 817 49 20 Med
545 816 115 27 anledning
675 815 23 22 af
710 815 25 22 hr
751 815 128 27 Aejmeleus'
896 818 83 18 senaste
994 821 37 14 an-

205 844 114 27 märkning
334 844 39 21 och
388 844 81 27 förslag
484 845 37 21 ber
533 845 38 26 jag
586 847 31 19 att
632 845 20 20 fä
668 845 71 20 erinra
755 851 34 14 om
807 846 31 19 att
848 844 69 21 denna
927 844 103 26 paragrat,

206 873 70 20 sävidt
297 873 66 26 angär
382 873 35 21 det
433 873 22 21 af
472 873 24 21 hr
511 873 123 27 Aejmeleus
651 873 113 21 omnämda
780 873 111 26 uttrycket,
907 874 23 19 är
945 872 86 21 alldeles

205 900 234 22 Ofverensstännnande
462 902 48 20 med
534 902 151 21 motsvarande
708 901 119 27 stadgande
842 901 6 21 i
865 901 55 21 1734
940 901 34 20 års
991 900 40 26 lag,

206 930 76 20 sädant
298 930 59 21 detta
372 930 118 26 stadgande
506 930 58 27 lyder
578 931 7 20 i
603 930 53 21 1868
672 930 34 21 ärs
722 930 131 26 förordning.
883 930 117 20 Momentet
1008 930 23 19 är

205 958 43 21 lika
261 958 91 27 lydande
367 959 48 21 med
431 966 29 14 nu
477 959 97 27 gällande
589 959 40 27 lag,
646 958 39 22 och
701 959 26 21 dä
742 958 71 27 nägon
830 958 68 27 saklig
908 958 125 26 förändring

205 987 6 20 i
228 987 60 20 detta
303 990 96 18 moment
413 988 46 21 icke
475 990 22 19 är
513 987 126 28 föreslagen,
656 988 24 21 sä
694 987 121 26 föreligger,
831 987 66 26 enligt
909 987 43 20 min
963 986 69 25 tanke,

205 1015 46 21 icke
268 1015 65 22 häller
349 1017 66 26 nägot
431 1017 46 20 skäl
492 1019 31 18 att
539 1017 44 20 däri
597 1018 52 25 göra
661 1016 126 26 förändring
797 1016 6 20 i
814 1015 103 27 spräkligt
927 1015 105 21 afseende.

275 1073 156 21 Diskussionen
453 1073 75 22 afslöts
550 1073 93 26 härmed,
666 1073 40 21 och
727 1073 124 20 framstälde
870 1073 25 20 hr
911 1072 121 21 talmannen

204 1101 49 21 med
269 1101 115 27 anledning
399 1102 22 21 af
435 1103 26 20 de
476 1104 78 19 tvänne
569 1101 188 27 ändringsförslag,
775 1107 46 15 som
838 1101 106 20 därunder
958 1103 74 24 gjorts,

204 1129 94 27 följande
314 1131 313 26 omröstningspropositioner':

275 1187 39 20 1:o.
344 1187 39 26 De,
399 1187 73 21 hvilka
489 1187 116 27 godkänna
626 1187 111 21 utskottets
753 1187 85 27 förslag
855 1187 35 20 till
905 1186 78 27 lydelse
998 1187 36 26 för

204 1216 44 24 4$
265 1216 27 19 21
314 1215 48 28 kap.
379 1216 9 19 i
402 1216 34 20 det
455 1216 28 27 af
498 1216 27 20 hr
541 1216 61 21 Sikio
618 1216 117 20 anmärkta
751 1215 109 28 afseende,
876 1217 59 18 rösta
944 1215 41 27 ja;
1002 1215 32 24 de,

203 1243 35 21 det
254 1243 45 21 icke
313 1246 60 25 göra,
389 1246 59 19 rösta
463 1245 50 26 nej;

274 1272 80 21 vinner
369 1273 42 26 nej,
428 1273 42 20 har
485 1273 178 27 borgareståndet.
676 1273 87 20 beslutit
775 1272 78 28 utbyta
863 1272 60 21 ordet
936 1274 95 19 >rätten»

205 1302 45 19 mot
267 1301 138 21 »domaren».

275 1358 165 26 Propositionen
455 1358 128 22 besvarades
599 1359 48 21 med
664 1358 159 27 öfvervägande
835 1358 28 26 ja.

274 1415 34 21 2:0.
344 1414 39 27 De,
401 1415 75 21 hvilka
494 1416 117 27 godkänna
629 1415 113 21 utskottets
756 1414 85 28 förslag
857 1414 34 21 till
906 1414 78 28 lydelse
999 1414 37 27 för

203 1443 15 27 $
234 1444 14 19 4
264 1443 152 27 oförändradt,
432 1446 61 19 rösta
506 1444 36 27 ja;
558 1444 31 26 de,
605 1444 34 20 det
654 1444 45 20 icke
712 1446 60 24 göra,
789 1445 58 19 rösta
863 1443 47 27 nej;

274 1472 80 21 vinner
367 1472 44 28 nej,
422 1472 43 21 har
479 1472 175 28 borgareståndet
662 1472 96 28 godkänt
768 1472 28 21 hr
805 1472 133 27 Aejmlaeus'
946 1471 89 28 förslag.
