1086 1759
65 106 28 16 30
105 110 63 12 mars.
381 100 184 33 Fiskeristadgan.
850 105 42 21 329

66 174 88 22 stående
176 174 92 28 redskap
283 175 83 27 intagit,
382 176 22 21 af
417 176 80 22 honom
516 177 90 22 sålunda
620 178 80 27 nyttjas
715 178 54 22 intill
784 179 107 27 ingången

66 202 23 22 af
109 203 67 21 andra
194 203 194 28 veckofredningen
411 204 112 22 därefter».
553 206 43 27 Jag
612 206 81 22 känner
708 207 45 21 icke
768 207 31 21 till
815 207 78 21 förhål-

66 232 92 21 landena
172 232 7 20 i
193 231 78 27 hafvet,
293 239 49 15 men
366 233 127 27 stadgandet
510 234 126 22 förutsätter
656 237 32 19 att
704 242 81 14 samma
799 236 93 21 bestäm-

66 260 76 27 ningar
165 260 61 21 skola
248 261 55 26 gälla
323 260 33 22 för
370 261 54 22 fiske
438 262 7 21 i
460 262 87 28 Ladoga
565 265 88 20 vattnen
676 270 45 15 som
737 264 33 21 för
785 264 107 22 hafstiske.

66 289 78 26 Vanlig
164 289 72 26 praxis
252 291 23 19 är
290 291 32 20 att
336 290 108 26 vintertid,
459 291 28 20 då
501 291 149 28 förnämligast
662 292 101 21 notdräkt
775 299 51 20 eger
837 299 55 17 rum,

66 317 170 27 notdragningen
260 317 49 22 sker
324 318 8 21 i
347 321 134 24 gemensamt
498 319 127 22 fiskevatten
640 321 7 20 i
662 321 41 21 den
719 321 97 26 ordning,
832 321 60 22 hvari

66 346 106 21 fiskarena
187 346 91 21 anlända
293 347 31 20 till
339 346 130 26 fiskestället,
485 355 48 14 men
544 349 117 26 ingalunda
671 349 94 26 sålunda,
778 351 32 20 att
819 350 74 27 hvarje

66 374 77 22 fiskare
165 375 68 20 skulle
256 375 63 21 hafva
340 377 31 20 ett
389 376 56 27 dygn
461 377 32 20 till
509 377 37 21 sitt
561 377 131 28 förfogande,
708 380 50 19 utan
774 378 29 26 så,
819 380 31 20 att
866 379 26 20 då

66 403 68 22 första
156 405 64 19 noten
243 403 107 22 utkastats
370 405 39 20 och
430 405 81 27 dragits
533 408 24 19 ut
572 408 30 19 ett
618 407 78 26 stycke,
711 406 93 27 följande
818 407 77 27 notlag

66 433 71 26 börjar
166 432 97 21 utskasta
291 433 32 20 sin
352 435 44 22 not,
420 433 38 22 och
485 434 24 21 så
534 435 38 26 går
597 435 36 21 det
658 435 71 21 undan
756 435 32 22 för
814 436 78 21 undan.

66 463 42 26 Jag
129 464 46 19 tror
197 463 32 19 att
244 461 69 22 denna
335 461 136 28 bestämning
490 463 67 22 borde
576 464 28 27 på
621 464 66 27 något
707 466 42 19 sätt
765 464 127 26 modifieras,

66 491 101 26 möjligen
189 490 28 25 så,
240 492 31 19 att
294 490 65 21 slutet
380 490 24 21 af
424 490 69 23 första
515 492 113 27 meningen
648 493 85 20 komme
752 495 32 19 att
799 493 56 26 lyda:
873 493 20 21 »i

67 520 41 21 den
131 519 96 26 ordning,
251 525 46 15 som
320 519 27 21 de
367 519 32 21 till
419 519 126 22 fiskestället
562 521 120 21 ankommit
697 521 38 21 och
750 521 40 22 fått
806 522 32 21 sin
854 524 39 19 not

67 548 119 21 vtkastad».

135 577 56 21 Från
207 577 10 27 8
234 577 27 21 10
276 577 37 20 har
329 577 109 21 uteslutits
453 579 32 20 ett
499 579 67 20 andra
580 580 101 24 moment,
698 585 45 14 som
757 579 87 26 stadgar
861 580 32 19 att

67 605 188 27 bestämningarna
269 605 7 21 i
291 605 127 27 paragrafen
441 605 61 22 äfven
526 607 68 21 skulle
616 607 89 21 hänföra
725 607 33 27 sig
778 607 31 21 till
826 607 67 27 insjö-

67 636 93 19 vattnen.
190 635 42 26 Jag
253 640 63 15 anser
339 633 32 22 för
392 634 42 21 min
451 635 33 21 del
499 637 32 19 att
546 636 59 21 detta
620 638 95 19 moment
726 635 54 22 hade
795 636 55 21 varit
864 635 29 28 pä

67 663 33 21 sin
115 663 62 27 plats.

136 692 10 21 I
163 692 26 21 13
205 692 11 27 &
231 692 129 21 bestämmes
378 694 32 19 att
428 693 54 20 intet
496 691 54 22 fiske
564 692 32 21 får
611 693 60 21 idkas
686 692 46 22 från
748 693 144 26 islossningen

66 720 33 21 till
117 721 41 20 den
175 721 10 20 1
199 721 41 26 juli
258 721 49 20 med
329 721 110 26 undantag
453 720 23 22 af
489 721 72 27 fängst
576 721 22 22 af
612 721 81 27 siklöja.
722 722 41 26 Jag
777 723 45 19 tror
842 727 50 15 man

67 749 66 21 borde
148 749 87 27 tillägga
246 749 128 27 norsfängst.
393 749 159 27 Norsfängsten
561 749 106 22 bedrifves
677 750 106 27 nämligen
791 751 7 20 i
806 750 87 27 Ladoga

64 777 47 27 just
126 778 35 21 vid
176 778 187 27 islossningstiden
380 778 39 21 och
434 778 107 27 knappast
555 779 39 20 alls
610 779 27 26 pä
649 785 69 14 annan
729 779 36 20 tid.
790 778 102 27 Inryckes

66 806 46 21 icke
127 807 70 20 denna
214 807 142 26 bestämning,
372 809 63 25 göres
451 807 36 21 det
502 809 31 19 ett
548 809 55 19 stort
618 807 86 21 afbräck
720 807 6 21 i
741 807 103 26 näringen
859 807 34 21 för

67 841 25 15 en
109 835 34 21 del
158 835 77 21 fiskare
250 835 125 27 isynnerhet
389 836 57 21 inom
464 835 77 22 Salmis
557 836 84 21 socken.

136 864 11 21 I
163 864 27 21 14
205 864 11 27 &
231 863 143 22 förekommer
389 870 26 15 en
431 864 33 21 hel
480 871 72 14 massa
564 865 165 26 bestämningar,
740 871 45 14 som
798 863 38 22 alls
846 864 47 21 icke

66 891 70 22 finnas
150 893 7 20 i
173 893 40 20 den
229 893 90 26 tidigare
334 892 169 27 fiskeristadgan,
519 893 67 26 nägra
600 893 22 21 af
636 893 87 27 mycken
739 893 45 21 vikt
797 892 38 21 och
846 895 47 18 stor

66 921 115 26 betydelse.
211 921 43 21 Det
279 921 65 27 gäller
365 921 127 27 fredningen
515 921 23 22 af
558 921 56 22 olika
636 921 104 22 fiskarter.
769 922 11 20 I
801 922 10 20 1
828 927 65 15 mom.

67 949 54 22 talas
144 956 35 15 om
194 949 73 22 laxens
281 950 102 21 fredande
398 950 40 21 och
453 950 109 27 särskiljes
578 950 88 21 emellan
682 950 72 27 fängst
768 949 24 22 af
804 950 33 21 lax
853 949 39 22 och

67 979 56 20 mete
138 978 23 21 af
174 979 39 20 lax.
242 979 78 26 Vanlig
335 978 72 27 fängst
419 978 23 22 af
455 979 33 21 lax
505 979 65 21 borde
584 979 96 26 upphöra
691 979 40 20 den
742 979 10 20 1
766 979 127 26 september,

67 1013 49 14 men
138 1009 56 19 mete
214 1007 78 22 tillätas
310 1007 31 21 till
361 1007 41 22 den
419 1007 26 22 15
461 1008 127 26 september.
617 1008 42 26 Jag
674 1007 40 22 kan
730 1007 45 22 icke
790 1007 57 21 finna
862 1009 32 19 att

67 1035 37 22 det
119 1036 120 26 egentligen
254 1036 68 21 finnes
338 1036 69 27 nägon
424 1036 115 27 anledning
554 1036 31 21 till
600 1036 70 21 denna
685 1036 81 21 skilnad
780 1036 7 21 i
800 1036 92 21 bestäm-

67 1064 106 27 ningarna
195 1071 34 14 om
249 1065 57 21 tiden
322 1065 33 20 för
370 1067 57 19 mete
442 1065 39 21 och
496 1067 65 19 annat
576 1064 105 27 fiskesätt;
697 1065 87 20 därmed
799 1064 56 21 afses
867 1064 25 27 ju

67 1093 7 20 i
89 1092 89 22 främsta
193 1095 92 19 rummet
301 1093 111 22 fredandet
427 1093 22 21 af
462 1093 47 26 fisk,
525 1099 45 16 som
587 1093 38 27 gär
642 1100 42 20 upp
700 1093 38 21 och
749 1095 23 19 är
783 1092 109 27 lekfärdig.

67 1121 50 21 Icke
139 1121 70 22 fredas
233 1122 34 20 väl
289 1121 67 22 fisken
379 1128 51 19 mer,
453 1128 34 15 om
511 1122 39 21 den
574 1121 75 28 fångas
667 1122 48 21 med
731 1124 55 19 mete
802 1123 26 19 än
844 1121 49 21 med

67 1150 67 21 andra
148 1150 49 21 don.
225 1151 42 26 Jag
282 1152 45 19 tror
342 1152 32 19 att
389 1151 163 26 sportintresset
567 1151 38 20 här
621 1151 81 26 smugit
715 1151 32 26 sig
757 1151 28 25 in,
796 1150 39 21 och
846 1156 46 15 som

67 1179 85 20 ständet
168 1178 43 21 ofta
226 1179 56 21 visat
297 1179 34 26 sig
345 1179 98 27 ömtäligt
457 1179 81 25 härvid,
553 1179 83 27 hoppas
646 1179 38 27 jag
693 1181 31 19 att
735 1179 85 21 ständet
830 1178 63 22 äfven

67 1213 29 15 nu
112 1207 54 21 skall
181 1207 46 21 visa
242 1208 33 26 sig
290 1207 42 22 lika
347 1207 97 27 ömtåligt
459 1208 39 21 och
514 1207 67 22 afvisa
596 1210 30 19 ett
642 1207 66 28 dylikt
723 1207 123 27 stadgande.

136 1236 110 27 Rödingen
264 1243 36 14 var
315 1236 46 21 icke
375 1235 73 22 fredad
465 1236 64 26 förut,
544 1243 48 14 men
608 1242 90 15 numera
713 1236 129 21 bestämmes
861 1237 32 20 att

67 1264 40 21 den
124 1264 53 21 skall
192 1271 51 14 vara
257 1265 74 21 fredad
345 1264 46 21 frän
408 1265 40 20 den
466 1265 26 21 15
508 1265 120 26 september
644 1265 32 21 till
690 1265 39 21 och
744 1265 49 20 med
808 1264 41 21 den
866 1264 27 21 14

67 1293 97 21 oktober.
194 1293 112 27 Rödingen
327 1293 62 21 torde
409 1295 58 20 ännu
482 1294 7 21 i
504 1293 82 27 ganska
600 1294 60 26 ringa
675 1293 48 21 män
738 1293 134 21 förekomma
886 1293 7 20 i

66 1321 67 21 andra
148 1321 57 27 sjöar
220 1323 26 20 än
258 1322 91 26 Ladoga.
364 1322 66 21 Detta
440 1321 102 22 fredande
552 1322 76 21 mellan
640 1322 40 21 den
690 1322 26 21 15
724 1321 121 28 september
854 1321 39 21 och

68 1350 26 20 14
110 1350 89 21 oktober
214 1349 104 22 förefaller
330 1351 44 26 mig
384 1357 44 19 nog
438 1351 95 26 onödigt.
548 1351 63 21 Fiske
623 1351 67 20 under
700 1351 69 20 denna
778 1350 29 21 tid
816 1349 23 22 af
847 1350 46 21 äret

67 1380 23 19 är
105 1379 7 20 i
127 1378 115 21 allmänhet
264 1379 97 21 förenadt
384 1379 49 21 med
456 1381 46 20 stor
520 1379 140 27 vansklighet,
682 1379 44 21 ofta
748 1379 38 21 har
802 1385 48 14 man
866 1378 28 21 dä

66 1407 66 21 redan
147 1409 93 19 stormar
253 1407 39 22 och
308 1408 62 21 svära
385 1407 84 25 oväder,
482 1407 86 22 hvarför
578 1408 77 21 endast
665 1408 58 21 detta
733 1407 40 21 kan
785 1406 108 22 bedrifvas

66 1435 67 27 nägra
153 1435 22 21 fä
189 1436 66 26 dagar
273 1436 68 21 under
357 1436 86 25 veckan,
456 1436 22 27 ja
495 1437 36 20 det
544 1436 41 21 kan
602 1437 26 26 gä
642 1436 48 21 hela
705 1436 77 21 veckor
797 1437 52 20 utan
862 1437 32 19 att

66 1464 71 26 nägon
152 1463 77 22 fiskare
247 1464 41 21 kan
308 1470 51 15 vara
374 1467 42 22 ute,
432 1464 40 21 och
487 1464 123 27 därigenom
627 1464 135 21 säkerställes
777 1464 116 26 rödingens

65 1491 164 28 fortplantning.
243 1494 52 20 utan
316 1494 31 20 att
362 1499 49 15 man
427 1492 102 22 behöfver
544 1492 105 22 särskilda
664 1492 132 28 stadganden
812 1492 82 21 därom.
