1084 1761
59 108 26 16 10
97 108 52 17 febr.
391 109 185 21 Dissenterlagen.
859 104 28 20 65

60 176 100 27 religiösa
182 176 129 28 uppfostran
327 176 40 22 och
381 177 8 20 i
404 177 26 21 de
446 177 61 21 flesta
522 177 35 21 fall
570 178 18 26 ej
606 177 62 21 hafva
683 178 44 20 lust
742 180 32 18 att
789 178 98 26 bibringa

60 205 51 21 eller
134 205 42 21 låta
197 205 96 21 meddela
309 206 36 20 det
359 211 26 15 en
402 205 264 28 religionsundervisning,
682 212 46 15 som
745 206 17 26 ej
780 208 23 19 är
819 206 67 21 öfver-

59 234 174 20 ensstämmande
256 234 48 20 med
327 234 62 20 deras
405 240 54 20 egna
474 234 86 22 åsikter.
591 234 94 22 Sålunda
700 234 62 22 hafva
778 234 107 27 värkligen

60 268 27 15 en
110 262 78 27 mängd
208 262 51 21 barn
280 262 69 21 blifvit
372 262 97 22 lämnade
485 264 51 20 utan
552 263 28 21 all
595 263 86 27 religiös
697 263 39 21 och
753 263 67 27 sedlig
835 263 52 21 vård

60 290 32 21 till
107 291 54 20 våda
175 290 33 21 för
224 290 116 21 samhället.
364 291 76 20 Denna
455 292 208 26 åldersbestämning
678 291 22 21 af
715 292 26 20 12
753 292 23 20 år
789 293 23 19 är
823 291 64 21 också

59 318 24 21 af
98 319 36 21 det
150 319 46 21 skäl
212 319 106 26 olämplig,
334 321 31 18 att
380 319 35 21 vid
432 319 23 21 så
469 320 54 27 tidig
538 320 58 21 ålder
613 320 51 21 barn
680 320 59 21 inom
751 319 134 27 statskyrkan

61 347 98 27 vanligen
182 347 18 27 ej
217 347 86 27 ätnjutit
319 347 324 28 konfirmationsundervisning.
674 348 73 21 Skulle
762 348 73 21 åldern
851 348 35 21 be-

60 377 102 20 stämmas
186 376 31 21 till
241 376 26 21 16
289 376 29 25 år,
335 376 27 21 då
383 377 70 20 denna
467 377 155 26 undervisning
636 377 99 26 vanligen
751 379 23 18 är
788 376 98 25 afslutad,

60 405 25 20 så
106 411 52 14 vore
181 405 37 20 här
241 405 110 26 påpekade
369 405 54 20 våda
438 405 7 20 i
461 405 26 21 de
502 405 61 21 flesta
578 405 36 21 fall
630 405 126 27 undanröjd.
785 405 59 21 Intill
861 405 26 20 16

59 433 31 26 år,
113 433 40 21 den
177 433 63 26 ålder,
263 433 26 21 då
312 433 26 21 de
361 433 184 22 mantalsskrifvas
570 434 69 21 såsom
656 433 69 22 finska
740 434 146 26 medborgare,

60 461 67 22 borde
150 462 51 21 barn
226 461 81 22 således
331 461 59 22 alltid
406 463 77 20 räknas
499 462 85 21 tillhöra
600 463 36 20 det
651 462 173 27 kyrkosamfund,
840 468 46 15 som

60 490 132 21 föräldrarna
207 490 84 21 tillhöra
307 490 52 21 eller
374 491 32 20 till
422 491 80 21 hvilket
518 491 26 21 de
560 491 68 21 under
644 491 86 21 barnets
748 493 93 25 uppväxt
856 490 29 21 öf-

61 519 89 26 vergätt.
181 519 63 21 Först
259 519 65 21 sedan
340 519 37 21 det
391 519 40 27 fylt
447 520 27 20 16
489 520 29 25 är,
534 520 35 20 må
584 520 36 21 det
635 526 39 20 ega
690 522 42 19 rätt
748 522 36 23 att,
803 525 34 15 om
850 519 36 21 det

60 547 25 21 sä
99 547 42 26 vill,
156 547 74 26 ätergä
244 547 31 21 till
291 547 36 21 det
341 547 174 27 kyrkosamfund,
531 555 25 14 ur
568 548 80 21 hvilket
658 548 133 21 föräldrarna
800 548 86 21 utträdt.

60 576 50 20 Men
133 576 67 20 likasä
222 576 66 21 borde
311 575 69 27 öfriga
403 577 58 21 barn,
482 583 45 14 som
552 577 86 26 ätnjutit
655 577 153 25 undervisning
823 577 6 19 i
845 576 41 20 den

60 604 78 26 kyrkas
162 604 49 26 lära,
234 610 46 15 som
303 604 133 22 föräldrarna
459 605 89 25 tillhöra,
572 611 39 21 ega
633 607 43 19 rätt
698 607 32 19 att
748 605 17 27 ej
782 604 55 22 först
852 604 34 21 vid

59 632 58 27 fylda
139 633 26 21 21
188 633 30 23 är,
237 635 50 19 utan
311 633 65 21 redan
400 634 34 20 vid
457 633 57 27 fylda
530 634 26 20 16
572 634 23 20 är
610 634 120 20 bestämma
745 633 80 21 hvilket
839 632 47 22 reli-

60 661 163 26 gionssamfund
246 662 25 20 de
294 661 67 21 önska
383 662 90 23 tillhöra,
497 662 87 21 emedan
609 662 147 21 erfarenheten
779 662 57 21 visar
855 663 31 19 att

60 690 78 26 mänga
152 690 59 24 barn,
226 690 59 26 längt
300 690 45 20 före
361 691 25 20 21
404 691 35 20 ärs
455 690 64 22 älder,
535 692 37 20 äro
588 690 42 22 fast
646 690 99 22 beslutna
758 692 31 19 att
800 690 87 26 öfvergä

60 718 31 21 till
111 721 66 18 annat
191 718 167 28 kyrkosamfund
374 721 26 19 än
416 718 132 22 föräldrarna
564 719 84 21 tillhöra
664 719 39 21 och
718 719 45 21 icke
778 718 50 27 vilja
843 718 43 21 del-

60 748 50 25 taga
131 747 7 20 i
161 748 58 20 detta
241 747 110 20 samfunds
375 748 122 26 gudstjänst
519 748 39 20 och
582 748 155 20 sakramentala
755 747 130 26 handlingar.

61 775 77 21 Denna
153 777 77 19 väntan
246 776 27 26 pä
288 776 26 20 21
331 775 35 23 ärs
381 776 59 21 älder
456 778 23 18 är
494 775 32 22 för
542 776 48 21 dem
606 778 30 19 ett
650 777 60 20 svärt
720 775 165 26 samvetstväng,

61 803 40 21 och
124 804 96 21 kommer
243 804 70 21 därtill
329 806 31 19 att
375 811 26 14 en
418 805 121 20 bondesons
556 805 78 26 lagliga
648 806 43 19 rätt
706 806 31 19 att
752 805 50 25 ingä
813 803 72 21 äkten-

59 832 53 27 skap
136 833 36 20 vid
195 833 26 20 18
238 833 34 20 ärs
288 832 59 21 älder
365 833 90 21 likasom
472 833 61 21 äfven
550 839 26 15 en
592 833 78 26 flickas,
686 839 34 15 om
737 833 26 20 de
778 835 37 18 äro
831 838 55 15 sam-

62 862 118 20 vetsömma
202 867 44 20 nog
264 863 30 19 att
310 863 14 19 t.
339 867 32 15 ex.
386 861 45 21 icke
447 863 58 19 emot
520 862 32 20 sin
568 861 142 27 öfvertygelse
725 861 54 27 begä
792 862 94 20 nattvar-

60 889 42 20 den
125 889 6 21 i
154 889 141 27 statskyrkan,
318 889 27 27 pä
367 892 31 18 ett
413 890 112 20 inhumant
540 892 44 19 sätt
598 890 133 21 inskränkes.
760 889 49 21 Alla
824 889 63 21 dessa

60 917 132 27 svårigheter
215 918 68 21 skulle
305 918 104 26 bortfalla,
433 924 34 15 om
491 918 98 27 samtliga
610 918 154 21 ofvanstäende
780 917 106 21 äldersbe-

60 946 133 27 stämningar
216 947 5 20 i
245 946 23 28 $$
291 947 19 23 7,
328 947 13 20 8
361 947 38 21 och
419 947 26 21 13
462 947 104 21 ändrades
582 947 31 21 till
630 947 26 21 16
672 947 28 23 år,
714 953 46 15 som
776 946 27 21 dä
818 945 69 21 blefve

60 974 41 21 den
124 975 64 25 ålder,
211 975 27 21 dä
261 975 71 27 hvarje
355 975 55 21 finsk
426 976 141 26 medborgare
583 975 50 27 själf
645 975 57 27 finge
718 976 118 20 bestämma
851 974 36 21 det

60 1003 208 27 religionssamfund,
291 1010 46 14 som
361 1004 42 20 han
424 1004 51 20 eller
491 1004 42 21 hon
550 1004 35 20 vill
600 1004 91 21 tillhöra.
721 1004 33 20 En
770 1002 114 22 vidsträckt

60 1031 120 21 erfarenhet
203 1032 54 21 ifrän
279 1032 27 21 de
328 1032 80 23 länder,
424 1032 38 21 där
477 1038 27 15 en
519 1033 79 26 mängd
614 1032 56 22 olika
684 1031 202 28 religionssamfund

59 1060 97 26 existera,
173 1061 57 21 visar
246 1063 31 19 att
291 1067 116 20 personers
423 1061 125 26 anslutning
562 1061 31 21 till
605 1063 31 19 ett
646 1060 168 28 kyrkosamfund
823 1060 64 26 högst

60 1088 64 22 sällan
149 1089 63 21 beror
235 1090 27 26 pä
284 1096 26 14 en
333 1090 106 26 teologisk
458 1089 51 21 eller
533 1089 103 22 filosofisk
659 1089 151 27 begrundning
825 1088 22 21 af
861 1088 26 20 de

60 1117 121 27 respektive
204 1118 207 26 kyrkosamfundens
434 1118 157 27 lärosystemer,
607 1121 50 18 utan
674 1118 6 20 i
696 1118 26 21 de
736 1117 62 21 flesta
812 1116 36 22 fall
863 1118 24 19 är

60 1152 27 14 en
107 1145 51 27 följd
174 1146 64 26 däraf,
255 1148 31 19 att
301 1146 39 22 hos
356 1153 108 20 personen
480 1146 70 22 blifvit
566 1147 60 21 väckt
642 1148 30 19 ett
688 1146 95 27 religiöst
798 1145 25 21 lif
836 1145 51 21 eller

59 1174 92 21 intresse
174 1181 77 20 genom
271 1181 26 14 en
315 1175 114 26 predikant
443 1175 7 20 i
465 1177 31 19 ett
511 1175 55 20 visst
581 1174 99 22 samfund
696 1175 38 20 och
750 1180 77 21 genom
844 1174 42 20 del-

60 1203 91 26 tagande
166 1203 7 20 i
188 1203 50 21 dess
254 1203 127 26 gudstjänst.
405 1203 42 21 Det
462 1205 23 19 är
501 1203 83 21 således
600 1209 59 15 mera
674 1209 25 15 en
716 1203 74 21 känsla
805 1202 23 21 af
836 1202 50 21 and-

60 1231 29 25 lig
108 1231 128 27 gemenskap
258 1232 39 20 och
312 1232 66 21 likhet
394 1232 6 20 i
416 1231 136 22 sträfvanden
570 1233 26 19 än
612 1231 210 27 förständsgrunder,
841 1236 44 15 som

60 1259 128 21 bestämmer
211 1260 61 22 valet.
296 1260 38 21 och
358 1261 27 20 dä
400 1267 24 14 en
443 1261 113 26 utpräglad
573 1261 65 20 sädan
655 1261 90 26 sympati
761 1260 41 21 kan
818 1259 69 21 finnas

60 1287 42 22 lika
117 1288 33 21 väl
166 1289 35 20 vid
218 1289 26 20 16
260 1295 45 14 som
322 1289 35 20 vid
373 1289 26 20 21
416 1289 29 24 är,
461 1289 66 20 borde
539 1289 65 26 något
615 1289 160 26 samvetstväng
785 1288 45 21 häri
842 1287 45 21 icke

61 1316 89 21 utöfvas.

129 1345 31 21 På
182 1346 70 26 grund
274 1345 23 21 af
317 1345 56 22 hvad
393 1346 38 26 jag
447 1346 89 21 sålunda
551 1346 114 21 framhållit
680 1345 32 22 får
724 1346 38 26 jag
778 1345 108 21 vördsamt

60 1373 79 21 föreslå
160 1375 31 20 att
211 1374 176 27 borgareständet
403 1374 52 21 ville
469 1374 75 21 förena
560 1375 32 26 sig
608 1381 33 14 om
658 1381 25 14 en
701 1375 89 26 petition
806 1373 81 21 därom,

336 1432 33 19 att
392 1431 260 21 nästsammanträdande
668 1431 89 20 ständer
773 1430 66 20 måtte
855 1430 32 27 fö-

267 1460 99 25 reläggas
381 1459 137 27 proposition
534 1466 35 13 om
585 1459 69 20 sådan
670 1459 97 26 ändring
784 1458 28 27 af
824 1458 30 26 $$
869 1459 17 19 7.

269 1488 14 19 8
305 1487 38 21 och
367 1488 28 20 13
413 1487 9 20 i
444 1487 114 28 kejserliga
580 1488 169 26 dissenterlagen
766 1487 29 26 af
807 1487 40 20 den
866 1487 22 19 11

808 1531 9 11 5
