1086 1756
53 113 26 18 27
91 113 52 18 febr.
288 106 205 44 Bankfullmäktiges
506 115 128 31 berättelse.
838 107 40 22 195

54 182 93 27 mäktige
162 182 62 21 hafva
239 183 125 27 visserligen
379 183 102 22 förklarat
497 185 31 19 att
543 183 23 21 så
581 183 46 22 icke
643 189 51 15 vore
710 182 63 25 fallet,
789 183 88 21 emedan

55 212 75 20 räntan
153 211 13 21 å
187 211 27 21 de
235 211 79 22 insatta
336 211 83 22 medlen
435 212 6 21 i
457 211 76 22 sådant
548 211 34 22 fall
599 211 46 22 icke
661 211 68 22 skulle
745 211 96 27 erläggas
857 210 22 21 af

55 239 95 22 bankens
173 239 74 26 medel,
266 242 50 19 utan
332 239 45 22 från
394 241 25 20 de
435 240 75 26 medel,
526 246 46 16 som
588 240 84 21 banken
688 239 83 22 erhållit
785 239 46 21 från
847 239 31 21 in-

55 268 147 27 sättningarna
217 268 6 21 i
239 274 26 15 en
280 269 70 26 privat
366 269 61 26 bank,
443 268 85 22 hvarför
543 269 161 21 transaktionen
718 268 66 21 borde
794 267 83 22 betrak-

54 298 33 19 tas
103 297 72 21 såsom
190 296 141 27 fullgörandet
346 297 23 21 af
382 299 31 19 ett
428 297 104 27 uppdrag,
547 297 65 27 gifvet
625 297 23 21 af
659 297 116 21 kunderna.
802 297 76 20 Denna

55 325 137 27 uppfattning
213 331 63 21 synes
294 326 43 27 mig
358 326 63 21 likväl
440 326 46 21 icke
504 326 73 21 kunna
592 325 106 22 omfattas.
727 326 31 27 Ty
773 325 104 21 obestrid-

54 354 39 27 ligt
108 355 23 20 är
147 355 35 25 att,
199 360 33 15 om
249 354 100 22 Finlands
365 355 56 20 bank
437 355 39 20 hos
492 361 25 14 en
533 361 70 15 annan
620 355 55 20 bank
693 356 82 26 öppnar
787 353 91 28 löpande

54 382 91 27 räkning
166 383 6 20 i
192 383 36 20 sitt
249 389 69 20 namn,
341 385 22 19 är
386 383 36 22 det
444 383 102 22 Finlands
569 383 62 26 bank,
648 389 45 15 som
710 383 82 26 uppbär
807 384 70 20 ränte-

55 411 150 34 godtgörelsen
218 411 28 27 på
261 411 25 22 de
302 412 77 21 insatta
395 412 90 26 medlen,
501 412 38 21 och
555 418 35 15 om
606 412 101 21 Finlands
722 411 57 21 bank
788 411 33 21 för
831 411 47 21 sina

54 439 83 22 kunder
159 441 82 33 öppnar
264 440 89 27 räkning
375 440 38 22 och
433 441 31 20 till
480 441 47 21 dem
544 441 96 26 erlägger
656 442 61 19 ränta
731 440 13 21 å
759 440 26 21 de
799 440 79 21 insatta

54 468 89 26 medlen,
167 470 23 19 är
216 469 36 20 det
274 469 100 21 Finlands
400 469 62 26 bank,
486 475 45 15 som
555 469 81 21 betalar
659 468 218 27 räntegodtgörelsen,

54 497 121 21 oberoende
197 496 22 22 af
240 503 34 15 om
290 497 26 22 de
331 498 74 25 medel,
421 504 47 15 som
484 497 73 22 härför
573 497 113 26 erfordras,
702 497 124 27 införtjänas
843 503 34 20 ge-

54 532 49 15 nom
127 526 118 27 insättning
260 527 6 20 i
281 533 69 14 annan
374 515 55 32 bank
453 526 50 21 eller
519 527 6 20 i
540 526 55 22 form
611 526 22 21 af
647 515 65 38 något
733 529 64 18 annat
820 525 57 27 slags

54 554 102 27 utlåning.
185 555 41 26 Jag
248 555 38 21 har
308 555 44 27 mig
374 555 45 22 icke
443 555 77 21 bekant
538 555 7 21 i
560 555 85 21 hvilken
669 554 128 27 omfattning
820 554 58 21 detta

53 582 73 22 försök
148 583 76 21 månde
245 583 62 22 hafva
329 584 68 27 gjorts
419 584 39 21 och
474 584 40 21 kan
531 584 45 21 icke
592 583 65 22 häller
673 585 78 25 antaga
765 585 32 19 att
812 582 65 22 saken

54 611 68 22 skulle
145 618 50 15 vara
210 611 22 22 af
252 612 69 27 någon
345 612 108 27 betydelse
469 612 34 21 för
519 613 100 21 Finlands
643 612 67 21 banks
732 611 81 26 affärer,
829 617 48 15 men

54 641 36 20 det
105 647 63 20 synes
184 641 44 26 mig
243 641 53 21 dock
312 647 49 15 vara
375 641 43 21 skäl
435 643 31 19 att
481 641 83 27 påpeka
578 641 71 21 denna
659 641 163 26 omständighet,
833 641 44 20 sär-

54 669 65 21 skildt
141 669 27 22 då
190 669 31 21 uti
244 671 64 20 annat
326 669 154 28 sammanhang
495 670 6 21 i
517 670 129 22 berättelsen
664 669 79 27 förslag
759 669 67 27 gjorts
843 675 34 15 om

53 698 92 27 ändring
167 698 22 21 af
207 698 47 27 just
269 698 40 22 den
324 698 127 22 hithörande
467 698 126 28 paragrafen
608 699 7 21 i
631 698 94 22 bankens
741 698 136 27 reglemente.

53 727 42 26 Jag
116 726 38 22 har
177 726 56 28 gjort
256 727 36 21 det
306 728 7 20 i
329 728 39 21 den
385 727 152 27 förhoppning,
552 729 31 19 att
598 727 163 22 bankutskottet
777 726 53 22 skall
846 726 30 21 till

53 754 52 22 fullo
129 755 94 21 erkänna
244 756 127 27 riktigheten
387 756 23 21 af
423 756 40 21 den
487 756 88 27 princip,
592 758 31 19 att
642 756 36 21 det
694 754 183 28 sedelutgifvande

53 784 108 21 institutet
180 784 45 21 icke
241 784 37 21 bör
294 784 52 22 söka
360 784 101 22 förskaffa
477 785 33 27 sig
525 785 81 21 kunder
622 791 77 21 genom
715 784 129 26 beviljandet
857 783 23 21 af

54 812 136 27 godtgörelse
206 813 28 26 på
248 813 79 21 insatta
342 813 74 21 medel.

123 841 62 21 Hvad
208 840 32 22 för
256 841 64 27 öfrigt
335 841 98 22 beträffar
449 842 27 21 de
492 842 6 21 i
514 842 128 22 berättelsen
658 842 75 27 gjorda
748 841 106 27 förslagen
871 841 6 20 i

53 870 105 21 särskilda
180 869 119 27 afseenden,
318 877 63 21 synes
398 871 43 27 mig
456 870 87 22 framför
562 871 30 21 alt
608 870 106 28 förslagen
733 876 33 16 om
786 870 91 21 ökandet

53 898 22 21 af
97 898 101 22 Finlands
220 898 67 22 banks
306 899 67 21 medel
394 906 51 14 vara
459 899 102 27 förtjänta
576 899 22 21 af
611 900 40 20 den
668 901 79 19 största
763 898 114 28 uppmärk-

54 926 88 27 samhet,
166 927 99 27 antingen
289 928 35 21 det
348 928 64 21 sedan
436 928 66 27 gäller
523 930 31 19 att
570 928 39 21 öka
625 928 95 21 bankens
735 929 48 25 eget
798 927 79 27 kapital

53 955 51 21 eller
120 944 35 32 det
171 956 83 27 belopp,
270 956 100 22 hvarmed
389 956 83 22 banken
491 957 115 27 berättigas
624 959 31 19 att
673 956 80 28 utgifva
765 956 69 21 sedlar
845 957 31 19 ut-

53 983 59 22 öfver
128 985 31 21 sin
176 985 118 21 metalliska
307 985 78 21 valuta.
407 986 10 20 I
433 984 133 23 förstnämda
576 985 99 21 afseende
686 985 50 21 eller
747 984 131 22 beträffande

54 1012 106 27 ökningen
182 1012 22 22 af
223 1014 94 21 bankens
334 1017 48 24 eget
396 1014 86 27 kapital,
498 1020 63 21 synes
577 1014 44 27 mig
636 1014 47 21 med
699 1014 29 21 alt
744 1013 45 21 skäl
805 1013 74 21 kunna

54 1042 67 20 sättas
137 1042 6 20 i
158 1041 60 27 fråga
232 1042 106 22 huruvida
352 1043 70 20 denna
444 1042 81 28 ökning
540 1043 38 25 bör
594 1049 39 21 ega
648 1049 47 15 rum
706 1042 75 22 endast
801 1048 76 20 genom

53 1070 141 27 reservering,
210 1070 50 22 eller
276 1077 33 15 om
326 1071 51 26 icke,
393 1071 71 21 såsom
481 1072 71 26 någon
568 1071 56 27 gång
639 1071 57 21 förut
710 1070 127 27 föreslagits,
851 1076 26 14 en

54 1098 69 22 direkt
138 1100 68 20 större
222 1099 80 27 ökning
317 1100 65 21 borde
397 1100 159 21 åstadkommas
572 1106 77 20 genom
660 1100 117 27 upplåning
787 1099 45 21 från
846 1101 32 18 ut-

53 1127 78 21 landet.
159 1128 42 26 Jag
218 1128 108 21 förmodar
341 1130 32 20 att
388 1128 106 22 utskottet
509 1128 52 22 skall
577 1135 55 21 egna
646 1128 28 22 all
689 1127 189 28 uppmärksamhet

53 1156 22 20 åt
100 1156 69 21 denna
191 1156 71 28 frågas
286 1157 77 27 riktiga
384 1157 92 27 lösning,
495 1160 21 24 ty
535 1157 135 27 obestridligt
685 1159 23 19 är
723 1158 31 20 att
776 1156 101 22 Finlands

54 1184 67 22 banks
142 1191 98 15 resurser
260 1192 88 15 numera
369 1186 33 21 stå
416 1186 7 20 i
439 1186 24 21 så
479 1192 101 21 ogynsam
596 1186 125 27 proportion
737 1185 31 21 till
784 1186 40 20 den
841 1184 37 22 all-

53 1214 78 20 männa
145 1213 159 22 affärsrörelsen
320 1214 39 22 och
374 1214 223 28 penningetillgången
613 1214 33 21 för
658 1214 64 27 öfrigt
737 1214 6 21 i
759 1214 72 21 landet
839 1213 39 21 och

53 1242 87 26 specielt
159 1242 29 21 till
205 1242 190 27 privatbankernas
410 1242 80 28 kapital
507 1243 38 21 och
561 1243 150 27 depositioner,
727 1244 30 20 att
768 1242 36 21 det
815 1248 63 21 synes

52 1277 51 43 N
126 1270 111 28 högeligen
260 1270 22 23 af
302 1271 100 22 behofvet
425 1272 108 27 päkalladt
555 1274 31 19 att
601 1271 72 22 stärka
693 1271 101 22 Finlands
809 1270 69 22 banks

67 1302 70 18 raiter.

124 1357 31 20 Hr
182 1357 162 26 Wegelius:
374 1358 41 26 Jag
431 1357 38 21 ber
485 1349 30 30 att
532 1358 48 21 med
595 1357 115 27 anledning
724 1357 22 21 af
763 1357 40 21 den
822 1356 55 21 före-

52 1385 81 34 dragna
157 1385 126 22 berättelsen
308 1386 39 21 och
372 1386 35 21 det
423 1386 116 26 uttalande,
554 1393 46 14 som
617 1386 37 21 här
670 1385 99 28 afgifvits,
785 1385 20 21 fä
820 1386 57 47 mn

51 1414 68 26 nägra
139 1414 38 21 ord
196 1414 39 21 och
252 1415 73 20 därvid
341 1416 94 19 närmast
451 1415 77 20 beröra
542 1414 74 27 frägan
632 1421 34 14 om
682 1415 91 26 ändring
787 1413 19 22 af
823 1413 11 28 $

51 1442 7 20 i
73 1442 96 21 bankens
185 1442 130 27 reglemente
330 1443 109 27 angäende
456 1443 95 21 bankens
567 1443 111 21 obetäckta
690 1413 187 56 aina.
870 1454 7 3 -

51 1472 48 23 rätt,
115 1471 7 20 i
137 1470 100 22 afseende
252 1471 13 21 å
280 1471 83 21 hvilken
386 1471 56 22 olika
466 1472 109 26 meningar
598 1471 55 27 gjort
678 1471 32 27 sig
725 1471 97 27 gällande
837 1470 40 21 hos

51 1499 95 22 bankens
163 1499 104 22 direktion
284 1500 38 21 och
338 1500 195 27 bankfullmäktige.
563 1501 41 26 Jag
620 1500 53 21 villi
689 1499 137 27 förbigående
842 1499 35 26 pä-
