1086 1756
68 97 29 17 24
109 96 60 31 april,
355 96 72 32 Skydd
439 96 33 16 för
485 96 148 17 varumärken.
855 90 42 21 439

211 232 140 34 Tisdagen
371 233 55 26 den
445 232 38 27 24
502 233 74 34 april
595 233 39 26 kl.
652 234 15 25 7
684 241 22 17 e.
725 241 34 17 m.

139 308 41 21 Vid
208 308 118 21 värkstäldt
350 314 84 20 upprop
460 308 107 21 befunnos
592 307 141 22 frånvarande
760 308 37 20 hrr
822 308 75 23 Lille,

69 336 103 22 Stråhle
188 337 39 20 och
243 336 116 26 Löfgren,
374 336 41 21 alla
430 337 30 20 till
477 336 52 27 följd
543 336 23 21 af
580 336 106 27 sjukdom.

139 485 150 21 Antecknades
312 487 29 19 att
366 485 45 21 från
435 485 139 21 medständen
598 485 87 21 anländt
705 485 103 21 särskilda
825 487 71 24 proto-

69 513 140 26 kollsutdrag.

139 639 121 26 Föredrogs
279 639 28 21 H.
324 639 25 21 K.
364 639 50 22 M:ts
431 640 34 21 vid
482 642 85 19 senaste
585 639 87 28 plenum
688 639 115 27 bordlagda
820 639 77 26 nädiga

70 668 134 27 proposition
224 674 33 14 n:o
273 668 28 20 44
320 668 109 26 angående
446 669 81 20 ändrad
542 668 80 27 lydelse
637 668 22 21 af
672 668 14 21 9
702 668 37 21 och
757 668 26 21 15
799 668 23 27 SS
839 668 6 20 i
861 667 36 21 nä-

69 696 51 27 diga
137 696 153 27 förordningen
309 696 23 21 af
345 697 39 20 den
402 697 25 20 11
444 697 94 21 februari
556 697 53 21 1889
626 703 34 14 om
677 696 78 27 skydd
770 696 41 22 för
827 701 70 16 varu-

70 725 110 27 märken,
196 725 38 21 och
257 725 44 21 blef
314 725 169 27 propositionen.
498 726 7 20 i
520 725 92 27 enlighet
629 725 48 21 med
693 724 203 22 talmanskonferen-

69 759 52 16 sens
136 753 86 27 förslag,
238 754 122 21 remitterad
378 754 30 21 till
425 754 146 27 lagutskottet.

140 909 121 26 Föredrogs
282 909 173 21 statsutskottets
471 909 35 21 vid
527 911 84 19 senaste
628 909 85 26 plenum
731 908 115 27 bordlagda
863 908 34 21 be-

70 937 107 21 tänkande
200 944 33 14 n:o
249 938 14 20 4
279 938 6 20 i
301 938 114 26 anledning
430 937 24 21 af
473 938 27 21 H.
516 938 26 21 K.
557 938 50 21 M:ts
623 937 77 34 nädiga
714 921 133 47 proposition
863 943 34 14 n:0

70 965 28 21 25
121 972 34 14 om
176 966 116 21 anvisande
312 965 23 22 af
351 966 68 21 medel
438 966 32 21 till
486 966 184 22 folkskolornas
685 966 9 21 i
710 965 83 22 landet
809 964 87 23 under-

69 993 51 23 håll
139 994 67 21 under
221 994 51 21 åren
290 994 146 22 1901—1904.

267 1032 9 11 LJ

140 1052 116 26 Angående
273 1052 141 20 betänkandet
430 1052 7 20 i
454 1052 114 20 allmänhet
583 1052 84 26 yttrade

139 1108 25 21 hr
180 1108 138 22 Sundvall:
342 1109 66 21 Detta
422 1109 232 21 utskottsbetänkande
670 1108 107 22 utmärker
793 1108 38 26 sig,
847 1108 50 20 lika-

69 1143 47 15 som
141 1138 173 21 statsutskottets
339 1137 135 21 betänkande
495 1144 35 14 om
553 1137 208 21 folkskoleväsendet
784 1137 67 21 under
872 1136 25 21 de

70 1165 130 27 föregående
221 1166 159 26 landtdagarna,
402 1166 33 20 för
457 1166 49 21 dess
528 1168 59 19 stora
603 1166 85 26 välvilja
704 1166 37 21 och
757 1165 141 27 frikostighet.

67 1194 44 26 Jag
134 1194 37 20 har
194 1194 45 21 icke
260 1194 66 21 häller
342 1195 66 26 något
423 1194 23 21 af
465 1194 108 27 synnerlig
589 1194 45 21 vikt
648 1197 32 18 att
695 1197 44 18 mot
755 1194 143 21 betänkandet

68 1210 109 38 anmärka,
201 1226 51 18 utan
275 1225 23 19 är
321 1223 36 21 det
370 1211 64 33 blott
455 1229 25 15 en
500 1223 109 27 obetydlig
624 1223 141 26 anmärkning
777 1222 38 27 jag
830 1222 68 21 skulle

69 1251 51 26 vilja
143 1253 26 24 gö
231 1252 34 20 Dä
283 1252 105 20 utskottet
403 1251 107 22 framstält
526 1252 65 26 några
607 1252 110 21 klämmar,
733 1239 31 33 uti
780 1251 70 21 hvilka
866 1253 31 18 ut-

70 1271 85 35 tryckas
170 1280 161 26 önskningsmål
348 1280 47 21 med
411 1280 101 21 afseende
527 1280 9 21 å
549 1280 132 21 folkskolans
693 1274 140 31 värksamhet,
845 1279 53 21 hade

65 1308 40 27 jag
120 1308 32 20 för
168 1309 43 20 min
227 1309 34 21 del
278 1311 65 24 gärna
359 1311 42 18 sett
416 1311 32 19 att
464 1308 61 22 äfven
541 1315 26 14 en
584 1308 55 22 kläm
653 1308 122 21 tillkommit
785 1308 27 26 på
822 1296 39 33 sid.
872 1308 25 20 11

69 1336 54 22 efter
145 1337 116 21 utskottets
283 1338 99 26 yttrande
400 1344 36 14 om
456 1338 74 26 bidrag
545 1337 31 21 till
592 1337 142 27 uppförandet
750 1336 22 22 af
785 1336 113 21 folkskole-

69 1365 47 21 hus.
141 1365 76 21 Denna
232 1366 56 20 kläm
305 1365 67 21 skulle
388 1366 63 20 hafva
465 1366 35 20 det
510 1366 99 22 innehåll,
620 1368 32 18 att
662 1365 159 21 vederbörande
832 1364 67 22 borde

69 1393 57 21 tillse
141 1394 36 20 det
196 1394 121 26 respektive
333 1394 128 21 kommuner
476 1394 35 21 vid
528 1394 144 26 uppförandet
686 1394 22 21 af
722 1394 47 20 sina
784 1393 113 21 folkskole-

69 1422 48 26 hus,
139 1422 89 21 likasom
253 1423 34 21 vid
309 1422 149 22 anskaffandet
472 1422 22 22 af
508 1422 80 22 lokaler
607 1422 33 21 för
655 1422 190 21 folkskollärarena
859 1421 39 21 och

70 1450 153 26 lärarinnorna,
239 1451 48 21 ville
306 1457 23 15 se
348 1451 31 21 till
394 1454 32 18 att
442 1452 63 20 dessa
520 1457 52 15 vore
587 1451 125 26 ordentliga,
728 1451 25 20 så
767 1452 32 19 att
814 1450 45 21 icke
875 1450 23 20 så

69 1479 78 26 många
169 1479 106 26 klagomål
298 1479 69 21 skulle
390 1480 63 20 höras
477 1479 59 21 öfver
561 1479 180 27 bristfälligheter,
767 1478 100 23 särskildt
893 1479 5 19 i
