1086 1761
193 102 43 20 442
460 108 166 16 Folkskolornas
639 107 117 17 underhåll.
919 107 27 16 24
958 107 61 19 april.

195 176 44 22 slut
255 177 33 21 vid
305 176 155 27 behandlingen
471 176 23 22 af
507 177 106 21 allmänna
623 177 207 21 besvärsutskottets
841 176 133 21 betänkande
985 182 33 14 n:o

194 207 13 17 R
224 212 34 14 om
275 205 89 27 höjande
379 205 23 21 af
415 206 151 26 statsbidraget
583 206 31 20 till
629 205 201 21 folkskollärarenas
841 204 39 22 och
891 204 127 21 lärarinnor-

195 240 38 15 nas
250 234 27 26 på
292 234 71 21 landet
378 234 99 26 aflöning,
492 234 46 21 icke
552 234 124 21 föranledde
692 240 69 15 annan
778 234 73 26 åtgärd
864 233 46 21 från
922 232 96 22 ståndets

195 262 47 21 sida
257 264 26 19 än
301 265 30 18 att
347 263 108 21 desamma
470 262 69 22 skulle
554 262 80 22 införas
649 263 7 20 i
671 263 127 20 ständernas
814 262 145 26 underdåniga
970 267 49 14 svar

197 291 6 4 ä
229 290 146 27 föreliggande
398 291 76 27 nådiga
496 292 133 25 proposition
646 292 7 19 i
668 291 36 20 det
719 290 159 27 sammanhang.
894 290 83 21 hvaruti
993 289 26 20 de

194 319 89 27 ingingo
298 320 6 20 i
320 319 148 26 betänkandet,
485 319 68 21 beslöt
566 319 176 27 borgareståndet
754 322 50 18 utan
816 319 141 26 anmärkning
968 318 50 27 god-

194 348 71 21 känna
288 348 115 21 utskottets
426 348 211 27 resolutionsförslag
661 348 38 21 och
723 348 123 21 uttalanden
867 347 31 21 till
917 347 37 21 och
971 347 48 20 med

194 377 107 20 klämmen
317 385 4 12 &
345 377 38 20 sid.
400 377 32 21 11.

194 298 10 13 a

265 439 9 20 I
291 439 114 27 anledning
417 439 23 21 af
449 439 115 21 utskottets
576 439 109 21 uttalande
696 439 25 27 pä
733 439 39 21 sid.
785 439 21 20 11
820 439 109 26 angäende
940 439 79 20 under-

195 468 49 21 stöd
267 468 20 20 ät
311 468 61 26 sjuka
392 467 161 22 folkskollärare
574 468 39 21 och
632 468 118 21 lärarinnor
772 467 109 21 äfvensom
898 467 73 26 bidrag
988 466 30 21 till

193 496 135 27 uppförande
343 497 23 20 af
378 496 146 21 folkskolehus
541 497 39 20 och
596 497 135 26 slöjdlokaler
746 496 72 21 anhöll

265 559 24 21 hr
310 559 113 22 Neovius
447 566 34 15 om
507 560 61 21 ordet
590 559 38 22 och
651 559 92 28 yttrade:
774 560 49 21 Med
841 559 124 27 anslutning
988 559 31 20 till

195 588 118 21 uttalandet
330 588 5 20 i
350 587 67 22 första
433 588 82 26 stycket
537 588 67 21 skulle
618 588 38 26 jag
671 588 26 21 be
712 590 31 19 att
758 588 22 21 fä
796 589 73 20 beröra
885 594 25 15 en
926 589 94 19 omstän-

195 616 78 27 dighet.
303 616 50 21 Man
377 616 37 22 har
437 616 45 22 ofta
505 616 48 22 hört
575 616 106 28 klagomål
704 616 78 22 uttalas
799 616 104 22 däröfver.
917 618 32 19 att
964 616 55 21 skol-

194 645 153 27 byggnaderna
369 645 96 27 fördyras
488 644 32 22 för
536 645 155 21 kommunerna
707 652 76 20 genom
799 648 30 18 att
846 645 63 21 bland
925 645 94 21 vilkoren

194 673 33 21 för
251 674 119 21 erhållande
394 674 22 21 af
434 674 94 26 aflöning
550 674 32 21 för
602 674 68 21 lärare
686 674 108 27 uppstälts
809 674 122 26 fordringen
948 674 27 26 pä
989 675 31 19 ett

193 702 66 21 altför
281 705 106 24 noggrant
406 702 130 27 kopierande
551 702 23 22 af
587 703 27 21 de
629 703 109 26 ritningar,
754 709 46 14 som
817 704 36 19 äro
869 702 84 22 officielt
969 702 50 21 fast-

195 731 75 21 stälda.
300 731 76 21 Denna
391 731 157 27 omständighet
564 731 40 21 blir
619 730 103 28 viktigare
737 731 7 21 i
755 731 40 21 den
807 731 48 21 män
866 731 155 21 kommunerna

196 766 29 14 nu
241 760 38 20 äro
295 762 95 24 tvungna
402 762 32 18 att
443 760 58 21 inom
512 766 26 14 en
549 760 157 26 jämförelsevis
717 760 49 20 kort
777 760 29 21 tid
818 760 88 26 anlägga
918 759 49 21 flere
980 766 40 19 nya

194 787 178 27 skolbyggnader,
388 788 39 21 och
442 787 107 22 förefaller
565 789 36 20 det
616 788 45 27 mig
676 787 70 22 därför
762 790 30 19 att
809 788 45 21 skäl
867 787 67 22 finnas
945 787 32 22 för
989 790 31 18 ett

195 816 110 21 uttalande
321 817 6 20 i
347 817 39 20 den
410 817 99 26 riktning,
524 818 31 19 att
576 818 70 19 större
661 817 63 21 frihet
738 817 67 20 mätte
821 817 88 20 beredas
923 816 96 21 kommu-

195 851 67 14 nerna
281 847 30 18 att
329 845 69 21 afvika
413 845 47 21 från
476 845 63 21 dessa
554 845 104 27 ritningar
674 845 6 21 i
696 845 53 27 syfte
765 848 31 18 att
812 847 50 24 göra
879 845 140 26 skolbyggna-

194 873 67 21 derna
277 873 101 27 billigare.
394 874 113 26 naturligtvis
546 874 68 20 under
630 874 40 20 den
686 873 155 27 förutsättning
856 876 32 18 att
898 873 40 21 alla
949 873 70 26 billiga

195 902 121 26 fordringar
339 902 26 26 pä
389 908 110 15 rummens
522 902 45 21 inre
590 902 145 21 beskaffenhet
750 902 40 21 och
806 902 26 26 pä
848 901 171 21 bostadslokalen

194 930 33 21 för
251 930 81 21 läraren
355 930 64 22 blifva
437 931 109 21 beaktade.
575 931 42 27 Jag
632 930 69 22 skulle
716 930 72 22 därför
804 930 66 21 tillåta
885 930 44 26 mig
943 930 77 21 föreslå

194 962 32 18 ett
241 959 110 21 uttalande
366 959 6 21 i
388 960 36 20 det
439 959 62 27 syfte,
516 961 31 19 att
562 960 126 26 regeringen
704 960 35 20 vid
752 959 114 27 uppsikten
880 958 97 22 däröfver
989 960 32 19 att

194 987 259 27 folkskolebyggnaderna
473 991 109 18 motsvara
604 988 37 20 sitt
664 988 96 20 ändamål
784 987 60 21 äfven
870 988 65 20 måtte
958 987 62 27 lägga

195 1016 111 26 synnerlig
321 1016 44 21 vikt
380 1016 71 27 därpä,
467 1019 31 19 att
513 1017 26 21 de
555 1016 64 21 ocksä
634 1016 35 21 mä
684 1016 70 21 kunna
771 1016 65 21 blifva
852 1016 22 21 sä
890 1016 71 26 billiga
973 1022 46 15 som

195 1044 84 27 möjligt
300 1045 39 21 och
357 1047 31 19 att
403 1044 71 22 därför
490 1045 154 21 kommunerna
660 1045 65 21 måtte
740 1044 118 26 medgifvas
874 1046 79 19 största
968 1044 53 27 möj-

194 1072 44 27 liga
253 1073 62 21 frihet
331 1075 31 19 att
377 1073 71 21 afvika
463 1074 46 20 trän
525 1074 25 20 de
566 1073 86 21 officielt
667 1074 112 26 godkända
795 1073 177 27 normaltyperna.

267 1136 68 20 Sedan
357 1136 150 21 diskussionen
529 1136 51 21 härä
600 1136 113 21 förklarats
731 1136 99 24 afslutad,
846 1136 110 26 godkände
973 1136 47 20 bor-

195 1164 138 25 gareständet
349 1164 116 21 utskottets
481 1164 147 27 tillstyrkande
644 1164 108 21 uttalande
768 1171 34 14 om
818 1164 101 26 anslagen
935 1164 31 21 till
983 1171 37 14 un-

195 1192 89 21 derstöd
307 1193 20 20 ät
351 1193 61 26 sjuka
430 1192 160 22 folkskollärare
605 1193 39 21 och
660 1193 118 21 lärarinnor
794 1193 110 20 äfvensom
920 1192 31 21 för
968 1199 53 20 upp-

195 1220 90 21 förande
300 1221 23 20 af
336 1221 147 21 folkskolehus
499 1221 38 21 och
554 1221 141 27 slöjdlokaler.

265 1283 32 21 Pä
319 1283 24 21 hr
366 1284 133 21 talmannens
521 1284 59 27 fräga
602 1284 104 21 huruvida
729 1285 85 20 ständet
832 1284 61 21 äfven
910 1284 111 26 godkände

195 1312 37 20 det
255 1311 23 22 af
298 1312 25 21 hr
346 1312 95 21 Neovius
463 1312 112 21 förordade
598 1313 74 26 tillägg
690 1313 31 20 till
736 1313 162 26 ifrågavarande
913 1312 108 21 uttalande

195 1341 103 20 svarades
321 1341 88 20 allmänt
427 1341 40 26 nej,
484 1341 84 21 hvarför
583 1341 31 21 till
630 1341 128 27 protokollet
774 1341 141 21 antecknades
931 1343 30 18 att
977 1340 44 21 för-

194 1369 71 26 slaget
280 1369 74 21 härom
369 1369 92 21 förfallit.

266 1431 135 21 Beträffande
417 1432 116 21 utskottets
549 1432 56 21 kläm
621 1432 27 26 pä
664 1432 38 20 sid.
720 1432 24 20 12
760 1431 23 21 af
794 1431 141 21 betänkandet
946 1432 75 26 begär-

193 1460 40 20 ses
250 1460 61 20 ordet
327 1460 22 20 af
