1086 1725
53 110 14 16 9
79 113 62 13 mars.
284 108 231 21 Ofversvämningarna
526 109 111 17 1898—99.
838 103 44 20 249

54 177 58 22 fället
131 177 46 21 icke
197 179 24 19 är
236 177 66 27 nägot
316 177 72 21 vidare
404 179 31 19 att
450 176 90 28 tillgöra.
571 177 112 21 Klämmen
699 177 40 21 blir
754 177 67 27 enligt
836 178 44 20 min

55 206 68 26 tanke,
146 205 55 21 huru
223 212 48 14 man
287 212 29 14 nu
331 207 26 19 än
373 205 64 21 fattar
452 206 72 26 saken,
540 208 31 18 ett
585 206 87 20 alldeles
688 206 115 26 obefogadt
818 206 63 21 miss-

54 235 164 21 troendevotum
239 236 45 19 mot
298 234 132 27 regeringen,
446 234 179 27 sammanhänger
640 234 67 26 dåligt
722 234 48 21 med
786 235 94 21 motiven

57 263 39 21 och
112 263 94 26 grundar
222 262 33 27 sig
270 263 76 21 endast
360 263 28 26 pä
403 263 52 21 sista
470 263 114 26 meningen
600 263 51 25 däri,
667 269 46 15 som
730 265 62 24 säger
804 265 31 19 att
845 263 38 21 det

53 291 24 26 ju
93 291 46 21 icke
154 293 23 19 är
192 297 43 20 nog
250 291 48 21 med
314 293 31 19 att
359 291 185 27 undersökningar
560 291 44 24 ske,
620 294 51 18 utan
687 294 32 18 att
733 291 65 21 ocksä
810 291 72 27 ätgär-

55 319 38 22 der
107 320 7 20 i
129 319 116 27 anledning
260 319 22 21 af
295 319 63 21 dessa
373 320 185 26 undersökningar
574 320 66 21 borde
654 320 103 26 vidtagas.
780 320 49 21 Men
845 320 38 21 det

55 349 24 20 är
99 348 24 27 ju
146 348 86 21 alldeles
256 348 103 27 själtklart
380 350 32 19 att
434 348 101 27 ätgärder
556 349 96 26 vidtagas
667 348 53 21 efter
736 348 90 21 slutförd
842 355 41 14 un-

56 377 136 26 dersökning.
222 377 50 20 Man
295 377 40 20 kan
355 377 24 26 ju
398 377 45 20 icke
465 376 115 22 förutsätta
602 379 31 19 att
656 377 126 26 regeringen
812 377 71 21 skulle

56 405 89 21 tillsätta
169 411 24 15 en
210 405 140 21 kommission
366 405 38 21 och
420 405 50 27 vilja
485 405 63 21 hafva
563 405 116 27 utredning
693 405 6 21 i
716 405 64 22 saken
796 405 32 22 för
844 408 38 23 att,

57 433 64 22 sedan
134 434 41 21 den
190 433 40 22 fätt
246 434 70 25 sädan,
332 434 70 21 lämna
417 434 127 21 altsamman
560 434 79 25 därvid,
653 437 51 18 utan
716 434 84 21 komma
808 437 75 18 natur-

57 462 71 27 ligtvis
144 463 26 20 de
185 463 106 26 ätgärder,
302 462 83 21 hvartill
399 463 187 25 undersökningen
598 462 125 26 föranleder,
734 465 32 18 att
778 463 104 27 vidtagas.

57 490 42 22 Oss
116 491 63 21 allom
196 493 22 19 är
235 491 77 21 bekant
327 493 31 19 att
372 491 80 26 ärligen
468 491 24 21 af
504 491 126 27 regeringen
648 491 79 21 utföres
743 491 106 27 reglering
861 491 24 21 af

57 520 126 26 vattendrag
198 519 6 21 i
220 519 72 22 landet
307 519 69 22 sävidt
392 519 141 22 statsvärkets
549 520 69 21 medel
633 519 63 22 räcka
711 520 30 21 till
757 520 39 21 och
812 520 71 21 sävidt

58 548 128 21 statsvärket
208 548 82 21 kunnat
312 548 186 21 öfverenskomma
519 549 48 20 med
587 549 147 26 jordegarena,
754 555 46 14 som
822 548 60 21 alltid

57 576 62 22 hafva
135 577 32 21 sin
186 577 57 21 talan
259 577 48 21 med
322 577 7 21 i
345 578 93 20 ärendet.
467 578 43 26 Jag
525 577 68 21 skulle
609 577 70 21 därför
695 577 77 21 föreslå
787 580 31 18 att
834 577 49 21 bor-

58 606 136 26 gareständet
209 606 49 20 ville
272 605 94 22 förkasta
381 606 69 21 denna
467 606 62 21 kläm.

126 663 33 21 Hr
182 663 108 21 Idman:
321 663 74 21 Minun
411 663 28 21 oli
454 663 98 21 aikomus
568 663 64 21 tehdä
646 663 48 21 ihan
711 670 59 14 sama
785 663 100 22 ehdotus.

55 691 66 27 jonka
145 691 38 21 hra
198 692 104 26 Tallgvist
314 691 23 27 jo
353 691 44 21 ehti
412 691 70 21 tehdä.
511 692 132 21 Minustakin
659 692 47 20 olisi
718 691 166 27 johdonmukai-

59 726 52 15 suus
132 720 101 26 vaatinut,
250 722 42 19 että
307 720 143 21 valiokunnan
466 720 101 22 lausunto
583 720 48 22 olisi
646 722 110 25 päättynyt
772 720 112 21 sellaiseen

58 751 99 24 ponteen,
180 750 44 19 että
247 748 220 22 anomusehdotukset
486 749 126 27 jätettäisiin
634 749 115 21 huomioon
765 750 121 24 ottamatta.

59 777 46 21 sillä
127 777 94 21 minusta
244 779 78 19 tuntuu
345 777 68 21 vähän
436 777 143 27 lapselliselta,
601 779 44 19 että
660 778 74 26 säädyt
746 777 138 27 juhlallisesti

56 807 101 25 päätävät
172 806 108 20 kehoittaa
294 806 109 21 hallitusta
418 806 158 27 toimenpiteisiin,
610 806 68 26 joihin
695 812 23 15 se
730 806 23 26 jo
769 812 27 15 on
813 806 71 26 ryhty-

58 836 43 25 nyt,
123 834 48 21 eikä
189 834 160 21 minkäänlaisia
364 835 54 26 syitä
433 834 34 21 ole
486 834 136 27 epäilläkään,
639 836 43 20 että
694 834 86 22 hallitus
796 834 88 27 ryhtyisi

58 862 66 21 niihin
147 862 194 27 toimeenpiteisiin,
354 863 54 26 joita
429 869 38 14 sen
489 865 104 19 asettama
608 863 93 20 komitea
716 863 56 21 tulee
788 863 98 20 ehdotta-

61 897 69 14 maan.
146 903 27 2 -—
189 891 58 21 Minä
263 891 36 21 siis
314 891 69 27 yhdyn
399 891 39 21 hra
453 891 124 27 Tallgvistin
594 891 152 22 ehdotukseen.

128 948 33 21 Hr
176 948 117 21 Pentzin:
322 949 42 26 Jag
379 948 38 21 har
437 949 126 26 visserligen
582 949 46 20 icke
646 951 120 18 reserverat
780 948 44 26 mig
840 951 46 18 mot

60 976 243 26 utskottsbetänkandet,
324 983 48 14 men
396 977 26 21 dä
442 977 38 26 jag
495 977 6 21 i
516 977 106 21 utskottet
639 977 93 26 föreslog
750 983 26 14 en
792 977 56 20 kläm
864 975 25 22 af

58 1005 93 26 följande
167 1005 88 27 lydelse:
286 1005 124 22 »>Utskottet
425 1005 69 22 finner
510 1005 64 22 saken
590 1005 34 21 väl
639 1012 51 15 vara
705 1005 83 27 mycket
803 1005 83 26 behjär-

59 1033 108 26 tansvärd,
189 1040 49 15 men
261 1034 27 21 dä
307 1034 125 27 regeringen
449 1035 64 20 redan
530 1035 85 20 nedsatt
631 1041 26 14 en
673 1034 79 21 komit&
767 1034 49 21 med
833 1040 53 20 upp-

59 1062 53 26 drag
135 1064 31 19 att
189 1063 121 20 undersöka
327 1063 161 26 ifrägavarande
503 1063 145 21 förhällanden
665 1065 56 19 samt
736 1063 67 21 under
818 1062 70 21 förut-

59 1091 96 26 sättning
175 1093 31 19 att
229 1091 65 26 sagda
312 1091 80 21 komitö
406 1091 86 22 arbetar
508 1091 109 27 energiskt
632 1091 39 22 och
683 1091 80 27 jämväl
779 1091 31 21 till
826 1097 62 20 rege-

59 1119 75 26 ringen
157 1119 119 22 inkommer
299 1120 48 21 med
369 1119 81 28 förslag
470 1120 31 21 till
520 1120 25 21 de
561 1119 160 28 ifrägavarande
736 1119 152 27 olägenheters

59 1147 141 27 afhjälpande,
219 1148 84 21 hvartill
325 1149 67 26 sagda
410 1149 162 27 undersökning
590 1149 40 21 kan
648 1148 55 28 gifva
718 1148 121 27 anledning,
854 1147 34 22 fär

59 1176 106 21 utskottet
186 1176 79 22 föreslå
282 1178 32 20 att
331 1176 162 28 ifrågavarande
508 1178 114 26 petitioner
638 1178 45 20 icke
699 1178 65 20 måtte
777 1176 111 22 föranleda

59 1205 31 21 till
113 1205 73 21 vidare
205 1205 75 27 åtgärd
302 1205 46 22 från
370 1206 128 22 ständernas
521 1206 65 22 sida»,
607 1206 23 21 så
651 1206 84 21 förenar
750 1206 39 26 jag
803 1206 45 26 mig
862 1205 27 21 så

59 1233 84 27 mycket
157 1234 67 21 hällre
239 1234 48 21 med
302 1234 40 21 den
359 1234 129 27 föregående
504 1235 63 21 ärade
583 1234 87 22 talaren.

128 1291 33 21 Hr
177 1291 142 21 Neovius:
340 1292 42 26 Jag
396 1298 64 14 anser
477 1292 43 26 mig
535 1292 52 20 böra
597 1291 96 21 meddela
704 1291 116 21 utskottets
833 1297 55 20 upp-

58 1318 93 28 fattning
166 1320 7 20 i
188 1319 72 26 saken,
278 1326 45 14 som
343 1320 35 26 låg
392 1320 32 20 till
441 1320 70 26 grund
526 1320 32 20 för
573 1320 70 21 denna
658 1320 62 21 kläm.
750 1320 47 20 Den
814 1319 74 21 stöder

59 1347 34 27 sig
108 1348 66 26 därpå
188 1350 32 19 att
235 1348 121 27 uppdraget
370 1348 32 21 för
419 1348 95 22 komitén
530 1348 75 22 endast
621 1348 47 27 gick
684 1351 23 18 ut
722 1348 28 27 på
760 1354 25 15 en
798 1346 90 23 beskrif-

59 1376 52 26 ning
125 1376 23 21 af
166 1376 54 21 1898
240 1376 39 22 och
295 1377 54 21 1899
364 1377 35 21 års
414 1376 199 28 öfversvämningar
628 1376 39 22 och
683 1376 119 22 utrönande
818 1376 22 21 af
853 1382 35 15 or-

59 1404 91 22 sakerna
172 1405 31 21 till
225 1405 54 21 dem.
309 1405 65 21 Detta
396 1406 90 20 innebär
508 1406 46 20 icke
569 1407 65 19 annat
649 1407 26 19 än
691 1407 31 19 att
737 1412 49 14 man
802 1404 87 22 komme

59 1433 31 20 till
113 1439 26 14 en
164 1434 116 25 utredning
302 1433 22 21 af
346 1434 163 27 vetenskapliga
531 1434 78 26 frågor.
638 1433 251 22 Komitébetänkandena

59 1464 50 23 taga
132 1461 25 26 ju
180 1461 45 22 ofta
246 1461 68 22 åratal
336 1461 64 22 innan
422 1462 27 21 de
471 1461 65 22 blifva
549 1462 83 27 färdiga
652 1462 39 21 och
707 1462 65 21 sedan
789 1461 57 27 ligga
861 1461 28 21 de

59 1489 44 21 ofta
119 1489 32 21 till
167 1490 33 27 sig
214 1490 6 21 i
236 1489 66 22 åratal
323 1490 64 21 innan
403 1491 120 26 någonting
538 1491 6 20 i
559 1490 114 27 anledning
688 1490 23 21 af
724 1491 47 20 dem
785 1490 104 27 tillgöres.
