1086 1778
215 104 43 21 286
478 103 268 36 Rättegångsfullmäktige.
938 114 28 16 20
978 117 64 13 mars.

213 179 169 26 ylioikeuksissa.
412 181 94 21 Seuraus
522 181 49 22 siitä
586 188 27 15 on
629 182 54 21 ollut
699 188 27 19 se,
742 183 50 24 että,
808 181 72 21 mikäli
895 182 72 21 luulen
978 181 61 21 tietä-

215 208 55 22 väni,
293 208 91 22 kaikkiin
405 209 165 27 kaupunkeihin,
583 210 69 27 joissa
667 217 28 14 on
711 210 167 26 hovioikeuksia,
895 217 26 14 on
938 210 100 21 muodos-

215 238 65 19 tunut
298 237 101 26 renkaita,
415 238 23 27 ja
458 238 47 21 siitä
520 245 28 14 on
562 239 54 21 ollut
631 241 38 19 tuo
685 239 113 21 tavallinen
815 245 97 18 seuraus,
925 239 51 26 joka
991 245 48 14 ren-

214 264 70 22 kaista
298 265 86 27 yleensä
398 273 34 19 on,
448 269 44 18 että
506 269 74 19 tavara
595 274 27 14 on
639 267 64 22 tullut
718 267 155 21 kalliimmaksi.
899 267 49 21 Kun
964 274 75 19 ennen,

211 293 36 26 jos
268 294 28 21 oli
309 294 131 27 jätettävänä
456 296 121 26 asiakirjoja
592 296 163 21 hovioikeuteen
772 297 28 20 tai
816 296 52 21 niitä
884 296 60 21 sieltä
959 296 79 21 haetta-

215 328 60 20 vana,
295 323 51 21 riitti
367 325 70 20 tämän
456 324 169 27 yksinkertaisen
645 325 138 21 toimituksen
810 325 160 21 korvaamiseen
986 325 51 21 noin

216 351 26 20 15
262 351 106 26 markkaa,
388 353 43 20 niin
446 353 97 26 nykyään
559 353 83 21 kuuluu
658 354 59 20 esim.
732 354 108 20 Vaasassa
855 353 84 27 löytyvä
959 359 78 21 rengas

215 379 98 21 vaativan
332 380 29 21 40
375 381 100 21 markkaa
491 381 104 21 valmiiksi
610 382 124 26 kirjoitetun
750 382 133 20 anomuksen
896 382 142 26 jättämisestä

211 407 23 27 ja
256 408 116 26 päätöksen
394 409 147 22 hakemisesta.
570 410 27 22 Ja
618 412 57 19 tämä
695 417 27 14 on
743 410 73 21 minun
840 410 118 21 mielestäni
976 410 61 21 aivan

214 436 86 21 riittävä
314 437 104 22 kokemus
434 438 53 26 siitä,
499 438 66 21 mihin
577 441 107 19 suuntaan
695 439 100 21 tällainen
806 439 148 21 advokaattien
966 438 72 28 yksin-

214 464 74 22 oikeus
310 466 59 21 tulisi
390 466 164 27 vaikuttamaan,
567 467 36 27 jos
619 468 19 20 ei
653 468 88 20 samalla
756 468 64 20 saada
836 468 124 20 semmoista
974 468 63 26 rajoi-

214 494 137 21 tussäädöstä
365 495 81 26 aikaan,
462 498 44 18 että
520 496 84 21 ainakin
620 496 170 27 yksinkertaisen
806 496 58 21 asian
881 496 157 21 toimituksesta

214 528 27 15 on
262 522 98 22 taksassa
375 526 103 25 määrätty
493 524 92 27 palkkio.
607 525 28 21 Ja
649 524 141 28 kysymyshän
807 525 19 21 ei
842 525 87 21 olekaan
945 527 92 23 muusta,

212 550 52 22 kuin
288 553 43 19 että
350 552 96 22 taksassa
466 553 137 21 lueteltaisiin
624 554 61 20 aivan
707 554 216 26 yksinkertaisimmat
944 554 52 20 asiat
1013 554 24 26 ja

213 579 85 27 palkkio
320 581 69 21 niistä.
419 581 147 21 Advokaatille
585 582 57 27 kyllä
660 582 49 27 jäisi
724 582 55 27 täysi
795 582 74 21 oikeus
885 582 151 21 mutkallisem-

213 610 69 20 masta
304 609 79 22 asiasta
406 610 60 26 sopia
486 610 152 27 päämiehensä
659 611 79 21 kanssa
760 610 126 27 palkkiosta.
916 611 120 21 Pääasialli-

212 637 53 21 sesti
287 639 55 19 tästä
364 640 72 25 syystä
454 639 24 27 ja
497 641 89 19 muuten
607 640 116 26 nojautuen
744 639 66 21 niihin
826 639 143 26 näkökohtiin,
982 640 54 26 joita

212 665 160 23 valiokuntakin
393 668 167 20 mietinnössään
581 670 37 19 tuo
639 668 64 25 esille,
719 668 58 21 minä
791 668 121 26 puolestani
927 668 107 21 rohkenen

212 694 106 25 ehdottaa,
340 697 44 19 että
404 696 159 27 porvarissääty
584 696 121 27 hyväksyisi
726 699 38 24 nyt
781 696 164 27 kysymyksessä
960 696 75 21 olevan

211 723 117 21 momentin
343 719 13 38 —
360 724 142 21 valiokunnan
529 725 117 21 mietinnön
669 725 98 21 mukaan.
798 725 45 21 Sitä
864 725 109 21 rohkenen
994 725 42 21 sitä

211 752 152 21 suuremmalla
385 753 66 26 syyllä
472 753 77 26 toivoa,
572 753 44 21 kun
639 754 48 21 olen
710 754 102 21 varmasti
833 753 126 22 vakuutettu
981 754 57 25 siitä,

210 781 45 19 että
277 786 69 15 emme
368 781 94 22 koskaan
488 788 38 15 saa
547 784 45 19 tätä
613 782 56 21 lakia
690 782 157 27 hyväksytyksi.
867 782 108 27 jollemme
998 789 37 14 saa

210 809 89 21 samalla
320 810 126 21 asetukseen
467 811 188 26 taksamääräystä.
685 811 53 21 Olen
760 811 58 25 niitä,
834 811 62 26 jotka
911 811 123 21 surkutteli-

210 837 56 20 sivat
284 838 46 25 sitä,
346 838 60 27 jollei
423 839 118 21 näilläkään
566 839 150 27 valtiopäivillä
734 839 87 21 saataisi
836 841 72 19 tämän
923 839 111 21 asetuseh-

210 865 107 22 dotuksen
338 867 89 21 suhteen
448 869 159 26 säätypäätöstä
625 868 81 21 aikaan.
735 868 60 21 Minä
814 868 84 27 pyydän
918 874 38 15 sen
976 868 58 21 takia

209 894 121 26 puolestani
349 896 65 21 saada
431 896 106 26 ehdottaa,
553 898 44 19 että
612 897 60 20 esillä
687 897 60 21 oleva
763 897 113 20 momentti
890 897 143 26 hyväksyttäi-

210 922 39 21 siin
267 923 142 22 valiokunnan
425 925 134 21 ehdotuksen
575 925 99 21 mukaan.

278 969 34 20 Hr
333 969 150 27 Stigzelius:
503 970 42 21 Det
563 970 41 21 kan
620 971 25 26 ju
664 971 45 20 icke
732 971 66 20 nekas
817 973 32 18 att
868 977 76 20 genom
963 971 70 21 denna

208 995 126 29 förordning
349 997 211 23 sakförareväsendet
575 999 69 21 blifvit
658 999 28 27 pä
699 1001 41 19 sätt
750 999 39 21 och
802 999 32 21 vis
845 999 187 27 monopoliseradt,

208 1031 35 14 om
264 1025 64 22 också
350 1027 7 20 i
381 1027 76 21 endast
478 1027 62 27 ringa
562 1028 58 26 grad,
642 1027 39 22 och
700 1028 26 21 dä
740 1029 24 20 är
779 1028 36 21 det
828 1028 24 27 ju
868 1028 65 21 också
947 1028 85 21 berätti-

208 1054 51 24 gadt
281 1056 31 19 att
335 1061 26 14 en
384 1057 48 19 taxa
454 1055 101 28 utfärdas.
586 1056 77 20 Denna
682 1058 47 19 taxa
750 1058 24 19 är
792 1056 33 21 för
850 1058 71 19 resten
942 1056 23 21 af
980 1057 53 20 allra

206 1081 126 28 lindrigaste
355 1083 51 27 slag.
436 1084 33 21 Hr
488 1084 82 21 Öhman
591 1085 78 20 nämde
687 1091 34 14 om
741 1087 66 23 taxor,
824 1091 45 15 som
886 1084 22 21 af
921 1085 111 26 magistra-

207 1112 61 20 terna
287 1111 102 27 utfärdas,
411 1119 48 14 men
479 1112 76 22 mellan
575 1119 26 15 en
620 1113 65 21 sädan
705 1115 48 19 taxa
772 1113 40 21 och
828 1113 40 21 den
884 1120 29 14 nu
928 1113 104 27 ifrägava-

206 1139 68 21 rande
296 1142 24 19 är
343 1141 35 20 det
401 1147 26 14 en
446 1143 46 19 stor
510 1141 89 24 skilnad,
619 1142 127 21 därutinnan
766 1142 107 27 nämligen
892 1144 31 19 att
941 1144 43 19 mot
1004 1149 27 14 en

206 1167 67 22 sädan
292 1170 53 25 taxa,
368 1175 46 15 som
432 1170 113 27 magistrat
564 1170 101 26 utfärdar,
681 1170 45 21 icke
740 1171 43 20 kan
799 1172 62 25 göras
877 1171 69 26 nägon
963 1170 69 21 öfver-

206 1197 163 26 enskommelse,
388 1204 33 15 om
442 1198 36 21 det
495 1199 66 26 gäller
581 1201 31 18 att
631 1199 26 26 gä
676 1199 58 21 öfver
753 1201 69 24 taxan,
838 1201 52 18 utan
905 1199 75 21 endast
996 1205 33 15 om

205 1231 50 14 man
272 1225 37 27 gär
324 1227 69 20 under
408 1227 129 21 densamma.
560 1227 46 21 Här
621 1227 46 21 äter
682 1227 41 21 kan
739 1227 68 21 under
818 1227 73 27 hvarje
901 1227 132 22 förhällande

205 1253 78 21 mellan
306 1254 122 21 sakföraren
449 1255 39 22 och
510 1255 174 22 hufvudmannen
704 1256 36 21 ske
762 1262 26 15 en
809 1255 224 22 öfverenskommelse.

204 1281 89 22 Enhvar
314 1285 35 18 vet
370 1290 43 20 nog
431 1283 57 22 huru
509 1284 122 27 obehagligt
649 1285 37 20 det
704 1287 28 23 är,
751 1285 27 20 dä
793 1291 48 14 man
857 1285 80 20 vänder
952 1285 33 26 sig
999 1285 32 20 till

204 1316 27 15 en
254 1311 133 26 legitimerad
410 1319 84 20 person,
517 1319 50 15 vare
591 1313 32 26 sig
638 1313 71 20 läkare
730 1313 52 21 eller
797 1313 98 25 advokat,
910 1315 31 18 att
957 1315 75 24 genast

203 1337 61 28 fräga
284 1339 56 22 hvad
364 1340 36 21 det
423 1341 79 21 kostar.
539 1341 78 21 Därför
639 1341 67 27 ligger
729 1341 36 21 det
787 1342 7 20 i
816 1342 26 21 de
869 1341 162 21 rättssökandes

203 1367 94 22 intresse
314 1370 32 19 att
366 1369 80 21 sädana
467 1371 59 19 taxor
547 1369 77 22 finnas.
654 1370 50 21 Man
722 1370 39 21 har
779 1370 99 21 klandrat
896 1370 69 21 denna
982 1371 48 19 taxa

203 1395 48 22 från
278 1397 134 22 sakförarens
440 1398 115 26 synpunkt.
598 1399 56 20 Från
680 1399 69 20 denna
772 1399 110 26 synpunkt
911 1405 62 14 anser
992 1398 39 26 jag

204 1424 36 20 det
258 1425 55 21 dock
331 1432 51 14 vara
402 1426 112 27 ingenting
532 1428 31 19 att
580 1426 107 26 anmärka,
706 1427 88 21 emedan
810 1426 137 22 sakförarena
961 1426 69 27 slippa

202 1452 50 21 hela
267 1455 68 24 taxan,
351 1460 35 14 om
403 1454 25 21 de
446 1455 7 20 i
473 1455 46 21 sina
537 1461 107 15 annonser
657 1456 50 20 eller
723 1455 26 27 pä
765 1456 47 20 sina
827 1456 75 20 dörrar
919 1455 111 21 tillkänna-

203 1480 67 26 gifva:
295 1482 19 20 vi
339 1483 131 21 underkasta
488 1490 36 14 oss
540 1484 17 26 ej
575 1485 53 24 taxa,
644 1486 51 19 utan
711 1484 29 21 alt
756 1484 81 21 betalas
853 1483 54 21 efter
923 1483 107 21 öfverens-

202 1509 124 22 kommelse.
