1086 1764
69 99 14 17 6
95 103 63 13 mars.
388 98 73 18 Trafik
472 98 29 21 på
512 93 76 23 Åland.
852 91 42 21 219

71 166 133 22 betänkande
225 173 33 15 n:o
274 167 13 21 2
308 167 7 21 i
336 167 116 27 anledning
470 166 23 22 af
513 168 31 20 ett
559 167 7 21 i
580 166 158 22 bondeståndet
760 166 62 22 väckt
841 166 53 27 peti-

70 194 138 28 tionsförslag
230 202 35 14 om
288 194 157 23 anskaffaude
460 195 28 22 af
500 196 36 22 ett
551 194 130 28 ångfartyg
703 194 39 22 för
763 195 64 27 post-
848 193 46 24 och

71 224 273 28 passageraretrafikens
366 223 171 23 förmedlande
551 223 81 23 under
646 222 162 23 menförestid
823 222 71 23 emel-

71 257 42 23 lan
135 258 63 22 fasta
220 258 84 22 landet
325 258 46 22 och
393 250 79 30 Åland
487 258 59 21 öfver
563 257 94 26 Gustafs,
673 258 92 26 Brändö,
780 256 114 28 Kumlinge

71 286 39 21 och
125 286 72 22 Vårdö
212 286 90 22 socknar
318 286 68 22 blifvit
401 286 23 22 af
437 287 98 27 samtliga
547 286 64 22 stånd
628 286 138 21 oförändradt
781 286 113 27 godkändt.

71 314 34 22 Då
127 315 83 21 således
225 322 26 14 en
267 315 177 27 ständerpetition
460 316 7 20 i
482 316 36 20 det
532 315 23 21 af
568 315 107 21 utskottet
696 314 121 28 föreslagna
832 314 63 27 syftet

71 343 106 27 beslutits,
191 344 38 21 har
245 344 110 25 utskottet,
367 344 85 26 jämlikt
467 344 23 21 L.
506 344 36 21 O:s
553 344 11 27 $
577 344 33 25 67,
629 343 140 21 öfverlämnat
782 344 26 20 de
818 343 6 21 i
834 345 60 19 ären-

71 372 37 22 det
122 372 111 22 tillkomna
247 372 155 27 handlingarna
416 372 22 21 åt
454 372 245 28 expeditionsutskottet.

351 429 32 21 På
398 429 117 21 utskottets
530 431 90 31 vägnar:

408 487 26 20 A.
450 486 110 21 Auvinen.

642 543 61 23 Georg
716 543 110 18 Schauman.

141 682 120 27 Föredrogs
282 681 123 28 ytterligare
420 688 27 15 en
463 681 48 22 frän
527 682 106 21 allmänna
649 681 195 22 besvärsutskottet
859 687 36 14 an-

72 711 49 21 länd
137 711 114 27 sälydande
266 710 116 22 skrifvelse.

164 812 106 21 FINLANDS
283 810 110 23 STÄNDERS

74 851 141 31 ALLMÄNNA
234 851 250 32 BESYÄRSUTSKOTT.

198 953 164 15 HELSINGFORS
485 951 40 21 Till
541 949 106 29 vällofliga
663 950 181 27 borgareständet.

183 995 35 17 den
230 996 12 16 5
254 1001 51 11 mars
318 995 50 17 1900

242 1070 36 18 N:o
289 1070 27 17 38.

130 1132 113 22 Allmänna
265 1133 194 22 besvärsutskottet
481 1134 32 21 fär
531 1134 88 21 härmed
639 1134 109 21 vördsamt
763 1133 83 22 anhälla
860 1134 37 24 att,

72 1163 51 20 enär
147 1161 65 21 behof
224 1161 23 22 af
260 1168 26 14 en
301 1161 79 29 tredje
403 1162 131 28 suppleant
555 1162 33 22 för
603 1163 176 27 borgareständet
794 1162 56 27 gjort
865 1161 33 27 sig

73 1190 98 27 gällande
185 1190 7 21 i
207 1190 110 26 utskottet,
339 1190 86 22 ständet
448 1191 50 21 ville
520 1192 85 26 vidtaga
624 1192 7 20 i
646 1191 114 28 anledning
779 1190 62 22 häraf
861 1190 36 27 pä-

73 1218 70 22 kallad
158 1218 81 28 ätgärd.

353 1276 32 22 Pä
400 1276 119 22 utskottets
535 1279 89 25 vägnar:

418 1334 26 20 A.
463 1334 110 21 Auvinen.

647 1390 60 24 Georg
719 1390 111 19 Schauman.

143 1453 113 22 Allmänna
278 1453 209 22 besvärsutskottets
506 1453 155 22 ofvanberörda
676 1453 161 27 framställning,
852 1459 47 15 som

74 1481 132 22 omedelbart
228 1484 93 25 upptogs
344 1482 32 21 till
394 1482 85 27 slutligt
494 1482 121 27 afgörande,
630 1482 45 21 blef
688 1482 23 22 af
724 1481 176 28 borgareständet
