1086 1764
77 105 26 18 10
116 105 61 21 april.
397 97 185 33 Dissenterlagen.
863 98 43 21 425

78 173 23 23 af
118 173 150 27 betänkandet,
291 173 98 22 omfattat
411 173 217 28 petitionsförslagets
650 173 101 28 yrkande.
781 174 11 21 I
813 173 92 27 enlighet

78 203 50 21 med
149 202 116 22 utskottets
287 202 81 27 förslag
390 202 39 22 har
447 202 206 28 petitionsförslaget
668 202 55 27 förty
739 202 46 22 icke
800 202 104 21 föranledt

78 231 70 27 någon
165 231 75 27 åtgärd
254 231 47 21 frän
317 231 126 21 ständernas
460 232 51 21 sida.

357 288 31 21 På
403 288 117 22 utskottets
536 291 90 25 vägnar:

416 346 26 20 A.
460 346 110 21 Auvinen.

651 403 61 22 Georg
725 402 111 18 Schauman.

149 529 69 21 Bland
241 530 94 21 ständets
358 529 138 22 medlemmar
514 529 54 21 hade
584 529 93 21 utdelats
693 529 38 21 och
748 529 112 21 bordlades
875 528 30 22 till

79 560 62 19 nästa
156 558 95 27 plenum:

149 615 151 27 lagutskottets
315 616 135 21 betänkande
464 622 35 15 n:o
516 616 24 21 11
557 616 6 20 i
578 616 116 26 anledning
708 616 23 20 af
744 617 31 19 ett
787 616 7 20 i
806 616 99 26 borgare-

80 644 85 21 ständet
180 644 117 21 inlämnadt
311 644 219 27 petitionsmemorial,
545 644 111 28 äsyftande
671 644 91 27 ändring
777 644 20 21 af
810 644 18 24 7,
841 644 12 21 8
867 644 38 21 och

81 672 26 22 13
123 672 24 28 88
161 672 7 21 i
182 672 153 28 förordningen
351 672 22 22 af
386 673 40 21 den
443 673 25 21 11
486 674 117 20 november
620 673 54 21 1889
690 673 110 27 angäende
810 672 95 22 kristna

79 700 234 28 religionssamfund
329 701 9 22 i
353 701 107 22 Finland
476 701 27 22 af
516 708 80 16 annan
609 701 178 28 protestantisk
800 701 104 22 troslära

80 730 31 21 än
127 729 47 31 den
190 730 290 27 evangelisk-lJutherska;
496 730 38 21 och

649 763 9 11 e

148 787 107 21 allmänna
269 787 207 22 besvärsutskottets
492 788 135 21 betänkande
642 794 34 14 n:o
693 788 26 20 13
734 788 7 20 i
756 787 115 27 anledning
885 787 23 21 af

81 817 78 19 tvänne
175 816 6 20 i
197 817 81 25 präste-
293 816 40 21 och
348 816 162 21 bondeständen
521 816 76 22 väckta
607 815 184 28 petitionsförslag
801 822 34 15 om
848 815 56 22 ned-

80 844 112 22 sättande
215 844 27 22 af
261 844 237 28 terminsafgifterna
518 845 9 21 i
542 845 93 22 statens
650 844 256 22 fruntimmersskolor

80 872 33 22 till
128 879 81 15 samma
224 873 77 27 belopp
317 879 46 15 som
379 874 6 20 i
401 873 105 27 lyceerna.

149 1027 90 21 Plenum
256 1027 110 27 upplöstes
382 1027 27 21 kl.
426 1028 44 26 10,5
486 1034 16 14 e.
518 1034 27 14 m.

693 1084 21 18 In
727 1084 64 18 fidem:

621 1120 37 20 "4.
681 1119 23 21 V.
721 1118 116 28 Lindberg.
