1070 1773
32 118 13 16 6
57 121 63 12 mars.

385 108 131 33 Banklagen.
816 109 40 21 211

33 185 39 22 och
94 187 23 19 är
137 185 72 21 därför
224 185 111 27 olämpligt
350 187 57 20 samt
421 185 40 22 bör
476 185 47 22 icke
537 185 51 27 ingä
602 185 7 20 i
624 184 128 21 ständernas
767 190 49 15 svar
831 183 28 28 pä

33 213 145 27 föreliggande
193 213 78 27 nädiga
286 214 169 27 propositionen.
856 217 2 2 |

102 271 33 20 Hr
151 270 211 27 Schybergson:
392 271 42 27 Jag
448 271 37 21 vill
503 271 46 21 icke
568 270 64 21 tvista
651 270 49 21 med
716 269 25 22 hr
758 269 100 22 Stenroth

33 305 35 15 om
90 299 55 21 hvad
168 299 125 21 ständernas
316 299 175 22 svarsskrifvelse
510 300 7 20 i
535 299 71 21 denna
628 299 38 21 sak
689 299 50 20 bort
753 297 106 22 innehälla

33 328 52 21 eller
99 328 46 21 icke
159 328 50 21 bort
224 327 110 26 innehälla,
349 334 50 15 men
415 328 56 21 klart
486 334 64 21 synes
566 327 37 22 det
617 327 44 26 mig
675 333 52 15 vara
747 329 31 18 att
793 325 66 22 bank-

34 356 116 21 utskottets
168 356 38 21 sak
222 357 54 20 varit
286 358 31 19 att
327 357 106 21 behandla
443 357 41 21 den
495 357 77 26 nädiga
583 356 161 27 propositionen
761 355 6 21 i
783 356 76 24 ämnet,

33 385 46 21 icke
87 387 32 19 att
126 385 65 21 inläta
199 385 33 26 sig
240 385 28 26 pä
275 385 196 27 spetsfundigheter
479 386 7 20 i
493 385 61 27 fräga
562 391 35 15 om
610 384 249 27 expeditionsutskottets

34 413 136 22 värksamhet
184 413 36 22 vid
235 415 85 20 senaste
334 413 109 28 landtdag.

104 470 69 21 Sedan
189 470 149 21 diskussionen
354 471 111 26 angäende
480 471 144 21 betänkandet
639 471 6 20 i
662 471 48 20 dess
726 469 70 22 helhet
811 469 48 21 här-

35 499 48 21 med
101 499 114 21 förklarats
238 498 98 27 afslutad,
351 499 142 28 tillkännagaf
512 499 25 21 hr
553 499 121 21 talmannen
690 500 31 19 att
736 498 41 21 han
792 498 68 26 ansäg

35 528 36 21 det
85 534 51 15 vara
157 527 121 27 lämpligast
301 529 31 20 att
350 527 56 22 först
421 528 88 27 öfvergä
524 528 32 21 till
571 527 197 28 detaljgranskning
782 526 23 21 af
817 526 42 21 för-

34 555 207 28 fattningsförslaget
264 558 54 19 samt
341 557 93 20 därefter
458 557 32 21 till
510 556 116 27 afgörande
642 558 94 25 upptaga
751 556 26 21 de
792 555 67 21 under

35 585 36 21 det
92 585 105 21 allmänna
220 584 149 22 diskussionen
392 585 126 22 framstälda
540 585 113 27 yrkandet;
676 585 38 21 och
734 584 27 21 dä
781 583 25 22 hr
821 583 38 22 tal-

34 619 92 16 mannen
149 613 51 21 härä
222 613 99 27 föredrog
344 614 10 27 &
374 614 19 26 9,
410 613 45 22 blef
475 615 70 20 denna
560 613 100 28 paragraf
674 613 22 22 af
709 613 84 21 ständet
808 614 51 19 utan

35 642 140 27 anmärkning
191 642 104 27 godkänd.

104 700 76 21 Likaså
194 702 91 24 antogos
301 700 23 28 $$
340 700 27 21 10
383 700 40 21 och
440 701 25 20 11
482 700 147 21 oförändrade.

104 757 11 21 I
130 757 115 27 anledning
260 756 22 22 af
295 757 11 27 $
324 758 26 20 13
365 757 85 27 yttrade

103 814 26 21 hr
144 820 47 15 von
207 813 100 22 Pfaler:
330 814 42 27 Jag
387 814 38 21 ber
442 815 77 21 endast
533 814 22 21 fä
564 816 55 19 rätta
632 816 30 19 ett
673 813 87 27 tryckfel
771 813 12 21 ä
794 813 67 21 andra

35 843 66 21 raden
117 842 23 21 af
152 843 68 21 andra
235 842 82 27 stycket
331 843 7 20 i
353 842 136 28 paragrafen,
505 843 38 21 där
559 843 61 21 ordet
630 842 74 21 »eller>
718 842 141 21 förekommer

35 873 79 19 tvänne
129 872 80 26 gånger
224 871 53 21 efter
293 871 125 22 hvarandra.

104 929 50 20 Med
176 928 86 21 rättelse
284 928 23 21 af
327 929 35 20 det
384 928 23 21 af
428 929 26 20 hr
477 935 42 15 von
539 928 70 22 Pfaler
628 929 111 21 anmärkta
753 927 108 28 tryckfelet

36 956 45 22 blef
93 957 12 27 $
121 957 26 21 13
163 957 105 26 godkänd.

106 1013 261 28 Författningsförslagets
392 1015 76 20 rubrik
491 1015 40 21 och
547 1015 115 21 utskottets
676 1015 55 20 kläm
747 1015 12 20 å
774 1014 37 21 sid.
827 1014 12 21 7
855 1013 6 21 i

36 1043 143 21 betänkandet
194 1046 90 23 antogos
300 1045 51 19 utan
367 1043 150 27 anmärkning.

105 1100 11 20 I
131 1100 115 27 anledning
268 1099 22 22 af
312 1100 40 21 den
376 1100 91 27 tidigare
487 1100 155 27 försiggångna
657 1100 148 21 diskussionen
826 1099 35 20 be-

37 1128 41 21 slöt
94 1128 91 26 ståndet,
200 1129 28 26 på
246 1129 157 26 framställning
418 1128 24 21 af
455 1129 26 20 hr
497 1129 128 26 talmannen,
641 1131 31 19 att
687 1129 30 20 till
733 1127 129 28 protokollet

36 1157 105 20 anteckna
159 1159 31 19 att
212 1157 66 26 enligt
300 1157 96 22 ståndets
416 1157 141 27 uppfattning
572 1157 115 22 utskottets
703 1157 108 21 uttalande
825 1162 36 15 an-

37 1185 82 27 gående
141 1186 126 21 ständernas
290 1186 35 21 vid
350 1186 53 21 1897
420 1186 36 21 års
473 1186 103 27 landtdag
591 1187 12 20 å
618 1186 40 21 den
674 1186 77 26 nådiga
765 1185 97 27 proposi-

37 1214 72 21 tionen
125 1214 6 20 i
147 1220 81 15 samma
248 1216 61 19 ämne
330 1214 79 21 aflåtna
433 1215 177 21 svarsskrifvelse
631 1215 39 20 och
692 1215 45 20 däri
759 1213 103 27 ingående

36 1243 99 26 yttrande
156 1243 6 20 i
184 1242 60 27 fråga
267 1249 33 14 om
320 1243 13 21 8
354 1243 11 27 8
380 1243 8 20 i
402 1243 128 21 förenämda
551 1243 125 27 förordning
691 1243 44 21 icke
751 1243 65 20 borde
831 1242 32 21 uti

37 1271 126 21 ständernas
187 1271 145 27 underdåniga
356 1278 50 15 svar
427 1272 12 20 å
459 1272 43 21 den
525 1278 29 15 nu
577 1271 143 27 töreliggande
734 1271 129 27 propositio-

37 1306 41 14 nen
94 1300 55 26 ingå.

105 1414 61 21 Efter
187 1414 67 21 skedd
276 1414 96 21 anmälan
395 1415 102 21 inträdde
520 1417 100 19 senatorn
639 1414 105 22 Edvard
760 1413 103 26 Boehm,

37 1442 73 27 åtföljd
132 1442 23 22 af
175 1442 291 22 referendariesekreteraren
488 1443 110 21 Arthur
619 1443 107 27 Kniper,
742 1443 38 21 och
796 1442 67 21 öfver-

37 1471 98 21 lämnade
155 1471 31 21 till
206 1471 25 21 hr
246 1471 122 21 talmannen
384 1470 95 28 följande
496 1472 28 21 H.
540 1472 25 21 K.
581 1472 49 21 M:ts
646 1472 76 26 nådiga
736 1470 127 28 propositio-

36 1506 44 19 ner,
96 1499 114 27 nämligen:
