1086 1753
202 99 43 38 240
378 110 66 17 Vissa
455 110 198 18 domareämbetens
665 110 130 18 besättande.
939 110 13 16 9
964 114 64 12 mars.

202 177 85 26 komité,
310 184 46 15 som
380 178 102 27 uppgjort
501 178 81 27 förslag
596 178 32 22 till
643 185 30 15 nu
687 178 152 27 föreliggande:
848 176 180 28 författningsför-

202 206 52 26 slag,
276 206 61 27 gifvit
359 207 151 21 motsvarande
532 207 101 27 paragraf
651 207 47 27 just
720 207 42 21 den
785 206 103 26 lokution,
906 206 38 27 jag
959 205 69 22 skulle

202 234 68 22 önska
284 234 132 28 paragrafen.
448 235 101 21 Komitén
572 238 71 24 säger:
667 236 253 26 »Justitieborgmästare,
943 234 24 22 så
989 234 39 21 ock

201 263 95 26 rådman,
318 263 85 21 hvilken
426 264 46 21 icke
494 264 67 21 tillika
583 266 23 19 är
622 264 93 22 ledamot
730 264 7 21 i
753 264 116 26 magistrat,
885 270 51 14 vare
948 262 80 28 jämväl

201 291 77 27 pliktig
292 294 37 24 att,
353 298 34 15 om
409 292 42 21 han
469 292 32 22 till
524 292 84 28 sysslan
627 294 96 20 utnämts
738 292 53 22 efter
807 292 70 22 denna
891 292 137 26 förordnings

203 319 133 27 utfärdande,
359 320 93 22 tillträda
473 321 284 27 underdomarebefattning,
773 327 46 15 som
834 321 7 21 i
857 321 11 27 8
885 321 10 20 1
912 322 94 24 nämnes,
1021 320 7 20 i

200 348 37 21 fall
253 349 65 20 sådan
334 349 78 21 honom
429 350 86 21 anvisas
530 350 51 21 eller
597 350 120 26 erbjudes».
747 350 42 26 Jag
811 349 117 27 medgifver
951 349 77 20 visser-

201 377 58 26 ligen
274 379 32 19 att
328 384 50 15 man
400 377 46 22 icke
461 378 166 27 nödvändigtvis
643 377 102 22 behöfver
761 377 103 28 misstyda
880 377 127 27 stadgandet
1021 377 7 20 i

200 406 12 26 8
228 406 14 21 2
258 405 61 22 äfven
335 406 50 21 med
400 407 41 20 den
458 407 80 26 lydelse
553 407 41 21 den
609 413 30 15 nu
655 407 44 25 har,
722 413 49 14 men
795 406 68 21 skulle
886 406 54 21 dock
955 405 73 26 önska,

200 433 33 22 för
247 434 178 22 konformitetens
442 435 62 26 skull,
526 437 32 19 att
581 435 111 22 enahanda
713 435 93 27 positiva
827 435 117 26 stadgande
959 433 69 22 skulle

200 462 50 27 ingå
265 463 7 20 i
288 463 10 27 $
314 463 19 26 2,
353 469 46 16 som
414 463 69 22 finnes
499 464 7 21 i
522 464 11 21 1
550 463 39 22 och
604 464 14 21 3
633 464 30 27 88.
694 464 63 21 Hade
772 470 49 15 man
837 463 56 21 velat
908 463 68 26 slippa
991 468 37 15 en-

200 491 49 21 dast
264 492 48 21 med
334 491 160 28 hänvisningar,
517 493 24 20 sä
564 492 55 21 hade
642 493 77 21 sädant
733 492 34 21 för
781 491 175 22 konsekvensens
972 491 57 21 skull

199 519 62 22 äfven
278 520 48 21 bort
342 521 38 20 ske
395 520 132 22 beträffande
542 521 23 28 $$
583 522 9 20 1
610 521 39 21 och
665 521 19 21 3.
714 521 50 21 Mitt
786 520 81 27 förslag
890 526 50 15 vore
956 519 72 22 därför

199 550 32 19 att
241 549 180 26 borgareständet
436 549 49 21 ville
501 549 84 21 besluta
599 552 32 18 att
647 550 156 20 äterremittera
819 549 14 21 2
848 549 11 27 $
875 549 31 21 till
922 548 106 21 utskottet

198 576 34 21 för
254 580 31 18 att
306 578 147 26 omredigeras
476 578 86 23 derhän,
585 580 32 19 att
632 584 76 21 genom
724 580 33 19 ett
772 577 123 27 uttryckligt
910 576 118 27 stadgande

198 605 120 27 framginge
334 608 33 19 att
382 606 7 20 i
404 606 126 27 paragrafen
547 607 114 21 omnämda
676 607 135 26 tjänstemän,
827 606 73 21 därest
915 606 61 21 deras
993 605 34 21 be-

198 633 118 28 fattningar
331 634 108 28 indragas,
459 635 73 21 kunna
547 634 116 22 öfverföras
679 635 32 21 till
726 634 121 28 nyinrättad
864 634 163 22 underdomare-

198 662 130 28 befattning.

269 748 33 21 Hr
318 748 178 27 Stigzelius:
512 749 49 21 Med
576 749 125 26 anslutning
716 749 32 21 till
763 749 56 21 hvad
834 748 25 21 hr
873 748 95 22 Jusélius
980 748 48 27 just

198 777 86 26 yttrade
309 777 111 26 angående
445 777 123 27 tolkningen
591 777 24 21 af
635 777 154 27 förordningen
813 777 22 21 af
857 777 54 21 1868
934 777 36 21 vill
989 777 39 26 jag

196 804 114 22 framhålla
332 807 32 19 att
387 805 119 28 otydlighet
524 805 132 22 beträffande
678 805 139 28 paragrafens
833 805 134 27 tillämpning
981 805 46 21 icke

197 833 42 21 bör
255 833 160 27 ifrågakomma,
438 835 28 20 då
487 835 6 20 i
518 834 66 21 slutet
606 834 23 21 af
650 835 10 20 1
677 841 64 15 mom.
757 834 24 21 af
793 835 124 25 densamma
933 834 93 27 tydligen

197 863 65 25 säges
278 864 31 19 att
324 862 35 21 för
372 863 234 26 justitieborgmästare
621 863 40 21 och
676 863 95 25 rådman,
790 869 46 15 som
847 863 71 21 denna
927 862 102 27 paragraf

196 889 65 25 afser,
278 891 54 20 skall
349 891 55 26 gälla
420 891 111 22 enahanda
545 891 181 28 inskränkningar
740 892 7 21 i
763 891 62 22 häraf
837 891 131 27 härflytande
984 893 42 19 rät-

197 919 101 26 tigheter,
321 925 47 15 som
391 920 6 20 i
422 921 10 20 1
454 920 12 27 8
480 919 23 22 af
516 920 70 21 denna
601 919 127 28 förordning
743 920 98 27 stadgats
856 919 33 22 för
903 919 123 22 häradshöf-

197 947 58 27 ding.
286 947 82 22 Genom
392 949 64 20 dessa
478 949 39 20 ord
540 949 88 26 antydes
651 949 77 26 tydligt
750 951 32 18 att
794 949 232 26 justitieborgmästare

197 975 41 21 och
253 976 89 21 rådmän
359 978 37 19 äro
412 977 96 27 skyldige
522 979 31 19 att
569 979 96 24 mottaga
680 976 300 27 underdomarebefattningar
996 976 30 21 äf-

197 1010 41 15 ven
254 1005 7 20 i
276 1005 41 20 den
332 1005 62 25 form,
418 1012 47 15 som
480 1006 27 21 de
522 1005 85 22 komma
622 1008 32 19 att
669 1012 77 20 genom
763 1005 211 22 domstolsreformen
990 1011 32 15 er-

197 1032 62 26 hålla,
274 1033 83 21 således
373 1033 61 21 äfven
450 1034 28 26 på
492 1040 70 14 annan
578 1036 34 19 ort
627 1034 39 21 och
681 1035 49 20 med
745 1035 68 20 andra
827 1034 117 21 lönevilkor
959 1036 27 18 än
997 1034 26 21 de

196 1059 24 22 af
232 1061 49 21 dem
296 1061 115 22 innehafda
426 1062 124 27 tjänsterna.

267 1146 33 21 Hr
322 1147 143 26 Jusélius,
486 1147 91 27 August:
601 1147 50 21 Med
672 1147 116 27 anledning
808 1147 23 21 af
850 1147 25 21 hr
891 1147 131 21 Stenströms

197 1177 87 18 senaste
299 1175 109 22 uttalande
431 1176 37 21 ber
488 1176 38 27 jag
546 1178 32 19 att
593 1176 21 21 tå
629 1175 109 22 framhålla
760 1178 33 19 att
808 1175 109 22 skilnaden
934 1175 88 21 emellan

199 1203 8 20 1
226 1203 41 21 och
289 1203 14 21 3
318 1203 24 28 $$
358 1204 12 21 å
385 1210 40 15 ena
440 1205 60 20 sidan
517 1204 38 21 och
571 1205 13 20 2
599 1205 12 27 8
626 1205 11 20 &
653 1205 41 21 den
710 1205 67 21 andra
793 1206 23 19 är
831 1204 40 21 den
887 1205 37 24 att,
946 1204 76 21 medan

198 1232 10 19 1
226 1231 40 21 och
282 1232 14 20 3
312 1232 23 27 $$
351 1232 77 21 beröra
442 1233 94 25 domare,
551 1239 47 15 som
613 1235 38 19 äro
667 1233 185 27 statstjänstemän
863 1232 39 21 och
912 1233 110 26 angående

197 1259 72 22 hvilka
292 1261 55 20 1868
370 1261 36 21 års
421 1261 126 27 förordning
562 1261 33 21 för
610 1262 132 21 närvarande
759 1261 71 27 gäller,
853 1261 24 21 så
899 1261 63 20 berör
983 1261 13 20 2
1012 1261 10 27 8

198 1288 112 21 städernas
326 1289 94 22 domare.
446 1289 41 22 Om
502 1290 48 21 dem
566 1290 65 27 gäller
642 1290 46 21 icke
700 1290 54 21 1868
765 1290 36 21 års
811 1289 131 27 förordning.
969 1289 53 21 Där-

197 1315 33 22 för
246 1317 68 21 måste
330 1317 36 22 det
381 1318 7 20 i
403 1318 14 21 2
432 1318 12 27 &
459 1318 76 21 främst
554 1320 88 25 utsägas
657 1321 32 18 att
705 1319 55 20 1868
776 1319 35 20 års
827 1317 127 28 förordning
969 1317 53 22 skall

196 1345 13 20 å
224 1345 49 22 dem
289 1346 113 27 tillämpas.
439 1347 11 20 I
472 1349 11 18 1
500 1347 39 21 och
553 1347 14 20 3
583 1347 23 27 88
622 1346 101 22 behöfver
738 1347 77 21 endast
827 1347 98 26 tilläggas
940 1347 36 20 det
990 1348 32 25 yt-

197 1373 101 28 terligare
313 1374 75 26 vilkor,
410 1377 32 19 att
463 1375 137 22 innehafvare
622 1375 23 21 af
665 1376 65 21 sådan
747 1375 213 26 domarebefattning,
976 1380 46 15 som

196 1401 39 21 där
250 1404 96 24 nämnes,
362 1404 24 19 är
401 1403 85 27 skyldig
500 1405 32 19 att
546 1405 95 25 mottaga
655 1404 104 26 erbjuden
776 1410 71 14 annan
862 1403 160 27 domaretjänst,

197 1429 63 22 äfven
284 1437 35 15 om
341 1431 70 21 denna
434 1432 54 21 skall
511 1432 131 21 handhafvas
657 1432 28 27 på
700 1438 71 15 annan
787 1434 35 19 ort
837 1434 26 18 än
879 1432 37 20 där
932 1431 41 21 han
989 1431 32 21 sin

196 1458 58 32 förra
270 1458 120 28 befattning
405 1460 83 21 utöfvat
502 1460 51 21 eller
569 1462 23 19 är
607 1460 76 26 bosatt,
699 1467 49 14 men
763 1460 132 22 beträffande
910 1460 112 21 städernas

196 1488 130 25 tjänstemän
343 1490 23 19 är
381 1488 59 22 detta
456 1489 68 21 vilkor
539 1489 45 21 icke
599 1489 36 21 det
649 1489 160 26 väsentligaste.
