1086 1756
74 123 29 17 20
116 126 63 13 mars.
357 112 240 34 Sakförareföreningar.
856 113 41 21 291

73 190 74 27 grenin
160 190 23 26 ja
198 189 102 21 Bernerin
317 188 146 22 lausuntoihin
475 189 24 27 ja
511 188 109 28 hyväksyn
632 188 91 27 pykälän
734 188 59 21 2:sen
803 194 95 15 momen-

72 219 32 21 tin
120 218 175 22 semmoisenaan.

142 276 32 20 Hr
196 274 125 25 Jusölius,
342 274 96 26 August:
467 274 50 21 Med
535 274 115 26 anledning
665 273 23 21 af
700 274 25 20 hr
741 273 101 21 Berneris
856 274 42 26 ytt-

73 304 66 21 rande
156 304 38 20 ber
209 303 38 27 jag
265 302 21 22 få
301 302 57 28 gifva
374 302 103 22 tillkänna
496 304 32 20 att
540 302 38 27 jag
593 302 65 22 sedan
676 302 53 21 1897
746 302 35 21 års
796 302 103 26 landtdag

70 333 94 26 justerat
172 332 43 21 min
224 331 56 21 äsikt
287 331 32 21 till
326 332 36 20 det
370 331 75 26 bättre,
455 331 40 21 och
503 332 58 20 detta
570 331 38 21 bör
616 331 35 21 väl
658 330 46 22 icke
712 331 73 21 kunna
792 330 106 22 klandras.

142 383 33 21 Dä
196 383 63 27 ingen
282 382 23 22 af
324 382 96 22 ständets
436 382 138 21 medlemmar
591 382 72 21 vidare
678 382 94 20 önskade
787 383 57 25 yttra
860 381 38 27 sig,

73 411 132 22 förklarades
227 411 150 21 diskussionen
397 410 99 26 afslutad,
516 410 106 22 hvarefter
642 410 26 21 hr
690 410 122 22 talmannen
834 410 64 21 fram-

74 439 69 22 stälde
157 439 94 28 följande
266 439 292 27 omröstningsproposition
551 434 10 37 :

142 490 38 27 De,
205 490 74 21 hvilka
299 490 119 27 godkänna
440 490 113 21 utskottets
575 490 83 27 förslag
680 490 36 21 till
738 490 78 27 lydelse
832 490 36 27 för
884 489 15 20 2

73 526 66 14 mom.
158 520 15 19 5
188 521 21 24 $,
223 520 59 19 rösta
292 519 41 27 ja;
349 519 30 26 de,
395 519 34 20 det
443 519 46 20 icke
503 521 60 25 göra,
578 520 60 19 rösta
653 519 49 26 nej;

143 547 80 21 vinner
237 547 42 28 nej,
295 547 42 21 har
353 547 177 27 borgareständet
545 547 134 27 beträffande
694 547 57 21 detta
767 553 65 15 mom.
849 547 47 27 för-

73 578 51 19 enat
139 576 33 27 sig
189 583 34 14 om
239 576 41 21 den
295 576 71 27 första
382 576 34 21 till
432 575 144 22 betänkandet
590 576 78 27 fogade
684 576 169 21 reservationen.

141 627 166 28 Propositionen
329 627 129 21 besvarades
482 627 35 22 vid
535 627 108 21 värkstäld
658 627 99 26 votering
772 627 49 21 med
836 627 26 20 31
876 626 23 27 ja

73 656 39 21 och
135 657 25 20 31
177 656 40 27 nej,
233 655 86 22 hvarför
335 656 40 21 den
391 655 83 28 aflagda
489 656 73 21 sedeln
577 655 119 28 öppnades;
712 655 38 22 och
767 662 46 15 som
829 655 70 21 denna

71 685 93 21 innehöll
180 687 31 19 ett
226 685 41 26 nej,
281 684 143 21 antecknades
436 684 70 21 säsom
520 684 189 27 borgareständets
720 684 69 21 beslut
798 685 32 20 att
841 684 57 21 stän-

72 714 35 21 det
129 713 8 21 i
158 713 61 28 fräga
241 720 34 15 om
298 713 155 22 ofvanberörda
475 713 84 27 lagrum
578 713 84 21 förenat
677 713 33 27 sig
725 719 35 15 om
776 713 40 22 den
831 712 68 22 första

73 743 165 20 reservationen.

142 793 117 27 Angäende
273 793 12 27 $
300 793 13 21 6
328 793 71 21 anhöll

141 845 25 20 hr
181 845 93 20 Idman
291 851 34 14 om
341 845 62 20 ordet
418 844 40 21 och
472 844 93 27 yttrade:
589 844 136 21 Kuudennen
740 843 32 28 $:n
788 843 111 21 viimeisen

72 873 117 22 momentin
212 873 133 21 viimeisessä
365 873 110 21 lauseessa
494 874 109 25 sanotaan,
618 875 44 18 että
677 872 117 21 muihinkin
810 871 86 27 paikka-

73 902 83 21 kuntiin
172 902 35 21 voi
222 901 247 28 asianajajayhdistyksiä
484 904 106 25 perustaa,
604 901 34 26 jos
650 901 59 21 siellä
720 907 26 14 on
759 900 138 21 riittävästi»

75 931 92 21 sellaisia
180 930 121 26 henkilöitä,
317 931 43 20 kun
376 932 58 19 tässä
449 931 121 20 mainitaan.
600 930 96 21 Minusta
708 931 36 19 tuo
756 935 52 15 sana
820 935 79 14 oriittä-

73 959 67 21 västi»
163 959 118 26 edellyttää,
304 961 45 19 että
362 959 198 21 lakiehdotuksessa
572 958 98 27 jossakin
686 958 98 26 paikassa
800 964 26 14 on
842 959 57 19 mää-

73 989 56 25 rätty
151 988 42 20 alin
216 989 72 19 määrä
307 987 89 27 jäseniä,
417 987 52 21 mitä
492 987 118 21 tällaisessa
624 986 161 28 yhdistyksessä
800 992 37 15 saa
852 985 47 26 olla,

73 1016 30 21 tai
118 1018 43 19 että
176 1016 54 21 siinä
245 1022 28 15 on
289 1017 93 24 sanottu,
399 1015 56 22 kuka
471 1022 24 14 se
510 1022 33 20 on,
556 1015 52 27 joka
623 1015 86 21 vihdoin
718 1015 22 27 ja
750 1015 85 21 viimein
846 1016 54 19 tuon

72 1045 68 21 luvun
154 1046 91 20 määrää.
275 1044 128 22 Semmoista
417 1044 133 27 määrittelyä
565 1044 19 21 ei
599 1044 75 20 minun
686 1043 163 21 huomatakseni
862 1045 38 25 nyt

73 1073 128 21 kuitenkaan
216 1073 200 21 lakiehdotuksessa
431 1072 40 22 ole.
501 1073 95 21 Minusta
611 1072 47 21 olisi
674 1072 100 26 tärkeätä,
790 1073 44 20 että
848 1071 52 21 laki-

75 1102 156 21 ehdotuksessa
245 1102 99 20 kaikessa
359 1101 142 27 tapauksessa
516 1101 47 21 olisi
573 1101 97 21 lausuttu
680 1101 63 21 vähin
753 1100 81 21 määrin
842 1100 57 26 jäse-

73 1131 40 24 niä,
135 1131 52 20 mitä
209 1130 276 27 asianajajayhdistyksessä
501 1136 37 15 saa
550 1130 48 21 olla.
627 1130 134 20 Ehdottaisin
775 1128 124 24 sentähden,

73 1160 44 20 että
132 1160 56 20 tämä
203 1158 77 28 pykälä
294 1159 130 27 lykättäisiin
440 1158 91 22 takaisin
546 1158 151 22 valiokuntaan
714 1158 53 21 siinä
782 1157 118 25 suhteessa,

73 1189 44 20 että
139 1188 152 20 määrättäisiin
314 1189 58 19 tämä
394 1187 73 21 seikka
484 1187 97 27 jossakin
597 1186 118 28 pykälässä.
744 1186 58 21 Minä
817 1192 26 15 en
858 1186 42 20 itse

73 1216 35 21 voi
123 1216 79 21 mitään
221 1216 114 21 ehdotusta
351 1216 54 21 siinä
420 1216 113 21 suhteessa
548 1216 69 20 tehdä.
646 1216 76 25 Mutta,
737 1215 65 21 kuten
818 1214 82 26 sanoin,

73 1245 85 27 pitäisin
174 1244 105 26 tärkeänä,
296 1246 44 20 että
352 1244 53 27 joku
421 1244 42 21 alin
479 1246 72 19 määrä
566 1244 48 21 olisi
629 1244 102 27 säädetty.

142 1302 33 21 Hr
197 1302 134 25 Jusö6lius,
353 1302 95 26 August:
479 1302 50 21 Med
547 1301 114 27 anledning
676 1300 23 22 af
716 1300 24 22 hr
755 1301 88 21 Idmans
858 1301 42 25 ytt-

73 1331 66 21 rande
153 1331 39 21 ber
204 1330 39 27 jag
257 1330 20 21 få
293 1330 111 21 framhålla
424 1332 32 19 att
472 1330 32 21 uti
519 1330 14 20 4
548 1330 10 27 $
574 1329 22 21 af
610 1329 104 27 förslaget
729 1329 31 21 till
771 1328 129 27 kungörelse

73 1360 95 26 stadgas:
200 1360 43 20 »På
265 1360 94 20 årsmöte
376 1359 8 21 i
402 1359 113 21 december
538 1361 59 18 utser
619 1358 125 26 föreningen
767 1357 63 21 bland
854 1356 47 21 sina

73 1388 138 21 medlemmar
227 1394 75 20 genom
319 1388 34 20 val
368 1388 49 20 med
433 1387 73 21 slutna
521 1387 69 21 sedlar
605 1387 66 21 minst
686 1386 41 21 fem
740 1386 39 21 och
792 1386 64 26 högst
866 1385 34 27 sju

72 1417 117 21 ledamöter
205 1418 56 19 samt
275 1416 76 27 nödigt
365 1416 57 21 antal
439 1416 139 26 suppleanter
593 1416 7 20 i
616 1415 168 21 saktörarerådet
799 1414 32 21 för
842 1415 58 19 näst-

73 1445 92 27 följande
183 1445 131 25 kalenderår,
330 1444 110 22 äfvensom
456 1445 38 20 två
508 1444 106 21 revisorer
629 1443 32 21 för
678 1443 130 27 granskning
823 1442 23 21 af
858 1442 42 21 för-

73 1474 104 26 eningens
201 1473 144 26 räkenskaper
367 1472 33 21 för
423 1473 36 20 det
477 1473 91 26 löpande
583 1473 65 20 året».
678 1471 68 22 Däraf
758 1471 94 26 framgår
868 1470 32 21 sä-

73 1501 66 22 lunda
157 1503 31 20 att
209 1501 80 21 antalet
305 1501 115 23 sakförare,
437 1507 47 15 som
501 1501 68 21 måste
584 1500 68 21 finnas
668 1500 32 21 för
715 1502 31 19 att
761 1506 26 15 en
803 1498 99 27 förening
