1086 1764
184 100 44 22 378
391 109 112 20 Justering
515 109 24 16 af
548 109 243 21 ständerexpeditioner.
927 109 13 17 3
952 109 62 21 april

221 187 341 26 EXPEDITIONSUTSKOTTET.

305 264 180 16 HELSINGFORS

283 299 33 17 den
332 299 26 17 29
375 305 51 11 mars
446 300 55 17 1900.

360 367 36 17 N:o
408 368 16 17 3.

627 283 41 21 Till
683 282 107 27 vällofliga
803 282 181 28 borgareständet.

253 448 247 27 Expeditionsutskottet
522 449 38 21 har
582 451 50 19 äran
649 450 77 20 härhos
743 449 31 21 till
791 449 106 27 vällofliga
912 450 99 24 borgare-

183 476 87 22 ståndet
292 476 130 23 öfverlämna
446 478 81 26 förslag
541 478 32 21 till
589 478 144 27 underdänipa
752 478 186 21 svarsskrifvelser
953 478 6 20 i
974 482 37 16 an-

183 505 89 27 ledning
287 505 22 21 af
322 505 77 28 nädiga
411 507 188 27 propositionerna

254 540 34 15 n:o
303 534 14 21 4
332 535 110 26 angående
465 536 97 26 grunden
581 535 33 21 för
629 534 199 28 tolagsafgiftens
844 534 166 26 beräknande;

253 569 35 15 n:o
302 563 14 21 5
332 569 34 15 om
382 564 80 21 ändrad
478 564 79 27 lydelse
573 564 22 21 af
609 564 104 21 särskilda
726 563 126 28 paragrafer
862 564 7 20 i
881 564 77 26 nådiga
970 563 40 21 för-

182 592 121 26 ordningen
319 591 22 21 af
355 592 39 21 den
419 593 27 21 10
465 592 40 27 maj
531 593 55 21 1886
608 593 110 26 angående
740 592 170 28 bankrörelse,
930 598 45 15 som
990 592 23 21 af

183 620 65 27 bolag
262 620 70 26 idkas;
348 623 55 19 samt

254 655 34 16 n:o
304 649 12 21 8
332 650 110 27 angående
457 650 140 27 bevillning
611 650 40 22 för
667 650 122 28 spelkort:

253 677 110 22 äfvensom
378 679 8 20 i
400 679 116 26 anledning
531 679 22 21 af
566 679 268 27 petitionsbetänkandena

254 713 34 15 n:o
312 707 13 21 2
349 713 33 15 om
408 707 231 28 privatskollärares
666 707 46 23 och
734 707 141 22 lärarinnas
898 707 50 22 rätt
970 706 41 23 till

183 735 271 28 tjänsteärsberäkning
470 736 40 21 vid
527 736 133 28 öfvergäng
675 737 41 21 till
731 736 94 21 statens
841 736 88 27 tjänst;

254 770 34 15 n:o
304 765 13 20 3
333 771 34 14 om
390 765 191 22 underlättande
597 765 28 22 af
638 766 65 27 post-
724 764 48 23 och
787 763 224 29 passageraretrafi-

183 791 48 23 ken
248 793 105 22 emellan
369 793 63 22 fasta
455 793 84 22 landet
554 793 46 22 och
616 786 84 34 Åland;
717 795 56 20 samt

253 828 34 14 n:o
303 822 13 21 6
332 827 38 16 om
386 823 51 20 rätt
452 821 40 22 för
506 821 92 22 kvinna
613 823 45 26 att,
674 823 60 21 utan
749 821 92 22 hinder
855 821 28 22 af
895 821 44 22 sitt
954 821 56 28 kön,

184 849 85 22 utöfva
285 850 213 27 apotekareyrket,

253 879 126 21 anhällande
401 885 34 15 om
458 881 32 19 att
512 879 63 21 dessa
596 879 81 27 förslag
699 879 66 21 mätte
788 879 142 21 underkastas
948 879 62 21 den
998 875 16 35 i

183 907 23 20 1.
222 907 26 21 O.
264 907 11 27 $
291 907 26 21 78
333 907 127 22 föreskrifna
472 908 114 27 justering.

252 935 76 22 Tillika
344 936 89 21 utbeder
456 937 34 26 sig
512 937 240 26 expeditionsutskottet
767 938 32 19 att
813 935 22 22 få
850 936 40 21 hos
905 935 105 28 vällotliga

182 964 180 27 borgareständet
382 965 84 20 anmäla
486 967 32 19 att
541 965 106 21 utskottet
669 965 90 27 vidtagit
782 964 76 27 åtgärd
877 965 7 20 i
903 963 54 28 syfte
979 966 30 19 att

183 993 128 21 ständernas
328 993 184 27 landtdagsbeslut
528 994 65 21 måtte
607 996 112 25 nppsättas
734 993 33 21 för
783 993 74 27 hvarje
867 993 78 21 ärende
956 998 54 16 sam-

182 1021 63 27 tidigt
260 1021 49 21 med
324 1021 41 21 den
381 1022 145 27 underdäniga
542 1022 126 21 skrifvelsen
684 1023 7 20 i
706 1024 72 19 ämnet
793 1021 34 22 för
842 1023 37 24 att,
890 1021 120 22 äfvenledes

182 1049 54 22 efter
252 1050 62 24 hand,
332 1050 139 21 underkastas
484 1051 114 26 justering.

460 1108 31 20 Pä
506 1108 117 21 utskottets
644 1110 88 24 vägnar:

502 1153 26 21 E.
547 1154 23 20 G.
593 1153 98 21 Palmén.

790 1204 21 21 T.
828 1204 114 27 Järnefelt.

252 1261 32 21 På
305 1261 81 27 förslag
407 1262 22 20 af
450 1262 24 20 hr
497 1258 96 24 Öhman
617 1261 44 22 blef
681 1262 90 21 ärendet
794 1261 114 27 bordlagdt
929 1261 31 21 till
976 1263 36 19 nä-

182 1291 34 19 sta
232 1290 94 26 plenum.
536 1305 3 2 N

252 1403 42 21 Till
310 1406 62 19 nästa
387 1404 86 27 plenum
490 1404 113 22 bordlades
616 1404 90 27 jämväl:

251 1460 154 27 lagutskottets
427 1461 80 27 förslag
528 1462 32 20 till
576 1462 209 27 sammanjämkning
800 1460 23 22 af
837 1461 102 21 ståndens
954 1460 58 26 skilj-

182 1488 74 28 aktiga
279 1489 72 21 beslut
372 1490 35 20 vid
430 1490 156 27 behandlingen
601 1490 23 21 af
637 1490 117 21 utskottets
779 1489 134 21 betänkande
928 1495 34 15 :n:o
978 1488 13 22 8
1006 1489 7 20 i
