<?xml version="1.0" encoding="UTF-8"?>
<alto xmlns="http://www.loc.gov/standards/alto/ns-v3#" xmlns:xlink="http://www.w3.org/1999/xlink" xmlns:xsi="http://www.w3.org/2001/XMLSchema-instance" xsi:schemaLocation="http://www.loc.gov/standards/alto/ns-v3# http://www.loc.gov/alto/v3/alto-3-0.xsd">
	<Description>
		<MeasurementUnit>pixel</MeasurementUnit>
		<sourceImageInformation>
			<fileName>/tmp/tess_9enxvfxn_input.PNG</fileName>
		</sourceImageInformation>
		<OCRProcessing ID="OCR_0">
			<ocrProcessingStep>
				<processingSoftware>
					<softwareName>tesseract 5.3.4</softwareName>
				</processingSoftware>
			</ocrProcessingStep>
		</OCRProcessing>
	</Description>
	<Layout>
		<Page WIDTH="1086" HEIGHT="1745" PHYSICAL_IMG_NR="0" ID="page_0">
			<PrintSpace HPOS="0" VPOS="0" WIDTH="1086" HEIGHT="1745">
				<ComposedBlock ID="cblock_0" HPOS="188" VPOS="99" WIDTH="825" HEIGHT="30">
					<TextBlock ID="block_0" HPOS="188" VPOS="99" WIDTH="825" HEIGHT="30">
						<TextLine ID="line_0" HPOS="188" VPOS="99" WIDTH="825" HEIGHT="30">
							<String ID="string_0" HPOS="188" VPOS="99" WIDTH="29" HEIGHT="21" WC="0.96" CONTENT="86"/><SP WIDTH="234" VPOS="99" HPOS="217"/>
							<String ID="string_1" HPOS="451" VPOS="107" WIDTH="82" HEIGHT="21" WC="0.95" CONTENT="Anslag"/><SP WIDTH="11" VPOS="107" HPOS="533"/>
							<String ID="string_2" HPOS="544" VPOS="107" WIDTH="33" HEIGHT="18" WC="0.96" CONTENT="för"/><SP WIDTH="11" VPOS="107" HPOS="577"/>
							<String ID="string_3" HPOS="588" VPOS="108" WIDTH="164" HEIGHT="21" WC="0.96" CONTENT="folkhögskolor."/><SP WIDTH="170" VPOS="108" HPOS="752"/>
							<String ID="string_4" HPOS="922" VPOS="109" WIDTH="26" HEIGHT="17" WC="0.96" CONTENT="10"/><SP WIDTH="12" VPOS="109" HPOS="948"/>
							<String ID="string_5" HPOS="960" VPOS="109" WIDTH="53" HEIGHT="17" WC="0.96" CONTENT="febr."/>
						</TextLine>
					</TextBlock>
				</ComposedBlock>
				<ComposedBlock ID="cblock_1" HPOS="395" VPOS="175" WIDTH="619" HEIGHT="85">
					<TextBlock ID="block_1" HPOS="395" VPOS="175" WIDTH="619" HEIGHT="85">
						<TextLine ID="line_1" HPOS="395" VPOS="175" WIDTH="619" HEIGHT="27">
							<String ID="string_6" HPOS="395" VPOS="175" WIDTH="121" HEIGHT="27" WC="0.90" CONTENT="nomföras,"/><SP WIDTH="19" VPOS="175" HPOS="516"/>
							<String ID="string_7" HPOS="535" VPOS="176" WIDTH="39" HEIGHT="21" WC="0.96" CONTENT="och"/><SP WIDTH="18" VPOS="176" HPOS="574"/>
							<String ID="string_8" HPOS="592" VPOS="176" WIDTH="36" HEIGHT="21" WC="0.93" CONTENT="till"/><SP WIDTH="19" VPOS="176" HPOS="628"/>
							<String ID="string_9" HPOS="647" VPOS="177" WIDTH="260" HEIGHT="21" WC="0.79" CONTENT="nästsammanträdande"/><SP WIDTH="16" VPOS="177" HPOS="907"/>
							<String ID="string_10" HPOS="923" VPOS="177" WIDTH="91" HEIGHT="21" WC="0.96" CONTENT="ständer"/>
						</TextLine>
						<TextLine ID="line_2" HPOS="395" VPOS="203" WIDTH="618" HEIGHT="30">
							<String ID="string_11" HPOS="395" VPOS="203" WIDTH="125" HEIGHT="28" WC="0.95" CONTENT="framlägga"/><SP WIDTH="14" VPOS="203" HPOS="520"/>
							<String ID="string_12" HPOS="534" VPOS="204" WIDTH="84" HEIGHT="28" WC="0.96" CONTENT="förslag"/><SP WIDTH="16" VPOS="204" HPOS="618"/>
							<String ID="string_13" HPOS="634" VPOS="211" WIDTH="35" HEIGHT="14" WC="0.96" CONTENT="om"/><SP WIDTH="15" VPOS="211" HPOS="669"/>
							<String ID="string_14" HPOS="684" VPOS="205" WIDTH="119" HEIGHT="28" WC="0.95" CONTENT="införande"/><SP WIDTH="14" VPOS="205" HPOS="803"/>
							<String ID="string_15" HPOS="817" VPOS="205" WIDTH="30" HEIGHT="28" WC="0.96" CONTENT="af"/><SP WIDTH="10" VPOS="205" HPOS="847"/>
							<String ID="string_16" HPOS="857" VPOS="212" WIDTH="27" HEIGHT="14" WC="0.96" CONTENT="en"/><SP WIDTH="15" VPOS="212" HPOS="884"/>
							<String ID="string_17" HPOS="899" VPOS="205" WIDTH="59" HEIGHT="27" WC="0.93" CONTENT="dylik"/><SP WIDTH="9" VPOS="205" HPOS="958"/>
							<String ID="string_18" HPOS="967" VPOS="205" WIDTH="46" HEIGHT="28" WC="0.93" CONTENT="för-"/>
						</TextLine>
						<TextLine ID="line_3" HPOS="395" VPOS="232" WIDTH="97" HEIGHT="28">
							<String ID="string_19" HPOS="395" VPOS="232" WIDTH="97" HEIGHT="28" WC="0.96" CONTENT="säkring."/>
						</TextLine>
					</TextBlock>
				</ComposedBlock>
				<ComposedBlock ID="cblock_2" HPOS="258" VPOS="288" WIDTH="409" HEIGHT="28">
					<TextBlock ID="block_2" HPOS="258" VPOS="288" WIDTH="409" HEIGHT="28">
						<TextLine ID="line_4" HPOS="258" VPOS="288" WIDTH="409" HEIGHT="28">
							<String ID="string_20" HPOS="258" VPOS="288" WIDTH="136" HEIGHT="28" WC="0.95" CONTENT="Helsingfors"/><SP WIDTH="16" VPOS="288" HPOS="394"/>
							<String ID="string_21" HPOS="410" VPOS="289" WIDTH="41" HEIGHT="22" WC="0.96" CONTENT="den"/><SP WIDTH="16" VPOS="289" HPOS="451"/>
							<String ID="string_22" HPOS="467" VPOS="290" WIDTH="13" HEIGHT="21" WC="0.96" CONTENT="9"/><SP WIDTH="15" VPOS="290" HPOS="480"/>
							<String ID="string_23" HPOS="495" VPOS="289" WIDTH="94" HEIGHT="22" WC="0.96" CONTENT="februari"/><SP WIDTH="17" VPOS="289" HPOS="589"/>
							<String ID="string_24" HPOS="606" VPOS="291" WIDTH="61" HEIGHT="21" WC="0.96" CONTENT="1900."/>
						</TextLine>
					</TextBlock>
				</ComposedBlock>
				<ComposedBlock ID="cblock_3" HPOS="732" VPOS="347" WIDTH="210" HEIGHT="22">
					<TextBlock ID="block_3" HPOS="732" VPOS="347" WIDTH="210" HEIGHT="22">
						<TextLine ID="line_5" HPOS="732" VPOS="347" WIDTH="210" HEIGHT="22">
							<String ID="string_25" HPOS="732" VPOS="347" WIDTH="63" HEIGHT="22" WC="0.94" CONTENT="Emil"/><SP WIDTH="17" VPOS="347" HPOS="795"/>
							<String ID="string_26" HPOS="812" VPOS="348" WIDTH="130" HEIGHT="21" WC="0.96" CONTENT="Tötterman."/>
						</TextLine>
					</TextBlock>
				</ComposedBlock>
				<ComposedBlock ID="cblock_4" HPOS="188" VPOS="414" WIDTH="824" HEIGHT="52">
					<TextBlock ID="block_4" HPOS="188" VPOS="414" WIDTH="824" HEIGHT="52">
						<TextLine ID="line_6" HPOS="257" VPOS="414" WIDTH="755" HEIGHT="29">
							<String ID="string_27" HPOS="257" VPOS="414" WIDTH="11" HEIGHT="21" WC="0.95" CONTENT="I"/><SP WIDTH="19" VPOS="414" HPOS="268"/>
							<String ID="string_28" HPOS="287" VPOS="414" WIDTH="93" HEIGHT="27" WC="0.96" CONTENT="enlighet"/><SP WIDTH="20" VPOS="414" HPOS="380"/>
							<String ID="string_29" HPOS="400" VPOS="415" WIDTH="49" HEIGHT="21" WC="0.93" CONTENT="med"/><SP WIDTH="18" VPOS="415" HPOS="449"/>
							<String ID="string_30" HPOS="467" VPOS="416" WIDTH="153" HEIGHT="26" WC="0.93" CONTENT="petitionärens"/><SP WIDTH="16" VPOS="416" HPOS="620"/>
							<String ID="string_31" HPOS="636" VPOS="416" WIDTH="98" HEIGHT="21" WC="0.92" CONTENT="anhällan"/><SP WIDTH="15" VPOS="416" HPOS="734"/>
							<String ID="string_32" HPOS="749" VPOS="416" WIDTH="45" HEIGHT="21" WC="0.93" CONTENT="blef"/><SP WIDTH="13" VPOS="416" HPOS="794"/>
							<String ID="string_33" HPOS="807" VPOS="416" WIDTH="205" HEIGHT="27" WC="0.92" CONTENT="petitionsförslaget"/>
						</TextLine>
						<TextLine ID="line_7" HPOS="188" VPOS="442" WIDTH="516" HEIGHT="24">
							<String ID="string_34" HPOS="188" VPOS="442" WIDTH="134" HEIGHT="22" WC="0.92" CONTENT="remitteradt"/><SP WIDTH="15" VPOS="442" HPOS="322"/>
							<String ID="string_35" HPOS="337" VPOS="442" WIDTH="31" HEIGHT="22" WC="0.96" CONTENT="till"/><SP WIDTH="15" VPOS="442" HPOS="368"/>
							<String ID="string_36" HPOS="383" VPOS="443" WIDTH="106" HEIGHT="22" WC="0.92" CONTENT="allmänna"/><SP WIDTH="15" VPOS="443" HPOS="489"/>
							<String ID="string_37" HPOS="504" VPOS="444" WIDTH="200" HEIGHT="22" WC="0.90" CONTENT="besvärsutskottet."/>
						</TextLine>
					</TextBlock>
				</ComposedBlock>
				<ComposedBlock ID="cblock_5" HPOS="187" VPOS="608" WIDTH="826" HEIGHT="57">
					<TextBlock ID="block_5" HPOS="187" VPOS="608" WIDTH="826" HEIGHT="57">
						<TextLine ID="line_8" HPOS="257" VPOS="608" WIDTH="756" HEIGHT="29">
							<String ID="string_38" HPOS="257" VPOS="608" WIDTH="30" HEIGHT="21" WC="0.96" CONTENT="Af"/><SP WIDTH="13" VPOS="608" HPOS="287"/>
							<String ID="string_39" HPOS="300" VPOS="609" WIDTH="25" HEIGHT="20" WC="0.96" CONTENT="hr"/><SP WIDTH="15" VPOS="609" HPOS="325"/>
							<String ID="string_40" HPOS="340" VPOS="609" WIDTH="146" HEIGHT="22" WC="0.96" CONTENT="Tötterman"/><SP WIDTH="15" VPOS="609" HPOS="486"/>
							<String ID="string_41" HPOS="501" VPOS="609" WIDTH="54" HEIGHT="22" WC="0.96" CONTENT="hade"/><SP WIDTH="16" VPOS="609" HPOS="555"/>
							<String ID="string_42" HPOS="571" VPOS="609" WIDTH="73" HEIGHT="22" WC="0.93" CONTENT="vidare"/><SP WIDTH="15" VPOS="609" HPOS="644"/>
							<String ID="string_43" HPOS="659" VPOS="610" WIDTH="113" HEIGHT="21" WC="0.91" CONTENT="inlämnats"/><SP WIDTH="15" VPOS="610" HPOS="772"/>
							<String ID="string_44" HPOS="787" VPOS="612" WIDTH="31" HEIGHT="19" WC="0.93" CONTENT="ett"/><SP WIDTH="12" VPOS="612" HPOS="818"/>
							<String ID="string_45" HPOS="830" VPOS="610" WIDTH="183" HEIGHT="27" WC="0.92" CONTENT="petitionsmemo-"/>
						</TextLine>
						<TextLine ID="line_9" HPOS="187" VPOS="637" WIDTH="322" HEIGHT="28">
							<String ID="string_46" HPOS="187" VPOS="637" WIDTH="45" HEIGHT="26" WC="0.91" CONTENT="rial,"/><SP WIDTH="15" VPOS="637" HPOS="232"/>
							<String ID="string_47" HPOS="247" VPOS="637" WIDTH="91" HEIGHT="27" WC="0.91" CONTENT="lydande"/><SP WIDTH="16" VPOS="637" HPOS="338"/>
							<String ID="string_48" HPOS="354" VPOS="638" WIDTH="70" HEIGHT="21" WC="0.92" CONTENT="säsom"/><SP WIDTH="16" VPOS="638" HPOS="424"/>
							<String ID="string_49" HPOS="440" VPOS="637" WIDTH="69" HEIGHT="28" WC="0.96" CONTENT="följer:"/>
						</TextLine>
					</TextBlock>
				</ComposedBlock>
				<ComposedBlock ID="cblock_6" HPOS="423" VPOS="723" WIDTH="360" HEIGHT="28">
					<TextBlock ID="block_6" HPOS="423" VPOS="723" WIDTH="360" HEIGHT="28">
						<TextLine ID="line_10" HPOS="423" VPOS="723" WIDTH="360" HEIGHT="28">
							<String ID="string_50" HPOS="423" VPOS="723" WIDTH="40" HEIGHT="22" WC="0.93" CONTENT="Till"/><SP WIDTH="16" VPOS="723" HPOS="463"/>
							<String ID="string_51" HPOS="479" VPOS="723" WIDTH="106" HEIGHT="28" WC="0.92" CONTENT="vällofliga"/><SP WIDTH="15" VPOS="723" HPOS="585"/>
							<String ID="string_52" HPOS="600" VPOS="724" WIDTH="183" HEIGHT="27" WC="0.92" CONTENT="borgareständet."/>
						</TextLine>
					</TextBlock>
				</ComposedBlock>
				<ComposedBlock ID="cblock_7" HPOS="185" VPOS="779" WIDTH="830" HEIGHT="734">
					<TextBlock ID="block_7" HPOS="187" VPOS="779" WIDTH="826" HEIGHT="227">
						<TextLine ID="line_11" HPOS="257" VPOS="779" WIDTH="756" HEIGHT="29">
							<String ID="string_53" HPOS="257" VPOS="779" WIDTH="105" HEIGHT="22" WC="0.91" CONTENT="Behofvet"/><SP WIDTH="23" VPOS="779" HPOS="362"/>
							<String ID="string_54" HPOS="385" VPOS="780" WIDTH="23" HEIGHT="21" WC="0.93" CONTENT="af"/><SP WIDTH="20" VPOS="780" HPOS="408"/>
							<String ID="string_55" HPOS="428" VPOS="781" WIDTH="169" HEIGHT="26" WC="0.92" CONTENT="upplysningens"/><SP WIDTH="16" VPOS="781" HPOS="597"/>
							<String ID="string_56" HPOS="613" VPOS="781" WIDTH="114" HEIGHT="27" WC="0.92" CONTENT="spridande"/><SP WIDTH="15" VPOS="781" HPOS="727"/>
							<String ID="string_57" HPOS="742" VPOS="781" WIDTH="32" HEIGHT="21" WC="0.96" CONTENT="till"/><SP WIDTH="15" VPOS="781" HPOS="774"/>
							<String ID="string_58" HPOS="789" VPOS="782" WIDTH="24" HEIGHT="20" WC="0.97" CONTENT="sä"/><SP WIDTH="15" VPOS="782" HPOS="813"/>
							<String ID="string_59" HPOS="828" VPOS="782" WIDTH="49" HEIGHT="21" WC="0.96" CONTENT="vida"/><SP WIDTH="16" VPOS="782" HPOS="877"/>
							<String ID="string_60" HPOS="893" VPOS="781" WIDTH="38" HEIGHT="22" WC="0.93" CONTENT="och"/><SP WIDTH="16" VPOS="781" HPOS="931"/>
							<String ID="string_61" HPOS="947" VPOS="781" WIDTH="66" HEIGHT="27" WC="0.93" CONTENT="djupa"/>
						</TextLine>
						<TextLine ID="line_12" HPOS="187" VPOS="807" WIDTH="825" HEIGHT="29">
							<String ID="string_62" HPOS="187" VPOS="808" WIDTH="59" HEIGHT="27" WC="0.96" CONTENT="lager"/><SP WIDTH="22" VPOS="808" HPOS="246"/>
							<String ID="string_63" HPOS="268" VPOS="807" WIDTH="23" HEIGHT="22" WC="0.93" CONTENT="af"/><SP WIDTH="18" VPOS="807" HPOS="291"/>
							<String ID="string_64" HPOS="309" VPOS="809" WIDTH="48" HEIGHT="20" WC="0.93" CONTENT="värt"/><SP WIDTH="22" VPOS="809" HPOS="357"/>
							<String ID="string_65" HPOS="379" VPOS="809" WIDTH="44" HEIGHT="21" WC="0.96" CONTENT="folk"/><SP WIDTH="23" VPOS="809" HPOS="423"/>
							<String ID="string_66" HPOS="446" VPOS="815" WIDTH="46" HEIGHT="15" WC="0.96" CONTENT="som"/><SP WIDTH="20" VPOS="815" HPOS="492"/>
							<String ID="string_67" HPOS="512" VPOS="809" WIDTH="82" HEIGHT="27" WC="0.96" CONTENT="möjligt"/><SP WIDTH="17" VPOS="809" HPOS="594"/>
							<String ID="string_68" HPOS="611" VPOS="809" WIDTH="39" HEIGHT="22" WC="0.96" CONTENT="har"/><SP WIDTH="21" VPOS="809" HPOS="650"/>
							<String ID="string_69" HPOS="671" VPOS="810" WIDTH="68" HEIGHT="21" WC="0.93" CONTENT="under"/><SP WIDTH="17" VPOS="810" HPOS="739"/>
							<String ID="string_70" HPOS="756" VPOS="812" WIDTH="87" HEIGHT="19" WC="0.92" CONTENT="senaste"/><SP WIDTH="18" VPOS="812" HPOS="843"/>
							<String ID="string_71" HPOS="861" VPOS="810" WIDTH="31" HEIGHT="21" WC="0.93" CONTENT="tid"/><SP WIDTH="15" VPOS="810" HPOS="892"/>
							<String ID="string_72" HPOS="907" VPOS="809" WIDTH="105" HEIGHT="22" WC="0.92" CONTENT="mähända"/>
						</TextLine>
						<TextLine ID="line_13" HPOS="187" VPOS="837" WIDTH="826" HEIGHT="28">
							<String ID="string_73" HPOS="187" VPOS="837" WIDTH="84" HEIGHT="21" WC="0.92" CONTENT="klarare"/><SP WIDTH="15" VPOS="837" HPOS="271"/>
							<String ID="string_74" HPOS="286" VPOS="839" WIDTH="26" HEIGHT="18" WC="0.93" CONTENT="än"/><SP WIDTH="16" VPOS="839" HPOS="312"/>
							<String ID="string_75" HPOS="328" VPOS="837" WIDTH="105" HEIGHT="27" WC="0.92" CONTENT="nägonsin"/><SP WIDTH="16" VPOS="837" HPOS="433"/>
							<String ID="string_76" HPOS="449" VPOS="837" WIDTH="58" HEIGHT="22" WC="0.93" CONTENT="förut"/><SP WIDTH="14" VPOS="837" HPOS="507"/>
							<String ID="string_77" HPOS="521" VPOS="838" WIDTH="58" HEIGHT="21" WC="0.92" CONTENT="trädt"/><SP WIDTH="14" VPOS="838" HPOS="579"/>
							<String ID="string_78" HPOS="593" VPOS="838" WIDTH="7" HEIGHT="21" WC="0.96" CONTENT="i"/><SP WIDTH="16" VPOS="838" HPOS="600"/>
							<String ID="string_79" HPOS="616" VPOS="838" WIDTH="68" HEIGHT="27" WC="0.96" CONTENT="dagen"/><SP WIDTH="16" VPOS="838" HPOS="684"/>
							<String ID="string_80" HPOS="700" VPOS="838" WIDTH="39" HEIGHT="21" WC="0.96" CONTENT="hos"/><SP WIDTH="16" VPOS="838" HPOS="739"/>
							<String ID="string_81" HPOS="755" VPOS="845" WIDTH="42" HEIGHT="14" WC="0.96" CONTENT="oss."/><SP WIDTH="25" VPOS="845" HPOS="797"/>
							<String ID="string_82" HPOS="822" VPOS="839" WIDTH="43" HEIGHT="20" WC="0.96" CONTENT="Det"/><SP WIDTH="15" VPOS="839" HPOS="865"/>
							<String ID="string_83" HPOS="880" VPOS="840" WIDTH="23" HEIGHT="19" WC="0.96" CONTENT="är"/><SP WIDTH="9" VPOS="840" HPOS="903"/>
							<String ID="string_84" HPOS="912" VPOS="838" WIDTH="25" HEIGHT="27" WC="0.93" CONTENT="ju"/><SP WIDTH="11" VPOS="838" HPOS="937"/>
							<String ID="string_85" HPOS="948" VPOS="838" WIDTH="65" HEIGHT="22" WC="0.92" CONTENT="ocksä"/>
						</TextLine>
						<TextLine ID="line_14" HPOS="187" VPOS="865" WIDTH="825" HEIGHT="28">
							<String ID="string_86" HPOS="187" VPOS="865" WIDTH="178" HEIGHT="27" WC="0.92" CONTENT="hufvudsakligen"/><SP WIDTH="18" VPOS="865" HPOS="365"/>
							<String ID="string_87" HPOS="383" VPOS="866" WIDTH="96" HEIGHT="26" WC="0.91" CONTENT="bildning"/><SP WIDTH="17" VPOS="866" HPOS="479"/>
							<String ID="string_88" HPOS="496" VPOS="866" WIDTH="40" HEIGHT="21" WC="0.96" CONTENT="och"/><SP WIDTH="14" VPOS="866" HPOS="536"/>
							<String ID="string_89" HPOS="550" VPOS="867" WIDTH="128" HEIGHT="26" WC="0.96" CONTENT="kunskaper,"/><SP WIDTH="16" VPOS="867" HPOS="678"/>
							<String ID="string_90" HPOS="694" VPOS="873" WIDTH="46" HEIGHT="15" WC="0.93" CONTENT="som"/><SP WIDTH="16" VPOS="873" HPOS="740"/>
							<String ID="string_91" HPOS="756" VPOS="867" WIDTH="118" HEIGHT="21" WC="0.90" CONTENT="bestämma"/><SP WIDTH="13" VPOS="867" HPOS="874"/>
							<String ID="string_92" HPOS="887" VPOS="867" WIDTH="125" HEIGHT="21" WC="0.92" CONTENT="klasskilna-"/>
						</TextLine>
						<TextLine ID="line_15" HPOS="188" VPOS="894" WIDTH="824" HEIGHT="28">
							<String ID="string_93" HPOS="188" VPOS="894" WIDTH="47" HEIGHT="23" WC="0.96" CONTENT="den,"/><SP WIDTH="23" VPOS="894" HPOS="235"/>
							<String ID="string_94" HPOS="258" VPOS="894" WIDTH="39" HEIGHT="20" WC="0.93" CONTENT="och"/><SP WIDTH="23" VPOS="894" HPOS="297"/>
							<String ID="string_95" HPOS="320" VPOS="894" WIDTH="81" HEIGHT="21" WC="0.91" CONTENT="bristen"/><SP WIDTH="21" VPOS="894" HPOS="401"/>
							<String ID="string_96" HPOS="422" VPOS="894" WIDTH="65" HEIGHT="26" WC="0.92" CONTENT="däraf,"/><SP WIDTH="15" VPOS="894" HPOS="487"/>
							<String ID="string_97" HPOS="502" VPOS="901" WIDTH="46" HEIGHT="14" WC="0.96" CONTENT="som"/><SP WIDTH="17" VPOS="901" HPOS="548"/>
							<String ID="string_98" HPOS="565" VPOS="896" WIDTH="38" HEIGHT="25" WC="0.96" CONTENT="gör"/><SP WIDTH="15" VPOS="896" HPOS="603"/>
							<String ID="string_99" HPOS="618" VPOS="896" WIDTH="31" HEIGHT="20" WC="0.93" CONTENT="att"/><SP WIDTH="15" VPOS="896" HPOS="649"/>
							<String ID="string_100" HPOS="664" VPOS="895" WIDTH="62" HEIGHT="25" WC="0.92" CONTENT="läror,"/><SP WIDTH="15" VPOS="895" HPOS="726"/>
							<String ID="string_101" HPOS="741" VPOS="894" WIDTH="109" HEIGHT="28" WC="0.93" CONTENT="fiendtliga"/><SP WIDTH="15" VPOS="894" HPOS="850"/>
							<String ID="string_102" HPOS="865" VPOS="897" WIDTH="45" HEIGHT="19" WC="0.96" CONTENT="mot"/><SP WIDTH="16" VPOS="897" HPOS="910"/>
							<String ID="string_103" HPOS="926" VPOS="895" WIDTH="35" HEIGHT="21" WC="0.93" CONTENT="det"/><SP WIDTH="16" VPOS="895" HPOS="961"/>
							<String ID="string_104" HPOS="977" VPOS="895" WIDTH="35" HEIGHT="21" WC="0.92" CONTENT="be-"/>
						</TextLine>
						<TextLine ID="line_16" HPOS="188" VPOS="922" WIDTH="824" HEIGHT="28">
							<String ID="string_105" HPOS="188" VPOS="922" WIDTH="88" HEIGHT="21" WC="0.96" CONTENT="stående"/><SP WIDTH="16" VPOS="922" HPOS="276"/>
							<String ID="string_106" HPOS="292" VPOS="922" WIDTH="39" HEIGHT="21" WC="0.95" CONTENT="och"/><SP WIDTH="15" VPOS="922" HPOS="331"/>
							<String ID="string_107" HPOS="346" VPOS="925" WIDTH="45" HEIGHT="19" WC="0.93" CONTENT="mot"/><SP WIDTH="15" VPOS="925" HPOS="391"/>
							<String ID="string_108" HPOS="406" VPOS="922" WIDTH="83" HEIGHT="22" WC="0.96" CONTENT="landets"/><SP WIDTH="16" VPOS="922" HPOS="489"/>
							<String ID="string_109" HPOS="505" VPOS="923" WIDTH="64" HEIGHT="27" WC="0.95" CONTENT="lugna"/><SP WIDTH="15" VPOS="923" HPOS="569"/>
							<String ID="string_110" HPOS="584" VPOS="923" WIDTH="126" HEIGHT="27" WC="0.96" CONTENT="utveckling,"/><SP WIDTH="10" VPOS="923" HPOS="710"/>
							<String ID="string_111" HPOS="720" VPOS="923" WIDTH="73" HEIGHT="21" WC="0.93" CONTENT="kunna"/><SP WIDTH="11" VPOS="923" HPOS="793"/>
							<String ID="string_112" HPOS="804" VPOS="924" WIDTH="83" HEIGHT="26" WC="0.95" CONTENT="spridas"/><SP WIDTH="12" VPOS="924" HPOS="887"/>
							<String ID="string_113" HPOS="899" VPOS="924" WIDTH="37" HEIGHT="20" WC="0.93" CONTENT="och"/><SP WIDTH="12" VPOS="924" HPOS="936"/>
							<String ID="string_114" HPOS="948" VPOS="924" WIDTH="64" HEIGHT="20" WC="0.96" CONTENT="vinna"/>
						</TextLine>
						<TextLine ID="line_17" HPOS="187" VPOS="950" WIDTH="825" HEIGHT="29">
							<String ID="string_115" HPOS="187" VPOS="950" WIDTH="66" HEIGHT="22" WC="0.91" CONTENT="tilltro"/><SP WIDTH="24" VPOS="950" HPOS="253"/>
							<String ID="string_116" HPOS="277" VPOS="957" WIDTH="58" HEIGHT="15" WC="0.96" CONTENT="mera"/><SP WIDTH="23" VPOS="957" HPOS="335"/>
							<String ID="string_117" HPOS="358" VPOS="951" WIDTH="64" HEIGHT="21" WC="0.95" CONTENT="bland"/><SP WIDTH="21" VPOS="951" HPOS="422"/>
							<String ID="string_118" HPOS="443" VPOS="952" WIDTH="26" HEIGHT="20" WC="0.92" CONTENT="de"/><SP WIDTH="21" VPOS="952" HPOS="469"/>
							<String ID="string_119" HPOS="490" VPOS="952" WIDTH="114" HEIGHT="27" WC="0.89" CONTENT="oupplysta"/><SP WIDTH="17" VPOS="952" HPOS="604"/>
							<String ID="string_120" HPOS="621" VPOS="954" WIDTH="26" HEIGHT="19" WC="0.96" CONTENT="än"/><SP WIDTH="21" VPOS="954" HPOS="647"/>
							<String ID="string_121" HPOS="668" VPOS="952" WIDTH="65" HEIGHT="21" WC="0.93" CONTENT="bland"/><SP WIDTH="18" VPOS="952" HPOS="733"/>
							<String ID="string_122" HPOS="751" VPOS="952" WIDTH="27" HEIGHT="21" WC="0.93" CONTENT="de"/><SP WIDTH="15" VPOS="952" HPOS="778"/>
							<String ID="string_123" HPOS="793" VPOS="952" WIDTH="96" HEIGHT="27" WC="0.92" CONTENT="bildning"/><SP WIDTH="15" VPOS="952" HPOS="889"/>
							<String ID="string_124" HPOS="904" VPOS="952" WIDTH="38" HEIGHT="21" WC="0.93" CONTENT="och"/><SP WIDTH="16" VPOS="952" HPOS="942"/>
							<String ID="string_125" HPOS="958" VPOS="952" WIDTH="54" HEIGHT="21" WC="0.91" CONTENT="kun-"/>
						</TextLine>
						<TextLine ID="line_18" HPOS="188" VPOS="979" WIDTH="408" HEIGHT="27">
							<String ID="string_126" HPOS="188" VPOS="979" WIDTH="77" HEIGHT="27" WC="0.93" CONTENT="skaper"/><SP WIDTH="15" VPOS="979" HPOS="265"/>
							<String ID="string_127" HPOS="280" VPOS="980" WIDTH="82" HEIGHT="26" WC="0.92" CONTENT="egande"/><SP WIDTH="15" VPOS="980" HPOS="362"/>
							<String ID="string_128" HPOS="377" VPOS="980" WIDTH="73" HEIGHT="26" WC="0.92" CONTENT="lagren"/><SP WIDTH="16" VPOS="980" HPOS="450"/>
							<String ID="string_129" HPOS="466" VPOS="980" WIDTH="23" HEIGHT="21" WC="0.96" CONTENT="af"/><SP WIDTH="13" VPOS="980" HPOS="489"/>
							<String ID="string_130" HPOS="502" VPOS="982" WIDTH="31" HEIGHT="19" WC="0.97" CONTENT="ett"/><SP WIDTH="14" VPOS="982" HPOS="533"/>
							<String ID="string_131" HPOS="547" VPOS="980" WIDTH="49" HEIGHT="21" WC="0.96" CONTENT="folk."/>
						</TextLine>
					</TextBlock>
					<TextBlock ID="block_8" HPOS="186" VPOS="1008" WIDTH="828" HEIGHT="197">
						<TextLine ID="line_19" HPOS="255" VPOS="1008" WIDTH="757" HEIGHT="28">
							<String ID="string_132" HPOS="255" VPOS="1008" WIDTH="39" HEIGHT="20" WC="0.96" CONTENT="Att"/><SP WIDTH="16" VPOS="1008" HPOS="294"/>
							<String ID="string_133" HPOS="310" VPOS="1014" WIDTH="48" HEIGHT="15" WC="0.93" CONTENT="man"/><SP WIDTH="16" VPOS="1014" HPOS="358"/>
							<String ID="string_134" HPOS="374" VPOS="1008" WIDTH="65" HEIGHT="21" WC="0.91" CONTENT="ocksä"/><SP WIDTH="15" VPOS="1008" HPOS="439"/>
							<String ID="string_135" HPOS="454" VPOS="1009" WIDTH="7" HEIGHT="20" WC="0.93" CONTENT="i"/><SP WIDTH="14" VPOS="1009" HPOS="461"/>
							<String ID="string_136" HPOS="475" VPOS="1009" WIDTH="47" HEIGHT="20" WC="0.92" CONTENT="värt"/><SP WIDTH="14" VPOS="1009" HPOS="522"/>
							<String ID="string_137" HPOS="536" VPOS="1008" WIDTH="50" HEIGHT="22" WC="0.93" CONTENT="land"/><SP WIDTH="17" VPOS="1008" HPOS="586"/>
							<String ID="string_138" HPOS="603" VPOS="1008" WIDTH="61" HEIGHT="28" WC="0.91" CONTENT="lifligt"/><SP WIDTH="15" VPOS="1008" HPOS="664"/>
							<String ID="string_139" HPOS="679" VPOS="1010" WIDTH="65" HEIGHT="20" WC="0.91" CONTENT="insett"/><SP WIDTH="15" VPOS="1010" HPOS="744"/>
							<String ID="string_140" HPOS="759" VPOS="1008" WIDTH="169" HEIGHT="28" WC="0.92" CONTENT="upplysningens"/><SP WIDTH="16" VPOS="1008" HPOS="928"/>
							<String ID="string_141" HPOS="944" VPOS="1008" WIDTH="68" HEIGHT="22" WC="0.93" CONTENT="ofant-"/>
						</TextLine>
						<TextLine ID="line_20" HPOS="187" VPOS="1036" WIDTH="826" HEIGHT="28">
							<String ID="string_142" HPOS="187" VPOS="1036" WIDTH="42" HEIGHT="27" WC="0.95" CONTENT="liga"/><SP WIDTH="18" VPOS="1036" HPOS="229"/>
							<String ID="string_143" HPOS="247" VPOS="1037" WIDTH="110" HEIGHT="26" WC="0.96" CONTENT="betydelse"/><SP WIDTH="17" VPOS="1037" HPOS="357"/>
							<String ID="string_144" HPOS="374" VPOS="1036" WIDTH="33" HEIGHT="21" WC="0.93" CONTENT="för"/><SP WIDTH="16" VPOS="1036" HPOS="407"/>
							<String ID="string_145" HPOS="423" VPOS="1037" WIDTH="47" HEIGHT="21" WC="0.92" CONTENT="värt"/><SP WIDTH="15" VPOS="1037" HPOS="470"/>
							<String ID="string_146" HPOS="485" VPOS="1037" WIDTH="43" HEIGHT="21" WC="0.96" CONTENT="lilla"/><SP WIDTH="14" VPOS="1037" HPOS="528"/>
							<String ID="string_147" HPOS="542" VPOS="1037" WIDTH="49" HEIGHT="26" WC="0.93" CONTENT="folk,"/><SP WIDTH="17" VPOS="1037" HPOS="591"/>
							<String ID="string_148" HPOS="608" VPOS="1038" WIDTH="73" HEIGHT="21" WC="0.92" CONTENT="därom"/><SP WIDTH="16" VPOS="1038" HPOS="681"/>
							<String ID="string_149" HPOS="697" VPOS="1039" WIDTH="78" HEIGHT="20" WC="0.90" CONTENT="vittnar"/><SP WIDTH="16" VPOS="1039" HPOS="775"/>
							<String ID="string_150" HPOS="791" VPOS="1041" WIDTH="100" HEIGHT="23" WC="0.92" CONTENT="nogsamt"/><SP WIDTH="15" VPOS="1041" HPOS="891"/>
							<String ID="string_151" HPOS="906" VPOS="1038" WIDTH="36" HEIGHT="21" WC="0.93" CONTENT="det"/><SP WIDTH="16" VPOS="1038" HPOS="942"/>
							<String ID="string_152" HPOS="958" VPOS="1040" WIDTH="55" HEIGHT="19" WC="0.93" CONTENT="stor-"/>
						</TextLine>
						<TextLine ID="line_21" HPOS="186" VPOS="1065" WIDTH="826" HEIGHT="28">
							<String ID="string_153" HPOS="186" VPOS="1065" WIDTH="74" HEIGHT="21" WC="0.92" CONTENT="artade"/><SP WIDTH="15" VPOS="1065" HPOS="260"/>
							<String ID="string_154" HPOS="275" VPOS="1065" WIDTH="232" HEIGHT="27" WC="0.92" CONTENT="folkbildningsarbete,"/><SP WIDTH="17" VPOS="1065" HPOS="507"/>
							<String ID="string_155" HPOS="524" VPOS="1073" WIDTH="45" HEIGHT="14" WC="0.93" CONTENT="som"/><SP WIDTH="17" VPOS="1073" HPOS="569"/>
							<String ID="string_156" HPOS="586" VPOS="1068" WIDTH="54" HEIGHT="19" WC="0.93" CONTENT="satts"/><SP WIDTH="11" VPOS="1068" HPOS="640"/>
							<String ID="string_157" HPOS="651" VPOS="1067" WIDTH="6" HEIGHT="20" WC="0.93" CONTENT="i"/><SP WIDTH="11" VPOS="1067" HPOS="657"/>
							<String ID="string_158" HPOS="668" VPOS="1067" WIDTH="56" HEIGHT="26" WC="0.92" CONTENT="gäng"/><SP WIDTH="13" VPOS="1067" HPOS="724"/>
							<String ID="string_159" HPOS="737" VPOS="1066" WIDTH="101" HEIGHT="22" WC="0.90" CONTENT="särskildt"/><SP WIDTH="10" VPOS="1066" HPOS="838"/>
							<String ID="string_160" HPOS="848" VPOS="1066" WIDTH="68" HEIGHT="21" WC="0.93" CONTENT="under"/><SP WIDTH="10" VPOS="1066" HPOS="916"/>
							<String ID="string_161" HPOS="926" VPOS="1067" WIDTH="86" HEIGHT="20" WC="0.93" CONTENT="senaste"/>
						</TextLine>
						<TextLine ID="line_22" HPOS="187" VPOS="1093" WIDTH="827" HEIGHT="28">
							<String ID="string_162" HPOS="187" VPOS="1093" WIDTH="23" HEIGHT="21" WC="0.88" CONTENT="är"/><SP WIDTH="15" VPOS="1093" HPOS="210"/>
							<String ID="string_163" HPOS="225" VPOS="1093" WIDTH="59" HEIGHT="21" WC="0.95" CONTENT="inom"/><SP WIDTH="16" VPOS="1093" HPOS="284"/>
							<String ID="string_164" HPOS="300" VPOS="1096" WIDTH="61" HEIGHT="19" WC="0.93" CONTENT="snart"/><SP WIDTH="15" VPOS="1096" HPOS="361"/>
							<String ID="string_165" HPOS="376" VPOS="1095" WIDTH="63" HEIGHT="26" WC="0.92" CONTENT="sagdt"/><SP WIDTH="15" VPOS="1095" HPOS="439"/>
							<String ID="string_166" HPOS="454" VPOS="1094" WIDTH="108" HEIGHT="21" WC="0.92" CONTENT="hvarenda"/><SP WIDTH="15" VPOS="1094" HPOS="562"/>
							<String ID="string_167" HPOS="577" VPOS="1101" WIDTH="25" HEIGHT="14" WC="0.96" CONTENT="en"/><SP WIDTH="16" VPOS="1101" HPOS="602"/>
							<String ID="string_168" HPOS="618" VPOS="1094" WIDTH="23" HEIGHT="22" WC="0.93" CONTENT="af"/><SP WIDTH="13" VPOS="1094" HPOS="641"/>
							<String ID="string_169" HPOS="654" VPOS="1095" WIDTH="83" HEIGHT="21" WC="0.91" CONTENT="landets"/><SP WIDTH="16" VPOS="1095" HPOS="737"/>
							<String ID="string_170" HPOS="753" VPOS="1095" WIDTH="133" HEIGHT="21" WC="0.95" CONTENT="kommuner."/><SP WIDTH="30" VPOS="1095" HPOS="886"/>
							<String ID="string_171" HPOS="916" VPOS="1095" WIDTH="50" HEIGHT="20" WC="0.96" CONTENT="Men"/><SP WIDTH="10" VPOS="1095" HPOS="966"/>
							<String ID="string_172" HPOS="976" VPOS="1095" WIDTH="38" HEIGHT="21" WC="0.96" CONTENT="det"/>
						</TextLine>
						<TextLine ID="line_23" HPOS="186" VPOS="1121" WIDTH="828" HEIGHT="29">
							<String ID="string_173" HPOS="186" VPOS="1121" WIDTH="39" HEIGHT="22" WC="0.93" CONTENT="har"/><SP WIDTH="16" VPOS="1121" HPOS="225"/>
							<String ID="string_174" HPOS="241" VPOS="1121" WIDTH="90" HEIGHT="22" WC="0.93" CONTENT="öfveralt"/><SP WIDTH="15" VPOS="1121" HPOS="331"/>
							<String ID="string_175" HPOS="346" VPOS="1123" WIDTH="55" HEIGHT="20" WC="0.96" CONTENT="varit"/><SP WIDTH="16" VPOS="1123" HPOS="401"/>
							<String ID="string_176" HPOS="417" VPOS="1123" WIDTH="76" HEIGHT="21" WC="0.96" CONTENT="endast"/><SP WIDTH="15" VPOS="1123" HPOS="493"/>
							<String ID="string_177" HPOS="508" VPOS="1123" WIDTH="41" HEIGHT="21" WC="0.96" CONTENT="den"/><SP WIDTH="15" VPOS="1123" HPOS="549"/>
							<String ID="string_178" HPOS="564" VPOS="1123" WIDTH="96" HEIGHT="21" WC="0.93" CONTENT="enskilda"/><SP WIDTH="16" VPOS="1123" HPOS="660"/>
							<String ID="string_179" HPOS="676" VPOS="1123" WIDTH="181" HEIGHT="27" WC="0.92" CONTENT="offervilligheten,"/><SP WIDTH="16" VPOS="1123" HPOS="857"/>
							<String ID="string_180" HPOS="873" VPOS="1123" WIDTH="40" HEIGHT="21" WC="0.97" CONTENT="den"/><SP WIDTH="17" VPOS="1123" HPOS="913"/>
							<String ID="string_181" HPOS="930" VPOS="1123" WIDTH="84" HEIGHT="26" WC="0.97" CONTENT="privata"/>
						</TextLine>
						<TextLine ID="line_24" HPOS="186" VPOS="1149" WIDTH="827" HEIGHT="28">
							<String ID="string_182" HPOS="186" VPOS="1149" WIDTH="201" HEIGHT="28" WC="0.91" CONTENT="företagsamheten,"/><SP WIDTH="24" VPOS="1149" HPOS="387"/>
							<String ID="string_183" HPOS="411" VPOS="1157" WIDTH="46" HEIGHT="15" WC="0.89" CONTENT="som"/><SP WIDTH="23" VPOS="1157" HPOS="457"/>
							<String ID="string_184" HPOS="480" VPOS="1151" WIDTH="74" HEIGHT="21" WC="0.89" CONTENT="härvid"/><SP WIDTH="22" VPOS="1151" HPOS="554"/>
							<String ID="string_185" HPOS="576" VPOS="1151" WIDTH="40" HEIGHT="22" WC="0.91" CONTENT="fätt"/><SP WIDTH="20" VPOS="1151" HPOS="616"/>
							<String ID="string_186" HPOS="636" VPOS="1152" WIDTH="117" HEIGHT="21" WC="0.93" CONTENT="vidkännas"/><SP WIDTH="19" VPOS="1152" HPOS="753"/>
							<String ID="string_187" HPOS="772" VPOS="1152" WIDTH="118" HEIGHT="21" WC="0.92" CONTENT="kostnaden"/><SP WIDTH="17" VPOS="1152" HPOS="890"/>
							<String ID="string_188" HPOS="907" VPOS="1152" WIDTH="39" HEIGHT="21" WC="0.93" CONTENT="och"/><SP WIDTH="16" VPOS="1152" HPOS="946"/>
							<String ID="string_189" HPOS="962" VPOS="1152" WIDTH="51" HEIGHT="20" WC="0.89" CONTENT="bära"/>
						</TextLine>
						<TextLine ID="line_25" HPOS="186" VPOS="1178" WIDTH="524" HEIGHT="27">
							<String ID="string_190" HPOS="186" VPOS="1178" WIDTH="48" HEIGHT="21" WC="0.93" CONTENT="hela"/><SP WIDTH="14" VPOS="1178" HPOS="234"/>
							<String ID="string_191" HPOS="248" VPOS="1181" WIDTH="82" HEIGHT="24" WC="0.90" CONTENT="tungan"/><SP WIDTH="15" VPOS="1181" HPOS="330"/>
							<String ID="string_192" HPOS="345" VPOS="1179" WIDTH="22" HEIGHT="21" WC="0.96" CONTENT="af"/><SP WIDTH="14" VPOS="1179" HPOS="367"/>
							<String ID="string_193" HPOS="381" VPOS="1179" WIDTH="36" HEIGHT="21" WC="0.93" CONTENT="det"/><SP WIDTH="15" VPOS="1179" HPOS="417"/>
							<String ID="string_194" HPOS="432" VPOS="1179" WIDTH="176" HEIGHT="22" WC="0.92" CONTENT="vidtomfattande"/><SP WIDTH="14" VPOS="1179" HPOS="608"/>
							<String ID="string_195" HPOS="622" VPOS="1181" WIDTH="88" HEIGHT="20" WC="0.96" CONTENT="arbetet."/>
						</TextLine>
					</TextBlock>
					<TextBlock ID="block_9" HPOS="185" VPOS="1207" WIDTH="830" HEIGHT="306">
						<TextLine ID="line_26" HPOS="255" VPOS="1207" WIDTH="757" HEIGHT="28">
							<String ID="string_196" HPOS="255" VPOS="1207" WIDTH="39" HEIGHT="21" WC="0.93" CONTENT="Ett"/><SP WIDTH="14" VPOS="1207" HPOS="294"/>
							<String ID="string_197" HPOS="308" VPOS="1213" WIDTH="73" HEIGHT="21" WC="0.92" CONTENT="organ,"/><SP WIDTH="16" VPOS="1213" HPOS="381"/>
							<String ID="string_198" HPOS="397" VPOS="1214" WIDTH="47" HEIGHT="15" WC="0.96" CONTENT="som"/><SP WIDTH="19" VPOS="1214" HPOS="444"/>
							<String ID="string_199" HPOS="463" VPOS="1209" WIDTH="28" HEIGHT="26" WC="0.93" CONTENT="pä"/><SP WIDTH="16" VPOS="1209" HPOS="491"/>
							<String ID="string_200" HPOS="507" VPOS="1208" WIDTH="214" HEIGHT="27" WC="0.91" CONTENT="folkupplysningens"/><SP WIDTH="16" VPOS="1208" HPOS="721"/>
							<String ID="string_201" HPOS="737" VPOS="1209" WIDTH="86" HEIGHT="21" WC="0.92" CONTENT="omräde"/><SP WIDTH="15" VPOS="1209" HPOS="823"/>
							<String ID="string_202" HPOS="838" VPOS="1209" WIDTH="56" HEIGHT="20" WC="0.97" CONTENT="visat"/><SP WIDTH="15" VPOS="1209" HPOS="894"/>
							<String ID="string_203" HPOS="909" VPOS="1209" WIDTH="33" HEIGHT="26" WC="0.93" CONTENT="sig"/><SP WIDTH="15" VPOS="1209" HPOS="942"/>
							<String ID="string_204" HPOS="957" VPOS="1208" WIDTH="55" HEIGHT="21" WC="0.93" CONTENT="kraf-"/>
						</TextLine>
						<TextLine ID="line_27" HPOS="186" VPOS="1235" WIDTH="826" HEIGHT="29">
							<String ID="string_205" HPOS="186" VPOS="1235" WIDTH="41" HEIGHT="27" WC="0.90" CONTENT="tigt"/><SP WIDTH="19" VPOS="1235" HPOS="227"/>
							<String ID="string_206" HPOS="246" VPOS="1236" WIDTH="39" HEIGHT="21" WC="0.93" CONTENT="och"/><SP WIDTH="16" VPOS="1236" HPOS="285"/>
							<String ID="string_207" HPOS="301" VPOS="1236" WIDTH="114" HEIGHT="26" WC="0.92" CONTENT="värksamt,"/><SP WIDTH="16" VPOS="1236" HPOS="415"/>
							<String ID="string_208" HPOS="431" VPOS="1239" WIDTH="24" HEIGHT="18" WC="0.93" CONTENT="är"/><SP WIDTH="15" VPOS="1239" HPOS="455"/>
							<String ID="string_209" HPOS="470" VPOS="1236" WIDTH="168" HEIGHT="28" WC="0.92" CONTENT="folkhögskolan."/><SP WIDTH="31" VPOS="1236" HPOS="638"/>
							<String ID="string_210" HPOS="669" VPOS="1237" WIDTH="50" HEIGHT="22" WC="0.93" CONTENT="Som"/><SP WIDTH="15" VPOS="1237" HPOS="719"/>
							<String ID="string_211" HPOS="734" VPOS="1237" WIDTH="68" HEIGHT="21" WC="0.92" CONTENT="kändt"/><SP WIDTH="14" VPOS="1237" HPOS="802"/>
							<String ID="string_212" HPOS="816" VPOS="1237" WIDTH="38" HEIGHT="21" WC="0.96" CONTENT="har"/><SP WIDTH="16" VPOS="1237" HPOS="854"/>
							<String ID="string_213" HPOS="870" VPOS="1237" WIDTH="49" HEIGHT="21" WC="0.93" CONTENT="dess"/><SP WIDTH="16" VPOS="1237" HPOS="919"/>
							<String ID="string_214" HPOS="935" VPOS="1237" WIDTH="77" HEIGHT="26" WC="0.93" CONTENT="välsig-"/>
						</TextLine>
						<TextLine ID="line_28" HPOS="186" VPOS="1264" WIDTH="827" HEIGHT="29">
							<String ID="string_215" HPOS="186" VPOS="1264" WIDTH="179" HEIGHT="27" WC="0.92" CONTENT="nelsebringande"/><SP WIDTH="22" VPOS="1264" HPOS="365"/>
							<String ID="string_216" HPOS="387" VPOS="1264" WIDTH="116" HEIGHT="28" WC="0.92" CONTENT="inflytande"/><SP WIDTH="23" VPOS="1264" HPOS="503"/>
							<String ID="string_217" HPOS="526" VPOS="1265" WIDTH="64" HEIGHT="21" WC="0.96" CONTENT="redan"/><SP WIDTH="19" VPOS="1265" HPOS="590"/>
							<String ID="string_218" HPOS="609" VPOS="1266" WIDTH="7" HEIGHT="20" WC="0.93" CONTENT="i"/><SP WIDTH="18" VPOS="1266" HPOS="616"/>
							<String ID="string_219" HPOS="634" VPOS="1266" WIDTH="78" HEIGHT="27" WC="0.93" CONTENT="mänga"/><SP WIDTH="21" VPOS="1266" HPOS="712"/>
							<String ID="string_220" HPOS="733" VPOS="1266" WIDTH="23" HEIGHT="21" WC="0.92" CONTENT="är"/><SP WIDTH="19" VPOS="1266" HPOS="756"/>
							<String ID="string_221" HPOS="775" VPOS="1266" WIDTH="59" HEIGHT="21" WC="0.92" CONTENT="burit"/><SP WIDTH="15" VPOS="1266" HPOS="834"/>
							<String ID="string_222" HPOS="849" VPOS="1265" WIDTH="46" HEIGHT="21" WC="0.93" CONTENT="rika"/><SP WIDTH="13" VPOS="1265" HPOS="895"/>
							<String ID="string_223" HPOS="908" VPOS="1265" WIDTH="83" HEIGHT="21" WC="0.91" CONTENT="frukter"/><SP WIDTH="15" VPOS="1265" HPOS="991"/>
							<String ID="string_224" HPOS="1006" VPOS="1265" WIDTH="7" HEIGHT="21" WC="0.96" CONTENT="i"/>
						</TextLine>
						<TextLine ID="line_29" HPOS="187" VPOS="1292" WIDTH="827" HEIGHT="29">
							<String ID="string_225" HPOS="187" VPOS="1292" WIDTH="164" HEIGHT="26" WC="0.92" CONTENT="Skandinavien,"/><SP WIDTH="16" VPOS="1292" HPOS="351"/>
							<String ID="string_226" HPOS="367" VPOS="1293" WIDTH="40" HEIGHT="21" WC="0.93" CONTENT="och"/><SP WIDTH="15" VPOS="1293" HPOS="407"/>
							<String ID="string_227" HPOS="422" VPOS="1293" WIDTH="62" HEIGHT="21" WC="0.93" CONTENT="äfven"/><SP WIDTH="16" VPOS="1293" HPOS="484"/>
							<String ID="string_228" HPOS="500" VPOS="1294" WIDTH="6" HEIGHT="20" WC="0.93" CONTENT="i"/><SP WIDTH="17" VPOS="1294" HPOS="506"/>
							<String ID="string_229" HPOS="523" VPOS="1294" WIDTH="46" HEIGHT="20" WC="0.92" CONTENT="värt"/><SP WIDTH="14" VPOS="1294" HPOS="569"/>
							<String ID="string_230" HPOS="583" VPOS="1294" WIDTH="51" HEIGHT="20" WC="0.96" CONTENT="land"/><SP WIDTH="14" VPOS="1294" HPOS="634"/>
							<String ID="string_231" HPOS="648" VPOS="1294" WIDTH="39" HEIGHT="21" WC="0.96" CONTENT="har"/><SP WIDTH="11" VPOS="1294" HPOS="687"/>
							<String ID="string_232" HPOS="698" VPOS="1301" WIDTH="48" HEIGHT="14" WC="0.96" CONTENT="man"/><SP WIDTH="11" VPOS="1301" HPOS="746"/>
							<String ID="string_233" HPOS="757" VPOS="1294" WIDTH="77" HEIGHT="27" WC="0.96" CONTENT="tydligt"/><SP WIDTH="10" VPOS="1294" HPOS="834"/>
							<String ID="string_234" HPOS="844" VPOS="1294" WIDTH="82" HEIGHT="20" WC="0.93" CONTENT="kunnat"/><SP WIDTH="12" VPOS="1294" HPOS="926"/>
							<String ID="string_235" HPOS="938" VPOS="1293" WIDTH="76" HEIGHT="27" WC="0.93" CONTENT="skönja"/>
						</TextLine>
						<TextLine ID="line_30" HPOS="186" VPOS="1320" WIDTH="827" HEIGHT="28">
							<String ID="string_236" HPOS="186" VPOS="1320" WIDTH="56" HEIGHT="22" WC="0.93" CONTENT="huru"/><SP WIDTH="16" VPOS="1320" HPOS="242"/>
							<String ID="string_237" HPOS="258" VPOS="1321" WIDTH="131" HEIGHT="27" WC="0.96" CONTENT="upplysning"/><SP WIDTH="15" VPOS="1321" HPOS="389"/>
							<String ID="string_238" HPOS="404" VPOS="1322" WIDTH="40" HEIGHT="20" WC="0.96" CONTENT="och"/><SP WIDTH="16" VPOS="1322" HPOS="444"/>
							<String ID="string_239" HPOS="460" VPOS="1322" WIDTH="42" HEIGHT="26" WC="0.96" CONTENT="god"/><SP WIDTH="15" VPOS="1322" HPOS="502"/>
							<String ID="string_240" HPOS="517" VPOS="1322" WIDTH="38" HEIGHT="21" WC="0.93" CONTENT="sed"/><SP WIDTH="15" VPOS="1322" HPOS="555"/>
							<String ID="string_241" HPOS="570" VPOS="1322" WIDTH="76" HEIGHT="21" WC="0.91" CONTENT="strälat"/><SP WIDTH="14" VPOS="1322" HPOS="646"/>
							<String ID="string_242" HPOS="660" VPOS="1322" WIDTH="107" HEIGHT="21" WC="0.96" CONTENT="väckande"/><SP WIDTH="16" VPOS="1322" HPOS="767"/>
							<String ID="string_243" HPOS="783" VPOS="1322" WIDTH="39" HEIGHT="21" WC="0.93" CONTENT="och"/><SP WIDTH="15" VPOS="1322" HPOS="822"/>
							<String ID="string_244" HPOS="837" VPOS="1322" WIDTH="115" HEIGHT="21" WC="0.96" CONTENT="värmande"/><SP WIDTH="16" VPOS="1322" HPOS="952"/>
							<String ID="string_245" HPOS="968" VPOS="1324" WIDTH="24" HEIGHT="18" WC="0.94" CONTENT="ut"/><SP WIDTH="14" VPOS="1324" HPOS="992"/>
							<String ID="string_246" HPOS="1006" VPOS="1322" WIDTH="7" HEIGHT="20" WC="0.94" CONTENT="i"/>
						</TextLine>
						<TextLine ID="line_31" HPOS="186" VPOS="1349" WIDTH="827" HEIGHT="29">
							<String ID="string_247" HPOS="186" VPOS="1349" WIDTH="110" HEIGHT="27" WC="0.91" CONTENT="bygderna"/><SP WIDTH="21" VPOS="1349" HPOS="296"/>
							<String ID="string_248" HPOS="317" VPOS="1349" WIDTH="46" HEIGHT="21" WC="0.92" CONTENT="frän"/><SP WIDTH="24" VPOS="1349" HPOS="363"/>
							<String ID="string_249" HPOS="387" VPOS="1350" WIDTH="64" HEIGHT="21" WC="0.96" CONTENT="dessa"/><SP WIDTH="19" VPOS="1350" HPOS="451"/>
							<String ID="string_250" HPOS="470" VPOS="1350" WIDTH="62" HEIGHT="21" WC="0.96" CONTENT="säkra"/><SP WIDTH="15" VPOS="1350" HPOS="532"/>
							<String ID="string_251" HPOS="547" VPOS="1350" WIDTH="39" HEIGHT="21" WC="0.93" CONTENT="och"/><SP WIDTH="16" VPOS="1350" HPOS="586"/>
							<String ID="string_252" HPOS="602" VPOS="1351" WIDTH="54" HEIGHT="26" WC="0.92" CONTENT="goda"/><SP WIDTH="15" VPOS="1351" HPOS="656"/>
							<String ID="string_253" HPOS="671" VPOS="1351" WIDTH="192" HEIGHT="27" WC="0.92" CONTENT="bildningshärdar."/><SP WIDTH="25" VPOS="1351" HPOS="863"/>
							<String ID="string_254" HPOS="888" VPOS="1351" WIDTH="49" HEIGHT="20" WC="0.93" CONTENT="Men"/><SP WIDTH="11" VPOS="1351" HPOS="937"/>
							<String ID="string_255" HPOS="948" VPOS="1350" WIDTH="65" HEIGHT="21" WC="0.90" CONTENT="ocksä"/>
						</TextLine>
						<TextLine ID="line_32" HPOS="186" VPOS="1377" WIDTH="829" HEIGHT="29">
							<String ID="string_256" HPOS="186" VPOS="1377" WIDTH="38" HEIGHT="21" WC="0.96" CONTENT="här"/><SP WIDTH="16" VPOS="1377" HPOS="224"/>
							<String ID="string_257" HPOS="240" VPOS="1378" WIDTH="38" HEIGHT="20" WC="0.96" CONTENT="har"/><SP WIDTH="16" VPOS="1378" HPOS="278"/>
							<String ID="string_258" HPOS="294" VPOS="1378" WIDTH="76" HEIGHT="21" WC="0.93" CONTENT="endast"/><SP WIDTH="15" VPOS="1378" HPOS="370"/>
							<String ID="string_259" HPOS="385" VPOS="1378" WIDTH="108" HEIGHT="22" WC="0.92" CONTENT="enskildas"/><SP WIDTH="16" VPOS="1378" HPOS="493"/>
							<String ID="string_260" HPOS="509" VPOS="1379" WIDTH="116" HEIGHT="21" WC="0.93" CONTENT="understöd"/><SP WIDTH="16" VPOS="1379" HPOS="625"/>
							<String ID="string_261" HPOS="641" VPOS="1380" WIDTH="53" HEIGHT="20" WC="0.92" CONTENT="stätt"/><SP WIDTH="14" VPOS="1380" HPOS="694"/>
							<String ID="string_262" HPOS="708" VPOS="1379" WIDTH="31" HEIGHT="21" WC="0.93" CONTENT="till"/><SP WIDTH="16" VPOS="1379" HPOS="739"/>
							<String ID="string_263" HPOS="755" VPOS="1380" WIDTH="62" HEIGHT="20" WC="0.93" CONTENT="buds."/><SP WIDTH="23" VPOS="1380" HPOS="817"/>
							<String ID="string_264" HPOS="840" VPOS="1378" WIDTH="40" HEIGHT="22" WC="0.95" CONTENT="Till"/><SP WIDTH="10" VPOS="1378" HPOS="880"/>
							<String ID="string_265" HPOS="890" VPOS="1378" WIDTH="52" HEIGHT="28" WC="0.93" CONTENT="följd"/><SP WIDTH="10" VPOS="1378" HPOS="942"/>
							<String ID="string_266" HPOS="952" VPOS="1378" WIDTH="63" HEIGHT="21" WC="0.93" CONTENT="häraf"/>
						</TextLine>
						<TextLine ID="line_33" HPOS="185" VPOS="1405" WIDTH="827" HEIGHT="29">
							<String ID="string_267" HPOS="185" VPOS="1405" WIDTH="28" HEIGHT="21" WC="0.92" CONTENT="ha"/><SP WIDTH="19" VPOS="1405" HPOS="213"/>
							<String ID="string_268" HPOS="232" VPOS="1406" WIDTH="64" HEIGHT="21" WC="0.92" CONTENT="ocksä"/><SP WIDTH="20" VPOS="1406" HPOS="296"/>
							<String ID="string_269" HPOS="316" VPOS="1406" WIDTH="67" HEIGHT="27" WC="0.92" CONTENT="nägra"/><SP WIDTH="20" VPOS="1406" HPOS="383"/>
							<String ID="string_270" HPOS="403" VPOS="1407" WIDTH="107" HEIGHT="27" WC="0.93" CONTENT="egentliga"/><SP WIDTH="15" VPOS="1407" HPOS="510"/>
							<String ID="string_271" HPOS="525" VPOS="1407" WIDTH="161" HEIGHT="27" WC="0.92" CONTENT="folkhögskolor"/><SP WIDTH="14" VPOS="1407" HPOS="686"/>
							<String ID="string_272" HPOS="700" VPOS="1408" WIDTH="45" HEIGHT="20" WC="0.92" CONTENT="icke"/><SP WIDTH="15" VPOS="1408" HPOS="745"/>
							<String ID="string_273" HPOS="760" VPOS="1407" WIDTH="51" HEIGHT="21" WC="0.93" CONTENT="fätts"/><SP WIDTH="15" VPOS="1407" HPOS="811"/>
							<String ID="string_274" HPOS="826" VPOS="1407" WIDTH="32" HEIGHT="21" WC="0.93" CONTENT="till"/><SP WIDTH="16" VPOS="1407" HPOS="858"/>
							<String ID="string_275" HPOS="874" VPOS="1408" WIDTH="61" HEIGHT="20" WC="0.92" CONTENT="ständ"/><SP WIDTH="17" VPOS="1408" HPOS="935"/>
							<String ID="string_276" HPOS="952" VPOS="1407" WIDTH="27" HEIGHT="21" WC="0.93" CONTENT="bl."/><SP WIDTH="15" VPOS="1407" HPOS="979"/>
							<String ID="string_277" HPOS="994" VPOS="1413" WIDTH="18" HEIGHT="15" WC="0.96" CONTENT="a."/>
						</TextLine>
						<TextLine ID="line_34" HPOS="185" VPOS="1434" WIDTH="828" HEIGHT="28">
							<String ID="string_278" HPOS="185" VPOS="1434" WIDTH="7" HEIGHT="20" WC="0.93" CONTENT="i"/><SP WIDTH="19" VPOS="1434" HPOS="192"/>
							<String ID="string_279" HPOS="211" VPOS="1434" WIDTH="52" HEIGHT="21" WC="0.92" CONTENT="vära"/><SP WIDTH="23" VPOS="1434" HPOS="263"/>
							<String ID="string_280" HPOS="286" VPOS="1435" WIDTH="77" HEIGHT="24" WC="0.93" CONTENT="städer,"/><SP WIDTH="16" VPOS="1435" HPOS="363"/>
							<String ID="string_281" HPOS="379" VPOS="1435" WIDTH="65" HEIGHT="21" WC="0.92" CONTENT="hvars"/><SP WIDTH="17" VPOS="1435" HPOS="444"/>
							<String ID="string_282" HPOS="461" VPOS="1436" WIDTH="76" HEIGHT="20" WC="0.91" CONTENT="talrika"/><SP WIDTH="14" VPOS="1436" HPOS="537"/>
							<String ID="string_283" HPOS="551" VPOS="1435" WIDTH="222" HEIGHT="27" WC="0.92" CONTENT="arbetarebefolkning"/><SP WIDTH="15" VPOS="1435" HPOS="773"/>
							<String ID="string_284" HPOS="788" VPOS="1442" WIDTH="51" HEIGHT="15" WC="0.92" CONTENT="vore"/><SP WIDTH="16" VPOS="1442" HPOS="839"/>
							<String ID="string_285" HPOS="855" VPOS="1436" WIDTH="135" HEIGHT="26" WC="0.92" CONTENT="synnerligen"/><SP WIDTH="17" VPOS="1436" HPOS="990"/>
							<String ID="string_286" HPOS="1007" VPOS="1436" WIDTH="6" HEIGHT="20" WC="0.96" CONTENT="i"/>
						</TextLine>
						<TextLine ID="line_35" HPOS="186" VPOS="1462" WIDTH="826" HEIGHT="26">
							<String ID="string_287" HPOS="186" VPOS="1462" WIDTH="66" HEIGHT="22" WC="0.92" CONTENT="behof"/><SP WIDTH="20" VPOS="1462" HPOS="252"/>
							<String ID="string_288" HPOS="272" VPOS="1463" WIDTH="65" HEIGHT="25" WC="0.89" CONTENT="däraf,"/><SP WIDTH="23" VPOS="1463" HPOS="337"/>
							<String ID="string_289" HPOS="360" VPOS="1464" WIDTH="39" HEIGHT="20" WC="0.93" CONTENT="och"/><SP WIDTH="23" VPOS="1464" HPOS="399"/>
							<String ID="string_290" HPOS="422" VPOS="1464" WIDTH="130" HEIGHT="21" WC="0.92" CONTENT="inrättandet"/><SP WIDTH="19" VPOS="1464" HPOS="552"/>
							<String ID="string_291" HPOS="571" VPOS="1464" WIDTH="23" HEIGHT="21" WC="0.93" CONTENT="af"/><SP WIDTH="20" VPOS="1464" HPOS="594"/>
							<String ID="string_292" HPOS="614" VPOS="1464" WIDTH="80" HEIGHT="22" WC="0.93" CONTENT="sädana"/><SP WIDTH="18" VPOS="1464" HPOS="694"/>
							<String ID="string_293" HPOS="712" VPOS="1464" WIDTH="68" HEIGHT="22" WC="0.96" CONTENT="skulle"/><SP WIDTH="15" VPOS="1464" HPOS="780"/>
							<String ID="string_294" HPOS="795" VPOS="1464" WIDTH="44" HEIGHT="21" WC="0.93" CONTENT="helt"/><SP WIDTH="16" VPOS="1464" HPOS="839"/>
							<String ID="string_295" HPOS="855" VPOS="1464" WIDTH="71" HEIGHT="21" WC="0.93" CONTENT="säkert"/><SP WIDTH="15" VPOS="1464" HPOS="926"/>
							<String ID="string_296" HPOS="941" VPOS="1464" WIDTH="71" HEIGHT="21" WC="0.93" CONTENT="hälsas"/>
						</TextLine>
						<TextLine ID="line_36" HPOS="185" VPOS="1491" WIDTH="256" HEIGHT="22">
							<String ID="string_297" HPOS="185" VPOS="1491" WIDTH="49" HEIGHT="21" WC="0.93" CONTENT="med"/><SP WIDTH="15" VPOS="1491" HPOS="234"/>
							<String ID="string_298" HPOS="249" VPOS="1491" WIDTH="192" HEIGHT="22" WC="0.89" CONTENT="tillfredsställelse."/>
						</TextLine>
					</TextBlock>
				</ComposedBlock>
			</PrintSpace>
		</Page>
	</Layout>
</alto>
