1086 1756
195 96 43 37 232
557 99 127 31 Järnvägar.
933 104 13 16 9
958 107 63 14 mars.

196 173 66 19 annat
284 171 77 21 hindra
382 172 116 21 ernäendet
519 171 23 22 af
563 178 26 15 en
608 172 70 22 bättre
693 172 106 21 framtid».
828 172 34 21 En
878 172 69 22 bättre
962 172 59 21 lösen

197 199 39 21 har
252 200 34 21 väl
301 200 17 27 ej
336 200 72 27 gifvits
423 200 102 22 Finlands
540 200 44 22 folk
600 200 39 22 och
655 201 49 21 dess
719 202 180 26 representanter.

266 257 34 21 Hr
315 257 150 27 Lagerlöf:
488 254 68 25 Äfven
570 258 39 27 jag
623 258 39 21 har
676 258 46 21 icke
736 258 84 21 kunnat
835 258 72 26 undgå
921 259 32 19 att
967 257 55 21 fästa

198 284 45 28 mig
253 285 36 21 vid
299 287 32 19 att
345 286 8 20 i
368 286 40 21 den
424 286 78 27 nådiga
516 286 162 28 propositionen
695 286 151 22 öfverlämnats
861 286 32 21 till
908 286 115 21 ständerna

198 315 33 19 att
246 314 83 21 besluta
352 320 35 15 om
410 314 164 28 Kajanabanans
597 315 112 27 byggande
731 315 77 21 endast
832 314 19 22 »i
866 315 41 21 den
922 314 101 22 händelse

199 344 33 19 att
246 342 27 22 de
288 342 23 21 af
331 343 66 27 sagda
414 343 142 27 banbyggnad
571 344 111 27 påkallade
697 344 87 21 arbeten
800 342 23 22 af
836 343 114 21 ständerna
965 342 58 28 pröf-

199 377 38 15 vas
252 371 79 27 nödiga
352 371 33 21 för
402 371 163 28 befolkningens
580 372 7 21 i
603 375 60 18 orten
679 372 144 22 undsättande
837 372 7 20 i
859 371 52 27 följd
925 371 24 22 af
960 371 63 21 miss-

199 401 80 19 växten
295 406 76 20 genom
386 402 31 20 att
426 400 78 22 bereda
512 401 125 21 densamma
644 400 80 22 tillfälle
732 400 33 22 till
772 400 193 27 arbetsförtjänst».
980 400 43 20 För

200 428 86 25 enhvar,
302 434 45 15 som
363 428 81 21 känner
460 429 82 27 Kajana
556 429 73 26 härad,
644 431 24 19 är
683 430 36 20 det
733 429 80 21 bekant
822 431 32 19 att
864 428 160 21 förhållandena

200 457 112 21 därstädes
329 457 99 26 gestaltat
444 457 33 27 sig
492 457 30 25 så,
543 459 32 20 att
597 457 101 22 behofvet
712 457 22 22 af
748 457 142 27 undsättning
904 457 41 21 kan
961 458 62 25 sägas

199 485 8 20 i
222 485 59 22 vissa
296 485 58 22 delar
368 485 24 22 af
404 486 88 21 häradet
507 493 50 14 vara
572 488 132 25 permanent,
724 486 69 21 ehuru
808 486 37 21 det
857 485 47 22 icke
918 485 41 22 kan
974 485 50 22 ifrå-

200 513 114 27 gakomma
335 516 31 19 att
388 515 94 26 ständigt
502 514 39 22 och
556 515 74 27 hvarje
645 515 24 21 år
684 514 71 22 därför
770 514 112 22 allarmera
897 514 125 27 regeringen

200 542 40 21 och
256 542 149 22 allmänheten.
434 543 46 22 Och
503 543 36 22 det
560 543 59 22 inses
643 545 32 20 att
690 543 91 22 orsaken
797 543 71 21 härtill
884 545 23 19 är
921 545 32 19 att
967 542 58 21 finna

200 570 186 29 hufvudsakligast
397 572 6 21 i
411 572 63 21 dessa
488 572 131 21 vidsträckta
633 572 86 27 näjders
734 572 56 21 brist
804 572 28 27 på
847 571 177 22 kommunikatio-

200 605 44 16 ner.
275 600 65 21 Detta
361 600 38 21 har
421 601 45 20 icke
488 601 66 21 minst
575 601 147 21 erfarenheten
745 601 69 20 under
830 600 27 21 de
872 605 85 16 senaste
971 600 51 21 åren

200 628 46 27 lagt
261 629 7 20 i
283 629 75 27 dagen.
383 629 95 21 Skörden
494 629 24 21 år
534 629 55 21 1898
604 636 38 14 var
657 629 7 21 i
679 629 63 22 dessa
757 629 81 21 trakter
854 629 48 27 god,
917 629 39 21 och
971 628 54 22 dock

201 657 73 21 kunde
290 659 83 20 ensamt
388 663 26 16 en
430 664 102 21 ogynsam
548 658 69 21 vinter
641 658 39 21 och
702 664 25 15 en
744 657 100 22 försenad
859 657 38 21 vår
909 657 38 21 här
959 657 66 22 alstra

202 691 26 16 en
244 686 49 26 nöd,
309 692 46 15 som
370 686 63 21 tedde
448 687 34 26 sig
496 686 155 21 skrämmande.
673 686 41 21 Om
726 686 211 27 järnvägsutskottet
951 685 74 22 behöf-

202 720 38 15 ver
255 715 115 26 utredning
385 715 74 21 härom
474 714 33 22 för
522 717 32 19 att
568 715 73 21 kunna
656 715 90 21 besvara
760 715 41 21 den
817 715 83 26 vädjan,
915 721 45 15 som
976 721 49 20 pro-

203 743 122 26 positionen
340 743 122 26 innehåller,
485 743 23 22 så
523 744 61 21 torde
599 744 66 21 sådan
681 743 116 27 utredning
812 743 34 21 stå
860 745 32 19 att
906 743 57 21 finna
977 743 7 21 i
999 743 27 21 de

202 771 132 28 berättelser,
349 778 47 15 som
412 774 134 25 guvernören
561 772 7 21 i
584 772 120 27 Uleåborgs
719 772 35 21 län
770 771 83 28 afgifvit
863 778 35 15 om
908 771 118 22 tillståndet

202 800 7 20 i
224 799 89 22 häradet
327 800 65 21 våren
408 801 61 21 1899.
488 801 86 21 Bristen
590 801 28 26 på
632 800 61 22 foder
708 800 39 22 och
762 800 105 21 lifsmedel
878 807 37 14 var
926 800 24 21 så
959 800 66 21 känn-

202 828 44 26 bar,
262 831 32 18 att
309 829 57 21 såväl
381 829 123 28 människor
520 835 46 16 som
581 829 88 21 kreatur
684 829 48 21 med
747 829 95 27 njuggan
858 829 44 21 nöd
916 829 109 26 undgingo

202 856 172 28 hungersdöden.
391 858 65 21 Ännu
472 858 6 21 i
490 857 41 27 juli
545 858 78 21 månad
638 858 54 21 hade
707 857 77 22 endast
799 857 138 27 otillräckliga
947 857 79 27 partier

202 885 52 27 mjöl
276 885 77 22 hunnit
375 886 123 27 uppforslas
520 886 39 21 och
574 887 7 20 i
596 886 74 27 början
687 886 22 21 af
722 886 87 27 augusti
824 886 22 21 åt
861 892 48 15 man
925 886 100 27 mången-

203 914 73 21 städes
292 914 57 26 bark,
365 914 67 22 ehuru
449 914 149 28 befolkningen
613 915 46 21 icke
675 915 93 21 saknade
784 914 69 21 medel
863 916 32 19 att
904 914 55 27 köpa
970 914 56 27 mjöl,

202 948 36 15 om
253 942 57 21 blott
325 943 76 21 sådant
415 943 81 21 funnits
512 945 31 19 att
553 943 66 27 tillgå.
644 943 116 21 Hurudant
770 943 118 21 tillståndet
898 943 53 21 skall
962 942 64 22 blifva

203 970 59 22 detta
277 971 29 25 år,
329 971 63 21 beror
414 972 31 20 till
468 974 45 19 stor
534 972 33 21 del
583 972 28 26 på
625 972 127 21 väderlekeu
767 971 40 21 och
822 971 182 27 snösmältningen
1019 971 7 20 i

202 999 45 21 vår.
277 999 45 21 Blir
339 1000 82 20 vintern
436 1000 40 21 och
491 1000 64 21 våren
570 1000 56 27 lång.
649 1000 63 21 hafva
732 1000 22 21 vi
773 1000 121 26 påtagligen
909 1002 32 18 att
955 999 72 21 befara

204 1027 36 21 det
256 1030 78 19 värsta.
360 1028 45 21 Och
420 1028 55 22 dock
489 1028 95 22 befinner
600 1029 33 26 sig
648 1028 73 22 landet
734 1028 48 22 icke
797 1028 7 21 i
819 1028 37 21 det
870 1028 53 27 läge,
938 1030 32 19 att
983 1027 43 22 för-

204 1056 114 21 hållanden
340 1056 23 22 af
383 1057 70 21 denna
474 1059 34 19 art
530 1058 52 20 böra
596 1057 79 21 tillåtas
689 1057 75 27 längre
780 1057 96 21 existera.
905 1057 43 26 Jag
962 1056 65 27 vågar

203 1091 53 15 anse
278 1086 32 20 att
332 1085 36 21 det
390 1085 124 22 ankommer
536 1086 27 27 på
585 1086 116 21 ständerna
723 1087 32 19 att
770 1092 29 14 nu
814 1085 78 27 bevilja
907 1085 73 27 anslag
994 1084 33 22 för

204 1113 166 27 Kajanabanans
387 1114 111 21 utförande
513 1114 6 21 i
535 1114 39 21 den
591 1114 153 26 utsträckning,
759 1116 33 19 att
807 1114 167 26 banbyggnaden
985 1113 41 21 kan

204 1141 101 27 påbörjas
328 1142 7 20 i
358 1142 132 22 omedelbart
512 1142 154 27 sammanhang
688 1143 48 21 med
751 1142 83 21 arbetet
850 1142 12 21 å
876 1142 151 21 Iisalmibanan

204 1170 40 21 och
260 1172 32 19 att
306 1171 133 26 provisorisk
453 1170 63 22 trafik
530 1171 41 21 kan
587 1173 82 25 öppnas
685 1171 65 21 redan
766 1171 24 21 år
807 1170 61 21 1903.

274 1198 136 22 Beträffande
431 1200 65 21 sedan
512 1200 80 21 banans
609 1200 123 26 sträckning
746 1200 39 20 ber
798 1199 38 27 jag
850 1198 21 22 få
885 1199 92 27 åberopa
992 1199 36 21 det

204 1227 214 26 petitionsmemorial
437 1228 39 27 jag
496 1228 103 21 inlämnat
614 1228 64 21 bland
693 1230 65 19 annat
773 1234 35 15 om
824 1227 111 27 byggande
950 1227 22 21 af
985 1227 43 21 Ka-

201 1255 130 26 janabanan.
359 1256 42 27 Jag
423 1257 61 21 torde
506 1256 22 22 få
548 1256 87 28 tillägga
657 1263 26 14 en
705 1256 124 27 ytterligare
847 1256 84 20 erinran
947 1258 31 18 att
992 1256 37 20 det

205 1285 60 20 stora
280 1284 92 26 område,
388 1285 88 21 hvarom
492 1292 29 14 nu
536 1287 23 19 är
575 1284 65 28 fråga,
659 1285 45 21 icke
720 1284 40 22 blir
776 1284 128 27 tillbörligen
920 1284 109 27 betjänadt

204 1312 50 21 med
270 1318 26 15 en
310 1312 91 28 järnväg
415 1313 47 21 från
478 1314 80 21 Iisalmi
573 1314 31 20 till
621 1313 88 27 Kajana.
738 1313 49 26 Om,
803 1313 71 21 såsom
887 1313 38 26 jag
940 1312 88 23 befarar,

205 1343 71 19 staten
300 1347 63 15 anses
386 1348 29 14 nu
438 1342 46 21 icke
498 1342 52 21 böra
565 1342 70 27 bygga
649 1341 52 22 flere
713 1342 116 27 järnvägar
843 1342 7 20 i
866 1342 63 20 dessa
943 1340 86 23 trakter.

204 1369 40 21 bör
259 1370 131 21 åtminstone
406 1370 40 21 den
459 1370 97 27 järnväg,
577 1376 46 16 som
639 1370 86 27 bygges,
740 1370 69 27 gifvas
825 1376 26 14 en
867 1370 100 26 riktning,
982 1375 46 15 som

205 1398 114 27 möjliggör
341 1398 123 27 byggandet
484 1398 22 22 af
519 1405 26 15 en
561 1399 126 27 privatbana
700 1398 47 22 från
763 1398 68 27 Lappi
846 1398 78 21 station
940 1397 31 22 till
986 1398 43 20 Ka-

200 1425 131 27 janabanan.
361 1426 49 22 Men
432 1427 80 21 enhvar
530 1427 157 27 sakförståndig
701 1428 59 20 inser
775 1429 32 19 att
822 1427 58 21 detta
896 1426 39 21 blir
949 1426 81 26 möjligt

205 1454 77 22 endast
305 1461 34 15 om
355 1455 83 27 Kajana
450 1456 92 27 järnväg
555 1456 64 21 berör
634 1456 64 21 södra
713 1456 61 20 delen
790 1455 23 21 af
826 1455 120 21 Uleäträsk.
976 1454 53 22 Skil-

204 1482 91 22 naden
283 1478 13 37 i
310 1483 233 28 anläggningskostnad
558 1484 115 21 motiveras
689 1484 54 25 fullt,
766 1484 28 21 dä
816 1484 124 26 därigenom
957 1483 72 20 ställas
