1086 1759
190 89 41 37 134
549 100 100 21 Järnväg.
927 100 24 17 18
963 100 51 16 febr.

189 174 100 27 möjligen
305 174 132 27 Mäntyluoto
455 175 142 26 undantagen,
614 182 34 14 om
668 175 84 21 hvilken
769 176 36 20 det
820 177 23 19 är
858 174 32 21 för
907 174 61 27 tidigt
984 178 30 17 att

190 203 68 21 uttala
280 203 38 26 sig.
348 204 62 20 Hvad
433 204 46 20 åter
501 204 121 26 Uleåborgs
645 204 64 20 hamn
727 204 72 26 angår,
815 204 24 20 så
854 203 37 21 har
904 203 110 27 järnvägs-

189 231 102 25 komitén,
306 232 84 20 hvilken
406 232 7 20 i
428 232 58 21 afton
503 232 70 21 blifvit
588 233 108 26 åberopad
712 232 38 22 och
766 232 84 21 hvilken
866 234 71 19 ansett
952 232 62 21 Uleå-

190 260 65 26 borgs
279 260 62 21 hamn
364 260 51 21 böra
439 260 67 27 gifvas
529 260 107 22 företräde
650 260 87 22 framför
753 261 136 25 Brahestads,
905 261 7 20 i
927 261 37 20 sitt
978 266 36 15 an-

189 288 89 22 förande
294 290 54 20 varit
366 288 51 22 offer
433 289 32 21 för
481 296 25 14 en
524 289 118 26 villfarelse,
659 290 128 20 därutinnan
803 290 105 26 nämligen
930 291 31 19 att
978 289 36 21 ko-

190 317 66 21 mitén
275 318 82 26 antagit
376 320 31 18 att
422 318 90 26 Toppila
528 318 55 21 sund
599 325 29 14 nu
644 318 99 27 erbjuder
758 318 30 22 4,8
804 320 67 19 meter
886 318 50 20 eller
953 318 61 26 15!/,

189 345 31 21 fot
243 348 72 19 vatten
339 346 38 21 och
397 348 31 20 att
447 347 36 21 det
498 346 51 27 djup
565 347 30 25 5,6
610 349 68 19 meter
693 347 50 21 eller
760 347 61 26 18!/,
837 346 36 24 fot,
889 346 31 21 till
936 346 78 20 hvilket

190 374 36 21 det
240 376 24 20 är
286 374 69 22 afsedt
369 377 31 19 att
418 376 153 26 uppmuddras,
587 376 49 20 med
652 376 99 20 säkerhet
765 376 42 20 kan
823 376 68 20 ernås.
922 375 92 25 Kompe-

190 405 60 19 tenta
265 410 103 20 personer
383 404 7 20 i
407 404 107 26 Uleåborg
537 404 90 27 upplysa
642 406 32 19 att
690 404 77 21 sundet
777 404 46 21 icke
834 404 40 20 kan
887 404 65 20 hållas
961 409 53 20 upp-

192 432 116 21 muddradt
322 432 31 21 till
369 434 68 19 större
461 433 50 26 djup
535 434 25 19 än
584 433 30 21 4,2
633 435 68 19 meter
720 433 51 21 eller
787 433 27 20 14
829 432 36 23 fot,
882 432 72 21 såvida
968 431 46 21 icke

192 460 99 27 samtliga
312 461 57 27 kajer
389 461 140 21 underkastas
550 462 142 26 ombyggnad.
722 461 93 27 Kajerna
833 462 61 20 bestå
908 460 105 26 nämligen

190 488 22 22 af.
234 489 94 27 pålvärk,
351 496 45 14 som
420 492 23 18 är
466 490 82 21 försedt
569 490 47 21 med
637 492 45 19 täta
697 492 79 25 väggar
792 490 74 21 endast
883 490 30 20 till
931 490 26 20 14
971 488 43 22 fots

190 518 59 26 djup.
280 518 151 27 Uppmuddras
454 519 77 21 sundet
552 519 30 21 till
601 520 69 20 större
686 519 57 26 djup,
759 525 59 14 rasar
834 519 40 20 den
890 518 46 21 lösa
952 518 61 21 sand-

186 546 78 26 jorden
288 547 80 27 mycket
385 548 38 20 lätt
437 548 22 20 in
475 547 76 21 mellan
567 547 87 27 pålarna
670 548 39 20 och
724 547 62 27 fyller
802 548 35 20 det
854 546 160 28 uppmuddrade

190 578 99 18 rummet.
319 576 64 20 Detta
398 576 41 21 kan
455 576 104 27 afhjälpas
575 578 14 19 t.
605 582 30 15 ex.
651 582 76 20 genom
742 576 120 26 byggandet
873 575 23 21 af
904 582 25 14 en
941 575 73 27 plank-

191 606 62 24 vägg,
274 610 46 15 som
337 605 5 20 i
358 605 40 20 den
419 605 48 20 mån
486 605 142 26 muddringen
644 604 131 22 fortskrider,
792 604 79 21 drifves
887 610 37 15 ner
940 604 73 20 innan-

189 632 33 21 för
239 633 115 26 pålvärket,
369 640 48 14 men
434 633 118 21 kostnaden
568 633 32 21 för
616 640 26 14 en
659 634 64 20 såden
740 633 134 27 ombyggnad
885 632 23 22 af
916 632 96 27 samtliga

190 661 59 27 kajer
271 662 6 20 i
300 662 107 26 Uleåborg
432 662 61 21 torde
516 661 74 22 kräfva
611 662 77 26 många
702 662 104 26 miljoner.
836 662 78 21 Härtill
929 661 85 21 komma

191 690 78 26 många
285 690 66 21 andra
365 690 219 27 anmärkningsvärda
599 691 118 21 nackdelar.
730 697 45 15 som
792 690 131 21 förekomma
933 690 7 20 i
951 690 62 21 Uleå-

190 718 60 27 borg,
266 725 48 14 men
330 719 77 21 saknas
423 720 35 20 vid
473 719 90 21 hamnen
580 720 6 20 i
602 720 125 20 Brahestad.
753 719 104 21 Särskildt
873 719 41 20 kan
925 720 88 19 nämnas

190 747 41 21 den
255 747 97 27 ofantligt
375 748 62 26 långa
459 748 111 25 lotsleden,
592 748 78 21 mellan
688 748 28 21 30
736 748 39 21 och
790 748 28 20 40
834 747 74 27 sjömil.
939 747 75 21 Denna

190 775 64 27 långa
269 776 76 21 lotsied
361 776 66 27 ligger
444 779 35 18 ute
496 777 6 20 i
517 778 71 25 öppna
603 777 77 21 hafvet.
711 777 46 20 Den
774 776 40 21 kan
830 776 45 21 icke
891 776 82 26 belysas
985 776 28 20 så.

189 806 32 19 att
237 804 90 21 hamnen
343 805 70 21 kunde
429 805 87 27 anlöpas
530 806 95 25 nattetid,
641 806 73 20 såvida
728 805 46 21 icke
785 805 104 21 oerhörda
900 804 114 21 kostnader

191 833 123 27 nedläggas.
344 834 38 20 Att
403 834 71 26 belysa
497 840 26 14 en
544 834 64 20 sådan
624 834 67 21 farled
707 834 48 20 med
770 833 97 27 flytbojer
883 833 50 21 eller
948 832 66 21 andra

191 861 71 27 dylika
285 862 174 26 lysinrättningar
482 862 67 21 skulle
572 862 68 21 tarfva
663 869 25 14 en
709 862 92 21 kostnad
823 862 22 20 af
857 868 38 20 par
911 861 103 27 miljoner.

191 890 50 20 Men
259 890 57 21 detta
332 893 22 18 är
369 890 32 21 för
417 888 82 30 mycket
514 891 32 21 för
562 898 26 14 en
604 891 69 25 hamn,
690 898 44 14 som
747 892 23 19 är
782 892 70 25 öppen
863 890 75 21 endast
949 890 65 26 nägra

191 919 103 21 mänader
309 919 22 21 af
344 920 52 20 äret.

259 947 106 27 Utförliga
387 948 110 26 ritningar,
513 948 88 21 likasom
621 948 182 27 mätningskartor
825 947 58 21 öfver
902 947 90 21 hamnen
1010 947 4 19 i

194 975 119 22 Brahestad
336 976 51 21 skall
407 977 38 26 jag
468 976 61 22 hafva
551 979 50 19 äran
620 976 131 22 öfverlämna
766 976 31 21 till
807 976 207 26 järnvägsutskottet

189 1004 58 21 inom
264 1005 66 26 nägra
345 1006 70 26 dagar.
445 1006 41 26 Jag
501 1005 93 21 anhäller
609 1005 107 27 nämligen
734 1004 131 22 fortfarande
873 1007 31 18 att
915 1004 99 26 borgare-

189 1033 87 21 ständet
293 1034 47 20 ville
356 1034 108 20 remittera
479 1034 116 26 petitionen
612 1034 30 21 till
656 1034 215 26 järnvägsutskottet.

261 1091 33 20 Hr
310 1091 144 21 Kerttula:
485 1092 57 20 Minä
558 1098 24 14 en
600 1091 63 21 tahdo
679 1093 58 19 tässä
753 1093 76 18 ruveta
841 1090 173 21 saivartelemaan

189 1119 39 21 hra
251 1119 118 26 Lagerlötin
393 1120 79 20 kanssa
494 1120 69 20 näistä
582 1120 159 26 pikkuasioista.
766 1119 117 27 Mainitsen
896 1118 53 26 vain,
961 1118 53 20 niin-

190 1148 52 20 kuin
258 1135 71 33 kaikki
347 1148 121 26 tietänevät,
484 1150 41 19 että
542 1148 93 21 Oulussa
651 1154 27 14 on
695 1148 68 32 satoja
779 1148 75 20 vuosia
864 1135 104 33 kulkenut
977 1146 37 21 lai-

191 1176 49 26 voja
252 1176 24 26 ja
291 1176 62 27 hyvin
370 1183 27 14 ne
413 1180 49 18 ovat
477 1179 103 19 osanneet
596 1179 108 19 satamaan
718 1177 23 26 ja
756 1176 48 21 siitä
816 1176 47 26 pois
875 1176 46 20 eikä
931 1175 82 21 haaksi-

189 1204 84 27 rikkoja
289 1205 33 20 ole
338 1205 133 26 tapahtunut.
501 1205 52 21 Mitä
568 1207 88 19 muuten
675 1205 56 21 tulee
749 1204 72 21 näihin
840 1204 37 21 hra
895 1202 119 28 Lagerlöfin

192 1233 125 21 moitteisiin
337 1233 72 21 Oulun
432 1234 124 24 haminasta,
572 1234 42 20 niin
631 1234 83 26 pyydän
738 1234 73 20 viitata
833 1233 38 20 hra
886 1232 128 26 Lindbergin

190 1261 136 23 lausuntoon,
340 1262 59 26 jossa
415 1264 59 24 myös
491 1251 70 32 Oulun
579 1262 187 21 satamasuhteista
782 1262 91 20 tehdään
890 1261 78 21 selkoa.

259 1319 33 20 Hr
309 1319 192 27 Schybergson:
531 1320 41 26 Jag
587 1322 45 18 tror
648 1319 44 26 mig
707 1320 52 20 böra
775 1318 66 21 uttala
857 1318 42 21 min
910 1318 104 20 tacksam-

189 1347 37 21 het
235 1347 33 21 för
277 1349 31 19 att
319 1348 25 20 de
352 1348 63 20 ärade
424 1348 93 20 talarena
528 1348 23 20 sä
562 1347 32 21 väl
605 1348 109 20 bibehällit
724 1347 155 21 traditionerna
888 1346 58 21 inom
957 1346 57 20 stän-

189 1376 43 20 det.
262 1376 48 20 Den
332 1376 61 21 förda
412 1376 149 21 diskussionen
581 1376 110 27 päminner
707 1376 31 21 till
754 1376 41 20 den
812 1376 51 26 grad
879 1381 35 15 om
930 1375 26 20 de
972 1380 42 14 me-

190 1404 160 27 ningsutbyten,
373 1411 45 14 som
435 1405 35 20 vid
491 1405 89 27 tidigare
595 1404 125 27 landtdagar
736 1406 36 24 egt
787 1410 48 14 rum
851 1403 76 21 mellan
943 1408 71 21 repre-

190 1435 140 19 sentanterna
358 1433 27 27 pä
409 1421 166 33 Kristinestads-
600 1433 39 21 och
665 1421 184 33 Kasköbänkarna
873 1432 39 20 och
937 1431 76 21 mellan

190 1464 202 23 representanterna
414 1462 27 26 pä
461 1462 154 26 Björneborgs-
631 1461 38 21 och
686 1461 199 21 Raumobänkarna.
915 1460 43 20 Det
972 1459 42 21 för-

189 1489 67 21 vänar
272 1490 44 26 mig
330 1493 30 18 att
377 1490 149 21 debattörerna
542 1491 5 20 i
563 1490 47 26 dag,
626 1496 46 15 som
688 1492 37 19 äro
741 1496 41 20 nya
797 1490 7 20 i
819 1489 85 21 ståndet
920 1488 38 21 och
970 1488 44 20 icke
