1086 1745
68 115 26 17 18
107 115 60 20 april.
384 107 182 33 Dissenterlagen.
857 108 42 21 429

72 184 103 27 siirtyvät.
204 183 81 22 Milloin
302 183 70 27 pakko
387 183 58 21 tulee
460 183 162 27 kysymykseen,
639 183 69 21 silloin
724 183 19 21 ei
758 183 141 27 vanhempien

67 213 24 26 ja
113 212 75 27 lapsen
211 212 41 21 väli
274 211 34 22 ole
326 212 140 23 semmoinen,
482 213 44 20 että
541 211 136 22 vanhemmat
692 213 53 20 enää
760 212 139 21 sanottavasti

71 241 72 21 voivat
165 241 78 20 mitään
264 241 108 21 vaikuttaa
394 240 76 27 lapsen
489 240 174 21 uskonnolliseen
680 240 88 21 mieleen
781 240 24 27 ja
821 240 78 21 uskon-

70 269 104 22 nolliseen
190 269 163 22 kasvatukseen.
382 269 27 22 Ja
424 269 72 21 silloin
512 275 27 15 on
555 269 71 27 pakon
642 269 144 27 käyttäminen
800 269 99 21 vanhem-

70 298 50 27 pien
143 297 95 27 puolelta
258 298 74 27 lapsen
348 297 262 27 omantunnonvapauden
627 297 133 27 polkemista.
789 297 112 27 Vaikkapa

70 326 89 27 lapselle
182 327 33 24 12,
238 327 32 24 13,
294 327 27 20 14
342 327 85 20 vuoden
450 326 58 27 ijällä
530 326 19 21 ei
568 326 103 21 olekkaan
688 326 80 21 selvillä
783 325 72 22 kaikki
870 326 30 21 eri

71 355 159 26 uskon-oppien
253 355 87 26 dogmat
359 355 23 27 ja
406 355 115 26 ongelmat,
538 357 82 19 saattaa
634 355 84 21 hänellä
732 354 111 22 kuitenkin
859 354 41 21 olla

71 383 165 22 uskonnollinen
259 383 109 22 tunnelma
390 383 103 28 hyvinkin
515 383 125 28 kehittynyt.
662 383 163 22 uskonnollinen
844 383 56 21 mieli

71 412 101 26 hyvinkin
192 412 58 21 vireä
269 412 22 26 ja
314 412 56 25 arka,
390 412 24 26 ja
429 412 85 21 hänellä
529 414 81 19 saattaa
626 412 42 21 olla
682 412 154 21 vaistomainen
853 418 47 15 vas-

70 440 146 27 tenmielisyys
237 440 59 27 juuri
316 440 40 22 sitä
374 440 227 28 kirkkoyhdyskuntaa
614 440 23 28 ja
652 447 38 15 sen
706 440 85 27 menoja
806 444 94 21 vastaan,

67 469 68 27 johon
159 469 136 22 vanhemmat
317 470 103 27 siirtyvät.
451 469 138 22 Muistettava
610 469 97 27 myöskin
723 476 34 18 on,
773 471 44 19 että
832 469 69 27 lapset

72 498 124 21 tavallisesti
213 498 80 21 tulevat
308 497 97 22 kouluun
418 498 24 27 jo
458 499 13 20 8
488 498 43 21 tahi
546 498 13 21 9
575 499 85 20 vuoden
676 498 61 27 ijällä,
750 498 23 27 ja
789 498 53 25 sillä,
849 497 52 28 joka

72 527 103 21 koulussa
197 533 28 14 on
248 529 77 19 saanut
348 527 226 27 uskonnon-opetusta
596 527 20 25 4,
634 527 19 25 5,
669 527 13 21 6
699 529 79 23 vuotta,
793 527 71 26 pitäisi
877 526 23 27 jo

72 557 89 20 sentään
177 555 41 21 olla
230 555 98 27 jotenkin
345 555 57 22 selvä
418 555 81 28 käsitys
516 562 36 15 sen
569 555 131 27 uskon-opin
712 555 135 27 perusteista,
855 555 46 27 jota

72 583 83 22 hänelle
178 590 27 15 on
229 586 102 25 opetettu.
361 584 75 21 Pakon
460 584 144 27 käyttäminen
627 584 201 27 puheena-olevissa
843 586 57 24 tapa-

73 612 85 25 uksissa
180 613 57 20 näitä
259 613 68 26 lapsia
349 615 90 19 vastaan
460 613 48 21 olisi
524 613 247 21 suvaitsemattomuutta
784 613 23 26 ja
823 614 77 20 sortoa,

69 641 48 26 jota
132 641 19 21 ei
170 641 42 21 lain
227 641 72 27 pitäisi
313 641 66 22 sallia.
410 641 43 22 Sen
468 644 119 25 ymmärtää
599 641 108 28 jokainen,
720 641 51 28 joka
786 641 59 21 asiaa
859 643 41 20 tar-

73 669 93 22 kemmin
181 669 103 28 ajattelee.

143 698 59 27 Sopii
223 699 93 26 mainita,
332 700 44 20 että
396 699 128 21 Itävallassa
538 699 108 21 voimassa
661 699 74 21 olevan
751 698 41 21 lain
810 698 90 21 mukaan

73 727 60 26 lapsi,
152 727 52 26 joka
222 733 27 15 on
265 729 105 25 täyttänyt
392 727 115 22 seitsemän
532 729 79 23 vuotta,
627 728 19 21 ei
662 727 33 21 ole
710 727 127 21 velvollinen
853 733 47 15 seu-

73 761 100 16 raamaan
189 756 160 27 vanhempiaan,
362 756 36 27 jos
409 755 27 22 he
447 756 82 21 toiseen
541 756 153 27 uskon-oppiin
706 758 105 19 menevät.
826 756 73 27 Myön-

73 784 122 26 nettäköön,
219 786 44 19 että
285 791 24 14 se
331 784 80 27 ikäraja
434 791 28 14 on
483 785 50 20 liian
553 785 105 21 alhainen.
688 785 70 20 Mutta
774 785 27 20 12
816 785 84 20 vuoden

73 813 81 26 ikäraja
169 819 27 15 on
212 813 61 21 aivan
289 813 125 27 paikallaan.

142 841 191 22 Anomusehdotus
353 842 23 27 ja
398 842 128 22 vastalause.
548 842 72 21 mikäli
639 849 26 14 ne
680 842 104 21 koskevat
799 843 44 20 tätä
857 841 43 21 ikä-

73 869 64 27 rajaa,
160 872 126 24 perustuvat
309 870 227 27 uskonnonvapauden
556 871 208 26 väärinkäsitykseen
780 870 23 27 ja
818 870 82 21 väärin-

74 898 128 27 käsitettyyn
225 898 221 28 vapaamielisyyteen.
478 899 129 21 Ennemmin
623 899 57 21 minä
695 898 121 28 puolestani
839 898 61 22 olisin

73 927 137 27 taipuvainen
229 927 133 21 alentamaan
378 934 38 14 sen
432 928 101 26 ikärajan,
545 928 68 26 jonka
628 928 163 21 saavuttamista
805 927 95 21 eriusko-

73 955 83 22 laislaki
172 956 63 21 vaatii
249 956 54 23 siltä,
315 956 52 27 joka
381 956 42 21 itse
438 956 74 22 tahtoo
528 956 73 27 siirtyä
611 956 82 22 toiseen
704 956 196 27 kirkkoyhdyskun-

73 988 57 17 taan.
159 985 70 20 Mutta
245 985 56 20 minä
317 985 78 27 tyydyn
412 985 90 21 siinäkin
518 985 84 22 kohden
619 985 157 27 hyväksymään
792 985 108 21 valiokun-

74 1019 42 15 nan
131 1013 124 21 mietinnön.

144 1071 33 20 Hr
193 1071 136 21 Sundvall:
360 1071 58 22 Utan
438 1071 73 21 tvifvel
527 1071 38 21 hör
581 1071 36 21 det
632 1071 31 21 till
679 1071 27 21 de
720 1073 56 19 mest
791 1070 110 27 vanskliga

73 1099 41 20 och
129 1099 63 21 svära
207 1099 62 22 saker
284 1101 31 20 att
336 1100 48 21 med
400 1101 32 20 ett
446 1100 54 21 ärtal
516 1100 118 21 bestämma
650 1100 40 21 den
701 1099 142 27 äldersgräns,
854 1105 46 15 som

74 1127 53 21 skall
143 1127 106 28 berättiga
263 1135 26 14 en
306 1128 112 21 människa
432 1130 33 19 att
475 1128 87 27 öfvergä
572 1128 46 21 frän
630 1131 31 19 ett
670 1128 148 21 trossamfund
829 1128 31 21 till
871 1130 30 19 ett

73 1157 72 20 annat.
175 1157 47 20 Den
245 1163 40 15 ena
307 1163 90 21 mognar
417 1157 25 27 ju
466 1157 83 27 mycket
567 1157 90 27 tidigare
672 1159 27 19 än
714 1157 41 21 den
771 1157 72 21 andra.
873 1156 28 21 Sä

73 1184 60 21 oviss
150 1185 38 26 jag
207 1185 70 22 därför
296 1185 55 22 varit
365 1186 8 20 i
388 1185 49 22 mitt
452 1186 67 25 sinne,
535 1186 106 21 huruvida
656 1186 163 27 äldersgränsen
835 1185 26 21 21
878 1185 23 21 är

74 1213 67 21 borde
163 1213 122 27 bibehällas,
301 1214 27 21 dä
343 1214 36 21 det
394 1214 67 27 gäller
476 1220 26 15 en
518 1215 66 20 sädan
600 1214 122 27 öfvergäng,
737 1214 25 21 sä
777 1213 124 28 öfvertygad

74 1241 45 21 blef
137 1241 38 28 jag
197 1249 77 20 genom
297 1243 67 26 nägra
384 1243 40 21 ord
438 1243 8 20 i
461 1243 166 26 reservationen,
643 1243 106 27 nämligen
767 1249 39 14 »en
822 1242 78 21 älders-

74 1270 141 28 bestämning,
238 1277 46 15 som
307 1273 24 19 är
349 1271 64 21 altför
430 1271 50 28 hög,
498 1271 42 22 kan
555 1271 68 28 aldrig
638 1271 95 22 medföra
749 1271 24 22 sä
788 1271 114 26 ödesdigra

74 1297 104 28 påföljder
199 1306 47 14 som
267 1306 26 14 en
315 1299 34 21 för
371 1299 35 27 låg
424 1300 142 27 åldersgräns,
582 1302 51 19 enär
652 1300 139 27 -olägenheten
806 1299 33 21 för
854 1299 47 25 den,

75 1333 46 15 som
127 1323 8 38 '
143 1327 36 21 vid
201 1334 26 15 en
250 1328 90 27 tidigare
362 1328 59 21 ålder
445 1328 36 21 vill
500 1328 86 28 öfvergä
601 1328 31 22 till
648 1331 65 19 annat
727 1327 174 29 kyrkosamfund,

73 1356 78 21 endast
173 1356 72 22 bestär
261 1356 6 21 i
283 1358 31 20 ett
336 1357 135 27 nödtvunget
494 1356 94 28 uppskof
608 1357 24 21 af
650 1359 31 19 ett
696 1357 50 21 eller
763 1357 66 27 nägra
842 1356 22 22 fä
878 1356 23 21 är

75 1384 48 21 med
139 1384 104 22 beslutets
262 1385 163 21 realiserande».
456 1386 70 21 Dessa
541 1386 39 21 ord
595 1386 63 21 hafva
672 1385 121 27 öfvertygat
808 1385 44 27 mig
866 1391 35 15 om

74 1414 32 27 att
128 1413 37 21 det
186 1413 55 22 dock
262 1413 47 22 icke
329 1414 68 27 ligger
418 1414 25 22 sä
458 1416 46 19 stor
520 1414 58 22 makt
593 1414 27 27 pä
636 1415 40 21 den
692 1414 7 21 i
714 1414 117 27 petitionen
846 1413 55 21 före-

75 1441 75 27 slagna
171 1442 119 27 ändringen
305 1442 47 21 frän
368 1442 26 22 18
411 1442 32 22 till
458 1443 26 21 21
501 1443 29 25 &r,
545 1444 32 20 att
592 1443 21 21 vi
628 1442 70 22 skulle
712 1442 91 22 behöfva
817 1442 84 27 petitio-

74 1476 53 15 nera
141 1476 36 15 om
192 1476 27 15 en
235 1471 134 27 proposition
385 1471 7 21 i
408 1471 59 22 detta
482 1471 107 22 afseende.
