<?xml version="1.0" encoding="UTF-8"?>
<alto xmlns="http://www.loc.gov/standards/alto/ns-v3#" xmlns:xlink="http://www.w3.org/1999/xlink" xmlns:xsi="http://www.w3.org/2001/XMLSchema-instance" xsi:schemaLocation="http://www.loc.gov/standards/alto/ns-v3# http://www.loc.gov/alto/v3/alto-3-0.xsd">
	<Description>
		<MeasurementUnit>pixel</MeasurementUnit>
		<sourceImageInformation>
			<fileName>/tmp/tess_fckha26n_input.PNG</fileName>
		</sourceImageInformation>
		<OCRProcessing ID="OCR_0">
			<ocrProcessingStep>
				<processingSoftware>
					<softwareName>tesseract 5.3.4</softwareName>
				</processingSoftware>
			</ocrProcessingStep>
		</OCRProcessing>
	</Description>
	<Layout>
		<Page WIDTH="1084" HEIGHT="1745" PHYSICAL_IMG_NR="0" ID="page_0">
			<PrintSpace HPOS="0" VPOS="0" WIDTH="1084" HEIGHT="1745">
				<ComposedBlock ID="cblock_0" HPOS="210" VPOS="92" WIDTH="825" HEIGHT="40">
					<TextBlock ID="block_0" HPOS="210" VPOS="92" WIDTH="825" HEIGHT="40">
						<TextLine ID="line_0" HPOS="210" VPOS="92" WIDTH="825" HEIGHT="40">
							<String ID="string_0" HPOS="210" VPOS="98" WIDTH="29" HEIGHT="21" WC="0.96" CONTENT="92"/><SP WIDTH="334" VPOS="98" HPOS="239"/>
							<String ID="string_1" HPOS="573" VPOS="92" WIDTH="100" HEIGHT="40" WC="0.91" CONTENT="Järnväg."/><SP WIDTH="273" VPOS="92" HPOS="673"/>
							<String ID="string_2" HPOS="946" VPOS="105" WIDTH="25" HEIGHT="17" WC="0.91" CONTENT="10"/><SP WIDTH="12" VPOS="105" HPOS="971"/>
							<String ID="string_3" HPOS="983" VPOS="105" WIDTH="52" HEIGHT="16" WC="0.96" CONTENT="febr."/>
						</TextLine>
					</TextBlock>
				</ComposedBlock>
				<ComposedBlock ID="cblock_1" HPOS="209" VPOS="172" WIDTH="830" HEIGHT="541">
					<TextBlock ID="block_1" HPOS="210" VPOS="172" WIDTH="829" HEIGHT="172">
						<TextLine ID="line_1" HPOS="210" VPOS="172" WIDTH="829" HEIGHT="29">
							<String ID="string_4" HPOS="210" VPOS="172" WIDTH="56" HEIGHT="21" WC="0.88" CONTENT="blott"/><SP WIDTH="22" VPOS="172" HPOS="266"/>
							<String ID="string_5" HPOS="288" VPOS="173" WIDTH="66" HEIGHT="27" WC="0.91" CONTENT="nägra"/><SP WIDTH="21" VPOS="173" HPOS="354"/>
							<String ID="string_6" HPOS="375" VPOS="173" WIDTH="117" HEIGHT="22" WC="0.95" CONTENT="kilometer."/><SP WIDTH="29" VPOS="173" HPOS="492"/>
							<String ID="string_7" HPOS="521" VPOS="175" WIDTH="32" HEIGHT="26" WC="0.96" CONTENT="Ty"/><SP WIDTH="22" VPOS="175" HPOS="553"/>
							<String ID="string_8" HPOS="575" VPOS="175" WIDTH="37" HEIGHT="20" WC="0.94" CONTENT="det"/><SP WIDTH="22" VPOS="175" HPOS="612"/>
							<String ID="string_9" HPOS="634" VPOS="175" WIDTH="38" HEIGHT="20" WC="0.93" CONTENT="bör"/><SP WIDTH="23" VPOS="175" HPOS="672"/>
							<String ID="string_10" HPOS="695" VPOS="174" WIDTH="84" HEIGHT="21" WC="0.92" CONTENT="märkas"/><SP WIDTH="22" VPOS="174" HPOS="779"/>
							<String ID="string_11" HPOS="801" VPOS="176" WIDTH="32" HEIGHT="19" WC="0.96" CONTENT="att"/><SP WIDTH="20" VPOS="176" HPOS="833"/>
							<String ID="string_12" HPOS="853" VPOS="180" WIDTH="26" HEIGHT="15" WC="0.93" CONTENT="en"/><SP WIDTH="16" VPOS="180" HPOS="879"/>
							<String ID="string_13" HPOS="895" VPOS="173" WIDTH="106" HEIGHT="28" WC="0.92" CONTENT="krökning"/><SP WIDTH="14" VPOS="173" HPOS="1001"/>
							<String ID="string_14" HPOS="1015" VPOS="173" WIDTH="24" HEIGHT="22" WC="0.97" CONTENT="af"/>
						</TextLine>
						<TextLine ID="line_2" HPOS="210" VPOS="201" WIDTH="826" HEIGHT="29">
							<String ID="string_15" HPOS="210" VPOS="201" WIDTH="70" HEIGHT="21" WC="0.91" CONTENT="banan"/><SP WIDTH="15" VPOS="201" HPOS="280"/>
							<String ID="string_16" HPOS="295" VPOS="201" WIDTH="28" HEIGHT="27" WC="0.96" CONTENT="pä"/><SP WIDTH="15" VPOS="201" HPOS="323"/>
							<String ID="string_17" HPOS="338" VPOS="202" WIDTH="75" HEIGHT="21" WC="0.95" CONTENT="endast"/><SP WIDTH="15" VPOS="202" HPOS="413"/>
							<String ID="string_18" HPOS="428" VPOS="204" WIDTH="33" HEIGHT="19" WC="0.97" CONTENT="tre"/><SP WIDTH="15" VPOS="204" HPOS="461"/>
							<String ID="string_19" HPOS="476" VPOS="203" WIDTH="112" HEIGHT="21" WC="0.96" CONTENT="kilometer"/><SP WIDTH="16" VPOS="203" HPOS="588"/>
							<String ID="string_20" HPOS="604" VPOS="203" WIDTH="89" HEIGHT="27" WC="0.96" CONTENT="ungefär"/><SP WIDTH="12" VPOS="203" HPOS="693"/>
							<String ID="string_21" HPOS="705" VPOS="205" WIDTH="121" HEIGHT="19" WC="0.93" CONTENT="motsvarar"/><SP WIDTH="10" VPOS="205" HPOS="826"/>
							<String ID="string_22" HPOS="836" VPOS="202" WIDTH="200" HEIGHT="27" WC="0.92" CONTENT="omlastningskost-"/>
						</TextLine>
						<TextLine ID="line_3" HPOS="210" VPOS="229" WIDTH="824" HEIGHT="30">
							<String ID="string_23" HPOS="210" VPOS="229" WIDTH="76" HEIGHT="22" WC="0.94" CONTENT="naden."/><SP WIDTH="29" VPOS="229" HPOS="286"/>
							<String ID="string_24" HPOS="315" VPOS="230" WIDTH="154" HEIGHT="22" WC="0.95" CONTENT="Erfarenheten"/><SP WIDTH="23" VPOS="230" HPOS="469"/>
							<String ID="string_25" HPOS="492" VPOS="231" WIDTH="46" HEIGHT="22" WC="0.93" CONTENT="från"/><SP WIDTH="24" VPOS="231" HPOS="538"/>
							<String ID="string_26" HPOS="562" VPOS="231" WIDTH="118" HEIGHT="28" WC="0.95" CONTENT="Humppila"/><SP WIDTH="22" VPOS="231" HPOS="680"/>
							<String ID="string_27" HPOS="702" VPOS="231" WIDTH="84" HEIGHT="26" WC="0.96" CONTENT="station,"/><SP WIDTH="23" VPOS="231" HPOS="786"/>
							<String ID="string_28" HPOS="809" VPOS="231" WIDTH="38" HEIGHT="21" WC="0.96" CONTENT="där"/><SP WIDTH="19" VPOS="231" HPOS="847"/>
							<String ID="string_29" HPOS="866" VPOS="231" WIDTH="7" HEIGHT="20" WC="0.96" CONTENT="i"/><SP WIDTH="15" VPOS="231" HPOS="873"/>
							<String ID="string_30" HPOS="888" VPOS="231" WIDTH="41" HEIGHT="21" WC="0.96" CONTENT="alla"/><SP WIDTH="21" VPOS="231" HPOS="929"/>
							<String ID="string_31" HPOS="950" VPOS="231" WIDTH="36" HEIGHT="21" WC="0.96" CONTENT="fall"/><SP WIDTH="23" VPOS="231" HPOS="986"/>
							<String ID="string_32" HPOS="1009" VPOS="237" WIDTH="25" HEIGHT="14" WC="0.97" CONTENT="en"/>
						</TextLine>
						<TextLine ID="line_4" HPOS="210" VPOS="258" WIDTH="826" HEIGHT="28">
							<String ID="string_33" HPOS="210" VPOS="258" WIDTH="131" HEIGHT="27" WC="0.96" CONTENT="omlastning"/><SP WIDTH="14" VPOS="258" HPOS="341"/>
							<String ID="string_34" HPOS="355" VPOS="258" WIDTH="106" HEIGHT="28" WC="0.95" CONTENT="försiggår"/><SP WIDTH="15" VPOS="258" HPOS="461"/>
							<String ID="string_35" HPOS="476" VPOS="259" WIDTH="24" HEIGHT="22" WC="0.93" CONTENT="af"/><SP WIDTH="12" VPOS="259" HPOS="500"/>
							<String ID="string_36" HPOS="512" VPOS="260" WIDTH="77" HEIGHT="22" WC="0.53" CONTENT="35,000"/><SP WIDTH="16" VPOS="260" HPOS="589"/>
							<String ID="string_37" HPOS="605" VPOS="262" WIDTH="43" HEIGHT="24" WC="0.96" CONTENT="ton,"/><SP WIDTH="16" VPOS="262" HPOS="648"/>
							<String ID="string_38" HPOS="664" VPOS="260" WIDTH="31" HEIGHT="21" WC="0.96" CONTENT="till"/><SP WIDTH="16" VPOS="260" HPOS="695"/>
							<String ID="string_39" HPOS="711" VPOS="262" WIDTH="45" HEIGHT="19" WC="0.96" CONTENT="stor"/><SP WIDTH="16" VPOS="262" HPOS="756"/>
							<String ID="string_40" HPOS="772" VPOS="259" WIDTH="34" HEIGHT="22" WC="0.93" CONTENT="del"/><SP WIDTH="15" VPOS="259" HPOS="806"/>
							<String ID="string_41" HPOS="821" VPOS="266" WIDTH="70" HEIGHT="19" WC="0.96" CONTENT="varor,"/><SP WIDTH="13" VPOS="266" HPOS="891"/>
							<String ID="string_42" HPOS="904" VPOS="259" WIDTH="132" HEIGHT="27" WC="0.95" CONTENT="som"/><SP WIDTH="-81" VPOS="259" HPOS="1036"/>
							<String ID="string_43" HPOS="955" VPOS="254" WIDTH="10" HEIGHT="37" WC="0.93" CONTENT="i"/><SP WIDTH="11" VPOS="254" HPOS="965"/>
							<String ID="string_44" HPOS="976" VPOS="259" WIDTH="60" HEIGHT="27" WC="0.96" CONTENT="fråga"/>
						</TextLine>
						<TextLine ID="line_5" HPOS="210" VPOS="287" WIDTH="826" HEIGHT="28">
							<String ID="string_45" HPOS="210" VPOS="293" WIDTH="35" HEIGHT="14" WC="0.90" CONTENT="om"/><SP WIDTH="24" VPOS="293" HPOS="245"/>
							<String ID="string_46" HPOS="269" VPOS="287" WIDTH="130" HEIGHT="27" WC="0.94" CONTENT="omlastning"/><SP WIDTH="22" VPOS="287" HPOS="399"/>
							<String ID="string_47" HPOS="421" VPOS="290" WIDTH="37" HEIGHT="19" WC="0.93" CONTENT="äro"/><SP WIDTH="24" VPOS="290" HPOS="458"/>
							<String ID="string_48" HPOS="482" VPOS="295" WIDTH="145" HEIGHT="20" WC="0.90" CONTENT="ogynsamma,"/><SP WIDTH="24" VPOS="295" HPOS="627"/>
							<String ID="string_49" HPOS="651" VPOS="289" WIDTH="70" HEIGHT="21" WC="0.94" CONTENT="såsom"/><SP WIDTH="20" VPOS="289" HPOS="721"/>
							<String ID="string_50" HPOS="741" VPOS="290" WIDTH="103" HEIGHT="23" WC="0.94" CONTENT="trävaror,"/><SP WIDTH="16" VPOS="290" HPOS="844"/>
							<String ID="string_51" HPOS="860" VPOS="288" WIDTH="84" HEIGHT="21" WC="0.92" CONTENT="stenkol"/><SP WIDTH="15" VPOS="288" HPOS="944"/>
							<String ID="string_52" HPOS="959" VPOS="294" WIDTH="28" HEIGHT="15" WC="0.95" CONTENT="m."/><SP WIDTH="15" VPOS="294" HPOS="987"/>
							<String ID="string_53" HPOS="1002" VPOS="294" WIDTH="34" HEIGHT="20" WC="0.87" CONTENT="m.,"/>
						</TextLine>
						<TextLine ID="line_6" HPOS="210" VPOS="315" WIDTH="702" HEIGHT="29">
							<String ID="string_54" HPOS="210" VPOS="315" WIDTH="57" HEIGHT="21" WC="0.95" CONTENT="visar"/><SP WIDTH="16" VPOS="315" HPOS="267"/>
							<String ID="string_55" HPOS="283" VPOS="317" WIDTH="31" HEIGHT="20" WC="0.96" CONTENT="att"/><SP WIDTH="15" VPOS="317" HPOS="314"/>
							<String ID="string_56" HPOS="329" VPOS="316" WIDTH="70" HEIGHT="21" WC="0.93" CONTENT="denna"/><SP WIDTH="15" VPOS="316" HPOS="399"/>
							<String ID="string_57" HPOS="414" VPOS="317" WIDTH="126" HEIGHT="27" WC="0.91" CONTENT="utgiftspost"/><SP WIDTH="15" VPOS="317" HPOS="540"/>
							<String ID="string_58" HPOS="555" VPOS="317" WIDTH="46" HEIGHT="21" WC="0.96" CONTENT="icke"/><SP WIDTH="15" VPOS="317" HPOS="601"/>
							<String ID="string_59" HPOS="616" VPOS="319" WIDTH="23" HEIGHT="19" WC="0.96" CONTENT="är"/><SP WIDTH="16" VPOS="319" HPOS="639"/>
							<String ID="string_60" HPOS="655" VPOS="317" WIDTH="23" HEIGHT="21" WC="0.96" CONTENT="af"/><SP WIDTH="13" VPOS="317" HPOS="678"/>
							<String ID="string_61" HPOS="691" VPOS="317" WIDTH="70" HEIGHT="27" WC="0.96" CONTENT="någon"/><SP WIDTH="17" VPOS="317" HPOS="761"/>
							<String ID="string_62" HPOS="778" VPOS="317" WIDTH="134" HEIGHT="27" WC="0.96" CONTENT="betydenhet."/>
						</TextLine>
					</TextBlock>
					<TextBlock ID="block_2" HPOS="209" VPOS="344" WIDTH="826" HEIGHT="314">
						<TextLine ID="line_7" HPOS="279" VPOS="344" WIDTH="756" HEIGHT="28">
							<String ID="string_63" HPOS="279" VPOS="344" WIDTH="33" HEIGHT="21" WC="0.96" CONTENT="En"/><SP WIDTH="23" VPOS="344" HPOS="312"/>
							<String ID="string_64" HPOS="335" VPOS="351" WIDTH="70" HEIGHT="15" WC="0.95" CONTENT="annan"/><SP WIDTH="25" VPOS="351" HPOS="405"/>
							<String ID="string_65" HPOS="430" VPOS="345" WIDTH="38" HEIGHT="21" WC="0.96" CONTENT="sak"/><SP WIDTH="22" VPOS="345" HPOS="468"/>
							<String ID="string_66" HPOS="490" VPOS="347" WIDTH="24" HEIGHT="19" WC="0.96" CONTENT="är"/><SP WIDTH="22" VPOS="347" HPOS="514"/>
							<String ID="string_67" HPOS="536" VPOS="346" WIDTH="47" HEIGHT="25" WC="0.95" CONTENT="den,"/><SP WIDTH="19" VPOS="346" HPOS="583"/>
							<String ID="string_68" HPOS="602" VPOS="345" WIDTH="55" HEIGHT="22" WC="0.96" CONTENT="hvad"/><SP WIDTH="16" VPOS="345" HPOS="657"/>
							<String ID="string_69" HPOS="673" VPOS="352" WIDTH="48" HEIGHT="15" WC="0.96" CONTENT="man"/><SP WIDTH="17" VPOS="352" HPOS="721"/>
							<String ID="string_70" HPOS="738" VPOS="345" WIDTH="48" HEIGHT="21" WC="0.96" CONTENT="med"/><SP WIDTH="16" VPOS="345" HPOS="786"/>
							<String ID="string_71" HPOS="802" VPOS="351" WIDTH="26" HEIGHT="15" WC="0.96" CONTENT="en"/><SP WIDTH="13" VPOS="351" HPOS="828"/>
							<String ID="string_72" HPOS="841" VPOS="345" WIDTH="92" HEIGHT="27" WC="0.96" CONTENT="järnväg"/><SP WIDTH="14" VPOS="345" HPOS="933"/>
							<String ID="string_73" HPOS="947" VPOS="344" WIDTH="88" HEIGHT="28" WC="0.96" CONTENT="åsyftar,"/>
						</TextLine>
						<TextLine ID="line_8" HPOS="210" VPOS="373" WIDTH="824" HEIGHT="28">
							<String ID="string_74" HPOS="210" VPOS="379" WIDTH="35" HEIGHT="14" WC="0.96" CONTENT="om"/><SP WIDTH="16" VPOS="379" HPOS="245"/>
							<String ID="string_75" HPOS="261" VPOS="379" WIDTH="48" HEIGHT="14" WC="0.96" CONTENT="man"/><SP WIDTH="17" VPOS="379" HPOS="309"/>
							<String ID="string_76" HPOS="326" VPOS="373" WIDTH="87" HEIGHT="22" WC="0.96" CONTENT="därmed"/><SP WIDTH="14" VPOS="373" HPOS="413"/>
							<String ID="string_77" HPOS="427" VPOS="373" WIDTH="89" HEIGHT="22" WC="0.96" CONTENT="framför"/><SP WIDTH="10" VPOS="373" HPOS="516"/>
							<String ID="string_78" HPOS="526" VPOS="374" WIDTH="30" HEIGHT="21" WC="0.96" CONTENT="alt"/><SP WIDTH="15" VPOS="374" HPOS="556"/>
							<String ID="string_79" HPOS="571" VPOS="374" WIDTH="38" HEIGHT="21" WC="0.96" CONTENT="har"/><SP WIDTH="15" VPOS="374" HPOS="609"/>
							<String ID="string_80" HPOS="624" VPOS="375" WIDTH="7" HEIGHT="20" WC="0.96" CONTENT="i"/><SP WIDTH="15" VPOS="375" HPOS="631"/>
							<String ID="string_81" HPOS="646" VPOS="375" WIDTH="54" HEIGHT="20" WC="0.96" CONTENT="sikte"/><SP WIDTH="13" VPOS="375" HPOS="700"/>
							<String ID="string_82" HPOS="713" VPOS="375" WIDTH="40" HEIGHT="20" WC="0.96" CONTENT="den"/><SP WIDTH="17" VPOS="375" HPOS="753"/>
							<String ID="string_83" HPOS="770" VPOS="374" WIDTH="161" HEIGHT="27" WC="0.96" CONTENT="genomgående"/><SP WIDTH="15" VPOS="374" HPOS="931"/>
							<String ID="string_84" HPOS="946" VPOS="373" WIDTH="88" HEIGHT="21" WC="0.96" CONTENT="trafiken"/>
						</TextLine>
						<TextLine ID="line_9" HPOS="210" VPOS="401" WIDTH="825" HEIGHT="28">
							<String ID="string_85" HPOS="210" VPOS="401" WIDTH="51" HEIGHT="20" WC="0.96" CONTENT="eller"/><SP WIDTH="16" VPOS="401" HPOS="261"/>
							<String ID="string_86" HPOS="277" VPOS="401" WIDTH="55" HEIGHT="21" WC="0.96" CONTENT="lokal"/><SP WIDTH="17" VPOS="401" HPOS="332"/>
							<String ID="string_87" HPOS="349" VPOS="401" WIDTH="66" HEIGHT="22" WC="0.91" CONTENT="trafik."/><SP WIDTH="30" VPOS="401" HPOS="415"/>
							<String ID="string_88" HPOS="445" VPOS="403" WIDTH="43" HEIGHT="20" WC="0.95" CONTENT="För"/><SP WIDTH="15" VPOS="403" HPOS="488"/>
							<String ID="string_89" HPOS="503" VPOS="403" WIDTH="44" HEIGHT="20" WC="0.96" CONTENT="min"/><SP WIDTH="15" VPOS="403" HPOS="547"/>
							<String ID="string_90" HPOS="562" VPOS="403" WIDTH="34" HEIGHT="21" WC="0.96" CONTENT="del"/><SP WIDTH="16" VPOS="403" HPOS="596"/>
							<String ID="string_91" HPOS="612" VPOS="403" WIDTH="38" HEIGHT="21" WC="0.96" CONTENT="har"/><SP WIDTH="12" VPOS="403" HPOS="650"/>
							<String ID="string_92" HPOS="662" VPOS="403" WIDTH="38" HEIGHT="26" WC="0.95" CONTENT="jag"/><SP WIDTH="14" VPOS="403" HPOS="700"/>
							<String ID="string_93" HPOS="714" VPOS="403" WIDTH="90" HEIGHT="21" WC="0.95" CONTENT="kommit"/><SP WIDTH="10" VPOS="403" HPOS="804"/>
							<String ID="string_94" HPOS="814" VPOS="403" WIDTH="32" HEIGHT="20" WC="0.95" CONTENT="till"/><SP WIDTH="12" VPOS="403" HPOS="846"/>
							<String ID="string_95" HPOS="858" VPOS="403" WIDTH="40" HEIGHT="20" WC="0.93" CONTENT="den"/><SP WIDTH="11" VPOS="403" HPOS="898"/>
							<String ID="string_96" HPOS="909" VPOS="402" WIDTH="126" HEIGHT="27" WC="0.92" CONTENT="öfvertygel-"/>
						</TextLine>
						<TextLine ID="line_10" HPOS="211" VPOS="430" WIDTH="823" HEIGHT="28">
							<String ID="string_97" HPOS="211" VPOS="435" WIDTH="45" HEIGHT="20" WC="0.96" CONTENT="sen,"/><SP WIDTH="15" VPOS="435" HPOS="256"/>
							<String ID="string_98" HPOS="271" VPOS="432" WIDTH="32" HEIGHT="19" WC="0.95" CONTENT="att"/><SP WIDTH="22" VPOS="432" HPOS="303"/>
							<String ID="string_99" HPOS="325" VPOS="430" WIDTH="27" HEIGHT="21" WC="0.96" CONTENT="de"/><SP WIDTH="23" VPOS="430" HPOS="352"/>
							<String ID="string_100" HPOS="375" VPOS="431" WIDTH="140" HEIGHT="27" WC="0.96" CONTENT="smalspåriga"/><SP WIDTH="19" VPOS="431" HPOS="515"/>
							<String ID="string_101" HPOS="534" VPOS="432" WIDTH="96" HEIGHT="21" WC="0.96" CONTENT="banorna"/><SP WIDTH="15" VPOS="432" HPOS="630"/>
							<String ID="string_102" HPOS="645" VPOS="431" WIDTH="65" HEIGHT="22" WC="0.93" CONTENT="värka"/><SP WIDTH="14" VPOS="431" HPOS="710"/>
							<String ID="string_103" HPOS="724" VPOS="431" WIDTH="217" HEIGHT="26" WC="0.91" CONTENT="anmärkningsvärdt"/><SP WIDTH="14" VPOS="431" HPOS="941"/>
							<String ID="string_104" HPOS="955" VPOS="430" WIDTH="79" HEIGHT="27" WC="0.92" CONTENT="upplif-"/>
						</TextLine>
						<TextLine ID="line_11" HPOS="210" VPOS="458" WIDTH="824" HEIGHT="29">
							<String ID="string_105" HPOS="210" VPOS="458" WIDTH="69" HEIGHT="21" WC="0.96" CONTENT="vande"/><SP WIDTH="22" VPOS="458" HPOS="279"/>
							<String ID="string_106" HPOS="301" VPOS="459" WIDTH="28" HEIGHT="26" WC="0.96" CONTENT="på"/><SP WIDTH="22" VPOS="459" HPOS="329"/>
							<String ID="string_107" HPOS="351" VPOS="459" WIDTH="88" HEIGHT="27" WC="0.96" CONTENT="bygden,"/><SP WIDTH="16" VPOS="459" HPOS="439"/>
							<String ID="string_108" HPOS="455" VPOS="459" WIDTH="26" HEIGHT="22" WC="0.96" CONTENT="de"/><SP WIDTH="15" VPOS="459" HPOS="481"/>
							<String ID="string_109" HPOS="496" VPOS="459" WIDTH="20" HEIGHT="22" WC="0.93" CONTENT="få"/><SP WIDTH="16" VPOS="459" HPOS="516"/>
							<String ID="string_110" HPOS="532" VPOS="460" WIDTH="65" HEIGHT="21" WC="0.92" CONTENT="ökadt"/><SP WIDTH="14" VPOS="460" HPOS="597"/>
							<String ID="string_111" HPOS="611" VPOS="460" WIDTH="25" HEIGHT="21" WC="0.96" CONTENT="lif"/><SP WIDTH="13" VPOS="460" HPOS="636"/>
							<String ID="string_112" HPOS="649" VPOS="462" WIDTH="31" HEIGHT="19" WC="0.96" CONTENT="att"/><SP WIDTH="15" VPOS="462" HPOS="680"/>
							<String ID="string_113" HPOS="695" VPOS="460" WIDTH="84" HEIGHT="27" WC="0.96" CONTENT="uppstå,"/><SP WIDTH="16" VPOS="460" HPOS="779"/>
							<String ID="string_114" HPOS="795" VPOS="460" WIDTH="26" HEIGHT="21" WC="0.96" CONTENT="de"/><SP WIDTH="15" VPOS="460" HPOS="821"/>
							<String ID="string_115" HPOS="836" VPOS="459" WIDTH="20" HEIGHT="22" WC="0.96" CONTENT="få"/><SP WIDTH="11" VPOS="459" HPOS="856"/>
							<String ID="string_116" HPOS="867" VPOS="466" WIDTH="41" HEIGHT="20" WC="0.96" CONTENT="nya"/><SP WIDTH="10" VPOS="466" HPOS="908"/>
							<String ID="string_117" HPOS="918" VPOS="459" WIDTH="116" HEIGHT="22" WC="0.96" CONTENT="industrier"/>
						</TextLine>
						<TextLine ID="line_12" HPOS="209" VPOS="487" WIDTH="826" HEIGHT="28">
							<String ID="string_118" HPOS="209" VPOS="488" WIDTH="32" HEIGHT="19" WC="0.96" CONTENT="att"/><SP WIDTH="23" VPOS="488" HPOS="241"/>
							<String ID="string_119" HPOS="264" VPOS="487" WIDTH="135" HEIGHT="26" WC="0.96" CONTENT="uppkomma,"/><SP WIDTH="23" VPOS="487" HPOS="399"/>
							<String ID="string_120" HPOS="422" VPOS="488" WIDTH="32" HEIGHT="21" WC="0.95" CONTENT="till"/><SP WIDTH="22" VPOS="488" HPOS="454"/>
							<String ID="string_121" HPOS="476" VPOS="488" WIDTH="71" HEIGHT="21" WC="0.93" CONTENT="hvilka"/><SP WIDTH="17" VPOS="488" HPOS="547"/>
							<String ID="string_122" HPOS="564" VPOS="489" WIDTH="71" HEIGHT="26" WC="0.92" CONTENT="bispår"/><SP WIDTH="16" VPOS="489" HPOS="635"/>
							<String ID="string_123" HPOS="651" VPOS="491" WIDTH="50" HEIGHT="19" WC="0.96" CONTENT="utan"/><SP WIDTH="16" VPOS="491" HPOS="701"/>
							<String ID="string_124" HPOS="717" VPOS="488" WIDTH="109" HEIGHT="27" WC="0.96" CONTENT="svårighet"/><SP WIDTH="14" VPOS="488" HPOS="826"/>
							<String ID="string_125" HPOS="840" VPOS="488" WIDTH="74" HEIGHT="21" WC="0.96" CONTENT="kunna"/><SP WIDTH="14" VPOS="488" HPOS="914"/>
							<String ID="string_126" HPOS="928" VPOS="488" WIDTH="65" HEIGHT="25" WC="0.96" CONTENT="ledas,"/><SP WIDTH="15" VPOS="488" HPOS="993"/>
							<String ID="string_127" HPOS="1008" VPOS="488" WIDTH="27" HEIGHT="21" WC="0.96" CONTENT="de"/>
						</TextLine>
						<TextLine ID="line_13" HPOS="211" VPOS="515" WIDTH="822" HEIGHT="29">
							<String ID="string_128" HPOS="211" VPOS="515" WIDTH="65" HEIGHT="21" WC="0.96" CONTENT="värka"/><SP WIDTH="22" VPOS="515" HPOS="276"/>
							<String ID="string_129" HPOS="298" VPOS="516" WIDTH="48" HEIGHT="21" WC="0.95" CONTENT="med"/><SP WIDTH="23" VPOS="516" HPOS="346"/>
							<String ID="string_130" HPOS="369" VPOS="518" WIDTH="31" HEIGHT="19" WC="0.95" CONTENT="ett"/><SP WIDTH="22" VPOS="518" HPOS="400"/>
							<String ID="string_131" HPOS="422" VPOS="517" WIDTH="39" HEIGHT="21" WC="0.97" CONTENT="ord"/><SP WIDTH="21" VPOS="517" HPOS="461"/>
							<String ID="string_132" HPOS="482" VPOS="523" WIDTH="45" HEIGHT="15" WC="0.93" CONTENT="mer"/><SP WIDTH="22" VPOS="523" HPOS="527"/>
							<String ID="string_133" HPOS="549" VPOS="517" WIDTH="137" HEIGHT="27" WC="0.91" CONTENT="upplifvande"/><SP WIDTH="16" VPOS="517" HPOS="686"/>
							<String ID="string_134" HPOS="702" VPOS="519" WIDTH="25" HEIGHT="19" WC="0.93" CONTENT="än"/><SP WIDTH="17" VPOS="519" HPOS="727"/>
							<String ID="string_135" HPOS="744" VPOS="517" WIDTH="140" HEIGHT="27" WC="0.92" CONTENT="bredspåriga"/><SP WIDTH="15" VPOS="517" HPOS="884"/>
							<String ID="string_136" HPOS="899" VPOS="517" WIDTH="72" HEIGHT="25" WC="0.96" CONTENT="banor,"/><SP WIDTH="16" VPOS="517" HPOS="971"/>
							<String ID="string_137" HPOS="987" VPOS="523" WIDTH="46" HEIGHT="14" WC="0.95" CONTENT="som"/>
						</TextLine>
						<TextLine ID="line_14" HPOS="209" VPOS="543" WIDTH="825" HEIGHT="30">
							<String ID="string_138" HPOS="209" VPOS="543" WIDTH="94" HEIGHT="22" WC="0.92" CONTENT="förnämt"/><SP WIDTH="22" VPOS="543" HPOS="303"/>
							<String ID="string_139" HPOS="325" VPOS="551" WIDTH="26" HEIGHT="14" WC="0.93" CONTENT="en"/><SP WIDTH="22" VPOS="551" HPOS="351"/>
							<String ID="string_140" HPOS="373" VPOS="545" WIDTH="50" HEIGHT="21" WC="0.93" CONTENT="eller"/><SP WIDTH="15" VPOS="545" HPOS="423"/>
							<String ID="string_141" HPOS="438" VPOS="552" WIDTH="70" HEIGHT="15" WC="0.96" CONTENT="annan"/><SP WIDTH="17" VPOS="552" HPOS="508"/>
							<String ID="string_142" HPOS="525" VPOS="546" WIDTH="56" HEIGHT="27" WC="0.96" CONTENT="gång"/><SP WIDTH="15" VPOS="546" HPOS="581"/>
							<String ID="string_143" HPOS="596" VPOS="553" WIDTH="35" HEIGHT="14" WC="0.96" CONTENT="om"/><SP WIDTH="16" VPOS="553" HPOS="631"/>
							<String ID="string_144" HPOS="647" VPOS="546" WIDTH="67" HEIGHT="27" WC="0.96" CONTENT="dagen"/><SP WIDTH="16" VPOS="546" HPOS="714"/>
							<String ID="string_145" HPOS="730" VPOS="545" WIDTH="45" HEIGHT="22" WC="0.96" CONTENT="fara"/><SP WIDTH="15" VPOS="545" HPOS="775"/>
							<String ID="string_146" HPOS="790" VPOS="547" WIDTH="33" HEIGHT="19" WC="0.96" CONTENT="sin"/><SP WIDTH="16" VPOS="547" HPOS="823"/>
							<String ID="string_147" HPOS="839" VPOS="547" WIDTH="42" HEIGHT="25" WC="0.96" CONTENT="väg"/><SP WIDTH="14" VPOS="547" HPOS="881"/>
							<String ID="string_148" HPOS="895" VPOS="545" WIDTH="59" HEIGHT="21" WC="0.95" CONTENT="fram."/><SP WIDTH="30" VPOS="545" HPOS="954"/>
							<String ID="string_149" HPOS="984" VPOS="545" WIDTH="50" HEIGHT="21" WC="0.96" CONTENT="Men"/>
						</TextLine>
						<TextLine ID="line_15" HPOS="210" VPOS="573" WIDTH="824" HEIGHT="28">
							<String ID="string_150" HPOS="210" VPOS="579" WIDTH="34" HEIGHT="14" WC="0.96" CONTENT="om"/><SP WIDTH="17" VPOS="579" HPOS="244"/>
							<String ID="string_151" HPOS="261" VPOS="579" WIDTH="48" HEIGHT="14" WC="0.93" CONTENT="man"/><SP WIDTH="16" VPOS="579" HPOS="309"/>
							<String ID="string_152" HPOS="325" VPOS="573" WIDTH="56" HEIGHT="21" WC="0.91" CONTENT="afser"/><SP WIDTH="16" VPOS="573" HPOS="381"/>
							<String ID="string_153" HPOS="397" VPOS="574" WIDTH="40" HEIGHT="21" WC="0.96" CONTENT="den"/><SP WIDTH="16" VPOS="574" HPOS="437"/>
							<String ID="string_154" HPOS="453" VPOS="575" WIDTH="160" HEIGHT="26" WC="0.95" CONTENT="genomgående"/><SP WIDTH="11" VPOS="575" HPOS="613"/>
							<String ID="string_155" HPOS="624" VPOS="574" WIDTH="88" HEIGHT="21" WC="0.95" CONTENT="trafiken"/><SP WIDTH="11" VPOS="574" HPOS="712"/>
							<String ID="string_156" HPOS="723" VPOS="574" WIDTH="89" HEIGHT="21" WC="0.96" CONTENT="emellan"/><SP WIDTH="12" VPOS="574" HPOS="812"/>
							<String ID="string_157" HPOS="824" VPOS="576" WIDTH="60" HEIGHT="19" WC="0.93" CONTENT="stora"/><SP WIDTH="10" VPOS="576" HPOS="884"/>
							<String ID="string_158" HPOS="894" VPOS="573" WIDTH="140" HEIGHT="26" WC="0.91" CONTENT="trafikcentra,"/>
						</TextLine>
						<TextLine ID="line_16" HPOS="210" VPOS="601" WIDTH="825" HEIGHT="28">
							<String ID="string_159" HPOS="210" VPOS="601" WIDTH="101" HEIGHT="21" WC="0.93" CONTENT="särskildt"/><SP WIDTH="22" VPOS="601" HPOS="311"/>
							<String ID="string_160" HPOS="333" VPOS="603" WIDTH="236" HEIGHT="26" WC="0.92" CONTENT="passageraretrafiken,"/><SP WIDTH="24" VPOS="603" HPOS="569"/>
							<String ID="string_161" HPOS="593" VPOS="603" WIDTH="26" HEIGHT="21" WC="0.96" CONTENT="då"/><SP WIDTH="22" VPOS="603" HPOS="619"/>
							<String ID="string_162" HPOS="641" VPOS="605" WIDTH="24" HEIGHT="19" WC="0.95" CONTENT="är"/><SP WIDTH="23" VPOS="605" HPOS="665"/>
							<String ID="string_163" HPOS="688" VPOS="603" WIDTH="36" HEIGHT="21" WC="0.95" CONTENT="det"/><SP WIDTH="23" VPOS="603" HPOS="724"/>
							<String ID="string_164" HPOS="747" VPOS="603" WIDTH="66" HEIGHT="21" WC="0.96" CONTENT="breda"/><SP WIDTH="21" VPOS="603" HPOS="813"/>
							<String ID="string_165" HPOS="834" VPOS="603" WIDTH="72" HEIGHT="26" WC="0.96" CONTENT="spåret"/><SP WIDTH="15" VPOS="603" HPOS="906"/>
							<String ID="string_166" HPOS="921" VPOS="603" WIDTH="48" HEIGHT="20" WC="0.96" CONTENT="med"/><SP WIDTH="15" VPOS="603" HPOS="969"/>
							<String ID="string_167" HPOS="984" VPOS="603" WIDTH="51" HEIGHT="20" WC="0.95" CONTENT="dess"/>
						</TextLine>
						<TextLine ID="line_17" HPOS="211" VPOS="631" WIDTH="681" HEIGHT="27">
							<String ID="string_168" HPOS="211" VPOS="631" WIDTH="70" HEIGHT="19" WC="0.96" CONTENT="större"/><SP WIDTH="16" VPOS="631" HPOS="281"/>
							<String ID="string_169" HPOS="297" VPOS="631" WIDTH="105" HEIGHT="20" WC="0.96" CONTENT="snabbhet"/><SP WIDTH="15" VPOS="631" HPOS="402"/>
							<String ID="string_170" HPOS="417" VPOS="631" WIDTH="39" HEIGHT="21" WC="0.96" CONTENT="och"/><SP WIDTH="16" VPOS="631" HPOS="456"/>
							<String ID="string_171" HPOS="472" VPOS="633" WIDTH="69" HEIGHT="19" WC="0.96" CONTENT="större"/><SP WIDTH="16" VPOS="633" HPOS="541"/>
							<String ID="string_172" HPOS="557" VPOS="631" WIDTH="157" HEIGHT="27" WC="0.96" CONTENT="bekvämlighet"/><SP WIDTH="14" VPOS="631" HPOS="714"/>
							<String ID="string_173" HPOS="728" VPOS="633" WIDTH="32" HEIGHT="20" WC="0.93" CONTENT="att"/><SP WIDTH="14" VPOS="633" HPOS="760"/>
							<String ID="string_174" HPOS="774" VPOS="631" WIDTH="118" HEIGHT="27" WC="0.91" CONTENT="föredraga."/>
						</TextLine>
					</TextBlock>
					<TextBlock ID="block_3" HPOS="210" VPOS="659" WIDTH="825" HEIGHT="54">
						<TextLine ID="line_18" HPOS="278" VPOS="659" WIDTH="757" HEIGHT="28">
							<String ID="string_175" HPOS="278" VPOS="659" WIDTH="43" HEIGHT="26" WC="0.95" CONTENT="Jag"/><SP WIDTH="19" VPOS="659" HPOS="321"/>
							<String ID="string_176" HPOS="340" VPOS="659" WIDTH="94" HEIGHT="21" WC="0.96" CONTENT="anhåller"/><SP WIDTH="16" VPOS="659" HPOS="434"/>
							<String ID="string_177" HPOS="450" VPOS="661" WIDTH="30" HEIGHT="20" WC="0.96" CONTENT="att"/><SP WIDTH="16" VPOS="661" HPOS="480"/>
							<String ID="string_178" HPOS="496" VPOS="660" WIDTH="58" HEIGHT="21" WC="0.93" CONTENT="detta"/><SP WIDTH="15" VPOS="660" HPOS="554"/>
							<String ID="string_179" HPOS="569" VPOS="660" WIDTH="211" HEIGHT="27" WC="0.91" CONTENT="petitionsmemorial"/><SP WIDTH="16" VPOS="660" HPOS="780"/>
							<String ID="string_180" HPOS="796" VPOS="660" WIDTH="120" HEIGHT="21" WC="0.96" CONTENT="remitteras"/><SP WIDTH="16" VPOS="660" HPOS="916"/>
							<String ID="string_181" HPOS="932" VPOS="659" WIDTH="31" HEIGHT="21" WC="0.92" CONTENT="till"/><SP WIDTH="12" VPOS="659" HPOS="963"/>
							<String ID="string_182" HPOS="975" VPOS="659" WIDTH="60" HEIGHT="27" WC="0.90" CONTENT="järn-"/>
						</TextLine>
						<TextLine ID="line_19" HPOS="210" VPOS="687" WIDTH="164" HEIGHT="26">
							<String ID="string_183" HPOS="210" VPOS="687" WIDTH="164" HEIGHT="26" WC="0.91" CONTENT="vägsutskottet."/>
						</TextLine>
					</TextBlock>
				</ComposedBlock>
				<ComposedBlock ID="cblock_2" HPOS="209" VPOS="755" WIDTH="826" HEIGHT="86">
					<TextBlock ID="block_4" HPOS="209" VPOS="755" WIDTH="826" HEIGHT="86">
						<TextLine ID="line_20" HPOS="278" VPOS="755" WIDTH="757" HEIGHT="28">
							<String ID="string_184" HPOS="278" VPOS="755" WIDTH="49" HEIGHT="21" WC="0.96" CONTENT="Med"/><SP WIDTH="16" VPOS="755" HPOS="327"/>
							<String ID="string_185" HPOS="343" VPOS="755" WIDTH="57" HEIGHT="21" WC="0.95" CONTENT="bifall"/><SP WIDTH="16" VPOS="755" HPOS="400"/>
							<String ID="string_186" HPOS="416" VPOS="756" WIDTH="31" HEIGHT="21" WC="0.96" CONTENT="till"/><SP WIDTH="15" VPOS="756" HPOS="447"/>
							<String ID="string_187" HPOS="462" VPOS="757" WIDTH="25" HEIGHT="20" WC="0.93" CONTENT="hr"/><SP WIDTH="17" VPOS="757" HPOS="487"/>
							<String ID="string_188" HPOS="504" VPOS="757" WIDTH="201" HEIGHT="26" WC="0.89" CONTENT="Schybergsons"/><SP WIDTH="14" VPOS="757" HPOS="705"/>
							<String ID="string_189" HPOS="719" VPOS="757" WIDTH="97" HEIGHT="21" WC="0.96" CONTENT="anhållan"/><SP WIDTH="13" VPOS="757" HPOS="816"/>
							<String ID="string_190" HPOS="829" VPOS="757" WIDTH="69" HEIGHT="20" WC="0.96" CONTENT="beslöt"/><SP WIDTH="11" VPOS="757" HPOS="898"/>
							<String ID="string_191" HPOS="909" VPOS="757" WIDTH="84" HEIGHT="20" WC="0.93" CONTENT="ståndet"/><SP WIDTH="8" VPOS="757" HPOS="993"/>
							<String ID="string_192" HPOS="1001" VPOS="762" WIDTH="34" HEIGHT="15" WC="0.93" CONTENT="re-"/>
						</TextLine>
						<TextLine ID="line_21" HPOS="210" VPOS="783" WIDTH="825" HEIGHT="29">
							<String ID="string_193" HPOS="210" VPOS="783" WIDTH="86" HEIGHT="21" WC="0.92" CONTENT="mittera"/><SP WIDTH="17" VPOS="783" HPOS="296"/>
							<String ID="string_194" HPOS="313" VPOS="784" WIDTH="88" HEIGHT="21" WC="0.95" CONTENT="ärendet"/><SP WIDTH="15" VPOS="784" HPOS="401"/>
							<String ID="string_195" HPOS="416" VPOS="785" WIDTH="31" HEIGHT="20" WC="0.93" CONTENT="till"/><SP WIDTH="13" VPOS="785" HPOS="447"/>
							<String ID="string_196" HPOS="460" VPOS="785" WIDTH="215" HEIGHT="27" WC="0.91" CONTENT="järnvägsutskottet,"/><SP WIDTH="17" VPOS="785" HPOS="675"/>
							<String ID="string_197" HPOS="692" VPOS="792" WIDTH="44" HEIGHT="14" WC="0.96" CONTENT="som"/><SP WIDTH="14" VPOS="792" HPOS="736"/>
							<String ID="string_198" HPOS="750" VPOS="791" WIDTH="76" HEIGHT="21" WC="0.92" CONTENT="genom"/><SP WIDTH="11" VPOS="791" HPOS="826"/>
							<String ID="string_199" HPOS="837" VPOS="785" WIDTH="198" HEIGHT="27" WC="0.92" CONTENT="protokollsutdrag"/>
						</TextLine>
						<TextLine ID="line_22" HPOS="209" VPOS="811" WIDTH="661" HEIGHT="30">
							<String ID="string_200" HPOS="209" VPOS="811" WIDTH="62" HEIGHT="21" WC="0.96" CONTENT="äfven"/><SP WIDTH="16" VPOS="811" HPOS="271"/>
							<String ID="string_201" HPOS="287" VPOS="812" WIDTH="69" HEIGHT="21" WC="0.96" CONTENT="skulle"/><SP WIDTH="15" VPOS="812" HPOS="356"/>
							<String ID="string_202" HPOS="371" VPOS="813" WIDTH="79" HEIGHT="21" WC="0.96" CONTENT="erhålla"/><SP WIDTH="15" VPOS="813" HPOS="450"/>
							<String ID="string_203" HPOS="465" VPOS="813" WIDTH="34" HEIGHT="22" WC="0.96" CONTENT="del"/><SP WIDTH="15" VPOS="813" HPOS="499"/>
							<String ID="string_204" HPOS="514" VPOS="813" WIDTH="23" HEIGHT="22" WC="0.96" CONTENT="af"/><SP WIDTH="13" VPOS="813" HPOS="537"/>
							<String ID="string_205" HPOS="550" VPOS="814" WIDTH="25" HEIGHT="21" WC="0.93" CONTENT="hr"/><SP WIDTH="16" VPOS="814" HPOS="575"/>
							<String ID="string_206" HPOS="591" VPOS="814" WIDTH="160" HEIGHT="27" WC="0.90" CONTENT="Schybergsons"/><SP WIDTH="14" VPOS="814" HPOS="751"/>
							<String ID="string_207" HPOS="765" VPOS="814" WIDTH="105" HEIGHT="27" WC="0.95" CONTENT="yttrande."/>
						</TextLine>
					</TextBlock>
				</ComposedBlock>
				<ComposedBlock ID="cblock_3" HPOS="208" VPOS="1011" WIDTH="826" HEIGHT="56">
					<TextBlock ID="block_5" HPOS="208" VPOS="1011" WIDTH="826" HEIGHT="56">
						<TextLine ID="line_23" HPOS="280" VPOS="1011" WIDTH="754" HEIGHT="28">
							<String ID="string_208" HPOS="280" VPOS="1011" WIDTH="33" HEIGHT="21" WC="0.93" CONTENT="Hr"/><SP WIDTH="16" VPOS="1011" HPOS="313"/>
							<String ID="string_209" HPOS="329" VPOS="1011" WIDTH="118" HEIGHT="22" WC="0.91" CONTENT="Renlund"/><SP WIDTH="16" VPOS="1011" HPOS="447"/>
							<String ID="string_210" HPOS="463" VPOS="1013" WIDTH="99" HEIGHT="26" WC="0.92" CONTENT="uppläste"/><SP WIDTH="16" VPOS="1013" HPOS="562"/>
							<String ID="string_211" HPOS="578" VPOS="1015" WIDTH="31" HEIGHT="19" WC="0.96" CONTENT="ett"/><SP WIDTH="14" VPOS="1015" HPOS="609"/>
							<String ID="string_212" HPOS="623" VPOS="1012" WIDTH="23" HEIGHT="21" WC="0.96" CONTENT="af"/><SP WIDTH="13" VPOS="1012" HPOS="646"/>
							<String ID="string_213" HPOS="659" VPOS="1013" WIDTH="77" HEIGHT="21" WC="0.93" CONTENT="honom"/><SP WIDTH="16" VPOS="1013" HPOS="736"/>
							<String ID="string_214" HPOS="752" VPOS="1012" WIDTH="90" HEIGHT="27" WC="0.92" CONTENT="ingifvet"/><SP WIDTH="10" VPOS="1012" HPOS="842"/>
							<String ID="string_215" HPOS="852" VPOS="1012" WIDTH="182" HEIGHT="27" WC="0.90" CONTENT="petitionsmemo-"/>
						</TextLine>
						<TextLine ID="line_24" HPOS="208" VPOS="1039" WIDTH="285" HEIGHT="28">
							<String ID="string_216" HPOS="208" VPOS="1039" WIDTH="39" HEIGHT="21" WC="0.96" CONTENT="rial"/><SP WIDTH="16" VPOS="1039" HPOS="247"/>
							<String ID="string_217" HPOS="263" VPOS="1039" WIDTH="22" HEIGHT="21" WC="0.96" CONTENT="af"/><SP WIDTH="13" VPOS="1039" HPOS="285"/>
							<String ID="string_218" HPOS="298" VPOS="1039" WIDTH="93" HEIGHT="27" WC="0.96" CONTENT="följande"/><SP WIDTH="15" VPOS="1039" HPOS="391"/>
							<String ID="string_219" HPOS="406" VPOS="1040" WIDTH="87" HEIGHT="27" WC="0.96" CONTENT="lydelse:"/>
						</TextLine>
					</TextBlock>
				</ComposedBlock>
				<ComposedBlock ID="cblock_4" HPOS="501" VPOS="1127" WIDTH="238" HEIGHT="26">
					<TextBlock ID="block_6" HPOS="501" VPOS="1127" WIDTH="238" HEIGHT="26">
						<TextLine ID="line_25" HPOS="501" VPOS="1127" WIDTH="238" HEIGHT="26">
							<String ID="string_220" HPOS="501" VPOS="1127" WIDTH="40" HEIGHT="20" WC="0.93" CONTENT="Till"/><SP WIDTH="16" VPOS="1127" HPOS="541"/>
							<String ID="string_221" HPOS="557" VPOS="1127" WIDTH="182" HEIGHT="26" WC="0.92" CONTENT="borgareståndet."/>
						</TextLine>
					</TextBlock>
				</ComposedBlock>
				<ComposedBlock ID="cblock_5" HPOS="208" VPOS="1193" WIDTH="827" HEIGHT="114">
					<TextBlock ID="block_7" HPOS="208" VPOS="1193" WIDTH="827" HEIGHT="114">
						<TextLine ID="line_26" HPOS="279" VPOS="1193" WIDTH="756" HEIGHT="28">
							<String ID="string_222" HPOS="279" VPOS="1193" WIDTH="69" HEIGHT="21" WC="0.93" CONTENT="Sedan"/><SP WIDTH="13" VPOS="1193" HPOS="348"/>
							<String ID="string_223" HPOS="361" VPOS="1194" WIDTH="205" HEIGHT="27" WC="0.91" CONTENT="järnvägsfrågorna"/><SP WIDTH="20" VPOS="1194" HPOS="566"/>
							<String ID="string_224" HPOS="586" VPOS="1195" WIDTH="143" HEIGHT="22" WC="0.96" CONTENT="behandlades"/><SP WIDTH="16" VPOS="1195" HPOS="729"/>
							<String ID="string_225" HPOS="745" VPOS="1195" WIDTH="35" HEIGHT="22" WC="0.96" CONTENT="vid"/><SP WIDTH="23" VPOS="1195" HPOS="780"/>
							<String ID="string_226" HPOS="803" VPOS="1195" WIDTH="53" HEIGHT="21" WC="0.96" CONTENT="1897"/><SP WIDTH="17" VPOS="1195" HPOS="856"/>
							<String ID="string_227" HPOS="873" VPOS="1195" WIDTH="37" HEIGHT="21" WC="0.93" CONTENT="års"/><SP WIDTH="16" VPOS="1195" HPOS="910"/>
							<String ID="string_228" HPOS="926" VPOS="1195" WIDTH="109" HEIGHT="26" WC="0.90" CONTENT="landtdag,"/>
						</TextLine>
						<TextLine ID="line_27" HPOS="208" VPOS="1221" WIDTH="825" HEIGHT="29">
							<String ID="string_229" HPOS="208" VPOS="1221" WIDTH="38" HEIGHT="21" WC="0.93" CONTENT="har"/><SP WIDTH="18" VPOS="1221" HPOS="246"/>
							<String ID="string_230" HPOS="264" VPOS="1221" WIDTH="94" HEIGHT="22" WC="0.91" CONTENT="komitén"/><SP WIDTH="17" VPOS="1221" HPOS="358"/>
							<String ID="string_231" HPOS="375" VPOS="1221" WIDTH="34" HEIGHT="22" WC="0.91" CONTENT="för"/><SP WIDTH="15" VPOS="1221" HPOS="409"/>
							<String ID="string_232" HPOS="424" VPOS="1223" WIDTH="158" HEIGHT="22" WC="0.91" CONTENT="värkställande"/><SP WIDTH="15" VPOS="1223" HPOS="582"/>
							<String ID="string_233" HPOS="597" VPOS="1223" WIDTH="23" HEIGHT="22" WC="0.96" CONTENT="af"/><SP WIDTH="13" VPOS="1223" HPOS="620"/>
							<String ID="string_234" HPOS="633" VPOS="1223" WIDTH="125" HEIGHT="22" WC="0.96" CONTENT="ekonomisk"/><SP WIDTH="16" VPOS="1223" HPOS="758"/>
							<String ID="string_235" HPOS="774" VPOS="1223" WIDTH="162" HEIGHT="27" WC="0.96" CONTENT="undersökning"/><SP WIDTH="14" VPOS="1223" HPOS="936"/>
							<String ID="string_236" HPOS="950" VPOS="1223" WIDTH="23" HEIGHT="21" WC="0.93" CONTENT="af"/><SP WIDTH="16" VPOS="1223" HPOS="973"/>
							<String ID="string_237" HPOS="989" VPOS="1225" WIDTH="44" HEIGHT="19" WC="0.92" CONTENT="sär-"/>
						</TextLine>
						<TextLine ID="line_28" HPOS="208" VPOS="1249" WIDTH="825" HEIGHT="30">
							<String ID="string_238" HPOS="208" VPOS="1249" WIDTH="69" HEIGHT="22" WC="0.93" CONTENT="skilda"/><SP WIDTH="12" VPOS="1249" HPOS="277"/>
							<String ID="string_239" HPOS="289" VPOS="1250" WIDTH="253" HEIGHT="29" WC="0.91" CONTENT="järnvägssträckningar"/><SP WIDTH="15" VPOS="1250" HPOS="542"/>
							<String ID="string_240" HPOS="557" VPOS="1252" WIDTH="7" HEIGHT="21" WC="0.96" CONTENT="i"/><SP WIDTH="15" VPOS="1252" HPOS="564"/>
							<String ID="string_241" HPOS="579" VPOS="1252" WIDTH="72" HEIGHT="21" WC="0.93" CONTENT="landet"/><SP WIDTH="14" VPOS="1252" HPOS="651"/>
							<String ID="string_242" HPOS="665" VPOS="1252" WIDTH="101" HEIGHT="21" WC="0.91" CONTENT="aflämnat"/><SP WIDTH="11" VPOS="1252" HPOS="766"/>
							<String ID="string_243" HPOS="777" VPOS="1252" WIDTH="47" HEIGHT="21" WC="0.96" CONTENT="sina"/><SP WIDTH="9" VPOS="1252" HPOS="824"/>
							<String ID="string_244" HPOS="833" VPOS="1252" WIDTH="149" HEIGHT="21" WC="0.95" CONTENT="betänkanden"/><SP WIDTH="12" VPOS="1252" HPOS="982"/>
							<String ID="string_245" HPOS="994" VPOS="1251" WIDTH="39" HEIGHT="21" WC="0.95" CONTENT="och"/>
						</TextLine>
						<TextLine ID="line_29" HPOS="208" VPOS="1278" WIDTH="779" HEIGHT="29">
							<String ID="string_246" HPOS="208" VPOS="1278" WIDTH="7" HEIGHT="20" WC="0.96" CONTENT="i"/><SP WIDTH="16" VPOS="1278" HPOS="215"/>
							<String ID="string_247" HPOS="231" VPOS="1285" WIDTH="34" HEIGHT="14" WC="0.88" CONTENT="n:o"/><SP WIDTH="16" VPOS="1285" HPOS="265"/>
							<String ID="string_248" HPOS="281" VPOS="1279" WIDTH="14" HEIGHT="20" WC="0.95" CONTENT="2"/><SP WIDTH="15" VPOS="1279" HPOS="295"/>
							<String ID="string_249" HPOS="310" VPOS="1279" WIDTH="23" HEIGHT="20" WC="0.96" CONTENT="af"/><SP WIDTH="13" VPOS="1279" HPOS="333"/>
							<String ID="string_250" HPOS="346" VPOS="1279" WIDTH="68" HEIGHT="26" WC="0.96" CONTENT="dessa,"/><SP WIDTH="16" VPOS="1279" HPOS="414"/>
							<String ID="string_251" HPOS="430" VPOS="1280" WIDTH="64" HEIGHT="21" WC="0.96" CONTENT="bland"/><SP WIDTH="15" VPOS="1280" HPOS="494"/>
							<String ID="string_252" HPOS="509" VPOS="1281" WIDTH="72" HEIGHT="25" WC="0.96" CONTENT="andra,"/><SP WIDTH="15" VPOS="1281" HPOS="581"/>
							<String ID="string_253" HPOS="596" VPOS="1280" WIDTH="109" HEIGHT="27" WC="0.96" CONTENT="föreslagit"/><SP WIDTH="15" VPOS="1280" HPOS="705"/>
							<String ID="string_254" HPOS="720" VPOS="1280" WIDTH="61" HEIGHT="22" WC="0.96" CONTENT="äfven"/><SP WIDTH="16" VPOS="1280" HPOS="781"/>
							<String ID="string_255" HPOS="797" VPOS="1280" WIDTH="93" HEIGHT="27" WC="0.93" CONTENT="följande"/><SP WIDTH="16" VPOS="1280" HPOS="890"/>
							<String ID="string_256" HPOS="906" VPOS="1280" WIDTH="81" HEIGHT="24" WC="0.87" CONTENT="banor,:"/>
						</TextLine>
					</TextBlock>
				</ComposedBlock>
				<ComposedBlock ID="cblock_6" HPOS="415" VPOS="1347" WIDTH="621" HEIGHT="167">
					<TextBlock ID="block_8" HPOS="416" VPOS="1347" WIDTH="620" HEIGHT="85">
						<TextLine ID="line_30" HPOS="484" VPOS="1347" WIDTH="552" HEIGHT="28">
							<String ID="string_257" HPOS="484" VPOS="1355" WIDTH="26" HEIGHT="13" WC="0.94" CONTENT="en"/><SP WIDTH="24" VPOS="1355" HPOS="510"/>
							<String ID="string_258" HPOS="534" VPOS="1348" WIDTH="54" HEIGHT="21" WC="0.93" CONTENT="bana"/><SP WIDTH="22" VPOS="1348" HPOS="588"/>
							<String ID="string_259" HPOS="610" VPOS="1348" WIDTH="47" HEIGHT="21" WC="0.96" CONTENT="från"/><SP WIDTH="22" VPOS="1348" HPOS="657"/>
							<String ID="string_260" HPOS="679" VPOS="1348" WIDTH="88" HEIGHT="27" WC="0.96" CONTENT="lämplig"/><SP WIDTH="21" VPOS="1348" HPOS="767"/>
							<String ID="string_261" HPOS="788" VPOS="1348" WIDTH="70" HEIGHT="27" WC="0.96" CONTENT="punkt"/><SP WIDTH="14" VPOS="1348" HPOS="858"/>
							<String ID="string_262" HPOS="872" VPOS="1348" WIDTH="7" HEIGHT="21" WC="0.96" CONTENT="i"/><SP WIDTH="15" VPOS="1348" HPOS="879"/>
							<String ID="string_263" HPOS="894" VPOS="1348" WIDTH="103" HEIGHT="21" WC="0.96" CONTENT="närheten"/><SP WIDTH="16" VPOS="1348" HPOS="997"/>
							<String ID="string_264" HPOS="1013" VPOS="1347" WIDTH="23" HEIGHT="21" WC="0.96" CONTENT="af"/>
						</TextLine>
						<TextLine ID="line_31" HPOS="416" VPOS="1376" WIDTH="618" HEIGHT="28">
							<String ID="string_265" HPOS="416" VPOS="1376" WIDTH="97" HEIGHT="21" WC="0.96" CONTENT="Suolahti"/><SP WIDTH="21" VPOS="1376" HPOS="513"/>
							<String ID="string_266" HPOS="534" VPOS="1377" WIDTH="85" HEIGHT="25" WC="0.96" CONTENT="station,"/><SP WIDTH="14" VPOS="1377" HPOS="619"/>
							<String ID="string_267" HPOS="633" VPOS="1376" WIDTH="125" HEIGHT="28" WC="0.96" CONTENT="förslagsvis"/><SP WIDTH="20" VPOS="1376" HPOS="758"/>
							<String ID="string_268" HPOS="778" VPOS="1376" WIDTH="47" HEIGHT="22" WC="0.93" CONTENT="från"/><SP WIDTH="19" VPOS="1376" HPOS="825"/>
							<String ID="string_269" HPOS="844" VPOS="1376" WIDTH="141" HEIGHT="27" WC="0.91" CONTENT="Kapeakoski,"/><SP WIDTH="17" VPOS="1376" HPOS="985"/>
							<String ID="string_270" HPOS="1002" VPOS="1376" WIDTH="32" HEIGHT="21" WC="0.96" CONTENT="till"/>
						</TextLine>
						<TextLine ID="line_32" HPOS="416" VPOS="1404" WIDTH="233" HEIGHT="28">
							<String ID="string_271" HPOS="416" VPOS="1404" WIDTH="113" HEIGHT="28" WC="0.92" CONTENT="Saarijärvi"/><SP WIDTH="16" VPOS="1404" HPOS="529"/>
							<String ID="string_272" HPOS="545" VPOS="1405" WIDTH="104" HEIGHT="27" WC="0.89" CONTENT="kyrkoby;"/>
						</TextLine>
					</TextBlock>
					<TextBlock ID="block_9" HPOS="415" VPOS="1433" WIDTH="619" HEIGHT="81">
						<TextLine ID="line_33" HPOS="484" VPOS="1433" WIDTH="549" HEIGHT="26">
							<String ID="string_273" HPOS="484" VPOS="1440" WIDTH="26" HEIGHT="14" WC="0.96" CONTENT="en"/><SP WIDTH="19" VPOS="1440" HPOS="510"/>
							<String ID="string_274" HPOS="529" VPOS="1434" WIDTH="55" HEIGHT="20" WC="0.90" CONTENT="bana"/><SP WIDTH="14" VPOS="1434" HPOS="584"/>
							<String ID="string_275" HPOS="598" VPOS="1433" WIDTH="47" HEIGHT="22" WC="0.96" CONTENT="från"/><SP WIDTH="16" VPOS="1433" HPOS="645"/>
							<String ID="string_276" HPOS="661" VPOS="1434" WIDTH="107" HEIGHT="21" WC="0.96" CONTENT="Ylivieska"/><SP WIDTH="16" VPOS="1434" HPOS="768"/>
							<String ID="string_277" HPOS="784" VPOS="1434" WIDTH="79" HEIGHT="20" WC="0.93" CONTENT="station"/><SP WIDTH="16" VPOS="1434" HPOS="863"/>
							<String ID="string_278" HPOS="879" VPOS="1433" WIDTH="13" HEIGHT="21" WC="0.90" CONTENT="å"/><SP WIDTH="12" VPOS="1433" HPOS="892"/>
							<String ID="string_279" HPOS="904" VPOS="1433" WIDTH="129" HEIGHT="26" WC="0.91" CONTENT="Uleåborgs-"/>
						</TextLine>
						<TextLine ID="line_34" HPOS="416" VPOS="1461" WIDTH="618" HEIGHT="28">
							<String ID="string_280" HPOS="416" VPOS="1461" WIDTH="69" HEIGHT="21" WC="0.96" CONTENT="banan"/><SP WIDTH="16" VPOS="1461" HPOS="485"/>
							<String ID="string_281" HPOS="501" VPOS="1462" WIDTH="60" HEIGHT="21" WC="0.93" CONTENT="öfver"/><SP WIDTH="15" VPOS="1462" HPOS="561"/>
							<String ID="string_282" HPOS="576" VPOS="1462" WIDTH="129" HEIGHT="27" WC="0.92" CONTENT="Haapajärvi"/><SP WIDTH="15" VPOS="1462" HPOS="705"/>
							<String ID="string_283" HPOS="720" VPOS="1462" WIDTH="39" HEIGHT="22" WC="0.93" CONTENT="och"/><SP WIDTH="16" VPOS="1462" HPOS="759"/>
							<String ID="string_284" HPOS="775" VPOS="1462" WIDTH="116" HEIGHT="21" WC="0.92" CONTENT="Kiuruvesi"/><SP WIDTH="15" VPOS="1462" HPOS="891"/>
							<String ID="string_285" HPOS="906" VPOS="1462" WIDTH="128" HEIGHT="20" WC="0.96" CONTENT="kommuner"/>
						</TextLine>
						<TextLine ID="line_35" HPOS="415" VPOS="1490" WIDTH="201" HEIGHT="24">
							<String ID="string_286" HPOS="415" VPOS="1490" WIDTH="32" HEIGHT="21" WC="0.96" CONTENT="till"/><SP WIDTH="15" VPOS="1490" HPOS="447"/>
							<String ID="string_287" HPOS="462" VPOS="1490" WIDTH="81" HEIGHT="21" WC="0.85" CONTENT="Tisalmi"/><SP WIDTH="16" VPOS="1490" HPOS="543"/>
							<String ID="string_288" HPOS="559" VPOS="1491" WIDTH="57" HEIGHT="23" WC="0.96" CONTENT="stad;"/>
						</TextLine>
					</TextBlock>
				</ComposedBlock>
			</PrintSpace>
		</Page>
	</Layout>
</alto>
