1086 1761
220 103 42 22 186
583 99 70 35 Tolag.
948 105 28 17 23
988 105 52 17 febr.

300 189 115 20 FINLANDS
429 185 120 24 STÄNDERS

218 225 410 30 EKONOMIUTSKOTT.

338 295 177 14 HELSINGFORS

298 329 34 17 den
350 329 26 17 23
392 328 85 23 februari
494 329 56 17 1900.

630 302 40 21 Till
686 301 105 27 vällofliga
807 300 177 28 borgareständet.

386 398 37 17 N.o
436 398 26 17 14.

286 448 207 22 Ekonomiutskottet
517 449 31 21 får
573 449 76 22 härhos
676 450 105 21 vördsamt
805 449 97 21 meddela
923 450 30 19 att
974 448 64 21 sedan

218 477 96 27 samtliga
337 477 60 21 stånd
419 478 92 27 godkänt
534 478 112 21 utskottets
670 478 131 21 betänkande
825 484 34 14 n:o
876 478 10 20 1
903 477 6 20 i
925 477 115 27 anledning

218 505 21 21 af
254 505 60 22 Hans
329 506 118 27 Kejserliga
462 506 108 28 Majestäts
586 507 76 27 nådiga
678 507 129 27 proposition
825 506 109 27 angående
942 505 97 28 grunden

218 534 32 21 för
265 534 196 28 tolagsafgiftens
476 535 141 26 beräknande,
633 535 172 28 borgareståndet
820 535 94 25 sålunda,
930 537 30 18 att
975 534 65 21 orden

220 563 81 21 »under
316 563 107 22 uttalande
439 564 21 21 af
475 564 40 21 den
532 564 106 21 tillförsikt
654 567 30 18 att
699 565 69 26 någon
780 563 131 27 betydligare
919 563 121 27 förhöjning

217 591 21 21 af
253 592 98 26 gällande
373 592 106 21 tullsatser
499 592 40 21 och
561 592 60 22 däraf
644 593 97 27 betingad
767 592 120 28 opåräknad
906 592 94 26 stegring
1018 591 22 21 af

217 619 156 28 tolagsafgiften
397 621 67 21 under
481 621 161 27 ifrågavarande
658 621 113 27 tidsperiod
787 621 47 21 icke
849 620 53 21 skall
918 626 38 21 ega
972 626 67 17 rum»,

217 648 69 22 skulle
309 656 25 13 ur
350 649 150 21 betänkandets
522 650 126 27 motivering
664 650 101 21 uteslutas
781 650 40 20 och
837 650 54 26 förty
906 649 46 21 icke
968 648 50 27 ingå
1033 649 5 20 i

216 677 125 21 ständernas
363 678 144 26 underdåniga
522 685 47 14 svar
588 679 12 20 å
616 678 40 22 den
672 678 77 28 nådiga
764 678 163 28 propositionen,
943 677 96 21 handlin-

217 712 65 20 garna
298 706 6 20 i
320 706 87 22 ärendet
423 707 67 21 blifvit
505 707 32 21 till
552 707 236 27 expeditionsutskottet
803 706 163 21 öfverlämnade.

499 764 29 21 På
544 764 111 21 utskottets
671 766 86 26 vägnar:

500 822 25 20 A.
541 821 69 21 Henr.
629 821 122 21 Snellman.

828 849 56 17 Tekla
897 848 72 18 Hultin.

285 945 33 22 Hr
331 946 121 21 talmannen
469 947 124 20 meddelade
608 949 30 19 att
652 947 83 27 jämlikt
749 946 244 21 talmanskonferensens
1001 945 37 21 be-

216 974 43 21 slut
273 974 63 27 plena
352 975 68 21 skulle
436 975 85 21 komma
536 978 29 18 att
580 982 39 20 ega
634 982 48 14 rum
698 975 95 27 tisdagen
809 975 41 21 den
866 975 26 20 27
909 975 80 20 dennes
999 975 38 20 och

215 1003 102 27 fredagen
334 1003 41 21 den
391 1005 12 19 2
418 1004 142 21 instundande
576 1011 56 14 mars
648 1003 27 21 kl.
692 1005 12 20 7
720 1011 17 14 e.
753 1011 27 13 m.

285 1140 30 21 På
331 1140 72 21 därom
425 1141 58 27 gjord
500 1141 98 20 anhållan
615 1141 115 27 beviljades
745 1141 36 20 hrr
796 1140 57 25 Eck,
869 1139 89 26 Savön,
974 1139 66 22 Sam-

215 1168 61 28 berg
292 1169 38 20 och
348 1169 93 21 Genetz
459 1169 93 21 tillstånd
568 1172 30 18 att
612 1176 50 14 vara
678 1169 140 21 frånvarande
834 1168 46 20 från
896 1168 61 27 plena
973 1169 68 20 under

215 1198 61 20 nästa
291 1197 66 21 vecka
379 1200 54 18 samt
456 1198 25 20 hr
495 1198 154 20 Lindblom
671 1198 93 20 tillstånd
779 1199 31 19 att
824 1196 102 22 uteblifva
942 1196 46 21 från
1004 1198 37 19 nä-

215 1227 33 19 sta
262 1225 94 27 plenum.

285 1346 89 21 Plenum
391 1346 114 22 afslutades
521 1346 27 21 kl.
564 1347 48 26 7,15
628 1352 17 15 e.
662 1353 26 13 m.

823 1374 24 18 In
859 1373 65 19 fidem:

767 1421 28 21 A.
817 1420 23 22 V.
856 1420 116 27 Lindberg.
