1086 1742
50 119 27 17 23
89 124 62 12 mars.
310 118 144 21 Konstgjorda
466 118 191 20 gödslingsämnen.
835 111 43 21 303

51 188 36 21 det
109 194 41 14 ena
172 187 96 21 omrädet
290 186 22 22 af
333 187 39 21 den
392 186 97 22 enskilda
504 186 164 22 värksamheten
684 186 53 21 efter
753 186 37 21 det
804 186 73 24 andra,

51 216 42 21 tills
117 222 49 15 man
188 215 99 27 slutligen
303 215 54 21 dock
371 215 69 21 mäste
455 215 47 21 inse
517 215 40 21 och
572 215 95 21 erkänna
689 216 32 20 att
734 214 46 22 icke
796 216 82 20 statens

50 244 176 27 förmynderskap
249 246 51 19 utan
320 244 46 26 just
386 244 26 21 de
428 243 92 21 fördelar
536 244 40 20 den
592 244 108 26 naturliga
715 243 38 21 och
769 242 41 22 fria
825 243 52 21 kon-

50 273 120 21 kurrensen
186 272 81 22 medför
282 274 37 20 äro
335 272 26 21 de
375 272 33 21 för
424 272 72 21 landet
510 272 8 21 i
532 272 93 27 längden
641 272 183 21 hälsosammaste.
846 272 31 20 Pä

51 302 64 20 dessa
129 302 107 20 allmänna
252 301 45 21 skäl
312 301 39 21 och
366 300 32 22 för
414 300 65 27 öfrigt
493 301 128 21 anslutande
636 301 44 26 mig
689 300 33 21 till
732 300 26 21 de
769 300 108 28 synpunk-

51 332 38 24 ter,
100 336 47 15 som
162 330 38 21 här
216 329 22 22 af
250 329 127 27 föregäende
385 329 64 21 ärade
457 329 67 21 talare
532 329 133 26 framhällits,
673 330 38 20 ber
717 329 36 27 jag
762 331 31 19 att
803 328 21 22 fä
832 335 45 15 om-

51 358 53 22 fatta
118 358 68 22 första
200 358 166 22 reservationen.
656 367 4 5 :

121 416 32 21 Hr
179 416 117 20 Berneri:
326 416 75 20 Ennen
424 415 52 21 kuin
502 416 160 26 porvarissääty
686 415 75 27 ryhtyy
786 415 91 21 hautaan

53 447 130 19 saattamaan
199 444 117 21 armollista
331 444 88 27 esitystä
434 450 35 15 n:o
485 444 19 26 2,
515 444 64 27 pidän
589 444 201 21 velvollisuutenani
800 444 78 21 ilmoit-

53 476 40 23 taa,
109 475 45 19 että
168 473 58 21 minä
241 473 71 21 näissä
326 472 150 28 hautajaisissa
491 479 27 15 en
534 472 151 22 saattoväkeen
702 472 72 21 kuulu.

122 502 58 21 Minä
200 502 57 20 tosin
273 502 64 26 pidän
353 508 102 14 suuressa
470 508 89 14 arvossa
574 501 214 27 elinkeinovapautta.
817 501 61 21 Vaan

53 530 58 21 minä
133 537 26 14 en
182 530 41 21 sitä
242 530 89 27 jumaloi
353 530 50 26 niin,
418 532 45 19 että
478 530 62 26 minä,
557 530 66 21 missä
638 530 114 21 todellinen
768 530 66 20 tarvis
850 536 27 14 on

53 559 112 26 olemassa,
180 558 103 28 pelkäisin
299 558 52 22 tältä
366 558 150 27 epäjumalalta
531 559 73 21 riistää
615 558 84 27 jonkun
715 564 75 16 verran
804 558 74 22 valtaa.

52 588 27 21 Ja
94 590 59 19 tässä
167 587 186 27 puheenalaisessa
363 587 108 21 kohdassa
486 588 74 20 minun
575 587 179 27 ymmärtääkseni
770 593 28 15 on
811 586 66 22 tarvis

55 616 160 22 lainsäädäntöä
235 616 96 27 myöskin
348 616 46 21 sillä
409 616 77 25 uhalla,
502 618 43 19 että
561 616 207 26 elinkeinovapautta
784 615 47 21 sillä
845 622 33 14 ra-

51 645 141 27 joitettaisiin.
207 645 77 21 Niiden
292 644 96 22 aineiden
397 644 113 27 kaupassa,
516 644 55 27 joita
579 644 65 27 esitys
654 644 85 25 koskee,
750 650 27 15 on
786 644 92 26 epäkoh-

54 674 29 20 tia
99 674 111 25 olemassa,
216 673 54 27 joita
277 675 86 19 vastaan
380 673 171 27 maanviljelijän,
569 673 127 21 semminkin
705 672 173 28 pikkuviljelijän,

55 708 28 15 on
98 702 80 26 vaikea,
188 702 120 26 melkeinpä
316 702 114 21 mahdoton
440 702 90 26 suojella
538 702 88 21 itseään.
640 702 27 21 Ja
675 701 82 21 kunnes
770 701 109 27 parempia

54 730 85 27 keinoja.
153 730 135 27 tarpeellisen
303 730 169 21 turvallisuuden
484 730 201 22 aikaansaamiseksi
700 730 89 21 voidaan
800 730 79 25 keksiä,

55 759 47 21 olen
113 759 58 21 minä
186 759 74 21 valmis
276 759 163 21 kannattamaan
453 759 94 21 sellaista
557 758 131 28 pakkolakia,
694 759 51 27 joka
752 760 38 26 nyt
800 764 27 15 on
839 758 40 21 esi-

55 788 98 27 tyksessä
168 788 94 26 säätyjen
280 787 186 27 hyväksyttäväksi
484 790 99 19 asetettu.
616 787 157 22 Kumminkaan
790 787 89 21 minuun

55 816 56 21 eivät
133 816 33 21 ole
188 816 64 21 olleet
273 816 161 21 vaikuttamatta
457 822 27 15 ne
505 818 53 25 syyt,
575 816 61 27 jotka
651 816 38 21 hra
704 822 41 15 von
760 816 119 21 Haartman

55 851 27 14 on
99 845 102 26 esittänyt
219 845 173 21 vastalauseensa
406 844 183 27 puolustukseksi,
606 851 37 14 sen
659 844 128 27 mielipiteen
803 844 76 25 tueksi,

55 875 44 19 että
125 873 198 21 lakiehdotuksessa
348 873 126 26 jätettäisiin
500 873 187 21 koskettelematta
712 872 167 27 valmistettujen

55 902 126 21 rehuvarain
204 902 91 27 kauppa.
323 902 28 21 Ja
372 908 26 14 ne
421 904 48 24 syyt
491 902 57 21 minä
569 902 64 27 pidän
649 901 52 22 siksi
716 901 104 27 pätevinä,
836 902 44 19 että

55 931 63 24 minä,
133 930 100 27 poiketen
257 931 126 26 esityksestä
401 930 23 27 ja
439 930 144 21 valiokunnan
599 930 142 25 mietinnöstä,
755 930 71 27 yhdyn
841 929 39 21 hra

55 965 42 15 von
111 959 140 21 Haartmanin
262 959 158 27 mielipiteesen,
431 961 45 19 että
484 959 168 26 valmistettujen
660 959 127 20 rehuvarain
795 959 85 26 kauppa

56 989 71 26 täytyy
147 987 68 27 jättää
242 989 70 20 tämän
338 987 40 21 lain
402 989 134 26 määräysten
559 987 43 22 alta
624 987 53 27 pois.
707 987 53 21 Olen
781 987 99 21 tahtonut

56 1016 137 27 mielipiteeni
208 1017 97 25 ilmaista,
318 1016 55 27 jotta
388 1016 19 21 ei
422 1017 101 26 näyttäisi
539 1016 54 26 siltä,
609 1018 44 19 että
667 1016 107 27 esityksen
789 1015 92 21 hautaus

57 1051 27 15 on
100 1045 54 20 ollut
168 1045 153 26 yksimielinen.

125 1102 34 21 Hr
175 1101 112 22 Strähle:
304 1102 40 21 Om
355 1108 49 15 man
416 1101 66 22 ocksä
492 1101 46 22 frän
548 1101 254 28 jordbrukaresynpunkt
812 1101 69 20 skulle

56 1131 71 20 känna
150 1131 33 26 sig
200 1131 84 26 mycket
302 1130 133 21 tillfredstäld
455 1131 49 20 med
523 1130 131 21 tillkomsten
675 1130 23 21 af
717 1137 26 14 en
765 1130 35 26 lag
816 1129 22 21 af
851 1135 29 15 nu

56 1159 162 27 ifrägavarande
236 1159 109 26 innebörd,
365 1165 34 15 om
416 1165 49 15 man
484 1159 107 26 nämligen
607 1159 69 21 skulle
691 1165 51 15 vara
757 1158 125 27 öfvertygad

57 1194 35 15 om
114 1189 32 20 att
168 1188 49 21 med
239 1188 49 21 stöd
305 1187 22 22 af
343 1188 69 21 denna
430 1187 74 22 kunna
526 1187 57 22 förse
601 1188 33 26 sig
657 1188 49 21 med
721 1187 161 27 ifrägavarande

57 1218 76 19 ämnen
154 1217 46 20 utaf
217 1216 38 21 full
276 1216 75 21 renhet
366 1216 39 21 och
420 1216 25 21 sä
459 1216 127 27 fullständig
601 1216 115 27 grobarhet
731 1222 46 15 som
793 1215 89 26 möjligt,

57 1245 24 21 sä
97 1245 66 21 borde
179 1245 53 21 dock
248 1245 64 21 ocksä
327 1251 26 14 en
366 1245 144 26 jordbrukare
525 1245 46 21 icke
585 1251 52 15 vara
653 1245 58 21 blind
725 1244 32 21 för
776 1244 26 21 de
817 1243 65 25 faror,

57 1280 46 15 som
124 1274 58 21 detta
201 1273 81 27 förslag
300 1273 94 21 innebär.
424 1273 72 21 Dessa
512 1273 27 21 ha
557 1273 65 22 redan
638 1273 69 21 blifvit
721 1272 125 22 framhällna
862 1271 22 22 af

57 1302 26 21 de
99 1302 80 24 herrar,
195 1309 46 14 som
258 1302 154 21 undertecknat
426 1301 70 22 första
511 1302 166 25 reservationen,
691 1301 109 22 äfvensom
813 1300 23 21 af
845 1300 37 21 hrr

57 1331 104 26 Hallberg
184 1331 40 20 och
246 1331 126 25 Stenström,
394 1330 39 21 och
451 1331 38 20 vill
504 1331 39 26 jag
562 1330 71 21 därför
653 1330 52 21 fatta
720 1330 43 26 mig
778 1330 50 21 kort
842 1329 40 21 och

57 1359 131 21 understöda
204 1359 70 21 denna
288 1359 68 21 första
370 1359 142 25 reservation,
523 1359 88 21 emedan
622 1359 37 27 jag
670 1359 45 21 icke
726 1359 36 20 vill
772 1365 51 14 vara
833 1357 49 21 med

57 1394 34 15 om
117 1390 32 19 att
172 1387 58 22 stifta
252 1394 26 15 en
301 1388 40 26 lag,
366 1388 63 21 hvars
452 1388 109 27 pätagliga
579 1388 55 21 enda
655 1387 90 21 resultat
765 1386 71 22 blefve
851 1388 31 19 att

57 1418 71 25 öppna
139 1419 102 24 portarna
255 1418 83 19 österut
350 1416 32 21 för
395 1418 31 19 ett
436 1418 72 19 större
523 1417 52 20 ondt
586 1418 26 19 än
627 1416 35 21 det
672 1422 48 15 man
731 1422 29 14 nu
769 1415 36 21 vill
814 1414 68 27 stäfja.

126 1473 33 21 Hr
172 1473 74 21 Lille:
261 1474 42 26 Jag
310 1473 38 21 har
360 1473 49 21 med
420 1475 46 19 stor
477 1473 173 21 tillfredställelse
660 1473 49 20 hört
717 1473 25 20 de
753 1472 129 25 uttalanden,

57 1508 46 15 som
112 1501 32 22 till
151 1501 84 22 förmån
242 1501 32 22 för
283 1501 178 28 näringsfriheten
470 1502 29 27 pä
508 1502 57 21 detta
574 1502 87 21 område
668 1501 7 21 i
683 1501 58 21 afton
749 1501 70 21 blifvit
826 1499 57 22 fälda
