1084 1739
197 100 40 21 118
568 98 79 34 Skolor.
930 106 25 17 10
968 105 53 17 febr.

195 173 93 23 lifskraft
309 175 35 21 må
366 177 90 20 nämnas
480 177 32 20 att
526 175 129 22 elevantalet
669 175 7 21 i
691 176 26 21 de
732 175 106 21 ordinarie
854 174 42 21 fem
912 175 109 21 klasserna

195 203 67 21 sedan
283 204 23 21 år
324 204 60 23 1896,
400 205 26 20 då
442 204 74 21 skolan
534 204 44 21 blef
590 204 130 27 fullständig,
736 203 92 22 tillvuxit
843 203 6 21 i
864 203 92 27 följande
971 210 49 21 pro-

196 232 106 26 gression:

410 273 92 21 läseåret
525 273 55 21 1896
587 273 78 21 —1897
695 273 27 20 55
738 272 70 21 elever

446 311 10 9 »
525 301 140 22 1897—1898
695 302 27 20 57
764 310 8 9 »

447 339 9 10 »
525 330 141 21 1898—1899
696 330 27 21 64
764 339 8 9 >

526 359 142 21 1899—1900
698 359 27 21 74
764 370 8 7 >

266 404 41 21 För
323 404 91 21 läseäret
430 405 139 20 1900—1901
587 405 41 20 kan
644 411 48 14 man
708 404 82 21 förutse
806 411 26 14 en
843 404 81 27 ökning
933 403 22 22 af
967 404 54 21 elev-

195 432 81 21 antalet
298 433 31 20 till
352 433 98 27 omkring
467 434 46 24 100,
529 433 28 21 dä
571 433 40 21 den
628 433 104 27 afgäende
748 433 83 21 klassen
849 435 86 24 ntgöres
950 432 23 22 af
986 439 35 15 en-

195 461 50 21 dast
260 461 13 20 3
289 461 69 22 elever
381 462 39 21 och
442 462 40 21 den
499 462 48 21 med
563 462 74 21 skolan
653 461 100 22 förenade
768 461 154 22 förberedande
936 461 85 22 klassen

195 489 39 22 har
249 490 27 21 27
293 490 75 26 clever,
384 490 22 21 af
419 491 71 21 hvilka
506 491 26 20 de
547 490 62 21 flesta
624 490 86 21 komma
724 492 32 19 att
771 490 116 27 upptiyttas
902 490 31 21 till
943 490 57 21 klass
1011 491 10 20 I

197 520 59 19 utom
279 520 32 19 att
333 521 31 19 ett
386 519 91 21 tillskott
499 519 47 21 frän
569 519 120 21 folkskolan
713 519 31 21 till
767 519 111 21 klasserna
899 519 10 21 I
932 519 38 21 och
993 519 28 24 II,

195 547 68 26 enligt
281 547 55 21 hvad
353 547 148 22 erfarenheten
517 548 61 25 visat,
594 550 23 19 är
633 550 31 19 att
679 551 88 18 emotse.
793 547 111 22 Sannolikt
922 550 23 19 är
960 547 60 22 äfven

195 577 32 19 att
249 582 27 15 en
297 576 128 27 ytterligare,
448 577 146 26 kontinuerlig
615 577 129 20 elevtillväxt
760 578 22 19 är
793 579 31 18 att
842 576 98 21 förvänta
955 577 67 20 under

195 604 27 21 de
243 604 93 27 följande
358 605 57 25 ären,
436 607 52 20 enär
509 605 124 21 nuvarande
653 605 126 21 elevantalet
798 605 7 20 i
821 605 87 21 stadens
928 605 94 22 folksko-

195 632 33 21 lor
253 633 84 27 uppgår
359 633 32 21 till
408 634 48 25 546,
477 633 76 22 hvaraf
567 634 42 21 354
625 634 91 21 svenska
732 634 90 25 talande,
840 647 28 1 —
884 633 92 22 förutom
995 635 26 20 &n

195 661 46 21 icke
265 662 108 27 obetydlig
395 665 89 24 procent
498 663 49 21 med
563 663 36 20 det
615 663 93 20 svenska
723 662 87 27 spräket
825 662 111 27 förtrogna
951 663 70 20 elever

195 690 6 20 i
217 690 41 21 den
280 690 69 22 finska
369 691 126 26 folkskolan,
512 704 24 2 —
553 691 118 27 hvarjämte
686 691 40 21 den
743 691 6 20 i
766 691 73 21 staden
856 691 109 27 befintliga
979 691 42 27 pri-

195 719 134 21 märskolans
348 719 104 22 elevanta]
471 720 95 27 ständigt
585 720 95 21 tillväxer
696 720 38 21 och
751 720 65 21 redan
832 727 28 14 nu
876 719 145 22 frekventeras

195 746 24 22 af
231 747 29 21 36
275 747 76 22 elever.

266 776 78 21 Staden
367 777 38 21 har
428 777 17 27 ej
470 777 66 21 häller
559 777 142 27 undandragit
724 777 33 26 sig
779 776 146 27 uppoffringar
940 777 32 21 för
988 777 32 21 sin

195 804 119 22 samskolas
331 805 127 28 utveckling,
473 808 51 19 utan
540 808 93 19 tvärtom
650 806 47 21 med
713 807 70 25 öppen
799 805 55 21 blick
865 805 32 21 för
908 805 111 22 framtiden

195 833 90 21 beslutit
304 833 33 27 sig
352 833 33 22 för
400 834 239 27 fortsättningsklasser,
655 835 89 20 ledande
760 833 31 22 till
808 834 153 21 universitetet.
991 835 30 20 Af

195 861 64 21 dessa
281 861 42 26 har,
340 863 65 20 sedan
427 863 95 21 tillständ
541 863 70 21 därtill
629 863 100 25 erhällits,
745 863 65 21 redan
826 869 26 14 en
869 863 53 21 varit
938 864 6 20 i
959 863 62 21 värk-

195 890 84 21 samhet
294 891 58 20 detta
367 891 30 21 är.

265 919 124 22 Emellertid
404 921 37 20 äro
458 921 86 20 stadens
560 920 93 21 finanser
668 921 7 20 i
690 921 36 20 det
741 920 65 25 skick,
816 921 32 20 att
858 920 72 27 hvarje
941 920 80 27 ökning

195 946 6 21 i
224 947 115 27 utgifterna
366 948 82 21 medför
472 955 26 14 en
522 949 112 21 allvarsam
658 952 66 24 tunga
746 948 33 21 för
802 949 26 20 de
851 949 169 21 skattebärande.

195 975 66 22 Detta
284 978 23 19 är
330 983 26 14 en
379 976 51 27 följd
448 977 76 21 främst
539 977 23 21 af
575 978 87 21 stadens
677 977 205 27 oproportionerligt
897 977 55 27 höga
967 977 53 21 folk-

195 1004 148 27 skolebudget.
374 1005 82 22 Genom
480 1006 40 21 den
545 1006 147 27 egendomliga
714 1006 102 26 ställning
834 1006 78 26 Hangö
928 1006 46 21 stad
989 1006 32 21 in-

195 1035 60 24 tager
279 1033 31 21 till
332 1033 83 22 landets
437 1034 63 21 trafik
522 1034 38 21 har
584 1035 30 20 uti
629 1035 75 21 staden
720 1035 88 20 samlats
824 1037 30 18 ett
869 1035 6 20 i
891 1034 130 22 förhällande

194 1061 32 20 till
242 1061 88 21 stadens
345 1061 124 28 folkmängd
484 1063 96 27 ovanligt
595 1065 56 19 stort
660 1063 58 21 antal
728 1063 104 21 arbetare.
855 1063 75 21 Säsom
942 1063 78 21 skatte-

195 1090 90 26 dragare
305 1092 37 19 äro
363 1091 26 20 de
405 1092 75 20 staden
496 1091 31 21 till
542 1092 61 26 ringa
618 1091 63 27 hjälp,
697 1092 112 20 hvaremot
824 1090 173 22 elevfrekvensen
1014 1092 6 20 i

194 1117 148 23 folkskolorna
363 1119 40 21 blir
418 1120 95 26 ovanligt
528 1122 51 19 stor.
610 1120 50 21 Som
676 1120 59 21 bevis
752 1120 66 27 härpä
834 1120 34 20 mä
882 1119 85 22 anföras
982 1122 39 20 att.

194 1146 27 21 dä
237 1147 36 20 det
288 1147 136 27 kyrkskrifna
438 1148 183 21 invänareantalet
640 1149 3 20 i
658 1149 77 26 Hangö
752 1148 74 21 ultimo
843 1148 110 21 december
966 1149 55 20 1899

195 1175 100 26 utgjorde
317 1176 64 25 4,552
401 1183 109 20 personer,
526 1177 127 21 elevantalet
668 1178 7 20 i
689 1177 152 21 folkskolorna,
857 1177 27 26 pä
900 1179 42 19 sätt
957 1177 62 21 ofvan

194 1206 114 20 omnämts,
333 1205 92 26 uppgick
448 1205 30 21 till
500 1206 49 25 546,
572 1206 51 20 eller
642 1206 82 21 således
740 1206 31 20 till
788 1212 15 14 c.
823 1206 21 20 12
855 1206 28 26 */,
898 1205 22 21 af
934 1206 86 21 stadens

194 1231 48 21 hela
257 1232 131 28 befolkning.
417 1234 11 20 I
443 1234 101 21 afseende
559 1234 12 21 å
584 1234 122 26 jämförelse
718 1234 61 21 torde
791 1234 73 21 härvid
875 1234 72 21 kunna
957 1234 63 21 fram-

194 1259 67 22 hållas
283 1263 36 23 att,
335 1262 67 26 enligt
417 1262 85 27 uppgift
516 1262 23 21 af
551 1262 231 27 folkskoleinspektorn
795 1262 7 21 i
813 1262 141 27 Helsingfors,
965 1262 55 22 elev-

193 1289 82 21 antalet
289 1290 8 20 i
312 1290 170 22 hufvudstadens
497 1291 118 21 folkskolor
630 1292 23 20 år
671 1292 53 20 1899
741 1291 99 27 utgjorde
856 1291 67 25 6,081,
937 1291 82 21 hvadan

193 1317 40 21 och
257 1318 26 20 dä
306 1318 36 21 det
357 1318 135 27 kyrkskrifna
507 1320 181 20 invänareantalet
710 1320 6 20 i
732 1319 137 27 Helsingfors
892 1320 75 20 ultimo
983 1320 35 21 de-

193 1346 86 21 cember
302 1347 92 21 sistlidet
416 1348 23 20 är
462 1348 93 27 uppgick
577 1348 31 21 till
631 1348 82 25 92,054,
731 1348 216 21 folkskoleelevernas
963 1348 56 21 antal

193 1374 113 22 härstädes
327 1375 55 22 altså
404 1376 100 27 utgjorde
525 1376 76 22 endast
620 1377 64 26 6,6%/,
699 1376 23 22 af
735 1376 172 22 hufvudstadens
923 1376 46 22 hela
984 1377 36 21 be-

193 1398 104 37 folkning.
457 1427 2 2 N

263 1432 33 20 En
319 1432 52 28 följd
387 1432 22 22 af
428 1434 36 20 det
480 1436 59 19 stora
554 1433 126 21 elevantalet
699 1434 2 20 i
717 1434 78 26 Hangö
811 1433 117 21 folkskolor
944 1436 23 18 är
989 1436 31 18 att

193 1460 89 21 stadens
299 1460 74 28 bidrag
388 1461 32 21 för
435 1462 148 21 folkskolorna
598 1464 63 24 utgör
676 1468 26 15 en
718 1462 106 26 väsentlig
839 1462 33 21 del
888 1462 23 21 af
924 1462 49 21 dess
987 1464 32 19 ut-

193 1487 69 27 gifter.
292 1489 113 27 Budgeten
428 1490 34 22 för
484 1491 23 21 är
532 1490 55 22 1900
610 1493 104 24 upptager
736 1490 45 21 fmk
800 1491 82 25 62,573:
897 1491 28 21 05
941 1490 30 22 till
987 1493 33 19 ut-
