1086 1728
183 86 33 38 40
533 85 141 39 Utskottsval.
940 97 11 16 1
963 97 53 16 febr.

305 267 163 35 Torsdagen
486 268 56 26 den
561 268 14 26 1
593 268 127 27 februari
739 268 38 26 kl.
796 269 15 25 7
829 275 22 19 e.
869 275 35 18 m.

258 342 41 21 Vid
321 342 119 22 värkstäldt
456 349 84 21 upprop
557 342 89 22 befanns
661 343 142 21 fränvarande
817 343 25 20 hr
857 342 95 25 Lindh,
968 348 47 15 som

188 369 131 23 fortfarande
334 370 23 21 af
370 370 99 27 sjukdom
486 378 37 14 var
539 371 90 21 hindrad
644 374 31 18 att
689 371 198 21 tillstädeskomma.

258 525 149 22 Antecknades
428 528 32 19 att
480 526 47 21 från
550 526 140 21 medständen
713 526 88 21 anländt
823 526 104 21 särskilda
942 527 74 25 proto-

189 553 140 28 kollsutdrag.

258 708 55 21 Frän
333 709 97 21 ständets
453 709 125 22 elektorer
593 709 54 22 hade
663 709 113 21 inkommit
791 711 31 19 ett
837 709 114 26 sälydande
966 714 49 21 pro-

188 736 76 21 tokoll:

464 824 116 25 Protokoll,
593 823 58 22 fördt
664 824 36 21 vid
713 823 190 27 borgareständets
913 823 102 21 elektors-

396 852 171 21 sammanträden
583 853 149 20 nedannämda
747 852 66 27 dagar
829 852 23 21 är
869 852 9 20 1

438 937 114 27 Onsdagen
567 937 42 21 den
627 938 26 20 31
663 937 105 28 januari.

256 993 61 21 Efter
339 993 81 22 slutadt
442 994 87 27 plenum
553 994 171 21 sammanträdde
745 994 99 27 samtliga
858 993 37 22 hrr
910 993 106 22 elektorer

188 1024 56 18 samt
259 1022 77 26 utsägo
352 1022 48 21 med
415 1023 139 21 acklamation
571 1023 31 21 till
618 1023 128 21 ordförande
761 1023 26 20 hr
803 1022 90 21 Öhman.

363 1107 122 28 Torsdagen
500 1109 42 20 den
558 1109 11 20 1
583 1108 101 27 februari
700 1108 26 21 kl.
743 1109 29 19 12
784 1115 24 20 p.
825 1108 20 20 d.

256 1164 41 21 Vid
313 1171 84 20 upprop
413 1165 107 21 befunnos
536 1165 98 27 samtliga
648 1165 37 21 hrr
700 1165 106 20 elektorer
822 1165 108 21 tillstädes.

256 1193 10 20 I
283 1192 60 27 fråga
358 1199 34 15 om
409 1195 65 19 sättet
489 1193 39 22 och
544 1194 118 26 ordningen
677 1193 34 21 för
726 1193 56 21 valet
798 1193 80 21 beslöts
893 1195 31 19 att
939 1193 74 21 därvid

186 1220 69 21 skulle
278 1221 62 26 följas
363 1221 111 22 enahanda
497 1222 168 27 tillvägagäende
688 1228 46 15 som
751 1221 36 22 vid
801 1221 128 27 föregäende
944 1222 69 21 landt-

186 1249 71 26 dagar,
281 1249 106 26 nämligen
403 1252 32 19 att
450 1250 61 21 valen
528 1250 68 21 skulle
611 1257 63 14 anses
690 1250 109 21 definitiva
814 1250 75 21 endast
904 1250 7 21 i
926 1250 36 21 det
977 1250 36 21 fall

185 1279 31 19 att
240 1277 37 22 det
291 1277 129 22 föreskrifna
434 1279 81 21 antalet
530 1279 116 21 ledamöter
662 1279 40 21 och
717 1279 138 26 suppleanter
870 1279 7 20 i
892 1278 73 27 hvarje
981 1281 32 18 ut-

186 1305 59 22 skott
268 1306 79 21 erhölle
362 1307 87 21 absolut
463 1307 113 27 majoritet,
592 1307 151 22 hvarförinnan
759 1307 71 21 omval
845 1307 69 21 skulle
929 1307 38 21 ske
982 1308 31 19 in-

185 1334 31 21 till
239 1335 50 21 dess
313 1335 35 21 det
370 1335 79 26 nödiga
470 1336 81 21 antalet
572 1335 116 22 ledamöter
704 1335 39 22 och
759 1335 138 27 suppleanter
912 1335 101 32 erhållits,

184 1362 112 22 äfveusom
318 1365 31 19 att
370 1364 133 21 omedelbart
518 1364 53 21 efter
587 1364 36 21 det
637 1365 26 20 de
679 1364 107 21 ordinarie
801 1364 145 20 ledamöterna
961 1364 6 20 i
983 1366 31 18 ett

185 1390 84 32 utskott
290 1391 69 21 blifvit
375 1392 96 26 utsedda,
487 1392 166 32 suppleanterna
668 1393 7 20 i
691 1398 82 16 samma
788 1392 84 21 utskott
887 1392 68 21 skulle
971 1392 42 21 väl-

181 1418 41 27 jas,
238 1419 106 21 hvardera
359 1420 65 21 skildt
439 1409 33 32 för
488 1421 39 27 sig.

210 1476 8 20 j
254 1448 101 21 Härefter
378 1448 75 22 skreds
476 1449 32 21 till
531 1449 75 27 själfva
622 1449 61 25 valet,
699 1456 45 14 som
761 1449 98 21 lämnade
874 1448 92 27 följande
981 1454 33 15 re-

184 1477 76 20 sultat:
