1086 1753
46 108 29 17 20
87 108 54 17 febr.
410 99 105 35 Spelkort.
832 101 38 22 181

48 177 108 26 vändning
179 177 21 20 af
223 177 48 20 dem
286 177 67 26 ligger
369 177 32 20 väl
417 176 48 21 icke
482 177 62 26 nägot
560 176 96 27 osedligt.
687 177 44 20 Och
748 176 57 22 skola
821 177 53 25 kort,

48 211 45 15 som
117 205 107 21 användas
246 205 33 20 för
306 205 79 20 sädana
409 205 105 26 ändamäl,
537 205 113 26 beskattas,
674 205 71 20 kunde
760 211 49 15 man
825 204 48 21 med

48 240 81 15 samma
144 233 45 21 skäl
204 233 95 21 beskatta
316 233 151 28 «knappspel»,
484 233 124 28 «ormspel»,
622 240 73 15 «resan
707 233 31 21 till
749 233 71 21 Paris»
834 233 39 21 och

49 262 65 21 andra
130 262 71 27 dylika
217 262 153 27 sällskapsspel.
400 262 49 21 Med
466 265 29 18 ett
511 262 43 26 ord,
569 263 60 26 höjer
644 269 49 14 man
710 269 28 14 nu
754 262 70 21 denna
838 261 36 22 be-

49 291 156 27 villningsskatt
234 291 40 20 kan
297 291 37 20 det
354 291 26 27 gä
399 291 27 27 pä
447 297 81 14 samma
550 293 46 24 sätt,
622 297 45 14 som
693 297 34 14 om
752 297 48 14 man
821 292 53 19 satte

49 320 52 20 kurs
124 326 75 20 genom
222 319 93 21 Messina
337 319 55 21 sund
408 319 40 21 och
465 319 34 21 vid
515 319 93 22 försöket
623 322 30 18 att
669 319 71 27 undgä
755 319 71 27 Scylla
841 318 33 21 rä-

49 348 54 20 kade
125 351 23 18 ut
170 349 32 19 för
225 347 117 27 Charybdis
358 347 52 21 eller
425 349 96 19 tvärtom.
550 347 43 21 Det
608 348 38 20 har
661 347 123 27 visserligen
800 349 74 25 yttrats

50 378 30 19 att
104 383 47 14 man
174 376 47 21 icke
242 376 90 21 behöfde
352 376 70 21 befara
438 376 139 27 lurendräjeri
592 376 22 21 af
629 376 113 21 utländska
757 376 52 24 kort,
824 381 49 15 men

50 405 35 21 mä
107 404 36 22 det
164 405 77 21 tillätas
265 404 43 28 mig
330 406 30 19 att
382 405 63 20 hafva
461 411 26 14 en
503 407 86 19 motsatt
604 404 59 21 äsikt.
694 404 29 21 Fä
738 404 86 22 artiklar
838 406 36 19 äro

51 434 107 20 dessutom
173 433 23 21 sä
210 433 51 21 lätta
276 435 30 19 att
321 433 120 27 insmuggla
453 440 45 14 som
507 434 53 25 kort,
570 435 22 25 ty
603 433 60 21 torde
674 440 48 14 man
735 436 50 18 utan
796 433 79 27 svärig-

50 462 36 21 het
101 462 72 20 kunna
188 462 50 20 bära
260 462 26 27 pä
306 462 33 27 sig
353 462 55 20 ända
423 462 32 20 till
471 462 27 21 80
514 462 58 21 lekar
587 464 51 19 utan
654 464 30 19 att
700 462 89 21 behöfva
804 462 71 21 befara

50 490 104 28 upptäckt.

120 518 32 22 Då
166 520 36 26 jag
217 519 32 21 för
264 519 44 20 min
324 519 35 21 del
374 525 63 15 anser
452 521 30 19 att
497 519 46 21 icke
559 519 65 27 några
639 519 46 21 skäl
701 519 32 21 för
747 525 26 15 en
789 518 40 21 slik
840 518 35 21 be-

51 548 90 26 villning
156 547 38 21 alls
210 547 113 21 förefinnas
339 548 39 20 och
393 550 58 18 ännu
472 548 82 20 mindre
569 548 46 20 skäl
630 548 33 20 för
678 554 26 14 en
720 548 120 26 förhöjning
854 546 21 22 af

52 576 128 25 densamma,
197 576 36 20 ber
247 576 35 27 jag
297 576 22 21 fä
334 576 84 21 ansluta
433 576 44 27 mig
493 576 32 21 till
541 577 25 20 hr
580 576 98 27 Hovings
693 576 113 21 uttalande.

120 633 32 21 Hr
167 633 140 21 Boisman:
325 633 68 21 Ocksä
408 634 35 26 jag
459 634 95 20 förordar
569 636 29 18 att
614 633 144 28 bevillningen
774 633 32 21 för
821 633 54 27 spel-

52 662 47 21 kort
122 662 115 21 bibehälles
261 662 35 20 vid
315 662 35 21 det
366 662 82 28 belopp,
464 668 45 15 som
525 662 119 27 föreslagits
659 662 7 20 i
681 662 41 21 den
738 662 76 27 nädiga
829 668 47 20 pro-

53 691 123 26 positionen,
199 690 52 21 eller
265 691 26 20 60
308 691 63 26 penni
387 691 33 20 för
435 691 72 26 hvarje
523 691 39 20 lek.
592 690 48 21 Den
656 690 122 21 nuvarande
794 690 82 20 skatten

52 719 26 27 pä
102 719 45 21 kort
168 725 63 20 synes
253 725 49 14 vara
325 719 48 20 fullt
391 719 120 27 tillräcklig.
541 719 143 21 Inberäknadt
700 718 175 28 stämpelafgiften

53 747 80 28 uppgår
145 747 82 21 skatter
235 747 32 21 till
283 748 3 20 1
298 747 60 21 mark
368 754 37 21 per
415 747 35 22 lek
461 748 46 24 och,
517 748 65 27 enligt
592 747 56 21 hvad
658 748 36 27 jag
704 748 46 20 hört
760 747 116 28 uppgifvas,

52 776 63 27 säljer
130 776 131 21 fabrikanten
273 782 26 15 en
311 776 80 21 kortlek
402 775 35 22 för
448 777 10 19 1
474 777 59 20 mark
544 777 27 20 70
581 777 71 26 penni.
668 777 27 20 70
718 776 49 21 penni
775 777 61 26 utgör
844 775 32 21 sä-

53 805 58 20 ledes
126 804 264 27 tillvärkningskostnaden
407 805 39 20 och
463 805 145 20 fabrikantens
619 805 61 20 vinst.
703 783 41 42 Det
754 811 64 20 synes
830 803 46 22 icke

55 840 49 14 vara
119 833 44 20 skäl
179 835 30 19 att
223 833 137 21 öfverböfvan
376 833 48 27 höja
440 833 70 21 denna
525 833 56 21 skatt
596 833 33 21 för
644 836 30 18 att
693 833 45 21 icke
754 833 122 27 därigenom

53 861 111 21 framkalla
187 861 70 28 oloflig
280 862 77 27 import
379 862 21 20 af
416 862 53 21 kort.
501 862 107 21 Utskottet
622 862 38 21 har
675 862 122 27 visserligen
813 863 65 25 yttrat

55 892 30 19 att
107 896 27 15 en
149 890 80 27 måttlig
253 890 80 27 ökning
348 891 21 20 af
384 891 83 20 skatten
483 891 46 20 icke
545 891 59 20 torde
620 897 50 14 vara
686 890 67 27 egnad
770 892 29 19 att
814 890 63 20 fram-

54 919 55 20 kalla
125 919 71 27 oloflig
211 919 91 20 införsel.
332 919 103 20 Häremot
451 919 40 21 kan
507 919 84 21 anföras
606 921 31 18 att
651 919 138 27 lurendräjeri
800 918 21 21 af
831 919 47 20 kort

54 947 88 21 faktiskt
156 950 35 24 egt
205 954 53 14 rum.
289 947 10 21 I
314 947 64 21 slutet
393 948 22 20 af
430 950 83 19 senaste
525 947 102 28 seglation
639 947 84 28 gjordes
734 947 33 20 vid
779 947 98 20 tullkam-

55 982 72 15 maren
142 976 7 20 i
164 976 133 27 Helsingfors
313 976 73 27 beslag
400 976 27 27 på
443 976 112 21 utländska
570 976 99 27 spelkort.
691 975 33 22 Då
739 975 68 21 härtill
819 976 58 20 kom-

54 1011 45 14 mer
115 1007 29 18 att
159 1005 62 26 ryska
237 1005 92 26 spelkort
344 1007 35 18 äro
391 1005 156 20 underkastade
558 1011 81 14 samma
648 1005 55 20 skatt
711 1011 44 14 som
767 1003 111 22 utländska

56 1033 47 21 kort
118 1033 38 21 och
172 1033 71 27 frågan
261 1033 31 20 till
307 1033 52 27 följd
368 1033 60 21 häraf
440 1033 106 27 sannoligt
556 1033 68 21 skulle
635 1033 108 21 föranleda
754 1033 124 26 korrespon-

55 1061 52 21 dens
129 1062 47 20 med
199 1062 63 26 ryska
285 1062 153 26 myndigheter,
460 1068 63 20 synes
545 1062 36 20 det
601 1062 44 26 mig
660 1064 30 18 att
705 1061 112 21 ständerna
831 1060 47 21 icke

55 1096 38 21 ega
115 1090 115 26 anledning
252 1092 30 18 att
302 1090 48 27 höja
365 1090 83 21 skatten
465 1090 83 21 utöfver
562 1090 54 20 hvad
633 1091 6 19 i
656 1090 40 21 den
712 1090 76 26 nådiga
803 1096 74 20 propo-

55 1118 89 21 sitionen
160 1118 74 21 äskats.

123 1175 32 21 Hr
170 1176 210 26 Wiljakainen:
404 1176 25 20 Ei
446 1176 130 20 minunkaan
593 1176 117 21 mielestäni
726 1176 32 20 ole
770 1177 62 25 syytä
842 1175 36 21 ko-

56 1206 66 19 rottaa
137 1204 236 27 pelikorttisuostuntaa,
388 1204 67 21 koska
471 1204 65 21 kansa
547 1205 84 20 ainakin
643 1205 100 20 itäosassa
752 1207 127 17 maatamme

55 1232 74 27 nytkin
145 1233 21 26 jo
186 1233 157 21 enimmäkseen
360 1233 85 26 käyttää
461 1233 113 21 venäläisiä
590 1234 94 26 kortteja.
706 1233 37 21 Jos
759 1234 41 19 tätä
816 1238 63 15 veroa

56 1261 54 21 vielä
132 1262 145 26 nostettaisiin,
301 1262 44 20 niin
362 1262 137 20 levittäisivät
514 1262 181 27 kulkukauppiaat
711 1262 41 26 yhä
767 1262 111 20 enemmän

55 1290 115 20 venäläistä
185 1293 84 17 tavaraa
284 1290 21 26 ja
320 1291 85 19 meritse
422 1290 52 20 voisi
490 1290 89 28 kortteja
594 1290 143 21 luvattomasti
753 1296 78 20 saapua
842 1289 37 21 lai-

55 1318 62 28 vojen
141 1318 96 21 mukana.
267 1318 99 21 Ehdotan
390 1319 42 25 siis,
448 1321 43 18 että
506 1319 114 21 leimavero
636 1319 97 27 pidetään
749 1318 130 21 entisellään.

123 1376 33 20 Hr
170 1372 104 30 Öberg:
299 1375 73 21 Säsom
388 1376 95 20 ledamot
498 1376 21 20 af
533 1376 103 20 utskottet
652 1375 36 21 vill
698 1376 34 26 jag
742 1376 38 20 här
796 1374 84 21 anmäla

56 1406 29 19 att
107 1405 35 26 jag
162 1404 33 20 för
217 1404 43 20 min
276 1404 34 21 del
326 1404 46 20 icke
391 1404 78 21 biträdt
484 1404 112 21 utskottets
611 1403 78 27 förslag
704 1410 34 14 om
753 1402 91 28 höjande
859 1402 21 21 af

57 1433 115 26 bevillning
193 1433 32 20 för
247 1433 99 26 spelkort,
369 1433 87 20 oaktadt
479 1433 35 26 jag
536 1433 46 20 icke
598 1435 44 18 mot
658 1431 141 22 betänkandet
814 1431 66 27 inlagt

56 1461 43 21 min
115 1461 134 21 reservation.
279 1461 40 26 Jag
336 1461 37 20 har
388 1461 32 20 för
436 1461 44 20 min
497 1461 34 21 del
547 1461 55 20 velat
617 1461 111 26 godkänna
746 1460 41 21 den
803 1459 77 28 nädiga

55 1489 163 28 propositionen.
