1086 1761
194 101 41 35 328
499 104 185 34 Fiskeristadgan.
919 112 28 17 30
959 116 64 13 mars.

195 179 39 22 och
249 180 36 22 vid
301 180 79 22 urtima
394 180 129 27 landtdagen
539 183 87 19 senaste
640 181 25 21 år
680 180 23 22 af
716 180 243 28 värnepliktsutskottet.
984 180 38 22 Uti

194 208 41 22 alla
251 208 63 22 dessa
330 209 95 21 utskotts
446 209 88 21 arbeten
556 209 38 21 har
609 209 41 21 han
667 210 54 26 tagit
735 216 26 14 en
777 209 83 27 mycket
875 208 98 22 värksam
988 208 34 22 del

195 237 39 21 och
249 237 54 22 hans
319 238 149 26 andraganden
485 238 7 20 i
507 238 86 21 ständet
608 238 90 21 ähördes
710 238 72 21 städse
792 238 49 21 med
852 240 45 19 stor
907 237 115 27 uppmärk-

194 266 90 21 samhet.
313 266 121 22 Ferdinand
456 266 102 22 Jusölius'
574 266 48 22 hela
643 266 147 28 personlighet
809 272 37 15 var
868 266 33 21 för
922 265 65 28 öfrigt
1001 266 24 21 af

195 294 40 21 den
259 294 69 27 nobla,
347 294 97 22 vänfasta
467 295 39 21 och
528 294 94 22 flärdfria
644 297 38 24 art,
698 297 31 19 att
751 295 41 21 han
808 301 56 15 vann
884 294 82 27 hjärtan
982 294 40 21 och

194 322 75 22 väckte
285 323 97 27 sympati.
412 323 182 27 Borgareständet
606 329 66 21 egnar
682 323 79 22 honom
774 323 72 22 därför
857 323 32 22 sin
900 323 123 27 uppriktiga

194 351 102 28 hyllning,
312 352 33 21 sin
361 351 137 28 högaktning,
515 352 32 21 sin
564 352 132 21 tacksamhet
712 352 38 21 och
766 352 33 21 sin
815 352 101 27 vänskap.

265 409 33 20 Hr
321 409 97 21 Öhman
439 409 70 22 anhöll
531 416 34 15 om
581 409 63 22 ordet
658 409 40 22 och
713 409 91 28 yttrade:
835 409 50 22 Med
899 408 124 27 anslutning

195 437 31 21 till
249 437 26 21 hr
298 437 134 22 talmannens
454 438 99 27 yttrande
575 438 36 21 vill
631 438 39 27 jag
691 438 79 21 föreslä
794 440 32 19 att
845 437 178 28 borgareständet

195 465 67 22 mätte
277 466 85 21 besluta
376 469 32 18 att
422 467 72 21 säsom
510 473 26 14 en
553 467 52 27 gärd
620 466 23 22 af
655 467 133 26 högaktning
802 466 34 21 för
850 466 122 21 Ferdinand
983 466 38 21 Ju-

196 493 73 22 sélius”
284 495 72 21 minne
378 495 42 21 låta
440 495 35 21 vid
493 495 53 21 hans
559 495 111 27 jordafärd
685 495 105 27 nedlägga
805 501 26 15 en
847 495 64 21 krans
927 495 27 27 pä
968 495 55 20 hans

196 522 53 27 graf,
265 523 39 22 och
319 523 78 22 tilläter
413 524 39 27 jag
471 524 45 27 mig
531 524 67 21 tillika
612 524 79 21 föreslä
705 526 32 19 att
752 524 86 21 ständet
853 524 65 21 mätte
933 523 39 21 hos
988 523 33 21 sin

195 552 64 21 ärade
282 552 79 21 talman
384 553 84 21 anhålla
488 555 32 19 att
541 553 26 20 hr
588 553 122 21 talmannen
729 553 49 20 ville
798 553 13 20 å
826 553 96 20 ständets
941 553 82 26 vägnar

195 580 106 27 nedlägga
323 581 69 21 denna
414 581 71 26 krans,
500 581 88 21 hvarvid
608 581 26 21 de
649 581 137 21 medlemmar
802 581 22 21 af
838 581 183 26 borgareständet,

196 615 46 15 som
258 609 73 21 kunna
344 611 90 20 närvara
444 610 35 21 vid
487 609 179 27 jordfästningen,
674 610 62 21 torde
745 610 103 20 assistera
858 609 25 21 hr
894 609 128 21 talmannen.

266 666 89 22 Ständet
370 667 69 21 beslöt
454 667 102 27 enhälligt
570 669 32 19 att
617 666 89 22 omfatta
721 666 25 22 hr
762 662 96 26 Öhmans
874 666 85 27 förslag.

266 821 117 27 Upplästes
406 821 32 21 till
457 821 107 27 justering
586 821 40 22 och
645 821 123 27 godkändes
784 821 105 21 särskilda
903 821 78 26 utdrag
996 826 26 15 ur

196 849 189 27 borgareständets
400 850 35 21 vid
452 852 85 19 senaste
551 850 87 27 plenum
654 849 61 22 förda
729 849 115 28 protokoll.

266 1010 149 21 Antecknades
426 1012 31 19 att
468 1010 45 21 frän
525 1010 140 21 medständen
676 1009 54 21 hade
740 1008 88 22 anländt
839 1008 103 21 särskilda
950 1009 73 26 proto-

195 1038 140 27 kollsutdrag.

265 1186 121 27 Föredrogs
408 1187 28 20 H.
452 1186 25 21 K.
493 1186 49 21 M:ts
558 1186 36 21 vid
610 1187 85 20 senaste
710 1185 87 27 plenum
815 1184 116 27 bordlagda
945 1184 79 27 nädiga

194 1215 136 26 proposition
349 1221 35 14 n:o
399 1215 28 20 33
442 1215 110 26 angäende
567 1221 27 20 ny
609 1213 179 27 fiskeristadga,
804 1213 39 21 och
859 1212 123 22 meddelade
997 1212 27 21 hr

195 1243 125 21 talmannen
343 1243 74 21 därvid
438 1245 31 19 att
491 1242 233 22 talmanskonferensen
742 1241 95 27 föreslog
855 1241 76 21 remiss
946 1241 23 21 af
981 1241 41 21 den

194 1271 79 27 nädiga
288 1272 161 26 propositionen
466 1271 30 22 till
512 1271 241 22 vattenrättsutskottet.

264 1328 33 21 Hr
314 1328 108 22 Genetz
442 1329 70 20 anhöll
529 1335 34 15 om
579 1328 62 21 ordet
656 1328 39 21 och
710 1327 94 28 yttrade:
834 1327 42 21 Vid
889 1327 134 20 remitteran-

194 1356 36 21 det
245 1356 24 21 af
285 1363 29 15 nu
332 1357 122 27 föreslagna
469 1363 40 21 nya
524 1356 148 27 fiskeristadga
687 1356 95 21 anhäller
794 1355 38 27 jag
847 1357 32 19 att
893 1355 30 21 till
939 1355 84 21 utskot-

194 1386 43 20 tets
253 1385 119 22 beaktande
388 1385 21 22 fä
420 1385 118 29 framställa
553 1385 67 27 nägra
634 1385 166 26 anmärkningar
816 1386 46 19 mot
876 1383 108 27 förslaget.

263 1414 12 27 8
291 1414 13 20 9
319 1414 69 26 lyder:
413 1414 58 21 »Äro
486 1413 56 27 flere,
558 1420 46 14 som
620 1413 50 27 vilja
684 1413 99 27 begagna
797 1412 116 22 fiskeställe
928 1412 7 20 i
945 1411 79 26 hafvet,

193 1441 40 21 och
257 1442 74 21 kunna
353 1442 27 21 de
402 1442 19 27 ej
438 1442 37 22 där
491 1442 109 26 samtidigt
612 1441 58 27 fiska,
687 1443 51 25 göre
754 1441 36 21 det
804 1441 7 20 i
827 1440 41 22 den
884 1440 98 26 ordning,
996 1439 27 21 de

193 1469 32 21 till
247 1470 86 27 platsen
355 1470 123 21 ankommit.
507 1471 11 20 I
535 1470 75 21 sådant
625 1470 36 21 fall
676 1470 35 21 må
725 1469 146 26 notdragning
886 1467 22 22 af
921 1468 80 21 enhvar
1015 1468 8 20 i

193 1497 50 22 dess
267 1500 36 20 tur
327 1499 106 21 bedrifvas
455 1499 68 21 under
545 1500 31 19 ett
597 1499 62 26 dygn,
676 1500 54 19 samt
747 1497 63 28 plats,
826 1503 46 15 som
888 1497 70 26 någon
974 1496 49 21 med
