1078 1781
208 96 44 31 =
371 141 41 1 —
529 100 185 60 Vinrerajäärtän:
933 99 15 60 2
976 113 63 27 mar

295 218 116 23 FINLANDS
423 218 122 22 STANDERS

209 263 142 32 ALLMÄNNA
373 263 251 32 BESVÄRSUTSKOTT.

345 359 147 16 HELSINGFORS
649 356 40 21 Till
705 355 107 28 vällofliga
827 355 184 28 borgareständet.

308 394 35 17 den
360 394 27 17 26
404 399 52 12 mars
474 393 56 18 1900.

381 441 35 18 N:o
428 442 27 18 68.

379 469 21 28 —

283 527 114 22 Allmänna
417 528 202 25 besvärsutskottet,
635 534 46 15 som
697 535 25 14 ur
738 528 107 21 utskottet
859 527 183 22 tillhandakomna

211 556 200 27 protokollsutdrag
431 556 47 22 frän
501 557 92 21 ständen
612 557 105 21 inhämtat
743 558 33 20 att
790 557 51 21 dess
857 557 133 21 betänkande
1005 563 35 14 n:o

211 585 12 21 7
240 585 7 21 i
262 585 115 27 anledning
391 585 24 21 af
433 587 31 20 ett
478 586 8 21 i
501 585 157 22 bondeståndet
672 585 63 22 väckt
744 585 185 28 petitionsförslag
939 591 35 16 om
985 584 55 23 ord-

213 613 82 23 nande
316 619 87 22 genom
427 614 41 27 lag
490 614 28 22 af
536 614 172 28 vintersjötart
725 614 10 21 i
750 613 90 28 farled,
856 613 68 23 öfver
939 613 102 22 hvilken

211 642 130 28 vinterväg
357 643 27 21 är
399 643 95 27 anlagd,
511 642 69 22 blifvit
595 642 23 22 af
631 645 78 19 tvänne
724 643 70 27 ständ,
810 644 82 26 präste-
907 642 40 22 och
960 643 80 21 bonde-

212 671 97 26 ständen,
325 671 114 27 godkändt,
453 678 48 15 men
524 672 24 21 af
564 672 149 27 ridderskapet
728 672 40 21 och
782 672 63 21 adeln
860 672 134 21 remitteradt
1008 671 33 21 till

212 700 236 22 vattenrättsutskottet
466 701 4 21 i
484 702 99 20 närmare
598 700 94 27 angifvet
707 700 55 28 syfte
778 700 39 22 och
832 700 23 21 af
864 700 177 27 borgareständet

211 728 182 22 äterremitteradt
415 729 31 21 till
467 729 106 21 utskottet
588 729 50 21 med
652 729 106 21 anmodan
774 731 32 19 att
821 729 6 21 i
843 729 89 21 ärendet
946 728 95 22 inhämta

212 758 247 21 vattenrättsutskottets
476 758 116 26 utlätande,
611 758 32 21 fär
658 758 88 21 härmed
762 758 111 21 vördsamt
887 757 112 21 hemställa
1008 759 32 19 att

212 786 179 26 borgareständet
406 786 48 22 ville
470 786 31 22 till
516 786 91 28 förnyad
625 786 129 27 behandling
769 788 95 25 upptaga
880 785 161 28 ifrägavarande

212 814 141 22 betänkande.

491 872 31 21 Pä
538 872 117 21 utskottets
672 874 92 24 vägnar:

551 929 26 21 A.
593 929 110 21 Auvinen.

786 1002 62 23 Georg
860 1002 111 18 Schauman.

283 1050 96 26 Ärendet
394 1054 112 22 bordlades
522 1054 32 22 till
570 1056 62 20 nästa
646 1054 94 27 plenum.

285 1237 67 22 Ordet
375 1237 103 22 bedärdes
497 1237 52 22 härä
564 1237 23 22 af

285 1295 25 21 hr
329 1295 225 27 Schybergson,
571 1302 46 15 som
632 1296 93 27 yttrade:
755 1295 62 21 Inom
834 1295 161 27 petitionstiden
1010 1295 32 20 in-

214 1323 112 22 lämnades
349 1323 7 21 i
377 1324 58 21 detta
456 1324 90 21 likasom
570 1324 7 21 i
598 1323 68 28 öfriga
685 1324 63 21 ständ
771 1330 26 15 en
820 1324 90 27 petition
933 1323 110 27 angäende

214 1351 226 28 prässförhällandena
455 1353 7 20 i
476 1353 79 21 landet.
585 1353 42 21 Vid
649 1353 77 21 sädant
744 1352 133 21 förhällande
901 1352 38 21 och
956 1351 86 22 oaktadt

214 1380 27 21 de
265 1381 99 26 ätgärder
386 1380 47 22 frän
456 1381 250 27 prässmyndigheternas
725 1381 53 26 sida,
794 1387 47 15 som
863 1381 80 27 dagens
965 1381 77 20 tidnin-

215 1415 38 20 gar
277 1408 45 22 haft
347 1411 32 19 att
404 1409 131 26 omförmäla,
561 1409 54 22 hade
640 1410 82 27 utgjort
744 1415 26 16 en
794 1409 66 22 sädan
883 1409 68 22 under
974 1409 68 21 landt-

215 1437 69 28 dagen
313 1437 99 22 inträffad
439 1437 109 27 händelse,
577 1444 46 15 som
651 1438 83 21 kunnat
761 1437 110 22 föranleda
898 1437 146 22 inlämnandet

213 1465 24 22 af
258 1472 26 15 en
306 1466 153 27 prässpetition
485 1466 62 22 äfven
573 1466 53 22 efter
651 1467 109 26 utgängen
784 1466 24 21 af
829 1466 167 27 petitionstiden,
1020 1466 24 21 sä

213 1494 71 22 finnes
307 1495 53 21 dock
383 1495 45 21 icke
451 1495 46 22 skäl
520 1495 77 26 därtill,
620 1495 56 22 hälst
698 1496 36 21 det
754 1495 89 26 utskott,
859 1501 47 15 som
927 1494 116 22 behandlar
