1084 1764
52 106 13 18 6
77 105 52 17 febr.
420 96 95 36 Notarie.
853 99 28 20 49

121 174 11 22 I
153 172 94 28 enlighet
268 173 50 21 med
339 168 154 32 petitionärens
513 174 74 20 därom
607 173 76 27 gjorda
697 173 99 21 anhållan
813 173 69 21 beslöt

52 203 179 27 borgareständet
246 201 109 22 remittera
370 202 89 20 ärendet
474 201 31 21 till
520 201 149 27 lagutskottet.

122 351 34 21 Hr
171 350 122 22 talmannen
308 349 141 28 tillkännagaf
457 352 33 19 att
503 350 97 21 ståndets
612 350 133 21 sekreterare
755 349 81 22 anmält
846 356 35 15 om

53 379 101 22 behofvet
174 378 23 22 af
217 380 32 20 ett
270 378 82 22 biträde
371 378 35 22 vid
428 378 93 22 kansliet
536 378 49 22 med
601 378 99 27 uppdrag
714 380 32 20 att
760 378 122 27 ombesörja

53 408 161 26 diariiföringen
230 406 22 22 af
264 407 151 21 inkommande
430 407 40 21 och
486 407 107 27 utgående
608 407 127 27 handlingar
751 409 56 19 samt
820 413 62 21 expe-

54 437 110 26 dieringen
185 436 39 21 och
242 436 192 27 kollationeringen
450 435 23 22 af
486 436 108 26 utgående
609 436 147 26 expeditioner
772 435 110 22 äfvensom

53 465 145 27 fullgörandet
212 464 23 22 af
247 464 137 22 förefallande
399 464 253 27 renskrifningsarbeten.

124 523 184 26 Borgareståndet
322 522 70 21 beslöt
406 524 32 19 att
453 522 36 21 vid
504 523 51 20 dess
571 522 70 21 kansli
657 522 69 21 skulle
740 522 102 21 anställas
855 528 26 15 en

54 551 96 22 notarie
166 551 49 21 med
230 551 144 21 ofvannämda
389 551 145 27 skyldigheter
549 551 41 21 och
606 553 58 19 emot
674 551 126 27 åtnjutande
810 550 22 22 af
841 551 41 21 den

54 580 100 27 aflöning,
175 586 46 15 som
241 579 162 22 statsutskottet
417 580 29 27 på
460 580 75 21 därom
551 579 23 22 af
587 579 97 22 ständets
700 579 86 26 talman,
798 579 85 27 jämlikt

54 609 28 21 36
101 609 12 27 &
134 609 22 21 L.
178 608 32 26 O.
231 609 62 26 gjord
314 607 159 28 framställning
494 608 87 21 komme
603 609 32 20 att
651 608 123 26 bestämma,
789 608 93 21 hvarhos

55 637 86 22 ståndet
164 637 158 21 öfverlämnade
344 637 22 20 åt
385 637 26 20 hr
432 636 124 22 talmannen
575 638 32 20 att
621 643 36 20 nu,
672 637 90 21 likasom
778 637 35 21 vid
829 636 53 21 före-

54 666 83 26 gående
153 666 131 25 landtdagar,
300 667 49 19 utse
364 665 88 27 lämplig
467 672 80 20 person
563 665 32 22 till
609 665 154 27 befattningen.

125 821 33 20 Hr
180 820 121 21 talmannen
325 820 125 21 meddelade
476 822 32 19 att
527 820 37 21 hrr
587 821 114 23 Berneri,
723 820 106 21 Stråhle
844 819 39 22 och

56 849 125 21 Stenroth
203 849 88 21 anhållit
312 851 32 19 att
365 848 33 22 för
418 849 97 22 enskilda
530 849 181 27 angelägenheter
725 849 22 21 få
761 855 51 15 vara
827 848 56 22 från-

56 878 93 21 varande
164 877 46 22 från
226 878 36 21 det
276 877 94 28 plenum,
386 883 47 16 som
448 877 86 22 komme
549 880 32 19 att
596 877 67 22 hållas
673 877 146 22 instundande
829 880 54 18 tors-

55 906 48 27 dag,
118 906 40 21 och
173 905 45 22 blef
232 906 61 21 deras
309 906 93 27 begäran
418 905 23 22 af
455 906 85 21 ståndet
555 905 92 22 bifallen.

126 1060 90 21 Plenum
232 1060 74 22 afslöts
322 1061 26 21 kl.
365 1061 40 25 7,30
420 1067 18 15 e.
455 1068 26 14 m.

665 1112 23 18 In
699 1112 65 18 fidem:

608 1147 27 21 A.
657 1147 24 21 V.
697 1147 118 27 Lindberg.
