1086 1761
65 100 29 17 20
106 100 53 17 febr.
410 86 133 40 Aflöningar.
851 93 40 21 183

135 168 87 21 Ståndet
236 168 53 21 hade
305 168 87 25 således,
404 167 48 22 med
468 167 134 22 förkastande
618 168 21 21 af
650 167 241 28 bevillningsutskottets

66 197 84 27 förslag,
165 197 78 27 antagit
259 196 235 27 författningsförslaget
508 196 67 28 enligt
589 196 42 21 den
642 196 78 27 nådiga
728 197 161 26 propositionen.

134 254 48 21 Med
198 253 150 22 föranledande
364 253 21 21 af
400 253 151 22 ofvanstående
567 253 70 22 beslut
651 253 40 21 och
707 253 26 28 på
746 253 78 27 förslag
834 253 21 21 af
865 253 25 21 hr

66 283 150 20 Borenius
239 282 67 21 beslöt
328 282 83 20 ståndet
433 281 77 21 därhos
530 282 152 21 återremittera
699 281 142 21 betänkandet
857 281 32 21 till

67 311 228 27 bevillningsutskottet
317 310 32 21 för
371 310 137 27 uppgörande
532 310 21 21 af
569 312 46 25 nytt
629 310 80 28 förslag
724 310 31 21 till
771 310 117 27 beräkning

65 339 24 21 af
103 340 118 21 inkomsten
237 339 45 21 utaf
297 346 29 14 nu
341 338 161 28 ifrågavarande
513 339 116 27 bevillning
640 339 69 21 under
719 338 169 29 finansperioden

67 368 145 22 1901—1904.

135 499 116 27 Föredrogs
275 505 26 15 en
327 499 46 21 frän
398 499 154 22 statsutskottet
576 499 32 22 till
633 500 25 20 hr
673 499 122 21 talmannen
811 499 77 21 anländ

66 527 115 27 skrifvelse,
196 527 125 28 sälydande:

145 617 116 21 FINLANDS
273 614 120 24 STÄNDERS

85 659 371 25 STATSUTSKOTT.

178 729 183 36 HELSINGFORS
495 756 3 4 N

315 778 4 4 N
476 756 40 21 Till
531 756 184 28 borgareständets
730 756 85 26 talman,
831 756 47 21 herr

141 778 34 18 den
191 778 25 18 19
233 778 85 22 februari
336 778 56 18 1900.
505 785 178 21 bankdirektören
699 785 60 21 Felix
774 784 82 22 Heikel.

232 858 33 18 N:o
277 858 28 18 25.

133 915 93 22 Härmed
242 916 37 21 har
295 916 153 21 statsutskottet
463 918 51 19 äran
529 916 98 21 meddela
643 918 29 19 att
688 916 106 26 utskottet,
806 916 5 20 i
824 916 65 27 enlig-

65 944 36 21 het
116 944 47 21 med
179 945 48 20 herr
242 945 133 20 talmannens
391 945 73 20 därom
480 945 73 27 gjorda
567 945 84 27 förslag,
662 945 33 21 för
706 945 183 27 borgareständets

65 973 167 27 kanslipersonal]
254 973 68 21 under
344 973 144 21 innevarande
507 973 102 28 landtdag
624 973 91 22 faststält
729 973 93 28 följande
838 972 51 22 aflö-

65 1001 80 28 ningar,
160 1002 116 27 nämligen:

202 1059 33 20 för
249 1059 158 20 sekreteraren.
438 1075 4 4 .
473 1075 3 4 .
507 1075 4 4 .
542 1075 4 4 .
576 1076 4 3 .
611 1059 61 26 1,000
688 1059 65 26 mark,

203 1087 32 21 för
250 1087 96 21 notarien
371 1103 1 5 .
402 1104 4 3 .
437 1104 3 3 .
472 1104 4 4 .
506 1104 4 4 .
541 1104 3 4 .
575 1104 4 3 .
630 1088 41 20 300
687 1087 64 25 mark,

66 1143 143 22 hvarförutom
232 1144 101 21 utskottet
355 1144 33 21 för
412 1144 27 21 de
460 1147 78 18 tvänne
553 1145 22 20 af
589 1145 84 20 ståndet
689 1146 91 26 antagpa
797 1143 92 22 vaktmä-

66 1173 83 20 starena
164 1172 90 21 bestämt
276 1178 26 15 en
318 1173 94 27 aflöning
427 1173 21 20 af
464 1173 40 21 100
520 1173 65 27 mark,
601 1173 30 21 alt
646 1173 135 27 mänatligen,
796 1172 93 20 räknade

65 1200 47 21 frän
128 1200 67 27 dagen
210 1201 34 21 för
258 1201 140 27 landtdagens
413 1201 205 26 sammanträdande,
634 1201 40 21 den
688 1202 27 20 23
725 1203 72 19 senast
808 1200 83 28 gängna

65 1229 88 27 januari,
168 1229 55 21 intill
239 1230 133 20 densammas
388 1230 48 26 slut,
451 1230 33 21 för
499 1230 96 21 notarien
611 1230 54 20 dock
680 1230 47 20 frän
742 1229 41 21 den
800 1229 41 27 dag
849 1229 42 21 han

65 1257 116 27 anstäldes;
204 1258 121 21 härutöfver
347 1258 130 22 tillkommer
498 1258 94 22 ständets
607 1258 129 21 sekreterare
753 1258 89 21 särskild
857 1264 33 14 er-

65 1286 94 28 sättning
181 1286 33 21 för
237 1287 231 27 renskrifningsarbete,
489 1294 45 14 som
558 1287 135 21 förekommit
711 1287 65 21 innan
793 1286 96 21 notarien

64 1314 39 21 hos
119 1315 83 21 ständet
224 1315 112 27 anstäldes,
357 1316 117 27 hvarjämte
489 1316 154 20 statsutskottet
658 1316 56 20 velat
728 1314 111 22 framhälla
860 1316 31 19 att

65 1343 94 21 ständets
182 1344 140 21 vaktmästare
338 1344 80 27 åligger
434 1346 44 19 mot
492 1344 89 21 särskild
597 1344 117 28 ersättning
729 1344 84 27 betjäna
829 1343 61 21 hvar-

65 1372 51 21 dera
131 1374 29 18 ett
175 1372 21 21 af
211 1372 27 21 de
253 1372 22 21 af
289 1372 128 28 landtdagen
434 1372 86 22 tillsatta
536 1373 85 21 utskott.

133 1400 40 21 Till
195 1400 112 22 aflönande
327 1401 22 21 af
364 1401 40 21 den
420 1401 39 21 hos
474 1401 173 27 borgareständet
662 1401 95 21 anstälda
774 1400 117 27 stenograf-

65 1429 124 27 personalen
210 1430 39 20 har
271 1430 154 20 statsutskottet
448 1430 90 27 anslagit
557 1432 30 19 ett
602 1430 76 27 belopp
693 1430 21 20 af
730 1430 63 26 3,850
808 1428 60 22 mark
883 1428 8 21 i

65 1457 112 26 mänaden,
199 1460 30 19 att
251 1458 50 26 utgä
323 1458 68 21 under
410 1458 171 27 landtdagstiden
603 1458 46 21 frän
665 1458 41 21 den
723 1458 40 27 dag
779 1458 26 20 dä
821 1459 70 19 steno-

65 1485 98 27 graferna
184 1486 66 21 första
272 1485 82 28 gängen
378 1486 54 21 varit
447 1487 7 20 i
469 1487 134 20 värksamhet
617 1486 56 21 intill
688 1486 139 27 landtdagens
843 1485 50 25 slut,
