1086 1731
43 111 14 16 9
70 115 63 13 mars.
358 101 199 35 Notariatväsende.
830 104 41 21 251

43 179 122 26 anledning,
188 181 32 18 att
242 178 71 27 någon
336 178 66 21 visste
420 178 92 27 upplysa
532 180 31 19 att
578 178 217 27 medicinalstyrelsen
812 179 6 20 i
834 179 38 21 sitt

45 207 109 21 utlåtande
179 213 35 15 om
236 206 85 22 flickors
342 206 132 22 anställande
496 206 13 21 ä
526 206 78 27 apotek
625 206 54 22 hade
703 207 107 27 begagnat
824 207 48 26 just

44 236 59 20 detta
118 235 90 27 uttryck.
239 235 60 21 Dock
314 237 45 19 tror
372 235 37 27 jag
425 235 65 21 också
510 237 32 19 att
556 235 36 21 det
602 235 69 21 finnes
683 236 25 20 de
719 236 57 20 inom
788 236 82 20 utskot-

44 266 37 23 tet,
96 264 72 21 hvilka
182 270 52 14 vore
248 264 67 20 rädda
329 265 32 19 att
376 265 57 19 stöta
448 264 36 21 det
500 264 95 21 starkare
610 264 71 25 könet,
697 270 34 15 om
743 270 49 15 man
803 264 68 21 skulle

44 292 109 27 medgifva
175 294 31 19 att
227 292 93 21 kvinnan
339 292 7 20 i
364 292 114 21 allmänhet
503 292 37 21 har
555 292 173 27 ordningssinne.
758 292 49 21 Men
824 299 46 15 som

40 321 40 27 jag
95 323 66 24 gärna
177 320 34 22 vill
228 320 107 28 medgifva
355 323 33 19 att
401 320 94 22 kvinnan
511 320 37 22 har
561 321 166 27 ordningssinne
744 321 38 21 och
794 323 31 19 att
836 321 34 21 det

44 350 97 20 däremot
156 349 69 21 finnas
241 349 77 27 många
334 349 63 21 bland
413 349 34 21 det
464 349 95 21 starkare
574 349 71 26 könet,
661 349 72 21 hvilka
748 349 66 22 sakna
829 350 41 25 det,

44 378 25 21 sä
84 378 68 21 skulle
165 378 37 27 jag
218 378 63 21 också
295 378 52 26 yrka
362 380 30 18 att
409 378 106 26 uttrycket
532 378 17 21 »i
565 378 77 21 smätt»
662 378 113 21 utlämnas.

114 436 32 20 Hr
162 435 161 21 Wasenius:
355 434 40 22 Om
418 441 49 15 man
491 442 29 14 nu
541 435 68 21 måste
628 434 71 22 frukta
718 437 30 19 att
764 437 57 19 stöta
836 435 36 21 det

44 464 93 26 manliga
152 463 175 27 ordningssinnet
343 469 75 21 genom
435 465 31 19 att
481 463 107 27 medgifva
602 466 33 19 att
649 464 65 21 också
728 464 93 21 kvinnan
833 464 39 21 har

43 492 173 27 ordningssinne,
240 492 24 21 så
286 492 69 21 skulle
372 492 39 26 jag
431 491 79 22 föreslå
524 494 31 19 att
570 498 49 15 man
636 492 69 21 skulle
720 494 74 25 spärra
810 492 62 21 ordet

43 520 82 22 hennes
145 520 39 22 och
207 520 89 22 sålunda
316 520 76 22 endast
408 520 111 22 framhålla
535 521 80 21 hennes
631 521 165 27 ordningssinne
813 521 6 20 i
834 521 37 21 all-

44 549 92 21 mänhet.

114 606 69 21 Sedan
207 606 149 22 diskussionen
380 607 52 21 härå
453 607 113 21 förklarats
585 606 98 22 afslutad,
701 607 67 20 beslöt
786 606 86 21 ståndet

45 634 113 26 godkänna
174 635 115 21 utskottets
305 635 55 21 kläm
376 642 13 15 å
404 636 38 21 sid.
458 635 14 21 4
485 635 6 21 i
507 635 148 21 betänkandet.

113 691 136 22 Beträffande
273 692 155 21 betänkandets
451 692 129 27 motivering
602 691 124 22 framstälde
742 692 24 21 hr
782 691 88 21 talman-

44 725 41 15 nen
102 720 31 21 till
149 720 95 21 ståndets
260 721 133 21 besvarande
408 720 93 27 följande
516 720 292 27 omröstningsproposition:

114 776 39 27 De,
169 777 75 20 hvilka
257 777 117 28 godkänna
389 777 113 22 utskottets
518 777 132 27 motivering
660 777 140 27 oförändrad,
811 779 59 18 rösta

37 805 42 27 ja;
96 805 31 26 de,
143 805 35 21 det
192 805 46 22 icke
251 808 59 25 göra,
325 808 61 19 rösta
401 806 48 27 nej;

113 833 80 22 vinner
207 834 43 27 nej,
266 834 42 21 har
326 834 177 27 borgareståndet
518 834 89 21 beslutit
622 836 33 19 att
669 835 67 20 orden
753 834 21 20 »i
788 833 80 22 smått»

43 862 15 20 A
73 862 40 21 sid.
130 863 15 20 3
160 863 9 20 i
184 863 142 20 betänkandet
341 863 61 21 skola
417 870 29 13 ur
460 863 159 27 motiveringen
636 863 58 27 utgå.

113 919 165 27 Propositionen
302 920 127 21 besvarades
453 921 48 20 med
522 919 157 28 öfvervägande
701 920 39 27 nej,
756 920 39 21 och
818 919 54 22 hade

44 947 87 22 ståndet
147 948 82 21 således
240 949 88 21 beslutit
337 951 32 18 att
379 955 25 14 ur
415 949 117 21 utskottets
544 949 129 26 motivering
684 949 66 20 orden
764 949 17 20 »i
792 948 76 21 smått»

43 976 14 21 å
72 976 68 27 tredje
155 977 65 21 raden
236 977 6 21 i
258 977 65 21 andra
339 977 81 27 stycket
436 977 13 21 å
464 977 38 21 sid.
519 977 13 20 3
548 977 6 20 i
570 977 144 21 betänkandet
729 977 68 21 skulle
813 977 58 26 utgå.

115 1113 66 22 Bland
206 1114 95 21 ståndets
323 1115 137 20 medlemmar
476 1115 54 20 hade
546 1114 92 21 utdelats
655 1115 39 21 och
711 1115 113 21 bordlades
840 1114 32 21 till

44 1143 62 20 nästa
121 1142 96 27 plenum:

114 1199 152 26 lagutskottets
282 1200 133 21 betänkande
430 1207 34 14 n:o
481 1201 13 20 2
510 1201 6 20 i
532 1201 115 26 anledning
658 1200 23 21 af
689 1203 29 19 ett
730 1201 31 20 till
771 1201 100 26 borgare-

44 1227 87 22 ståndet
145 1227 117 22 inlämnadt
278 1229 212 26 petitionsmemorial
507 1235 34 14 om
557 1229 111 21 införande
683 1229 23 21 af
719 1231 29 19 ett
764 1228 108 23 ordnadt

45 1255 215 23 notariatväsende
276 1257 9 21 i
301 1256 115 27 Finland;
434 1260 53 18 samt

113 1313 44 26 lag-
181 1313 38 21 och
243 1313 217 22 ekonomiutskottets
483 1313 80 28 förslag
581 1315 31 20 till
629 1314 208 27 sammanjämkning
852 1313 22 22 af

43 1341 104 21 etåndens
158 1341 121 27 skiljaktiga
290 1342 70 21 beslut
370 1343 35 20 vid
416 1343 156 26 behandlingen
583 1343 23 21 af
615 1343 115 21 utskottets
739 1342 134 22 betänkande

45 1376 34 14 n:o
97 1370 9 20 1
123 1370 7 20 i
145 1370 115 26 anledning
274 1370 23 21 af
311 1370 26 21 H.
353 1370 25 21 K.
394 1370 50 22 M:ts
460 1371 77 27 nådiga
552 1372 134 26 proposition
699 1371 111 27 angående
820 1373 53 25 reg-

46 1397 82 28 lering
143 1398 28 22 af
190 1398 160 22 klockarenas
366 1398 46 23 och
428 1399 192 27 orgelnisternas
635 1400 10 21 i
660 1399 96 22 landets
772 1404 102 22 evange-

45 1425 190 23 lisk-lutherska
250 1426 176 28 församlingar
440 1427 115 28 aflöning.
